4032 6586
448 502 583 567 1519

1701 501 2011 564 LEONTII
2055 499 2470 561 BYZANTINI?

3571 480 3591 544 1
3603 481 3714 545 520

444 617 653 687 pariter
682 614 854 684 ﬁgura
897 626 952 670 et
987 614 1199 685 species
1227 612 1470 683 lapidum
1508 625 1563 670 et
1595 614 1873 684 lignorum
1904 628 2023 683 spe-
2050 661 2059 674 ι

2163 613 2312 685 ,ερῶν
2371 609 2483 682 εἶχε
2533 609 2671 664 κατᾶ
2727 625 2889 678 φυσιν
2917 624 2934 640 ο
2961 604 3164 675 ὁμοίως
3209 620 3270 656 τε
3320 601 3383 653 τὸ
3430 598 3528 652 τοῦ
3558 600 3713 650 οἷκου

446 710 587 762 ciem
610 716 866 776 superat;
892 706 983 760 hic
1003 721 1222 775 quoque
1244 707 1486 760 occurrit
1509 705 1750 760 hominis
1776 704 2026 760 definitio

448 796 660 866 aliquid
691 795 926 861 amplius
955 795 1195 850 oﬂ‘erens
1223 795 1419 849 anima:
1450 803 1506 850 et:
1533 795 1784 864 corporis
1828 794 2028 849 deﬁni-

452 891 627 946 tione,
653 888 1044 943 mortalitatem
1070 887 1282 943 scilicet
1303 904 1425 960 qua:
1448 887 1516 942 ad
1541 898 1794 943 neutram
1817 897 2030 959 partem

455 981 510 1036 in
557 993 618 1037 se
669 990 944 1050 sumptam
1002 981 1261 1051 pertinet,
1313 987 1374 1034 ut
1421 980 1585 1036 etiam
1640 981 2030 1046 risibilitatem,

455 1073 798 1129 llebilitatem
825 1082 881 1127 et
909 1073 1110 1127 similia
1138 1072 1268 1127 hinc
1291 1073 1546 1142 propria;
1580 1071 1932 1126 manifestum
1951 1081 2037 1126 est

457 1174 643 1222 autem
713 1164 956 1220 hominis
1006 1165 1176 1220 totius
1224 1164 1603 1220 deﬁnitionem
1653 1169 1710 1218 et
1763 1164 2035 1217 rationem

457 1259 772 1316 necessario
791 1257 1058 1314 excedere
1093 1257 1586 1312 consubstantialia
1619 1256 1856 1326 partium
1891 1257 2035 1326 ejus,

459 1352 514 1406 id
551 1361 636 1407 est
672 1353 885 1407 animas
915 1359 970 1406 et
998 1359 1231 1421 corpora
1266 1350 1320 1404 in
1353 1365 1412 1406 se
1443 1359 1694 1420 sumpta;
1725 1346 2040 1404 necessario

459 1461 681 1516 quoque
738 1459 1008 1500 numerus
1054 1459 1228 1498 :nam
1279 1443 1415 1498 illud
1466 1459 1632 1499 omne
1697 1443 2042 1498 numerabile

461 1536 608 1606 quod
638 1543 726 1591 est
756 1545 950 1590 totum.
987 1535 1043 1590 Si
1073 1550 1204 1605 ergo
1245 1544 1431 1605 partes
1456 1542 1513 1590 et
1537 1535 1710 1588 totum
1740 1535 1793 1589 in
1823 1534 2042 1590 Christo

463 1628 673 1691 dicitis,
707 1627 986 1697 inquiunt,
1035 1626 1499 1698 quemadmodum
1541 1642 1608 1682 ex
1627 1626 1786 1682 vobis
1819 1627 2041 1697 quidam

466 1717 654 1772 dicere
689 1727 818 1774 sunt
855 1718 1209 1788 deprehensi,
1244 1719 1425 1790 primo
1457 1718 1681 1789 quidem
1710 1723 1884 1774 totum
1909 1719 2044 1773 illud

467 1810 746 1864 diuersum
796 1811 903 1866 erit
935 1826 964 1865 a
996 1810 1282 1866 dii'initate
1313 1809 1368 1866 et
1397 1812 1763 1877 humanitate,
1795 1811 2046 1882 partibus

469 1903 609 1974 ejus,
637 1910 698 1956 ut
727 1903 1102 1968 ostendimus;
1124 1895 1345 1968 deinde,
1375 1909 1485 1958 non
1510 1905 1716 1975 posset,
1740 1903 2042 1959 secundum

2130 707 2231 775 σχῆ
2243 722 2318 776 μα
2351 705 2447 758 καὶ
2480 704 2643 767 εἶδος,
2673 700 2768 754 τοῦ
2799 717 2859 752 τε
2883 698 2994 751 τῶν
3023 699 3082 750 ὲν
3113 694 3262 765 αὐτῷ
3293 694 3458 746 λίθων
3487 691 3585 744 καὶ
3623 689 3718 752 Εὑ-

2127 797 2237 850 λων
2269 796 2652 867 παρήλλακται
2678 810 2693 825 ’
2728 792 3054 860 ὲπεισῆκται
3078 789 3186 858 γὰρ
3218 785 3428 847 τούτοις
3462 785 3558 836 καὶ
3589 782 3717 835 τόδε

2131 886 2287 940 τοῦδε
2323 884 2615 958 ἀνθρώπου
2641 887 2670 938 ὁ
2695 885 2841 955 ὅρος,
2877 879 2971 934 τοῦ
2995 898 3057 933 τε
3091 879 3342 950 σώματος
3378 875 3474 929 καὶ
3497 873 3592 928 τοῦ
3615 873 3720 942 τῆς

2133 977 2312 1048 ψυχῆς
2340 978 2464 1048 ὅρου
2493 976 2678 1029 πλεῖόν
2703 994 2756 1028 τι
2789 975 3086 1035 δείκνυσιν,
3109 964 3222 1024 οἷον
3249 969 3312 1021 τὸ
3331 966 3548 1037 θνητὸν,
3579 965 3721 1038 ὅπερ

2135 1069 2308 1123 οὐδενὶ
2343 1069 2450 1121 τῶν
2483 1070 2603 1122 κατ’
2634 1067 2764 1120 αὐτὸ
2792 1065 2978 1136 μερῶν
3013 1063 3122 1134 ἰδίᾳ
3146 1059 3531 1131 προσάπτεται
3559 1073 3575 1086 ο
3611 1055 3724 1109 ῶσ-

2137 1177 2243 1231 περ
2295 1159 2415 1211 οὐδὲ
2461 1159 2523 1210 τὸ
2570 1156 2913 1225 γελαστικὸν,
2967 1154 3002 1223 ἢ
3076 1149 3424 1212 κλαυστικὸν,
3489 1148 3588 1201 καὶ
3648 1145 3724 1198 τά

2136 1251 2316 1305 τοιάδε
2394 1243 2559 1302 αὐτοῦ
2617 1248 2751 1301 ἴδια.
2819 1246 2992 1316 Δῆλον
3047 1244 3106 1297 δὲ
3161 1244 3244 1296 ὅτι
3305 1241 3400 1294 καὶ
3454 1239 3596 1309 πρὸς
3651 1238 3726 1291 τὰ

2138 1345 2246 1398 τῶν
2293 1341 2475 1413 μερῶν
2526 1341 2691 1396 αὐτοῦ
2745 1340 3060 1404 ἰδιαζόντως
3112 1339 3398 1409 ὁμοούσια,
3425 1337 3596 1406 ἦγουν
3623 1333 3728 1395 τὰς

2141 1435 2304 1497 ἄλλας
2330 1432 2505 1504 ψυχάς
2537 1432 2641 1502 ἰδίᾳ
2663 1431 2759 1486 καὶ
2787 1431 3038 1500 σώματα,
3067 1428 3382 1496 ἀναγκαίως
3406 1422 3731 1496 παραλλάσ-

2144 1546 2228 1581 σοι
2279 1526 2343 1580 ἂν
2364 1527 2392 1579 ὁ
2433 1522 2529 1578 τοῦ
2556 1524 2678 1577 ὅλου
2710 1522 2875 1577 αὑτοῦ
2905 1520 3194 1592 ἀνθρώπου
3231 1519 3356 1589 ὅρος
3387 1519 3487 1571 καὶ
3515 1517 3673 1585 λόγος
3706 1532 3726 1548 ο

2142 1598 2202 1684 ἐξ
2230 1619 2474 1685 ἀνάγκης
2506 1611 2563 1668 δὲ
2595 1615 2689 1669 καὶ
2713 1616 2742 1668 ὁ
2769 1615 3006 1686 ἀριθμός
3033 1630 3049 1645 ο
3087 1611 3392 1684 ἀριθμητὸν
3432 1609 3546 1678 γὰρ
3585 1607 3730 1661 πάν-

2143 1729 2253 1774 τως
2306 1709 2360 1763 τί
2408 1711 2577 1771 ἐστιν,
2609 1707 2754 1777 εἴγε
2799 1705 3049 1761 ὁπωσοῦν
3082 1705 3198 1757 ἐστί
3236 1721 3291 1756 τι
3323 1702 3384 1755 το
3416 1702 3539 1755 ὅλον
3575 1699 3734 1768 λεγόο

2151 1821 2332 1875 μενον.
2369 1802 2433 1856 Εἰ
2465 1799 2558 1855 οὖν
2595 1801 2737 1872 μέρη
2765 1818 2826 1854 ἰε
2853 1795 3040 1867 λέγετε
3066 1799 3164 1852 καλ⁵
3195 1797 3317 1850 ὅλον
3340 1795 3432 1849 ἐπὶ
3459 1792 3732 1865 Χριστοῦ,

2147 1891 2332 1954 καθώς
2385 1905 2530 1952 τινες
2584 1889 2752 1960 ὑμῶν
2783 1888 3200 1958 άπεφάνθησαν,
3236 1888 3396 1953 φαῖεν
3420 1885 3485 1938 ἄν
3521 1901 3536 1914 ·
3575 1884 3736 1936 ἔσται

471 1995 642 2050 totius
671 1997 940 2051 rationem
961 1985 1368 2062 connumerari,
1397 2001 1654 2068 tanquam
1679 1995 2046 2052 consubstan-

2163 1979 2362 2050 πρῶτον
2401 1980 2499 2049 μὲν
2535 1977 2792 2050 θεότητός
2847 1995 2908 2030 τε
2964 1977 3130 2047 οὔσης
3165 1977 3261 2029 καὶ
3304 1973 3738 2046 ἀνθρωπρτητος

471 2086 714 2149 tialibus,
741 2089 978 2157 partium
1001 2098 1222 2142 suarum
1246 2089 1845 2155 consubstantialibus;
1868 2103 2048 2158 neque

475 2179 623 2233 Patri
676 2186 857 2249 neque
905 2175 1062 2234 Matri
1121 2189 1316 2235 natura
1361 2180 1558 2235 Similis
1608 2181 1720 2235 erit
1760 2181 2046 2245 Dominus,

474 2271 780 2325 secundum
818 2273 992 2325 totum
1023 2271 1176 2342 ejus;
1211 2273 1305 2326 sed
1336 2288 1514 2342 neque
1565 2273 1620 2326 in
1651 2289 1886 2328 numero
1921 2273 2050 2342 Tri-

474 2361 666 2416 nitatis
689 2361 890 2416 divina:
919 2363 1133 2419 ratione
1166 2365 1335 2419 totius
1377 2372 1436 2418 ut
1466 2364 1825 2419 numerabilis
1857 2365 2048 2429 totius,

477 2453 872 2521 comprehendi
911 2463 1118 2523 posset,
1169 2455 1303 2524 quin
1339 2454 1764 2524 quatern‘itatem
1817 2454 2048 2523 efﬁciat;

474 2544 624 2612 quod
656 2546 701 2599 si
733 2544 988 2600 Trinitati
1021 2549 1473 2612 connumerctur,
1516 2563 1636 2601 eam
1669 2547 1772 2602 sibi
1805 2548 1915 2617 jam
1941 2565 2050 2602 non

476 2637 1001 2693 consubstantialem
1041 2637 1235 2704 faciet;
1294 2638 1388 2693 sed
1444 2639 1546 2693 etsi
1582 2639 1866 2694 hominum
1910 2641 2055 2694 mul-

477 2726 702 2781 titudini
746 2736 1152 2794 numeraretur,
1197 2743 1318 2783 eam
1364 2744 1471 2783 non
1515 2728 1740 2785 habebit
1771 2731 1876 2786 sibi
1919 2747 2056 2786 con.

481 2812 903 2875 substantialem
928 2821 999 2875 ob
1023 2821 1270 2876 eamdem
1301 2820 1592 2876 rationem.

549 3084 657 3142 Sed
694 3085 893 3151 sciant,
929 3085 973 3141 si
1005 3087 1120 3142 lucc
1152 3087 1440 3142 nobiscum
1473 3085 1687 3153 dicunt,
1720 3086 1897 3156 primo
1930 3085 2056 3155 qui-

479 3178 606 3234 dem
631 3179 822 3235 Patres
854 3187 1094 3243 nostros,
1122 3176 1210 3233 bis
1228 3179 1564 3240 Hominibus,
1596 3178 1650 3232 id
1677 3188 1780 3242 est,
1809 3178 2057 3248 partibus

2148 2072 2256 2126 τῶν
2305 2073 2488 2143 μερῶν
2533 2071 2595 2124 τὸ
2642 2070 2759 2124 ὅλον
2792 2069 2982 2140 ἕτερόν
3019 2086 3072 2121 τι
3107 2067 3260 2139 παρὰ
3287 2067 3492 2129 ταύτας
3521 2063 3738 2118 δεικνῦο

2153 2182 2314 2235 μενον
2337 2165 2489 2234 ἡμῖν.
2523 2160 2657 2217 Εἶτα
2687 2161 2764 2228 δὲ,
2798 2159 2922 2216 οὔτε
2950 2161 3167 2215 δύναιτο
3190 2161 3279 2228 ἂν,
3309 2159 3451 2213 κατὰ
3497 2159 3592 2211 τὸν
3635 2157 3735 2210 τοῦ

2150 2256 2274 2308 ὅλου
2304 2255 2431 2326 ὅρον
2457 2253 2531 2316 ὡς
2568 2254 2878 2325 ὅμοουσίοις
2913 2252 3304 2307 συντάττεσθαι
3335 2253 3449 2314 τοῖς
3482 2250 3594 2303 τῶν
3637 2267 3735 2320 με-

2155 2346 2262 2420 ρῶν
2316 2343 2793 2415 ὁμοουσίοις,οὕτε
2849 2344 2929 2416 τῷ
2991 2346 3168 2415 Πατρὶ
3220 2342 3346 2396 οὔτε
3388 2345 3453 2413 τῇ
3490 2343 3683 2418 Μητρὶ
3709 2338 3759 2394 5‘

2155 2441 2356 2511 Κύριος
2386 2441 2570 2509 ὅμοιος
2611 2439 2764 2492 ἔσται
2812 2439 2990 2506 φύσει,
3025 2439 3166 2491 κατὰ
3219 2438 3282 2491 τὸ
3341 2437 3463 2490 ὅλον
3514 2435 3737 2497 ἑαυτοῦ,

2141 2534 2402 2589 ’ἁλλόὺδὲ
2427 2536 2505 2604 τῷ
2534 2536 2630 2606 τῆς
2661 2534 2812 2597 Θείας
2840 2534 3074 2603 Τριάδος
3105 2533 3326 2604 ἀριθμῷ
3354 2531 3497 2586 κατὰ
3524 2531 3619 2584 τον
3644 2531 3742 2584 τοῦ

2155 2629 2279 2681 ὅλου
2306 2627 2381 2691 ὡς
2413 2628 2536 2680 ὅλου
2589 2622 2894 2697 ἀριθμητοῦ
2957 2625 3136 2692 λόγον,
3169 2624 3540 2691 συλλογίζοιτο
3571 2623 3660 2684 ἂν,
3694 2622 3743 2673 εί

2159 2721 2235 2792 μὴ
2297 2717 2528 2792 τετράδα
2587 2723 2764 2773 ποιεῖ’
2796 2718 2921 2773 οὔτε
2981 2720 3036 2772 δὲ
3070 2718 3360 2790 ὁμοοὺσιον
3401 2717 3482 2770 ἔτι
3533 2719 3744 2783 ταὺτην

2158 2815 2323 2883 ἑαυτῇ
2360 2813 2536 2884 πάντη
2568 2812 3078 2883 συναριθμούμενος
3119 2811 3285 2875 δείξει
3320 2828 3335 2841 ο
3363 2807 3481 2863 ἀλλ’
3509 2807 3632 2861 οὐδὲ
3665 2805 3746 2874 τῷ

2157 2905 2258 2974 τῆς
2288 2901 2634 2976 ἀνθρωπείας
2664 2897 2903 2972 πληθύος
2929 2903 3214 2972 καταλόγῳ
3236 2903 3286 2954 εί
3311 2898 3702 2968 συναριθμοῐτο
3726 2936 3742 2960 ,

2157 2994 2443 3066 ὁμοούσιον
2471 2994 2583 3058 ἕξει
2618 2995 2727 3046 πᾶν
2759 2994 2874 3046 τόδε
2898 2990 2985 3046 διὰ
3018 2993 3084 3046 τά
3113 2991 3276 3048 αὑτά.

2245 3081 2385 3140 Ἀλλ’
2413 3088 2670 3148 ἴστωσαν,
2699 3087 2791 3139 καὶ
2820 3088 2868 3138 εἰ
2897 3085 3072 3153 ταῦτα
3103 3087 3236 3155 ἡμῖν
3262 3084 3570 3150 συνάγοιεν,
3591 3080 3748 3149 1:963-

2159 3197 2253 3234 τον
2285 3179 2385 3251 μὲν
2417 3181 2542 3243 τοὺς
2571 3179 2692 3232 καθ’
2723 3180 2870 3249 ἡμᾶς
2903 3177 3144 3247 πατέρας
3174 3175 3383 3238 τούτοις
3429 3172 3748 3244 χρήσασθαι

479 3277 538 3324 et
571 3278 709 3335 toto,
754 3269 824 3324 de
867 3268 1090 3324 Christo
1135 3269 1372 3323 Domino
1408 3277 1599 3322 nostro
1628 3283 1749 3322 esse
1792 3275 1940 3332 usos,
1989 3265 2055 3322 ad

2163 3273 2274 3332 τοῖς
2331 3273 2610 3341 ὀνόμασιν,
2641 3273 2810 3343 ῆγουν
2846 3270 3028 3342 μερῶν
3060 3271 3154 3322 καὶ
3196 3269 3343 3330 ὅλου,
3383 3268 3477 3320 ἐπὶ
3523 3265 3619 3319 τοῦ
3644 3270 3750 3318 Δε-

481 3360 870 3416 stabiliendam‘
899 3368 1110 3415 tantum
1145 3359 1603 3429 compositionem
1628 3366 1683 3413 et
1707 3360 1772 3413 ad
1801 3360 2056 3430 rejicien-

481 3454 605 3507 dam
637 3461 854 3507 omnem
903 3452 1144 3521 speciem
1183 3451 1564 3520 cujuscunque
1619 3451 1839 3504 unionis
1899 3439 2060 3505 aliter

483 3543 802 3607 intellecta);
833 3550 1097 3612 printerea
1148 3545 1334 3596 veram
1363 3541 1418 3595 in
1447 3539 1688 3606 Christo,
1719 3549 1946 3612 propter
1977 3557 2064 3594 ra-

483 3636 691 3690 tionem
725 3634 1016 3704 utriusque
1049 3641 1243 3688 eorum
1288 3650 1410 3704 quae
1455 3634 1508 3688 in
1536 3650 1603 3689 eo
1641 3650 1762 3689 esse
1802 3634 2063 3689 dicuntur

483 3736 736 3782 naturam
769 3741 889 3781 esse
929 3734 986 3780 et
1019 3725 1249 3797 gratiam
1283 3735 1340 3781 et
1373 3726 1427 3780 in
1457 3725 1762 3781 naturalem
1804 3727 2063 3780 unionem

483 3831 837 3884 concurrere,
871 3819 1014 3872 sicut
1057 3821 1244 3888 partes
1276 3818 1601 3873 naturaliter
1640 3824 1815 3873 totum
1857 3819 2064 3873 consti-

484 3919 684 3976 tuunt;
734 3911 981 3982 insuper,
1040 3927 1109 3966 ne
1163 3910 1253 3967 cui
1315 3911 1480 3966 detur
1532 3912 1689 3966 locus
1748 3912 2065 3982 snspieandi

485 4007 720 4061 alterum
766 4017 958 4062 eorum
1001 4023 1123 4076 qua:
1155 4008 1365 4063 suntin
1393 4007 1616 4064 Christo
1659 4009 1832 4064 altero
1886 4011 2068 4066 minus

485 4113 630 4163 esse,
666 4099 793 4168 quia
829 4101 1002 4153 totum
1036 4115 1146 4154 non
1171 4108 1350 4170 potest
1381 4105 1686 4167 retiiancre,
1722 4103 1973 4172 partibus
2001 4103 2070 4158 ab

488 4187 726 4242 invicem
782 4188 1067 4258 separatis.
1109 4187 1265 4244 Sicut
1311 4197 1495 4244 autem
1531 4191 1984 4261 compositionem
2016 4200 2072 4250 et

489 4283 667 4332 totum
708 4285 765 4333 et
797 4277 1213 4347 permistionem
1267 4289 1323 4334 et
1365 4279 1588 4343 similia,
1625 4281 1681 4333 in
1717 4291 1983 4349 quantum
2017 4283 2072 4336 in

489 4368 714 4424 Christo
747 4369 971 4424 innocui
1009 4369 1269 4439 quodque
1298 4379 1499 4424 nomen
1539 4369 1606 4422 ad
1635 4368 1914 4424 Christum
1947 4387 2073 4442 per-

493 4459 656 4526 tinet,
697 4459 1043 4515 solu-mmodo
1090 4459 1304 4526 dicunt,
1357 4458 1571 4529 siquid
1617 4471 1880 4530 sequatur
1925 4461 2073 4532 quod

492 4553 654 4608 aliter
685 4553 892 4608 sentire
941 4551 1219 4618 videatur,
1254 4567 1365 4606 non
1421 4553 1708 4622 patiuntur
1741 4552 1809 4607 de
1854 4553 1948 4607 illo
1983 4569 2073 4608 se-

2163 3367 2363 3418 σπότου
2396 3365 2552 3434 ἡμῶν
2602 3363 2865 3434 Χριστοῦ,
2901 3362 2991 3417 διὰ
3044 3361 3349 3424 συνθέσεως
3396 3360 3751 3431 παράστασιν

2165 3457 2352 3529 μόνην,
2381 3457 2476 3510 καὶ
2529 3455 2802 3526 ἀποϐολὴν
2859 3456 3041 3525 πάσης
3090 3455 3427 3524 ἐμφάσεως,
3457 3452 3569 3522 τῶν
3617 3450 3750 3504 καθ’

2163 3547 2382 3620 ἐτέρους
2440 3547 2678 3618 τρόπους
2729 3547 3037 3617 λεγομένων
3075 3545 3360 3598 ὲνώσεωνο
3415 3543 3496 3597 ἔτι
3539 3543 3748 3612 μέντοι,

2164 3641 2257 3694 καὶ
2308 3639 2394 3699 διὰ
2427 3640 2485 3693 τὸ
2535 3640 2796 3709 ἑκατέρου
2852 3638 2960 3692 τῶν
3020 3640 3078 3691 ἐν
3151 3637 3372 3708 Χριστῷ
3432 3635 3753 3705 λεγομένων

2165 3727 2328 3792 εἶναι,
2357 3731 2532 3800 άληθῆ
2555 3747 2612 3784 τε
2643 3731 2805 3799 φύσιν
2835 3725 2976 3783 εἶναι
3001 3730 3098 3782 xui.
3138 3729 3420 3798 εὐδόκησιν
3441 3769 3456 3790 ,
3483 3728 3580 3780 καὶ
3609 3727 3752 3796 πρὸς

2169 3824 2402 3896 φυσικὴν
2432 3825 2623 3878 ἕνωσιν
2660 3823 3184 3893 συνδεδραμηκέναι,
3216 3822 3291 3885 ὼς
3330 3821 3498 3892 άμερω
3533 3820 3634 3883 τὰς
3660 3819 3758 3872 οὐ-

2171 3917 2292 3981 σίας
2326 3917 2681 3987 συμπληροῦν
2706 3933 2764 3968 τε
2797 3916 2891 3968 καὶ
2926 3915 3242 3983 ὑφιστάνειν
3288 3912 3509 3983 Χριστῷ
3548 3912 3754 3974 οὕτως,

2170 4007 2357 4078 ὥσπερ
2390 4008 2484 4061 καὶ
2513 4007 2581 4060 τά
2618 4007 2759 4078 μέρη
2792 4005 3036 4073 φυσικῶς
3064 4005 3123 4057 τὸ
3159 4005 3277 4058 ὅλον
3327 4001 3754 4072 ἀπαρτίζουσιν.

2176 4103 2299 4154 Ἔτι
2327 4101 2384 4154 δὲ
2410 4100 2505 4152 καὶ
2531 4098 2608 4168 τῷ
2640 4097 2928 4169 μὴδιὸόναι
2949 4095 3134 4168 χώραν
3150 4094 3526 4164 omenque,
3559 4093 3758 4162 ἕτερον

2173 4195 2359 4264 ἐτέρου
2396 4192 2548 4263 ψιλὸν
2589 4191 2698 4244 τῶν
2735 4191 2790 4242 ἐν
2838 4189 3060 4260 Χριστῷ
3101 4204 3228 4240 ποτε
3261 4183 3400 4240 εἶναι
3448 4184 3762 4251 διαλογίζε-

2175 4288 2322 4349 σθαι,
2348 4286 2537 4356 ὥσπερ
2568 4284 2688 4337 οὐδὲ
2719 4282 2848 4336 ἄνευ
2880 4281 3125 4351 ἀλλήλων
3146 4282 3213 4333 τὰ
3240 4279 3405 4349 μέρη,
3441 4276 3760 4346 σωζομένου

2175 4379 2267 4432 τοῦ
2302 4379 2444 4444 ὅλου,
2475 4377 2602 4430 ποτὲ
2638 4375 2764 4427 ἰδεῖν
2791 4374 2960 4426 ἔστιν·
2996 4372 3112 4426 ἀλλ’
3147 4371 3336 4441 ὥσπερ
3367 4369 3622 4423 σύνθεσίν
3649 4386 3708 4420 τε
3738 4408 3757 4433 ,

2176 4473 2270 4524 καὶ
2286 4471 2424 4532 ἆλον,
2458 4469 2552 4523 καὶ
2572 4467 2894 4537 άνάκρασιν,
2917 4465 3014 4518 καὶ
3046 4464 3114 4517 τὰ
3133 4463 3357 4516 τοιαῦτα
3371 4463 3647 4529 λέγοντες,
3679 4462 3765 4524 εἰς

2177 4555 2300 4616 ὅσον
2351 4562 2463 4632 ἔχοι
2499 4561 2656 4630 μόνον
2690 4559 2920 4620 ἕκαστος
2951 4557 3108 4624 λόγος
3140 4556 3465 4625 ἀδιάϐλητον
3494 4555 3588 4606 ἐπὶ
3624 4555 3767 4623 Χρι-

493 4663 620 4703 cum
648 4647 1024 4715 argumentari
1048 4664 1063 4713 ;
1093 4647 1499 4702 concretionem
1528 4647 1676 4701 enim
1703 4662 1827 4702 cum
1859 4647 2051 4702 dicunt

2182 4654 2329 4720 στοῦ,
2355 4653 2528 4707 ταῦτά
2567 4669 2700 4721 φασι
2728 4667 2741 4680 ·
2775 4647 3158 4719 παρεπόμενον
3186 4665 3238 4699 τι
3264 4647 3474 4708 τούτοις
3497 4647 3546 4698 εἰ
3576 4648 3763 4712 ἀπεμ-

494 4740 727 4794 innuere
794 4748 1006 4794 tantum
1070 4739 1265 4794 volunt
1322 4739 1744 4810 coniunctorum
1814 4739 2070 4810 quodque

493 4831 697 4900 cuique
752 4830 955 4896 inesse,
1006 4845 1118 4884 non
1158 4839 1343 4885 autem
1384 4830 1684 4885 admittunt
1729 4845 2072 4900 consequen-

498 4932 608 4977 tem
644 4921 793 4977 illam
839 4921 1242 4987 confusionem,
1293 4931 1389 4977 aut
1417 4923 1813 4993 proprietatum
1855 4923 2075 4993 opposi-

498 5017 705 5071 tionem
751 5025 847 5071 aut
880 5017 1264 5073 alterationem
1295 5026 1389 5072 aut
1413 5019 1879 5088 permutationem
1913 5019 2078 5074 unius

499 5108 571 5163 ab
619 5109 822 5174 altero;
870 5123 1053 5178 neque
1096 5110 1150 5164 in
1195 5110 1416 5166 Christo
1457 5111 1658 5173 solum,
1688 5111 1782 5166 sed
1810 5129 1988 5184 neque
2022 5113 2078 5167 in

498 5200 698 5254 anima:
722 5208 782 5255 et
812 5199 1060 5270 corporis
1089 5201 1293 5256 unione
1329 5201 1444 5256 haec
1474 5202 1792 5258 admittunt.
1829 5203 2079 5258 Scientes

500 5289 650 5344 enim
701 5290 908 5345 nullam
947 5299 1159 5361 partem
1203 5292 1434 5362 seipsam
1484 5293 1730 5348 adunare
1765 5309 1874 5347 non
1912 5295 2082 5366 magis

501 5382 820 5438 existimant
889 5385 1132 5440 Verbum
1187 5386 1340 5440 carni
1391 5387 1461 5441 ab
1513 5387 1618 5441 alio
1663 5388 1879 5441 unitum
1936 5403 2078 5453 esse,

501 5491 630 5530 cum
659 5477 895 5545 partium
937 5477 1381 5548 coniunctionem
1406 5488 1462 5533 et
1490 5492 1601 5533 uno
1631 5479 1799 5532 verbo
1822 5478 1968 5548 quod
2001 5477 2085 5532 di-

503 5568 648 5646 vinae
691 5568 1089 5639 dispensationi
1139 5586 1250 5625 non
1305 5571 1566 5626 convenit
1619 5571 1926 5635 nominant,
1979 5570 2086 5625 hoc

503 5669 718 5717 tantum
748 5663 1004 5734 rejiciunt
1039 5664 1185 5735 quod
1229 5663 1284 5719 in
1323 5664 1484 5719 dictis
1520 5664 1819 5718 innocuum
1847 5672 1950 5730 est,
1987 5663 2086 5718 toti

501 5754 574 5810 ad
621 5755 1048 5814 elucjdationem
1111 5757 1354 5828 mysterii
1416 5756 1587 5812 divini
1639 5757 1804 5811 nimis
1861 5755 2085 5826 cognitu

506 5845 747 5906 diﬂicilis
778 5850 1037 5920 impensi,
1066 5850 1132 5904 ad
1162 5849 1584 5904 describendmn
1617 5849 2089 5920 incomprehensi-

507 5939 636 5996 bilis
664 5941 825 5997 Verbi
869 5943 1198 6014 imaginem;
1249 5957 1320 5997 ne
1371 5958 1528 5998 mens
1567 5952 1752 6000 nostra
1777 5941 2088 6016 imbecillis

2181 4743 2384 4813 φαίνοι,
2420 4741 2494 4812 μὴ
2522 4740 2942 4810 καταδεχόμενοι
2978 4739 3074 4790 σὺν
3100 4739 3280 4799 αὐτοῖς
3306 4737 3434 4805 περὶ
3473 4734 3640 4787 αἱ,τοῦ
3665 4737 3760 4786 λο⁴

2180 4835 2431 4906 γίζεσθαι
2457 4849 2471 4863 ⁸
2506 4832 2703 4904 κρᾶσίν
2749 4848 2808 4884 τε
2863 4830 2973 4901 γάρ
3029 4829 3304 4898 λέγοντες,
3341 4828 3501 4897 μόνον
3555 4826 3614 4878 τὸ
3651 4828 3764 4880 πᾶν

2182 4929 2322 4982 κατὰ
2357 4926 2555 4988 παντὸς
2586 4919 2725 4977 εἶναι
2754 4923 2862 4976 τῶν
2891 4921 3199 4975 ἑνωθέντων
3233 4921 3519 4989 σημαίνειν
3553 4919 3770 4987 βούλονο

2184 5040 2294 5086 ται,
2321 5021 2420 5090 τὴν
2444 5019 2722 5089 ἑπομένην
2752 5016 2960 5087 ταύτην
2991 5016 3252 5084 σύγχυσιν
3282 5016 3375 5064 καὶ
3405 5014 3513 5064 τῶν
3545 5015 3768 5082 uocati;-

2184 5133 2291 5167 των
2335 5113 2432 5185 τὴν
2464 5112 2781 5166 ἀντίστασιν
2808 5151 2823 5175 ,
2851 5109 2946 5162 καὶ
2978 5108 3076 5178 τὴν
3107 5108 3196 5159 ὑπ’
3227 5107 3475 5176 ἀλλήλων
3505 5105 3615 5157 τῶν
3669 5123 3762 5174 μι-

2187 5225 2285 5276 γνυ
2295 5208 2470 5278 μένων
2499 5205 2716 5259 ἔκλυσίν
2739 5221 2795 5257 τε
2815 5202 2907 5256 καὶ
2930 5200 3214 5255 ἀλλοίωσιν
3238 5201 3297 5253 οὐ
3315 5199 3769 5269 παραδεχόμενοι’

2188 5301 2284 5354 καὶ
2333 5301 2390 5352 οὐ
2431 5299 2590 5369 μόνον
2635 5299 2729 5350 ἐπὶ
2775 5295 3042 5368 Χριστοῦ,
3076 5293 3318 5346 ἁλλόὑδ’
3353 5293 3446 5345 ἐπὶ
3489 5292 3588 5359 τῆς
3629 5291 3772 5343 κατὰ

2191 5394 2350 5463 σῶμα
2384 5392 2477 5446 καὶ
2510 5390 2686 5462 ψυχὴν
2735 5387 2977 5452 ἐνὼσεως
3013 5387 3138 5439 τάδε
3166 5385 3542 5455 προσιέμενοι.
3582 5383 3774 5444 Οὕτως

2191 5485 2432 5556 γὰρκαὶ
2483 5485 2565 5537 ὅτι
2615 5483 2768 5536 οὐδὲν
2811 5482 2977 5536 ἑαυτὸ
3014 5480 3176 5550 μέρος
3203 5477 3516 5547 συντίθησιν
3543 5475 3771 5536 εἰδότες,

2191 5578 2290 5630 οὐκ
2312 5576 2413 5647 ἤδη
2442 5575 2538 5628 καὶ
2566 5575 2653 5645 ὑφ’
2677 5576 2865 5646 ἑτέρου
2894 5571 3214 5641 συντεθῆναι
3237 5571 3325 5623 τὸν
3347 5570 3520 5638 Λόγον
3543 5570 3610 5639 τῇ
3639 5585 3775 5639 σαρ-

2193 5672 2252 5724 κὶ
2286 5668 2575 5739 φρονοῦσιν
2610 5685 2622 5696 ⁸
2660 5668 2782 5720 ἐπεὶ
2815 5666 3068 5720 σύνθεσιν
3105 5666 3289 5735 μερῶν
3318 5663 3651 5733 ὀνομάζουσι
3681 5661 3776 5714 καὶ

2193 5761 2379 5825 ἁπλῶς
2425 5761 2535 5814 πᾶν
2587 5760 2646 5813 τὸ
2700 5759 2775 5831 μὴ
2826 5759 3108 5830 προσῆκον
3138 5759 3234 5810 ἐπὶ
3263 5757 3359 5825 τῆς
3397 5755 3546 5818 θείας
3567 5756 3776 5806 οἰκονο-

2199 5852 2346 5922 μίας,
2366 5849 2836 5914 ἀποσκευάζονται
2865 5848 3025 5920 μόνον
3052 5847 3112 5901 τὸ
3136 5845 3460 5914 ἀδιάϐλητον
3485 5844 3595 5896 τῶν
3618 5843 3776 5909 λεγο-

2198 5943 2416 6017 μένων,
2463 5943 2596 6014 πρὸς
2649 5941 2953 6013 σαφήνειαν
2998 5936 3094 5996 τοῦ
3155 5936 3592 6009 δυσδιαγνὼστου
3651 5933 3772 5988 λίαν
