3916 6568
221 496 354 564 1521

1138 508 1535 573 ADVERSUS
1575 513 2124 578 NESTORIANOS.
2158 538 2229 548 —
2257 510 2404 570 LIB.
2444 509 2494 570 Ι.

3338 507 3477 572 1522

210 611 367 663 θείου
401 610 704 683 μυστηρίου
726 612 1102 682 ἐφελκόμενοι,
1125 613 1212 667 διὰ
1233 615 1332 686 τὴν
1356 615 1547 686 χρείαν
1573 617 1672 684 τῆς
1696 617 1788 672 τοῦ

1906 618 1960 672 le
2005 618 2093 673 his
2131 617 2234 671 sibi
2269 618 2444 673 libere
2493 617 2775 671 mendacia
2819 616 3102 674 efformet:
3148 617 3332 688 itaque
3363 636 3472 672 non

211 703 604 773 ἀκαταλήπτου
631 705 806 774 Λόγου
842 704 1250 771 ὑποτυπώσεως
1277 724 1293 740 ⁸
1325 708 1414 761 ἴνα
1453 707 1528 779 μὴ
1564 710 1792 778 ἀστήρι-

213 810 346 855 κτος
375 795 506 865 ἡμῖν
532 797 560 848 ὀ
581 794 706 859 νοῦς
728 795 826 860 ῶν,
845 799 1116 869 αὑτονομῇ
1143 800 1548 870 φανταζόμενος
1567 801 1635 855 τά
1664 803 1794 872 περὶ

211 881 370 936 τοῦδε
393 900 407 916 ο
443 885 540 938 καὶ
586 887 847 952 πολλάκις
878 887 1015 957 πρὸς
1053 889 1121 942 τά
1163 889 1345 958 πάντη
1374 890 1792 961 ἀπεμιραίνοντα

214 978 350 1046 περὶ
405 977 504 1046 τῆς
548 979 863 1049 οἰκονομίας
907 981 1485 1052 παρατρέπηται,καὶ
1534 984 1794 1048 ἀσεϐείας

211 1068 398 1139 ἑαυτῷ
422 1071 853 1141 ἀναπλάττηται.
876 1073 996 1125 Κάν
1025 1075 1140 1134 τοῖς
1168 1073 1278 1144 γὰρ
1299 1076 1628 1145 κοινοτέροις
1659 1077 1793 1128 πολ-

210 1160 378 1224 λάκις
411 1161 475 1214 ἐκ
509 1179 653 1226 τινος
686 1165 1086 1233 μεταφράσεως
1117 1165 1149 1237 ἢ
1187 1167 1533 1238 ἀναλογία-ςῆ
1561 1171 1796 1239 μερικῆς

210 1251 536 1321 ὁμοιώσεως
581 1252 922 1324 ὀνομάζομέν
967 1272 1091 1308 τινα
1120 1273 1135 1288 ⁸
1167 1256 1262 1309 καὶ
1301 1258 1362 1310 οὐ
1410 1257 1499 1311 διὰ
1529 1258 1669 1320 τόδε,
1701 1259 1795 1311 καὶ

212 1343 395 1396 πάντα
424 1343 494 1396 τά
526 1343 766 1413 ἑπόμενα
795 1345 1029 1410 τούτοις,
1068 1348 1523 1418 συνεκδεχόμεθα·
1556 1350 1617 1401 οὑ
1652 1352 1782 1421 γάρ,

209 1438 344 1490 ἐπεὶ
375 1437 466 1490 τὸν
496 1439 606 1491 ἀπὸ
635 1437 956 1510 σκυθρωποῦ
987 1440 1309 1512 εὑδιώτερον
1339 1444 1479 1513 ἀέρα
1508 1443 1795 1512 γινόμενον

211 1529 446 1597 γελάσαι
504 1530 705 1600 φαμὲν,
739 1531 839 1601 ἤδη
889 1533 983 1586 καί
1032 1533 1169 1590 ζῶον
1207 1535 1530 1602 γελαστικὸν
1563 1535 1624 1589 τὸ
1652 1553 1796 1589 στοι-

211 1621 364 1690 χεῖον
398 1618 539 1675 εἶναι
590 1622 951 1693 ἐγνώκαμενο
986 1625 1127 1697 πλὴν
1179 1627 1227 1678 εί
1287 1627 1380 1680 καὶ
1429 1628 1607 1682 πάντα
1655 1645 1796 1698 συμ-

211 1713 424 1768 ϐαίνειν
459 1715 670 1787 ἀνάγκη
703 1716 772 1769 τά
799 1717 1042 1787 ἑπόμενα
1074 1720 1196 1772 ὅποι
1224 1719 1437 1788 λέγοιτό
1472 1737 1525 1772 τι
1558 1721 1666 1772 τῶν
1698 1721 1798 1773 αὖ·

210 1809 327 1862 τῶν
395 1809 698 1879 ὀνομάτων,
759 1811 874 1863 ἀλλ’
929 1813 1022 1865 ἐπὶ
1085 1813 1324 1883 Χριστοῦ
1396 1814 1568 1868 ταῦτα
1620 1817 1793 1884 ἀναγ-

213 1900 390 1964 καίως
437 1902 536 1972 οὐχ
566 1902 759 1972 ἕψεται
782 1922 796 1936 ·
829 1907 893 1958 ἐκ
933 1905 1069 1965 Θεοῦ
1101 1906 1211 1976 γὰρ
1242 1907 1416 1974 Λόγου
1453 1906 1795 1977 ἀνθρωπείας

1899 709 2085 764 omnia
2133 725 2200 764 ex
2248 710 2334 776 bis
2363 709 2754 779 consequentia
2788 710 3125 780 recipimus;
3165 727 3275 766 non
3303 712 3472 774 enim,

1899 817 2026 856 cum
2091 817 2274 856 aerem
2321 818 2388 857 ex
2439 802 2580 856 tristi
2649 801 2962 856 hilariorem
3024 802 3226 874 factum
3295 804 3475 858 ridere

1900 892 2158 957 dicimus,
2206 908 2314 948 non
2367 908 2433 947 ex
2493 910 2560 947 eo
2627 893 2872 958 risibile;
2919 910 3042 950 esse
3103 895 3304 954 animal
3367 896 3476 950 hoc

1900 987 2234 1040 elementum
2292 987 2656 1051 arbitramur;
2729 986 2825 1044 sed
2864 987 2986 1051 ,etsi
3052 1004 3278 1044 necesse
3329 1001 3478 1053 esset

1901 1079 2085 1133 omnia
2123 1079 2346 1134 realiter
2396 1096 2516 1135 esse
2565 1095 2907 1150 quarcunque
2945 1095 3013 1135 ex
3043 1081 3358 1138 nominibus
3389 1097 3476 1137 se-

1901 1180 2167 1240 quuntur,
2204 1172 2258 1225 in
2291 1172 2512 1228 Christo
2559 1182 2742 1227 tamen
2781 1173 3096 1228 necessario
3137 1190 3249 1228 non
3273 1190 3476 1244 seque-

1901 1273 2077 1318 retur.
2113 1264 2524 1336 Compositione
2557 1266 2702 1321 enim
2743 1267 2863 1338 ejus
2885 1282 2950 1322 ex
2981 1267 3163 1322 Verbo
3196 1277 3252 1322 et
3276 1277 3475 1321 natura

1902 1355 2142 1410 humana
2189 1351 2357 1424 semel
2398 1358 2656 1419 admissa,
2689 1357 2732 1412 si
2767 1368 2948 1413 tamen
2971 1356 3305 1418 concedatur
3351 1371 3475 1409 eam

1902 1446 1990 1500 his
2037 1447 2285 1516 partibus
2341 1464 2471 1502 vere
2502 1457 2778 1513 constare,
2816 1456 2991 1506 totum
3040 1447 3099 1501 in
3145 1462 3207 1502 se
3254 1462 3376 1501 esse
3418 1454 3476 1498 et

1901 1539 2265 1608 compositum
2314 1539 2434 1594 illas
2480 1556 2672 1596 omnes
2723 1539 3144 1609 consequentias
3188 1537 3472 1607 impediet.

1903 1631 2026 1685 Non
2062 1631 2207 1686 enim
2250 1631 2549 1685 absurdum
2591 1640 2771 1701 potest
2820 1631 3069 1701 recipere
3121 1629 3382 1683 divinitas
3419 1637 3476 1682 et

1903 1722 1957 1775 in
2001 1723 2204 1791 quibus
2253 1722 2382 1776 dum
2420 1739 2610 1776 eorum
2642 1738 2764 1792 quae
2803 1732 2993 1776 contra
3021 1736 3121 1775 nos
3148 1729 3277 1776 sunt
3303 1720 3472 1782 dicia.

1901 1830 2021 1868 esse
2073 1814 2542 1884 incompossibilia
2593 1830 2622 1867 a
2674 1813 2834 1867 nobis
2884 1828 3210 1868 concessum
3261 1820 3367 1867 cst.
3413 1812 3472 1864 Si

1901 1907 2047 1959 enim
2092 1907 2159 1961 de
2192 1907 2312 1976 ejus
2336 1906 2686 1976 generatione
2706 1906 3005 1975 loquimur,
3036 1922 3144 1960 non
3175 1913 3475 1960 occurrunt

213 1989 434 2058 φύσεως
495 1993 938 2064 ὁμολογουμένης
983 1995 1148 2048 αὐτοῦ
1190 1997 1289 2065 τῆς
1327 1997 1653 2060 συνθέσεως,
1682 1997 1798 2065 εἴγε

1906 2014 2095 2053 omnes
2158 1999 2564 2068 consequentia:
2635 1999 3053 2069 generationum
3118 2007 3470 2061 nostrarum;
3508 2038 3528 2048 -

209 2086 279 2136 ὲκ
315 2084 536 2138 τοιῶνδε
575 2086 793 2157 ἀληθῶς
841 2084 982 2142 εἴναι
1011 2088 1120 2141 τῶν
1157 2089 1340 2160 μερῶν
1367 2089 1568 2160 δοθείη,
1593 2089 1654 2142 τὸ
1677 2089 1798 2144 κατ’

1906 2107 2084 2160 neque
2121 2091 2175 2146 in
2208 2107 2274 2147 eo
2302 2091 2840 2147 consubstantialitas
2887 2106 3248 2160 personarum
3293 2105 3472 2159 neque

211 2178 381 2232 αὑτὸν
432 2179 572 2243 ὅλον,
611 2180 706 2242 καὶ
732 2179 986 2234 σύνθετον
1020 2175 1162 2234 εἶναι
1210 2180 1442 2238 κωλύσει
1485 2181 1698 2244 πάντως
1729 2179 1797 2234 τά

1906 2182 2249 2251 propriarum
2323 2182 2693 2253 potentiarum
2769 2181 3011 2252 perfecta
3084 2182 3470 2252 personalitas,

207 2270 440 2323 τοιαῦτα
507 2271 1065 2344 παρακολουθήματα.
1111 2273 1520 2342 ’Λπαράδεκτον
1565 2273 1676 2346 γὰρ
1737 2273 1798 2326 τδ

1906 2290 2084 2344 neque
2110 2282 2306 2328 caztera
2331 2273 2570 2343 propria,
2615 2273 2776 2328 nobis
2813 2282 2942 2327 sunt
2979 2273 3200 2327 similia.

125 2381 144 2388 -
211 2363 377 2417 Θείον
409 2365 612 2428 παντὸς
649 2366 854 2420 ἀτόπου
880 2383 893 2396 ο
927 2365 1020 2419 καὶ
1049 2367 1106 2418 ὲν
1139 2368 1255 2428 τοῖς
1283 2366 1481 2438 αὐτοῖς]
1519 2384 1663 2419 τισιν
1731 2361 1874 2418 εἶναι
1909 2366 2018 2418 τῶν
2069 2365 2193 2419 καθ’
2230 2367 2376 2436 ἡμᾶς
2431 2367 2762 2437 λεγομένων,
2805 2368 3154 2437 άσυγκρίτως
3210 2365 3356 2436 ἔχειν
3414 2365 3474 2417 ἐν

209 2455 427 2519 τούτοις
443 2456 580 2526 πρὸς
609 2459 754 2528 ἡμᾶς
792 2457 1162 2527 ὡμολόγηται.
1202 2459 1264 2511 Ei
1315 2458 1424 2528 γάρ
1466 2458 1562 2512 καὶ
1595 2459 1848 2528 γέννησις
1876 2458 2092 2527 λέγεται
2117 2459 2203 2511 ἐπ’
2231 2458 2417 2517 αὑτοῦ.
2451 2457 2566 2511 ἀλλ’
2588 2459 2710 2528 οὐχὶ
2769 2457 2864 2511 καὶ
2925 2457 2996 2510 τὰ
3050 2456 3295 2528 ἑπόμενα
3348 2457 3472 2518 ταῖς

212 2546 341 2604 καθ’
368 2549 518 2617 ἡμᾶς
539 2550 824 2620 γεννήσεσι
850 2567 863 2580 ο
888 2550 981 2602 καί
1005 2552 1063 2603 ὲν
1091 2549 1228 2620 τῷδε
1261 2550 1381 2603 οὐδὲ
1414 2550 1473 2604 τὺ
1510 2549 1795 2620 όμοούσιον
1829 2549 1935 2603 τῶν
1963 2550 2315 2603 ὑποστάσεων
2345 2548 2519 2616 τοῦδε,
2578 2547 2702 2602 οὔτε
2736 2549 2797 2603 τὸ
2856 2548 3333 2620 τελειοπρόσωπον
3363 2546 3473 2600 τῶν

215 2642 408 2696 ίδικῶν
442 2643 750 2713 δυνάμεων,
783 2646 970 2715 ὅμοιον
1000 2648 1152 2716 ἡμῖν,
1180 2646 1300 2700 οὐδὲ
1329 2648 1395 2700 τὰ
1436 2647 1598 2699 λοιπά
1640 2645 1917 2716 ἐξαίρετα.

289 2733 439 2804 Πλὴν
480 2735 618 2788 άλλά
675 2737 767 2789 καὶ
811 2737 1018 2790 τούτων
1070 2737 1518 2807 ὁμολογουμένων
1557 2737 1632 2801 ὡς
1697 2739 1796 2790 οὐκ

215 2825 369 2882 ἔστιν
400 2826 460 2892 ἐξ
493 2826 615 2880 δλου
650 2829 745 2882 καὶ
805 2829 987 2898 μερῶν
1029 2830 1121 2882 ἐπὶ
1148 2829 1386 2900 Χριστοῦ
1443 2830 1750 2900 εἰρημένων
1779 2870 1793 2896 ,

213 2916 532 2980 ἀκολούθως
587 2936 639 2972 τι
694 2919 882 2989 ὅμοιον
924 2921 1057 2990 ἡμῖν
1105 2920 1441 2988 ὲπάγεσθαιῗ,
1481 2920 1796 2992 διανοητέον

217 3009 321 3063 καί
343 3010 492 3063 τάδε.
542 3010 768 3082 Πρῶτον
818 3011 918 3081 μὲν
968 3012 1077 3084 γὰρ
1119 3013 1180 3067 τὸ
1227 3012 1417 3083 λεχθὲν
1468 3013 1793 3084 συμϐαίνειν

217 3103 314 3154 ἐπὶ
339 3102 433 3155 τοῦ
465 3103 528 3156 ὲκ
562 3104 746 3174 μερῶν
775 3104 1230 3175 ὂλουνγινομένου,
1255 3106 1414 3175 δῆλον
1445 3123 1460 3138 ο
1495 3108 1568 3168 ὡς
1608 3108 1656 3160 εί
1701 3108 1795 3161 καὶ

217 3193 443 3247 κατὰτὸ
480 3190 622 3258 εἶδος
653 3190 805 3248 οὖσιν
833 3196 1109 3265 ἀνομοίοις
1140 3201 1253 3260 τοῖς
1283 3197 1474 3267 μέρεσι
1507 3197 1793 3268 συμϐαίνει

215 3286 297 3357 τῷ
331 3287 436 3357 ὅλῳ
460 3287 616 3357 τῷδε,
643 3287 776 3341 ἀλλά
815 3289 1034 3352 πάντως
1059 3290 1200 3342 κατά
1227 3308 1279 3343 τι
1302 3290 1569 3361 προσεχὲς
1601 3290 1632 3360 ἢ
1662 3292 1796 3362 πορο
1824 3337 1868 3398 c

231 3379 682 3398 1,_!_-,-_1,_-_z
866 3379 967 3398 ιη
1098 3380 1109 3393 ο
1344 3381 1495 3398 ..μ
1610 3381 1622 3398 ι
1739 3381 1752 3398 ι

218 3379 450 3447 ρωτέρω
472 3379 628 3446 γένος
659 3379 920 3448 ὁμογενὲς
942 3380 1295 3448 τυγχάνουσι.
1332 3381 1423 3432 Διὸ
1446 3381 1511 3450 δὴ
1540 3381 1631 3433 καὶ
1657 3381 1796 3450 πρὸς

221 3469 477 3521 σύνθεσιν
507 3469 679 3532 εἴδους
711 3468 911 3531 κοινοῦ,
940 3471 1038 3522 οὐκ
1061 3471 1357 3543 ἀλλοτρίως
1379 3471 1536 3542 ἔσχεν
1563 3471 1630 3524 ἂν
1657 3471 1796 3542 πρὸς

217 3561 431 3631 ἄλληλα
485 3563 662 3633 πάντη
697 3578 710 3592 ’
748 3563 842 3616 ἆτε
892 3564 1178 3617 κοινωνίαν
1225 3564 1347 3617 τινὰ
1385 3563 1621 3634 φυσικὴν
1653 3562 1798 3633 ἔχειν

218 3657 368 3710 κατά
411 3673 466 3709 τι
525 3658 679 3726 γένος
708 3674 722 3688 ⁸
785 3659 818 3728 ὴ
883 3657 940 3711 δὲ
989 3660 1083 3710 ἐπὶ
1133 3658 1227 3711 τοῦ
1294 3658 1567 3712 Δεσπότου
1639 3656 1799 3729 ἡμῶν

217 3748 440 3812 ἓνωσις,
481 3749 548 3802 ὲκ
583 3750 692 3803 τῶν
723 3750 898 3819 πάντη
967 3750 1313 3820 ἀνομογενῶν
1377 3752 1516 3804 ἐστι.
1574 3748 1640 3804 Τί
1689 3750 1800 3823 γὰρ

219 3841 434 3910 κυρίως
509 3842 710 3896 οὐσιῶν
788 3843 997 3910 γένος;
1087 3845 1134 3896 εἰ
1203 3843 1262 3896 δὲ
1327 3845 1422 3897 καὶ
1477 3843 1633 3913 γένος
1704 3844 1800 3897 οὐ·

220 3931 350 3994 σίας
422 3933 573 3998 ἐστὶ,
629 3932 680 3985 τί
731 3933 888 4001 γένος
955 3933 1144 3995 οὐσίας
1200 3934 1300 4003 τῆς
1357 3933 1508 3998 θείας
1585 3934 1797 4006 αὐτῆς,

225 4023 368 4096 μετά
437 4027 534 4079 καὶ
575 4026 674 4096 τῆς
735 4027 1084 4096 ἀνθρωπείας
1165 4022 1302 4081 εἶναι
1343 4027 1628 4098 δοθήσεται
1661 4044 1676 4092 ;
1712 4027 1802 4080 ἵνα

218 4116 314 4172 διά
339 4134 459 4170 τινα
487 4118 722 4189 φυσικὴν
757 4119 1100 4188 συγγένειαν,
1133 4119 1227 4172 καὶ
1271 4119 1394 4172 δλου
1427 4118 1572 4181 τινὸς
1603 4117 1764 4187 φύσιν
1784 4157 1802 4184 ,

223 4212 637 4282 συγκιρνάμενα
667 4212 882 4282 ποιήσοι
913 4212 1039 4266 τάδε
1071 4229 1085 4242 ·
1110 4211 1227 4275 πῶς
1253 4207 1346 4266 οῦν
1368 4211 1447 4282 τῷ
1478 4210 1804 4281 συμϐαίνον-

220 4322 275 4357 τι
300 4306 368 4374 τῇ
390 4303 496 4356 τῶν
517 4304 794 4374 ὁμογενῶν
821 4304 1002 4374 μερῶν
1028 4303 1274 4358 συνθέσει
1293 4304 1392 4376 τὴν
1414 4303 1521 4358 τῶν
1544 4305 1808 4376 ἀνομογε-

222 4396 335 4450 νῶν
362 4395 698 4463 ὑπαγάγοιεν
735 4394 981 4448 σύνθεσιν
1009 4413 1024 4460 ;
1055 4397 1158 4454 ,καὶ
1192 4395 1269 4458 ὡς
1336 4396 1637 4463 ἀναγκαῖον
1669 4395 1804 4468 ἡμῖν

224 4487 612 4555 συναγάγοιεν,
653 4486 714 4539 τὸ
765 4487 878 4540 δεῖν
921 4487 1138 4550 πάντως
1189 4487 1419 4541 ἕπεσθαι
1462 4487 1641 4540 τοῖσδε
1687 4488 1804 4549 τοῖς

222 4576 584 4646 ἀνομογενέσι
617 4576 858 4646 Χριστοῦ
909 4577 1155 4646 μέρεσιν,
1187 4578 1363 4630 ἐκεῖνο
1388 4576 1416 4629 ὃ
1459 4579 1572 4638 τοῖς
1602 4578 1804 4645 ὁμογε-

1972 2735 2249 2796 Attamen,
2282 2748 2405 2796 cum
2441 2731 2646 2787 fuerint
2694 2732 2928 2788 confessi
2975 2731 3043 2788 de
3091 2731 3315 2787 Christo
3359 2747 3471 2787 non

1902 2825 2074 2880 fuisse
2103 2825 2312 2880 dictum
2341 2823 2486 2893 quod
2520 2839 2587 2878 ex
2616 2832 2730 2879 toto
2777 2831 2834 2878 et
2869 2823 3122 2894 partibus
3158 2823 3347 2888 fuerit,
3387 2822 3471 2877 in-

1901 2917 2230 2989 quirendum
2275 2917 2406 2988 quid
2453 2917 2613 2973 nobis
2659 2922 3063 2987 consequenter
3091 2915 3268 2970 simile
3310 2915 3473 2970 indu-

1901 3020 2082 3067 catur.
2129 3012 2371 3067 Primum
2411 3011 2633 3081 quidem
2679 3010 2824 3081 quod
2892 3009 3102 3064 dictum
3145 3009 3200 3064 in
3248 3018 3363 3065 toto
3403 3025 3472 3064 ex

1900 3107 2149 3178 partibus
2190 3109 2461 3163 constanti
2508 3107 2779 3172 accidere,
2836 3105 3210 3167 manifestum,
3249 3104 3397 3176 quod
3423 3104 3468 3158 si

1902 3209 2086 3270 partes
2134 3208 2263 3254 sunt
2322 3200 2504 3270 specie
2559 3199 2856 3254 dissimiles
2900 3198 3023 3265 toti,
3055 3213 3227 3270 genus
3287 3206 3471 3252 tamen

1902 3292 2247 3356 constituunt
2268 3293 2353 3346 vel
2384 3291 2691 3363 proximum
2735 3291 2820 3346 vel
2857 3291 3145 3345 remotius.
3177 3290 3368 3360 Itaque
3401 3289 3471 3343 ad

1899 3381 2344 3438 constituendum
2390 3397 2564 3453 genus
2603 3396 2917 3446 commune,
2953 3396 3065 3436 non
3104 3381 3208 3437 sibi
3235 3381 3470 3436 invicem

1897 3480 2083 3526 essent
2120 3472 2345 3524 omnino
2372 3471 2582 3534 alienae,
2613 3470 2876 3526 habentes
2925 3470 3218 3540 quamdam
3249 3478 3474 3524 natura-

1897 3562 2006 3617 lem
2056 3563 2504 3616 communitatem
2535 3562 2590 3616 in
2625 3563 2808 3634 aliquo
2838 3579 3068 3635 genere;
3119 3564 3250 3618 unio
3287 3571 3470 3618 autem

1901 3654 1958 3708 in
2000 3654 2235 3709 Domino
2285 3665 2474 3708 nostro
2516 3654 2870 3712 dissimilium
2912 3655 3139 3710 omnino
3182 3663 3304 3711 est:
3337 3653 3470 3724 quid

1899 3749 2047 3803 enim
2078 3749 2297 3820 proprie
2331 3750 2763 3805 substantiarum
2796 3750 3012 3822 genus?
3042 3750 3112 3804 Et
3145 3749 3190 3804 si
3215 3749 3473 3804 substan-

1903 3841 1992 3896 tia:
2047 3857 2221 3914 genus
2271 3851 2376 3908 est,
2428 3853 2486 3898 et
2535 3843 2685 3913 quod
2737 3844 2845 3898 erit
2873 3857 3044 3912 genus
3068 3841 3267 3896 divinae
3323 3840 3472 3894 illius

1902 3935 2224 3990 substantiae
2281 3951 2406 3990 cum
2477 3934 2782 3990 substantia
2847 3934 3107 3998 humana,
3168 3931 3318 4003 quod
3373 3947 3474 4001 per

1903 4029 2195 4098 quamdam
2227 4029 2534 4084 naturalem
2572 4027 2952 4100 cognationem
2983 4043 3049 4082 ea
3081 4023 3474 4082 commisceat?

1903 4121 2189 4189 Quomodo
2221 4138 2352 4193 ergo
2376 4139 2474 4192 per
2503 4121 2756 4176 accidens
2777 4119 3040 4174 similium
3074 4118 3315 4190 partium
3341 4131 3475 4171 con-

1899 4214 2190 4285 junctioni,
2223 4215 2569 4271 dissimilium
2606 4213 3048 4285 coniunctionem
3084 4207 3475 4266 submitteret?

1904 4303 2404 4372 Concludercntnc,
2439 4316 2498 4361 ut
2533 4305 2924 4372 necessarium.
2959 4305 3225 4374 consequi
3258 4318 3325 4357 ex
3359 4301 3475 4357 dis-

1907 4399 2188 4457 similibus
2215 4397 2420 4456 Christi
2446 4398 2694 4468 partibus
2729 4397 2862 4452 illud
2891 4394 3039 4466 quod
3065 4393 3319 4448 videmus
3341 4406 3477 4446 con-

1906 4495 2060 4564 sequi
2110 4501 2296 4563 partcs
2339 4491 2571 4554 similes,
2614 4490 2669 4545 id
2698 4497 2803 4555 est,
2852 4489 3088 4543 alterum
3115 4481 3476 4544 totum?Sed

1906 4587 1952 4640 si
1983 4583 2204 4642 aliunde
2224 4583 2334 4654 jam
2367 4597 2436 4635 ex
2459 4581 2785 4637 necessitate
2812 4580 3020 4650 paratis
3051 4577 3344 4633 ostendere
3365 4589 3476 4630 non

222 4670 374 4724 νέσιν
403 4670 669 4739 ἑπόμενον
701 4669 1024 4736 καθορᾶται,
1057 4669 1224 4737 ἣγουν
1256 4669 1489 4738 ὁλότητά
1515 4685 1636 4722 τινα
1683 4669 1798 4720 ἐτέ-

1912 4676 2029 4731 fieri
2079 4672 2529 4745 conjunctionem
2581 4673 2888 4727 naturalem
2939 4668 3242 4738 secundum
3285 4681 3480 4738 perso-

230 4781 376 4836 ραν;
423 4763 564 4817 Ἀλλ’
593 4762 642 4814 εί
676 4762 775 4832 μὲν
823 4760 1044 4814 ἄλλοθεν
1073 4761 1134 4814 τὸ
1181 4761 1256 4832 μὴ
1285 4761 1536 4829 γενέσθαι
1566 4762 1804 4832 φυσικὴν

227 4856 482 4912 σύνθεσιν
513 4855 635 4909 καθ’
663 4854 960 4908 ὑπόστασιν
990 4854 1257 4920 ἐπιδεῖξαι
1300 4855 1458 4909 τοῦτο
1490 4856 1590 4927 ήδη
1632 4856 1804 4925 ἀναγ-

225 4951 400 5012 καίως
451 4948 906 5010 κατασκευάσετε,
963 4947 1214 5017 εἴποιμεν
1268 4947 1569 5011 αὑτοῖς·εἰ
1629 4948 1685 5000 δέ
1734 4965 1799 5017 γε

228 5042 570 5105 ὑποθετικῶς
607 5042 706 5112 τὴν
749 5039 998 5093 σύνθεσιν
1040 5039 1172 5110 ἡμῖν
1221 5040 1359 5104 ὅλως
1414 5039 1548 5094 Θεοῦ
1583 5041 1717 5111 πρός
1747 5058 1802 5094 τι

229 5137 601 5206 συγχωρεῖτε,
651 5134 750 5188 οὐκ
810 5133 869 5200 ἐξ
927 5133 1175 5202 ἀνάγκης
1220 5131 1405 5188 λοιπον
1448 5137 1513 5187 τὰ
1560 5134 1803 5204 ἑπόμενα

231 5226 480 5280 συνθέσει
538 5223 872 5292 ὲπαγάγοιτε
910 5240 924 5255 ⁶
953 5222 1109 5293 ἢδιά
1168 5223 1230 5276 τὸ
1284 5222 1361 5294 μὴ
1407 5225 1616 5278 τοιάνδε
1663 5222 1803 5278 εἶναι

229 5318 400 5388 αὐτὴν
423 5317 543 5370 οἵαν
595 5315 709 5374 ἴστε
737 5316 1034 5386 γινομένην
1064 5315 1158 5369 ἐπὶ
1210 5318 1321 5380 τοῖς
1371 5316 1449 5388 μὴ
1503 5317 1676 5371 τοῖσδε
1709 5313 1802 5372 οῦ-

235 5429 341 5472 σιν,
391 5409 559 5478 ἤγουν
597 5409 765 5471 θείοις
823 5412 917 5462 καὶ
978 5407 1342 5480 ἀνθρωπίνοις
1397 5408 1618 5480 μέρεσιν
1647 5427 1660 5439 ·
1699 5410 1800 5483 ἤδη

1906 4785 2055 4837 nam,
2118 4768 2325 4824 eisdem
2394 4767 2584 4822 verbis
2655 4764 3153 4836 respondebimus:
3187 4761 3246 4818 Si
3293 4766 3476 4814 autem

1905 4859 2070 4914 nobis
2112 4857 2416 4914 conceditis
2439 4855 2778 4930 hypothetici
2813 4857 2907 4910 Dei
2935 4870 3063 4909 eum
3092 4854 3280 4921 aliquo
3319 4851 3480 4905 unio-

1905 4966 2054 5015 nem,
2086 4966 2187 5005 nec
2215 4950 2472 5021 amplius,
2517 4961 2775 5020 tanquam
2801 4946 3165 5016 necessarias,
3203 4943 3481 4999 inducatis

1916 5039 2324 5111 conjunctionis
2357 5038 2816 5110 consequentias;
2856 5037 2942 5093 vel
2975 5037 3105 5107 quia
3131 5051 3246 5091 non
3271 5043 3358 5091 est
3383 5049 3478 5089 ea-

1913 5133 2039 5189 dem
2069 5149 2133 5189 ac
2162 5133 2307 5201 illam
2343 5148 2509 5202 quam
2542 5133 2698 5188 scitis
2737 5147 2805 5187 ex
2844 5131 3081 5186 diversis
3109 5128 3250 5194 ﬁeri,
3284 5127 3339 5182 id
3372 5134 3482 5189 est,

1910 5225 2116 5290 divinis
2149 5235 2206 5282 et
2239 5225 2498 5280 humanis
2547 5224 2820 5295 partibus,
2851 5224 2966 5294 jam
3000 5222 3150 5288 illam
3195 5220 3479 5276 evertetis.

1909 5319 2155 5387 Quorum
2184 5321 2332 5375 enim
2364 5329 2577 5374 naturae
2602 5333 2712 5372 non
2735 5326 2866 5371 sunt
2893 5315 2949 5370 in
2983 5314 3238 5369 omnibus
3255 5311 3483 5373 eaedem,

1908 5428 2104 5468 eorum
2134 5429 2315 5483 neque
2341 5412 2658 5484 conjunctio
2684 5409 2879 5466 eadem
2909 5407 3196 5464 manifeste
3227 5407 3356 5461 erit.

197 5509 326 5566 ,καὶ
355 5507 560 5577 ταύτην
613 5504 965 5576 ἀνατρέψετε.
996 5498 1096 5557 Ὧν
1147 5501 1348 5575 γάᾂάί
1386 5503 1576 5575 φύσεις
1600 5506 1700 5578 οὐχ
1721 5509 1777 5560 αἱ
1802 5509 1961 5562 αὐταὶ
1993 5510 2132 5564 κατά
2179 5510 2380 5572 πάντα,
2410 5508 2533 5562 οὐδὲ
2572 5510 2604 5579 ἡ
2643 5504 2848 5576 φυσικὴ
2901 5504 3085 5574 σχέσις
3128 5502 3291 5570 ὁμοία
3345 5501 3487 5555 κατὰ

233 5603 433 5664 πάντα,
452 5599 572 5653 οὐδὲ
604 5600 637 5670 ὴ
669 5598 916 5661 σύνθεσις
939 5598 970 5668 ἡ
1003 5597 1140 5674 αὕτη
1163 5597 1363 5668 δηλαδὴ
1387 5599 1696 5670 γενήσεται.

309 5693 432 5746 Ἔτι
493 5691 684 5761 ῥητέον
733 5691 819 5744 ὅτι
869 5691 918 5742 εί
954 5689 1045 5743 καὶ
1093 5691 1242 5742 πᾶσα
1279 5688 1552 5754 σύνθεσις,
1587 5690 1802 5761 ἕτερον,

237 5783 421 5845 καθὼς
442 5783 500 5838 δὲ
527 5785 806 5854 εἰρήκατε,
843 5781 988 5852 παρὰ
1020 5781 1127 5834 τῶν
1156 5781 1336 5851 μερῶν
1369 5781 1483 5853 εἴδη
1525 5782 1808 5850 ἐπεισάγει

237 5871 317 5942 τῷ
364 5871 472 5935 ὅλῳ
517 5867 678 5935 εἶδος,
723 5869 1176 5940 προωμολόγηται
1219 5870 1368 5940 ὅμως
1406 5874 1538 5941 ἡμῖν
1573 5871 1668 5925 τοῦ
1711 5872 1808 5926 νῦν

237 5964 666 6034 ἀνακρινομένου
723 5962 978 6016 συνθέτου
1029 5962 1086 6014 ἓν
1130 5957 1268 6014 εἶναι
1320 5963 1482 6034 μέρος
1528 5965 1589 6017 τὸ
1633 5965 1806 6030 Θεῖον,

1980 5687 2284 5744 Dicendum
2315 5699 2535 5756 quoque
2555 5691 2640 5739 cst
2662 5702 2674 5736 :
2697 5683 2754 5738 St
2785 5681 2964 5736 omnis
2994 5677 3308 5749 conjunctio
3335 5675 3484 5730 aliud

1911 5797 2084 5853 genus
2105 5779 2226 5845 toti,
2254 5787 2315 5832 ut
2343 5776 2579 5842 dixistis,
2610 5775 2791 5836 affert,
2817 5783 2972 5829 extra
2997 5771 3234 5841 partium
3260 5784 3484 5840 genera.

1905 5875 2016 5946 jam
2050 5888 2080 5926 a
2108 5870 2267 5926 nobis
2297 5869 2402 5924 fuit
2433 5868 2673 5940 positum
2702 5883 2865 5921 uuam
2896 5872 3109 5936 partem
3141 5861 3310 5916 totius
3340 5861 3485 5930 quod

1911 5963 2351 6029 consideramus,
2378 5975 2500 6015 esse
2531 5959 2776 6014 divinum
2809 5957 2941 6011 illud
2985 5954 3130 6025 quod
3177 5953 3356 6008 onmis
3396 5968 3491 6022 ge-
