4032 6534
484 512 516 582 ’Ἰ
528 518 630 582 523

1723 524 2032 587 LEONTII
2077 505 2483 586 BYZANTIN'I

3619 515 3759 583 1524

486 632 638 688 neris
669 638 863 688 auctor
899 641 1005 698 est,
1041 633 1092 689 id
1123 642 1229 697 cst.
1260 633 1507 691 divinum
1543 635 1803 692 Verbum.
1846 635 1903 690 Si
1935 649 2066 706 ergo

2191 636 2250 688 ὶό
2290 635 2495 700 παντὸς
2545 634 2723 701 είδους
2766 633 3050 707 ποιητικός
3096 634 3213 689 ἐστι
3267 635 3410 698 θεῖος
3463 633 3664 704 Λόγος.
3690 634 3755 689 Et

486 723 639 779 aliud
666 732 812 780 esset
841 725 1011 782 totius
1040 726 1323 798 cujusdam
1356 735 1559 797 praeter
1587 727 1828 798 partium
1868 743 2064 799 genus,

488 814 664 884 ipsius
692 816 901 872 scilicet
929 828 1025 874 aut
1065 818 1213 875 illius
1244 819 1392 889 quod
1433 834 1557 875 eum
1595 822 1716 882 ipso
1745 826 1850 885 est,
1879 836 2070 876 neces-

488 908 625 963 sitas
667 908 776 964 erit
822 909 1108 981 rejiciendi
1150 910 1236 965 vel
1281 910 1437 965 illum
1484 926 1745 982 generum
1784 920 2068 967 auctorem

489 1000 880 1058 universaliter
910 1002 1155 1073 agnitum
1201 1011 1259 1057 et
1304 1018 1372 1057 ex
1419 1011 1650 1072 utraque
1680 1012 1836 1073 parte
1874 1018 2071 1073 recep-

489 1100 631 1156 tum,
661 1093 747 1147 vel
784 1093 1078 1163 quemdam
1100 1093 1291 1148 alium.
1325 1094 1502 1149 Omne
1534 1094 1682 1148 enim
1709 1094 1857 1164 quod
1894 1094 1974 1159 ﬁt,
2012 1110 2071 1150 se

490 1184 674 1255 ipsum
705 1184 995 1240 manifeste
1021 1201 1128 1240 non
1159 1185 1340 1245 faciet.
1370 1185 1617 1240 nondum
1643 1185 1938 1250 exsistens,
1973 1183 2065 1241 sec'

491 1275 562 1330 ab
592 1277 701 1331 alio
727 1275 931 1331 factum
957 1284 1061 1339 est,
1087 1275 1132 1331 si
1156 1276 1405 1342 exsistit;
1433 1277 1477 1331 si
1507 1284 1693 1331 autem
1723 1292 1834 1331 non
1864 1276 2071 1331 factum

490 1376 598 1432 est,
634 1383 813 1438 neque
845 1376 951 1423 est.
979 1367 1099 1422 Non
1145 1356 1279 1438 ergo
1330 1369 1399 1422 ab
1447 1367 1557 1423 alio
1594 1367 1774 1423 factus
1820 1377 1925 1432 est,
1975 1368 2071 1438 qui

492 1457 645 1512 solus
685 1456 1023 1512 substantias
1069 1466 1221 1512 creat
1269 1465 1325 1511 ct
1365 1456 1636 1511 naturalis
1679 1466 1766 1512 est
1808 1473 2071 1528 generum

494 1556 707 1612 auctor,
743 1547 837 1617 qui
868 1547 1075 1602 dicitur
1108 1563 1235 1617 pars
1274 1547 1422 1604 illius
1452 1549 1623 1603 totius
1655 1566 1668 1601 :
1702 1548 1770 1604 de
1805 1563 1916 1619 quo
1944 1563 2074 1604 con-

495 1640 767 1696 sentimus
787 1654 999 1695 omnes.
1030 1638 1087 1694 Si
1122 1648 1308 1695 autem
1335 1640 1404 1695 ab
1432 1640 1527 1694 illo
1552 1639 1757 1696 factum
1788 1649 1874 1696 est
1898 1649 2074 1696 totum

495 1732 655 1797 illud,
687 1741 743 1788 et
767 1747 907 1802 opus
929 1731 1035 1787 erit
1058 1732 1289 1787 alterius
1317 1748 1385 1788 ex
1414 1732 1529 1789 suis
1565 1732 1839 1803 partibus.
1865 1733 1940 1788 ita
1971 1749 2072 1788 eri-

495 1834 560 1880 ut
600 1840 725 1895 pars
772 1826 828 1880 in
880 1834 996 1880 toto
1036 1825 1455 1896 comprehensa.
1500 1841 1665 1881 causa
1704 1826 1805 1881 sub
1851 1826 2072 1889 effectu,

495 1917 644 1988 quod
685 1926 771 1973 est
812 1917 1179 1989 impossibile.
1220 1916 1359 1973 Cum
1393 1916 1509 1973 haec
1539 1916 1651 1972 sint
1689 1915 2072 1988 impossibilia,

2172 721 2267 780 οὖν
2317 744 2372 780 τι
2435 726 2627 796 ἕτερον
2679 726 2829 798 αὑτῷ
2878 743 2940 779 τε
2994 726 3090 781 καὶ
3154 726 3234 797 τῷ
3296 728 3395 781 σὺν
3449 726 3603 796 αὑτῷ
3640 726 3756 781 ϐντι

2170 819 2248 883 ὡς
2305 818 2531 891 μέρεσιν
2589 818 2896 889 ἐπιγένοιτο
2946 815 3084 884 εἶδος
3144 819 3268 873 ὅλου
3326 818 3565 891 τινὸς,ἢ
3597 818 3762 874 αὑτὸν

2170 910 2388 980 ἀνάγκη
2436 909 2597 964 τοῦτο
2670 910 3080 983 προϐάλλεσθαι
3137 911 3411 965 εἰδοποιδν
3473 911 3764 981 δεδομένον

2172 1000 2463 1055 καθολικὸν
2510 1002 2608 1055 καὶ
2655 1002 3181 1073 συνωμολογημένον
3234 1002 3454 1069 κοινῶς,
3489 1003 3525 1074 ἥ
3574 1003 3768 1073 ἔτερόν

2171 1110 2296 1146 τινα
2320 1109 2335 1124 θ
2366 1092 2429 1146 τὸ
2465 1092 2576 1165 γάρ
2607 1093 2898 1165 γινόμενον
2948 1095 3079 1160 πᾶν,
3114 1093 3277 1165 δῆλον
3326 1094 3405 1158 ὼς
3455 1094 3556 1166 οὑχ
3602 1094 3770 1148 eam

2174 1185 2395 1255 ποιήσει
2443 1186 2613 1257 μήπω
2663 1184 2745 1248 ὃν,
2784 1184 2901 1239 ἀλλ’
2942 1185 3049 1239 ὑπό
3101 1202 3249 1248 τινος
3304 1186 3549 1254 ἐγένετο,
3606 1187 3769 1256 εἰπερ

2175 1276 2353 1331 ἐστίν’
2384 1277 2433 1330 εἰ
2459 1277 2514 1330 δὲ
2544 1278 2621 1348 μὴ
2651 1278 2889 1347 ἐγένετο,
2922 1277 3047 1331 οὑδέ
3080 1276 3391 1348 ἐστιν.⁹Υφ’
3420 1278 3620 1350 ἐτέρου
3663 1278 3768 1349 μὲν

2174 1362 2269 1422 οῦν
2314 1368 2416 1421 οὑκ
2468 1366 2537 1422 ἂν
2576 1366 2789 1437 γένοιτό
2845 1384 3029 1431 τινος*
3075 1369 3237 1440 μόνος
3261 1369 3373 1440 γὰρ
3403 1367 3547 1424 εἶναι
3578 1370 3772 1425 οὑσιαο

2176 1461 2307 1530 στὴς
2347 1461 2442 1516 καὶ
2488 1462 2718 1531 φυσικὸς
2746 1461 3011 1526 είδοποιδς
3051 1462 3080 1515 ό
3125 1462 3456 1534 ὑποϐληθεὶς
3484 1461 3565 1527 ὡς
3598 1462 3771 1534 μέρος

2173 1552 2310 1622 τῷδε
2348 1551 2426 1625 τῷ
2459 1553 2604 1626 ὅλῳ,
2657 1553 3006 1626 ὡμολόγηται
3053 1555 3188 1627 ἡμῖν
3232 1556 3437 1609 πᾶσινυ
3468 1557 3518 1609 εί
3565 1555 3626 1609 δέ
3672 1555 3771 1610 ὑπ’

2174 1644 2343 1701 αὑτοῦ
2382 1646 2500 1700 τόδε
2560 1645 2759 1716 γέγονέ
2802 1663 2922 1711 πως
2962 1646 3039 1710 ὠς
3084 1646 3207 1700 ὅλον
3248 1665 3324 1712 τι,
3359 1648 3455 1701 καὶ
3513 1646 3625 1702 ὑπὸ
3671 1647 3771 1702 τοῦ

2179 1736 2464 1802 ποιοῦντος
2516 1736 2648 1791 αὑτὸ
2677 1737 2755 1803 ὡς
2780 1738 2839 1804 ἐξ
2868 1738 3002 1791 ίδίου
3030 1738 3231 1809 μέρους
3258 1738 3557 1809 γινόμενον
3588 1740 3678 1810 εἴη
3708 1739 3770 1792 τὸ

2178 1828 2615 1899 ποίημα.Ἐσται
2660 1828 2771 1901 γὰρ
2812 1826 2879 1882 ἂν
2911 1828 3087 1893 οὕτως
3117 1829 3194 1895 ὡς
3230 1830 3398 1902 μέρος
3463 1832 3525 1885 ἐν
3550 1830 3635 1903 τῷ
3659 1832 3773 1902 ὅλῳ

2176 1921 2572 1993 περιεχόμενον
2598 1921 2661 1975 τὸ
2682 1920 2858 1975 αίτιον
2897 1922 3002 1976 ὑπὸ
3031 1920 3126 1974 τοῦ
3156 1921 3430 1989 αἰτιατοῦ,
3456 1922 3603 1995 ὅπερ
3630 1922 3771 1977 ἀδὺ-

498 2009 850 2067 manifestum
896 2018 984 2067 est
1013 2026 1141 2094 _non
1191 2012 1415 2082 proprie
1463 2010 1571 2067 dici
1615 2028 1628 2065 :
1664 2010 1761 2067 sed
1791 2026 1913 2081 quas
1953 2026 2080 2081 pars

2191 1990 2371 2071 νατον,
2382 1990 2538 2067 Ἐπεὶ
2566 2011 2662 2067 οῦν
2705 2011 2833 2066 τάδε
2881 2012 3149 2094 ἁδὺνατα,
3172 2011 3331 2083 δῆλον
3356 2014 3435 2076 ὡς
3462 2012 3526 2065 οὑ
3559 1990 3773 2083 κυρίως

497 2103 789 2158 constituit
814 2088 1028 2158 dictum
1056 2102 1261 2160 Christi
1299 2112 1495 2170 totum,
1528 2104 1619 2160 illa
1651 2113 1737 2158 est
1767 2119 1889 2174 qua:
1917 2104 2076 2159 alteri

499 2194 769 2266 subjacet,
800 2195 855 2250 id
878 2204 985 2261 est,
1014 2195 1252 2251 Verbum
1281 2181 1458 2259 carni,
1484 2212 1551 2251 ex
1577 2195 1799 2266 propria
1823 2195 2083 2257 substan-

501 2291 577 2345 tia
596 2300 653 2347 et
674 2306 773 2346 sua
797 2305 1196 2362 persona,.cum
1222 2290 1313 2345 illa
1336 2299 1491 2360 parte
1512 2306 1635 2361 quae
1661 2306 1790 2345 cum
1824 2290 1945 2360 ipso
1972 2299 2078 2357 est,

500 2381 831 2446 substantia,
870 2380 1106 2446 scilicet,
1144 2380 1383 2445 carnali,
1408 2379 1562 2434 illum
1607 2379 1951 2435 constituens
1995 2388 2081 2435 to-

503 2481 642 2537 tum,
672 2472 811 2528 nihil
845 2473 1029 2544 seipse
1067 2482 1162 2528 aut
1191 2473 1485 2543 conjuncta
1515 2473 1617 2528 sibi
1646 2481 1802 2543 parte
1830 2472 2083 2544 praebens

505 2573 602 2618 aut
644 2563 843 2619 melius
902 2576 997 2619 aut
1041 2564 1220 2635 pejus.
1248 2565 1499 2621 Potestas
1542 2565 1691 2621 enim
1725 2582 1847 2636 quae
1879 2581 2082 2636 genera

504 2662 658 2708 ereat
696 2652 833 2707 nulli
872 2653 1107 2723 seipsam
1156 2654 1211 2708 in
1252 2654 1492 2725 speciem
1536 2655 1889 2721 condonavit,
1922 2665 1982 2711 ut
2008 2656 2081 2711 ita

504 2745 708 2810 dicam,
738 2745 843 2800 nisi
888 2746 1028 2815 parti
1075 2745 1182 2801 sibi
1229 2749 1559 2819 conjuncta,
1602 2750 1769 2805 homo
1799 2749 1940 2805 facta
1986 2766 2084 2820 per

503 2853 649 2903 eam,
674 2854 794 2893 eam
826 2847 1010 2894 autem
1040 2855 1141 2910 per
1172 2855 1231 2895 se
1253 2839 1423 2896 Deum
1455 2842 1687 2903 faciens.
1721 2842 1777 2897 in
1816 2851 2081 2913 quantum

506 2928 794 3000 possibile,
823 2946 927 2985 nec
950 2930 1109 2985 aliam
1138 2932 1377 3003 speciem
1410 2943 1592 3003 potest
1616 2934 1797 2988 facere
1826 2935 2004 3006 seipsa
2030 2946 2085 2992 et

507 3023 602 3078 illa
637 3023 941 3078 meliorem.
966 3024 1203 3080 Ubinam
1236 3025 1403 3096 igitur
1430 3027 1539 3082 erit
1568 3027 1715 3083 aliud
1749 3028 1881 3083 illud
1910 3037 2083 3083 totum

508 3117 567 3170 in
594 3112 816 3170 Christo
850 3124 1049 3186 praeter
1087 3124 1377 3186 utramque
1425 3128 1634 3191 partem
1683 3119 2088 3190 excogitatum?

509 3207 581 3262 Et
618 3207 817 3262 exinde
858 3206 1023 3261 etiam
1065 3207 1267 3262 factum
1318 3216 1403 3263 cst
1449 3209 1796 3265 manifestum
1845 3211 2083 3267 Verbum

507 3296 645 3353 illud
693 3297 944 3352 divinum
978 3297 1090 3368 jam
1122 3297 1421 3352 admissum
1475 3307 1536 3352 ut
1584 3315 1842 3369 generum
1894 3311 2082 3355 aucto-

2191 3293 2396 3347 υὺκοῦν
2416 3294 2583 3363 σαφὲς
2604 3294 2895 3347 κάντεῦθεν
2922 3294 3241 3363 γεγένηται,
3279 3292 3355 3357 ὠς
3396 3293 3606 3359 τοιοῦδε
3639 3309 3787 3362 προ-
3878 3282 3895 3293 “

508 3405 651 3456 rem,
687 3397 896 3460 partem
947 3390 1320 3460 conjunctam,
1355 3391 1501 3447 idem
1546 3407 1669 3447 esse
1713 3401 1771 3447 et
1805 3404 1999 3447 natura
2034 3403 2090 3448 et

510 3498 747 3539 numero
783 3498 845 3537 ac
879 3484 1243 3553 compositum
1289 3485 1592 3541 secundum
1632 3484 1905 3541 diversam
1945 3487 2092 3558 cogi-

511 3575 779 3631 tationem
806 3575 1013 3631 dictmn
1052 3584 1258 3643 totum;
1295 3587 1348 3631 et
1388 3578 1433 3632 si
1465 3578 1520 3632 in
1556 3593 1623 3633 eo
1651 3578 1897 3634 Verbum
1925 3595 1954 3633 a
1986 3580 2089 3633 Pa-

512 3668 696 3725 tribus
724 3669 933 3723 dictum
966 3678 1050 3725 est
1084 3685 1231 3740 pars,
1264 3670 1445 3725 eidem
1477 3670 1699 3727 Christo
1732 3674 2088 3733 attribuetur,

512 3762 673 3832 cujus
700 3770 759 3817 et
799 3778 928 3832 pars
955 3770 1011 3818 et
1043 3763 1369 3832 totum,.qui
1402 3764 1547 3820 Deus
1580 3764 1908 3836 intelligitur
1941 3775 2093 3821 utro-

512 3852 680 3923 bique
705 3854 914 3924 pariter
940 3854 1238 3924 perfectus,
1260 3855 1474 3910 etiamsi
1504 3856 1835 3926 quandoque
1867 3867 2094 3927 prep'er

515 3945 975 4015 signiﬁcationem
1004 3947 1296 4018 utriusque
1330 3947 1521 4017 partis,
1560 3956 1736 4002 totum
1772 3948 1936 4003 dicta:
1976 3948 2095 4004 fue-

516 4036 633 4093 rint
656 4038 777 4093 duae
807 4048 993 4110 partes
1023 4039 1186 4095 simul
1219 4051 1473 4112 sumptae,
1510 4056 1639 4111 pars
1674 4057 1807 4097 vero
1838 4057 2097 4112 unaque:-

518 4141 627 4196 que
659 4141 849 4183 earum
886 4131 1114 4185 seorsim
1152 4139 1392 4201 sumpta.

592 4305 873 4362 Immerito
908 4306 1074 4378 igitur
1104 4308 1267 4365 nobis
1310 4308 1593 4379 opponitis
1639 4317 1814 4363 totum
1863 4311 2097 4368 alterius

519 4400 737 4470 generis
773 4414 895 4455 esse
930 4416 959 4453 a
1005 4399 1255 4470 partibus
1286 4408 1514 4472 propter
1541 4402 2009 4473 eonjunctionem,
2042 4414 2099 4460 et

520 4491 725 4544 novum
751 4504 1040 4545 numerum
1072 4489 1358 4545 inducitis.
1385 4490 1446 4544 Si
1471 4490 1643 4554 enim,
1672 4501 1733 4548 ut
1757 4492 1965 4550 dictum
1990 4507 2095 4561 est,

521 4563 866 4636 totum-illud
894 4589 976 4637 est
998 4580 1362 4647 numerabile,
1389 4582 1520 4652 quia
1548 4584 1695 4653 quod
1726 4586 1935 4643 indicat
1966 4603 2101 4643 con-

2178 2104 2397 2175 λέγεται
2423 2119 2438 2138 ο
2472 2103 2609 2159 ἀλλὰ
2636 2104 2698 2159 τὸ
2730 2104 3048 2175 προαγαγὸν
3074 2104 3174 2175 τὴν
3199 2101 3505 2176 λεγομένην
3527 2104 3773 2177 Χριστοῦ

2177 2197 2409 2267 ὁλότητα
2429 2196 2619 2271 μέρος,
2645 2196 2779 2251 αὑτό
2805 2198 2958 2250 ἐστιν
2982 2196 3012 2250 ὅ
3039 2197 3325 2265 σύγκειται
3354 2196 3531 2269 ἑτέρῳ
3549 2212 3564 2227 ⁸
3599 2197 3775 2267 {nam

2178 2288 2208 2341 ὁ
2242 2288 2416 2357 Λόγος
2437 2290 2504 2359 τῇ
2538 2288 2705 2359 σαρκί
2726 2304 2741 2320 ’
2774 2287 2838 2341 ἔκ
2860 2305 2921 2342 τε
2946 2288 3047 2357 τῆς
3066 2288 3256 2352 οὑσξας
3270 2287 3459 2353 αὑτοῦ,
3492 2289 3588 2341 καὶ
3617 2290 3678 2342 ἐν
3703 2290 3776 2360 τῇ

2180 2376 2477 2432 ὑποστάσει
2502 2376 2689 2438 αὑτοῦ.
2720 2377 2842 2447 ἅμα
2862 2375 2940 2447 τῷ
2966 2376 3063 2430 σὺν
3089 2376 3237 2447 αὑτῷ
3263 2377 3440 2448 μέρει,
3467 2377 3644 2448 ἤγουν
3671 2376 3777 2447 τῆς

2181 2472 2454 2541 σαρκικῆς
2474 2467 2663 2533 οὑσίας
2682 2467 2890 2539 ταύτην
2912 2467 3179 2522 συνιστῶν
3195 2468 3294 2539 τὴν
3321 2468 3551 2539 όλότητα
3570 2483 3588 2499 υ
3616 2467 3778 2521 οὐδὲν

2181 2558 2344 2612 πλέον
2363 2557 2397 2629 ἢ
2418 2556 2637 2612 ἔλαττον
2657 2556 3098 2628 ἐπιδεικνύμενος
3119 2555 3313 2611 ἐαυτοῦ
3331 2557 3426 2611 καὶ¹
3445 2556 3541 2610 τοῦ
3560 2556 3662 2611 σὺν
3675 2557 3778 2610 αὑ-

2181 2649 2258 2721 τῷ
2286 2651 2345 2703 ἐν
2377 2649 2537 2722 αὑτῇ.
2578 2648 2639 2703 ἸΙ
2696 2648 2806 2718 γὰρ
2834 2648 3102 2711 είδοποιὺς
3130 2648 3382 2720 δύναμις,
3425 2649 3647 2720 ἑαυτὴν,
3693 2648 3778 2713 ὡς

2183 2742 2376 2809 εἰπεῖν,
2407 2743 2506 2813 οὑχ
2525 2742 2718 2815 ἑτέρῳ,
2744 2740 2862 2797 ἀλλ’
2892 2740 3043 2813 αὑτῷ
3060 2741 3139 2813 τῷ
3168 2742 3475 2795 συντεθέντι
3505 2743 3603 2796 σὺν
3631 2740 3776 2812 αὐτῇ

2186 2835 2366 2906 μέρει,
2401 2836 2481 2899 είς
2511 2831 2650 2899 εἶδος
2687 2834 3013 2905 κεχάρισται
3042 2850 3058 2865 ·
3095 2832 3559 2904 ἀνθρωπιζομένη
3586 2850 3650 2886 τε
3682 2833 3780 2886 διὰ

2182 2926 2358 2987 τοῦδε,
2405 2927 2493 2981 καὶ
2546 2925 2759 2981 θεοῦσα¹
2791 2927 2911 2979 τόδε
2966 2926 3089 2980 καθ’
3132 2925 3305 2997 αὑτὴν
3329 2925 3395 2979 δι’
3421 2926 3646 2996 ἐαυτῆς,
3677 2924 3783 2977 καὶ

2185 3019 2285 3088 οὑχ
2322 3017 2509 3088 ἕτερον
2554 3020 2825 3090 κρεῖττον,
2855 3018 2951 3071 καὶ
2983 3017 3182 3086 ἑαυτῆς
3213 3018 3306 3070 καλ⁵
3352 3017 3564 3069 ἐκείνου
3616 3015 3783 3084 ποιῆ-

2188 3124 2279 3161 σαι
2325 3107 2527 3177 ἔχουσα
2557 3102 2721 3171 εἶδος.
2772 3107 2898 3171 Πῶς
2946 3102 3040 3161 οῦν
3094 3106 3285 3177 ἕτερον
3319 3106 3473 3160 ἔσται
3499 3125 3553 3159 τι
3582 3105 3785 3176 (ῥαινό-

2193 3218 2351 3270 μενον
2398 3201 2517 3254 ὅλον
2560 3202 2618 3253 ἐν
2672 3200 2895 3271 Χριστῷ
2949 3199 3071 3253 κατ’
3105 3200 3294 3253 οὑσίαν
3348 3200 3783 3270 παρ’ἑκάτερας

2190 3405 2235 3439 ω
2243 3384 2447 3457 μολογη
2455 3385 2618 3456 μένου
2639 3384 2907 3439 είδοποιοῦ
2924 3385 3102 3454 Λόγου
3121 3385 3287 3449 θείου,
3310 3385 3404 3439 τοῦ
3430 3384 3791 3455 συντεθειμέ-

2190 3495 2283 3532 νου
2317 3476 2542 3549 μέρους,
2571 3477 2771 3531 ταυτδν
2812 3479 2879 3548 τῇ
2908 3476 3068 3545 φύσει
3103 3476 3201 3530 καὶ
3248 3476 3327 3548 τῷ
3372 3475 3593 3548 ἀριθμῷ
3624 3475 3789 3529 ἔσται

2192 3572 2286 3624 καὶ
2324 3569 2384 3623 τὸ
2431 3569 2573 3623 κατὰ
2623 3569 2880 3641 διάφορον
2915 3569 3163 3623 ἐπίνοιαν
3214 3568 3514 3639 ὀνομασθὲν
3546 3568 3671 3622 ὅλον
3718 3567 3789 3622 τὸ

2196 3661 2448 3720 σύνθετον
2470 3676 2484 3691 ·
2514 3659 2620 3714 κᾶν
2653 3660 2818 3731 μέρος
2850 3661 2907 3713 ἐν
2940 3660 3091 3731 αὑτῷ
3112 3662 3140 3713 ὁ
3172 3661 3347 3728 Λόγος
3376 3660 3597 3731 εἴρηται
3631 3656 3783 3714 εἶναι

2191 3753 2304 3815 τοῖς
2377 3752 2685 3822 Πατράσινο
2741 3754 2834 3805 καὶ
2886 3751 2981 3805 τοῦ
3042 3752 3209 3807 αὑτοῦ
3262 3753 3783 3826 κατηγορηθήσεται

2193 3843 2455 3914 Χριστοῦ,
2485 3842 2605 3897 καθ’
2636 3837 2697 3898 οῦ
2733 3844 2827 3898 καὶ
2855 3845 2915 3897 τὸ
2946 3844 3110 3917 μέρος
3142 3846 3240 3898 καὶ
3266 3845 3325 3898 τὸ
3356 3846 3475 3899 ὅλον
3496 3863 3510 3877 ·
3542 3847 3618 3909 ὡς
3638 3845 3783 3900 Θεοῦ

2195 3934 2467 4007 ἑκατέρως
2501 3934 2793 4005 νοουμένου
2826 3933 3086 3998 ὡσαύτως
3118 3935 3325 3988 τελείου
3346 3951 3361 3965 ο
3404 3936 3454 3988 εἰ
3503 3936 3599 3989 καὶ
3648 3937 3788 3989 ποτὲ

2198 4027 2299 4097 μὲν
2320 4025 2407 4079 διὰ
2436 4026 2536 4097 τὴν
2576 4026 2854 4097 σημασίαν
2880 4026 2978 4098 τὴν
3013 4026 3146 4098 περί¹
3181 4026 3443 4099 ἐκατέρου
3472 4027 3580 4081 τῶν
3610 4029 3674 4081 ἐν
3703 4028 3789 4098 τῷ

2197 4119 2462 4192 συνθέτῳ,
2510 4121 2631 4175 ὅλον
2676 4120 2739 4174 τὸ
2799 4120 3235 4191 συναμφότερον,
3268 4122 3433 4192 μέρος
3461 4121 3517 4174 δέ
3551 4120 3788 4193 θάτερον

2200 4211 2357 4281 μόνον
2382 4210 2490 4265 τῶν
2523 4209 2688 4264 αὑτοῦ
2723 4210 2959 4281 εἴρηται.
3439 4262 3444 4266 .

2267 4301 2382 4356 Οὑκ
2412 4300 2586 4373 ὀρθῶς
2632 4294 2727 4356 οῦν
2773 4301 2907 4373 ἡμῖν
2939 4292 3204 4370 συνάγετε
3234 4302 3296 4356 τὺ
3322 4301 3663 4373 έτεροοὺσιον
3690 4299 3789 4355 τοῦ

2196 4396 2320 4450 ὅλου
2350 4394 2489 4467 πρὸς
2529 4392 2600 4447 τά
2641 4393 2783 4466 μέρη
2824 4392 2915 4447 διὰ
2943 4395 3043 4464 τὴν
3075 4394 3357 4449 σύνθεσινι
3393 4396 3488 4448 καὶ
3512 4393 3792 4465 νεώτερον

2164 4488 2179 4497 “
2199 4488 2431 4560 ἀριθμὸν
2456 4487 2753 4560 καθορᾶτε.
2786 4487 2848 4540 Ei
2878 4486 2989 4558 γὰρ
3036 4488 3131 4541 καὶ
3156 4487 3233 4551 ὡς
3254 4488 3446 4541 λεκτὸν
3474 4487 3792 4561 ἀριθμητόν

2201 4581 2319 4634 ἐστι
2365 4579 2483 4633 τόδε
2542 4579 2605 4632 τὸ
2654 4578 2776 4633 ὅλον
2833 4575 2929 4631 τοῦ
3006 4578 3415 4648 σημαινομένου
3450 4578 3550 4649 τῆς
3587 4578 3791 4632 συνθέ-

516 4671 865 4742 iunctionem
903 4678 1074 4726 totam
1121 4669 1193 4725 ab
1224 4670 1504 4740 aliquibus
1534 4673 1690 4743 quasi
1742 4682 1918 4731 totum
1958 4677 2088 4733 dici-

2199 4689 2335 4737 σεως
2375 4671 2576 4742 πάσης,
2608 4670 2683 4734 ὡς
2706 4670 2828 4724 ὅλου
2857 4669 3155 4740 λεγομένου
3187 4670 3349 4729 τισὶν,
3385 4669 3446 4722 οὑ
3477 4669 3792 4740 προσθήσει

522 4772 636 4828 tur,
673 4778 785 4818 non
812 4762 877 4818 ﬁt
916 4778 1016 4834 per
1041 4762 1382 4818 additionem
1427 4763 1494 4818 ad
1528 4780 1817 4820 numerum
1859 4768 2099 4837 partium

524 4855 790 4910 similium
829 4862 887 4910 et
931 4855 1154 4911 realiter
1182 4855 1591 4912 exsistcntium.
1625 4858 1746 4914 Non
1781 4860 1930 4914 enim
1974 4876 2099 4915 cum

526 4946 833 5002 secundum
880 4946 1132 5002 diversos
1177 4957 1483 5017 respectus,
1530 4950 1731 5005 accidit
1762 4952 1935 5007 multa
1980 4967 2103 5007 esse

525 5036 752 5091 nomina
796 5037 964 5091 unius
1022 5036 1384 5108 ejusdemque
1425 5040 1527 5104 rei,
1585 5047 1643 5096 et
1694 5043 2105 5098 numerosiores

525 5137 660 5183 sunt
712 5128 882 5182 unius
929 5129 1356 5200 appellationes,
1411 5132 1563 5187 verbi
1617 5134 1822 5205 gratia,
1878 5134 2102 5201 Simon,

526 5222 749 5282 Petrus,
778 5220 1011 5292 Cephas,
1040 5220 1330 5288 Bar—Jona,
1385 5226 1691 5294 apostolus,
1727 5228 1943 5283 Domini
1990 5229 2105 5284 dis-

528 5314 766 5382 cipulus,
815 5322 1003 5369 sancta
1045 5315 1140 5371 Dei
1189 5316 1451 5373 Ecclesiae
1495 5318 1773 5389 magister,
1818 5321 1929 5391 jam
1982 5318 2108 5374 ideo

528 5406 957 5464 existimandum
1020 5417 1107 5465 est
1171 5410 1406 5481 subjecti
1468 5410 1617 5466 illius
1672 5421 1729 5468 et
1786 5414 1951 5468 unius
2012 5414 2110 5469 lio-

467 5571 471 5575 .
530 5499 697 5554 minis
734 5500 815 5555 sic
869 5502 1124 5572 appellati
1172 5503 1529 5574 multiplicari
1583 5520 1817 5562 numero
1864 5506 2114 5561 substan-

533 5590 637 5644 tias
693 5602 749 5646 et
798 5607 1095 5661 personas,
1156 5609 1336 5664 neque
1404 5612 1531 5650 eum
1588 5612 1619 5651 a
1683 5597 1867 5667 seipse
1926 5598 2113 5652 diver-

532 5698 655 5736 sum
678 5699 912 5737 numero
934 5684 1240 5741 secundum
1266 5696 1519 5743 naturam
1540 5698 1597 5743 et
1618 5705 1944 5760 personam;
1972 5689 2114 5743 sicut

536 5775 705 5846 igitur
728 5775 987 5847 discipuli
1015 5785 1071 5832 et
1097 5779 1344 5845 magistri
1376 5780 1431 5835 in
1458 5780 1695 5836 diversis
1720 5781 1985 5852 subjectis
2010 5797 2113 5835 nu-

540 5867 752 5921 minum
785 5884 851 5922 ex
883 5868 1137 5924 confesso
1172 5869 1361 5924 diﬂ'ert
1393 5872 1743 5942 signiﬁcatio,
1780 5873 1855 5926 ita
1891 5888 2113 5942 quoque

541 5959 692 6027 ejus.
731 5960 1000 6016 Prwlerea
1056 5961 1312 6028 dicimus,
1356 5970 1564 6034 partem
1616 5964 2005 6035 etmjunetam,
2057 5964 2109 6017 id

2199 4764 2277 4835 τῷ
2320 4761 2538 4835 ἀριθμῷ
2571 4761 2680 4815 τῶν
2734 4763 3034 4834 ὁμοουσίων
3079 4762 3175 4815 καὶ
3220 4761 3517 4832 ὑπαρκτῶν
3571 4762 3790 4833 μερῶν.

2201 4856 2337 4910 υὺδὲ
2364 4855 2472 4927 γὰρ
2528 4856 2651 4909 ἐπεὶ
2686 4855 2829 4909 κατὰ
2862 4854 3150 4926 διαφόρους
3201 4854 3446 4918 ἐπινοίας
3505 4854 3636 4923 περὶ
3694 4851 3792 4905 τοῦ

2201 4948 2366 5004 αὑτοῦ
2399 4947 2713 5019 συμϐέϐηκε
2746 4946 3097 5017 πολυωνυμία
3120 4944 3250 4999 ποτέ
3280 4947 3375 4998 καὶ
3404 4944 3614 5015 πληθύς
3639 4946 3793 4997 ἐστιν

2204 5038 2438 5112 ἀριθμοῦ
2468 5038 2578 5092 τῶν
2605 5037 2750 5093 κατὰ
2776 5036 2873 5090 τοῦ
2903 5036 3067 5091 αὑτοῦ
3092 5037 3210 5101 ἐνὸς
3255 5035 3584 5107 πράγματος
3632 5037 3795 5105 λεγο-

2210 5135 2384 5204 μένων
2411 5133 2692 5203 ὀνομάτων
2713 5147 2730 5163 ⁸
2767 5124 2880 5185 οἷον
2921 5131 3123 5201 Σίμων,
3156 5131 3383 5202 Πέτρος,
3415 5131 3639 5198 Κηφᾶς,
3676 5129 3794 5197 Βᾶρ

2220 5226 2391 5290 Ἰωνᾶ,
2424 5225 2742 5295 ἀπόστολος,
2786 5220 3037 5296 μαθητής
3068 5240 3128 5276 τε
3159 5222 3255 5276 τοῦ
3301 5222 3532 5296 Κυρίου,
3565 5223 3667 5277 καὶ
3710 5223 3794 5277 δι·-

2209 5319 2474 5382 δὰσκαλος
2502 5320 2604 5390 τῆς
2632 5319 2794 5388 ἁγίας
2836 5318 2932 5372 τοῦ
2979 5316 3115 5372 Θεοῦ
3163 5314 3512 5385 Ἐκκλησιας,
3546 5315 3649 5386 ἥδη
3707 5316 3797 5369 διὰ

2208 5413 2350 5476 τόδε,
2382 5412 2477 5465 καὶ
2504 5411 2598 5465 τοῦ
2652 5411 3015 5482 ὑποκειμένου
3061 5408 3226 5463 αὑτοῦ
3263 5409 3357 5462 καὶ
3384 5408 3797 5478 ὀνομαζομένου

2211 5503 2330 5568 ἐνὸς
2361 5503 2650 5576 ἀνθρώπου
2683 5505 2774 5557 τὸν
2808 5504 3043 5574 ἀριθμὸν
3064 5506 3145 5568 είς
3181 5504 3372 5567 οὑσὶας
3402 5504 3435 5574 ἢ
3462 5503 3799 5568 ὑποστάσεις

2213 5595 2691 5667 συμπληθὺνεσθαι
2714 5596 2954 5664 νοητέον,
2978 5595 3099 5649 οὑδέ
3120 5595 3401 5667 διαφέρειν
3427 5594 3626 5649 ἐαυτοῦ
3654 5597 3803 5650 κατὰ

2212 5690 2305 5742 τὸν
2339 5688 2568 5758 φυσικὸν
2605 5689 2636 5759 ἢ
2674 5687 3037 5741 ὑποστατικὺν
3090 5688 3362 5759 ἀριθμόν’
3398 5686 3574 5749 οὑτως
3605 5686 3802 5759 ῶσπερ

2214 5785 2246 5852 ἡ
2278 5781 2372 5834 τοῦ
2402 5781 2647 5853 μαθητοῦ
2680 5780 2775 5835 καὶ
2802 5780 3123 5842 διδασκάλου
3146 5783 3201 5834 ἐν
3228 5783 3340 5843 τοῖς
3362 5780 3644 5847 διαφόροις
3672 5783 3803 5849 ὅμο-

2216 5872 2558 5941 λογουμένω;
2590 5870 2971 5939 ὑποκειμένοις
2999 5871 3280 5941 ὀνομάτων
3320 5870 3487 5923 αὑτοῦ
3518 5869 3802 5941 διενήνοχε

2224 5964 2493 6035 σημασία.
2521 5964 2662 6035 Πρὸς
2694 5961 2903 6026 τούτοις
2932 5962 2983 6015 δ.
3016 5978 3214 6033 φαμεν,
3246 5963 3341 6015 καὶ
3366 5960 3508 6014 ὥστε
3542 5961 3711 6033 μέρος
3738 5964 3799 6012 τ’,
