4032 6550
315 487 450 554 1525

1269 482 1666 547 ADVERSUS
1705 476 2330 540 NESTORIANOS.—
2345 477 2492 538 LIB.
2533 479 2611 536 ll.

3435 475 3567 539 1536
3623 449 3628 453 ’

312 607 570 662 συντεθὲν
600 608 765 678 ἤγουν
803 609 832 661 ὅ
856 606 998 670 θεῖος
1024 605 1198 674 Λόγος
1221 621 1236 636 ·
1268 603 1394 657 ἐπεὶ
1416 601 1626 656 δέδοται
1648 597 1886 669 ἀκρόταο

2005 595 2363 660 est,Vcrbum
2407 593 2681 660 divinum,
2719 596 2864 664 quod
2906 597 3091 652 datum
3137 608 3221 654 est
3255 615 3353 652 sua
3391 599 3573 667 pcrl’e-

309 716 403 753 τον
437 698 781 771 ὑπεροχικῶς
831 693 969 752 εἶναι
1021 696 1167 752 κατὰ
1213 694 1550 763 τελειότητα,
1582 690 1883 760 εὑδοκῆσαν

310 791 630 860 συντεθῆναι
684 791 868 859 μεῖζον
897 790 995 861 μὲν
1043 790 1076 860 ἢ
1119 787 1454 856 τελειότερον
1505 781 1700 836 ἑαυτοῦ
1741 781 1882 844 ὅλον,

309 882 410 937 οὑκ
439 884 506 938 ἂν
533 885 861 954 συστήσεται
891 881 1110 935 πώποτε
1131 897 1148 913 ο
1183 879 1297 948 εἴγε
1326 876 1543 947 ἀληθῶς
1572 873 1885 927 παντέλειον

311 967 453 1024 εἶναι
487 972 927 1045 μεμαρτύρηται,
957 971 1046 1024 διὰ
1071 970 1164 1024 τὸν
1207 971 1308 1039 τῆς
1335 967 1549 1036 φύσεως
1576 954 1774 1018 ἑαυτόῦ
1797 963 1887 1016 λό-

312 1079 409 1130 γον
428 1078 444 1093 ’
473 1063 588 1117 ἀλλ’
615 1064 738 1117 οὑδὲ
774 1065 926 1133 μεῖον
957 1061 1152 1116 ἑαυτοῦ
1184 1061 1404 1130 ποιήσει
1451 1075 1504 1112 τι
1545 1053 1688 1111 εἶναι
1719 1056 1781 1109 τὸ
1809 1056 1887 1108 oi-

312 1158 460 1209 κεῖον
489 1155 610 1210 ὅλον
635 1156 724 1210 διὰ
751 1157 842 1209 τὸν
883 1155 1066 1225 πάσης
1095 1154 1400 1215 συνθέσεως
1436 1150 1594 1219 λόγον
1614 1166 1630 1180 ο
1664 1149 1887 1218 μείζονα

309 1247 442 1319 γὰρ,
472 1247 600 1316 τόγε
630 1249 718 1302 ἐπ’
751 1248 955 1313 αὑτοῖς,
987 1247 1088 1300 οὑκ
1112 1246 1370 1300 ἐλάττονα
1391 1244 1590 1313 δήποτε
1613 1241 1887 1295 δείκνυται

309 1338 421 1391 τῶν
461 1337 644 1408 μερῶν
671 1337 740 1390 τὰ
770 1338 948 1391 οἰκεῖα
965 1337 1084 1390 ὅλα.
1116 1336 1252 1389 mea
1272 1336 1409 1404 μήτε
1436 1333 1620 1403 μεῖζον
1640 1328 1806 1384 αὑτοῦ
1827 1329 1888 1383 τὸ

309 1427 404 1482 τοῦ
421 1429 595 1496 Λόγου
610 1427 750 1490 ὅλον,
772 1427 859 1480 διὰ
874 1425 970 1497 τὴν
988 1427 1150 1495 φύσιν
1170 1425 1335 1478 αὑτοῦ
1358 1422 1514 1477 τοῦδε
1535 1421 1630 1476 τοῦ
1667 1421 1886 1492 μέρους,

313 1519 454 1590 μήτε
473 1518 529 1572 δὲ
542 1513 727 1589 ἦττον,
748 1517 837 1571 διὰ
859 1517 951 1570 τὸν
973 1517 1072 1586 τῆς
1098 1515 1398 1577 συνθέσεως
1427 1512 1615 1576 ἁπλῶς
1636 1511 1793 1580 λόγον
1809 1511 1892 1564 δεῖ

311 1607 474 1674 εἶναι,
492 1610 683 1664 ἑαυτὸν
709 1611 816 1680 ἄρα
833 1610 1081 1675 ἓξειὸλον
1101 1610 1162 1662 τὺ
1179 1607 1420 1662 ὁλοποιὸν
1446 1606 1612 1660 αὐτοῦ
1637 1605 1803 1676 μέρος·
1827 1621 1842 1635 ·
1860 1603 1889 1657 ὃ

312 1701 408 1754 καὶ
436 1699 494 1767 ἐξ
521 1701 768 1771 ἀνάγκης
803 1699 916 1754 ἴσον
948 1699 1027 1770 τῷ
1058 1699 1172 1770 ἰδίῳ
1203 1699 1361 1770 μέρει
1395 1697 1546 1750 ἔσται
1573 1697 1668 1749 καὶ⁹
1693 1697 1890 1748 οἰκεῖον

312 1791 482 1846 αὑτοῦ
513 1791 636 1844 ὅλου
659 1790 980 1860 λεγόμενον.
1009 1789 1136 1853 Πῶς
1161 1785 1253 1843 οὖν
1280 1789 1403 1841 ὅλου
1437 1787 1730 1856 ἑτερότητα
1753 1784 1892 1856 πρὸς

311 1884 382 1937 τὰ
417 1883 557 1955 μέρη
588 1883 680 1936 καὶ
711 1883 794 1936 ἑνὶ
819 1883 918 1953 τῆς
963 1881 1106 1936 κατὰ
1137 1882 1228 1936 τὸν
1251 1880 1532 1951 Δεσπότην
1561 1879 1720 1950 ἡμῶν
1743 1881 1892 1950 Χρι-

1989 686 2175 740 ctione
2201 685 2724 740 excellentissimum
2751 701 2896 749 esse,
2921 704 3017 742 eos
3041 689 3282 744 voluisse
3308 690 3571 759 majorem

1989 784 2047 832 et
2075 774 2463 846 perfectiorem
2492 775 2674 846 seipso
2705 776 2760 830 in
2797 786 2910 832 toto
2941 778 3140 842 facere,
3169 780 3264 834 sed
3300 780 3403 834 hoc
3431 796 3576 834 nuu-

1989 883 2156 940 quam
2188 884 2310 925 esse
2341 883 2685 923 mansurum.
2706 868 2762 924 Si
2799 885 2930 926 vere
2960 872 3420 941 perfectissimum
3449 889 3574 928 esse

1959 983 1961 986 ·
1993 964 2285 1035 probatura
2313 973 2420 1031 est,
2445 965 2753 1020 secundum
2779 966 2898 1037 ejus
2925 976 3138 1022 natura:
3163 969 3455 1033 rationem,
3483 969 3572 1022 ni-

1993 1057 2071 1111 hil
2099 1056 2288 1126 seipso
2311 1055 2494 1113 minus
2523 1066 2698 1112 totum
2729 1059 3035 1128 proprium,
3063 1075 3160 1128 per
3183 1075 3575 1131 quamcunque

1993 1151 2437 1220 conjunctionem
2462 1168 2477 1218 ;
2508 1159 2621 1206 tota
2651 1153 2798 1206 enim
2827 1159 3043 1206 constat
3070 1154 3277 1223 majora
3306 1154 3425 1208 suis
3450 1170 3577 1224 par-

1996 1240 2146 1294 tibus
2175 1254 2318 1296 esse.
2372 1240 2431 1296 Si
2463 1250 2648 1298 autem
2681 1257 2794 1297 non
2835 1244 3012 1314 majus
3039 1243 3206 1298 Verbi
3225 1253 3422 1309 t0tum,
3451 1262 3576 1314 pro-

1994 1340 2119 1401 pter
2141 1331 2306 1403 hujus
2332 1333 2505 1403 partis
2532 1342 2808 1400 naturam,
2837 1351 3020 1406 neque
3051 1335 3236 1391 minus
3258 1351 3380 1391 esse
3409 1351 3575 1406 Opor-

1996 1433 2109 1490 tet,
2161 1435 2388 1496 propter
2429 1427 2840 1498 conjunctionis
2889 1427 3217 1498 simpliciter
3267 1429 3572 1495 rationem,

1995 1531 2122 1585 pars
2168 1516 2260 1572 illa
2299 1533 2422 1588 qua:
2460 1528 2636 1575 totum
2677 1519 2969 1576 constituit
3007 1519 3251 1590 scipsum
3296 1530 3358 1576 ut
3401 1530 3576 1576 totum

1997 1608 2244 1676 habebit,
2271 1610 2418 1680 quod
2447 1611 2760 1666 necessario
2790 1611 3027 1682 propriae
3045 1613 3184 1681 parti
3215 1612 3324 1668 erit
3343 1615 3576 1683 aequale,

1995 1709 2054 1756 et
2084 1702 2254 1756 totius
2288 1703 2576 1772 proprium
2599 1702 2836 1758 dicetur.
2871 1702 3161 1769 Quomodo
3195 1719 3326 1774 ergo
3359 1704 3576 1758 admitti

1998 1794 2068 1849 ab
2101 1811 2212 1849 uno
2244 1804 2431 1864 posset
2463 1803 2636 1850 totum
2693 1795 2844 1850 aliud
2873 1811 2995 1850 esse
3024 1811 3053 1849 a
3086 1795 3339 1865 partibus
3370 1797 3425 1850 in
3459 1813 3577 1868 my-

1999 1887 2168 1941 sterio
2205 1885 2413 1942 Christi
2455 1887 2672 1942 Domini
2710 1887 2927 1943 nostri?
2958 1888 3075 1943 Hoc
3111 1888 3278 1944 etiam
3316 1888 3576 1952 dicimus.

315 1979 442 2033 στὸν
471 1976 786 2047 οἰκονομίας
821 1975 1228 2042 συλλογίζεσθαι
1258 1974 1323 2030 ἂν
1353 1975 1439 2043 εἴη
1465 1991 1480 2039 ;
1521 1970 1600 2024 ἔτι
1629 1971 1685 2025 δέ
1713 1988 1900 2042 φαμεν

2005 1993 2196 2049 nempe
2224 1979 2272 2034 si
2301 1995 2464 2034 omne
2487 1980 2722 2050 simplex
2750 1980 2803 2034 in
2833 1980 3141 2051 composito
3165 1989 3224 2036 et
3246 1981 3427 2036 omnis
3453 1997 3580 2051 pars

314 2071 396 2134 ὼς
421 2072 470 2123 εἰ
497 2070 607 2124 πᾶν
645 2067 852 2124 ἁπλοῦν
879 2070 938 2121 ὲν
968 2067 1045 2138 τῷ
1074 2066 1331 2136 συνθέτῳ,
1362 2064 1459 2119 καὶ
1488 2064 1597 2116 πᾶν
1627 2062 1792 2133 μέρος
1834 2063 1892 2114 ὲν

313 2161 394 2232 τῷ
429 2161 541 2233 [δίῳ
581 2161 688 2228 ὅλῳ
735 2160 816 2213 δεῖ
865 2155 1184 2213 εἶναι’κπᾶν
1227 2157 1282 2210 δὲ
1310 2156 1368 2210 ὃν
1391 2155 1488 2210 καὶ
1514 2155 1815 2224 γινόμενον,
1838 2153 1897 2206 ὲν

319 2253 479 2324 μέρει
530 2251 648 2306 ἐστὶ
695 2251 893 2322 τούτῳ,
919 2250 1086 2322 ἤγουν
1114 2247 1192 2318 τῷ
1228 2247 1356 2316 θείῳ
1385 2247 1564 2316 Λόγῳ·
1598 2244 1713 2306 πῶς
1740 2246 1895 2296 ἔσται

317 2363 372 2398 τι
408 2344 470 2398 τὸ
495 2344 615 2397 καθ’
646 2343 779 2396 αὐτὸ
805 2342 991 2408 ἕτερον
1019 2340 1186 2395 αὑτοῦ
1221 2337 1500 2403 σύνθετον,
1556 2337 1652 2389 καὶ
1692 2333 1813 2388 ὅλον
1843 2349 1899 2385 τι

319 2437 756 2508 καθολικώτερον
784 2436 984 2502 αὑτοῦ;
1025 2434 1113 2487 ἵνα
1137 2432 1243 2486 ὑπὸ
1272 2430 1425 2484 τοῦδε
1464 2427 1773 2500 περιέχοιτο
1800 2425 1898 2479 αὑ·

318 2531 412 2593 τὸς
437 2533 465 2583 ὅ
494 2529 666 2598 Λόγος
711 2532 739 2582 ὅ
788 2527 966 2582 πάντα
1010 2523 1280 2597 περιέχων
1299 2539 1313 2553 ·
1344 2519 1508 2584 αὐτὸς
1555 2520 1664 2588 γάρ
1692 2519 1807 2572 ἐστι
1839 2517 1901 2571 τὸ

321 2623 597 2693 πλήρωμα
627 2621 688 2676 τὸ
711 2613 781 2674 τὰ
810 2620 988 2674 πάντα
1018 2619 1077 2671 ὲν
1114 2616 1248 2670 πᾶσι
1279 2610 1682 2683 πληρούμενον.

2002 2070 2058 2124 in
2091 2077 2207 2124 toto
2237 2070 2463 2140 proprio
2493 2086 2616 2126 esse
2650 2070 2852 2134 debet,
2884 2087 3230 2141 quaecunque
3262 2081 3444 2126 autem
3477 2087 3576 2126 ex-

2002 2162 2207 2216 sistunt
2237 2171 2334 2215 aut
2366 2171 2498 2217 sunt
2529 2162 2673 2218 facta
2708 2162 2764 2216 in
2801 2163 2894 2216 illa
2927 2171 3085 2232 parte
3117 2171 3278 2229 sunt,
3312 2163 3367 2217 id
3403 2172 3486 2217 est
3522 2164 3578 2218 in
3624 2156 3629 2168 ’

2001 2253 2191 2308 divino
2216 2254 2420 2319 Verbo,
2449 2253 2731 2324 quomodo
2758 2254 2965 2323 aliquid
2994 2255 3102 2309 erit
3130 2246 3305 2308 totum
3337 2254 3392 2308 in
3423 2269 3481 2308 se
3508 2254 3579 2308 ab

2001 2359 2069 2400 eo
2101 2345 2249 2400 aliud
2284 2353 2341 2400 et
2373 2361 2442 2400 co
2475 2345 2846 2400 universalius
2873 2360 2986 2415 quo
3017 2346 3372 2400 contineatur
3392 2347 3582 2399 omnia

2003 2437 2058 2491 in
2080 2451 2139 2492 se
2172 2437 2502 2504 continens;
2533 2435 2819 2508 plenitudo
2850 2436 3002 2493 enim
3034 2444 3122 2492 est
3153 2437 3339 2492 omnia
3375 2437 3431 2492 in
3465 2452 3585 2493 om-

2006 2529 2172 2584 nibus
2200 2529 2440 2600 replens.

1578 2983 1584 2989 .
1669 3041 2037 3134 ΛΟΓΟΣ
2113 3044 2221 3127 Βυ.

401 3209 692 3282 Δευτέρας
727 3210 1005 3277 ἀσεϐείας
1027 3208 1231 3271 αὐτῶν
1257 3209 1509 3283 ἔλεγχος
1544 3215 1846 3283 λεγόντων
1871 3210 1982 3283 δύο
2020 3209 2119 3283 nol
2147 3210 2218 3263 οὺ

2248 3209 2396 3279 μίαν
2429 3205 2541 3279 τὴ]-
2584 3206 2934 3262 ὐπόστασιν
2964 3205 3034 3260 ἐκ
3075 3203 3184 3274 τῆς
3229 3202 3376 3257 κατά
3408 3202 3522 3272 τὴν

1295 3277 1753 3352 σᾶῥᾶιωσινίτοῦ
1800 3281 1997 3350 Λόγου
2026 3277 2371 3350 oixoroju’aq
2405 3277 2674 3346 ὁρᾶσθαι.

1658 3501 2036 3680 LIBER
2141 3576 2266 3679 ιι.
2344 3588 2349 3592 -

477 3770 785 3842 Confutatio
812 3768 1052 3824 secunda:
1079 3769 1365 3840 impietatis
1395 3783 1501 3838 qua
1544 3768 1724 3892 dicuéit
1761 3768 2055 3850 duas,_non
2092 3781 2257 3848 unum
2285 3779 2600 3848 .personam,
2618 3763 2673 3818 in
2726 3762 2872 3818 Verbi
2898 3779 2994 3834 per
3034 3765 3454 3823 incarnationem

1684 3847 2036 3892 unensatwne
2075 3851 2317 3892 reperiri.

1684 3847 2036 3909 ispensatione
2075 3847 2317 3908 reperiri.

409 4083 698 4156 Σημαίνει,
734 4081 922 4152 φασὶν,
951 4081 1325 4152 ὴὺπόστασις,
1355 4083 1488 4134 ποτὲ
1516 4081 1616 4152 μέν
1652 4097 1734 4135 τοι
1757 4081 1901 4135 ὲνού-

2085 4084 2348 4147 Persona,
2384 4082 2664 4152 inquiunt,
2711 4081 3068 4138 substantiale
3114 4083 3249 4153 quid
3303 4084 3594 4156 signiﬁcat,

339 4194 477 4240 σιον,
495 4177 568 4239 ὼς
594 4177 678 4242 τὸ,
697 4175 1012 4242 Μνήσθητι
1033 4175 1117 4240 τις
1135 4175 1305 4245 novi;
1341 4173 1662 4236 ὑπόστασις,
1693 4173 1785 4226 καὶ
1813 4191 1918 4242 χα-

330 4269 565 4338 ρακτὴρ
591 4267 700 4336 τῆς
723 4266 1120 4333 ὑποστάσεως
1149 4266 1337 4320 αὑτοῦ
1364 4281 1377 4294 ’
1404 4265 1536 4318 ποτὲ
1575 4265 1634 4318 δὲ
1669 4265 1918 4320 ἁνούσιόν

337 4379 413 4416 τι.
441 4360 515 4424 ὡς
535 4360 618 4426 τὸ,
635 4360 722 4412 Ἐν
747 4359 919 4430 ταύτῃ
937 4361 1000 4430 τῇ
1026 4359 1322 4412 ὑποστάσει
1338 4358 1436 4429 τῆς
1452 4355 1774 4427 καυχήσεως
1792 4372 1914 4428 μου·

339 4452 473 4506 ποτὲ
521 4453 579 4505 δέ
653 4468 816 4504 τινων
873 4450 1222 4522 συνάθροισιν
1273 4447 1678 4520 ὁμονοούντων·
1725 4448 1801 4512 ὡς
1833 4448 1914 4517 τὸ,

341 4545 600 4616 Ἐξῆλθον
633 4546 824 4617 ἄνδρες
846 4548 910 4598 ὲκ
945 4546 1042 4617 τῆς
1075 4545 1424 4608 ὑποστάσεως
1450 4544 1559 4597 τῶν
1581 4543 1913 4612 ἀλλοφύλων.

343 4638 409 4692 Εἰ
443 4637 543 4706 μὲν
589 4632 682 4689 οὖν
733 4637 875 4690 κατὰ
905 4636 965 4688 τὸ
1007 4636 1334 4702 τελευταῖον,
1367 4635 1522 4705 φασὶ,
1549 4634 1648 4706 τὴν
1682 4635 1919 4688 ὑπόστα-

343 4750 430 4786 σιν
464 4733 586 4784 ἀντὶ
641 4730 736 4783 τοῦ
765 4728 1152 4782 ταυτοϐουλίαν
1189 4731 1283 4782 καὶ
1329 4728 1794 4800 ὁμογνωμοσύνην
1823 4744 1920 4797 ση-

347 4823 563 4894 μαίνειν
605 4820 716 4873 τῶν
760 4818 996 4889 φύσεων,
1029 4819 1376 4890 συγχωροῦσι
1401 4820 1647 4890 δηλονότι
1678 4819 1820 4873 κατὰ
1852 4817 1921 4871 τὰ.

344 4915 540 4988 πρῶτα
587 4914 682 4968 δύο
719 4912 902 4980 λέγειν
957 4913 1106 4982 ἡμᾶς
1158 4912 1255 4972 τὰς
1289 4913 1615 4976 ὑποστάσεις
1667 4911 1775 4964 τῶν
1827 4909 1921 4963 δύο

346 5007 598 5077 φύσεων·
657 5007 706 5058 εἰ
764 5005 820 5058 δὲ
885 5004 1029 5058 κατὰ
1075 5004 1136 5057 τὸ
1174 5003 1456 5075 δεύτερον,
1515 5005 1720 5073 φασὶν,
1761 5001 1920 5056 ἀνού-

347 5101 460 5152 σιόν
491 5117 542 5152 τι
603 5097 920 5169 βουλόμενοι
979 5095 1150 5160 δεῖξαι
1209 5095 1271 5148 τὸ
1316 5096 1376 5160 ἐξ
1425 5092 1760 5166 ἀμφοτέρων
1808 5094 1920 5148 τῶν

346 5192 604 5260 φύσεων,
650 5192 770 5244 οὑδὲ
817 5190 1162 5262 ἀποκρίσεως
1210 5188 1392 5253 ἄξιοι·
1438 5190 1488 5242 εἰ
1535 5188 1590 5242 δὲ
1651 5187 1795 5242 κατὰ
1861 5186 1923 5240 τὸ

347 5283 586 5353 πρῶτον,
603 5281 910 5335 εἰπάτωσαν
935 5281 1043 5333 τίνι
1073 5278 1410 5348 καθέστηκεν
1432 5277 1571 5349 αὕτη
1597 5277 1884 5348 ὁμοούσιος
1905 5293 1919 5306 ο

2019 4185 2082 4230 ut
2131 4174 2394 4230 Memento
2454 4178 2579 4240 mei,
2612 4189 2863 4245 persona,
2913 4184 3012 4230 et:
3055 4173 3254 4245 Figura
3288 4175 3596 4230 subsiantaw

2018 4270 2165 4340 ejus;
2203 4268 2496 4338 aliquando
2546 4277 2730 4323 autem
2778 4267 2911 4338 quid
2937 4283 3046 4322 non
3079 4267 3454 4333 substantiale,
3489 4280 3546 4323 ut
3581 4289 3596 4326 :

2019 4361 2079 4416 In
2120 4362 2209 4417 illa
2243 4377 2478 4432 persona
2529 4361 2877 4433 gloriationis
2923 4376 3093 4428 meae;
3134 4361 3430 4431 aliquando
3468 4380 3597 4418 vero

2020 4456 2496 4526 congregationem
2531 4454 2899 4519 unanimium,
2941 4462 3006 4508 ut
3050 4471 3062 4507 :
3092 4452 3358 4510 Exierunt
3399 4456 3501 4510 viri
3531 4473 3598 4511 cx

2022 4561 2259 4615 persona
2294 4546 2752 4616 alienigenarum.
2789 4544 2843 4599 Si
2878 4559 3010 4614 ergo
3045 4546 3235 4599 ultimo
3265 4561 3428 4600 sensu
3469 4562 3600 4616 per4

2019 4650 2212 4689 sonam
2239 4634 2541 4700 dicunt,_id
2573 4645 2678 4697 est,
2704 4643 2764 4688 ut
2792 4633 3102 4703 signiﬁcent
3123 4643 3443 4688 naturarum
3471 4649 3586 4690 con-

2021 4729 2331 4785 sensionem
2361 4738 2418 4783 et
2444 4727 2817 4789 concordiam,
2843 4725 3129 4781 manifeste
3163 4727 3474 4782 concedunt
3499 4744 3602 4783 nos

2021 4819 2206 4874 dicere
2223 4818 2529 4875 secundum
2557 4819 2701 4874 duos
2717 4817 2931 4888 priores
2949 4833 3163 4884 sensus,
3188 4833 3450 4888 personas
3469 4819 3602 4873 dua-

2023 4925 2146 4965 rum
2195 4918 2550 4977 naturarum;
2594 4911 2640 4965 si
2687 4917 2872 4964 autem
2916 4909 2984 4964 ad
3018 4910 3321 4965 secundum
3355 4925 3598 4975 sensum,

2023 5002 2098 5057 ita
2121 5009 2182 5056 ut
2207 5017 2320 5058 non
2347 5001 2709 5057 substantiale
2736 5016 2857 5057 esse
2886 5001 3032 5072 quod
3058 5017 3124 5057 ex
3150 5000 3365 5058 duabus
3389 5005 3603 5060 naturis

2022 5102 2261 5160 constat,
2324 5093 2616 5150 intendere
2659 5093 2850 5159 velint,
2903 5093 3281 5164 responsionis
3323 5112 3435 5150 non
3471 5105 3602 5153 sunt

2022 5185 2210 5256 digni;
2243 5185 2286 5241 si
2319 5201 2451 5241 vero
2500 5184 2566 5240 ad
2598 5186 2859 5257 primum,
2883 5185 3071 5241 dicant
3095 5186 3184 5240 cui
3218 5186 3323 5242 fuit
3355 5189 3444 5242 illa
3471 5204 3603 5244 con-

2023 5277 2409 5333 substantialis
2455 5296 2468 5331 :
2498 5286 2596 5332 aut
2643 5276 2835 5343 David,
2867 5275 2937 5331 de
2983 5291 3093 5346 quo
3127 5275 3264 5330 dixit
3301 5297 3312 5332 :
3343 5277 3602 5332 Memento

345 5377 415 5447 τῇ
461 5373 554 5428 τοῦ
585 5373 747 5426 Δαὸὶδ
806 5372 936 5445 περὶ
985 5367 1056 5446 ἦς
1098 5368 1250 5424 εἴπεο
1309 5371 1625 5438 Μνήσθητι
1666 5372 1751 5434 τίς
1799 5387 1901 5440 μοι

2027 5373 2130 5427 mei
2165 5373 2204 5438 ¹,
2239 5386 2510 5442 persona;
2541 5379 2635 5426 aut
2685 5369 2865 5426 Patris
2911 5367 2980 5423 de
3033 5384 3144 5439 quo
3193 5369 3402 5424 dictum
3456 5378 3540 5426 est
3585 5388 3599 5425 :

347 5432 739 5538 ὴηὺπέστασίςν
773 5466 806 5537 ἦ
849 5432 916 5538 τὲ]
960 5432 1056 5518 ἐδδ
1121 5463 1334 5536 Πατρδς
1381 5432 1512 5536 πέρὶ
1551 5432 1640 5535 ’ἧς
1682 5432 1897 5534 simi-cat

2029 5432 2571 5533 Figurasubstantiw
2595 5462 2708 5532 ejus
2732 5463 2786 5516 ’ἲ
2816 5460 2924 5518 Sed
2953 5460 2997 5516 si
3031 5432 3206 5516 ﬁatris
3236 5461 3513 5531 quomodo
3536 5479 3604 5517 ex

351 5555 660 5626 χαρακτὴρ
696 5555 810 5624 τῆς
850 5554 1251 5621 ὑποστάσεως
1283 5554 1518 5619 acroi;
1554 5553 1702 5606 Ἀλλ’
1728 5556 1776 5606 εἰ
1821 5551 1901 5624 μὲ·

2031 5553 2250 5610 duabus
2278 5554 2495 5609 naturis
2524 5553 2746 5619 coaluit,
2776 5568 2901 5608 cum
2936 5553 3168 5623 simplex
3196 5551 3257 5606 ﬁt
3282 5552 3460 5607 Patris
3483 5569 3605 5622 per-

348 5651 419 5719 τῇ
473 5647 569 5700 τοῦ
632 5648 866 5718 Πατρὶς,
900 5647 1014 5710 πῶς
1079 5648 1144 5701 ὲκ
1203 5647 1298 5700 δύο
1357 5647 1574 5717 φύσεων
1657 5645 1901 5717 συνέστη·

2032 5647 2200 5703 sona?
2233 5647 2463 5718 Oportet
2492 5648 2638 5704 enim
2667 5647 2914 5702 eamdem
2951 5646 3273 5702 substantia:
3313 5646 3604 5712 rationem,

352 5757 466 5806 κεν,
519 5739 697 5810 ἁπλῆς
723 5739 1072 5812 ὑπαρχούσης
1115 5739 1216 5803 τῆς
1264 5737 1360 5794 τοῦ
1409 5739 1666 5812 Πατρός;
1704 5738 1785 5793 δεῖ
1817 5737 1901 5811 γὰι

2033 5739 2282 5796 eamdem
2313 5755 2532 5812 quoque
2579 5739 2938 5808 voluntatem,
2975 5739 3310 5796 substantias
3337 5754 3458 5809 qua:
3479 5753 3607 5808 pcr-

430 5923 442 5952 '
482 5921 623 5976 l‘sal.
651 5938 794 5987 xxxv,
827 5922 878 5976 7.
958 5922 978 5953 ²
1005 5921 1152 5977 llebr
1210 5939 1248 5978 ι.
1279 5922 1328 5977 5.
