4032 6600
341 557 344 562 η
436 510 569 573 ιὸῗῗ

1691 497 2006 561 LEONTII
2040 491 2446 557 BYZANTINI

3566 477 3714 544 1538

429 634 580 675 SODtB
605 615 905 682 dicuntur;
946 620 1138 685 postea
1178 614 1367 670 dicant
1389 611 1521 683 quid
1553 612 1627 667 sit
1652 621 2021 668 consubstan-

2144 610 2217 664 τὸν
2264 609 2426 663 αὑτὸν
2476 608 2620 678 ἔχειν
2662 604 2829 673 λόγον
2866 602 2971 674 »τῆς
2999 599 3207 666 οὐσίας,
3252 601 3347 654 καὶ
3394 595 3497 670 τὴν
3530 597 3716 666 αὐτὴν

432 710 597 776 tiale;
639 708 687 764 si
723 722 854 764 vero
901 722 1014 762 non
1064 705 1277 770 Patris,
1328 706 1426 762 sed
1476 705 1672 771 David,
1744 704 2026 775 quomodo

429 814 550 857 eam
574 814 644 853 ex
670 797 887 853 duabus
915 795 1132 851 naturis
1161 807 1436 860 constare,
1468 810 1580 850 non
1613 810 1683 850 ex
1703 809 1937 864 corpore
1970 802 2029 849 et

428 893 615 947 anima
660 899 919 946 constare
965 889 1196 944 volunt?
1244 888 1394 946 Talis
1442 889 1593 945 enim
1649 887 1754 942 fuit
1805 888 2028 943 Davidis

431 999 705 1056 persona;
738 983 785 1038 si
810 997 946 1038 .vero
976 997 1160 1051 neque
1192 981 1324 1047 hoc,
1356 997 1538 1052 neque
1562 980 1719 1045 illud,
1756 981 1900 1036 alius
1928 996 2031 1052 ge-

433 1074 587 1130 neris
631 1089 795 1146 quam
840 1088 1039 1129 omnes
1084 1087 1251 1142 quem
1292 1072 1655 1129 introducitis
1687 1071 1880 1135 Filius,
1920 1087 2029 1128 nec

435 1168 600 1223 nobis
626 1182 734 1222 nec
760 1151 963 1222 sanctae
995 1163 1255 1219 Trinitati
1292 1163 1801 1221 consubstantialis.
1837 1162 1947 1219 Sed
1978 1165 2028 1221 si

437 1261 639 1319 dicatis
681 1276 750 1316 ex
790 1267 947 1334 parte
983 1260 1205 1329 utrique
1248 1255 1799 1321 consubstantialem,
1830 1255 2029 1311 scitote

437 1352 933 1412 consubstantialia
963 1368 1074 1407 non
1093 1350 1206 1422 pati
1239 1365 1310 1405 ex
1332 1357 1490 1420 parte
1536 1348 2029 1406 consubstantialia

439 1462 562 1502 esse
588 1462 603 1512 ;
632 1446 726 1501 illa
770 1445 918 1500 enim
949 1443 1162 1498 ratione
1190 1440 1509 1497 omnimode
1538 1441 2031 1497 eonsubstantialia

441 1547 606 1606 sunt;
633 1552 764 1595 sane
793 1535 941 1607 quod
968 1551 1037 1591 ex
1065 1542 1223 1606 parte
1259 1534 1403 1590 liuic
1443 1544 1501 1590 et
1534 1533 1615 1590 illi
1660 1533 2029 1590 consubstan-

444 1629 575 1686 tiale
627 1638 744 1693 est,
799 1626 1050 1683 neutrius
1098 1633 1283 1697 potest
1327 1640 1451 1682 esse
1502 1625 1704 1690 Filius;
1756 1624 2031 1679 ostendite

444 1720 593 1775 enim
668 1717 801 1790 quid
870 1716 1108 1773 diversis
1169 1732 1239 1771 ex
1299 1722 1458 1786 parte
1520 1714 2026 1782 consubstantiale,

449 1813 740 1882 utriusque
766 1810 930 1865 fuerit
952 1809 1146 1865 Filius.

2131 700 2337 770 νόησιν,
2374 699 2474 762 τάς
2513 697 2705 761 οὐσίας
2738 694 3040 765 λεγσμὲνας
3080 691 3437 754 ὑποστάσειςο
3468 689 3594 742 ἐπὶ
3620 688 3717 741 λε⁸

2127 795 2378 860 γέτωσαν
2409 791 2464 844 τί
2508 791 2572 845 τὸ
2622 787 2936 861 ὁμοούσιον.
2984 786 3052 840 El.
3100 786 3158 840 δὲ
3209 783 3287 852 μὴ
3311 781 3410 837 τοῦ
3467 780 3713 849 Πατρδς,

2128 882 2265 939 ἀλλά
2292 884 2359 953 τῇ
2388 880 2483 934 τοῦ
2513 880 2698 947 Δαὸὶδ,
2726 879 2849 944 πῶς
2870 881 2937 933 ὲκ
2958 877 3052 932 δύο
3077 878 3296 947 φύσεων
3323 874 3579 943 λέγοντες
3608 872 3719 926 αὑ·

2128 972 2229 1040 τὴν
2255 971 2358 1025 οὑκ
2399 972 2467 1024 ἐκ
2511 971 2692 1042 ψυχῆς
2732 970 2826 1023 καὶ
2855 968 3108 1039 σώματος
3134 960 3461 1021 συνεστάναι
3494 963 3719 1035 βούλον-

2127 1079 2257 1128 ut;
2286 1061 2508 1133 τοιαύτη
2536 1062 2647 1134 γὰρ
2682 1063 2718 1132 η
2747 1061 2842 1115 τοῦ
2869 1059 3053 1114 Δαϐίδ.
3084 1058 3149 1113 Εἰ
3176 1058 3233 1113 δὲ
3262 1058 3386 1112 οὐδὲ
3408 1055 3595 1121 τοῦτο,
3621 1054 3722 1107 οὑ-

2128 1154 2188 1208 δὲ
2212 1156 2413 1219 ἐκεῖνο,
2439 1157 2608 1209 πᾶσιν
2644 1154 2989 1225 ἐτεροούσιος
3016 1153 3046 1206 ὁ
3076 1151 3209 1223 παρ’
3237 1149 3394 1221 ὑμῶν
3416 1147 3725 1217 εἰσαγόμε-

2131 1267 2223 1314 νος
2251 1251 2399 1314 Υἱὸς,
2436 1250 2533 1303 καὶ
2567 1248 2690 1302 οὑδὲ
2728 1248 2863 1319 ἡμῖν
2894 1245 3016 1299 οὑδὲ
3038 1246 3107 1316 τῇ
3130 1243 3268 1316 ἁγίᾳ
3295 1240 3491 1310 Τριάδι
3512 1239 3723 1311 69006-

2131 1342 2266 1407 σὶος.
2308 1343 2371 1396 Ei
2422 1342 2482 1398 δὲ
2526 1342 2713 1411 λέγετε
2742 1343 2807 1394 ὲκ
2842 1342 3042 1413 μέρους
3093 1340 3190 1393 καὶ
3242 1337 3423 1409 τούτῳ
3471 1332 3723 1403 κάκείνῳ

2130 1434 2438 1505 δμοούσιος,
2474 1432 2775 1504 γινώσκετε
2820 1434 2903 1488 ὅτι
2940 1433 3013 1487 τά
3062 1428 3328 1503 δμοούσια
3376 1430 3479 1482 οὑκ
3521 1430 3588 1482 ὲκ
3618 1426 3726 1497 μέ-

2134 1544 2265 1599 ρους
2310 1527 2464 1581 -οέλει
2513 1525 2779 1597 ὁμοούσια
2825 1520 3004 1580 εἶναι·
3054 1524 3136 1595 τῷ
3186 1525 3296 1593 γὰρ
3348 1522 3509 1591 Λόγῳ
3541 1517 3727 1587 τούτῳ

2130 1618 2484 1674 παντάπασιν
2527 1618 2794 1692 ὁμοούσια
2844 1617 3000 1673 ἔσται
3020 1632 3037 1648 ⁸
3072 1617 3210 1680 ὅλως
3240 1615 3300 1669 δὲ
3324 1613 3387 1671 τὸ
3417 1615 3483 1667 ὲκ
3515 1612 3728 1683 μέρους

2131 1712 2309 1785 τούτῳ
2360 1714 2600 1785 κάκείνῳ
2647 1711 2958 1784 ὑμοούσιον,
3006 1710 3292 1781 οὐδετέρου
3316 1707 3548 1762 δύναται
3577 1700 3725 1759 εἶναι

2132 1806 2263 1868 Υἱός
2284 1821 2303 1839 β
2338 1805 2464 1859 ἐπεὶ
2495 1805 2710 1873 δείξατε
2738 1822 2792 1858 τι
2822 1805 2889 1858 ὲκ
2924 1804 3126 1876 μέρους
3161 1801 3410 1872 ὑπάρχον
3430 1795 3728 1873 δμοούσισν

2130 1889 2433 1974 διαφόροις,
2467 1901 2562 1954 καὶ
2587 1899 2873 1971 γινόμενον
2902 1897 3098 1952 τούτου
3123 1895 3381 1951 κάκείνου
3402 1893 3557 1949 Υίόν.

516 1996 708 2055 Priore
743 2005 928 2053 vestro
953 2002 1285 2065 argumento
1320 1992 1434 2063 jam
1469 1993 1730 2055 contrito,
1766 2007 2034 2063 superva-

2212 1970 2351 2064 Ἤδη
2404 1994 2505 2063 μὲν
2555 1993 2659 2063 τῆς
2711 1970 2985 2065 προτέρας
3034 1989 3191 2060 ὑμῶν
3222 1987 3534 2050 ὑποθέσεως
3587 2002 3730 2039 κατ·

447 2104 682 2146 caneum
728 2095 876 2143 esset
921 2086 1082 2141 vobis
1122 2084 1191 2139 ad
1226 2083 1511 2153 sequentia
1562 2082 1920 2154 respondere.
1978 2082 2037 2138 Si

448 2182 599 2238 enim
627 2196 781 2247 vere,
811 2187 873 2235 ut
909 2186 1192 2233 ostensum
1235 2186 1340 2242 est,
1368 2175 1688 2248 coniunctio
1730 2173 1840 2229 fuit
1871 2183 2063 2231 natu-7

453 2289 642 2329 rarum
670 2281 728 2328 et
767 2268 1075 2327 secundum
1110 2283 1436 2340 personam,
1472 2283 1583 2322 non
1617 2277 1803 2322 autem
1844 2280 2038 2335 perso-

455 2381 651 2422 narum
686 2364 842 2431 unio,
874 2364 929 2419 in
958 2363 1184 2425 Christo
1233 2361 1466 2417 Domino
1503 2367 1716 2424 nostro,
1761 2360 1907 2417 sicut
1941 2375 2041 2415 vos

454 2461 560 2531 ipsi
588 2475 741 2531 nunc
785 2458 855 2514 de
898 2456 1081 2515 anima
1118 2463 1178 2519 et
1217 2470 1451 2526 corpore
1483 2453 1652 2509 David
1701 2452 2037 2523 supponitis,

456 2550 810 2607 manifestum
837 2563 1002 2604 unam
1037 2546 1372 2612 necessario,
1396 2562 1508 2601 non
1527 2556 1714 2601 autem
1737 2545 1896 2608 duas,
1917 2557 2043 2599 esse

455 2642 818 2713 compositam
868 2654 1180 2711 personam.
1220 2638 1331 2694 Sed
1380 2655 1451 2694 ne
1495 2639 1784 2694 videamur
1828 2647 2045 2694 vestros

458 2735 805 2807 syllogismos
835 2740 1093 2801 tanquam
1125 2732 1181 2784 in
1222 2730 1516 2801 posteriori
1546 2738 1873 2802 argumento
1903 2728 2042 2783 vali—

457 2828 642 2883 diores
688 2827 885 2891 vitare,
919 2825 1215 2896 adiuvante
1244 2824 1368 2881 Deo
1398 2824 1499 2881 bis
1534 2839 1759 2894 quoque
1786 2822 2046 2881 omnibus

459 2918 795 2976 sullieienter
826 2930 1221 2982 occurremus;
1257 2915 1350 2985 qui
1390 2914 1607 2972 sincere
1634 2915 1924 2971 veritatem
1955 2915 2042 2971 in-

458 3012 710 3083 quirunt,
742 3024 853 3063 non
884 3016 1118 3063 utuntur
1150 3007 1207 3062 in
1239 3023 1305 3063 ea
1339 3005 1671 3077 inquirenda
1702 3007 2045 3062 instrumen—

461 3106 535 3157 tis
569 3102 624 3157 in
657 3116 907 3157 errorem
940 3098 1250 3171 agentibus,
1281 3098 1362 3153 uti
1400 3113 1500 3154 vos
1541 3098 1743 3154 facitis.
1771 3099 2043 3165 Quoniam

459 3196 668 3253 etenim
699 3194 1032 3250 indiscretus
1059 3208 1191 3249 usus
1220 3190 1505 3248 nominum
1531 3208 1653 3262 qua:
1683 3192 1884 3246 multas
1910 3207 2047 3263 pne-

2138 2087 2484 2158 ηργημένης,
2548 2085 2802 2157 περιττὸν
2840 2079 2914 2156 ’ἦν
2966 2084 3064 2137 καὶ
3113 2082 3253 2153 πρὸς
3292 2081 3367 2135 τὰ
3410 2078 3545 2150 ἑξῆς
3592 2078 3727 2151 ὑμῖν

2138 2180 2561 2253 ἀποκρίνασθαι.
2584 2179 2654 2233 El
2680 2178 2787 2250 γάρ
2817 2176 3056 2249 ἀληθῶς,
3081 2176 3157 2240 ὡς
3180 2176 3473 2239 δέδεικται,
3500 2175 3729 2244 φύσεως

2138 2274 2362 2344 γέγονεν
2410 2275 2445 2344 η
2503 2272 2752 2335 σύνθεσις
2802 2273 2898 2326 καὶ
2945 2271 3069 2326 καθ’
3120 2270 3444 2331 ὑπόστασιν,
3499 2268 3563 2322 ού
3616 2267 3729 2338 μὴν

2139 2365 2493 2421 ὑποπάσεών
2517 2367 2671 2419 ἐστιν
2704 2366 2739 2436 ή
2772 2365 2968 2429 ἔνωσις
3008 2365 3100 2418 ἐπὶ
3126 2361 3225 2417 τοῦ
3253 2362 3531 2416 Δεσπότου
3563 2358 3729 2431 ἡμῶν

2139 2462 2402 2533 Χριστοῦ.
2433 2460 2622 2532 ὥσπερ
2668 2460 2763 2513 καὶ
2799 2458 2957 2530 ὑμεῖς
2990 2457 3082 2511 ἐπὶ
3129 2456 3307 2528 ψυχῆς
3338 2454 3435 2508 καὶ
3469 2451 3731 2525 σώματος

2141 2553 2237 2607 νῦν
2292 2552 2385 2606 τοῦ
2435 2550 2603 2606 Δαδὶδ
2653 2550 2942 2615 ύπέοεσθε,
2980 2549 3141 2620 δῆλόν
3191 2550 3340 2607 ἐστιν
3383 2547 3460 2611 ὡς
3502 2546 3730 2609 πάντως

2145 2643 2275 2715 μίαν
2304 2643 2398 2696 καὶ
2447 2643 2519 2696 οὐ·
2542 2641 2640 2695 δύο
2670 2635 2810 2694 εἶναι
2841 2642 3138 2710 ἀναγκαῖον
3171 2639 3270 2709 τὴν
3305 2636 3564 2692 σύνθετον
3590 2628 3732 2688 ὑπό·

2146 2733 2521 2791 στασιν.Ἀλλ’
2555 2734 2643 2787 ἵνα
2672 2734 2748 2806 μὴ
2797 2730 3042 2804 δόξωμεν
3077 2732 3154 2796 ὡς
3177 2729 3565 2803 ἰσχυροτέρους
3597 2728 3733 2791 τοὺς

2143 2829 2237 2881 ἐπὶ
2258 2830 2324 2899 τῇ
2358 2828 2593 2902 δευτέρᾳ
2623 2828 2783 2900 ὑμῶν
2810 2827 3067 2882 ὑποθέσει
3098 2823 3486 2894 παραιτεῖσθαι
3531 2820 3735 2876 συλλο‹

2143 2921 2399 2991 γισμοὺς,
2446 2922 2544 2975 σὺν
2590 2919 2710 2991 Θεῷ
2741 2921 2836 2974 καὶ
2884 2919 3020 2992 πρὸς
3063 2918 3256 2972 τούσδε
3310 2916 3562 2977 ἅπαντας
3592 2915 3731 2985 ὑμῖν

2143 3013 2379 3078 δεόντως
2425 3014 2853 3084 ἀπαντήσομεν·
2887 3014 2938 3066 oi
2988 3012 3091 3076 μὲν
3142 3006 3238 3065 οὖν
3269 3009 3583 3081 φιλαλήθως
3626 3005 3733 3076 τὴν

2144 3106 2404 3175 ἀλήθειαν
2438 3104 2791 3175 ἐρευνῶντες,
2819 3104 2881 3157 οὑ
2910 3105 3022 3167 τοῖς
3055 3101 3271 3157 ποιοῦσι
3312 3100 3412 3174 τὴν
3436 3101 3531 3155 ἀπ’
3555 3098 3733 3169 αὐτῆς

2144 3198 2354 3269 πλάνην
2376 3197 2630 3269 ὀργάνοις
2681 3196 2979 3267 κέχρηνται
3011 3194 3155 3266 πρὸς
3173 3194 3271 3265 τὴν
3290 3192 3529 3266 ἔρευναν
3555 3190 3736 3262 αὐτῆς

462 3289 596 3346 bent
643 3286 1075 3359 signiﬁcationes
1132 3286 1434 3356 plurimum
1480 3300 1701 3355 semper
1750 3285 1808 3340 in
1860 3299 2043 3340 rerum

2148 3291 2340 3363 ῶσπερ
2372 3292 2554 3362 ὑμεῖς.
2611 3290 2724 3358 Τῆς
2757 3290 2867 3363 γὰρ
2912 3289 3229 3357 ἀδιακρίτου
3259 3287 3368 3341 τῶν
3393 3285 3737 3356 πολυσήμων

463 3378 822 3450 inquisitione
861 3390 1110 3431 errorem
1158 3375 1323 3444 parit,
1372 3389 1503 3429 ecce
1548 3390 1647 3430 vos
1685 3375 1929 3446 primum
1974 3375 2043 3431 ab

2146 3380 2465 3450 ὁμωνυμίας
2493 3379 2753 3451 πλείστην
2775 3379 3039 3449 ποιούσης
3060 3379 3147 3431 ἀεὶ
3176 3376 3273 3448 τὴν
3295 3377 3511 3446 ἀπάτην
3531 3378 3590 3429 ὲν
3615 3374 3735 3438 τοῖς

464 3469 627 3524 initio
668 3469 725 3523 in
755 3483 905 3531 eum,
950 3466 1205 3537 quamvis
1248 3465 1579 3521 videremini
1619 3481 1745 3522 cum
1784 3466 1925 3523 velle
1956 3466 2048 3521 fu-

463 3576 613 3633 gere,
645 3559 944 3624 incidistis,
975 3558 1032 3612 in
1059 3558 1415 3629 inquirendo,
1440 3558 1587 3625 dico,
1612 3557 1680 3613 de
1705 3557 2044 3626 substantia;

464 3663 523 3710 et
545 3669 612 3709 ex
646 3662 804 3723 parte
833 3650 1169 3707 videbamini
1202 3649 1464 3716 delinire,
1495 3649 1593 3705 sed
1623 3666 1735 3706 non
1773 3652 2048 3721 complete

466 3742 706 3797 norninis
738 3756 1006 3816 persona),
1039 3739 1345 3799 secundum
1368 3740 1802 3812 unumquodque
1852 3756 2047 3797 eorum

466 3834 535 3889 de
584 3832 789 3905 quibus
839 3831 1076 3897 dicitur,
1124 3830 1521 3901 explanavistis
1555 3832 2047 3904 significationem.

468 3937 693 3978 necesse
736 3921 904 3992 igitur
950 3920 1241 3987 habemus,
1298 3930 1635 3977 commutata
1661 3923 2049 3992 prmpositione

467 4012 594 4080 ὑπό,
628 4013 714 4069 vel
749 4012 971 4084 proprie
1001 4022 1246 4083 accepta,
1285 4013 1528 4083 primum
1570 4023 1813 4070 statuere
1849 4022 2050 4085 quotu-

467 4105 687 4176 pliciter
729 4113 788 4160 et
830 4103 1036 4174 quibus
1064 4104 1298 4165 diversis
1330 4106 1595 4165 sensibus
1633 4106 1704 4165 de
1740 4108 2049 4180 quibusque

469 4193 690 4249 dicatur
723 4207 975 4263 personae
1007 4207 1210 4257 nomen
1263 4202 1321 4249 et
1368 4210 1676 4267 congruum
1726 4209 2050 4268 argumento

468 4298 691 4337 sensqu
716 4282 911 4343 sedulo
940 4282 1280 4351 discernere,
1311 4300 1382 4341 ne
1409 4286 1466 4343 in
1495 4287 1725 4341 alteram
1748 4303 1852 4357 pro
1875 4288 2051 4345 altera

425 4426 430 4430 .
469 4374 927 4446 signiﬁcationem
966 4375 1286 4435 incidamus
1331 4394 1343 4430 :
1387 4392 1499 4447 quo
1536 4386 1795 4447 peracto,
1841 4389 2051 4436 vestras

469 4466 846 4548 absurditates
870 4479 1272 4540 consequenter
1296 4470 1625 4526 relellemus.

2148 3465 2504 3542 ζητουμένοις
2536 3469 2873 3542 πράγμασιν,
2912 3469 3023 3523 ίδοὺ
3049 3468 3143 3522 νῦν
3165 3470 3301 3540 ἡμῖν
3323 3466 3498 3538 ταύτῃ
3536 3465 3595 3532 ἐξ
3625 3466 3734 3538 άρ-

2142 3562 2277 3634 χῆς-
2303 3561 2469 3625 εὐθὺς
2522 3562 2663 3633 μετά
2695 3561 2879 3632 μέντοι
2934 3561 3030 3614 καὶ
3073 3559 3251 3613 δοκεῖν
3280 3559 3507 3627 φεύγειν
3533 3555 3733 3626 αὐτὴν,

2148 3653 2577 3726 προεϐάλλεσθε,
2610 3653 2739 3724 περὶ
2779 3653 2878 3724 τῆς
2916 3653 3288 3716 ὑποστάσεως,
3328 3651 3495 3721 φημὶ,
3523 3649 3737 3720 διερευο

2148 3746 2350 3812 νῶντες
2374 3760 2390 3775 ⁸
2419 3746 2515 3799 καὶ
2542 3744 2759 3809 ἐδόξατε
2786 3743 2896 3815 μὲν
2923 3742 3180 3816 διορίζειν
3219 3741 3328 3795 ἀπὸ
3359 3742 3562 3812 μέρους
3584 3756 3601 3771 ·
3626 3739 3737 3793 οὐκ

2148 3837 2384 3902 ἐντελῶς
2434 3836 2492 3890 δὲ
2539 3834 2852 3905 διεκρίνατε
2898 3833 2959 3887 τὸ
3006 3833 3107 3903 τῆς
3154 3832 3508 3896 ὑποστάσεως
3532 3830 3733 3900 δνομα,

2149 3933 2270 3997 πῶς
2315 3934 2400 4002 ἐφ’
2437 3931 2672 3985 ἑκάστου
2720 3920 2798 3982 ὧν
2844 3926 3066 3997 λέγεται
3125 3925 3476 3997 σημαίνεται.
3534 3922 3739 3990 ’Δναγ-

2150 4029 2305 4079 καῖον
2334 4020 2431 4078 οὖν
2480 4016 3176 4094 ἁντιμεταλαμϐανομὲνης
3218 4016 3337 4085 τῆς,
3363 4015 3493 4079 ὑπὸ,
3523 4013 3737 4086 προοί-

2152 4132 2291 4178 σεως
2339 4113 2373 4185 ἢ
2424 4113 2631 4184 κυρίως
2663 4112 2923 4182 κειμένης
2943 4126 2958 4141 ·
3010 4106 3267 4178 ποσαχῶς
3297 4123 3360 4160 τε
3386 4105 3608 4175 λέγεται
3634 4103 3739 4159 καὶ

2136 4206 2300 4269 ὅπως
2349 4205 2689 4259 καθέκαστον
2747 4203 2859 4257 τῶν
2902 4202 3113 4275 ἑτέρως
3147 4198 3463 4271 λεγομένων
3509 4197 3738 4267 εἴρηται

2146 4297 2211 4351 τὸ
2238 4299 2340 4368 τῆς
2378 4296 2731 4360 ὑποστάσεως
2760 4296 2952 4367 ὄνομα,
2988 4295 3083 4348 καὶ
3114 4293 3176 4347 τὸ
3213 4291 3470 4365 ἁρμόδιον
3515 4288 3611 4344 ἐπὶ
3635 4287 3738 4342 τοῦ

2151 4388 2515 4461 προκειμένου
2550 4388 2933 4459 φιλοκρινῆσαι
2957 4389 3107 4459 ἡμᾶς
3135 4386 3372 4458 πρῶτον,
3419 4384 3509 4439 ἵνα
3538 4381 3617 4454 μὴ
3650 4384 3740 4445 είς

2146 4483 2347 4553 ἑτέραν
2395 4481 2513 4537 ἀνθ’
2569 4482 2764 4552 ἑτέρας
2808 4480 3086 4551 σημασίαν
3138 4477 3593 4550 μεταπίπτωμεν,
3629 4468 3738 4527 εἷθ’

2148 4574 2325 4635 οὕτως
2356 4573 2428 4627 τά
2454 4573 2581 4644 ἑξῆς
2607 4571 2761 4642 ὑμῶν
2791 4571 2971 4626 ἄτοπα
2995 4570 3316 4641 διελέγχειν.

541 4648 786 4706 Πίοίωιιε
814 4665 947 4723 ετεο
972 4651 1311 4724 Ῑὶῖροδωδίηὶ
1346 4666 1385 4706 ’³
1428 4651 1759 4727 Quiriti-ﬁdam
1792 4653 1926 4720 ἀίεῖν
1956 4669 2046 4712 εθ-
2072 4659 2127 4721 D
2216 4667 2405 4739 Φαμὲν
2443 4665 2538 4721 οὖν
2574 4667 2733 4736 ἡμεῖς
2763 4665 2841 4730 ὡς
2885 4665 3184 4727 ὑπόστασις
3221 4662 3323 4735 μὲν
3353 4661 3572 4731 λέγεταί
3618 4677 3740 4715 τισι

470 4742 713 4798 cundum
763 4753 1007 4801 veterem
1054 4745 1367 4809 Graecorum
1418 4744 1697 4816 linguam,
1750 4745 1935 4803 laaeem
1992 4758 2050 4804 et

471 4844 711 4890 mustum
757 4837 872 4892 vini
899 4844 956 4893 et
998 4837 1261 4902 similium
1306 4837 1664 4908 liquidarum,
1692 4839 1825 4911 quia
1862 4839 2048 4896 subsi-

469 4927 608 4984 dens
629 4929 832 4999 liquori
862 4929 1240 4999 supernatanti
1270 4945 1432 4987 suum
1460 4930 1629 4986 situm
1657 4932 1883 4997 indicat,
1906 4931 2051 4987 sicut

471 5019 709 5078 dicimus
735 5021 1079 5083 subsidentia
1107 5022 1272 5093 ligna.
1303 5023 1515 5079 Dicitur
1547 5025 1713 5081 etiam
1752 5034 1937 5080 motus
1961 5026 2048 5080 vel

472 5112 859 5169 transmutatio
881 5112 1116 5183 alicujus
1146 5114 1300 5183 prius
1319 5116 1695 5178 consistentis,
1718 5117 2046 5189 bypostasis,

471 5204 629 5274 quasi
659 5203 946 5275 dispositio
969 5214 1120 5259 extra
1144 5207 1231 5265 vel
1258 5206 1376 5265 sine
1421 5209 1744 5274 stabilitate,
1772 5210 2048 5279 quondam

474 5306 782 5370 permutata
818 5299 1217 5369 praepositione
1266 5301 1371 5357 ὑπὸ
1424 5301 1479 5356 in
1532 5303 1790 5369 nomine,
1844 5313 1945 5359 aut
1994 5306 2051 5360 in

474 5392 582 5445 ἀπο
627 5399 1015 5457 transmutata,
1050 5392 1193 5447 sicut
1240 5394 1294 5449 in
1346 5396 1595 5464 palaestra
1643 5412 1764 5452 sese
1814 5398 2048 5455 invicem

473 5482 850 5551 detrudentcs,
880 5484 1328 5543 nominaverunt.
1361 5488 1575 5542 Dicitur
1603 5505 1823 5561 quoque
1860 5491 2052 5562 aequi-

473 5574 602 5630 sitio
627 5575 942 5633 divitiarum
974 5589 1070 5636 aut
1098 5589 1394 5651 questuum
1427 5596 1496 5637 ex
1519 5582 1848 5652 quibusdam
1880 5599 2050 5654 pecu-

473 5666 582 5721 niis
624 5667 693 5742 ab
741 5668 928 5739 aliquo
978 5670 1153 5735 facta,
1203 5672 1542 5744 liypostnsis,
1589 5673 1747 5743 quasi
1795 5674 1941 5729 salva
1995 5685 2055 5731 et

473 5760 738 5825 stabilita,
788 5760 863 5816 ita
908 5771 969 5816 ut
1007 5763 1257 5821 dicamus
1301 5764 1452 5821 hunc
1486 5765 1777 5820 .liominem
1824 5767 2051 5823 multam

474 5852 809 5924 hypostasim
844 5870 953 5909 non
1007 5856 1233 5921 habere,
1279 5858 1366 5912 vel
1401 5857 1704 5927 possidere.
1751 5859 1963 5916 Dicitur
1996 5870 2053 5917 et

473 5944 782 6014 luypostasis
831 5946 1097 6004 fortitudo
1130 5965 1253 6020 quae
1298 5965 1407 6004 non
1465 5949 1904 6019 faciiedabitur,
1955 5954 2050 6011 sed

2154 4759 2298 4814 κατὰ
2334 4759 2444 4813 τῶν
2492 4758 2869 4829 παλαιοτέρων
2909 4754 3243 4824 Ἑλληνικῶν
3278 4753 3379 4825 τὴν
3404 4752 3674 4823 γλῶτταν,
3699 4753 3738 4825 ἡ

2152 4851 2482 4922 ὑποστάθμη
2530 4849 2627 4903 καὶ
2671 4849 2810 4920 τρὺξ
2859 4847 2956 4902 τοῦ
3012 4847 3160 4901 οἴνου
3212 4847 3309 4901 καὶ
3342 4847 3452 4900 τῶν
3476 4845 3743 4901 τοιούτων

2153 4944 2363 5017 ὑγρῶν,
2393 4943 2483 4998 διὰ
2506 4943 2566 4997 τὸ
2594 4941 3031 5013 ύποϐεϐηκῶσαν
3057 4941 3135 5013 τῷ
3165 4940 3552 5007 έπιπολάζοντι
3580 4944 3741 5014 ὑγρῷ

2154 5039 2254 5111 τὴν
2282 5037 2483 5107 ἑαυτῆς
2504 5037 2692 5091 στάσιν
2708 5033 3018 5099 δεικνύναι,
3039 5033 3114 5097 ὡς
3132 5033 3364 5103 λέγομεν
3389 5035 3741 5088 ἐνυπόστατα

2158 5131 2383 5201 σημεῖα.
2418 5128 2652 5197 Λέγεται
2686 5126 2744 5180 δὲ
2776 5125 2873 5179 καὶ
2900 5126 2934 5196 ἡ
2968 5124 3184 5197 κίνησις
3228 5128 3410 5178 εἶτουν
3459 5129 3744 5196 μετάστα-

2156 5240 2243 5287 σις
2266 5222 2361 5276 τοῦ
2389 5220 2682 5284 ὲνεστῶτός
2720 5235 2872 5284 ποτε,
2914 5218 3244 5282 ὑπόστασις’
3279 5211 3368 5273 οἶά
3396 5235 3480 5282 τις
3508 5221 3618 5274 ἄπο
3643 5222 3741 5276 καὶ

2158 5312 2325 5384 χωρὶς
2362 5312 2604 5374 στάσεως
2641 5305 2774 5363 οὖσα
2814 5306 3075 5374 διάθεσις,
3103 5308 3273 5378 ἡγουν
3323 5308 3579 5381 στέρησις
3612 5313 3741 5366 στά-

2160 5421 2318 5471 σεως,
2355 5405 2487 5459 ποτε
2512 5403 2882 5475 ἀμειΰομένης
2911 5402 3031 5473 τῆς,
3073 5401 3197 5468 ὑπὸ,
3230 5400 3542 5472 προθέσεως
3573 5404 3632 5457 ὲν
3667 5406 3738 5476 τῇ

2159 5498 2323 5565 λέξει,
2342 5499 2435 5552 καὶ
2457 5494 3015 5569 μεταλαμῦανομένης
3042 5495 3121 5560 εἰς
3145 5496 3267 5565 τὴν,
3291 5494 3420 5561 ἀπὸ,
3447 5493 3656 5548 καθὰοί
3679 5497 3740 5549 ὲν

2160 5590 2464 5661 παλαίστρᾳ
2489 5589 2587 5652 τὰς
2607 5588 2890 5656 διωοήσεις
2920 5585 3165 5658 ἀλλήλων
3192 5587 3525 5657 ποιούμενοι,
3564 5585 3741 5652 οὕτως

2159 5685 2469 5755 ὠνόμασαν.
2533 5682 2768 5751 Λέγεται
2799 5681 2856 5735 δὲ
2889 5681 2985 5735 καὶ
3033 5681 3067 5752 ἠ
3101 5680 3296 5751 κτῆσις
3327 5678 3520 5744 ,τῶνδέ
3573 5697 3740 5734 τινων

2159 5774 2266 5828 τῶν
2322 5772 2623 5844 χρημάτων
2670 5771 2705 5843 ἢ
2762 5771 3042 5843 προσόδων
3085 5771 3197 5825 ἀπό
3235 5788 3400 5825 τινων
3436 5771 3739 5841 κτημάτων

2160 5864 2477 5934 ὑπάρχουσα
2527 5861 2663 5933 τῷδέ
2713 5876 2817 5915 τινι
2867 5859 2945 5932 τῷ
2996 5861 3337 5932 κεκτημένῳ,
3401 5862 3736 5927 ὑπόστασις’

2164 5954 2256 6008 ἅτε
2283 5952 2561 6026 σωζομένη
2599 5953 2688 6026 ἥδε
2723 5954 2814 6007 καὶ
2843 5951 3198 6018 ἀδιαπτώτως
3226 5951 3375 6025 αὐτῷ
3395 5953 3739 6027 ὑφεστηκυία
