4032 6560
286 500 427 567 1529

1242 497 1641 561 ADVERSUS
1672 497 2225 562 NESTORIANOS.
2252 526 2320 535 -
2345 502 2492 562 LIB.
2536 503 2622 563 ῐΙ.

3409 502 3545 569 1530
3620 460 3623 464 ’

280 623 359 687 ὥς
383 636 564 693 φαμεν
592 619 694 674 οὑκ
739 617 884 688 ἒχειν
937 616 970 686 ἢ
1005 614 1302 686 κεκτῆσθαι
1332 616 1486 669 τόνδε
1512 616 1635 669 τινὰ
1660 616 1859 685 πολλὴν

1961 620 2200 675 Sustinet
2251 632 2440 675 contra
2491 635 2679 675 rerum
2726 628 2988 687 eventus,
3038 630 3099 675 ut
3150 620 3208 675 in
3259 620 3547 693 Scriptura

281 714 600 768 ὑπόστασιν.
631 713 868 779 Λέγεται
894 708 952 762 δὲ
985 708 1303 772 ὑπόστασις,
1334 709 1428 763 καὶ
1453 708 1512 761 τὸ
1533 709 1863 779 καρτερικὸν

279 806 376 860 καὶ
403 807 503 858 οὑκ
528 802 948 856 εὑκατάπτωτον
968 838 983 862 ,
1029 798 1145 852 ἀλλ’
1177 799 1578 870 ὑπομονητικὸν
1632 801 1766 870 πρὸς
1795 799 1863 852 τὰ

277 897 647 968 ἐπερχόμενα,
674 894 856 956 καθὼς
887 891 1105 964 εἴρηται
1133 894 1198 962 τῇ
1224 891 1357 962 ἁγίᾳ
1381 892 1572 962 Γραφῇ
1599 907 1613 920 ο
1635 893 1744 945 Καὶ
1768 890 1864 944 νῦν

274 990 362 1046 τες
405 990 438 1058 ἡ
493 987 738 1055 ὑπομονὴ
769 1002 868 1053 μου
897 1001 912 1052 ;
952 984 1073 1054 οὐχὶ
1107 983 1311 1053 Κύριος
1336 1001 1350 1050 ;
1380 984 1474 1036 καὶ
1498 985 1531 1053 ἡ
1565 982 1863 1044 ὑπόστασίς

281 1095 383 1149 μου
411 1079 532 1147 οὑχὶ
561 1077 713 1147 παρὰ
741 1075 834 1128 σοῦ
876 1078 1026 1141 ὲστις
1065 1075 1300 1141 Λέγεται
1327 1074 1384 1126 δὲ
1413 1075 1738 1136 ὑπόστασις,
1769 1074 1864 1126 καὶ

274 1173 309 1240 ἠ
342 1170 486 1232 τινὸς
508 1169 846 1239 διηγήματος
887 1167 920 1237 ἢ
970 1169 1154 1231 ἁπλῶς
1184 1168 1343 1236 λόγου
1377 1165 1651 1230 ἰδιάζουσαι
1679 1165 1772 1217 καὶ
1799 1163 1860 1217 οὑ

275 1261 509 1315 καθόλου
527 1260 666 1314 οὖσα
690 1260 956 1331 πρότασις
977 1275 992 1290 ·
1015 1258 1090 1321 ώς
1119 1259 1180 1310 τὸ
1199 1257 1495 1326 λεγόμενον
1511 1259 1570 1308 ἐν
1591 1254 1763 1326 ταύτῃ
1788 1257 1854 1326 τῇ

278 1353 576 1407 ὑποστάσει
607 1353 704 1420 τῆς
743 1351 1086 1422 καυχήσεως.
1113 1349 1346 1417 Λέγεται
1387 1349 1445 1400 δὲ
1479 1349 1577 1402 καὶ
1601 1349 1635 1418 ὴ
1669 1347 1857 1410 πίστις

275 1445 576 1506 ’ὑπόστασις
604 1437 694 1495 οἷα
723 1442 788 1511 δή
822 1458 966 1504 τινος
1010 1439 1370 1509 καταλήψεως
1396 1434 1533 1492 οὖσα
1568 1439 1858 1508 ἐπιστήμη

272 1551 335 1590 τε
362 1532 458 1586 καὶ
487 1531 770 1593 ἐπίστασις
793 1547 806 1559 ·
842 1528 1024 1590 καθὼς
1049 1529 1470 1600 είρηται,Ἕστι
1523 1525 1592 1580 δὲ
1627 1528 1853 1592 πίστις,

265 1623 676 1694 ἐλπιζομένων
723 1623 1085 1688 ὑπόστασις.
1128 1622 1362 1688 Λέγεται
1411 1619 1729 1683 ὑπόστασις,
1767 1617 1862 1670 καὶ

273 1721 310 1791 ἡ
343 1719 658 1789 ὑπόσχεσις,
699 1716 776 1778 ώς
801 1716 908 1768 ὑπό
933 1732 1079 1778 τινος
1107 1713 1326 1767 τεθείσά
1352 1731 1458 1766 τινι
1493 1713 1589 1766 καὶ
1626 1713 1858 1778 ὑφιστα-

267 1813 416 1882 μένη
443 1811 623 1875 ἐλπὶς,
653 1807 838 1872 καθὼς
863 1809 1081 1879 εἴρηται
1101 1824 1114 1838 ·
1149 1807 1363 1876 Μήπως
1404 1805 1498 1859 ἐὰν
1523 1803 1720 1856 ἔλθωσι
1759 1803 1856 1854 σὺν

265 1905 399 1973 ἐμοὶ
421 1901 729 1964 Μακεδόνες
743 1901 845 1954 καὶ
873 1898 1108 1969 εὑρωσιν
1139 1899 1284 1969 ὑμᾶς
1311 1895 1855 1969 ἀπαρασκευάστους,

1966 728 2120 768 sacra
2164 713 2373 768 dicitur
2400 731 2414 766 :
2441 713 2513 766 Et
2557 728 2707 767 nunc
2752 729 2874 782 quas
2901 722 2988 769 cst
3019 714 3358 785 exspectatio
3384 717 3546 771 mea?

1964 819 2148 859 nonne
2181 805 2449 859 Dominus
2472 805 2495 857 ?
2523 806 2590 859 Et
2621 823 2633 858 :
2661 806 2986 877 'liypostasis
3010 823 3152 869 mea,
3181 823 3365 862 nonne
3397 807 3545 878 apud

1964 898 2056 952 te?
2083 897 2292 952 Dicitur
2324 898 2549 968 insuper
2575 899 2903 969 bypostasis,
2935 900 3271 956 narrationis
3299 910 3396 956 aut
3413 902 3550 956 sim-

1963 989 2184 1058 pliciter
2213 990 2486 1045 sermonis
2523 991 2742 1044 initium
2791 992 3085 1060 separatim
3121 1001 3178 1047 ct
3211 1007 3321 1046 non
3365 993 3420 1047 in
3458 993 3550 1047 in-

1963 1089 2136 1152 tegro,
2169 1090 2231 1136 ut
2255 1081 2459 1135 dicitur
2485 1082 2539 1135 in
2570 1082 2671 1136 hac
2703 1083 2980 1153 hypostasi
3008 1083 3373 1153 gloriationis.
3400 1085 3547 1139 Dici-

1964 1181 2053 1227 tur
2077 1183 2344 1242 praaterea
2371 1173 2679 1244 hypostasis
2708 1173 2861 1240 ﬁdes,
2892 1175 3048 1244 quasi
3075 1174 3360 1244 cujusdam
3390 1191 3545 1231 com-

1962 1262 2352 1332 prehensionis
2407 1264 2640 1318 scientia
2695 1271 2751 1318 et
2808 1279 2948 1334 pene
3019 1264 3348 1334 occupatio,
3404 1267 3548 1321 sicut

1962 1353 2170 1408 dictum
2205 1363 2291 1409 est
2322 1372 2335 1407 :
2369 1353 2520 1408 Fides
2564 1363 2638 1408 est
2683 1357 3072 1425 sperandarum
3125 1359 3419 1428 hypostasis
3465 1374 3550 1412 re-

1962 1462 2084 1498 rum
2115 1446 2154 1498 ³.
2191 1447 2404 1501 Dicitur
2451 1449 2764 1519 hypostasis
2794 1458 2850 1504 et
2878 1450 3200 1519 promissio,
3231 1451 3389 1520 quasi
3423 1467 3548 1521 spes

1953 1538 2127 1592 alicui
2165 1539 2232 1593 ab
2267 1539 2451 1609 aliquo
2488 1539 2613 1594 data
2663 1551 2719 1594 et
2749 1540 3103 1606 conﬁrma-ta,
3150 1542 3296 1597 sicut
3337 1542 3548 1597 dictum

1961 1638 2046 1684 est
2079 1648 2091 1682 :
2120 1630 2236 1685 Nisi
2272 1647 2488 1685 mecum
2523 1633 2750 1686 veniant
2794 1632 3120 1687 Macedones
3152 1643 3210 1689 et
3251 1650 3352 1688 vos
3395 1635 3550 1689 inve-

1961 1722 2119 1776 niant
2159 1724 2480 1792 imparatos,
2512 1724 2911 1779 erubescamus
2949 1741 3069 1791 nos,
3106 1741 3175 1780 ne
3209 1726 3456 1782 dicamus
3488 1727 3546 1782 in

1954 1813 2067 1870 hac
2092 1815 2373 1886 hypostasi
2400 1833 2412 1868 :
2441 1815 2563 1884 quis
2583 1825 2787 1879 autem,
2813 1816 3013 1886 inquit,
3038 1817 3324 1886 promissa:
3353 1834 3545 1873 corum

1956 1907 2338 1964 benedictioni
2382 1907 2536 1961 erat?
2600 1907 2811 1961 Dicitur
2862 1908 3205 1978 ltypostasis,
3259 1910 3343 1964 vel
3397 1910 3547 1966 basis

273 1967 760 2065 καταισχυνθῶμεν
812 1967 996 2062 ἡμεῖς,
1053 1991 1141 2044 ἵνα
1180 1967 1260 2060 μὴ
1306 1967 1558 2058 λέγωμεν
1587 1987 1768 2058 ὑμεῖς,
1794 1988 1852 2037 ὲν

1959 1999 2123 2056 alicui
2151 1999 2461 2068 subjacens,
2491 1997 2636 2052 sicut
2662 1997 2873 2052 dictum
2904 2004 2989 2052 est
3015 2013 3030 2050 :
3055 1996 3344 2052 demersus
3377 2008 3462 2054 est
3488 2000 3544 2053 in

271 2090 340 2159 τῇ
373 2086 669 2142 ὑποστάσει
697 2083 869 2155 ταύτῃ
894 2099 908 2113 ·
933 2084 1018 2146 τίς
1043 2082 1102 2136 δὲ
1133 2077 1222 2154 ἦν,
1269 2080 1429 2150 φησὶ,
1460 2082 1527 2150 τῇ
1565 2093 1851 2149 προεπηγ-

271 2178 514 2251 γελμένῃ
541 2177 722 2231 αὑτῶν
765 2175 987 2246 εὐλογίᾳ
1017 2192 1033 2240 ;
1071 2173 1304 2241 Λέγεται
1337 2172 1654 2234 ὑπόστασις,
1691 2173 1786 2223 καὶ
1817 2171 1852 2240 ἡ

273 2273 436 2343 βάσις
466 2273 501 2342 ὴ
546 2269 887 2340 ὑποκειμένη
925 2270 995 2339 τῇ
1043 2266 1234 2321 στάσει
1283 2264 1437 2319 τοῦδέ
1474 2281 1637 2327 τινος,
1663 2262 1852 2333 ὥσπερ

273 2364 526 2435 εῑρηται·
571 2358 878 2428 Ἐνεπάγην
925 2359 1010 2421 εἰς
1043 2357 1175 2426 ὕλην
1220 2353 1384 2425 βυθοῦ
1426 2356 1522 2407 καὶ
1559 2354 1658 2406 οὐκ
1705 2352 1854 2406 ἔστιν

273 2455 594 2517 ὑπόστασις.
626 2453 864 2522 Λέγεται
915 2450 1248 2513 ὑπόστασις,
1289 2448 1385 2501 καὶ
1425 2447 1459 2516 ἡ
1493 2446 1810 2508 ἀντίστασις
1835 2460 1850 2473 ο

271 2545 348 2610 ὡς
376 2545 438 2598 τὸ
467 2547 526 2598 ὲν
564 2543 642 2615 τῷ
683 2540 1093 2611 »Δευτερονομίῳ
1131 2539 1423 2610 εἰρημένον
1477 2537 1584 2592 ὑπὸ
1644 2538 1853 2606 Μωῦσῆ

273 2637 406 2707 περὶ
435 2635 526 2690 τοῦ
559 2635 691 2689 λαοῦ
713 2651 726 2665 ·
759 2632 895 2700 Πῶς
930 2631 1269 2702 δυνήσομαι
1317 2630 1519 2700 φέρειν
1563 2628 1680 2696 τὴν
1709 2630 1856 2683 ὑπό-

273 2744 505 2783 στασιν
531 2729 631 2785 καὶ
659 2726 1014 2796 ἀντιλογίαν
1051 2723 1254 2794 ὺμῶν;
1282 2723 1522 2791 Λέγεται
1557 2721 1857 2782 ὑπόστασις

273 2827 372 2881 καὶ
399 2827 432 2896 ἡ
467 2823 798 2886 κατάστασις
817 2838 832 2853 ο
866 2821 943 2882 ὡς
971 2820 1034 2874 τὸ
1061 2819 1120 2870 ὲν
1163 2817 1416 2888 Ἑζεκιὴλ
1447 2816 1578 2886 περὶ
1601 2813 1696 2868 τοῦ
1727 2813 1856 2868 ναοῦ

275 2918 608 2989 εἰρημένον·
662 2915 774 2969 Καὶ
826 2910 1178 2981 διαγερὰψεις
1232 2908 1341 2969 τὸν
1397 2904 1569 2962 οἷκον
1615 2905 1714 2960 καὶ
1746 2904 1861 2972 τὴν

271 3007 628 3075 ἐτοιμασίαν
657 3003 866 3069 αὐτοῦ,
915 3002 1015 3056 καὶ
1064 2999 1173 3066 τὰς
1220 2999 1504 3064 εἰσόδους
1533 2990 1722 3051 αὐτοῦ
1761 2994 1862 3050 καὶ

275 3105 384 3167 τὰς
437 3099 690 3166 ἐξόδους
738 3095 950 3162 αὑτοῦ,
975 3093 1074 3150 καὶ
1128 3094 1244 3161 τὴν
1267 3093 1616 3148 ὑπόστασιν
1644 3089 1855 3144 αὐτοῦ.

276 3194 511 3260 Λέγεται
541 3190 840 3261 ὑπόστασις
892 3187 994 3239 καὶ
1034 3186 1068 3254 ἡ
1113 3183 1276 3237 τινῶν
1325 3180 1634 3253 προσώπων
1667 3174 1861 3250 ὁμοθυ-

1952 2091 2292 2163 prol'undum
2325 2090 2528 2161 abyssi,
2563 2097 2619 2144 et
2655 2105 2765 2143 non
2813 2097 2898 2143 cst
2945 2089 3276 2159 hypostasis.
3330 2091 3548 2145 Dicitur

1954 2183 2264 2254 liypostasis
2293 2192 2350 2236 et
2381 2180 2679 2250 oppositio,
2715 2180 2860 2234 sicut
2909 2179 2965 2232 in
3007 2179 3436 2235 Deuteronomio
3475 2180 3545 2236 de

1954 2277 2158 2347 populo
2193 2291 2222 2329 a
2254 2274 2436 2346 Moyse
2471 2273 2680 2327 dictum
2711 2281 2796 2326 est
2829 2289 2842 2324 :
2876 2271 2989 2336 Quo
3020 2273 3172 2326 modo
3197 2281 3377 2342 potero
3406 2272 3545 2342 ferre

1955 2367 2277 2440 [typostasim
2332 2374 2380 2418 et
2439 2363 2907 2416 contradictionem
2965 2372 3197 2416 vestram
3225 2361 3281 2416 ‘?
3331 2363 3546 2419 Dicitur

1936 2459 2266 2533 'bypostasis
2317 2465 2373 2510 et
2416 2456 2590 2519 situs,
2637 2464 2696 2509 ut
2744 2453 2800 2506 in
2848 2453 3138 2508 Ezechiele
3176 2453 3384 2509 dictum
3411 2463 3542 2512 est:

1957 2554 2028 2608 Et
2056 2550 2309 2606 describes
2334 2549 2552 2602 domum
2583 2555 2631 2600 et
2659 2547 2771 2617 ejus
2807 2547 3257 2616 prwparationem
3284 2555 3331 2598 et
3369 2546 3546 2601 aditus

1958 2657 2010 2703 et
2035 2649 2204 2701 exitus
2232 2655 2281 2700 et
2323 2643 2646 2715 hypastasim
2669 2641 2712 2693 ⁸.
2742 2639 2956 2693 Dicitur
2982 2640 3294 2711 hypostasis
3321 2647 3377 2693 et
3404 2655 3545 2709 qua-

1958 2738 2209 2794 rumdam
2248 2731 2800 2790 consubstantialium
2858 2745 3250 2800 personarum,
3300 2731 3387 2784 vel
3431 2746 3544 2786 non

1959 2826 2511 2886 consubstantialium
2540 2825 2774 2880 invicem
2803 2822 3253 2877 convenientium
3281 2837 3545 2893 congres-

1960 2941 2076 2990 sus,
2122 2923 2268 2978 sicut
2317 2921 2525 2975 dictum
2554 2927 2638 2973 est
2670 2935 2684 2971 :
2714 2917 2982 2971 Exierunt
3005 2915 3110 2969 viri
3153 2932 3217 2970 ex
3264 2915 3546 2987 bypostasi

1960 3017 2416 3086 alienigenarum.
2462 3013 2530 3066 Et
2551 3025 2715 3080 quem
2753 3023 2976 3086 sensum
3000 3023 3105 3062 vos
3159 3007 3274 3063 sive
3305 3007 3548 3063 scienter

1961 3111 2078 3166 sive
2139 3124 2207 3162 ex
2273 3103 2580 3177 ignorantia
2650 3085 3116 3171 praetermisistis,
3171 3097 3241 3152 ad
3293 3097 3547 3152 eamdem

1963 3203 2144 3257 ideam
2188 3199 2302 3254 fere
2349 3195 2740 3266 pertinentem,
2769 3191 2974 3246 dicitur
3002 3189 3170 3244 etiam
3204 3189 3547 3260 hypostasis,

276 3285 489 3355 σίων,ἢ
527 3283 620 3338 καὶ
664 3279 1018 3352 ἐτεροουσίων
1065 3275 1317 3346 ἀλλήλοις
1353 3274 1715 3329 συνελθόντων
1755 3272 1845 3325 σύ-

1959 3313 2085 3355 cum
2134 3290 2413 3361 aliquibus
2457 3285 2673 3340 naturis
2724 3282 2962 3339 diversis
3000 3290 3058 3337 et
3097 3280 3547 3358 particularibus,

276 3393 494 3440 στασις·
541 3375 615 3438 ὡς
651 3374 712 3426 τὸ
747 3373 1042 3442 λεγόμενον
1067 3367 1352 3438 ’Ἐξῆλθον
1388 3366 1591 3436 ’ἄνδρες
1639 3366 1704 3417 ὲκ
1745 3365 1847 3434 τῆς

281 3473 638 3535 ὑποστάσεως
664 3469 775 3524 τῶν
803 3467 1146 3536 ἀλλοφύλων·
1174 3465 1256 3517 ἔτι
1280 3464 1337 3517 δὲ
1373 3464 1466 3516 καὶ
1492 3462 1551 3514 ὃν
1581 3461 1674 3514 νῦν
1698 3461 1856 3531 ὑμεῖς

281 3571 341 3621 ἐν
393 3565 596 3636 γνώσει
643 3563 677 3635 ἢ
728 3561 920 3632 ἀγνοίᾳ
964 3560 1123 3628 λόγον
1173 3555 1555 3627 παρεδράμετε
1587 3553 1727 3607 κατὰ
1757 3551 1857 3624 τὴν

275 3660 449 3729 αὑτήν
473 3674 591 3720 πως
619 3655 828 3708 ἔννοιαν
857 3653 1004 3706 όντα.
1033 3652 1265 3718 Λέγεται
1288 3648 1580 3710 ὑπόστασις
1603 3646 1698 3700 καὶ
1727 3646 1857 3698 ὅταν

276 3751 421 3804 κατὰ
449 3749 514 3802 τὸ
546 3746 676 3800 αὑτό
717 3762 878 3798 τινων
931 3740 1301 3796 συνελθουσῶν
1329 3737 1546 3808 φύσεων
1577 3736 1857 3806 διαφόρων

279 3842 486 3907 ίδικῶν,
523 3844 660 3912 μετὰ
711 3837 818 3891 τῶν
861 3835 992 3907 περὶ
1036 3834 1207 3896 αὑτὰς
1247 3832 1580 3900 ἰδιωμάτων,
1625 3831 1748 3898 οὐχὶ
1798 3826 1857 3880 δὲ

276 3934 585 4006 προσώπων
612 3931 744 4000 ὑφὲν
768 3928 945 3982 εἲτουν
972 3925 1088 3996 ἅμα
1119 3924 1209 3978 διὰ
1237 3924 1339 3993 τῆς
1371 3921 1620 3984 ένώσεως
1653 3919 1857 3973 σύστα-

279 4045 366 4092 σις
408 4024 634 4096 γένηταί
677 4040 762 4085 τις
818 4021 938 4084 ἐνὸς
990 4019 1152 4090 μόνου
1206 4017 1432 4086 ἀτόμου.
1473 4014 1707 4084 Λέγεται
1763 4015 1860 4068 καὶ

277 4122 497 4192 φύσεων
521 4119 794 4190 διαφόρων
823 4115 901 4188 μὴ
927 4111 1322 4177 συνελθουσῶν,
1349 4110 1486 4163 ἀλλὰ
1507 4110 1685 4180 μόνων
1711 4107 1858 4160 ἰδιω-

279 4217 468 4287 μάτων
510 4211 751 4286 μερικῶν
779 4210 841 4263 π)
853 4211 1062 4271 ειόνων,
1099 4206 1157 4260 ἐν
1189 4205 1382 4276 ἰδίωμα
1409 4202 1698 4256 καθολικδν
1731 4219 1858 4254 συν-

283 4309 558 4363 ιστώντων
582 4307 648 4358 ὲκ
677 4304 918 4363 πάντων,
948 4300 1004 4354 ἐν
1031 4317 1138 4352 τινι
1167 4295 1516 4366 ὑποκειμένῳ
1554 4295 1655 4358 ἑνὶ,
1681 4294 1859 4348 είτουν

279 4405 338 4456 ἓν
371 4403 469 4474 μιᾷ
493 4401 630 4473 μόνῃ
659 4397 876 4469 φύσειή
905 4396 1070 4449 πᾶσιν
1093 4391 1502 4464 ὁμολογουμένη
1533 4390 1857 4450 ὑπόστασις.

280 4495 408 4549 Εἴτε
439 4494 484 4546 δ’
513 4488 606 4546 οὑν
639 4492 696 4543 ὲν
719 4489 886 4559 ἁπλῇ,
923 4487 1035 4553 εἴτε,
1067 4486 1125 4538 ὲν
1161 4482 1420 4553 συνθέτῳ,
1454 4479 1564 4534 εἴτε
1595 4481 1652 4532 ὲν
1684 4479 1850 4548 ίδικῇ,

280 4592 393 4644 εἴτε
424 4590 482 4642 έν
513 4589 688 4658 κοινῇ,
736 4583 877 4654 οἴαὴ
927 4581 1068 4646 θεία,
1105 4579 1216 4632 εἴτε
1262 4580 1318 4630 ὲν
1373 4577 1473 4648 μιᾷ
1514 4575 1673 4644 φύσει
1699 4574 1856 4644 μόνῃ,

281 4683 390 4736 εῐτε
419 4681 476 4732 ὲν
501 4677 810 4749 ἡνωμέναις
841 4673 1101 4737 πλείοσιν,
1139 4671 1275 4733 ὅλως
1303 4667 1486 4738 μέντοι
1505 4667 1562 4719 ἐν
1623 4663 1855 4734 ὑπάρξει
1889 4672 1930 4726 D

280 4774 492 4838 οὔσαις,
514 4769 654 4840 αὕτη
684 4769 769 4838 εῐη
799 4767 908 4819 τῶν
942 4762 1180 4836 μερικῶν
1221 4761 1545 4828 ἰδιωμάτων,
1578 4759 1742 4826 ἤγουν
1761 4754 1857 4807 τοῦ

282 4865 464 4921 κοινοῦ
500 4861 824 4932 ἰδιώματος,
876 4857 951 4920 ὼς
1000 4856 1057 4906 ὲν
1093 4851 1436 4921 ὑποκειμένῳ
1460 4848 1568 4900 τινὶ
1595 4845 1856 4916 νοουμένη

285 4955 479 5018 στάσις
511 4952 544 5023 ἢ
579 4951 840 5010 σύστασις
861 4987 877 5014 ,
915 4944 1216 5006 ὑπόστασις
1244 4940 1485 5008 λέγεται.
1536 4936 1770 5005 Λέγεται
1800 4934 1859 4988 δὲ

282 5049 620 5123 κυριώτερον
669 5044 766 5099 καὶ
798 5042 1130 5110 οἰκειότερον
1161 5038 1380 5090 πάντων
1410 5034 1443 5102 ὴ
1467 5029 1694 5095 τοιαύτη
1722 5026 1858 5080 ὑπό-

284 5160 477 5202 στασις
499 5182 514 5202 ,
565 5139 660 5194 ἆτε
710 5137 847 5206 πρὸς
895 5135 963 5204 τῇ
998 5130 1259 5184 συστάσει
1298 5125 1394 5179 καὶ
1423 5125 1488 5176 ὲκ
1514 5121 1610 5175 τοῦ
1640 5118 1859 5172 πάντων

281 5237 391 5292 τῶν
421 5251 483 5288 τε
516 5229 782 5303 ὁμοειδῶν
817 5225 912 5281 καὶ
941 5223 1050 5278 τῶν
1079 5215 1399 5290 ὲτεροειδῶν
1433 5213 1576 5268 κατὰ
1604 5212 1665 5265 τὸ
1694 5209 1860 5264 ἰδικὺν

282 5327 682 5399 γνωριστήριον
703 5363 719 5389 ,
774 5315 1186 5389 κεχωρισμένον
1241 5308 1511 5364 δεικνύειν
1541 5306 1602 5358 τὸ
1630 5302 1858 5357 ὑποκεί-

287 5398 450 5493 μενον
480 5419 734 5486 ἄτομον,
791 5412 908 5467 τόδε
955 5429 1009 5463 τι
1051 5407 1174 5463 καθ’
1210 5404 1408 5474 ἑαυτὴν
1450 5398 1752 5462 ἀπόστασις
1777 5413 1862 5459 τις

282 5514 420 5572 οὖσα
473 5512 565 5567 καὶ
605 5506 889 5579 διορισμὸς
919 5503 1030 5556 τῶν
1081 5499 1399 5570 ἀδιορίστων
1431 5492 1630 5548 οὐσιῶν
1662 5491 1741 5554 εἰς
1771 5489 1863 5541 τὸν

284 5607 426 5663 κατὰ
462 5603 754 5676 πρόσωπον
787 5595 1017 5667 ἀριθμὸν
1048 5594 1280 5646 ἑκάστου
1301 5606 1316 5621 ο
1367 5588 1448 5641 διδ
1477 5585 1540 5657 δὴ
1571 5583 1662 5638 καὶ
1687 5579 1859 5650 πρόσ-

283 5717 435 5755 ωπον
467 5674 671 5766 ταύτην
720 5692 769 5745 oi
813 5688 1057 5760 Πατέρες
1084 5683 1269 5740 νοοῦσι
1299 5699 1358 5736 τε
1392 5680 1486 5734 καὶ
1511 5674 1860 5746 ὀνομάζουσι.

286 5796 524 5866 Λέγεται
555 5791 875 5855 ὑπόστασις,
907 5789 1004 5841 καὶ⁵
1036 5788 1070 5856 ἡ
1102 5783 1260 5838 οὑσία
1287 5781 1383 5836 καὶ⁹
1426 5781 1461 5850 ὴ
1492 5776 1653 5848 φύσις
1699 5771 1863 5825 πολυ-

361 5959 382 5988 ³
415 5953 585 6011 llcbr.
616 5953 767 6018 x1,l,
797 5952 848 6004 i.
925 5949 946 5981 ⁵
973 5949 1132 6002 Deut.
1177 5960 1214 6011 I,
1255 5944 1340 5998 12.
1416 5943 1437 5974 ⁸
1469 5937 1666 5994 Ezech.
1694 5950 1803 6000 xu,

1933 3399 2086 3446 ‘cum
2106 3385 2221 3441 suis
2240 3378 2674 3453 proprietatibus
2693 3377 2749 3430 in
2771 3375 2918 3429 idem
2942 3372 3421 3437 convenientibus,
3437 3387 3550 3427 non

1959 3489 2139 3536 autem
2168 3471 2442 3547 personis,
2467 3486 2567 3540 per
2603 3469 2866 3522 unionem
2893 3465 2954 3520 tit
2975 3464 3260 3535 cujusdam
3295 3463 3549 3519 indivisi-

1959 3571 2088 3626 bilis
2115 3565 2415 3624 concretio.
2448 3561 2664 3616 Dici-tur
2688 3557 3020 3631 hypostasis,
3047 3556 3117 3610 ab
3155 3556 3414 3611 omnibus
3448 3556 3550 3611 adn

1959 3663 2145 3725 missa,
2167 3674 2290 3714 cum
2310 3654 2670 3710 conveniunt.
2688 3667 2795 3704 non
2819 3649 3052 3704 diversae
3068 3657 3297 3708 naturae.
3313 3647 3409 3702 sed
3430 3648 3553 3717 plu-

1961 3755 2110 3809 rima:
2151 3748 2411 3818 partiales
2452 3755 2663 3800 tantum
2695 3741 3099 3813 proprietates,
3139 3739 3452 3794 universam
3481 3756 3548 3795 ex

1961 3845 2221 3901 omnibus
2245 3839 2647 3895 constituentes
2672 3833 3064 3905 proprietatem
3093 3832 3148 3886 in
3179 3845 3289 3884 uno
3308 3830 3548 3900 quodam

1961 3937 2228 4006 subjecto,
2258 3931 2374 3987 sive
2406 3930 2460 3983 in
2497 3945 2603 3982 una
2633 3935 2844 3981 tantum
2876 3933 3076 3979 natura
3108 3941 3120 3975 :
3151 3922 3266 3975 sive
3298 3921 3466 3991 igitur
3492 3922 3548 3976 in

1960 4027 2196 4099 simplici
2228 4032 2444 4084 natura,
2458 4021 2572 4076 sive
2591 4020 2645 4073 in
2664 4017 2986 4087 composita,
3005 4015 3117 4070 sive
3134 4015 3187 4068 in
3205 4013 3548 4084 particulari,

1959 4122 2075 4176 sive
2109 4120 2161 4173 in
2194 4115 2496 4174 communi.
2525 4122 2585 4167 ut
2613 4121 2698 4167 est
2749 4110 2932 4164 divina
2963 4117 3181 4172 natura,
3211 4107 3326 4161 sive
3356 4107 3410 4160 in
3438 4122 3549 4162 una

1962 4222 2195 4274 tantum,
2214 4209 2328 4264 sive
2345 4205 2598 4278 pluribus
2614 4203 2805 4266 unitis,
2825 4198 3125 4255 dummodo
3153 4199 3208 4254 in
3227 4199 3549 4254 exsistentia

1960 4301 2280 4368 sistant,hic
2305 4309 2480 4354 status
2507 4295 2862 4367 proprietatis
2886 4293 3197 4348 communis
3216 4292 3299 4346 vel
3325 4307 3551 4362 compo-

1961 4397 2089 4452 sitio
2141 4395 2259 4448 hzcc
2288 4389 2605 4463 partialium
2654 4385 3080 4457 proprietatum,
3112 4392 3173 4437 ut
3204 4383 3257 4437 in
3296 4385 3547 4454 subjecto

1961 4489 2146 4558 aliquo
2171 4485 2428 4555 cogitata,
2460 4481 2667 4536 dicitur
2724 4478 3054 4550 hypostasis.
3107 4477 3324 4531 Dicitur
3360 4485 3544 4530 autem

1960 4580 2169 4650 aliquid
2192 4577 2427 4632 maxime
2458 4573 2704 4628 onmium
2737 4571 3021 4642 proprium
3050 4577 3106 4624 et
3133 4569 3388 4622 intimum
3419 4567 3546 4622 talis

1961 4671 2341 4733 subsistentia,
2374 4666 2579 4737 quippe
2617 4680 2738 4734 qua:
2764 4663 2819 4716 in
2845 4660 3153 4716 substantia
3182 4661 3250 4714 ab
3281 4659 3544 4714 omnibus

1959 4763 2208 4836 ejusdem
2248 4769 2304 4814 et
2338 4757 2566 4813 alterius
2593 4752 3060 4824 specicicntibus,
3116 4759 3176 4805 ut
3223 4750 3542 4820 particulari

1959 4851 2188 4912 notione
2210 4853 2576 4912 discernatur,
2603 4854 2917 4915 separatum
2940 4845 3145 4914 praebet
3172 4843 3540 4913 suppositum,

1961 4950 2205 5017 itemque
2237 4941 2541 4999 secundum
2575 4938 2944 4994 substantiam
2975 4935 3262 4990 distinctio
3288 4934 3538 5004 qumdam

1959 5047 2044 5096 est
2072 5047 2128 5094 et
2154 5033 2544 5093 determinatio
2589 5029 3030 5084 indistinctarum
3081 5026 3538 5091 substantiarum,

1963 5143 2023 5189 ut
2048 5145 2278 5203 qumque
2331 5141 2564 5199 persona
2596 5122 2948 5194 singulariter
2981 5127 3375 5184 enumeretur;
3416 5119 3539 5173 ideo

1963 5236 2020 5282 et
2070 5211 2360 5295 personam
2422 5219 2580 5274 istam
2633 5217 2826 5270 Patres
2874 5220 3104 5268 censent
3146 5219 3202 5266 et
3241 5211 3536 5282 appellant.

1964 5319 2178 5374 Dicitur
2209 5311 2592 5383 subsistentia,
2629 5317 2684 5363 et
2713 5307 2953 5363 essentia
2977 5313 3033 5360 et
3060 5314 3256 5360 natura
3287 5304 3542 5376 pluribus

1965 5409 2281 5465 nominibus
2306 5407 2592 5476 designata
2632 5417 2699 5455 eo
2718 5398 2864 5469 quod
2889 5398 3120 5467 plurima
3151 5398 3439 5467 suscipiat,
3483 5404 3542 5452 et

1966 5515 2075 5553 non
2103 5497 2272 5568 quod,
2298 5497 2353 5549 in
2382 5492 2762 5550 accidentibus
2794 5489 2927 5560 ipsis
2957 5504 3078 5558 qua:
3103 5504 3208 5542 non
3243 5488 3538 5545 exsistunt.

1968 5587 2059 5641 illa
2115 5587 2187 5641 sit
2232 5592 2286 5639 ct
2338 5599 2460 5638 esse
2497 5581 2788 5652 cogitetur,
2821 5576 2914 5632 sed
2966 5576 3021 5630 in
3045 5577 3223 5646 seipsa
3254 5576 3539 5639 subsistat,

1967 5679 2111 5735 sicut
2139 5678 2347 5732 dictum
2378 5683 2462 5729 est
2485 5691 2528 5728 ει
2557 5673 2830 5728 Memento
2851 5686 2972 5740 quae
3001 5671 3072 5724 sit
3099 5685 3215 5724 mea
3232 5668 3541 5723 subsisten-

1971 5771 2065 5825 tia.
2097 5788 2120 5823 ι
2155 5770 2275 5838 Quo
2319 5766 2466 5824 enim
2507 5765 2671 5820 modo
2705 5764 2910 5820 dicitur
2941 5763 3317 5818 characterem
3363 5756 3540 5816 Patris
