3916 6552
502 453 631 521 Ιῑ31

1753 456 2061 518 LEONTII
2100 457 2506 520 BYZANTINI

3620 460 3643 522 1
3655 460 3745 521 332

498 571 822 627 substanti:e
857 585 981 628 esse
1013 570 1234 637 Filium,
1259 571 1406 642 quod
1436 580 1494 627 et
1540 571 1722 641 ipsum
1756 570 2067 636 induxistis,

2179 571 2365 642 νύμως
2397 568 2883 640 συσσημαινομένη
2925 569 3080 639 παρὰ
3110 569 3382 634 πλείστοις
3413 570 3487 641 τῷ
3515 572 3746 640 ὑφεστη-

496 661 704 730 majore
729 660 835 714 hoc
866 660 1073 732 indiget
1118 663 1482 732 explicatione
1520 672 1578 716 et
1614 678 1725 716 non
1772 670 1982 715 tantum
2015 670 2076 715 ut

495 767 642 806 nunc
670 752 968 822 digressiva
1002 754 1370 823 exquisitione
1403 772 1417 820 ;
1454 753 1676 810 aliunde
1722 753 1862 808 nihil
1915 752 2074 808 vobis

494 844 562 898 ad
587 845 930 913 propositum
955 847 1100 902 istud
1133 847 1540 903 subministrat.

2180 660 2370 716 κέναιο
2428 660 2523 714 καί¹
2562 659 2637 731 μὴ
2667 659 2743 723 ὡς
2769 660 2839 712 τὰ
2871 661 2993 714 καθ’
3022 661 3163 714 αὑτὰ
3191 663 3518 730 ἁνύπαρκτα
3549 663 3720 731 συμὸε

2181 753 2389 825 θηκότα
2419 747 2561 805 εἶναι
2593 753 2688 804 καὶ
2716 751 2957 806 νσετσθαι
2975 794 2990 819 ,
3027 753 3143 806 ἀλλ’
3170 753 3262 822 ὑφ’
3287 754 3485 824 ἑαυτῆς
3510 755 3744 819 ἑστάναι,

2181 843 2318 898 καθὸ
2351 844 2602 914 εἴρηταιο
2643 861 2661 894 ι
2692 843 3013 914 Μνήσθητι,
3047 843 3132 906 τίς
3169 862 3271 915 μου
3306 847 3340 915 ἡ
3369 846 3695 907 ὑπόστασις·
3725 864 3742 895 ι

494 936 688 1010 τὸγὰρ
741 939 893 1002 ὅπως
945 940 1161 1010 εῑρηται
1191 940 1480 1012 χαρακτὴρ
1505 940 1603 1006 τῆς
1630 936 1724 991 τοῦ
1750 936 1964 1008 Πατρδς
2010 936 2364 998 ὑποστάσεως
2415 937 2445 988 ὁ
2486 935 2642 998 Υἱὸς,
2687 936 2716 988 ὃ
2745 936 2840 989 καὶ
2869 936 2999 988 αὑτὸ
3064 938 3442 1006 παρηγάγετε,
3509 936 3746 1004 μείζονος

496 1029 670 1082 δεῖται
724 1030 823 1100 τῆς
873 1031 1232 1098 ἁναπτύξεως
1277 1032 1376 1086 καὶ⁹
1420 1031 1481 1084 οὑ
1521 1029 1934 1101 παρεκὸατικῆς
1975 1027 2072 1082 νῦν
2111 1028 2426 1100 ζητήσεωςο
2480 1027 2622 1098 πλὴν
2655 1027 2806 1082 οὐδὲν
2855 1031 2985 1100 ὑμῖν
3015 1030 3094 1092 είς
3126 1029 3187 1082 τὸ
3215 1031 3581 1099 προκείμενον
3639 1030 3745 1083 τάδε

498 1121 837 1190 συναίρεται.

582 1215 677 1269 llis
699 1214 866 1286 igitur
884 1231 913 1269 a
932 1216 1093 1271 nobis
1107 1217 1176 1272 de
1197 1217 1553 1274 subsistentia
1575 1228 1722 1273 recte
1747 1216 1991 1284 statutis,
2022 1217 2069 1273 si

493 1307 720 1378 quidem
764 1307 902 1363 duas
921 1309 1303 1366 subsistentias
1327 1328 1427 1381 pro
1452 1311 1711 1366 essentiis
1739 1311 1943 1376 dicitis,
1969 1326 2070 1366 nos

492 1400 719 1455 omnino
741 1401 1078 1470 accipimus;
1109 1402 1404 1470 adjicimus
1449 1412 1631 1458 autem
1682 1420 1846 1458 unam
1879 1420 1945 1458 ex
1981 1403 2068 1458 his

491 1504 614 1543 esse
640 1504 928 1558 personam
977 1489 1206 1556 Christi,
1239 1501 1298 1546 ut
1340 1491 1748 1564 homonymiam
1778 1493 2068 1564 ‘fugiamus

493 1594 874 1648 personarum,
933 1579 1288 1634 ostendentes
1331 1597 1361 1635 a
1396 1580 1556 1635 nobis
1585 1595 1684 1650 pro
1700 1580 1914 1634 naturis
1943 1577 2068 1634 illas

492 1670 669 1740 accipi
700 1688 716 1730 :
745 1687 1035 1740 personam
1086 1688 1217 1728 vero
1249 1674 1303 1727 in
1351 1673 1766 1729 subsistentiam
1819 1673 1934 1744 jam
1976 1673 2072 1728 de-

493 1779 641 1816 mum
671 1763 832 1817 vobis
857 1778 981 1817 cum
1007 1773 1333 1833 reputamus
1358 1782 1371 1818 :
1392 1764 1850 1835 signiticatenim,
1868 1773 1928 1818 ut
1944 1779 2067 1834 per-

2249 1213 2472 1269 Τούτων
2497 1214 2592 1270 οὖν
2622 1214 2796 1278 οὑτως
2819 1215 2951 1286 ἡμῖν
2979 1213 3107 1285 περὶ
3133 1216 3485 1280 ὑποστάσεως
3510 1219 3748 1290 φιλοκρι-

2175 1307 2483 1378 νηθέντων,
2541 1309 2590 1360 εί
2639 1308 2738 1377 μὲν
2781 1307 2875 1360 δύο
2921 1307 3021 1370 τὰς
3052 1308 3379 1372 ὑποστάσεις
3412 1310 3534 1362 ἀντὶ
3562 1311 3749 1364 οὑσιιῖιν

2175 1418 2343 1470 φατε,
2399 1400 2670 1471 δεχόμεθα
2721 1399 2822 1470 μὲν
2872 1403 3035 1471 ἡμεῖς
3085 1402 3336 1466 πάντως·
3386 1403 3669 1472 ἐπάγομεν
3698 1405 3748 1457 δὲ

2174 1492 2402 1556 ταύταις
2457 1493 2554 1546 καὶ
2605 1492 2668 1545 τὸ
2715 1493 2773 1546 ἒν
2820 1493 3118 1563 πρόσωπον
3152 1489 3291 1548 εῖναι
3328 1496 3392 1548 ἐκ
3420 1497 3632 1551 τούτων
3661 1497 3747 1551 τοῦ

2172 1583 2416 1654 Χριστοῦ
2437 1624 2474 1659 ,ἴ
2505 1584 2594 1638 ἵνα
2639 1584 2740 1652 τὴν
2785 1584 3111 1654 ὁμωνυμίαν
3151 1584 3418 1654 φύγωμεν
3447 1587 3560 1640 τῶν
3586 1607 3746 1657 προσο

2176 1675 2344 1730 ώπων
2367 1693 2382 1707 ·
2436 1675 2596 1729 τοῦτο
2642 1675 2964 1746 δηλοῦντες,
3016 1676 3093 1737 ὡς
3126 1675 3250 1729 ἀντὶ
3279 1677 3380 1745 μὲν
3403 1678 3513 1731 τῶν
3542 1679 3747 1746 φύσεων

2174 1767 2381 1825 ταύτας
2414 1767 2750 1838 ἐδεξάμεθα·
2807 1767 2868 1819 τὸ
2903 1766 2959 1820 δὲ
3011 1767 3309 1833 πρόσωπον
3343 1769 3425 1832 είς
3457 1769 3746 1824 ὑπόστασιν

492 1870 626 1909 sona
667 1863 725 1910 et
766 1863 984 1920 natura,
1028 1856 1387 1911 subsistentia
1434 1872 1549 1911 rem
1592 1857 1982 1911 subsistentem
2012 1855 2067 1909 in

2175 1857 2358 1910 λοιπὸν
2386 1857 2486 1928 ἤδη
2537 1856 3020 1925 καταλογιζόμεθα
3064 1858 3195 1928 ὑμῖν
3214 1873 3229 1889 ο
3256 1860 3621 1929 συσσημαίνει
3649 1863 3747 1932 γάρ

492 1957 729 2018 utroque
783 1949 1129 2003 diversorum
1183 1950 1494 2014 nominum,
1561 1950 1656 2005 sed
1699 1951 1770 2004 ita
1802 1965 1927 2004 cum
1958 1949 2072 2004 Dco

490 2042 728 2097 dicimus
766 2082 780 2107 ,
811 2057 908 2096 vos
964 2051 1149 2096 autem
1193 2057 1419 2096 necesse
1471 2049 1558 2096 est
1603 2042 1746 2096 idem
1780 2050 2072 2096 cernentes

490 2133 692 2202 saepius
743 2140 998 2186 naturam
1046 2141 1104 2187 et
1159 2132 1575 2188 subsistentiam
1606 2133 1814 2193 dicere,
1862 2147 1986 2186 eum
2013 2131 2068 2186 in

490 2225 708 2278 duahus
737 2223 952 2278 naturis
985 2223 1123 2278 duas
1151 2239 1375 2294 quoque
1415 2223 1632 2278 Domini
1685 2222 2070 2278 subsistentias

491 2317 698 2381 dicitis,
730 2325 824 2369 aut
847 2330 1144 2385 personam
1185 2314 1431 2369 vicissim
1490 2330 1654 2368 unam
1688 2315 1772 2368 vel
1803 2313 1942 2368 duas
1989 2313 2072 2367 in-

491 2408 806 2470 troducere,
846 2414 942 2460 aut
976 2414 1240 2470 tacentes,
1291 2413 1530 2475 quatuor
1563 2414 1810 2469 naturas,
1861 2405 2081 2459 nullam

489 2508 673 2555 autem
701 2499 1118 2554 subsistentiam
1151 2498 1203 2553 id
1221 2507 1308 2553 est
1339 2513 1632 2568 personam
1659 2497 1714 2552 in
1734 2497 1958 2553 Christo
1978 2513 2069 2552 re-

483 2606 842 2662 cognoscere,
868 2589 1007 2644 duas
1033 2599 1267 2644 naturas
1305 2589 1578 2656 dicendo;
1608 2605 1712 2645 nec
1733 2582 1818 2645 his
1841 2597 2072 2645 conten-

491 2692 598 2747 tos,
628 2683 767 2738 duas
791 2682 1002 2737 Domini
1030 2681 1424 2737 subsistentias
1453 2682 1766 2747 admittere,
1795 2690 1892 2736 aut
1936 2697 2071 2752 qua-

489 2783 618 2830 tuor
643 2791 908 2846 personas
934 2775 988 2828 in
1021 2775 1256 2829 Domino
1280 2774 1490 2839 dicere,
1513 2775 1584 2829 ob
1609 2775 1747 2829 duas
1774 2784 1998 2830 naturas
2013 2783 2070 2830 et

489 2867 630 2923 duas
677 2867 1090 2930 subsistentias,
1141 2867 1346 2921 nullam
1398 2881 1532 2921 vero
1570 2882 1760 2922 earum
1820 2866 2068 2938 profecto

486 2960 782 3016 essentiam
813 2976 828 3026 ;
859 2958 962 3013 nisi
988 2959 1044 3012 in
1091 2960 1345 3014 essentize
1387 2959 1678 3024 rationem,
1731 2959 1827 3014 sed
1851 2959 1903 3012 in
1943 2975 2070 3028 per-

488 3069 640 3108 sonae
661 3061 870 3107 tantum
892 3052 1375 3107 subsistentiarum
1392 3069 1592 3107 nomen
1611 3068 1641 3106 a
1669 3053 1825 3106 vobis
1841 3051 2064 3106 dicitur.

489 3144 624 3199 Nam
648 3145 717 3200 de
747 3145 979 3215 reliquis
998 3143 1515 3215 signiﬁcationibus,
1557 3162 1665 3199 non
1689 3155 1824 3215 puto
1857 3153 2067 3198 tantum

2171 1947 2250 2018 τῷ
2279 1966 2336 2002 τε
2369 1947 2648 2018 προσώπῳ
2697 1949 2792 2002 καὶ
2837 1951 2906 2020 τῇ
2939 1949 3099 2018 φύσει
3133 1951 3167 2020 ὴ
3197 1949 3500 2014 ὑπόστασις
3531 1952 3595 2004 τὸ
3623 1953 3747 2006 ὑποο

2171 2041 2425 2108 κείμενον
2459 2043 2690 2112 πρᾶγμα
2722 2043 2975 2112 ἐκατέρῳ
3005 2042 3120 2095 τῶν
3147 2043 3427 2113 διαφόρων
3450 2044 3742 2114 ὀνομάτων.

2183 2132 2333 2186 ’ΛἏΓ
2382 2133 2556 2196 οὕτως
2591 2134 2690 2187 σὺν
2717 2132 2837 2202 Θεῷ
2868 2151 3072 2203 φαμεν.
3113 2133 3292 2203 Ὑμᾶς
3319 2135 3378 2188 δὲ
3406 2136 3654 2207 ἀνάγκη,
3695 2139 3747 2190 τδ

2172 2223 2308 2276 αὑτὸ
2335 2223 2546 2288 εἰδότας
2585 2223 2694 2296 (ῶς
2721 2242 2856 2295 φατε
2884 2225 3170 2289 πολλάκις,
3211 2226 3376 2294 φύσιν
3403 2243 3464 2280 τε
3493 2230 3594 2282 καὶ
3621 2229 3745 2282 ὑπό-

2172 2333 2362 2370 στασιν
2382 2355 2397 2380 ,
2434 2317 2559 2370 ἐπεὶ
2587 2318 2726 2388 πρὸς
2753 2321 2877 2382 ταῖς
2901 2317 2997 2372 δύο
3025 2317 3254 2386 φύσεσι,
3293 2320 3389 2373 καὶ
3419 2319 3745 2381 ὑποστάσεις

2170 2407 2306 2476 φατὲ
2349 2407 2442 2463 δύο
2467 2408 2563 2462 τοῦ
2592 2409 2801 2480 Κυρίου
2824 2409 2842 2479 )
2863 2428 2886 2475 ,'
2916 2410 2950 2481 ἢ
2984 2410 3094 2464 καῖ
3107 2409 3405 2482 πρόσωπον
3435 2412 3603 2466 πάλιν
3631 2413 3686 2465 ἓν
3714 2413 3742 2482 ἢ

2168 2501 2262 2554 δύο
2308 2501 2705 2569 ἐπεισαγαγεῖν
2729 2516 2743 2532 ·
2797 2501 2832 2569 ἢ
2879 2501 3170 2568 σιγῶντας,
3205 2503 3484 2574 τέσσαρας
3520 2503 3625 2574 μὲν
3656 2505 3744 2567 τὰς

2169 2591 2398 2660 φύσεις,
2447 2591 2705 2661 οὐδεμίαν
2753 2592 2810 2644 δὲ
2860 2592 3194 2658 ὑπόστασιν,
3229 2594 3402 2664 ἡγουν
3433 2597 3741 2666 πρόσωπον,

2169 2684 2224 2736 ὲν
2266 2682 2492 2754 Χριστῷ
2540 2683 2928 2752 διεγνωκέναι,
2977 2682 3074 2736 δύο
3106 2682 3366 2752 ὶέγοντας
3398 2686 3627 2756 φύσεις·
3660 2689 3744 2740 καὶ

2167 2774 2268 2827 οὑκ
2301 2774 2704 2844 ἀρκουμένους,
2743 2775 2880 2830 άλλά
2913 2775 3010 2829 καὶ
3040 2774 3134 2828 δύο
3164 2775 3264 2838 τὰς
3294 2777 3628 2842 ὑποστάσεις
3658 2779 3742 2832 τοῦ

2170 2861 2375 2932 Κυρίου
2407 2862 2803 2932 προστιθέντας
2826 2881 2842 2896 ο
2899 2863 2931 2934 ἢ
2964 2865 3210 2936 τέσσαρα
3245 2867 3344 2936 μὲν
3379 2867 3449 2920 τὰ
3481 2869 3743 2940 πρόσωπα

2169 2953 2263 3005 ἐπὶ
2291 2954 2384 3006 “co-3
2417 2952 2627 3024 Κυρίου
2658 2953 2860 3022 λέγειν.
2892 2954 2981 3008 διὰ
3005 2956 3113 3008 τῶν
3139 2955 3356 3025 φύσεων
3387 2959 3484 3012 καὶ
3507 2959 3604 3013 δύο
3625 2961 3746 3013 ὑπο-

2169 3046 2446 3110 στάσεων,
2488 3046 2748 3116 οὐδεμίαν
2784 3047 2841 3100 δὲ
2883 3047 3065 3102 αὑτῶν
3106 3048 3295 3102 οὑσίαν
3324 3051 3562 3122 δηλαδή’
3605 3054 3656 3105 εἰ
3691 3052 3743 3105 δὲ

2172 3137 2247 3209 μὴ
2283 3141 2362 3201 είς
2389 3139 2578 3201 ούσίας
2606 3139 2788 3208 λόγον,
2820 3137 2938 3192 ἀλλ’
2969 3141 3048 3203 είς
3074 3139 3174 3212 τὴν
3198 3141 3293 3194 τοῦ
3323 3143 3626 3216 προσώπου
3657 3143 3744 3214 μόο

489 3237 734 3308 divagari
766 3237 1047 3293 hominem
1080 3236 1468 3291 rationabilem
1497 3236 1626 3290 dum
1664 3236 1790 3290 talia
1819 3236 2067 3305 inquirit,

2175 3247 2262 3284 νον
2317 3229 2379 3283 τὸ
2428 3229 2536 3284 τῶν
2583 3231 2941 3286 ὑποστάσεων
2976 3232 3104 3304 ὑμῖν
3132 3235 3349 3305 εἴρηται
3382 3236 3575 3306 ὄνομα.
3617 3238 3745 3306 Περὶ

488 3346 657 3401 quam
712 3331 1101 3384 necessitatem
1151 3328 1314 3384 nobis
1353 3327 1687 3397 comparatis
1737 3327 2064 3397 postulando

489 3421 579 3477 cui
642 3422 785 3477 hanc
833 3420 1070 3475 dicimus
1123 3419 1237 3474 Deo
1285 3419 1433 3473 Patri
1473 3434 1541 3472 an
1589 3417 1783 3481 David,
1829 3417 2063 3471 similem

490 3511 785 3568 essentiam
824 3512 984 3566 esse?
1007 3511 1254 3566 Primum
1279 3529 1284 3534 δ
1314 3509 1462 3564 enim
1527 3524 1638 3562 non
1674 3523 1740 3563 ex
1779 3508 2064 3563 identitate

489 3604 862 3660 essentiarum
890 3602 1266 3658 subsiStentia:
1314 3608 1710 3672 agnoscuntur,
1757 3616 1937 3670 neque
1968 3615 2063 3654 ea-

490 3698 617 3752 dem
671 3695 837 3751 alicui
897 3693 1270 3750 subsistentia:
1313 3692 1456 3747 ratio
1504 3701 1591 3747 est
1616 3707 1680 3746 ac
1718 3691 1763 3746 si
1810 3700 2066 3745 naturam

491 3789 693 3844 habeat
739 3803 924 3843 rerum
968 3787 1218 3857 ejusdem
1257 3784 1532 3850 essentiae,
1589 3793 1782 3839 contra
1814 3782 1980 3852 igitur
2019 3780 2064 3835 si

492 3899 601 3937 non
631 3882 831 3936 haheat
869 3880 1076 3951 aliquid
1125 3896 1311 3935 rerum
1367 3878 1468 3948 ipsi
1504 3877 1742 3932 essentia
1779 3875 2063 3930 similium.

493 3975 880 4032 Subsistentia:
928 3975 1076 4029 enim
1129 3973 1368 4026 maxime
1413 3971 1700 4042 proprium
1735 3978 1838 4030 est,
1864 3967 2065 4022 similia

491 4071 797 4124 secundum
861 4078 1113 4123 naturam
1172 4067 1511 4136 distinguere
1555 4064 1706 4118 entia
1767 4060 2064 4132 separatim

491 4162 596 4216 alia
634 4161 702 4216 ab
723 4161 864 4226 aliis,
897 4169 952 4214 et
977 4161 1067 4214 illa
1097 4158 1449 4228 sirigulariter
1479 4157 1746 4212 indicare.

569 4339 836 4393 Praeterea
857 4335 1113 4398 dicimus,
1164 4336 1208 4390 si
1235 4351 1378 4390 unus
1403 4335 1544 4390 forte
1574 4333 1739 4388 homo
1763 4343 1857 4388 aut
1881 4349 2062 4403 equus

493 4432 550 4487 in
569 4431 704 4486 orbe
725 4430 953 4485 exsistat
978 4429 1127 4483 solus
1145 4436 1201 4482 et
1217 4427 1403 4482 nullus
1422 4428 1493 4482 sit
1517 4427 1763 4499 ejusdem
1789 4427 2062 4491 essentite,

492 4523 674 4594 qualis
706 4520 1000 4576 fuitAdam
1032 4519 1246 4590 primus
1268 4519 1452 4580 homo,
1485 4518 1631 4573 illius
1652 4517 2064 4572 subsistentiam

2171 3317 2280 3390 γάρ
2316 3319 2424 3371 τῶν
2458 3319 2663 3372 λοιπῶν
2699 3321 3151 3392 σημαινομένων,
3185 3322 3285 3375 οὑκ
3317 3318 3472 3395 οἶμαι
3500 3325 3746 3378 τοσοῦτον

2172 3409 2510 3478 παραπαίειν
2561 3410 2686 3463 τινὰ
2732 3410 2998 3480 ζητοῦντα
3045 3413 3114 3466 τά
3159 3414 3335 3468 τοιάδε
3383 3415 3607 3484 λογικόν
3644 3434 3658 3448 ·
3686 3416 3745 3470 Τί

2170 3503 2305 3570 ἡμῖν
2333 3502 2634 3570 ἀναγκαῖον
2667 3503 3110 3568 κατασκευάζετε
3145 3506 3210 3557 ἐκ
3237 3506 3331 3558 τοῦ
3360 3507 3620 3560 ἀπαιτεῖν
3645 3509 3744 3560 τίνι

2117 3603 2121 3606 ’
2170 3593 2378 3664 ταύτην
2407 3593 2605 3663 φαμὲν,
2645 3595 2724 3665 τῷ
2746 3594 2867 3666 Θεῷ
2897 3595 2991 3647 καὶ
3019 3595 3218 3659 Ila-cpt,
3256 3595 3288 3666 ἦ
3318 3597 3397 3667 τῷ
3422 3598 3587 3652 Δαϐὶδ
3613 3599 3743 3652 εἶναι

2170 3682 2494 3753 ὁμοούσιον;
2547 3683 2772 3755 Πρῶτον
2810 3686 2910 3753 μὲν
2946 3685 3055 3755 γὰρ
3087 3685 3187 3737 οὑκ
3221 3687 3284 3738 ἐκ
3308 3686 3420 3740 τῶν
3446 3687 3742 3758 δμοουσίων

2171 3775 2230 3828 αἱ
2275 3775 2602 3839 ὑποστάσεις
2651 3776 3011 3848 γνωρίζονται
3037 3793 3050 3806 °
3115 3776 3227 3829 οὐδ’
3255 3779 3284 3830 ὀ
3316 3779 3482 3842 αὑτός
3515 3796 3567 3830 τι
3583 3799 3622 3831 ιι
3652 3781 3740 3844 τῆς

2173 3865 2526 3930 ὑποστάσεως
2578 3867 2735 3934 λόγος
2786 3867 2932 3929 ἐστὶ,
2988 3867 3049 3921 ὃν
3094 3868 3203 3920 κάκ
3247 3868 3348 3938 τῆς
3387 3870 3606 3936 φύσεως
3635 3870 3742 3940 ἔχει

2171 3957 2277 4010 τῶν
2309 3959 2608 4027 ὀμοουσίων
2637 3957 2820 4028 αὑτῷ,
2868 3959 3180 4012 τούναντίον
3209 3960 3306 4029 μὲν
3335 3956 3431 4013 οὖν
3463 3960 3524 4013 ὃν
3551 3960 3668 4031 ἔχει
3694 3977 3743 4016 τι

2171 4051 2279 4103 τῶν
2309 4051 2610 4121 ὀμοουσίων
2629 4069 2642 4082 ·
2670 4051 3023 4115 ὑποστάσεως
3052 4052 3162 4122 γὰρ
3194 4051 3395 4122 μᾶλλον
3423 4052 3573 4117 ἴδιον,
3598 4053 3628 4106 ὃ
3659 4056 3742 4106 καὶ

2171 4142 2280 4195 τῶν
2325 4144 2528 4212 ὁμοίων
2574 4144 2714 4198 κατὰ
2760 4143 2923 4213 φύσιν
2968 4144 3267 4215 διακρίνειν
3314 4145 3384 4198 τά
3422 4145 3600 4214 ἄτομα
3642 4145 3742 4215 ίδέᾳ

2173 4235 2268 4289 ἀπ’
2295 4235 2566 4304 ἀλλήλων,
2601 4236 2696 4289 καὶ
2722 4236 2844 4288 καθ’
2873 4236 3017 4290 αὑτὰ
3039 4235 3304 4289 δεικνύειν
3335 4237 3584 4292 ἑκάστου.

2246 4328 2367 4380 Ἔτι
2396 4327 2455 4380 δέ
2484 4344 2687 4398 φαμεν,
2720 4327 2803 4380 ὅτι
2831 4327 2924 4380 καὶ
2950 4327 3070 4391 ἑνὸς
3094 4327 3384 4398 ἀνθρώπου
3411 4328 3572 4397 τυχὸν
3599 4328 3632 4397 ἢ
3659 4327 3741 4378 ἴπ-

2172 4436 2276 4472 που
2309 4419 2365 4472 ὲν
2394 4419 2472 4488 τῷ
2498 4420 2658 4473 παντὶ
2688 4418 2983 4490 γενομένου
3015 4419 3200 4489 μόνου,
3238 4419 3334 4472 καὶ
3363 4419 3574 4482 οὐδενὸς
3595 4420 3740 4482 ὄντος

2185 4510 2336 4582 αύτῷ
2360 4513 2671 4582 ὁμοουσίου,
2711 4507 2838 4581 οἷον¹
2868 4510 3040 4580 Ἀδάμ
3087 4509 3181 4563 τοῦ
3225 4510 3671 4582 πρωτοπλάστου,
3707 4514 3736 4580 ἡ

491 4631 654 4687 posse
679 4631 745 4669 ex
771 4613 994 4668 entibus
1018 4613 1245 4666 alterius
1273 4611 1525 4666 essentia:
1543 4611 1722 4681 quoad
1757 4611 2064 4680 subsisten-

2175 4602 2464 4662 ὑπόστασις
2495 4600 2659 4654 αὐτοῦ
2690 4601 2904 4654 δύναιτο
2935 4601 3001 4654 ἂν
3032 4601 3126 4653 καὶ⁸
3153 4601 3216 4652 ἐκ
3241 4601 3349 4652 τῶν
3393 4601 3739 4671 ἑτεροουσέων

495 4710 624 4762 tiam
645 4705 913 4777 dignosci.
947 4704 1064 4758 Non
1089 4704 1261 4768 enim,
1295 4703 1442 4772 quod
1470 4718 1576 4756 non
1597 4701 1894 4771 sitaliquid
1923 4702 2068 4770 ejus-

492 4803 615 4856 (lem
655 4798 906 4855 essentia:
943 4813 972 4852 a
1020 4812 1129 4866 quo
1180 4796 1236 4850 in
1294 4794 1650 4849 subsistentia
1697 4794 2066 4856 discernatur,

493 4893 616 4948 ideo
666 4905 890 4946 necesse
925 4898 1009 4944 est
1053 4903 1161 4942 non
1207 4888 1389 4942 valere
1419 4886 1486 4941 de
1519 4887 1670 4941 illius
1711 4885 2068 4940 subsistentia

491 4999 822 5046 sermonem,
880 4981 987 5036 nisi
1014 4980 1127 5034 sint
1177 4980 1250 5034 illi
1299 4980 1404 5034 alia
1461 4979 1710 5049 ejusdem
1769 4978 2064 5040 essentiae;

491 5075 828 5130 contrarium
870 5073 1016 5128 enim
1051 5071 1194 5126 ratio
1233 5071 1372 5132 vult.
1409 5069 1500 5124 illa
1548 5069 1793 5140 ejusdem
1817 5067 2068 5123 essentia:

491 5184 614 5237 quae
647 5184 756 5220 non
781 5165 987 5220 habent
1016 5161 1456 5226 subsistentiam,
1485 5177 1596 5215 non
1629 5160 1890 5224 discerni,
1931 5175 2064 5223 non,

496 5268 556 5312 ut
580 5257 856 5328 colligitis,
878 5257 967 5312 illa
986 5273 1107 5326 qua:
1150 5271 1261 5309 non
1300 5254 1504 5308 habent
1537 5253 1776 5322 aliquam
1808 5251 2070 5313 identita-

496 5359 604 5404 tem
647 5348 902 5402 essentia:
931 5348 984 5400 in
1019 5346 1394 5402 subsistentiis
1428 5360 1540 5399 non
1575 5343 1856 5413 distingui.
1906 5343 2066 5398 Enim

494 5455 627 5494 vero
660 5439 869 5494 entium
931 5437 1158 5494 alterius
1205 5437 1460 5492 essentiae
1508 5435 1902 5499 subsistentia,
1956 5435 2067 5489 imo

492 5540 705 5587 natura:
754 5545 945 5583 eorum
971 5527 1426 5595 distinguuntur;
1467 5542 1578 5581 non
1604 5534 1787 5580 autem
1818 5523 2064 5594 ejusdem

490 5618 746 5676 essentia:
778 5618 988 5671 entium
1014 5631 1116 5671 nec
1149 5617 1360 5671 naturis
1386 5632 1488 5672 nec
1527 5614 1904 5671 subsistentiis
1927 5629 2066 5685 opus

489 5717 662 5766 estut
708 5725 738 5763 a
779 5708 1048 5762 similibus
1103 5707 1508 5785 discernantur.
1558 5705 1768 5761 leum
1823 5719 1957 5775 ergo
1983 5712 2068 5759 est

491 5816 686 5866 unum,
719 5816 826 5854 una
871 5807 1036 5862 terra,
1070 5807 1126 5852 et
1168 5798 1341 5852 aether
1377 5813 1551 5856 unus:
1593 5813 1770 5867 neque
1794 5813 1860 5850 eo
1918 5796 2064 5865 quod

493 5907 601 5947 non
633 5891 743 5945 sint
767 5889 998 5945 alia‘his
1021 5889 1262 5944 essentia
1297 5887 1520 5953 similia,
1551 5888 1698 5943 dicat
1735 5888 1934 5957 aliquis
1978 5889 2066 5943 his

2175 4692 2323 4762 αὑτῷ
2357 4693 2432 4755 ώς
2463 4693 2757 4755 ὑπόστασις
2783 4692 3235 4761 διαγινώσκεσθαι
3257 4710 3272 4724 ·
3329 4693 3422 4746 καὶ
3469 4692 3584 4760 οὐχὶ
3620 4691 3740 4743 ἐπεὶ

2173 4785 2275 4837 οὑκ
2316 4780 2384 4854 ἦν
2429 4801 2484 4836 τι
2515 4783 2680 4837 αὑτοῦ
2713 4783 2996 4853 ὁμοούσιον
3029 4787 3094 4856 τῇ
3128 4785 3424 4837 ὑποστάσει
3455 4784 3547 4852 ἀφ’
3571 4778 3633 4836 οὗ
3662 4783 3736 4834 δι-

2169 4875 2416 4944 εκρίνετο
2441 4912 2456 4936 ,
2505 4873 2592 4927 διὰ
2623 4874 2783 4927 τοῦτο
2815 4875 3027 4945 ἀνάγκη
3065 4875 3142 4945 μὴ
3171 4874 3443 4946 ἐρρῶσθαι
3485 4856 3574 4924 τὸν
3616 4873 3738 4941 περὶ

2168 4965 2271 5036 τῆς
2300 4967 2648 5030 ὑποστάσεως
2677 4966 2844 5020 αὑτοῦ
2894 4967 3048 5035 λόγον
3067 5008 3082 5032 ,
3121 4969 3169 5018 εί
3201 4966 3275 5036 μὴ
3307 4962 3417 5018 εἷεν
3445 4963 3588 5034 αὑτῷ
3613 4967 3735 5032 ὁμου

2169 5059 2326 5112 ούσια
2375 5059 2558 5128 ἕτερα.
2612 5059 2935 5112 Τοὺναντίον
2967 5059 3078 5129 γάρ
3108 5058 3135 5110 ὁ
3165 5057 3323 5126 λόγος
3357 5057 3469 5128 ἔχει
3489 5073 3502 5085 ·
3559 5058 3639 5110 ὅτι
3670 5049 3738 5109 ὧν

2173 5150 2250 5220 μὴ
2279 5149 2427 5202 ἔστιν
2458 5149 2758 5212 ὑπόστασις
2783 5148 2894 5202 τῶν
2918 5148 3243 5218 ὀμοουσίων,
3270 5149 3331 5201 οὑ
3355 5147 3734 5215 διακρίνονται’

2169 5243 2286 5314 οὑχ,
2317 5243 2508 5316 ῶσπερ
2537 5245 2820 5313 συνάγετε,
2849 5245 2930 5298 ὃτι
2957 5240 3032 5299 ὧν
3056 5245 3154 5298 οὑκ
3179 5244 3296 5296 ἐστι
3322 5243 3583 5314 ὁμοούσιά
3602 5259 3733 5306 τινα,

2170 5337 2227 5390 αἱ
2258 5338 2586 5402 ὑποστάσεις
2612 5338 2671 5390 ού
2694 5337 3039 5408 διορίζονταιο
3069 5337 3163 5391 καὶ
3187 5338 3294 5406 γάρ
3320 5337 3413 5389 καὶ
3436 5336 3545 5388 τῶν
3569 5337 3736 5404 ἑτερο-

2169 5428 2368 5482 ουσίων
2412 5429 2470 5481 αἱ
2509 5428 2836 5488 ὑποστάσεις
2862 5467 2878 5491 ,
2931 5426 3068 5480 ἀλλὰ
3111 5425 3316 5480 τούτων
3361 5427 3451 5478 καὶ
3481 5427 3536 5478 αξ
3563 5425 3736 5494 φύσεις

2169 5521 2579 5592 διακρίνουσιν
2630 5520 2934 5590 ὀμοουσίων
2980 5519 3037 5573 δέ
3087 5535 3230 5572 τισιν
3279 5520 3381 5571 οὑκ
3407 5518 3595 5578 δντων,
3627 5516 3735 5568 οὐδὲ

2169 5613 2330 5685 χρεία
2373 5613 2473 5683 τῆς
2515 5612 2624 5666 ἀπὸ
2648 5611 2756 5665 τῶν
2784 5613 3041 5682 ὁμοφυῶν
3073 5610 3421 5682 διακρίσεως.
3460 5609 3568 5662 Καὶ
3598 5609 3625 5660 ὁ
3650 5607 3736 5658 0-3-

2175 5707 2338 5778 ρανδς
2384 5705 2515 5772 γοῦν
2564 5700 2672 5768 εἷς,
2716 5705 2811 5760 καὶ
2845 5706 2877 5776 ἡ
2905 5705 2977 5774 γῆ
3012 5703 3140 5773 μία,
3177 5704 3272 5756 καὶ
3300 5702 3464 5772 αἰθὴρ
3493 5699 3573 5763 εἷς
3599 5702 3732 5752 ἐστι’

2173 5800 2266 5851 καὶ
2295 5799 2356 5850 οὑ
2387 5797 2476 5849 διά
2503 5797 2563 5849 τὸ
2596 5797 2670 5867 μὴ
2699 5793 2780 5850 εἶν
2793 5814 2837 5848 ιι
2871 5797 3034 5865 ἔτερα
3063 5796 3273 5858 τούτοις
3301 5793 3581 5864 ὁμοούσια,
3605 5792 3735 5842 είποι

2171 5907 2254 5954 τις
2289 5889 2354 5942 ἂν
2388 5889 2520 5960 μηδὲ
2548 5883 2689 5942 εἶναι
2717 5884 2810 5942 οὖν
2839 5887 3044 5942 τούτων
3074 5888 3392 5941 ὑπόστασιν.
3432 5885 3655 5954 Ὁμοίως
3683 5881 3732 5932 δὲ
