3916 6586
309 547 452 614 1533

1269 551 1666 613 ADVERSUS
1701 547 2252 613 NESTORIANOS.
2285 578 2339 586 -
2378 551 2524 611 LIB.
2569 551 2653 610 II.

3414 552 3568 623 .1534

305 664 409 718 καὶ
434 663 636 735 κόσμος
668 662 752 717 ὅδε
783 664 810 717 ὁ
840 665 968 732 πᾶς,
1002 659 1106 727 εἷς·
1147 665 1240 720 καὶ
1272 666 1332 719 οὑ
1359 666 1437 738 τῷ
1466 666 1540 739 μὴ
1567 662 1706 718 εἶναι
1734 663 1884 717 πλεί-

1997 680 2099 719 ηοη
2133 680 2255 720 esse
2296 667 2736 724 subsistentiam.
2765 670 2897 725 [tem
2929 671 3020 725 hic
3050 671 3152 726 iste
3182 671 3424 726 mundus
3446 675 3570 727 nni-

303 774 405 819 ou;
453 757 692 826 κόσμους
749 758 1070 829 ὁμοουσίους
1122 758 1298 829 τῷδε,
1372 759 1746 821 ἀνυπόστατος
1804 758 1890 828 εἴη

304 849 476 904 αὑτοῦ
507 851 542 922 ἡ
575 849 854 913 σύστασις.
911 851 975 903 Τί
1008 850 1100 904 οὑν
1135 851 1276 920 ὑμᾶς
1308 849 1486 904 πείθει
1529 851 1628 922 τὴν
1654 848 1890 920 Χριστοῦ

305 942 612 997 ὑπόστασιν
633 983 647 1004 ,
703 943 752 994 εί
798 944 872 1014 μὴ
914 943 1058 996 κατά
1101 943 1280 997 πάντα
1308 941 1466 1010 λόγον
1494 943 1580 1011 εἴη
1604 941 1776 1012 ταύτῃ
1807 957 1892 1004 τις

306 1035 476 1106 ἑτέρα
528 1035 827 1099 ὑπόστασις
873 1034 1196 1106 όμοούσιος,
1252 1035 1443 1106 μηδενὶ
1489 1033 1702 1104 φυσικῷ
1734 1034 1890 1104 Λόγῳ

304 1128 420 1180 τῶν
472 1129 529 1180 ὲν
574 1129 710 1198 αὑτῇ
752 1125 1127 1190 πλεονάζουσα
1158 1127 1192 1199 ἢ
1221 1127 1564 1190 ἐλλείπουσα,
1601 1125 1736 1195 μηδὲ
1762 1124 1893 1178 ὑπό-

311 1235 506 1272 στασιν
557 1217 712 1271 τοῦδε
755 1217 850 1270 τοῦ
887 1217 1154 1281 ζωοποιοῦ
1201 1217 1460 1272 συνθέτου
1494 1217 1633 1281 ζώου
1671 1214 1764 1268 τοῦ
1796 1216 1892 1268 ἰδι-

306 1309 556 1364 κωτὰτου
607 1309 1046 1378 καταδέχεσθαις
1103 1309 1313 1373 Ἄλλως
1361 1327 1420 1362 τε
1472 1309 1534 1362 οὐ
1587 1307 1763 1378 τούτῳ
1808 1324 1892 1369 τις

307 1401 493 1473 ζητῶν
524 1403 819 1474 ὁμοιότητά
847 1406 968 1455 τινά
996 1419 1159 1455 τινων
1191 1401 1334 1455 κατά
1363 1419 1415 1454 τι
1448 1400 1791 1470 συγκρίνειεν
1823 1399 1889 1453 ἂν

307 1496 374 1549 δι’
421 1494 609 1564 ἑτέρου
657 1495 817 1561 λόγου
855 1495 954 1564 τὴν
984 1493 1108 1546 καθ’
1135 1494 1321 1563 ἕτερον
1344 1493 1503 1560 λόγον
1542 1492 1674 1564 πρὸς
1703 1492 1890 1561 ἑτέρου

305 1587 454 1650 τινὸς
491 1586 695 1657 σχέσιν,
736 1585 873 1640 ἀλλά
900 1584 968 1639 δι’
993 1585 1159 1640 αὑτοῦ
1185 1586 1362 1649 τοῦδε,
1390 1584 1459 1637 δι’
1486 1578 1546 1638 οὗ
1575 1584 1607 1654 ἡ
1633 1583 1892 1651 ὁμοίωσις

307 1679 576 1749 ἐζητεῖτο.
634 1682 762 1734 Δέον
811 1681 904 1736 οὑν
951 1682 1099 1752 ὑμᾶς
1148 1680 1222 1748 μὴ
1257 1679 1438 1742 λέγειν
1478 1676 1511 1747 ἦ
1546 1675 1749 1746 ζητεῖν,
1785 1673 1891 1724 τίνι

307 1771 450 1842 αῦτη
488 1773 520 1842 ἠ
554 1772 851 1835 ὑπόστασις
879 1771 1165 1843 όμοούσιός
1193 1772 1375 1823 ἐστιν’
1434 1767 1549 1834 εἴγε
1582 1765 1747 1834 ἄλλην
1778 1764 1892 1816 ἴστε

305 1865 608 1919 ὑπόστασιν
661 1864 760 1936 τὴν
814 1865 891 1930 ὼς
937 1865 1265 1936 πρόσωπον,
1317 1860 1413 1914 καὶ
1467 1859 1634 1928 ἀλλην
1681 1855 1779 1926 τὴν
1816 1853 1893 1918 ὡς

304 1957 525 2011 οὑσίανο
565 1957 680 2011 ἀλλ’
707 1956 741 2028 ἢ
768 1957 872 2010 τίνι
900 1957 1016 2010 ἐστὶ
1047 1956 1169 2010 κατ’
1195 1955 1384 2008 οὑσίαν
1409 1950 1694 2023 ὁμοούσιος
1717 1947 1894 2017 όΧρι-

307 2047 436 2111 στὸς
468 2048 678 2119 ἐρωτᾷν
699 2067 712 2080 ·
770 2047 802 2118 ἢ
849 2047 955 2100 τίνι
1002 2049 1122 2100 ἐστὶ
1150 2046 1272 2099 καθ’
1299 2048 1622 2110 ὑπόστασιν,
1651 2045 1890 2113 ὁμοὺπό-

307 2144 527 2202 στατος·
561 2141 679 2208 εἴγε
710 2139 810 2210 τὴν
841 2140 977 2212 πρὸς
1003 2140 1094 2192 τὸν
1119 2139 1355 2210 Χριστὸν
1383 2138 1666 2208 ὁμοίωσιν.
1685 2138 1746 2190 οὑ
1771 2137 1892 2189 κατ’

305 2232 522 2296 οὐσίαν,
556 2231 696 2286 ἀλλά
724 2232 847 2286 καθ’
873 2232 1194 2298 ὑπόστασιν,
1228 2233 1329 2302 τήν
1356 2248 1416 2283 τε
1448 2229 1585 2302 πρὸς
1607 2229 1698 2282 τὸν
1717 2228 1892 2282 Πατέ-

310 2341 381 2394 ρα
416 2323 510 2376 καὶ
540 2325 632 2377 τὸν
660 2323 826 2377 Δαῦὶδ
850 2324 1118 2394 ἐζητεῖτε.

1992 771 2190 810 versus
2221 773 2362 811 unus
2385 767 2470 812 est
2503 776 2517 819 ;
2541 776 2720 829 neque
2748 761 2894 830 quod
2933 777 3042 816 non
3068 762 3179 816 sint
3205 764 3388 831 plures
3413 781 3571 818 mun-

1993 847 2048 900 di
2105 848 2346 918 ejusdem
2397 851 2672 914 essentite,
2706 853 2822 906 sine
2872 853 3227 908 subsistentia
3258 833 3364 908 erit
3422 855 3571 910 illius

1993 938 2329 996 substantite.
2360 941 2498 1007 Quid
2525 941 2690 1012 igitur
2711 943 2868 998 vobis
2894 945 3188 1014 persuadet
3210 946 3411 1000 Christi
3442 948 3572 1000 sub-

1993 1029 2321 1094 sistentiam,
2365 1032 2469 1085 nisi
2510 1033 2657 1086 omni
2691 1049 2760 1087 ex
2797 1034 3013 1088 ratione
3059 1036 3231 1090 altera
3261 1035 3332 1090 sit
3385 1037 3570 1091 subsi-

1992 1121 2190 1175 stentia
2221 1121 2296 1174 illi
2331 1123 2567 1176 essentia
2603 1123 2822 1190 similis,
2870 1126 3020 1180 nulla
3062 1129 3298 1182 naturali
3358 1129 3570 1183 ratione

1991 1215 2113 1284 ejus
2143 1213 2365 1268 dotibus
2417 1230 2513 1268 seu
2549 1216 2776 1286 praedita
2806 1233 2902 1272 seu
2954 1217 3189 1287 privata,
3228 1235 3338 1273 non
3390 1219 3572 1274 subsi-

1991 1307 2247 1360 stentiam
2281 1307 2440 1362 istius
2477 1309 2623 1362 entia
2666 1310 2906 1365 creantis
2931 1319 2988 1364 et
3034 1312 3418 1382 componentis
3459 1329 3574 1367 ma-

1991 1398 2136 1452 xime
2198 1400 2435 1469 propria:
2465 1401 2596 1456 dicti
2656 1403 2803 1458 entis
2848 1404 3146 1474 accipere?
3174 1404 3346 1459 Aliter
3385 1422 3570 1472 nemo,

1993 1490 2048 1544 in
2073 1491 2163 1545 illo
2196 1509 2448 1561 quzerens
2481 1495 2774 1564 quamdam
2840 1497 3260 1551 similitudinem
3311 1514 3573 1568 quorum-

1993 1583 2115 1638 dam
2149 1587 2452 1640 secundum
2509 1588 2812 1657 quoddam,
2856 1600 3200 1660 compararet
3254 1607 3353 1661 per
3409 1593 3569 1644 aliam

1993 1677 2262 1731 rationem
2297 1678 2447 1731 hunc
2473 1679 2774 1734 secundum
2809 1682 2969 1735 aliam
3017 1683 3284 1737 rationem
3321 1683 3570 1738 habitum

1993 1767 2157 1820 alicui
2188 1768 2302 1832 alii,
2334 1768 2428 1822 sed
2459 1769 2742 1840 peripsam
2779 1771 3069 1838 rationem,
3102 1789 3200 1844 per
3232 1790 3396 1844 quam
3418 1775 3573 1828 simi—

1991 1859 2171 1914 litudo
2223 1861 2592 1930 qurerebatur.
2651 1863 2798 1934 Ergo
2831 1881 2930 1919 vos
2975 1874 3197 1935 Oportet
3245 1881 3347 1920 nec
3386 1867 3572 1922 dicere

1994 1965 2095 2004 nec
2127 1950 2427 2019 inquirere,
2457 1952 2545 2006 cui
2609 1952 2725 2008 lucc
2756 1954 3113 2010 subsistentia
3163 1956 3450 2012 identitate
3482 1973 3571 2012 es-

1993 2042 2181 2096 sentia:
2204 2042 2400 2098 similis
2426 2042 2532 2107 sit;
2564 2060 2689 2098 cum
2723 2047 2870 2100 enim
2889 2047 3050 2102 aliam
3077 2049 3229 2103 scitis
3263 2049 3573 2104 subsisten-

1989 2131 2120 2184 tiam
2151 2147 2295 2194 esse,
2338 2133 2518 2203 quoad
2565 2151 2879 2204 personam,
2933 2139 3094 2193 aliam
3152 2140 3332 2208 quoad
3384 2155 3574 2194 essen-

1990 2222 2121 2276 tiam
2153 2241 2167 2290 ;
2192 2225 2285 2279 sed
2319 2233 2415 2279 aut
2437 2227 2937 2283 cuisitsecundum
2960 2231 3256 2306 essentiam
3285 2231 3572 2286 identitate

1987 2321 2244 2374 essentia:
2289 2321 2487 2378 similis
2542 2323 2821 2387 Christus,
2874 2334 2969 2379 aut
3021 2326 3112 2380 cui
3148 2327 3219 2381 sit
3265 2325 3570 2382 secundum

305 2421 720 2474 subsistentiam
752 2420 1039 2475 identitate
1089 2418 1457 2474 subsistentia:
1508 2417 1736 2481 similis;
1788 2415 1918 2468 dum
1958 2413 2164 2471 Christi
2208 2417 2625 2474 similitudinem
2681 2420 2828 2475 Patri
2889 2431 2945 2475 et
2981 2420 3171 2475 Davidi
3201 2437 3312 2476 non
3370 2436 3572 2477 secun—

306 2515 442 2570 dum
477 2518 796 2581 essentiam,
825 2517 923 2572 sed
953 2516 1257 2571 secundum
1284 2515 1698 2571 subsistentiam
1733 2512 2118 2584 inquirebatis.

382 2615 493 2668 Καὶ
522 2613 908 2686 ἀπεκρίθημεν
950 2613 1015 2666 ἂν
1047 2613 1175 2682 ὑμῖν
1199 2611 1374 2682 ὀρθῶς
1401 2611 1728 2679 πυθομένοις
1759 2609 1890 2678 περὶ

307 2706 485 2769 τοῦδε,
520 2707 602 2760 ὅτι
627 2707 721 2759 καὶ
749 2707 824 2776 τῷ
851 2706 1026 2775 Πατρὶ
1050 2705 1154 2774 μὲν
1185 2703 1492 2774 όμοούσιος,
1515 2704 1609 2755 καὶ
1631 2702 1708 2771 τῷ
1725 2701 1890 2754 Δαδὶδ

309 2799 618 2868 ὁμοούσιος,
655 2798 749 2850 καὶ
774 2799 916 2850 κατά
945 2797 1180 2868 θατέραν
1203 2795 1261 2848 δὲ
1287 2796 1394 2849 τῶν
1423 2793 1618 2848 ἑαυτοῦ
1650 2793 1887 2863 φύσεων,

309 2891 339 2942 ὁ
360 2889 616 2960 Χριστός’
651 2889 1060 2958 ὁμοῦπόστατος
1083 2888 1138 2940 δὲ
1163 2888 1288 2941 οὗτε
1318 2888 1424 2959 πρὸ
1450 2886 1650 2965 σαρκὸς
1675 2890 1702 2940 ό
1718 2886 1891 2954 Λόγος

310 2982 504 3050 γέγονε
555 2981 633 3052 τῷ
676 2983 886 3052 Πατρὶ,
943 2981 1065 3034 οὐδὲ
1119 2981 1224 3052 πρὸ
1257 2981 1358 3049 τῆς
1387 2979 1536 3054 Θείας
1561 2979 1893 3050 σαρκώσεως

311 3075 410 3144 τῆς
444 3075 508 3148 ὲιι
541 3073 852 3145 σπέρματος
883 3073 1048 3126 Δαϐὶδ
1069 3114 1084 3137 ,
1129 3072 1206 3142 τῷ
1242 3072 1438 3126 Δαϐίδ·
1477 3070 1598 3125 οὕτε
1624 3071 1719 3126 οὑν
1755 3071 1894 3140 μετά

311 3163 410 3233 τὴν
463 3165 625 3231 ἁγίαν
678 3163 955 3233 σάρκωσιν
1003 3164 1099 3216 τοῦ
1148 3163 1362 3231 Λόγου,
1411 3165 1478 3233 τῇ
1514 3161 1604 3215 τοῦ
1634 3162 1768 3214 Θεοῦ
1801 3163 1895 3216 καὶ

311 3258 568 3326 Πατρὸς,
625 3256 658 3326 ἢ
715 3258 781 3326 τῇ
830 3255 924 3308 τοῦ
967 3253 1258 3326 ἀνθρώπου
1300 3253 1492 3318 Δαεὶδ,
1529 3257 1562 3324 ἡ
1597 3254 1894 3319 ὑπόστασις

309 3347 480 3400 αὑτοῦ
513 3346 674 3416 ὁμοία
707 3347 1029 3416 λεχθήσεται
1059 3344 1256 3416 ὀρθῶς.
1299 3344 1508 3407 Σκαιῶς
1535 3341 1627 3398 οὖν
1660 3345 1787 3415 ὑμῖν
1814 3342 1894 3396 εί-

2061 2611 2130 2665 Et
2151 2609 2309 2665 vobis
2328 2619 2477 2665 recte
2507 2611 2574 2666 de
2609 2612 2713 2667 hoc
2730 2611 3142 2668 sciscitantibus
3165 2613 3572 2684 respondimus,

1993 2701 2140 2756 Patri
2167 2717 2287 2755 esse
2321 2702 2560 2756 essentia
2582 2702 2840 2764 similem,
2879 2703 3072 2757 Davidi
3117 2720 3338 2773 quoque
3382 2719 3575 2758 essen-

1995 2792 2064 2846 tia
2101 2793 2355 2852 similcm.
2377 2804 2431 2848 et
2451 2795 2752 2849 secundum
2785 2805 3074 2865 utramque
3101 2812 3321 2850 suarum
3351 2807 3576 2852 natura-

1996 2900 2118 2938 rum
2149 2873 2450 2939 Christum.
2481 2884 2682 2940 Eadem
2715 2885 3072 2939 subsistentia
3103 2885 3280 2940 simile
3321 2901 3430 2939 non
3469 2885 3575 2939 fuit

1989 2990 2115 3033 ante
2174 2994 2395 3032 carnem
2445 2978 2689 3033 Verbum
2743 2977 2914 3042 Patri,
2948 2993 3127 3048 neque
3158 2986 3284 3032 ante
3331 2978 3572 3032 divinam

1991 3071 2430 3125 incarnationem
2485 3085 2551 3124 ex
2577 3070 2786 3126 semine
2839 3070 3035 3137 David,
3094 3070 3337 3137 Davidi;
3392 3085 3574 3139 neque

1991 3161 2158 3232 igitur
2188 3172 2314 3232 post
2345 3171 2594 3216 sanctam
2628 3162 3064 3217 incarnationem
3092 3162 3255 3217 Verbi
3296 3163 3416 3232 ejus
3445 3161 3576 3214 sub-

1990 3252 2239 3306 sistentia
2291 3251 2388 3305 Dei
2425 3252 2624 3315 Patris,
2679 3261 2772 3306 aut
2798 3252 3038 3307 hominis
3102 3253 3330 3308 Davidis
3393 3251 3575 3306 subsi-

1993 3344 2206 3397 stentia:
2232 3342 2427 3398 similis
2453 3353 2600 3398 recte
2625 3343 2861 3398 dicetur.
2890 3345 3186 3400 lnlcliciter
3211 3360 3348 3420 ergo.
3366 3362 3394 3398 a
3418 3345 3577 3399 vobis

312 3456 508 3511 ρηται,
545 3407 628 3492 ότι
655 3439 738 3492 δεῖ
771 3407 869 3492 τὸν.
885 3439 1047 3491 αὑτὸν
1071 3407 1228 3506 λόγον
1259 3437 1405 3508 ἔχειν
1435 3440 1534 3507 τῆς
1562 3407 1750 3501 οὑσίας
1800 3439 1891 3491 καὶ

1997 3433 2201 3488 dictum
2231 3444 2335 3496 est,
2370 3444 2626 3504 oportere
2657 3444 2716 3489 ut
2745 3436 2992 3490 eamdem
3044 3437 3284 3492 habeant
3322 3413 3577 3492 essentia:

307 3531 412 3600 τὴν
455 3531 626 3600 αὑτὴν
671 3530 858 3600 νόησιν
893 3531 991 3592 τὰς
1019 3528 1339 3600 ὁμοουσίους
1367 3529 1715 3589 ὑποστάσεις.
1759 3528 1889 3580 Δέον

310 3623 423 3693 γὰρ
455 3619 520 3691 ἦν
559 3625 734 3675 εἰπεῖν
769 3623 913 3692 ὑμᾶς
942 3624 1042 3685 τὰς
1081 3621 1402 3692 όμοουσίους
1443 3620 1650 3684 οὑσίας.
1707 3623 1767 3674 lii
1814 3621 1889 3685 δὲ,

312 3714 437 3766 ἐπεὶ
472 3714 545 3784 μὴ
574 3715 734 3785 ὁμοία
763 3714 911 3767 ἐστὶν
943 3716 976 3784 ἠ
1004 3713 1297 3776 ὑπόστασις
1329 3712 1422 3766 τοῦ
1450 3714 1744 3778 Δεσπότου,
1773 3713 1894 3766 σύν-

313 3803 468 3866 θετος
502 3799 638 3858 οὖσα
681 3807 746 3876 τῇ
796 3805 939 3876 ἀτιλῇ
987 3805 1082 3859 τοῦ
1123 3807 1358 3877 Πατρὸς,
1394 3805 1427 3877 ἢ
1458 3809 1524 3877 τῇ
1557 3807 1794 3876 συνθέτῳ
1827 3809 1892 3877 τῇ

311 3896 448 3970 οὑσῃ
487 3900 552 3950 ἐκ
583 3899 690 3951 τῶν
723 3900 982 3969 χειρόνων
1015 3904 1230 3967 φύσεων
1274 3904 1340 3971 τῇ
1371 3900 1465 3953 τοῦ
1494 3900 1688 3964 Δα6“ιὸ,
1725 3903 1896 3970 ἀναγ-

311 3987 485 4051 γσίως
515 3987 703 4056 λέγετε
732 3989 963 4058 ἕψεσθαι
983 4031 998 4055 ,
1035 3992 1130 4044 καὶ
1163 3990 1222 4044 τὸ
1247 3990 1594 4059 ὲτεροούσιον.
1621 3993 1792 4062 αὑτὴν
1819 3988 1896 4046 εἴ·

312 4097 446 4143 ναι,
522 4081 674 4152 παρά
727 4082 826 4143 τὰς
875 4081 984 4135 τῶν
1037 4084 1306 4153 ἀνομοίων
1355 4083 1491 4154 αὑτῇ
1543 4084 1895 4138 ὑποστάσεων

313 4170 534 4238 οὐσίας,
572 4173 756 4237 καθὼς
790 4173 1040 4244 βούλεται
1069 4175 1342 4230 δεικνύναι
1376 4176 1438 4229 τὺ
1463 4177 1730 4248 ὑμέτερον
1757 4196 1898 4248 συμο

313 4264 580 4334 πέρασμα
604 4281 619 4295 ·
674 4266 872 4319 οὐκοῦν
926 4268 1242 4336 ἀναγκαίως
1281 4267 1456 4334 ἔσται,
1493 4269 1589 4323 καὶ
1637 4269 1762 4323 ἐπεὶ
1802 4271 1894 4324 ἀν-

315 4356 503 4424 όμοιος
554 4358 586 4426 ἡ
623 4357 836 4412 Παύλου
884 4359 1184 4422 ὑπόστασις
1218 4361 1356 4432 πρὸς
1393 4363 1598 4433 Πέτρον
1631 4363 1773 4416 κατὰ
1805 4364 1895 4417 τὸν

314 4446 416 4517 τῆς
447 4449 798 4516 ὑποστάσεως
823 4451 981 4521 λόγον
1003 4494 1018 4518 ,
1069 4456 1163 4508 καὶ
1205 4455 1579 4525 ὲτεροουσίους
1609 4453 1749 4512 εἶναι
1771 4459 1895 4511 τού-

314 4557 463 4605 τους.
497 4543 612 4596 Εῐτ’
639 4539 752 4610 οὖν,
787 4545 947 4599 πάλιν
977 4545 1097 4599 καθ’
1123 4547 1286 4616 ὑμᾶς,
1318 4549 1441 4600 ἐπεὶ
1465 4549 1741 4618 ὁμοούσιοί
1764 4551 1892 4615 είσι,

320 4634 450 4701 μίαν
472 4630 612 4688 εἶναι
639 4637 966 4708 ἀμφοτέρων
991 4639 1086 4692 καὶ
1110 4639 1208 4708 τὴν
1231 4638 1548 4694 ὑπόστασιν·
1572 4642 1665 4695 καὶ
1686 4640 1746 4694 τὸ
1764 4642 1895 4696 αὑτὸ

1996 3528 2261 3582 rationem
2302 3536 2358 3581 et
2398 3527 2646 3582 eamdem
2685 3528 3102 3600 intelligentiam
3148 3529 3352 3583 etedem
3385 3545 3577 3584 essen-

1996 3621 2070 3674 tia
2112 3619 2513 3688 subsistentite;
2551 3624 2840 3693 oportebat
2883 3625 3028 3679 enim
3077 3641 3174 3680 vos
3223 3625 3406 3680 dicere
3453 3641 3575 3681 eas-

1995 3713 2120 3766 dem
2140 3714 2377 3768 essentia
2412 3716 2697 3771 essentias.
2731 3715 2826 3771 Sin
2862 3730 3067 3780 autem,
3099 3732 3353 3771 enmnon
3380 3717 3577 3772 similis

1997 3804 2068 3857 sit
2092 3805 2448 3859 subsistentia
2479 3807 2726 3872 Domini,
2759 3817 2946 3878 utpote
2971 3812 3298 3878 composita,
3333 3809 3576 3879 simplici

1996 3896 2170 3950 Patris
2204 3897 2594 3961 subsistentize,
2629 3901 2716 3954 vel
2756 3902 3074 3971 composita:
3123 3918 3190 3956 ex
3223 3901 3577 3957 inferioribus

1995 3989 2210 4043 naturis
2256 3990 2500 4057 [Davidis
2555 3992 2966 4059 subsistentize,
3047 3995 3359 4050 necessario
3417 3993 3576 4063 sequi

1996 4083 2201 4148 dicitis,
2230 4083 2458 4138 alterius
2487 4085 2740 4139 essentia:
2771 4085 2912 4140 hanc
2951 4102 3172 4156 quoque
3211 4102 3352 4151 esse,
3381 4101 3570 4140 secun-

1997 4173 2129 4229 dum
2174 4175 2443 4231 essentias
2493 4176 2974 4250 snbsistcntiarum
3013 4178 3090 4232 illi
3131 4194 3241 4232 non
3286 4178 3574 4242 similium,

1996 4277 2059 4322 ut
2107 4268 2226 4322 vult
2277 4267 2654 4323 demonstrare
2698 4279 2881 4323 vestra
2927 4269 3244 4334 conclusio;
3281 4269 3445 4338 igitur
3483 4283 3560 4322 ne

1997 4375 2152 4415 cesse
2182 4359 2311 4424 erit,
2347 4375 2472 4414 cum
2514 4359 2871 4414 subsistentia
2914 4361 3067 4416 Pauli
3103 4360 3246 4414 haud
3280 4361 3475 4414 similis
3505 4359 3578 4414 sit

1997 4451 2160 4507 Petro
2195 4452 2497 4507 secundum
2531 4453 2901 4508 subsistentia:
2932 4454 3226 4517 rationem,
3259 4461 3314 4506 et
3355 4454 3577 4507 alterius

1996 4545 2250 4600 essentia:
2292 4545 2415 4599 illos
2451 4561 2607 4610 esse;
2642 4545 2840 4598 deinde
2881 4545 3079 4599 iterum
3123 4544 3425 4599 secundum
3457 4560 3573 4609 vos,

1997 4649 2122 4689 eum
2158 4634 2403 4704 ejusdem
2448 4635 2703 4691 essentize
2751 4635 2878 4696 sint,
2912 4651 3076 4688 unam
3124 4623 3244 4688 esse
3283 4633 3574 4686 amborum

316 4721 458 4779 εἶναι
487 4726 781 4797 πρόσωπον
819 4727 877 4780 τὸ
907 4729 1116 4800 Πέτρου
1137 4771 1150 4794 ,
1188 4729 1324 4800 ὅπερ
1354 4731 1472 4783 ἐστὶ
1504 4732 1598 4784 καὶ
1623 4731 1718 4784 τοῦ
1746 4733 1891 4786 Παύ-

2000 4726 2436 4790 subsistentiam,
2468 4734 2523 4779 et
2566 4725 2712 4778 idem
2747 4740 2868 4779 esse
2910 4739 3196 4793 personam
3228 4724 3397 4783 Petri,
3430 4723 3575 4792 quod

315 4818 442 4880 λου,
506 4820 600 4871 καὶ
653 4819 841 4882 ἁπλῶς
896 4820 1080 4892 πάσης
1128 4822 1228 4890 τῆς
1276 4821 1729 4894 ἀνθρωπότητος,
1773 4827 1896 4880 ἐπεὶ

317 4908 604 4978 ὁμοούσιός
634 4911 750 4963 ἐστι
783 4913 929 4964 πᾶσα
954 4952 968 4975 ,
1019 4911 1077 4964 ἒν
1123 4907 1266 4965 εἶναι
1293 4913 1464 4983 αὑτῆς
1494 4915 1554 4966 τὸ
1579 4915 1892 4985 πρόσωπον

317 5002 456 5056 ἁλλά
509 5002 606 5055 καὶ
656 5004 754 5072 τῆς
799 5003 950 5067 θείας
995 5003 1242 5072 φύσεως,
1281 5007 1405 5058 ἐπεὶ
1434 5007 1719 5076 όμοούσιός
1747 5011 1896 5064 ἐστιν

315 5097 350 5164 ἠ
400 5095 529 5164 ἀγία
575 5096 778 5167 Τριάς,
825 5092 1060 5170 ἓνεῖναι
1110 5099 1172 5150 τὸ
1219 5097 1512 5176 πρόσωπον
1549 5101 1646 5154 καὶ
1678 5102 1738 5154 οὑ
1771 5104 1898 5174 τρία

314 5185 563 5240 λεκτέον⁸
624 5183 699 5241 ὧν
747 5188 809 5242 τὸ
843 5188 1184 5259 ἀδιανόητον,
1219 5189 1316 5260 οὑχ
1342 5192 1506 5260 ἡμεῖς
1535 5193 1717 5262 μόνον,
1753 5195 1894 5248 ἀλλά

315 5279 412 5332 καὶ
465 5281 514 5333 οἱ
557 5280 718 5343 λίθοι,
758 5280 835 5343 ὡς
875 5285 1084 5348 εἰπεῖν,
1136 5276 1500 5354 ἐπιτιμῶντες
1532 5285 1660 5355 ὑμῖν
1689 5288 1885 5356 κεκρά-

319 5372 521 5437 ξονται.
1803 5382 1819 5387 ”

389 5466 513 5520 Ὅτι
534 5465 716 5520 δὲκκαὶ
736 5465 799 5519 ὲκ
820 5464 927 5519 τῶν
952 5467 1009 5519 ὲν
1029 5465 1168 5538 αὑτῇ
1197 5466 1412 5535 φύσεων
1434 5467 1466 5538 ἠ
1484 5467 1779 5532 ὑπόστασις
1799 5469 1895 5524 τοῦ

316 5558 589 5612 Δεσπότου
614 5558 770 5628 ἡμῶν
791 5557 1052 5629 Χριστοῦ,
1077 5561 1216 5611 κατὰ
1241 5558 1338 5628 μὲν
1362 5559 1594 5629 θατέραν
1620 5562 1697 5632 τῷ
1722 5564 1896 5633 Πατρὶ

319 5649 626 5720 ὀμοούσιος,
681 5651 823 5704 κατά
865 5650 921 5703 δὲ
967 5650 1204 5720 θατέραν
1234 5651 1310 5722 τῷ
1335 5651 1499 5705 Δαὸίδ
1528 5654 1675 5706 ἐστιν
1701 5656 1897 5725 όμοού-

320 5759 472 5806 σιος,
526 5743 646 5806 πῶς
695 5741 970 5797 κωλύσετε
1018 5743 1166 5813 ἡμᾶς
1208 5743 1423 5812 λέγειν’,
1473 5745 1774 5814 φάσκοντες
1815 5749 1894 5801 ὅτι

316 5837 384 5889 τὰ
431 5837 696 5906 όμοοὺσια
718 5875 732 5900 ,
772 5836 872 5889 οὑκ
915 5838 980 5890 ἐκ
1022 5835 1222 5907 μέρους
1255 5836 1398 5890 θέλει
1426 5834 1564 5891 εἶναι
1594 5839 1852 5909 όμοούσισι
1879 5855 1894 5907 ;

319 5930 446 5993 Τοῖς
497 5931 605 6000 γὰρ
666 5929 796 6000 μίαν
844 5929 1093 5996 λέγουσιν
1144 5927 1309 5982 αὑτοῦ
1351 5929 1449 6001 τὴν
1491 5931 1683 6000 φύσιν,
1728 5934 1897 6004 ἤγουν

319 6023 529 6088 οὐσίαν,
553 6022 732 6086 καλῶς
763 6022 826 6076 ἂν
857 6021 1118 6093 εἰρήκατε
1134 6019 1313 6088 τοῦτο,
1338 6021 1400 6075 ἐκ
1431 6022 1630 6093 μέρους
1649 6024 1746 6089 τῆς
1767 6027 1896 6089 μιᾶς

1997 4828 2082 4875 est
2117 4835 2350 4890 persona
2382 4819 2568 4883 Pauli;
2597 4827 2651 4872 et
2686 4833 2798 4871 uno
2825 4817 2992 4871 verbo
3026 4817 3297 4870 universae
3327 4816 3576 4869 Immani-

1999 4913 2146 4972 tatis,
2197 4927 2321 4965 cum
2366 4911 2610 4980 ejusdem
2660 4909 2917 4962 essentia:
2965 4909 3036 4962 sit
3082 4907 3356 4969 universa,
3412 4921 3574 4959 unam

1998 5019 2119 5058 esse
2148 5019 2474 5073 personam;
2507 5002 2600 5056 sed
2635 5010 2691 5055 et
2722 5000 2922 5055 divinm
2964 5010 3190 5064 naturm,
3231 5015 3354 5054 cum
3389 4999 3458 5051 sit
3484 5013 3576 5052 ea-

1998 5096 2122 5151 dem
2167 5097 2405 5150 essentia
2452 5103 2637 5149 sancta
2688 5095 2864 5159 Trias,
2911 5109 3072 5146 unam
3122 5108 3241 5146 esse
3286 5106 3576 5162 personam

1998 5206 2107 5245 non
2138 5201 2250 5244 tres
2278 5188 2570 5243 dicendum
2597 5206 2610 5242 :
2636 5203 2870 5257 quorum
2897 5186 3315 5248 absurditatem,
3346 5201 3453 5238 non
3479 5200 3578 5238 nos

2000 5290 2234 5345 tantum,
2267 5280 2441 5335 sedet
2469 5278 2699 5348 lapides,
2735 5286 2791 5331 ut
2821 5278 2894 5332 ita
2927 5276 3126 5339 dicam,
3158 5273 3579 5330 conclamabunt

1997 5375 2156 5429 vobis
2181 5373 2599 5443 exprobrantes.

2076 5465 2231 5533 Quod
2267 5475 2446 5519 autem
2482 5481 2547 5517 ex
2585 5463 2671 5517 bis
2701 5461 2904 5532 quibus
2942 5469 3157 5516 constat
3205 5460 3420 5514 naturis
3451 5458 3576 5514 sub-

1999 5560 2248 5618 sistentia
2299 5557 2515 5611 Domini
2566 5555 2739 5610 nostri
2793 5555 2921 5609 Jcsu
2971 5553 3218 5615 Christi,
3273 5553 3576 5609 secundum

1998 5664 2178 5709 utram
2223 5651 2368 5708 Patri
2418 5649 2655 5705 essentia
2701 5649 2915 5714 similis,
2957 5659 3013 5703 et
3047 5649 3348 5703 secundum
3399 5657 3575 5701 ntram

1998 5747 2190 5802 Davidi
2238 5744 2476 5801 essentia
2520 5742 2718 5797 similis
2766 5741 2858 5806 sit,
2902 5741 3179 5811 quomodo
3210 5737 3577 5810 prohibebitis

1998 5856 2100 5895 nos
2148 5837 2370 5894 dicere?
2423 5829 2773 5906 Objicientes'
2817 5834 3008 5888 eadem
3065 5831 3304 5888 essentia
3350 5846 3461 5884 non
3508 5845 3576 5883 ex

2000 5943 2155 6006 parte
2183 5932 2359 5988 solere
2390 5945 2512 5985 esse
2535 5927 2724 5982 eadem
2746 5926 3007 5982 essentia.
3035 5925 3205 5981 Nobis
3228 5924 3374 5980 enim
3413 5938 3574 5976 unam

1999 6043 2118 6083 esse
2167 6023 2314 6080 illius
2352 6032 2600 6078 naturam
2634 6019 2686 6074 id
2729 6025 2812 6074 est
2843 6018 3138 6074 essentiam
3160 6058 3174 6073 .
3225 6015 3537 6072 dicentibus
3560 6053 3573 6071 .
