  <div class='ocr_page' id='page_1' title='image "/cluster/home/n/w/nwhite01/storage/ocr_20150623/86:1/hvd.32044019208909/775.png"; bbox 0 0 3916 6616; ppageno 0'>
   <div class='ocr_carea' id='block_1_1' title="bbox 398 493 1987 573">
    <p class='ocr_par' dir='ltr' id='par_1_1' title="bbox 398 502 1965 573">
     <span class='ocr_line' id='line_1_1' title="bbox 398 502 1965 573; baseline -0.005 -3"><span class='ocrx_word' id='word_1_1' title='bbox 398 505 538 573; x_wconf 79' lang='grc'><strong>1535</strong></span> <span class='ocrx_word' id='word_1_2' title='bbox 1655 502 1965 564; x_wconf 82' lang='lat' dir='ltr'><strong>LEONTII</strong></span> 
     </span>
    </p>
   </div>
   <div class='ocr_carea' id='block_1_2' title="bbox 2088 493 3682 573">
    <p class='ocr_par' dir='ltr' id='par_1_2' title="bbox 2088 493 3682 562">
     <span class='ocr_line' id='line_1_2' title="bbox 2088 493 3682 562; baseline 0.001 -3"><span class='ocrx_word' id='word_1_3' title='bbox 2088 502 2184 561; x_wconf 62' lang='grc' dir='ltr'><strong>ῗΖΑ</strong></span> <span class='ocrx_word' id='word_1_4' title='bbox 2195 500 2411 562; x_wconf 80' lang='lat' dir='ltr'><strong>NTINI</strong></span> <span class='ocrx_word' id='word_1_5' title='bbox 3522 493 3682 561; x_wconf 77' lang='grc'><strong>1536</strong></span> 
     </span>
    </p>
   </div>
   <div class='ocr_carea' id='block_1_3' title="bbox 395 604 1987 685">
    <p class='ocr_par' dir='ltr' id='par_1_3' title="bbox 395 610 1985 685">
     <span class='ocr_line' id='line_1_3' title="bbox 395 610 1985 685; baseline -0.004 -15"><span class='ocrx_word' id='word_1_6' title='bbox 395 610 551 670; x_wconf 81' lang='lat' dir='ltr'><strong>recte</strong></span> <span class='ocrx_word' id='word_1_7' title='bbox 586 612 642 670; x_wconf 89' lang='lat' dir='ltr'><strong>id</strong></span> <span class='ocrx_word' id='word_1_8' title='bbox 685 612 961 681; x_wconf 76' lang='lat' dir='ltr'><strong>dixeritis,</strong></span> <span class='ocrx_word' id='word_1_9' title='bbox 995 629 1065 669; x_wconf 78' lang='lat' dir='ltr'><strong>ex</strong></span> <span class='ocrx_word' id='word_1_10' title='bbox 1104 620 1263 685; x_wconf 88' lang='lat' dir='ltr'><strong>parte</strong></span> <span class='ocrx_word' id='word_1_11' title='bbox 1309 612 1478 669; x_wconf 85' lang='lat' dir='ltr'><strong>unius</strong></span> <span class='ocrx_word' id='word_1_12' title='bbox 1506 613 1783 676; x_wconf 72' lang='lat' dir='ltr'><strong>essentiae,</strong></span> <span class='ocrx_word' id='word_1_13' title='bbox 1813 621 1873 666; x_wconf 90' lang='lat' dir='ltr'><strong>ut</strong></span> <span class='ocrx_word' id='word_1_14' title='bbox 1902 610 1985 665; x_wconf 91' lang='lat' dir='ltr'><strong>di-</strong></span> 
     </span>
    </p>
   </div>
   <div class='ocr_carea' id='block_1_4' title="bbox 2088 604 3681 685">
    <p class='ocr_par' dir='ltr' id='par_1_4' title="bbox 2088 604 3681 677">
     <span class='ocr_line' id='line_1_4' title="bbox 2088 604 3681 677; baseline -0.001 -17"><span class='ocrx_word' id='word_1_15' title='bbox 2088 607 2306 671; x_wconf 82' lang='grc' dir='ltr'>οὑσίας,</span> <span class='ocrx_word' id='word_1_16' title='bbox 2362 607 2438 668; x_wconf 83' lang='grc' dir='ltr'>ὡς</span> <span class='ocrx_word' id='word_1_17' title='bbox 2480 604 2548 661; x_wconf 83' lang='grc' dir='ltr'><strong>ἂν</strong></span> <span class='ocrx_word' id='word_1_18' title='bbox 2590 605 2823 666; x_wconf 76' lang='grc' dir='ltr'>εἴποιεν,</span> <span class='ocrx_word' id='word_1_19' title='bbox 2869 605 3124 660; x_wconf 82' lang='grc' dir='ltr'><strong>συνθέτου</strong></span> <span class='ocrx_word' id='word_1_20' title='bbox 3153 604 3451 677; x_wconf 78' lang='grc' dir='ltr'><strong>λεγομένου</strong></span> <span class='ocrx_word' id='word_1_21' title='bbox 3477 608 3681 668; x_wconf 78' lang='grc' dir='ltr'>αὐτοῖς</span> 
     </span>
    </p>
   </div>
   <div class='ocr_carea' id='block_1_5' title="bbox 396 694 1987 785">
    <p class='ocr_par' dir='ltr' id='par_1_5' title="bbox 396 706 1978 778">
     <span class='ocr_line' id='line_1_5' title="bbox 396 706 1978 778; baseline -0.001 -15"><span class='ocrx_word' id='word_1_22' title='bbox 396 715 551 774; x_wconf 91' lang='lat' dir='ltr'><strong>cunt,</strong></span> <span class='ocrx_word' id='word_1_23' title='bbox 582 722 709 762; x_wconf 92' lang='lat' dir='ltr'><strong>cum</strong></span> <span class='ocrx_word' id='word_1_24' title='bbox 749 707 1115 778; x_wconf 88' lang='lat' dir='ltr'><strong>compositum</strong></span> <span class='ocrx_word' id='word_1_25' title='bbox 1152 706 1221 762; x_wconf 91' lang='lat' dir='ltr'><strong>de</strong></span> <span class='ocrx_word' id='word_1_26' title='bbox 1251 722 1362 777; x_wconf 89' lang='lat' dir='ltr'><strong>quo</strong></span> <span class='ocrx_word' id='word_1_27' title='bbox 1399 707 1581 778; x_wconf 80' lang='lat' dir='ltr'><strong>agitur</strong></span> <span class='ocrx_word' id='word_1_28' title='bbox 1609 706 1857 777; x_wconf 87' lang='lat' dir='ltr'><strong>ejusdem</strong></span> <span class='ocrx_word' id='word_1_29' title='bbox 1887 723 1978 761; x_wconf 89' lang='lat' dir='ltr'><strong>es-</strong></span> 
     </span>
    </p>
   </div>
   <div class='ocr_carea' id='block_1_6' title="bbox 2088 694 3681 785">
    <p class='ocr_par' dir='ltr' id='par_1_6' title="bbox 2088 694 3681 768">
     <span class='ocr_line' id='line_1_6' title="bbox 2088 694 3681 768; baseline -0.003 -17"><span class='ocrx_word' id='word_1_30' title='bbox 2088 696 2178 751; x_wconf 79' lang='grc' dir='ltr'><strong>τοῦ</strong></span> <span class='ocrx_word' id='word_1_31' title='bbox 2211 696 2504 768; x_wconf 85' lang='grc' dir='ltr'>ὁμοουσίου</span> <span class='ocrx_word' id='word_1_32' title='bbox 2523 713 2539 729; x_wconf 79' lang='grc'><em>’</em></span> <span class='ocrx_word' id='word_1_33' title='bbox 2588 699 2704 761; x_wconf 85' lang='grc' dir='ltr'>τοῖς</span> <span class='ocrx_word' id='word_1_34' title='bbox 2734 697 2791 750; x_wconf 80' lang='grc' dir='ltr'>δὲ</span> <span class='ocrx_word' id='word_1_35' title='bbox 2824 696 2919 750; x_wconf 89' lang='grc' dir='ltr'><strong>δύο</strong></span> <span class='ocrx_word' id='word_1_36' title='bbox 2949 697 3049 759; x_wconf 79' lang='grc' dir='ltr'>τὰς</span> <span class='ocrx_word' id='word_1_37' title='bbox 3077 695 3271 766; x_wconf 77' lang='grc' dir='ltr'>φύσεις</span> <span class='ocrx_word' id='word_1_38' title='bbox 3299 694 3681 765; x_wconf 79' lang='grc' dir='ltr'>κηρύττουσιν</span> 
     </span>
    </p>
   </div>
   <div class='ocr_carea' id='block_1_7' title="bbox 397 786 1987 870">
    <p class='ocr_par' dir='ltr' id='par_1_7' title="bbox 397 798 1979 870">
     <span class='ocr_line' id='line_1_7' title="bbox 397 798 1979 870; baseline 0 -18"><span class='ocrx_word' id='word_1_39' title='bbox 397 798 589 853; x_wconf 69' lang='lat' dir='ltr'><strong>sentiae</strong></span> <span class='ocrx_word' id='word_1_40' title='bbox 617 798 723 865; x_wconf 91' lang='lat' dir='ltr'><strong>sit;</strong></span> <span class='ocrx_word' id='word_1_41' title='bbox 767 798 930 855; x_wconf 87' lang='lat' dir='ltr'><strong>nobis</strong></span> <span class='ocrx_word' id='word_1_42' title='bbox 969 807 1155 855; x_wconf 89' lang='lat' dir='ltr'><strong>autem</strong></span> <span class='ocrx_word' id='word_1_43' title='bbox 1198 798 1337 853; x_wconf 90' lang='lat' dir='ltr'><strong>duas</strong></span> <span class='ocrx_word' id='word_1_44' title='bbox 1378 813 1500 854; x_wconf 88' lang='lat' dir='ltr'><strong>esse</strong></span> <span class='ocrx_word' id='word_1_45' title='bbox 1527 808 1754 854; x_wconf 87' lang='lat' dir='ltr'><strong>naturas</strong></span> <span class='ocrx_word' id='word_1_46' title='bbox 1779 798 1979 870; x_wconf 66' lang='lat' dir='ltr'><strong>praedi-</strong></span> 
     </span>
    </p>
   </div>
   <div class='ocr_carea' id='block_1_8' title="bbox 2088 786 3681 870">
    <p class='ocr_par' dir='ltr' id='par_1_8' title="bbox 2088 786 3681 862">
     <span class='ocr_line' id='line_1_8' title="bbox 2088 786 3681 862; baseline -0.002 -21"><span class='ocrx_word' id='word_1_47' title='bbox 2088 790 2216 862; x_wconf 75' lang='grc' dir='ltr'><strong>ἡμῖν</strong></span> <span class='ocrx_word' id='word_1_48' title='bbox 2267 791 2327 843; x_wconf 81' lang='grc' dir='ltr'><strong>ὲν</strong></span> <span class='ocrx_word' id='word_1_49' title='bbox 2377 790 2477 860; x_wconf 83' lang='grc' dir='ltr'><strong>μιᾷ</strong></span> <span class='ocrx_word' id='word_1_50' title='bbox 2520 791 2590 860; x_wconf 73' lang='grc' dir='ltr'>τῇ</span> <span class='ocrx_word' id='word_1_51' title='bbox 2629 786 2927 843; x_wconf 77' lang='grc' dir='ltr'>ὑποστάσει</span> <span class='ocrx_word' id='word_1_52' title='bbox 2967 787 3239 859; x_wconf 72' lang='grc' dir='ltr'>Χριστοῦ,</span> <span class='ocrx_word' id='word_1_53' title='bbox 3277 787 3395 849; x_wconf 84' lang='grc' dir='ltr'><strong>πῶς</strong></span> <span class='ocrx_word' id='word_1_54' title='bbox 3423 786 3681 853; x_wconf 79' lang='grc' dir='ltr'>εὑλόγως</span> 
     </span>
    </p>
   </div>
   <div class='ocr_carea' id='block_1_9' title="bbox 398 875 1987 961">
    <p class='ocr_par' dir='ltr' id='par_1_9' title="bbox 398 888 1983 961">
     <span class='ocr_line' id='line_1_9' title="bbox 398 888 1983 961; baseline -0.001 -16"><span class='ocrx_word' id='word_1_55' title='bbox 398 889 656 945; x_wconf 78' lang='lat' dir='ltr'><strong>cantibus</strong></span> <span class='ocrx_word' id='word_1_56' title='bbox 679 889 733 944; x_wconf 93' lang='lat' dir='ltr'><strong>in</strong></span> <span class='ocrx_word' id='word_1_57' title='bbox 760 906 868 945; x_wconf 90' lang='lat' dir='ltr'><strong>una</strong></span> <span class='ocrx_word' id='word_1_58' title='bbox 893 890 1253 946; x_wconf 69' lang='lat' dir='ltr'><strong>subsistentia</strong></span> <span class='ocrx_word' id='word_1_59' title='bbox 1268 888 1494 956; x_wconf 84' lang='lat' dir='ltr'><strong>Christi,</strong></span> <span class='ocrx_word' id='word_1_60' title='bbox 1512 891 1789 961; x_wconf 89' lang='lat' dir='ltr'><strong>quomodo</strong></span> <span class='ocrx_word' id='word_1_61' title='bbox 1816 889 1983 945; x_wconf 88' lang='lat' dir='ltr'><strong>ratio-</strong></span> 
     </span>
    </p>
   </div>
   <div class='ocr_carea' id='block_1_10' title="bbox 2088 875 3680 961">
    <p class='ocr_par' dir='ltr' id='par_1_10' title="bbox 2088 875 3680 957">
     <span class='ocr_line' id='line_1_10' title="bbox 2088 875 3680 957; baseline -0.003 -21"><span class='ocrx_word' id='word_1_62' title='bbox 2088 882 2242 938; x_wconf 86' lang='grc' dir='ltr'>τοῦτο</span> <span class='ocrx_word' id='word_1_63' title='bbox 2283 880 2689 957; x_wconf 77' lang='grc' dir='ltr'>προὸάλλεσθες</span> <span class='ocrx_word' id='word_1_64' title='bbox 2736 881 2868 936; x_wconf 87' lang='grc' dir='ltr'><strong>’1δοὺ</strong></span> <span class='ocrx_word' id='word_1_65' title='bbox 2914 881 3024 954; x_wconf 78' lang='grc' dir='ltr'><strong>γὰρ</strong></span> <span class='ocrx_word' id='word_1_66' title='bbox 3076 881 3175 952; x_wconf 83' lang='grc' dir='ltr'><strong>μία</strong></span> <span class='ocrx_word' id='word_1_67' title='bbox 3202 880 3502 943; x_wconf 78' lang='grc' dir='ltr'><strong>ὑπόστασις</strong></span> <span class='ocrx_word' id='word_1_68' title='bbox 3527 875 3680 938; x_wconf 75' lang='grc' dir='ltr'>οὖσα.</span> 
     </span>
    </p>
   </div>
   <div class='ocr_carea' id='block_1_11' title="bbox 399 971 1987 1053">
    <p class='ocr_par' dir='ltr' id='par_1_11' title="bbox 399 980 1979 1053">
     <span class='ocr_line' id='line_1_11' title="bbox 399 980 1979 1053; baseline 0.003 -19"><span class='ocrx_word' id='word_1_69' title='bbox 399 980 663 1037; x_wconf 85' lang='lat' dir='ltr'><strong>nabiliter</strong></span> <span class='ocrx_word' id='word_1_70' title='bbox 685 981 820 1037; x_wconf 90' lang='lat' dir='ltr'><strong>illud</strong></span> <span class='ocrx_word' id='word_1_71' title='bbox 848 982 1128 1053; x_wconf 88' lang='lat' dir='ltr'><strong>objicitis?</strong></span> <span class='ocrx_word' id='word_1_72' title='bbox 1151 983 1297 1037; x_wconf 84' lang='lat' dir='ltr'><strong>Ecce</strong></span> <span class='ocrx_word' id='word_1_73' title='bbox 1316 983 1464 1037; x_wconf 86' lang='lat' dir='ltr'><strong>enim</strong></span> <span class='ocrx_word' id='word_1_74' title='bbox 1492 998 1598 1037; x_wconf 89' lang='lat' dir='ltr'><strong>una</strong></span> <span class='ocrx_word' id='word_1_75' title='bbox 1623 982 1979 1038; x_wconf 83' lang='lat' dir='ltr'><strong>subsistentia</strong></span> 
     </span>
    </p>
   </div>
   <div class='ocr_carea' id='block_1_12' title="bbox 2088 971 3677 1053">
    <p class='ocr_par' dir='ltr' id='par_1_12' title="bbox 2088 971 3677 1049">
     <span class='ocr_line' id='line_1_12' title="bbox 2088 971 3677 1049; baseline -0.004 -19"><span class='ocrx_word' id='word_1_76' title='bbox 2088 977 2175 1032; x_wconf 84' lang='grc' dir='ltr'><strong>τοῦ</strong></span> <span class='ocrx_word' id='word_1_77' title='bbox 2210 976 2276 1044; x_wconf 67' lang='grc' dir='ltr'><strong>,ἐξ</strong></span> <span class='ocrx_word' id='word_1_78' title='bbox 2305 979 2453 1049; x_wconf 84' lang='grc' dir='ltr'>ἐρίου</span> <span class='ocrx_word' id='word_1_79' title='bbox 2488 978 2585 1033; x_wconf 83' lang='grc' dir='ltr'>καὶ</span> <span class='ocrx_word' id='word_1_80' title='bbox 2611 976 2759 1031; x_wconf 77' lang='grc' dir='ltr'>λίνου</span> <span class='ocrx_word' id='word_1_81' title='bbox 2795 975 3091 1047; x_wconf 78' lang='grc' dir='ltr'><strong>γενομένου</strong></span> <span class='ocrx_word' id='word_1_82' title='bbox 3124 975 3356 1042; x_wconf 77' lang='grc' dir='ltr'><strong>πέπλου,</strong></span> <span class='ocrx_word' id='word_1_83' title='bbox 3387 973 3535 1028; x_wconf 76' lang='grc' dir='ltr'>κατὰ</span> <span class='ocrx_word' id='word_1_84' title='bbox 3563 971 3677 1027; x_wconf 68' lang='lat'><strong>0&amp;-</strong></span> 
     </span>
    </p>
   </div>
   <div class='ocr_carea' id='block_1_13' title="bbox 400 1071 1981 1135">
    <p class='ocr_par' dir='ltr' id='par_1_13' title="bbox 400 1071 1981 1135">
     <span class='ocr_line' id='line_1_13' title="bbox 400 1071 1981 1135; baseline 0.002 -8"><span class='ocrx_word' id='word_1_85' title='bbox 400 1087 527 1127; x_wconf 88' lang='lat' dir='ltr'><strong>cum</strong></span> <span class='ocrx_word' id='word_1_86' title='bbox 550 1071 623 1128; x_wconf 88' lang='lat' dir='ltr'><strong>sit</strong></span> <span class='ocrx_word' id='word_1_87' title='bbox 645 1073 750 1128; x_wconf 93' lang='lat' dir='ltr'><strong>veli</strong></span> <span class='ocrx_word' id='word_1_88' title='bbox 772 1089 803 1128; x_wconf 92' lang='lat' dir='ltr'><strong>e</strong></span> <span class='ocrx_word' id='word_1_89' title='bbox 820 1073 950 1128; x_wconf 90' lang='lat' dir='ltr'><strong>.lana</strong></span> <span class='ocrx_word' id='word_1_90' title='bbox 971 1082 1029 1129; x_wconf 90' lang='lat' dir='ltr'><strong>et</strong></span> <span class='ocrx_word' id='word_1_91' title='bbox 1048 1073 1162 1128; x_wconf 90' lang='lat' dir='ltr'><strong>lino</strong></span> <span class='ocrx_word' id='word_1_92' title='bbox 1183 1072 1446 1135; x_wconf 80' lang='lat' dir='ltr'><strong>contexti,</strong></span> <span class='ocrx_word' id='word_1_93' title='bbox 1471 1072 1772 1128; x_wconf 88' lang='lat' dir='ltr'><strong>secundum</strong></span> <span class='ocrx_word' id='word_1_94' title='bbox 1800 1083 1981 1130; x_wconf 88' lang='lat' dir='ltr'><strong>utram</strong></span> 
     </span>
    </p>
   </div>
   <div class='ocr_carea' id='block_1_14' title="bbox 400 1164 1983 1237">
    <p class='ocr_par' dir='ltr' id='par_1_14' title="bbox 400 1164 1983 1237">
     <span class='ocr_line' id='line_1_14' title="bbox 400 1164 1983 1237; baseline 0.003 -18"><span class='ocrx_word' id='word_1_95' title='bbox 400 1173 726 1219; x_wconf 84' lang='lat' dir='ltr'><strong>naturarum</strong></span> <span class='ocrx_word' id='word_1_96' title='bbox 768 1165 969 1236; x_wconf 88' lang='lat' dir='ltr'><strong>quibus</strong></span> <span class='ocrx_word' id='word_1_97' title='bbox 986 1172 1217 1220; x_wconf 89' lang='lat' dir='ltr'><strong>.constat</strong></span> <span class='ocrx_word' id='word_1_98' title='bbox 1262 1164 1552 1228; x_wconf 87' lang='lat' dir='ltr'><strong>rationem,</strong></span> <span class='ocrx_word' id='word_1_99' title='bbox 1591 1165 1731 1221; x_wconf 69' lang='lat' dir='ltr'><strong>lanae</strong></span> <span class='ocrx_word' id='word_1_100' title='bbox 1760 1184 1883 1237; x_wconf 66' lang='lat' dir='ltr'><strong>qua:</strong></span> <span class='ocrx_word' id='word_1_101' title='bbox 1914 1183 1983 1223; x_wconf 83' lang='lat' dir='ltr'><strong>ex</strong></span> 
     </span>
    </p>
   </div>
   <div class='ocr_carea' id='block_1_15' title="bbox 400 1255 1982 1328">
    <p class='ocr_par' dir='ltr' id='par_1_15' title="bbox 400 1255 1982 1328">
     <span class='ocr_line' id='line_1_15' title="bbox 400 1255 1982 1328; baseline 0.005 -19"><span class='ocrx_word' id='word_1_102' title='bbox 400 1255 777 1312; x_wconf 79' lang='lat' dir='ltr'><strong>animantibus</strong></span> <span class='ocrx_word' id='word_1_103' title='bbox 810 1265 913 1323; x_wconf 90' lang='lat' dir='ltr'><strong>est,</strong></span> <span class='ocrx_word' id='word_1_104' title='bbox 940 1273 1008 1311; x_wconf 91' lang='lat' dir='ltr'><strong>an</strong></span> <span class='ocrx_word' id='word_1_105' title='bbox 1040 1257 1157 1312; x_wconf 90' lang='lat' dir='ltr'><strong>lino</strong></span> <span class='ocrx_word' id='word_1_106' title='bbox 1189 1256 1337 1328; x_wconf 85' lang='lat' dir='ltr'><strong>quod</strong></span> <span class='ocrx_word' id='word_1_107' title='bbox 1366 1272 1431 1310; x_wconf 82' lang='lat' dir='ltr'><strong>ex</strong></span> <span class='ocrx_word' id='word_1_108' title='bbox 1465 1257 1664 1326; x_wconf 80' lang='lat' dir='ltr'><strong>plantis</strong></span> <span class='ocrx_word' id='word_1_109' title='bbox 1688 1259 1867 1315; x_wconf 87' lang='lat' dir='ltr'><strong>simile</strong></span> <span class='ocrx_word' id='word_1_110' title='bbox 1891 1275 1982 1317; x_wconf 87' lang='lat' dir='ltr'><strong>cs-</strong></span> 
     </span>
    </p>
   </div>
   <div class='ocr_carea' id='block_1_16' title="bbox 400 1349 1981 1422">
    <p class='ocr_par' dir='ltr' id='par_1_16' title="bbox 400 1349 1981 1422">
     <span class='ocr_line' id='line_1_16' title="bbox 400 1349 1981 1422; baseline 0.003 -18"><span class='ocrx_word' id='word_1_111' title='bbox 400 1350 576 1404; x_wconf 86' lang='lat' dir='ltr'><strong>sentia</strong></span> <span class='ocrx_word' id='word_1_112' title='bbox 598 1350 738 1404; x_wconf 83' lang='lat' dir='ltr'><strong>erit?</strong></span> <span class='ocrx_word' id='word_1_113' title='bbox 764 1350 1079 1421; x_wconf 78' lang='lat' dir='ltr'><strong>rogabimus</strong></span> <span class='ocrx_word' id='word_1_114' title='bbox 1100 1358 1282 1404; x_wconf 87' lang='lat' dir='ltr'><strong>autem</strong></span> <span class='ocrx_word' id='word_1_115' title='bbox 1310 1349 1474 1405; x_wconf 85' lang='lat' dir='ltr'><strong>simul</strong></span> <span class='ocrx_word' id='word_1_116' title='bbox 1507 1366 1603 1406; x_wconf 90' lang='lat' dir='ltr'><strong>vos</strong></span> <span class='ocrx_word' id='word_1_117' title='bbox 1639 1351 1693 1405; x_wconf 91' lang='lat' dir='ltr'><strong>id</strong></span> <span class='ocrx_word' id='word_1_118' title='bbox 1723 1367 1942 1422; x_wconf 87' lang='lat' dir='ltr'><strong>quoque</strong></span> <span class='ocrx_word' id='word_1_119' title='bbox 1966 1369 1981 1409; x_wconf 91' lang='lat'><strong>:</strong></span> 
     </span>
    </p>
   </div>
   <div class='ocr_carea' id='block_1_17' title="bbox 398 1443 1979 1514">
    <p class='ocr_par' dir='ltr' id='par_1_17' title="bbox 398 1443 1979 1514">
     <span class='ocr_line' id='line_1_17' title="bbox 398 1443 1979 1514; baseline 0.001 -16"><span class='ocrx_word' id='word_1_120' title='bbox 398 1443 543 1498; x_wconf 84' lang='lat' dir='ltr'><strong>Num</strong></span> <span class='ocrx_word' id='word_1_121' title='bbox 590 1443 724 1499; x_wconf 89' lang='lat' dir='ltr'><strong>Abel</strong></span> <span class='ocrx_word' id='word_1_122' title='bbox 755 1444 889 1514; x_wconf 89' lang='lat' dir='ltr'><strong>justi</strong></span> <span class='ocrx_word' id='word_1_123' title='bbox 933 1444 1146 1508; x_wconf 88' lang='lat' dir='ltr'><strong>anima,</strong></span> <span class='ocrx_word' id='word_1_124' title='bbox 1184 1452 1475 1513; x_wconf 86' lang='lat' dir='ltr'><strong>postquam</strong></span> <span class='ocrx_word' id='word_1_125' title='bbox 1522 1458 1745 1497; x_wconf 89' lang='lat' dir='ltr'><strong>carnem</strong></span> <span class='ocrx_word' id='word_1_126' title='bbox 1793 1446 1979 1513; x_wconf 81' lang='lat' dir='ltr'><strong>exuit,</strong></span> 
     </span>
    </p>
   </div>
   <div class='ocr_carea' id='block_1_18' title="bbox 400 1533 1982 1593">
    <p class='ocr_par' dir='ltr' id='par_1_18' title="bbox 400 1533 1982 1593">
     <span class='ocr_line' id='line_1_18' title="bbox 400 1533 1982 1593; baseline 0.001 -4"><span class='ocrx_word' id='word_1_127' title='bbox 400 1533 593 1593; x_wconf 79' lang='lat' dir='ltr'><strong>eadem</strong></span> <span class='ocrx_word' id='word_1_128' title='bbox 643 1536 883 1590; x_wconf 84' lang='lat' dir='ltr'><strong>essentia</strong></span> <span class='ocrx_word' id='word_1_129' title='bbox 916 1534 1121 1590; x_wconf 90' lang='lat' dir='ltr'><strong>dicitur</strong></span> <span class='ocrx_word' id='word_1_130' title='bbox 1154 1550 1283 1589; x_wconf 83' lang='lat' dir='ltr'><strong>vere</strong></span> <span class='ocrx_word' id='word_1_131' title='bbox 1316 1549 1439 1589; x_wconf 89' lang='lat' dir='ltr'><strong>esse</strong></span> <span class='ocrx_word' id='word_1_132' title='bbox 1470 1550 1533 1590; x_wconf 90' lang='lat' dir='ltr'><strong>ac</strong></span> <span class='ocrx_word' id='word_1_133' title='bbox 1577 1534 1757 1589; x_wconf 89' lang='lat' dir='ltr'><strong>anima</strong></span> <span class='ocrx_word' id='word_1_134' title='bbox 1791 1535 1982 1591; x_wconf 87' lang='lat' dir='ltr'><strong>Enoch</strong></span> 
     </span>
    </p>
   </div>
   <div class='ocr_carea' id='block_1_19' title="bbox 396 1625 1984 1698">
    <p class='ocr_par' dir='ltr' id='par_1_19' title="bbox 396 1625 1984 1698">
     <span class='ocr_line' id='line_1_19' title="bbox 396 1625 1984 1698; baseline 0 -17"><span class='ocrx_word' id='word_1_135' title='bbox 396 1625 531 1698; x_wconf 90' lang='lat' dir='ltr'><strong>justi</strong></span> <span class='ocrx_word' id='word_1_136' title='bbox 574 1627 669 1697; x_wconf 85' lang='lat' dir='ltr'><strong>qui</strong></span> <span class='ocrx_word' id='word_1_137' title='bbox 716 1627 961 1681; x_wconf 89' lang='lat' dir='ltr'><strong>nondum</strong></span> <span class='ocrx_word' id='word_1_138' title='bbox 1008 1641 1234 1681; x_wconf 90' lang='lat' dir='ltr'><strong>carnem</strong></span> <span class='ocrx_word' id='word_1_139' title='bbox 1285 1625 1563 1695; x_wconf 85' lang='lat' dir='ltr'><strong>deposuit,</strong></span> <span class='ocrx_word' id='word_1_140' title='bbox 1615 1635 1711 1681; x_wconf 88' lang='lat' dir='ltr'><strong>aut</strong></span> <span class='ocrx_word' id='word_1_141' title='bbox 1756 1626 1984 1681; x_wconf 87' lang='lat' dir='ltr'><strong>alterius</strong></span> 
     </span>
    </p>
   </div>
   <div class='ocr_carea' id='block_1_20' title="bbox 400 1719 1982 1793">
    <p class='ocr_par' dir='ltr' id='par_1_20' title="bbox 400 1719 1982 1793">
     <span class='ocr_line' id='line_1_20' title="bbox 400 1719 1982 1793; baseline -0.001 -18"><span class='ocrx_word' id='word_1_142' title='bbox 400 1719 686 1791; x_wconf 88' lang='lat' dir='ltr'><strong>cujusdam</strong></span> <span class='ocrx_word' id='word_1_143' title='bbox 734 1720 916 1775; x_wconf 89' lang='lat' dir='ltr'><strong>adhuc</strong></span> <span class='ocrx_word' id='word_1_144' title='bbox 966 1721 1021 1775; x_wconf 90' lang='lat' dir='ltr'><strong>in</strong></span> <span class='ocrx_word' id='word_1_145' title='bbox 1070 1736 1235 1776; x_wconf 89' lang='lat' dir='ltr'><strong>carne</strong></span> <span class='ocrx_word' id='word_1_146' title='bbox 1268 1719 1536 1787; x_wconf 80' lang='lat' dir='ltr'><strong>viventis;</strong></span> <span class='ocrx_word' id='word_1_147' title='bbox 1569 1728 1665 1775; x_wconf 89' lang='lat' dir='ltr'><strong>aut</strong></span> <span class='ocrx_word' id='word_1_148' title='bbox 1696 1736 1825 1775; x_wconf 88' lang='lat' dir='ltr'><strong>caro</strong></span> <span class='ocrx_word' id='word_1_149' title='bbox 1851 1719 1982 1793; x_wconf 89' lang='lat' dir='ltr'><strong>justi</strong></span> 
     </span>
    </p>
   </div>
   <div class='ocr_carea' id='block_1_21' title="bbox 401 1811 1984 1884">
    <p class='ocr_par' dir='ltr' id='par_1_21' title="bbox 401 1811 1984 1884">
     <span class='ocr_line' id='line_1_21' title="bbox 401 1811 1984 1884; baseline 0.001 -17"><span class='ocrx_word' id='word_1_150' title='bbox 401 1811 457 1867; x_wconf 89' lang='lat' dir='ltr'><strong>in</strong></span> <span class='ocrx_word' id='word_1_151' title='bbox 487 1828 654 1868; x_wconf 89' lang='lat' dir='ltr'><strong>carne</strong></span> <span class='ocrx_word' id='word_1_152' title='bbox 686 1812 925 1868; x_wconf 85' lang='lat' dir='ltr'><strong>viventis</strong></span> <span class='ocrx_word' id='word_1_153' title='bbox 953 1814 1144 1868; x_wconf 88' lang='lat' dir='ltr'><strong>eadem</strong></span> <span class='ocrx_word' id='word_1_154' title='bbox 1187 1813 1429 1869; x_wconf 88' lang='lat' dir='ltr'><strong>essentia</strong></span> <span class='ocrx_word' id='word_1_155' title='bbox 1465 1828 1529 1868; x_wconf 90' lang='lat' dir='ltr'><strong>ac</strong></span> <span class='ocrx_word' id='word_1_156' title='bbox 1556 1827 1687 1868; x_wconf 90' lang='lat' dir='ltr'><strong>caro</strong></span> <span class='ocrx_word' id='word_1_157' title='bbox 1715 1813 1984 1884; x_wconf 86' lang='lat' dir='ltr'><strong>cujusque</strong></span> 
     </span>
    </p>
   </div>
   <div class='ocr_carea' id='block_1_22' title="bbox 398 1905 1983 1976">
    <p class='ocr_par' dir='ltr' id='par_1_22' title="bbox 398 1905 1983 1976">
     <span class='ocr_line' id='line_1_22' title="bbox 398 1905 1983 1976; baseline 0.001 -16"><span class='ocrx_word' id='word_1_158' title='bbox 398 1913 717 1960; x_wconf 88' lang='lat' dir='ltr'><strong>sanctorum</strong></span> <span class='ocrx_word' id='word_1_159' title='bbox 739 1905 834 1976; x_wconf 90' lang='lat' dir='ltr'><strong>qui</strong></span> <span class='ocrx_word' id='word_1_160' title='bbox 859 1905 1222 1969; x_wconf 88' lang='lat' dir='ltr'><strong>dormierunt,</strong></span> <span class='ocrx_word' id='word_1_161' title='bbox 1249 1906 1472 1961; x_wconf 81' lang='lat' dir='ltr'><strong>annon?</strong></span> <span class='ocrx_word' id='word_1_162' title='bbox 1498 1905 1581 1961; x_wconf 89' lang='lat' dir='ltr'><strong>sin</strong></span> <span class='ocrx_word' id='word_1_163' title='bbox 1610 1912 1793 1960; x_wconf 89' lang='lat' dir='ltr'><strong>autem</strong></span> <span class='ocrx_word' id='word_1_164' title='bbox 1821 1919 1983 1962; x_wconf 90' lang='lat' dir='ltr'><strong>nemo</strong></span> 
     </span>
    </p>
   </div>
   <div class='ocr_carea' id='block_1_23' title="bbox 2082 1065 3678 1144">
    <p class='ocr_par' dir='ltr' id='par_1_23' title="bbox 2082 1065 3678 1144">
     <span class='ocr_line' id='line_1_23' title="bbox 2082 1065 3678 1144; baseline -0.003 -20"><span class='ocrx_word' id='word_1_165' title='bbox 2082 1087 2244 1144; x_wconf 83' lang='grc' dir='ltr'>τερον</span> <span class='ocrx_word' id='word_1_166' title='bbox 2291 1071 2402 1125; x_wconf 88' lang='grc' dir='ltr'><strong>τῶν</strong></span> <span class='ocrx_word' id='word_1_167' title='bbox 2448 1072 2507 1125; x_wconf 79' lang='grc' dir='ltr'><strong>ὲν</strong></span> <span class='ocrx_word' id='word_1_168' title='bbox 2554 1071 2691 1143; x_wconf 82' lang='grc' dir='ltr'>αὐτῇ</span> <span class='ocrx_word' id='word_1_169' title='bbox 2740 1070 2955 1139; x_wconf 74' lang='grc' dir='ltr'>φύσεων</span> <span class='ocrx_word' id='word_1_170' title='bbox 3009 1069 3210 1135; x_wconf 77' lang='grc' dir='ltr'>λόγον,</span> <span class='ocrx_word' id='word_1_171' title='bbox 3269 1067 3348 1138; x_wconf 78' lang='grc' dir='ltr'>τῷ</span> <span class='ocrx_word' id='word_1_172' title='bbox 3397 1066 3534 1138; x_wconf 73' lang='grc' dir='ltr'>ἐρίῳ</span> <span class='ocrx_word' id='word_1_173' title='bbox 3587 1065 3678 1138; x_wconf 80' lang='grc' dir='ltr'><strong>τῷ</strong></span> 
     </span>
    </p>
   </div>
   <div class='ocr_carea' id='block_1_24' title="bbox 2082 1158 3674 1234">
    <p class='ocr_par' dir='ltr' id='par_1_24' title="bbox 2082 1158 3674 1234">
     <span class='ocr_line' id='line_1_24' title="bbox 2082 1158 3674 1234; baseline -0.003 -18"><span class='ocrx_word' id='word_1_174' title='bbox 2082 1164 2148 1218; x_wconf 82' lang='grc' dir='ltr'>ὲκ</span> <span class='ocrx_word' id='word_1_175' title='bbox 2179 1158 2479 1227; x_wconf 73' lang='grc' dir='ltr'>ζώων,’καὶ</span> <span class='ocrx_word' id='word_1_176' title='bbox 2509 1162 2585 1234; x_wconf 81' lang='grc' dir='ltr'>τῷ</span> <span class='ocrx_word' id='word_1_177' title='bbox 2613 1161 2745 1233; x_wconf 80' lang='grc' dir='ltr'>λίνῳ</span> <span class='ocrx_word' id='word_1_178' title='bbox 2771 1160 2850 1229; x_wconf 83' lang='grc' dir='ltr'><strong>τῷ</strong></span> <span class='ocrx_word' id='word_1_179' title='bbox 2876 1162 2939 1214; x_wconf 79' lang='grc' dir='ltr'>ἐκ</span> <span class='ocrx_word' id='word_1_180' title='bbox 2965 1159 3148 1230; x_wconf 77' lang='grc' dir='ltr'>φυτῶν</span> <span class='ocrx_word' id='word_1_181' title='bbox 3177 1160 3325 1211; x_wconf 76' lang='grc' dir='ltr'>ἐστιν</span> <span class='ocrx_word' id='word_1_182' title='bbox 3353 1158 3674 1230; x_wconf 81' lang='grc' dir='ltr'>ὁμοούσιος.</span> 
     </span>
    </p>
   </div>
   <div class='ocr_carea' id='block_1_25' title="bbox 2082 1246 3678 1326">
    <p class='ocr_par' dir='ltr' id='par_1_25' title="bbox 2082 1246 3678 1326">
     <span class='ocr_line' id='line_1_25' title="bbox 2082 1246 3678 1326; baseline -0.006 -17"><span class='ocrx_word' id='word_1_183' title='bbox 2082 1255 2470 1326; x_wconf 85' lang='grc' dir='ltr'>Ἐρωτήσομεν</span> <span class='ocrx_word' id='word_1_184' title='bbox 2495 1253 2552 1307; x_wconf 81' lang='grc' dir='ltr'>δὲ</span> <span class='ocrx_word' id='word_1_185' title='bbox 2577 1254 2727 1325; x_wconf 84' lang='grc' dir='ltr'>ὅμως</span> <span class='ocrx_word' id='word_1_186' title='bbox 2759 1253 2852 1307; x_wconf 75' lang='grc' dir='ltr'><strong>καὶ</strong></span> <span class='ocrx_word' id='word_1_187' title='bbox 2877 1249 3038 1305; x_wconf 82' lang='grc' dir='ltr'>τοῦτο</span> <span class='ocrx_word' id='word_1_188' title='bbox 3064 1251 3094 1304; x_wconf 91' lang='grc' dir='ltr'><strong>ὑ</strong></span> <span class='ocrx_word' id='word_1_189' title='bbox 3103 1246 3304 1322; x_wconf 77' lang='grc' dir='ltr'>μᾶς-Ἀ</span> <span class='ocrx_word' id='word_1_190' title='bbox 3316 1248 3388 1321; x_wconf 86' lang='grc' dir='ltr'><strong>ρά</strong></span> <span class='ocrx_word' id='word_1_191' title='bbox 3409 1267 3474 1318; x_wconf 77' lang='grc' dir='ltr'><strong>γε</strong></span> <span class='ocrx_word' id='word_1_192' title='bbox 3496 1247 3678 1302; x_wconf 72' lang='grc' dir='ltr'>Ἅϐελ</span> 
     </span>
    </p>
   </div>
   <div class='ocr_carea' id='block_1_26' title="bbox 2082 1336 3676 1419">
    <p class='ocr_par' dir='ltr' id='par_1_26' title="bbox 2082 1336 3676 1419">
     <span class='ocr_line' id='line_1_26' title="bbox 2082 1336 3676 1419; baseline -0.004 -18"><span class='ocrx_word' id='word_1_193' title='bbox 2082 1346 2176 1401; x_wconf 86' lang='grc' dir='ltr'><strong>τοῦ</strong></span> <span class='ocrx_word' id='word_1_194' title='bbox 2216 1345 2429 1406; x_wconf 84' lang='grc' dir='ltr'>δικαίου</span> <span class='ocrx_word' id='word_1_195' title='bbox 2476 1336 2502 1419; x_wconf 64' lang='grc' dir='ltr'>ἢ</span> <span class='ocrx_word' id='word_1_196' title='bbox 2529 1345 2678 1417; x_wconf 78' lang='grc' dir='ltr'>ψυχὴ</span> <span class='ocrx_word' id='word_1_197' title='bbox 2723 1343 2863 1417; x_wconf 82' lang='grc' dir='ltr'>μετὰ</span> <span class='ocrx_word' id='word_1_198' title='bbox 2890 1346 2991 1416; x_wconf 83' lang='grc' dir='ltr'>τὴν</span> <span class='ocrx_word' id='word_1_199' title='bbox 3018 1343 3120 1414; x_wconf 83' lang='grc' dir='ltr'>τῆς</span> <span class='ocrx_word' id='word_1_200' title='bbox 3150 1343 3349 1414; x_wconf 75' lang='grc' dir='ltr'>σαρκὸς</span> <span class='ocrx_word' id='word_1_201' title='bbox 3378 1340 3676 1408; x_wconf 75' lang='grc' dir='ltr'><strong>ἀπόθεσιν,</strong></span> 
     </span>
    </p>
   </div>
   <div class='ocr_carea' id='block_1_27' title="bbox 2081 1422 3675 1511">
    <p class='ocr_par' dir='ltr' id='par_1_27' title="bbox 2081 1422 3675 1511">
     <span class='ocr_line' id='line_1_27' title="bbox 2081 1422 3675 1511; baseline -0.005 -18"><span class='ocrx_word' id='word_1_202' title='bbox 2081 1440 2367 1511; x_wconf 86' lang='grc' dir='ltr'>ὁμοούσιος</span> <span class='ocrx_word' id='word_1_203' title='bbox 2407 1438 2625 1507; x_wconf 87' lang='grc' dir='ltr'>λέγεται</span> <span class='ocrx_word' id='word_1_204' title='bbox 2667 1437 2884 1506; x_wconf 82' lang='grc' dir='ltr'>ἀληθῶς</span> <span class='ocrx_word' id='word_1_205' title='bbox 2911 1433 3055 1492; x_wconf 76' lang='grc' dir='ltr'>εἶναι</span> <span class='ocrx_word' id='word_1_206' title='bbox 3087 1438 3156 1507; x_wconf 80' lang='grc' dir='ltr'>τῇ</span> <span class='ocrx_word' id='word_1_207' title='bbox 3184 1435 3329 1506; x_wconf 80' lang='grc' dir='ltr'>ψυχῇ</span> <span class='ocrx_word' id='word_1_208' title='bbox 3367 1434 3541 1504; x_wconf 82' lang='grc' dir='ltr'><strong>Ἑνὼχ</strong></span> <span class='ocrx_word' id='word_1_209' title='bbox 3564 1422 3675 1486; x_wconf 73' lang='grc' dir='ltr'><strong>τοῦ</strong></span> 
     </span>
    </p>
   </div>
   <div class='ocr_carea' id='block_1_28' title="bbox 2082 1526 3676 1604">
    <p class='ocr_par' dir='ltr' id='par_1_28' title="bbox 2082 1526 3676 1604">
     <span class='ocr_line' id='line_1_28' title="bbox 2082 1526 3676 1604; baseline -0.004 -18"><span class='ocrx_word' id='word_1_210' title='bbox 2082 1534 2295 1587; x_wconf 80' lang='grc' dir='ltr'>δικαίου</span> <span class='ocrx_word' id='word_1_211' title='bbox 2345 1534 2446 1604; x_wconf 80' lang='grc' dir='ltr'>τὴν</span> <span class='ocrx_word' id='word_1_212' title='bbox 2491 1532 2671 1604; x_wconf 80' lang='grc' dir='ltr'>σάρκα</span> <span class='ocrx_word' id='word_1_213' title='bbox 2701 1530 2855 1585; x_wconf 84' lang='grc' dir='ltr'>οὑπω</span> <span class='ocrx_word' id='word_1_214' title='bbox 2883 1529 3249 1599; x_wconf 80' lang='grc' dir='ltr'>ἀποθεμένου,</span> <span class='ocrx_word' id='word_1_215' title='bbox 3280 1529 3315 1599; x_wconf 75' lang='grc' dir='ltr'>ἢ</span> <span class='ocrx_word' id='word_1_216' title='bbox 3341 1526 3497 1581; x_wconf 85' lang='grc' dir='ltr'>τοῦδέ</span> <span class='ocrx_word' id='word_1_217' title='bbox 3520 1542 3676 1590; x_wconf 87' lang='grc' dir='ltr'>τινος</span> 
     </span>
    </p>
   </div>
   <div class='ocr_carea' id='block_1_29' title="bbox 2083 1616 3672 1696">
    <p class='ocr_par' dir='ltr' id='par_1_29' title="bbox 2083 1616 3672 1696">
     <span class='ocr_line' id='line_1_29' title="bbox 2083 1616 3672 1696; baseline -0.005 -17"><span class='ocrx_word' id='word_1_218' title='bbox 2083 1627 2310 1696; x_wconf 82' lang='grc' dir='ltr'>ἑτέρου,</span> <span class='ocrx_word' id='word_1_219' title='bbox 2358 1624 2453 1679; x_wconf 89' lang='grc' dir='ltr'><strong>τοῦ</strong></span> <span class='ocrx_word' id='word_1_220' title='bbox 2497 1625 2577 1678; x_wconf 78' lang='grc' dir='ltr'>ἔτι</span> <span class='ocrx_word' id='word_1_221' title='bbox 2628 1625 2687 1677; x_wconf 84' lang='grc' dir='ltr'><strong>ἐν</strong></span> <span class='ocrx_word' id='word_1_222' title='bbox 2716 1625 2878 1695; x_wconf 71' lang='grc' dir='ltr'>σαρκὶ</span> <span class='ocrx_word' id='word_1_223' title='bbox 2914 1622 3170 1689; x_wconf 25' lang='grc' dir='ltr'>νζῶντος;</span> <span class='ocrx_word' id='word_1_224' title='bbox 3221 1622 3255 1693; x_wconf 77' lang='grc' dir='ltr'><strong>ἡ</strong></span> <span class='ocrx_word' id='word_1_225' title='bbox 3295 1620 3434 1692; x_wconf 77' lang='grc' dir='ltr'>σάρξ</span> <span class='ocrx_word' id='word_1_226' title='bbox 3460 1635 3525 1673; x_wconf 87' lang='grc' dir='ltr'><strong>τε</strong></span> <span class='ocrx_word' id='word_1_227' title='bbox 3566 1616 3672 1672; x_wconf 76' lang='grc' dir='ltr'><strong>τοῦ</strong></span> 
     </span>
    </p>
   </div>
   <div class='ocr_carea' id='block_1_30' title="bbox 2082 1709 3674 1790">
    <p class='ocr_par' dir='ltr' id='par_1_30' title="bbox 2082 1709 3674 1790">
     <span class='ocr_line' id='line_1_30' title="bbox 2082 1709 3674 1790; baseline -0.006 -17"><span class='ocrx_word' id='word_1_228' title='bbox 2082 1720 2141 1773; x_wconf 78' lang='grc' dir='ltr'>ὲν</span> <span class='ocrx_word' id='word_1_229' title='bbox 2192 1718 2362 1790; x_wconf 74' lang='grc' dir='ltr'>σαρκὶ</span> <span class='ocrx_word' id='word_1_230' title='bbox 2413 1717 2623 1772; x_wconf 77' lang='grc' dir='ltr'><strong>δικαίου</strong></span> <span class='ocrx_word' id='word_1_231' title='bbox 2674 1715 2959 1787; x_wconf 88' lang='grc' dir='ltr'>ὁμοούσιος</span> <span class='ocrx_word' id='word_1_232' title='bbox 3001 1711 3114 1785; x_wconf 84' lang='grc' dir='ltr'>ἆρα</span> <span class='ocrx_word' id='word_1_233' title='bbox 3160 1716 3228 1786; x_wconf 74' lang='grc' dir='ltr'><strong>τῇ</strong></span> <span class='ocrx_word' id='word_1_234' title='bbox 3274 1713 3508 1767; x_wconf 75' lang='grc' dir='ltr'><strong>ἑκάστου</strong></span> <span class='ocrx_word' id='word_1_235' title='bbox 3555 1709 3674 1765; x_wconf 81' lang='grc' dir='ltr'><strong>τῶν</strong></span> 
     </span>
    </p>
   </div>
   <div class='ocr_carea' id='block_1_31' title="bbox 2080 1803 3673 1884">
    <p class='ocr_par' dir='ltr' id='par_1_31' title="bbox 2080 1803 3673 1884">
     <span class='ocr_line' id='line_1_31' title="bbox 2080 1803 3673 1884; baseline -0.009 -15"><span class='ocrx_word' id='word_1_236' title='bbox 2080 1812 2570 1884; x_wconf 73' lang='grc' dir='ltr'>προκοιμηθέντων</span> <span class='ocrx_word' id='word_1_237' title='bbox 2600 1809 2777 1879; x_wconf 85' lang='grc' dir='ltr'><strong>ἁγίων</strong></span> <span class='ocrx_word' id='word_1_238' title='bbox 2819 1810 3013 1881; x_wconf 72' lang='grc' dir='ltr'>σαρκὶ,</span> <span class='ocrx_word' id='word_1_239' title='bbox 3059 1807 3094 1876; x_wconf 76' lang='grc' dir='ltr'>ἢ</span> <span class='ocrx_word' id='word_1_240' title='bbox 3124 1807 3275 1878; x_wconf 83' lang='grc' dir='ltr'>οὑχί;</span> <span class='ocrx_word' id='word_1_241' title='bbox 3313 1806 3375 1859; x_wconf 81' lang='lat' dir='ltr'><strong>El</strong></span> <span class='ocrx_word' id='word_1_242' title='bbox 3402 1804 3459 1857; x_wconf 78' lang='grc' dir='ltr'>δὲ</span> <span class='ocrx_word' id='word_1_243' title='bbox 3487 1803 3673 1874; x_wconf 82' lang='grc' dir='ltr'>τούτῳ</span> 
     </span>
    </p>
   </div>
   <div class='ocr_carea' id='block_1_32' title="bbox 2083 1895 3673 1975">
    <p class='ocr_par' dir='ltr' id='par_1_32' title="bbox 2083 1895 3673 1975">
     <span class='ocr_line' id='line_1_32' title="bbox 2083 1895 3673 1975; baseline -0.004 -16"><span class='ocrx_word' id='word_1_244' title='bbox 2083 1905 2259 1970; x_wconf 71' lang='grc' dir='ltr'>οὐδεὶς</span> <span class='ocrx_word' id='word_1_245' title='bbox 2309 1905 2561 1975; x_wconf 79' lang='grc' dir='ltr'><strong>ἀντερεῖ,</strong></span> <span class='ocrx_word' id='word_1_246' title='bbox 2615 1902 2773 1973; x_wconf 75' lang='grc' dir='ltr'>δῆλον</span> <span class='ocrx_word' id='word_1_247' title='bbox 2823 1902 2898 1966; x_wconf 84' lang='grc' dir='ltr'>ὡς</span> <span class='ocrx_word' id='word_1_248' title='bbox 2943 1904 3006 1955; x_wconf 81' lang='grc' dir='ltr'>ὲκ</span> <span class='ocrx_word' id='word_1_249' title='bbox 3056 1899 3256 1972; x_wconf 79' lang='grc' dir='ltr'>μέρους</span> <span class='ocrx_word' id='word_1_250' title='bbox 3304 1897 3418 1951; x_wconf 87' lang='grc' dir='ltr'><strong>τῶν</strong></span> <span class='ocrx_word' id='word_1_251' title='bbox 3463 1895 3673 1966; x_wconf 75' lang='grc' dir='ltr'>ἑαυτῆς</span> 
     </span>
    </p>
   </div>
   <div class='ocr_carea' id='block_1_33' title="bbox 399 1982 1987 2069">
    <p class='ocr_par' dir='ltr' id='par_1_33' title="bbox 399 1996 1978 2069">
     <span class='ocr_line' id='line_1_33' title="bbox 399 1996 1978 2069; baseline 0.001 -17"><span class='ocrx_word' id='word_1_252' title='bbox 399 1996 761 2063; x_wconf 87' lang='lat' dir='ltr'><strong>contradicat,</strong></span> <span class='ocrx_word' id='word_1_253' title='bbox 790 1997 1020 2053; x_wconf 87' lang='lat' dir='ltr'><strong>evidens</strong></span> <span class='ocrx_word' id='word_1_254' title='bbox 1064 2009 1148 2053; x_wconf 89' lang='lat' dir='ltr'><strong>est</strong></span> <span class='ocrx_word' id='word_1_255' title='bbox 1180 2014 1246 2054; x_wconf 85' lang='lat' dir='ltr'><strong>ex</strong></span> <span class='ocrx_word' id='word_1_256' title='bbox 1291 2009 1445 2068; x_wconf 89' lang='lat' dir='ltr'><strong>parte</strong></span> <span class='ocrx_word' id='word_1_257' title='bbox 1474 2013 1696 2053; x_wconf 88' lang='lat' dir='ltr'><strong>suarum</strong></span> <span class='ocrx_word' id='word_1_258' title='bbox 1739 1998 1978 2069; x_wconf 88' lang='lat' dir='ltr'><strong>partium</strong></span> 
     </span>
    </p>
   </div>
   <div class='ocr_carea' id='block_1_34' title="bbox 2088 1982 3674 2069">
    <p class='ocr_par' dir='ltr' id='par_1_34' title="bbox 2088 1986 3674 2069">
     <span class='ocr_line' id='line_1_34' title="bbox 2088 1986 3674 2069; baseline -0.007 -19"><span class='ocrx_word' id='word_1_259' title='bbox 2088 1996 2270 2069; x_wconf 80' lang='grc' dir='ltr'>μερῶν</span> <span class='ocrx_word' id='word_1_260' title='bbox 2298 1997 2330 2066; x_wconf 78' lang='grc' dir='ltr'><strong>ἠ</strong></span> <span class='ocrx_word' id='word_1_261' title='bbox 2356 1995 2657 2063; x_wconf 71' lang='grc' dir='ltr'><strong>ὑπόστασις</strong></span> <span class='ocrx_word' id='word_1_262' title='bbox 2679 1991 2873 2063; x_wconf 85' lang='grc' dir='ltr'>Ἑνὼχ,</span> <span class='ocrx_word' id='word_1_263' title='bbox 2900 1992 2933 2063; x_wconf 82' lang='grc' dir='ltr'>ἢ</span> <span class='ocrx_word' id='word_1_264' title='bbox 2959 1991 3114 2046; x_wconf 83' lang='grc' dir='ltr'>τοῦδέ</span> <span class='ocrx_word' id='word_1_265' title='bbox 3136 2007 3281 2055; x_wconf 76' lang='grc' dir='ltr'>τινος</span> <span class='ocrx_word' id='word_1_266' title='bbox 3306 1988 3402 2042; x_wconf 86' lang='grc' dir='ltr'><strong>τοῦ</strong></span> <span class='ocrx_word' id='word_1_267' title='bbox 3424 1989 3482 2040; x_wconf 77' lang='grc' dir='ltr'>ὲν</span> <span class='ocrx_word' id='word_1_268' title='bbox 3499 1986 3674 2059; x_wconf 70' lang='grc' dir='ltr'>σαρκὶ</span> 
     </span>
    </p>
   </div>
   <div class='ocr_carea' id='block_1_35' title="bbox 399 2089 1980 2162">
    <p class='ocr_par' dir='ltr' id='par_1_35' title="bbox 399 2089 1980 2162">
     <span class='ocr_line' id='line_1_35' title="bbox 399 2089 1980 2162; baseline 0.003 -19"><span class='ocrx_word' id='word_1_269' title='bbox 399 2089 812 2145; x_wconf 88' lang='lat' dir='ltr'><strong>subsistentiam</strong></span> <span class='ocrx_word' id='word_1_270' title='bbox 841 2090 1055 2155; x_wconf 75' lang='lat' dir='ltr'><strong>Enoch,</strong></span> <span class='ocrx_word' id='word_1_271' title='bbox 1087 2102 1184 2147; x_wconf 89' lang='lat' dir='ltr'><strong>aut</strong></span> <span class='ocrx_word' id='word_1_272' title='bbox 1224 2091 1467 2162; x_wconf 88' lang='lat' dir='ltr'><strong>cujusvis</strong></span> <span class='ocrx_word' id='word_1_273' title='bbox 1510 2091 1566 2145; x_wconf 88' lang='lat' dir='ltr'><strong>in</strong></span> <span class='ocrx_word' id='word_1_274' title='bbox 1595 2106 1758 2147; x_wconf 89' lang='lat' dir='ltr'><strong>carne</strong></span> <span class='ocrx_word' id='word_1_275' title='bbox 1798 2091 1980 2147; x_wconf 91' lang='lat' dir='ltr'><strong>adhuc</strong></span> 
     </span>
    </p>
   </div>
   <div class='ocr_carea' id='block_1_36' title="bbox 398 2178 1979 2248">
    <p class='ocr_par' dir='ltr' id='par_1_36' title="bbox 398 2178 1979 2248">
     <span class='ocr_line' id='line_1_36' title="bbox 398 2178 1979 2248; baseline 0.003 -14"><span class='ocrx_word' id='word_1_276' title='bbox 398 2180 658 2248; x_wconf 85' lang='lat' dir='ltr'><strong>viventis,</strong></span> <span class='ocrx_word' id='word_1_277' title='bbox 694 2182 793 2238; x_wconf 89' lang='lat' dir='ltr'><strong>toti</strong></span> <span class='ocrx_word' id='word_1_278' title='bbox 836 2182 1207 2238; x_wconf 83' lang='lat' dir='ltr'><strong>subsistentiae</strong></span> <span class='ocrx_word' id='word_1_279' title='bbox 1238 2182 1435 2245; x_wconf 67' lang='lat' dir='ltr'><strong>animae</strong></span> <span class='ocrx_word' id='word_1_280' title='bbox 1468 2182 1605 2238; x_wconf 89' lang='lat' dir='ltr'><strong>Abel</strong></span> <span class='ocrx_word' id='word_1_281' title='bbox 1634 2197 1756 2239; x_wconf 89' lang='lat' dir='ltr'><strong>esse</strong></span> <span class='ocrx_word' id='word_1_282' title='bbox 1786 2178 1979 2238; x_wconf 82' lang='lat' dir='ltr'><strong>esscn-</strong></span> 
     </span>
    </p>
   </div>
   <div class='ocr_carea' id='block_1_37' title="bbox 400 2273 1977 2345">
    <p class='ocr_par' dir='ltr' id='par_1_37' title="bbox 400 2273 1977 2345">
     <span class='ocr_line' id='line_1_37' title="bbox 400 2273 1977 2345; baseline 0.001 -18"><span class='ocrx_word' id='word_1_283' title='bbox 400 2273 475 2327; x_wconf 90' lang='lat' dir='ltr'><strong>tia</strong></span> <span class='ocrx_word' id='word_1_284' title='bbox 506 2273 767 2339; x_wconf 84' lang='lat' dir='ltr'><strong>similem;</strong></span> <span class='ocrx_word' id='word_1_285' title='bbox 810 2283 868 2329; x_wconf 90' lang='lat' dir='ltr'><strong>et</strong></span> <span class='ocrx_word' id='word_1_286' title='bbox 912 2274 1009 2329; x_wconf 89' lang='lat' dir='ltr'><strong>toti</strong></span> <span class='ocrx_word' id='word_1_287' title='bbox 1058 2274 1433 2330; x_wconf 80' lang='lat' dir='ltr'><strong>subsistentiae</strong></span> <span class='ocrx_word' id='word_1_288' title='bbox 1464 2273 1646 2329; x_wconf 86' lang='lat' dir='ltr'><strong>carnis</strong></span> <span class='ocrx_word' id='word_1_289' title='bbox 1690 2274 1852 2345; x_wconf 88' lang='lat' dir='ltr'><strong>hujus</strong></span> <span class='ocrx_word' id='word_1_290' title='bbox 1880 2274 1977 2345; x_wconf 88' lang='lat' dir='ltr'><strong>qui</strong></span> 
     </span>
    </p>
   </div>
   <div class='ocr_carea' id='block_1_38' title="bbox 398 2366 1974 2438">
    <p class='ocr_par' dir='ltr' id='par_1_38' title="bbox 398 2366 1974 2438">
     <span class='ocr_line' id='line_1_38' title="bbox 398 2366 1974 2438; baseline 0.001 -19"><span class='ocrx_word' id='word_1_291' title='bbox 398 2366 701 2421; x_wconf 75' lang='lat' dir='ltr'><strong>dormierat</strong></span> <span class='ocrx_word' id='word_1_292' title='bbox 732 2366 927 2425; x_wconf 84' lang='lat' dir='ltr'><strong>sancti.</strong></span> <span class='ocrx_word' id='word_1_293' title='bbox 960 2368 1028 2422; x_wconf 86' lang='lat' dir='ltr'><strong>Et</strong></span> <span class='ocrx_word' id='word_1_294' title='bbox 1059 2368 1264 2423; x_wconf 84' lang='lat' dir='ltr'><strong>frustra</strong></span> <span class='ocrx_word' id='word_1_295' title='bbox 1309 2367 1444 2422; x_wconf 88' lang='lat' dir='ltr'><strong>illud</strong></span> <span class='ocrx_word' id='word_1_296' title='bbox 1470 2367 1974 2438; x_wconf 77' lang='lat' dir='ltr'><strong>vobisnegabitur;</strong></span> 
     </span>
    </p>
   </div>
   <div class='ocr_carea' id='block_1_39' title="bbox 397 2455 1976 2523">
    <p class='ocr_par' dir='ltr' id='par_1_39' title="bbox 397 2455 1976 2523">
     <span class='ocr_line' id='line_1_39' title="bbox 397 2455 1976 2523; baseline 0.005 -17"><span class='ocrx_word' id='word_1_297' title='bbox 397 2469 467 2507; x_wconf 82' lang='lat' dir='ltr'><strong>ex</strong></span> <span class='ocrx_word' id='word_1_298' title='bbox 492 2462 649 2523; x_wconf 88' lang='lat' dir='ltr'><strong>parte</strong></span> <span class='ocrx_word' id='word_1_299' title='bbox 672 2455 820 2509; x_wconf 87' lang='lat' dir='ltr'><strong>enim</strong></span> <span class='ocrx_word' id='word_1_300' title='bbox 848 2456 893 2511; x_wconf 90' lang='lat' dir='ltr'><strong>si</strong></span> <span class='ocrx_word' id='word_1_301' title='bbox 928 2456 1168 2511; x_wconf 88' lang='lat' dir='ltr'><strong>essentia</strong></span> <span class='ocrx_word' id='word_1_302' title='bbox 1190 2457 1441 2513; x_wconf 88' lang='lat' dir='ltr'><strong>absolute</strong></span> <span class='ocrx_word' id='word_1_303' title='bbox 1470 2464 1599 2522; x_wconf 89' lang='lat' dir='ltr'><strong>stet,</strong></span> <span class='ocrx_word' id='word_1_304' title='bbox 1631 2474 1740 2512; x_wconf 91' lang='lat' dir='ltr'><strong>non</strong></span> <span class='ocrx_word' id='word_1_305' title='bbox 1777 2457 1976 2514; x_wconf 86' lang='lat' dir='ltr'><strong>dicun-</strong></span> 
     </span>
    </p>
   </div>
   <div class='ocr_carea' id='block_1_40' title="bbox 399 2541 1979 2620">
    <p class='ocr_par' dir='ltr' id='par_1_40' title="bbox 399 2541 1979 2620">
     <span class='ocr_line' id='line_1_40' title="bbox 399 2541 1979 2620; baseline 0.006 -25"><span class='ocrx_word' id='word_1_306' title='bbox 399 2548 491 2596; x_wconf 87' lang='lat' dir='ltr'><strong>tur</strong></span> <span class='ocrx_word' id='word_1_307' title='bbox 523 2541 718 2597; x_wconf 76' lang='lat' dir='ltr'><strong>eadem</strong></span> <span class='ocrx_word' id='word_1_308' title='bbox 751 2546 1013 2608; x_wconf 81' lang='lat' dir='ltr'><strong>essentia,</strong></span> <span class='ocrx_word' id='word_1_309' title='bbox 1050 2560 1252 2616; x_wconf 88' lang='lat' dir='ltr'><strong>neque,</strong></span> <span class='ocrx_word' id='word_1_310' title='bbox 1287 2546 1334 2601; x_wconf 91' lang='lat' dir='ltr'><strong>si</strong></span> <span class='ocrx_word' id='word_1_311' title='bbox 1370 2546 1725 2609; x_wconf 85' lang='lat' dir='ltr'><strong>subsistentia</strong></span> <span class='ocrx_word' id='word_1_312' title='bbox 1756 2563 1823 2603; x_wconf 83' lang='lat' dir='ltr'><strong>ex</strong></span> <span class='ocrx_word' id='word_1_313' title='bbox 1850 2548 1979 2620; x_wconf 75' lang='grc' dir='ltr'>ρία-</span> 
     </span>
    </p>
   </div>
   <div class='ocr_carea' id='block_1_41' title="bbox 400 2633 1976 2711">
    <p class='ocr_par' dir='ltr' id='par_1_41' title="bbox 400 2633 1976 2711">
     <span class='ocr_line' id='line_1_41' title="bbox 400 2633 1976 2711; baseline 0.008 -23"><span class='ocrx_word' id='word_1_314' title='bbox 400 2633 558 2690; x_wconf 91' lang='lat' dir='ltr'><strong>ribus</strong></span> <span class='ocrx_word' id='word_1_315' title='bbox 609 2636 823 2692; x_wconf 88' lang='lat' dir='ltr'><strong>naturis</strong></span> <span class='ocrx_word' id='word_1_316' title='bbox 881 2637 997 2693; x_wconf 89' lang='lat' dir='ltr'><strong>sive</strong></span> <span class='ocrx_word' id='word_1_317' title='bbox 1045 2639 1301 2695; x_wconf 87' lang='lat' dir='ltr'><strong>essentiis</strong></span> <span class='ocrx_word' id='word_1_318' title='bbox 1344 2639 1486 2696; x_wconf 83' lang='lat' dir='ltr'><strong>forte</strong></span> <span class='ocrx_word' id='word_1_319' title='bbox 1530 2641 1837 2711; x_wconf 90' lang='lat' dir='ltr'><strong>composita</strong></span> <span class='ocrx_word' id='word_1_320' title='bbox 1885 2643 1976 2700; x_wconf 91' lang='lat' dir='ltr'><strong>sit.</strong></span> 
     </span>
    </p>
   </div>
   <div class='ocr_carea' id='block_1_42' title="bbox 398 2723 1978 2805">
    <p class='ocr_par' dir='ltr' id='par_1_42' title="bbox 398 2723 1978 2805">
     <span class='ocr_line' id='line_1_42' title="bbox 398 2723 1978 2805; baseline 0.007 -24"><span class='ocrx_word' id='word_1_321' title='bbox 398 2723 540 2781; x_wconf 82' lang='lat' dir='ltr'><strong>Illud</strong></span> <span class='ocrx_word' id='word_1_322' title='bbox 578 2726 727 2781; x_wconf 92' lang='lat' dir='ltr'><strong>enim</strong></span> <span class='ocrx_word' id='word_1_323' title='bbox 757 2729 1062 2784; x_wconf 90' lang='lat' dir='ltr'><strong>secundum</strong></span> <span class='ocrx_word' id='word_1_324' title='bbox 1104 2731 1250 2800; x_wconf 90' lang='lat' dir='ltr'><strong>quod</strong></span> <span class='ocrx_word' id='word_1_325' title='bbox 1285 2731 1588 2788; x_wconf 87' lang='lat' dir='ltr'><strong>similitudo</strong></span> <span class='ocrx_word' id='word_1_326' title='bbox 1627 2733 1761 2805; x_wconf 90' lang='lat' dir='ltr'><strong>ipsis</strong></span> <span class='ocrx_word' id='word_1_327' title='bbox 1791 2736 1978 2791; x_wconf 87' lang='lat' dir='ltr'><strong>consi-</strong></span> 
     </span>
    </p>
   </div>
   <div class='ocr_carea' id='block_1_43' title="bbox 399 2815 1979 2891">
    <p class='ocr_par' dir='ltr' id='par_1_43' title="bbox 399 2815 1979 2891">
     <span class='ocr_line' id='line_1_43' title="bbox 399 2815 1979 2891; baseline 0.005 -20"><span class='ocrx_word' id='word_1_328' title='bbox 399 2815 649 2882; x_wconf 80' lang='lat' dir='ltr'><strong>deratur,</strong></span> <span class='ocrx_word' id='word_1_329' title='bbox 673 2826 768 2872; x_wconf 87' lang='lat' dir='ltr'><strong>aut</strong></span> <span class='ocrx_word' id='word_1_330' title='bbox 794 2817 1001 2889; x_wconf 86' lang='lat' dir='ltr'><strong>aliquid</strong></span> <span class='ocrx_word' id='word_1_331' title='bbox 1037 2820 1269 2891; x_wconf 83' lang='lat' dir='ltr'><strong>perfecti</strong></span> <span class='ocrx_word' id='word_1_332' title='bbox 1297 2829 1354 2877; x_wconf 90' lang='lat' dir='ltr'><strong>et</strong></span> <span class='ocrx_word' id='word_1_333' title='bbox 1378 2820 1706 2879; x_wconf 87' lang='lat' dir='ltr'><strong>universalis</strong></span> <span class='ocrx_word' id='word_1_334' title='bbox 1736 2823 1793 2878; x_wconf 90' lang='lat' dir='ltr'><strong>in</strong></span> <span class='ocrx_word' id='word_1_335' title='bbox 1822 2831 1979 2879; x_wconf 89' lang='lat' dir='ltr'><strong>utro-</strong></span> 
     </span>
    </p>
   </div>
   <div class='ocr_carea' id='block_1_44' title="bbox 399 2907 1980 2977">
    <p class='ocr_par' dir='ltr' id='par_1_44' title="bbox 399 2907 1980 2977">
     <span class='ocr_line' id='line_1_44' title="bbox 399 2907 1980 2977; baseline 0.006 -16"><span class='ocrx_word' id='word_1_336' title='bbox 399 2922 529 2977; x_wconf 86' lang='lat' dir='ltr'><strong>que,</strong></span> <span class='ocrx_word' id='word_1_337' title='bbox 578 2907 633 2962; x_wconf 91' lang='lat' dir='ltr'><strong>id</strong></span> <span class='ocrx_word' id='word_1_338' title='bbox 661 2917 748 2964; x_wconf 90' lang='lat' dir='ltr'><strong>cst</strong></span> <span class='ocrx_word' id='word_1_339' title='bbox 778 2910 1018 2966; x_wconf 90' lang='lat' dir='ltr'><strong>essentia</strong></span> <span class='ocrx_word' id='word_1_340' title='bbox 1059 2919 1164 2973; x_wconf 91' lang='lat' dir='ltr'><strong>est,</strong></span> <span class='ocrx_word' id='word_1_341' title='bbox 1202 2911 1341 2966; x_wconf 90' lang='lat' dir='ltr'><strong>nihil</strong></span> <span class='ocrx_word' id='word_1_342' title='bbox 1390 2912 1458 2968; x_wconf 92' lang='lat' dir='ltr'><strong>ad</strong></span> <span class='ocrx_word' id='word_1_343' title='bbox 1506 2914 1785 2970; x_wconf 90' lang='lat' dir='ltr'><strong>notionem</strong></span> <span class='ocrx_word' id='word_1_344' title='bbox 1835 2915 1980 2972; x_wconf 87' lang='lat' dir='ltr'><strong>entis</strong></span> 
     </span>
    </p>
   </div>
   <div class='ocr_carea' id='block_1_45' title="bbox 399 2997 1983 3077">
    <p class='ocr_par' dir='ltr' id='par_1_45' title="bbox 399 2997 1983 3077">
     <span class='ocr_line' id='line_1_45' title="bbox 399 2997 1983 3077; baseline 0.005 -25"><span class='ocrx_word' id='word_1_345' title='bbox 399 2997 639 3053; x_wconf 88' lang='lat' dir='ltr'><strong>essentia</strong></span> <span class='ocrx_word' id='word_1_346' title='bbox 667 2999 915 3070; x_wconf 90' lang='lat' dir='ltr'><strong>ejusdem</strong></span> <span class='ocrx_word' id='word_1_347' title='bbox 942 3000 1230 3057; x_wconf 51' lang='lat' dir='ltr'><strong>ofﬁcituEt</strong></span> <span class='ocrx_word' id='word_1_348' title='bbox 1264 3002 1379 3058; x_wconf 69' lang='lat' dir='ltr'><strong>haec</strong></span> <span class='ocrx_word' id='word_1_349' title='bbox 1408 3002 1574 3075; x_wconf 82' lang='lat' dir='ltr'><strong>igitur</strong></span> <span class='ocrx_word' id='word_1_350' title='bbox 1601 3004 1669 3059; x_wconf 87' lang='lat' dir='ltr'><strong>de</strong></span> <span class='ocrx_word' id='word_1_351' title='bbox 1696 3005 1792 3060; x_wconf 90' lang='lat' dir='ltr'><strong>illo</strong></span> <span class='ocrx_word' id='word_1_352' title='bbox 1817 3021 1983 3077; x_wconf 81' lang='lat' dir='ltr'><strong>argu-</strong></span> 
     </span>
    </p>
   </div>
   <div class='ocr_carea' id='block_1_46' title="bbox 400 3088 1981 3167">
    <p class='ocr_par' dir='ltr' id='par_1_46' title="bbox 400 3088 1981 3167">
     <span class='ocr_line' id='line_1_46' title="bbox 400 3088 1981 3167; baseline 0.005 -24"><span class='ocrx_word' id='word_1_353' title='bbox 400 3096 610 3144; x_wconf 84' lang='lat' dir='ltr'><strong>mento.</strong></span> <span class='ocrx_word' id='word_1_354' title='bbox 637 3088 743 3145; x_wconf 87' lang='lat' dir='ltr'><strong>Sed</strong></span> <span class='ocrx_word' id='word_1_355' title='bbox 774 3091 1125 3147; x_wconf 60' lang='lat' dir='ltr'><strong>ad‘ultimam</strong></span> <span class='ocrx_word' id='word_1_356' title='bbox 1156 3100 1395 3147; x_wconf 87' lang='lat' dir='ltr'><strong>vestram</strong></span> <span class='ocrx_word' id='word_1_357' title='bbox 1429 3093 1830 3149; x_wconf 87' lang='lat' dir='ltr'><strong>absurditatem</strong></span> <span class='ocrx_word' id='word_1_358' title='bbox 1870 3112 1981 3167; x_wconf 86' lang='lat' dir='ltr'><strong>qua</strong></span> 
     </span>
    </p>
   </div>
   <div class='ocr_carea' id='block_1_47' title="bbox 399 3180 1982 3258">
    <p class='ocr_par' dir='ltr' id='par_1_47' title="bbox 399 3180 1982 3258">
     <span class='ocr_line' id='line_1_47' title="bbox 399 3180 1982 3258; baseline 0.006 -25"><span class='ocrx_word' id='word_1_359' title='bbox 399 3180 607 3249; x_wconf 87' lang='lat' dir='ltr'><strong>putatis</strong></span> <span class='ocrx_word' id='word_1_360' title='bbox 648 3180 785 3235; x_wconf 87' lang='lat' dir='ltr'><strong>nihil</strong></span> <span class='ocrx_word' id='word_1_361' title='bbox 815 3197 882 3237; x_wconf 80' lang='lat' dir='ltr'><strong>ex</strong></span> <span class='ocrx_word' id='word_1_362' title='bbox 909 3191 1067 3252; x_wconf 90' lang='lat' dir='ltr'><strong>parte</strong></span> <span class='ocrx_word' id='word_1_363' title='bbox 1114 3182 1484 3240; x_wconf 77' lang='lat' dir='ltr'><strong>subsistentia:</strong></span> <span class='ocrx_word' id='word_1_364' title='bbox 1511 3183 1717 3240; x_wconf 89' lang='lat' dir='ltr'><strong>Christi</strong></span> <span class='ocrx_word' id='word_1_365' title='bbox 1758 3188 1982 3258; x_wconf 87' lang='lat' dir='ltr'><strong>utrique</strong></span> 
     </span>
    </p>
   </div>
   <div class='ocr_carea' id='block_1_48' title="bbox 399 3271 1981 3349">
    <p class='ocr_par' dir='ltr' id='par_1_48' title="bbox 399 3271 1981 3349">
     <span class='ocr_line' id='line_1_48' title="bbox 399 3271 1981 3349; baseline 0.004 -23"><span class='ocrx_word' id='word_1_366' title='bbox 399 3286 523 3326; x_wconf 89' lang='lat' dir='ltr'><strong>esse</strong></span> <span class='ocrx_word' id='word_1_367' title='bbox 566 3271 748 3326; x_wconf 86' lang='lat' dir='ltr'><strong>simile</strong></span> <span class='ocrx_word' id='word_1_368' title='bbox 790 3273 1054 3338; x_wconf 86' lang='lat' dir='ltr'><strong>essentia,</strong></span> <span class='ocrx_word' id='word_1_369' title='bbox 1107 3274 1396 3346; x_wconf 88' lang='lat' dir='ltr'><strong>utriusque</strong></span> <span class='ocrx_word' id='word_1_370' title='bbox 1431 3275 1603 3331; x_wconf 79' lang='lat' dir='ltr'><strong>ﬁliuni</strong></span> <span class='ocrx_word' id='word_1_371' title='bbox 1649 3293 1772 3334; x_wconf 89' lang='lat' dir='ltr'><strong>esse</strong></span> <span class='ocrx_word' id='word_1_372' title='bbox 1819 3292 1981 3349; x_wconf 84' lang='lat' dir='ltr'><strong>posse</strong></span> 
     </span>
    </p>
   </div>
   <div class='ocr_carea' id='block_1_49' title="bbox 398 3362 1984 3428">
    <p class='ocr_par' dir='ltr' id='par_1_49' title="bbox 398 3362 1984 3428">
     <span class='ocr_line' id='line_1_49' title="bbox 398 3362 1984 3428; baseline 0.006 -11"><span class='ocrx_word' id='word_1_373' title='bbox 398 3362 663 3419; x_wconf 87' lang='lat' dir='ltr'><strong>facillime</strong></span> <span class='ocrx_word' id='word_1_374' title='bbox 684 3363 845 3419; x_wconf 89' lang='lat' dir='ltr'><strong>vobis</strong></span> <span class='ocrx_word' id='word_1_375' title='bbox 864 3365 1384 3424; x_wconf 89' lang='lat' dir='ltr'><strong>demonstrabimus.</strong></span> <span class='ocrx_word' id='word_1_376' title='bbox 1409 3369 1628 3426; x_wconf 89' lang='lat' dir='ltr'><strong>Etenim</strong></span> <span class='ocrx_word' id='word_1_377' title='bbox 1650 3371 1817 3425; x_wconf 91' lang='lat' dir='ltr'><strong>homo</strong></span> <span class='ocrx_word' id='word_1_378' title='bbox 1840 3387 1984 3428; x_wconf 89' lang='lat' dir='ltr'><strong>unus</strong></span> 
     </span>
    </p>
   </div>
   <div class='ocr_carea' id='block_1_50' title="bbox 400 3458 1984 3535">
    <p class='ocr_par' dir='ltr' id='par_1_50' title="bbox 400 3458 1984 3535">
     <span class='ocr_line' id='line_1_50' title="bbox 400 3458 1984 3535; baseline 0.007 -26"><span class='ocrx_word' id='word_1_379' title='bbox 400 3471 467 3510; x_wconf 78' lang='lat' dir='ltr'><strong>ex</strong></span> <span class='ocrx_word' id='word_1_380' title='bbox 492 3465 647 3526; x_wconf 90' lang='lat' dir='ltr'><strong>parte</strong></span> <span class='ocrx_word' id='word_1_381' title='bbox 674 3472 787 3513; x_wconf 82' lang='lat' dir='ltr'><strong>suae</strong></span> <span class='ocrx_word' id='word_1_382' title='bbox 806 3458 1176 3515; x_wconf 62' lang='lat' dir='ltr'><strong>subsistentia:</strong></span> <span class='ocrx_word' id='word_1_383' title='bbox 1197 3462 1386 3516; x_wconf 90' lang='lat' dir='ltr'><strong>matris</strong></span> <span class='ocrx_word' id='word_1_384' title='bbox 1407 3478 1519 3518; x_wconf 80' lang='lat' dir='ltr'><strong>sua:</strong></span> <span class='ocrx_word' id='word_1_385' title='bbox 1537 3473 1593 3519; x_wconf 90' lang='lat' dir='ltr'><strong>et</strong></span> <span class='ocrx_word' id='word_1_386' title='bbox 1616 3464 1809 3535; x_wconf 88' lang='lat' dir='ltr'><strong>patris,</strong></span> <span class='ocrx_word' id='word_1_387' title='bbox 1833 3480 1984 3520; x_wconf 88' lang='lat' dir='ltr'><strong>nunc</strong></span> 
     </span>
    </p>
   </div>
   <div class='ocr_carea' id='block_1_51' title="bbox 401 3547 1983 3627">
    <p class='ocr_par' dir='ltr' id='par_1_51' title="bbox 401 3547 1983 3627">
     <span class='ocr_line' id='line_1_51' title="bbox 401 3547 1983 3627; baseline 0.005 -25"><span class='ocrx_word' id='word_1_388' title='bbox 401 3557 555 3603; x_wconf 88' lang='lat' dir='ltr'><strong>certe</strong></span> <span class='ocrx_word' id='word_1_389' title='bbox 598 3547 876 3604; x_wconf 84' lang='lat' dir='ltr'><strong>Abraham</strong></span> <span class='ocrx_word' id='word_1_390' title='bbox 924 3551 1128 3620; x_wconf 88' lang='lat' dir='ltr'><strong>patris,</strong></span> <span class='ocrx_word' id='word_1_391' title='bbox 1179 3553 1504 3608; x_wconf 60' lang='lat' dir='ltr'><strong>haerentium</strong></span> <span class='ocrx_word' id='word_1_392' title='bbox 1562 3555 1807 3627; x_wconf 81' lang='lat' dir='ltr'><strong>vestigiis</strong></span> <span class='ocrx_word' id='word_1_393' title='bbox 1858 3555 1983 3612; x_wconf 81' lang='lat' dir='ltr'><strong>fidei</strong></span> 
     </span>
    </p>
   </div>
   <div class='ocr_carea' id='block_1_52' title="bbox 402 3642 1986 3715">
    <p class='ocr_par' dir='ltr' id='par_1_52' title="bbox 402 3642 1986 3715">
     <span class='ocr_line' id='line_1_52' title="bbox 402 3642 1986 3715; baseline 0.003 -18"><span class='ocrx_word' id='word_1_394' title='bbox 402 3642 544 3713; x_wconf 87' lang='lat' dir='ltr'><strong>ejus,</strong></span> <span class='ocrx_word' id='word_1_395' title='bbox 572 3650 629 3696; x_wconf 89' lang='lat' dir='ltr'><strong>et</strong></span> <span class='ocrx_word' id='word_1_396' title='bbox 656 3642 886 3712; x_wconf 90' lang='lat' dir='ltr'><strong>spiritus</strong></span> <span class='ocrx_word' id='word_1_397' title='bbox 913 3642 1171 3713; x_wconf 87' lang='lat' dir='ltr'><strong>spiritum</strong></span> <span class='ocrx_word' id='word_1_398' title='bbox 1218 3645 1551 3715; x_wconf 81' lang='lat' dir='ltr'><strong>generantis,</strong></span> <span class='ocrx_word' id='word_1_399' title='bbox 1593 3646 1738 3702; x_wconf 80' lang='lat' dir='ltr'><strong>filius</strong></span> <span class='ocrx_word' id='word_1_400' title='bbox 1784 3653 1895 3713; x_wconf 91' lang='lat' dir='ltr'><strong>est;</strong></span> <span class='ocrx_word' id='word_1_401' title='bbox 1928 3654 1986 3701; x_wconf 89' lang='lat' dir='ltr'><strong>et</strong></span> 
     </span>
    </p>
   </div>
   <div class='ocr_carea' id='block_1_53' title="bbox 404 3734 1986 3807">
    <p class='ocr_par' dir='ltr' id='par_1_53' title="bbox 404 3734 1986 3807">
     <span class='ocr_line' id='line_1_53' title="bbox 404 3734 1986 3807; baseline 0.004 -20"><span class='ocrx_word' id='word_1_402' title='bbox 404 3750 471 3788; x_wconf 80' lang='lat' dir='ltr'><strong>ex</strong></span> <span class='ocrx_word' id='word_1_403' title='bbox 503 3743 656 3804; x_wconf 88' lang='lat' dir='ltr'><strong>parte</strong></span> <span class='ocrx_word' id='word_1_404' title='bbox 686 3734 1060 3791; x_wconf 62' lang='lat' dir='ltr'><strong>subsistentia;</strong></span> <span class='ocrx_word' id='word_1_405' title='bbox 1091 3736 1258 3792; x_wconf 85' lang='lat' dir='ltr'><strong>unius</strong></span> <span class='ocrx_word' id='word_1_406' title='bbox 1290 3737 1346 3791; x_wconf 90' lang='lat' dir='ltr'><strong>in</strong></span> <span class='ocrx_word' id='word_1_407' title='bbox 1374 3752 1481 3807; x_wconf 87' lang='lat' dir='ltr'><strong>qua</strong></span> <span class='ocrx_word' id='word_1_408' title='bbox 1519 3736 1638 3793; x_wconf 82' lang='lat' dir='ltr'><strong>haec</strong></span> <span class='ocrx_word' id='word_1_409' title='bbox 1672 3737 1857 3792; x_wconf 87' lang='lat' dir='ltr'><strong>omnia</strong></span> <span class='ocrx_word' id='word_1_410' title='bbox 1894 3738 1986 3793; x_wconf 85' lang='lat' dir='ltr'><strong>in-</strong></span> 
     </span>
    </p>
   </div>
   <div class='ocr_carea' id='block_1_54' title="bbox 404 3826 1985 3899">
    <p class='ocr_par' dir='ltr' id='par_1_54' title="bbox 404 3826 1985 3899">
     <span class='ocr_line' id='line_1_54' title="bbox 404 3826 1985 3899; baseline 0.003 -19"><span class='ocrx_word' id='word_1_411' title='bbox 404 3832 559 3885; x_wconf 84' lang='lat' dir='ltr'><strong>sunt.</strong></span> <span class='ocrx_word' id='word_1_412' title='bbox 590 3827 848 3882; x_wconf 87' lang='lat' dir='ltr'><strong>omnihus</strong></span> <span class='ocrx_word' id='word_1_413' title='bbox 890 3826 977 3882; x_wconf 88' lang='lat' dir='ltr'><strong>his</strong></span> <span class='ocrx_word' id='word_1_414' title='bbox 1003 3827 1244 3883; x_wconf 88' lang='lat' dir='ltr'><strong>essentia</strong></span> <span class='ocrx_word' id='word_1_415' title='bbox 1268 3826 1464 3883; x_wconf 89' lang='lat' dir='ltr'><strong>similis</strong></span> <span class='ocrx_word' id='word_1_416' title='bbox 1504 3836 1609 3893; x_wconf 87' lang='lat' dir='ltr'><strong>est,</strong></span> <span class='ocrx_word' id='word_1_417' title='bbox 1646 3829 1985 3899; x_wconf 86' lang='lat' dir='ltr'><strong>superﬂuum</strong></span> 
     </span>
    </p>
   </div>
   <div class='ocr_carea' id='block_1_55' title="bbox 400 3914 1988 3992">
    <p class='ocr_par' dir='ltr' id='par_1_55' title="bbox 400 3914 1988 3992">
     <span class='ocr_line' id='line_1_55' title="bbox 400 3914 1988 3992; baseline 0.005 -23"><span class='ocrx_word' id='word_1_418' title='bbox 400 3914 577 3988; x_wconf 79' lang='lat' dir='ltr'><strong>igitur</strong></span> <span class='ocrx_word' id='word_1_419' title='bbox 604 3928 752 3974; x_wconf 87' lang='lat' dir='ltr'><strong>esset</strong></span> <span class='ocrx_word' id='word_1_420' title='bbox 780 3934 930 3974; x_wconf 89' lang='lat' dir='ltr'><strong>nunc</strong></span> <span class='ocrx_word' id='word_1_421' title='bbox 954 3919 1023 3974; x_wconf 91' lang='lat' dir='ltr'><strong>de</strong></span> <span class='ocrx_word' id='word_1_422' title='bbox 1063 3934 1131 3975; x_wconf 90' lang='lat' dir='ltr'><strong>eo</strong></span> <span class='ocrx_word' id='word_1_423' title='bbox 1160 3919 1315 3975; x_wconf 90' lang='lat' dir='ltr'><strong>vobis</strong></span> <span class='ocrx_word' id='word_1_424' title='bbox 1343 3919 1728 3975; x_wconf 89' lang='lat' dir='ltr'><strong>cavillantibus</strong></span> <span class='ocrx_word' id='word_1_425' title='bbox 1754 3937 1988 3992; x_wconf 87' lang='lat' dir='ltr'><strong>respon-</strong></span> 
     </span>
    </p>
   </div>
   <div class='ocr_carea' id='block_1_56' title="bbox 403 4010 1991 4084">
    <p class='ocr_par' dir='ltr' id='par_1_56' title="bbox 403 4010 1991 4084">
     <span class='ocr_line' id='line_1_56' title="bbox 403 4010 1991 4084; baseline 0 -15"><span class='ocrx_word' id='word_1_426' title='bbox 403 4024 530 4069; x_wconf 74' lang='lat' dir='ltr'><strong>Snm</strong></span> <span class='ocrx_word' id='word_1_427' title='bbox 577 4010 816 4068; x_wconf 84' lang='lat' dir='ltr'><strong>dedisse.</strong></span> <span class='ocrx_word' id='word_1_428' title='bbox 849 4011 1141 4067; x_wconf 90' lang='lat' dir='ltr'><strong>Ostensum</strong></span> <span class='ocrx_word' id='word_1_429' title='bbox 1193 4022 1280 4068; x_wconf 88' lang='lat' dir='ltr'><strong>est</strong></span> <span class='ocrx_word' id='word_1_430' title='bbox 1312 4013 1459 4067; x_wconf 87' lang='lat' dir='ltr'><strong>enim</strong></span> <span class='ocrx_word' id='word_1_431' title='bbox 1508 4011 1565 4067; x_wconf 93' lang='lat' dir='ltr'><strong>in</strong></span> <span class='ocrx_word' id='word_1_432' title='bbox 1612 4012 1699 4068; x_wconf 89' lang='lat' dir='ltr'><strong>his</strong></span> <span class='ocrx_word' id='word_1_433' title='bbox 1734 4030 1859 4084; x_wconf 81' lang='lat' dir='ltr'><strong>quae</strong></span> <span class='ocrx_word' id='word_1_434' title='bbox 1898 4030 1991 4069; x_wconf 89' lang='lat' dir='ltr'><strong>se-</strong></span> 
     </span>
    </p>
   </div>
   <div class='ocr_carea' id='block_1_57' title="bbox 406 4104 1991 4177">
    <p class='ocr_par' dir='ltr' id='par_1_57' title="bbox 406 4104 1991 4177">
     <span class='ocr_line' id='line_1_57' title="bbox 406 4104 1991 4177; baseline 0.003 -20"><span class='ocrx_word' id='word_1_435' title='bbox 406 4110 684 4173; x_wconf 90' lang='lat' dir='ltr'><strong>quuntur,</strong></span> <span class='ocrx_word' id='word_1_436' title='bbox 715 4104 995 4175; x_wconf 89' lang='lat' dir='ltr'><strong>quomodo</strong></span> <span class='ocrx_word' id='word_1_437' title='bbox 1036 4105 1342 4160; x_wconf 87' lang='lat' dir='ltr'><strong>secundum</strong></span> <span class='ocrx_word' id='word_1_438' title='bbox 1385 4106 1635 4162; x_wconf 84' lang='lat' dir='ltr'><strong>diversas</strong></span> <span class='ocrx_word' id='word_1_439' title='bbox 1677 4108 1991 4177; x_wconf 84' lang='lat' dir='ltr'><strong>generatio-</strong></span> 
     </span>
    </p>
   </div>
   <div class='ocr_carea' id='block_1_58' title="bbox 404 4196 1992 4268">
    <p class='ocr_par' dir='ltr' id='par_1_58' title="bbox 404 4196 1992 4268">
     <span class='ocr_line' id='line_1_58' title="bbox 404 4196 1992 4268; baseline 0 -15"><span class='ocrx_word' id='word_1_440' title='bbox 404 4211 541 4253; x_wconf 88' lang='lat' dir='ltr'><strong>num</strong></span> <span class='ocrx_word' id='word_1_441' title='bbox 590 4197 855 4262; x_wconf 87' lang='lat' dir='ltr'><strong>rationes,</strong></span> <span class='ocrx_word' id='word_1_442' title='bbox 904 4196 1298 4252; x_wconf 82' lang='lat' dir='ltr'><strong>(lliationeset</strong></span> <span class='ocrx_word' id='word_1_443' title='bbox 1341 4198 1703 4267; x_wconf 89' lang='lat' dir='ltr'><strong>paternitates</strong></span> <span class='ocrx_word' id='word_1_444' title='bbox 1740 4197 1992 4268; x_wconf 73' lang='lat' dir='ltr'><strong>plurima:</strong></span> 
     </span>
    </p>
   </div>
   <div class='ocr_carea' id='block_1_59' title="bbox 408 4288 1993 4360">
    <p class='ocr_par' dir='ltr' id='par_1_59' title="bbox 408 4288 1993 4360">
     <span class='ocr_line' id='line_1_59' title="bbox 408 4288 1993 4360; baseline 0 -15"><span class='ocrx_word' id='word_1_445' title='bbox 408 4289 603 4345; x_wconf 90' lang='lat' dir='ltr'><strong>iisdem</strong></span> <span class='ocrx_word' id='word_1_446' title='bbox 631 4288 896 4360; x_wconf 90' lang='lat' dir='ltr'><strong>subjectis</strong></span> <span class='ocrx_word' id='word_1_447' title='bbox 937 4289 1315 4344; x_wconf 89' lang='lat' dir='ltr'><strong>conferantur.</strong></span> <span class='ocrx_word' id='word_1_448' title='bbox 1346 4289 1600 4346; x_wconf 88' lang='lat' dir='ltr'><strong>Attamen</strong></span> <span class='ocrx_word' id='word_1_449' title='bbox 1640 4300 1823 4345; x_wconf 87' lang='lat' dir='ltr'><strong>vestra</strong></span> <span class='ocrx_word' id='word_1_450' title='bbox 1855 4305 1993 4359; x_wconf 63' lang='lat' dir='ltr'><strong>pra:-</strong></span> 
     </span>
    </p>
   </div>
   <div class='ocr_carea' id='block_1_60' title="bbox 407 4380 1992 4453">
    <p class='ocr_par' dir='ltr' id='par_1_60' title="bbox 407 4380 1992 4453">
     <span class='ocr_line' id='line_1_60' title="bbox 407 4380 1992 4453; baseline -0.001 -16"><span class='ocrx_word' id='word_1_451' title='bbox 407 4396 541 4451; x_wconf 87' lang='lat' dir='ltr'><strong>ceps</strong></span> <span class='ocrx_word' id='word_1_452' title='bbox 578 4390 772 4435; x_wconf 89' lang='lat' dir='ltr'><strong>contra</strong></span> <span class='ocrx_word' id='word_1_453' title='bbox 809 4380 925 4436; x_wconf 81' lang='lat' dir='ltr'><strong>haec</strong></span> <span class='ocrx_word' id='word_1_454' title='bbox 967 4381 1370 4451; x_wconf 80' lang='lat' dir='ltr'><strong>argumentatio</strong></span> <span class='ocrx_word' id='word_1_455' title='bbox 1414 4381 1695 4453; x_wconf 64' lang='lat' dir='ltr'><strong>praevertit</strong></span> <span class='ocrx_word' id='word_1_456' title='bbox 1738 4381 1992 4438; x_wconf 87' lang='lat' dir='ltr'><strong>ordinem</strong></span> 
     </span>
    </p>
   </div>
   <div class='ocr_carea' id='block_1_61' title="bbox 408 4471 867 4542">
    <p class='ocr_par' dir='ltr' id='par_1_61' title="bbox 408 4471 867 4542">
     <span class='ocr_line' id='line_1_61' title="bbox 408 4471 867 4542; baseline -0.004 -13"><span class='ocrx_word' id='word_1_457' title='bbox 408 4471 867 4542; x_wconf 65' lang='lat' dir='ltr'><strong>convenientem]</strong></span> 
     </span>
    </p>
   </div>
   <div class='ocr_carea' id='block_1_62' title="bbox 1070 4586 1320 4647">
    <p class='ocr_par' dir='ltr' id='par_1_62' title="bbox 1070 4586 1320 4647">
     <span class='ocr_line' id='line_1_62' title="bbox 1070 4586 1320 4647; baseline 0.004 -1"><span class='ocrx_word' id='word_1_458' title='bbox 1070 4588 1221 4647; x_wconf 85' lang='lat' dir='ltr'><strong>CAP.</strong></span> <span class='ocrx_word' id='word_1_459' title='bbox 1253 4586 1320 4647; x_wconf 82' lang='lat' dir='ltr'><strong>II.</strong></span> 
     </span>
    </p>
   </div>
   <div class='ocr_carea' id='block_1_63' title="bbox 484 4680 2069 4754">
    <p class='ocr_par' dir='ltr' id='par_1_63' title="bbox 484 4680 2069 4754">
     <span class='ocr_line' id='line_1_63' title="bbox 484 4680 2069 4754; baseline 0.004 -16"><span class='ocrx_word' id='word_1_460' title='bbox 484 4682 632 4738; x_wconf 89' lang='lat' dir='ltr'><strong>Deus</strong></span> <span class='ocrx_word' id='word_1_461' title='bbox 676 4680 920 4737; x_wconf 83' lang='lat' dir='ltr'><strong>Verbum</strong></span> <span class='ocrx_word' id='word_1_462' title='bbox 956 4689 1069 4737; x_wconf 78' lang='lat' dir='ltr'><strong>aut</strong></span> <span class='ocrx_word' id='word_1_463' title='bbox 1128 4696 1257 4752; x_wconf 90' lang='lat' dir='ltr'><strong>pars</strong></span> <span class='ocrx_word' id='word_1_464' title='bbox 1294 4680 1380 4738; x_wconf 83' lang='lat' dir='ltr'><strong>est</strong></span> <span class='ocrx_word' id='word_1_465' title='bbox 1431 4681 1598 4754; x_wconf 87' lang='lat' dir='ltr'><strong>hujus</strong></span> <span class='ocrx_word' id='word_1_466' title='bbox 1619 4682 1993 4740; x_wconf 59' lang='lat' dir='ltr'><strong>subsistentia!</strong></span> <span class='ocrx_word' id='word_1_467' title='bbox 2024 4687 2069 4745; x_wconf 83' lang='grc' dir='ltr'>ι)</span> 
     </span>
    </p>
   </div>
   <div class='ocr_carea' id='block_1_64' title="bbox 407 4772 1995 4845">
    <p class='ocr_par' dir='ltr' id='par_1_64' title="bbox 407 4772 1995 4845">
     <span class='ocr_line' id='line_1_64' title="bbox 407 4772 1995 4845; baseline -0.001 -14"><span class='ocrx_word' id='word_1_468' title='bbox 407 4774 638 4839; x_wconf 88' lang='lat' dir='ltr'><strong>Christi,</strong></span> <span class='ocrx_word' id='word_1_469' title='bbox 669 4782 761 4829; x_wconf 88' lang='lat' dir='ltr'><strong>aut</strong></span> <span class='ocrx_word' id='word_1_470' title='bbox 792 4782 993 4829; x_wconf 92' lang='lat' dir='ltr'><strong>totum.</strong></span> <span class='ocrx_word' id='word_1_471' title='bbox 1031 4772 1090 4830; x_wconf 90' lang='lat' dir='ltr'><strong>Si</strong></span> <span class='ocrx_word' id='word_1_472' title='bbox 1110 4774 1334 4845; x_wconf 91' lang='lat' dir='ltr'><strong>quidem</strong></span> <span class='ocrx_word' id='word_1_473' title='bbox 1361 4774 1529 4845; x_wconf 81' lang='lat' dir='ltr'><strong>igitur</strong></span> <span class='ocrx_word' id='word_1_474' title='bbox 1554 4790 1702 4845; x_wconf 90' lang='lat' dir='ltr'><strong>pars,</strong></span> <span class='ocrx_word' id='word_1_475' title='bbox 1734 4775 1852 4830; x_wconf 68' lang='lat' dir='ltr'><strong>haec</strong></span> <span class='ocrx_word' id='word_1_476' title='bbox 1896 4791 1995 4830; x_wconf 79' lang='lat' dir='ltr'><strong>au—</strong></span> 
     </span>
    </p>
   </div>
   <div class='ocr_carea' id='block_1_65' title="bbox 410 4867 1994 4940">
    <p class='ocr_par' dir='ltr' id='par_1_65' title="bbox 410 4867 1994 4940">
     <span class='ocr_line' id='line_1_65' title="bbox 410 4867 1994 4940; baseline 0 -16"><span class='ocrx_word' id='word_1_477' title='bbox 410 4876 521 4924; x_wconf 87' lang='lat' dir='ltr'><strong>tem</strong></span> <span class='ocrx_word' id='word_1_478' title='bbox 560 4884 687 4939; x_wconf 85' lang='lat' dir='ltr'><strong>pars</strong></span> <span class='ocrx_word' id='word_1_479' title='bbox 714 4867 908 4931; x_wconf 84' lang='lat' dir='ltr'><strong>Filius,</strong></span> <span class='ocrx_word' id='word_1_480' title='bbox 939 4881 1068 4936; x_wconf 87' lang='lat' dir='ltr'><strong>pars</strong></span> <span class='ocrx_word' id='word_1_481' title='bbox 1120 4867 1245 4923; x_wconf 84' lang='lat' dir='ltr'><strong>Filii</strong></span> <span class='ocrx_word' id='word_1_482' title='bbox 1273 4876 1358 4923; x_wconf 87' lang='lat' dir='ltr'><strong>est</strong></span> <span class='ocrx_word' id='word_1_483' title='bbox 1387 4869 1535 4924; x_wconf 86' lang='lat' dir='ltr'><strong>Deus</strong></span> <span class='ocrx_word' id='word_1_484' title='bbox 1556 4869 1836 4935; x_wconf 90' lang='lat' dir='ltr'><strong>Verbum;</strong></span> <span class='ocrx_word' id='word_1_485' title='bbox 1861 4885 1994 4940; x_wconf 82' lang='lat' dir='ltr'><strong>ergo</strong></span> 
     </span>
    </p>
   </div>
   <div class='ocr_carea' id='block_1_66' title="bbox 409 4957 1993 5018">
    <p class='ocr_par' dir='ltr' id='par_1_66' title="bbox 409 4957 1993 5018">
     <span class='ocr_line' id='line_1_66' title="bbox 409 4957 1993 5018; baseline 0.002 -4"><span class='ocrx_word' id='word_1_486' title='bbox 409 4958 523 5014; x_wconf 89' lang='lat' dir='ltr'><strong>duo</strong></span> <span class='ocrx_word' id='word_1_487' title='bbox 562 4957 791 5014; x_wconf 83' lang='lat' dir='ltr'><strong>dimidia</strong></span> <span class='ocrx_word' id='word_1_488' title='bbox 851 4958 1019 5014; x_wconf 89' lang='lat' dir='ltr'><strong>habet</strong></span> <span class='ocrx_word' id='word_1_489' title='bbox 1050 4968 1178 5014; x_wconf 88' lang='lat' dir='ltr'><strong>ante</strong></span> <span class='ocrx_word' id='word_1_490' title='bbox 1235 4959 1672 5016; x_wconf 89' lang='lat' dir='ltr'><strong>incarnationem</strong></span> <span class='ocrx_word' id='word_1_491' title='bbox 1721 4961 1900 5017; x_wconf 89' lang='lat' dir='ltr'><strong>Trias.</strong></span> <span class='ocrx_word' id='word_1_492' title='bbox 1935 4962 1993 5018; x_wconf 90' lang='lat' dir='ltr'><strong>Si</strong></span> 
     </span>
    </p>
   </div>
   <div class='ocr_carea' id='block_1_67' title="bbox 411 5053 1995 5123">
    <p class='ocr_par' dir='ltr' id='par_1_67' title="bbox 411 5053 1995 5123">
     <span class='ocr_line' id='line_1_67' title="bbox 411 5053 1995 5123; baseline 0.003 -18"><span class='ocrx_word' id='word_1_493' title='bbox 411 5067 547 5108; x_wconf 84' lang='lat' dir='ltr'><strong>vero</strong></span> <span class='ocrx_word' id='word_1_494' title='bbox 612 5058 813 5116; x_wconf 90' lang='lat' dir='ltr'><strong>totum,</strong></span> <span class='ocrx_word' id='word_1_495' title='bbox 864 5066 977 5106; x_wconf 85' lang='lat' dir='ltr'><strong>non</strong></span> <span class='ocrx_word' id='word_1_496' title='bbox 1024 5061 1148 5107; x_wconf 90' lang='lat' dir='ltr'><strong>erat</strong></span> <span class='ocrx_word' id='word_1_497' title='bbox 1196 5067 1329 5123; x_wconf 82' lang='lat' dir='ltr'><strong>ergo</strong></span> <span class='ocrx_word' id='word_1_498' title='bbox 1366 5062 1494 5109; x_wconf 88' lang='lat' dir='ltr'><strong>ante</strong></span> <span class='ocrx_word' id='word_1_499' title='bbox 1553 5053 1995 5110; x_wconf 87' lang='lat' dir='ltr'><strong>incarnationem</strong></span> 
     </span>
    </p>
   </div>
   <div class='ocr_carea' id='block_1_68' title="bbox 410 5142 1991 5214">
    <p class='ocr_par' dir='ltr' id='par_1_68' title="bbox 410 5142 1991 5214">
     <span class='ocr_line' id='line_1_68' title="bbox 410 5142 1991 5214; baseline 0.002 -17"><span class='ocrx_word' id='word_1_500' title='bbox 410 5142 559 5198; x_wconf 83' lang='lat' dir='ltr'><strong>Deus</strong></span> <span class='ocrx_word' id='word_1_501' title='bbox 578 5143 852 5208; x_wconf 80' lang='lat' dir='ltr'><strong>Verbum;</strong></span> <span class='ocrx_word' id='word_1_502' title='bbox 888 5157 1014 5197; x_wconf 87' lang='lat' dir='ltr'><strong>cum</strong></span> <span class='ocrx_word' id='word_1_503' title='bbox 1066 5150 1243 5197; x_wconf 89' lang='lat' dir='ltr'><strong>totum</strong></span> <span class='ocrx_word' id='word_1_504' title='bbox 1290 5151 1418 5198; x_wconf 88' lang='lat' dir='ltr'><strong>ante</strong></span> <span class='ocrx_word' id='word_1_505' title='bbox 1446 5152 1636 5214; x_wconf 88' lang='lat' dir='ltr'><strong>partes</strong></span> <span class='ocrx_word' id='word_1_506' title='bbox 1676 5145 1991 5214; x_wconf 86' lang='lat' dir='ltr'><strong>exstiterit;</strong></span> 
     </span>
    </p>
   </div>
   <div class='ocr_carea' id='block_1_69' title="bbox 410 5233 1991 5307">
    <p class='ocr_par' dir='ltr' id='par_1_69' title="bbox 410 5233 1991 5307">
     <span class='ocr_line' id='line_1_69' title="bbox 410 5233 1991 5307; baseline 0.003 -20"><span class='ocrx_word' id='word_1_507' title='bbox 410 5249 540 5305; x_wconf 86' lang='lat' dir='ltr'><strong>pars</strong></span> <span class='ocrx_word' id='word_1_508' title='bbox 601 5235 751 5290; x_wconf 90' lang='lat' dir='ltr'><strong>enim</strong></span> <span class='ocrx_word' id='word_1_509' title='bbox 783 5244 871 5291; x_wconf 92' lang='lat' dir='ltr'><strong>est</strong></span> <span class='ocrx_word' id='word_1_510' title='bbox 902 5234 1075 5291; x_wconf 87' lang='lat' dir='ltr'><strong>totius</strong></span> <span class='ocrx_word' id='word_1_511' title='bbox 1103 5250 1227 5305; x_wconf 75' lang='lat' dir='ltr'><strong>qua:</strong></span> <span class='ocrx_word' id='word_1_512' title='bbox 1270 5233 1412 5290; x_wconf 88' lang='lat' dir='ltr'><strong>facta</strong></span> <span class='ocrx_word' id='word_1_513' title='bbox 1452 5244 1537 5291; x_wconf 90' lang='lat' dir='ltr'><strong>est</strong></span> <span class='ocrx_word' id='word_1_514' title='bbox 1592 5252 1723 5293; x_wconf 86' lang='lat' dir='ltr'><strong>caro</strong></span> <span class='ocrx_word' id='word_1_515' title='bbox 1778 5246 1991 5307; x_wconf 87' lang='lat' dir='ltr'><strong>postea.</strong></span> 
     </span>
    </p>
   </div>
   <div class='ocr_carea' id='block_1_70' title="bbox 412 5323 1996 5398">
    <p class='ocr_par' dir='ltr' id='par_1_70' title="bbox 412 5323 1996 5398">
     <span class='ocr_line' id='line_1_70' title="bbox 412 5323 1996 5398; baseline 0.004 -20"><span class='ocrx_word' id='word_1_516' title='bbox 412 5323 547 5378; x_wconf 81' lang='lat' dir='ltr'><strong>Pars</strong></span> <span class='ocrx_word' id='word_1_517' title='bbox 572 5323 796 5393; x_wconf 89' lang='lat' dir='ltr'><strong>quidem</strong></span> <span class='ocrx_word' id='word_1_518' title='bbox 827 5325 1050 5396; x_wconf 90' lang='lat' dir='ltr'><strong>proprie</strong></span> <span class='ocrx_word' id='word_1_519' title='bbox 1078 5332 1163 5381; x_wconf 89' lang='lat' dir='ltr'><strong>est</strong></span> <span class='ocrx_word' id='word_1_520' title='bbox 1187 5324 1334 5396; x_wconf 88' lang='lat' dir='ltr'><strong>quod</strong></span> <span class='ocrx_word' id='word_1_521' title='bbox 1367 5326 1555 5398; x_wconf 90' lang='lat' dir='ltr'><strong>aliquo</strong></span> <span class='ocrx_word' id='word_1_522' title='bbox 1595 5327 1761 5383; x_wconf 85' lang='lat' dir='ltr'><strong>modo</strong></span> <span class='ocrx_word' id='word_1_523' title='bbox 1796 5328 1852 5383; x_wconf 93' lang='lat' dir='ltr'><strong>in</strong></span> <span class='ocrx_word' id='word_1_524' title='bbox 1898 5329 1996 5384; x_wconf 90' lang='lat' dir='ltr'><strong>im-</strong></span> 
     </span>
    </p>
   </div>
   <div class='ocr_carea' id='block_1_71' title="bbox 408 5414 1991 5490">
    <p class='ocr_par' dir='ltr' id='par_1_71' title="bbox 408 5414 1991 5490">
     <span class='ocr_line' id='line_1_71' title="bbox 408 5414 1991 5490; baseline 0.006 -23"><span class='ocrx_word' id='word_1_525' title='bbox 408 5414 755 5489; x_wconf 86' lang='lat' dir='ltr'><strong>perfectione</strong></span> <span class='ocrx_word' id='word_1_526' title='bbox 778 5416 1016 5486; x_wconf 86' lang='lat' dir='ltr'><strong>quadam</strong></span> <span class='ocrx_word' id='word_1_527' title='bbox 1064 5433 1189 5475; x_wconf 89' lang='lat' dir='ltr'><strong>esse</strong></span> <span class='ocrx_word' id='word_1_528' title='bbox 1241 5419 1608 5490; x_wconf 79' lang='lat' dir='ltr'><strong>intelligitur;</strong></span> <span class='ocrx_word' id='word_1_529' title='bbox 1659 5420 1809 5490; x_wconf 87' lang='lat' dir='ltr'><strong>quod</strong></span> <span class='ocrx_word' id='word_1_530' title='bbox 1842 5437 1991 5477; x_wconf 86' lang='lat' dir='ltr'><strong>nun-</strong></span> 
     </span>
    </p>
   </div>
   <div class='ocr_carea' id='block_1_72' title="bbox 409 5507 1993 5577">
    <p class='ocr_par' dir='ltr' id='par_1_72' title="bbox 409 5507 1993 5577">
     <span class='ocr_line' id='line_1_72' title="bbox 409 5507 1993 5577; baseline 0.004 -16"><span class='ocrx_word' id='word_1_531' title='bbox 409 5521 577 5577; x_wconf 90' lang='lat' dir='ltr'><strong>quam</strong></span> <span class='ocrx_word' id='word_1_532' title='bbox 616 5514 703 5562; x_wconf 92' lang='lat' dir='ltr'><strong>est</strong></span> <span class='ocrx_word' id='word_1_533' title='bbox 727 5507 874 5562; x_wconf 89' lang='lat' dir='ltr'><strong>Deus</strong></span> <span class='ocrx_word' id='word_1_534' title='bbox 897 5508 1161 5565; x_wconf 80' lang='lat' dir='ltr'><strong>Verbum.</strong></span> <span class='ocrx_word' id='word_1_535' title='bbox 1188 5509 1401 5566; x_wconf 59' lang='lat' dir='ltr'><strong>Sancte</strong></span> <span class='ocrx_word' id='word_1_536' title='bbox 1428 5520 1614 5567; x_wconf 88' lang='lat' dir='ltr'><strong>autem</strong></span> <span class='ocrx_word' id='word_1_537' title='bbox 1634 5510 1839 5568; x_wconf 89' lang='lat' dir='ltr'><strong>Christi</strong></span> <span class='ocrx_word' id='word_1_538' title='bbox 1858 5512 1993 5568; x_wconf 90' lang='lat' dir='ltr'><strong>sub-</strong></span> 
     </span>
    </p>
   </div>
   <div class='ocr_carea' id='block_1_73' title="bbox 410 5597 1994 5672">
    <p class='ocr_par' dir='ltr' id='par_1_73' title="bbox 410 5597 1994 5672">
     <span class='ocr_line' id='line_1_73' title="bbox 410 5597 1994 5672; baseline 0.003 -17"><span class='ocrx_word' id='word_1_539' title='bbox 410 5597 685 5655; x_wconf 79' lang='lat' dir='ltr'><strong>sistentia:</strong></span> <span class='ocrx_word' id='word_1_540' title='bbox 713 5608 946 5666; x_wconf 69' lang='lat' dir='ltr'><strong>naturae,</strong></span> <span class='ocrx_word' id='word_1_541' title='bbox 986 5607 1049 5655; x_wconf 86' lang='lat' dir='ltr'><strong>ut</strong></span> <span class='ocrx_word' id='word_1_542' title='bbox 1084 5611 1270 5672; x_wconf 86' lang='lat' dir='ltr'><strong>partes</strong></span> <span class='ocrx_word' id='word_1_543' title='bbox 1290 5601 1551 5656; x_wconf 82' lang='lat' dir='ltr'><strong>videntur</strong></span> <span class='ocrx_word' id='word_1_544' title='bbox 1589 5602 1803 5658; x_wconf 88' lang='lat' dir='ltr'><strong>ratione</strong></span> <span class='ocrx_word' id='word_1_545' title='bbox 1859 5620 1994 5659; x_wconf 88' lang='lat' dir='ltr'><strong>con-</strong></span> 
     </span>
    </p>
   </div>
   <div class='ocr_carea' id='block_1_74' title="bbox 403 5688 1992 5765">
    <p class='ocr_par' dir='ltr' id='par_1_74' title="bbox 403 5688 1992 5765">
     <span class='ocr_line' id='line_1_74' title="bbox 403 5688 1992 5765; baseline 0.003 -18"><span class='ocrx_word' id='word_1_546' title='bbox 403 5688 715 5765; x_wconf 68' lang='lat' dir='ltr'><strong>iunctionis</strong></span> <span class='ocrx_word' id='word_1_547' title='bbox 740 5692 1030 5763; x_wconf 87' lang='lat' dir='ltr'><strong>utriusque</strong></span> <span class='ocrx_word' id='word_1_548' title='bbox 1062 5693 1399 5765; x_wconf 78' lang='lat' dir='ltr'><strong>singulatim.</strong></span> <span class='ocrx_word' id='word_1_549' title='bbox 1434 5695 1505 5750; x_wconf 91' lang='lat' dir='ltr'><strong>ad</strong></span> <span class='ocrx_word' id='word_1_550' title='bbox 1561 5694 1768 5752; x_wconf 90' lang='lat' dir='ltr'><strong>Christi</strong></span> <span class='ocrx_word' id='word_1_551' title='bbox 1802 5696 1992 5751; x_wconf 88' lang='lat' dir='ltr'><strong>totali-</strong></span> 
     </span>
    </p>
   </div>
   <div class='ocr_carea' id='block_1_75' title="bbox 410 5787 1990 5859">
    <p class='ocr_par' dir='ltr' id='par_1_75' title="bbox 410 5787 1990 5859">
     <span class='ocr_line' id='line_1_75' title="bbox 410 5787 1990 5859; baseline 0.004 -20"><span class='ocrx_word' id='word_1_552' title='bbox 410 5791 606 5851; x_wconf 89' lang='lat' dir='ltr'><strong>tatem,</strong></span> <span class='ocrx_word' id='word_1_553' title='bbox 664 5799 788 5855; x_wconf 78' lang='lat' dir='ltr'><strong>qua:</strong></span> <span class='ocrx_word' id='word_1_554' title='bbox 845 5792 1030 5840; x_wconf 88' lang='lat' dir='ltr'><strong>autem</strong></span> <span class='ocrx_word' id='word_1_555' title='bbox 1081 5792 1256 5841; x_wconf 89' lang='lat' dir='ltr'><strong>totum</strong></span> <span class='ocrx_word' id='word_1_556' title='bbox 1314 5803 1532 5859; x_wconf 89' lang='lat' dir='ltr'><strong>semper</strong></span> <span class='ocrx_word' id='word_1_557' title='bbox 1596 5787 1875 5855; x_wconf 73' lang='lat' dir='ltr'><strong>efﬁciunt;</strong></span> <span class='ocrx_word' id='word_1_558' title='bbox 1934 5789 1990 5845; x_wconf 89' lang='lat' dir='ltr'><strong>in</strong></span> 
     </span>
    </p>
   </div>
   <div class='ocr_carea' id='block_1_76' title="bbox 407 5874 1990 5954">
    <p class='ocr_par' dir='ltr' id='par_1_76' title="bbox 407 5874 1990 5954">
     <span class='ocr_line' id='line_1_76' title="bbox 407 5874 1990 5954; baseline 0.004 -20"><span class='ocrx_word' id='word_1_559' title='bbox 407 5874 620 5934; x_wconf 87' lang='lat' dir='ltr'><strong>Christi</strong></span> <span class='ocrx_word' id='word_1_560' title='bbox 643 5893 776 5933; x_wconf 87' lang='lat' dir='ltr'><strong>vero</strong></span> <span class='ocrx_word' id='word_1_561' title='bbox 806 5878 1128 5935; x_wconf 86' lang='lat' dir='ltr'><strong>totalitatem</strong></span> <span class='ocrx_word' id='word_1_562' title='bbox 1176 5879 1434 5954; x_wconf 79' lang='lat' dir='ltr'><strong>conjungi</strong></span> <span class='ocrx_word' id='word_1_563' title='bbox 1490 5898 1599 5938; x_wconf 91' lang='lat' dir='ltr'><strong>non</strong></span> <span class='ocrx_word' id='word_1_564' title='bbox 1636 5881 1862 5954; x_wconf 84' lang='lat' dir='ltr'><strong>impedit</strong></span> <span class='ocrx_word' id='word_1_565' title='bbox 1890 5900 1990 5954; x_wconf 86' lang='lat' dir='ltr'><strong>per</strong></span> 
     </span>
    </p>
   </div>
   <div class='ocr_carea' id='block_1_77' title="bbox 410 5968 1027 6032">
    <p class='ocr_par' dir='ltr' id='par_1_77' title="bbox 410 5968 1027 6032">
     <span class='ocr_line' id='line_1_77' title="bbox 410 5968 1027 6032; baseline -0.01 0"><span class='ocrx_word' id='word_1_566' title='bbox 410 5975 596 6032; x_wconf 70' lang='lat' dir='ltr'><strong>Dartes</strong></span> <span class='ocrx_word' id='word_1_567' title='bbox 629 5968 1027 6027; x_wconf 85' lang='lat' dir='ltr'><strong>diversitatem.</strong></span> 
     </span>
    </p>
   </div>
   <div class='ocr_carea' id='block_1_78' title="bbox 2078 2077 3673 2159">
    <p class='ocr_par' dir='ltr' id='par_1_78' title="bbox 2078 2077 3673 2159">
     <span class='ocr_line' id='line_1_78' title="bbox 2078 2077 3673 2159; baseline -0.007 -16"><span class='ocrx_word' id='word_1_568' title='bbox 2078 2088 2203 2153; x_wconf 77' lang='grc' dir='ltr'>ἔτι,</span> <span class='ocrx_word' id='word_1_569' title='bbox 2258 2086 2336 2159; x_wconf 83' lang='grc' dir='ltr'><strong>τῷ</strong></span> <span class='ocrx_word' id='word_1_570' title='bbox 2381 2105 2441 2140; x_wconf 91' lang='grc' dir='ltr'><strong>τε</strong></span> <span class='ocrx_word' id='word_1_571' title='bbox 2490 2086 2596 2158; x_wconf 77' lang='grc' dir='ltr'><strong>ὅλῳ</strong></span> <span class='ocrx_word' id='word_1_572' title='bbox 2641 2087 2743 2157; x_wconf 81' lang='grc' dir='ltr'>τῆς</span> <span class='ocrx_word' id='word_1_573' title='bbox 2782 2084 3135 2146; x_wconf 79' lang='grc' dir='ltr'>ὑποστάσεως</span> <span class='ocrx_word' id='word_1_574' title='bbox 3166 2082 3269 2152; x_wconf 82' lang='grc' dir='ltr'>τῆς</span> <span class='ocrx_word' id='word_1_575' title='bbox 3287 2080 3473 2153; x_wconf 71' lang='grc' dir='ltr'>ψυχῆς</span> <span class='ocrx_word' id='word_1_576' title='bbox 3496 2077 3673 2133; x_wconf 78' lang='grc' dir='ltr'>Ἀὁελ</span> 
     </span>
    </p>
   </div>
   <div class='ocr_carea' id='block_1_79' title="bbox 2081 2171 3670 2250">
    <p class='ocr_par' dir='ltr' id='par_1_79' title="bbox 2081 2171 3670 2250">
     <span class='ocr_line' id='line_1_79' title="bbox 2081 2171 3670 2250; baseline -0.007 -15"><span class='ocrx_word' id='word_1_577' title='bbox 2081 2179 2233 2235; x_wconf 70' lang='grc' dir='ltr'>ἐστὶν</span> <span class='ocrx_word' id='word_1_578' title='bbox 2288 2177 2575 2250; x_wconf 78' lang='grc' dir='ltr'>ὁμοούσιος</span> <span class='ocrx_word' id='word_1_579' title='bbox 2597 2218 2613 2244; x_wconf 94' lang='grc'><strong>,</strong></span> <span class='ocrx_word' id='word_1_580' title='bbox 2666 2177 2764 2231; x_wconf 75' lang='grc' dir='ltr'>καὶ</span> <span class='ocrx_word' id='word_1_581' title='bbox 2803 2177 2883 2248; x_wconf 81' lang='grc' dir='ltr'>τῷ</span> <span class='ocrx_word' id='word_1_582' title='bbox 2925 2175 3032 2247; x_wconf 79' lang='grc' dir='ltr'><strong>ὅλῳ</strong></span> <span class='ocrx_word' id='word_1_583' title='bbox 3058 2175 3156 2245; x_wconf 80' lang='grc' dir='ltr'>τῆς</span> <span class='ocrx_word' id='word_1_584' title='bbox 3181 2174 3537 2236; x_wconf 79' lang='grc' dir='ltr'>ὑποστάσεως</span> <span class='ocrx_word' id='word_1_585' title='bbox 3567 2171 3670 2242; x_wconf 75' lang='grc' dir='ltr'>τῆς</span> 
     </span>
    </p>
   </div>
   <div class='ocr_carea' id='block_1_80' title="bbox 2083 2265 3672 2344">
    <p class='ocr_par' dir='ltr' id='par_1_80' title="bbox 2083 2265 3672 2344">
     <span class='ocr_line' id='line_1_80' title="bbox 2083 2265 3672 2344; baseline -0.008 -17"><span class='ocrx_word' id='word_1_586' title='bbox 2083 2271 2285 2344; x_wconf 87' lang='grc' dir='ltr'>σαρκὸς</span> <span class='ocrx_word' id='word_1_587' title='bbox 2339 2270 2495 2324; x_wconf 83' lang='grc' dir='ltr'>τοῦδε</span> <span class='ocrx_word' id='word_1_588' title='bbox 2544 2269 2637 2324; x_wconf 85' lang='grc' dir='ltr'><strong>τοῦ</strong></span> <span class='ocrx_word' id='word_1_589' title='bbox 2684 2268 3092 2341; x_wconf 80' lang='grc' dir='ltr'>κεκοιμημένου</span> <span class='ocrx_word' id='word_1_590' title='bbox 3132 2266 3305 2321; x_wconf 82' lang='grc' dir='ltr'>ὁσίου.</span> <span class='ocrx_word' id='word_1_591' title='bbox 3344 2266 3458 2319; x_wconf 88' lang='lat' dir='ltr'><strong>Kal</strong></span> <span class='ocrx_word' id='word_1_592' title='bbox 3488 2265 3672 2335; x_wconf 83' lang='grc' dir='ltr'>μάτην</span> 
     </span>
    </p>
   </div>
   <div class='ocr_carea' id='block_1_81' title="bbox 2077 2359 3667 2436">
    <p class='ocr_par' dir='ltr' id='par_1_81' title="bbox 2077 2359 3667 2436">
     <span class='ocr_line' id='line_1_81' title="bbox 2077 2359 3667 2436; baseline -0.004 -16"><span class='ocrx_word' id='word_1_593' title='bbox 2077 2365 2238 2421; x_wconf 86' lang='grc' dir='ltr'>τοῦτο</span> <span class='ocrx_word' id='word_1_594' title='bbox 2268 2365 2397 2435; x_wconf 78' lang='grc' dir='ltr'>ὑμῖν</span> <span class='ocrx_word' id='word_1_595' title='bbox 2419 2362 2799 2436; x_wconf 79' lang='grc' dir='ltr'>ἁπηγορεύθη”</span> <span class='ocrx_word' id='word_1_596' title='bbox 2833 2364 2897 2416; x_wconf 81' lang='grc' dir='ltr'>ὲκ</span> <span class='ocrx_word' id='word_1_597' title='bbox 2930 2361 3129 2433; x_wconf 86' lang='grc' dir='ltr'>μέρους</span> <span class='ocrx_word' id='word_1_598' title='bbox 3147 2361 3255 2432; x_wconf 81' lang='grc' dir='ltr'>γὰρ</span> <span class='ocrx_word' id='word_1_599' title='bbox 3277 2359 3432 2424; x_wconf 76' lang='grc' dir='ltr'>ὄντος</span> <span class='ocrx_word' id='word_1_600' title='bbox 3449 2361 3667 2423; x_wconf 73' lang='grc' dir='ltr'>οὐσίας,</span> 
     </span>
    </p>
   </div>
   <div class='ocr_carea' id='block_1_82' title="bbox 2077 2451 3667 2526">
    <p class='ocr_par' dir='ltr' id='par_1_82' title="bbox 2077 2451 3667 2526">
     <span class='ocr_line' id='line_1_82' title="bbox 2077 2451 3667 2526; baseline -0.005 -13"><span class='ocrx_word' id='word_1_601' title='bbox 2077 2460 2139 2513; x_wconf 87' lang='grc' dir='ltr'><strong>οὐ</strong></span> <span class='ocrx_word' id='word_1_602' title='bbox 2163 2457 2382 2526; x_wconf 80' lang='grc' dir='ltr'>λέγεται</span> <span class='ocrx_word' id='word_1_603' title='bbox 2410 2455 2479 2509; x_wconf 79' lang='grc' dir='ltr'><strong>τὰ</strong></span> <span class='ocrx_word' id='word_1_604' title='bbox 2505 2454 2764 2525; x_wconf 86' lang='grc' dir='ltr'>ὁμοούσια</span> <span class='ocrx_word' id='word_1_605' title='bbox 2784 2470 2797 2483; x_wconf 92' lang='grc'><strong>·</strong></span> <span class='ocrx_word' id='word_1_606' title='bbox 2849 2453 2910 2507; x_wconf 91' lang='grc' dir='ltr'><strong>οὑ</strong></span> <span class='ocrx_word' id='word_1_607' title='bbox 2943 2455 3126 2524; x_wconf 83' lang='grc' dir='ltr'>μέντοι</span> <span class='ocrx_word' id='word_1_608' title='bbox 3154 2451 3276 2506; x_wconf 81' lang='grc' dir='ltr'>οὑδὲ</span> <span class='ocrx_word' id='word_1_609' title='bbox 3302 2451 3667 2515; x_wconf 77' lang='grc' dir='ltr'>ὑποστάσεως</span> 
     </span>
    </p>
   </div>
   <div class='ocr_carea' id='block_1_83' title="bbox 2077 2545 3671 2623">
    <p class='ocr_par' dir='ltr' id='par_1_83' title="bbox 2077 2545 3671 2623">
     <span class='ocr_line' id='line_1_83' title="bbox 2077 2545 3671 2623; baseline -0.006 -17"><span class='ocrx_word' id='word_1_610' title='bbox 2077 2552 2181 2623; x_wconf 80' lang='grc' dir='ltr'>τῆς</span> <span class='ocrx_word' id='word_1_611' title='bbox 2212 2551 2309 2606; x_wconf 77' lang='grc' dir='ltr'>καὶ</span> <span class='ocrx_word' id='word_1_612' title='bbox 2339 2551 2404 2604; x_wconf 79' lang='grc' dir='ltr'>ἐκ</span> <span class='ocrx_word' id='word_1_613' title='bbox 2428 2547 2694 2602; x_wconf 85' lang='grc' dir='ltr'>πλειόνων</span> <span class='ocrx_word' id='word_1_614' title='bbox 2722 2548 2960 2616; x_wconf 81' lang='grc' dir='ltr'>φύσεων,</span> <span class='ocrx_word' id='word_1_615' title='bbox 2990 2546 3111 2617; x_wconf 71' lang='grc' dir='ltr'>ἦτοι</span> <span class='ocrx_word' id='word_1_616' title='bbox 3135 2545 3357 2611; x_wconf 86' lang='grc' dir='ltr'>οὑσιῶν,</span> <span class='ocrx_word' id='word_1_617' title='bbox 3390 2545 3525 2599; x_wconf 75' lang='grc' dir='ltr'>ποτὲ</span> <span class='ocrx_word' id='word_1_618' title='bbox 3546 2562 3671 2598; x_wconf 85' lang='grc' dir='ltr'>συν-</span> 
     </span>
    </p>
   </div>
   <div class='ocr_carea' id='block_1_84' title="bbox 2080 2635 3668 2714">
    <p class='ocr_par' dir='ltr' id='par_1_84' title="bbox 2080 2635 3668 2714">
     <span class='ocr_line' id='line_1_84' title="bbox 2080 2635 3668 2714; baseline -0.006 -16"><span class='ocrx_word' id='word_1_619' title='bbox 2080 2642 2327 2714; x_wconf 75' lang='grc' dir='ltr'>εστώσης</span> <span class='ocrx_word' id='word_1_620' title='bbox 2353 2642 2517 2695; x_wconf 85' lang='grc' dir='ltr'>τισίν.</span> <span class='ocrx_word' id='word_1_621' title='bbox 2557 2638 2634 2693; x_wconf 81' lang='grc' dir='ltr'>Τὸ</span> <span class='ocrx_word' id='word_1_622' title='bbox 2659 2640 2769 2711; x_wconf 84' lang='grc' dir='ltr'><strong>γὰρ</strong></span> <span class='ocrx_word' id='word_1_623' title='bbox 2796 2638 2935 2691; x_wconf 84' lang='grc' dir='ltr'>καθὸ</span> <span class='ocrx_word' id='word_1_624' title='bbox 2964 2640 2998 2708; x_wconf 81' lang='grc' dir='ltr'><strong>ἡ</strong></span> <span class='ocrx_word' id='word_1_625' title='bbox 3024 2637 3280 2708; x_wconf 79' lang='grc' dir='ltr'><strong>ὁμοιότης</strong></span> <span class='ocrx_word' id='word_1_626' title='bbox 3305 2637 3492 2700; x_wconf 61' lang='grc' dir='ltr'>αὐτοῖς</span> <span class='ocrx_word' id='word_1_627' title='bbox 3525 2635 3668 2690; x_wconf 86' lang='grc' dir='ltr'>θεω-</span> 
     </span>
    </p>
   </div>
   <div class='ocr_carea' id='block_1_85' title="bbox 2082 2726 3669 2806">
    <p class='ocr_par' dir='ltr' id='par_1_85' title="bbox 2082 2726 3669 2806">
     <span class='ocr_line' id='line_1_85' title="bbox 2082 2726 3669 2806; baseline -0.006 -19"><span class='ocrx_word' id='word_1_628' title='bbox 2082 2736 2291 2806; x_wconf 83' lang='grc' dir='ltr'>ρεῖται,</span> <span class='ocrx_word' id='word_1_629' title='bbox 2346 2733 2381 2803; x_wconf 81' lang='grc' dir='ltr'><strong>ἢ</strong></span> <span class='ocrx_word' id='word_1_630' title='bbox 2427 2729 2633 2785; x_wconf 81' lang='grc' dir='ltr'>τέλειόν</span> <span class='ocrx_word' id='word_1_631' title='bbox 2678 2747 2730 2783; x_wconf 91' lang='grc' dir='ltr'><strong>τι</strong></span> <span class='ocrx_word' id='word_1_632' title='bbox 2771 2731 2868 2783; x_wconf 74' lang='grc' dir='ltr'>καὶ</span> <span class='ocrx_word' id='word_1_633' title='bbox 2895 2727 3015 2781; x_wconf 78' lang='grc' dir='ltr'>ὅλον</span> <span class='ocrx_word' id='word_1_634' title='bbox 3044 2729 3103 2781; x_wconf 83' lang='grc' dir='ltr'><strong>ὲν</strong></span> <span class='ocrx_word' id='word_1_635' title='bbox 3150 2726 3459 2798; x_wconf 74' lang='grc' dir='ltr'>ἑκατέροις,</span> <span class='ocrx_word' id='word_1_636' title='bbox 3495 2726 3669 2796; x_wconf 71' lang='grc' dir='ltr'>ἤγουν</span> 
     </span>
    </p>
   </div>
   <div class='ocr_carea' id='block_1_86' title="bbox 2080 2815 3667 2895">
    <p class='ocr_par' dir='ltr' id='par_1_86' title="bbox 2080 2815 3667 2895">
     <span class='ocr_line' id='line_1_86' title="bbox 2080 2815 3667 2895; baseline -0.005 -18"><span class='ocrx_word' id='word_1_637' title='bbox 2080 2826 2115 2895; x_wconf 73' lang='grc' dir='ltr'>ἡ</span> <span class='ocrx_word' id='word_1_638' title='bbox 2163 2824 2322 2889; x_wconf 82' lang='grc' dir='ltr'>οὑσία</span> <span class='ocrx_word' id='word_1_639' title='bbox 2372 2823 2559 2885; x_wconf 73' lang='grc' dir='ltr'>ἐστὶν,</span> <span class='ocrx_word' id='word_1_640' title='bbox 2618 2820 2773 2875; x_wconf 64' lang='grc' dir='ltr'><strong>οὐδὲν</strong></span> <span class='ocrx_word' id='word_1_641' title='bbox 2823 2817 3078 2891; x_wconf 74' lang='grc' dir='ltr'>ἐμποδὼν</span> <span class='ocrx_word' id='word_1_642' title='bbox 3126 2818 3265 2890; x_wconf 83' lang='grc' dir='ltr'>πρὸς</span> <span class='ocrx_word' id='word_1_643' title='bbox 3297 2816 3539 2889; x_wconf 81' lang='grc' dir='ltr'>θεωρίαν</span> <span class='ocrx_word' id='word_1_644' title='bbox 3568 2815 3667 2869; x_wconf 83' lang='grc' dir='ltr'><strong>τοῦ</strong></span> 
     </span>
    </p>
   </div>
   <div class='ocr_carea' id='block_1_87' title="bbox 2079 2907 3663 2986">
    <p class='ocr_par' dir='ltr' id='par_1_87' title="bbox 2079 2907 3663 2986">
     <span class='ocr_line' id='line_1_87' title="bbox 2079 2907 3663 2986; baseline -0.006 -17"><span class='ocrx_word' id='word_1_645' title='bbox 2079 2914 2369 2986; x_wconf 88' lang='grc' dir='ltr'>ὁμοουσίου</span> <span class='ocrx_word' id='word_1_646' title='bbox 2418 2913 2657 2982; x_wconf 88' lang='grc' dir='ltr'>γίνεται.</span> <span class='ocrx_word' id='word_1_647' title='bbox 2713 2912 2823 2965; x_wconf 90' lang='lat' dir='ltr'><strong>Kal</strong></span> <span class='ocrx_word' id='word_1_648' title='bbox 2865 2908 3039 2963; x_wconf 86' lang='grc' dir='ltr'>ταῦτα</span> <span class='ocrx_word' id='word_1_649' title='bbox 3075 2910 3175 2981; x_wconf 78' lang='grc' dir='ltr'><strong>μὲν</strong></span> <span class='ocrx_word' id='word_1_650' title='bbox 3202 2908 3295 2963; x_wconf 76' lang='grc' dir='ltr'><strong>οὖν</strong></span> <span class='ocrx_word' id='word_1_651' title='bbox 3328 2910 3460 2980; x_wconf 75' lang='grc' dir='ltr'>περὶ</span> <span class='ocrx_word' id='word_1_652' title='bbox 3486 2907 3663 2961; x_wconf 82' lang='grc' dir='ltr'>τοῦδε.</span> 
     </span>
    </p>
   </div>
   <div class='ocr_carea' id='block_1_88' title="bbox 2082 3001 3669 3077">
    <p class='ocr_par' dir='ltr' id='par_1_88' title="bbox 2082 3001 3669 3077">
     <span class='ocr_line' id='line_1_88' title="bbox 2082 3001 3669 3077; baseline -0.003 -17"><span class='ocrx_word' id='word_1_653' title='bbox 2082 3007 2227 3077; x_wconf 74' lang='grc' dir='ltr'>Πρὸς</span> <span class='ocrx_word' id='word_1_654' title='bbox 2272 3006 2329 3060; x_wconf 77' lang='grc' dir='ltr'>δὲ</span> <span class='ocrx_word' id='word_1_655' title='bbox 2376 3005 2438 3058; x_wconf 85' lang='grc' dir='ltr'><strong>τὸ</strong></span> <span class='ocrx_word' id='word_1_656' title='bbox 2476 3004 2706 3076; x_wconf 75' lang='grc' dir='ltr'>ἔσχατον</span> <span class='ocrx_word' id='word_1_657' title='bbox 2736 3002 2890 3075; x_wconf 85' lang='grc' dir='ltr'>ὑμῶν</span> <span class='ocrx_word' id='word_1_658' title='bbox 2919 3003 3149 3069; x_wconf 85' lang='grc' dir='ltr'>ἄτοπον,</span> <span class='ocrx_word' id='word_1_659' title='bbox 3197 3001 3465 3073; x_wconf 84' lang='grc' dir='ltr'>οίομένων</span> <span class='ocrx_word' id='word_1_660' title='bbox 3500 3001 3669 3073; x_wconf 75' lang='grc' dir='ltr'>μηδὲν</span> 
     </span>
    </p>
   </div>
   <div class='ocr_carea' id='block_1_89' title="bbox 2080 3092 3779 3178">
    <p class='ocr_par' dir='ltr' id='par_1_89' title="bbox 2080 3092 3779 3178">
     <span class='ocr_line' id='line_1_89' title="bbox 2080 3092 3779 3178; baseline -0.004 -26"><span class='ocrx_word' id='word_1_661' title='bbox 2080 3098 2191 3152; x_wconf 88' lang='grc' dir='ltr'><strong>τῶν</strong></span> <span class='ocrx_word' id='word_1_662' title='bbox 2238 3100 2309 3151; x_wconf 49' lang='grc' dir='ltr'><strong>’ὲκ</strong></span> <span class='ocrx_word' id='word_1_663' title='bbox 2355 3098 2558 3169; x_wconf 82' lang='grc' dir='ltr'>μέρους</span> <span class='ocrx_word' id='word_1_664' title='bbox 2603 3096 2958 3159; x_wconf 83' lang='grc' dir='ltr'>ὑποστάσεως</span> <span class='ocrx_word' id='word_1_665' title='bbox 2986 3092 3152 3148; x_wconf 83' lang='grc' dir='ltr'>αὑτοῦ</span> <span class='ocrx_word' id='word_1_666' title='bbox 3194 3093 3290 3147; x_wconf 87' lang='grc' dir='ltr'><strong>δύο</strong></span> <span class='ocrx_word' id='word_1_667' title='bbox 3314 3094 3670 3166; x_wconf 58' lang='grc' dir='ltr'>τισὶψὺπάρσ</span> <span class='ocrx_word' id='word_1_668' title='bbox 3738 3144 3779 3178; x_wconf 55' lang='grc' dir='ltr'><strong>ο</strong></span> 
     </span>
    </p>
   </div>
   <div class='ocr_carea' id='block_1_90' title="bbox 2083 3182 3671 3265">
    <p class='ocr_par' dir='ltr' id='par_1_90' title="bbox 2083 3182 3671 3265">
     <span class='ocr_line' id='line_1_90' title="bbox 2083 3182 3671 3265; baseline -0.003 -22"><span class='ocrx_word' id='word_1_669' title='bbox 2083 3207 2200 3265; x_wconf 85' lang='grc' dir='ltr'>χειν</span> <span class='ocrx_word' id='word_1_670' title='bbox 2225 3189 2534 3262; x_wconf 88' lang='grc' dir='ltr'>ὁμοούσιον,</span> <span class='ocrx_word' id='word_1_671' title='bbox 2568 3188 2760 3243; x_wconf 88' lang='grc' dir='ltr'>τούτου</span> <span class='ocrx_word' id='word_1_672' title='bbox 2789 3187 3045 3243; x_wconf 71' lang='grc' dir='ltr'>κάκείνου</span> <span class='ocrx_word' id='word_1_673' title='bbox 3080 3186 3208 3241; x_wconf 87' lang='grc' dir='ltr'>Υίὸν</span> <span class='ocrx_word' id='word_1_674' title='bbox 3236 3182 3379 3240; x_wconf 83' lang='grc' dir='ltr'>εἶναι</span> <span class='ocrx_word' id='word_1_675' title='bbox 3407 3186 3671 3240; x_wconf 83' lang='grc' dir='ltr'>δύνασθαι</span> 
     </span>
    </p>
   </div>
   <div class='ocr_carea' id='block_1_91' title="bbox 2007 3271 3673 3396">
    <p class='ocr_par' dir='ltr' id='par_1_91' title="bbox 2007 3271 3673 3396">
     <span class='ocr_line' id='line_1_91' title="bbox 2007 3271 3673 3396; baseline -0.016 -44"><span class='ocrx_word' id='word_1_676' title='bbox 2007 3331 2052 3396; x_wconf 80' lang='lat' dir='ltr'>C</span> <span class='ocrx_word' id='word_1_677' title='bbox 2086 3283 2261 3355; x_wconf 56' lang='grc' dir='ltr'><strong>ῥᾷστα</strong></span> <span class='ocrx_word' id='word_1_678' title='bbox 2309 3282 2456 3351; x_wconf 78' lang='grc' dir='ltr'>ὑμᾶς</span> <span class='ocrx_word' id='word_1_679' title='bbox 2505 3278 2904 3350; x_wconf 78' lang='grc' dir='ltr'>ἀπελέγξομεν.</span> <span class='ocrx_word' id='word_1_680' title='bbox 2963 3280 3075 3333; x_wconf 90' lang='lat' dir='ltr'><strong>Kal</strong></span> <span class='ocrx_word' id='word_1_681' title='bbox 3117 3279 3226 3350; x_wconf 82' lang='grc' dir='ltr'><strong>γάρ</strong></span> <span class='ocrx_word' id='word_1_682' title='bbox 3268 3277 3557 3351; x_wconf 81' lang='grc' dir='ltr'>ἄνθρωπος</span> <span class='ocrx_word' id='word_1_683' title='bbox 3591 3271 3673 3338; x_wconf 74' lang='grc' dir='ltr'><strong>εἷς</strong></span> 
     </span>
     <span class='ocr_line' id='line_1_92' title="bbox 2087 3370 3644 3396; baseline -0.019 13"><span class='ocrx_word' id='word_1_684' title='bbox 2087 3377 2146 3396; x_wconf 55' lang='grc' dir='ltr'>ιη</span> <span class='ocrx_word' id='word_1_685' title='bbox 2182 3374 2379 3396; x_wconf 43' lang='grc' dir='ltr'><strong>-κιη--Α</strong></span> <span class='ocrx_word' id='word_1_686' title='bbox 2411 3376 2509 3396; x_wconf 45' lang='lat' dir='ltr'><strong>an-</strong></span> <span class='ocrx_word' id='word_1_687' title='bbox 2544 3373 2732 3396; x_wconf 62' lang='lat'><strong>1--.--2</strong></span> <span class='ocrx_word' id='word_1_688' title='bbox 2769 3373 3121 3396; x_wconf 50' lang='lat' dir='ltr'><strong>_(_‘__L_____</strong></span> <span class='ocrx_word' id='word_1_689' title='bbox 3181 3373 3279 3396; x_wconf 67' lang='lat'><strong>_:_</strong></span> <span class='ocrx_word' id='word_1_690' title='bbox 3314 3370 3521 3396; x_wconf 65' lang='lat'><strong>______,_</strong></span> <span class='ocrx_word' id='word_1_691' title='bbox 3551 3371 3644 3396; x_wconf 42' lang='grc' dir='ltr'><strong>ι-.-</strong></span> 
     </span>
    </p>
   </div>
   <div class='ocr_carea' id='block_1_92' title="bbox 2084 3370 3675 3446">
    <p class='ocr_par' dir='ltr' id='par_1_92' title="bbox 2084 3370 3675 3446">
     <span class='ocr_line' id='line_1_93' title="bbox 2084 3370 3675 3446; baseline -0.006 -16"><span class='ocrx_word' id='word_1_692' title='bbox 2084 3377 2150 3430; x_wconf 79' lang='grc' dir='ltr'>ὲκ</span> <span class='ocrx_word' id='word_1_693' title='bbox 2179 3374 2380 3445; x_wconf 80' lang='grc' dir='ltr'>μέρους</span> <span class='ocrx_word' id='word_1_694' title='bbox 2408 3376 2510 3446; x_wconf 76' lang='grc' dir='ltr'>τῆς</span> <span class='ocrx_word' id='word_1_695' title='bbox 2539 3373 2734 3431; x_wconf 77' lang='grc' dir='ltr'>ἑαυτοῦ</span> <span class='ocrx_word' id='word_1_696' title='bbox 2768 3373 3142 3439; x_wconf 75' lang='grc' dir='ltr'>ὑποστάσεως,</span> <span class='ocrx_word' id='word_1_697' title='bbox 3180 3373 3279 3442; x_wconf 82' lang='grc' dir='ltr'>τῆς</span> <span class='ocrx_word' id='word_1_698' title='bbox 3312 3370 3521 3441; x_wconf 81' lang='grc' dir='ltr'>μητρὸς</span> <span class='ocrx_word' id='word_1_699' title='bbox 3549 3371 3675 3422; x_wconf 81' lang='grc' dir='ltr'>ἑαυ-</span> 
     </span>
    </p>
   </div>
   <div class='ocr_carea' id='block_1_93' title="bbox 2083 3460 3671 3538">
    <p class='ocr_par' dir='ltr' id='par_1_93' title="bbox 2083 3460 3671 3538">
     <span class='ocr_line' id='line_1_94' title="bbox 2083 3460 3671 3538; baseline -0.004 -18"><span class='ocrx_word' id='word_1_700' title='bbox 2083 3466 2180 3520; x_wconf 87' lang='grc' dir='ltr'><strong>τοῦ</strong></span> <span class='ocrx_word' id='word_1_701' title='bbox 2206 3461 2302 3520; x_wconf 63' lang='grc' dir='ltr'>καὶ</span> <span class='ocrx_word' id='word_1_702' title='bbox 2322 3466 2417 3520; x_wconf 90' lang='grc' dir='ltr'><strong>τοῦ</strong></span> <span class='ocrx_word' id='word_1_703' title='bbox 2441 3466 2672 3538; x_wconf 85' lang='grc' dir='ltr'>πατρὸς,</span> <span class='ocrx_word' id='word_1_704' title='bbox 2700 3464 2782 3529; x_wconf 76' lang='grc' dir='ltr'>ἔτι</span> <span class='ocrx_word' id='word_1_705' title='bbox 2808 3466 2908 3536; x_wconf 84' lang='grc' dir='ltr'><strong>μὲν</strong></span> <span class='ocrx_word' id='word_1_706' title='bbox 2929 3466 3024 3518; x_wconf 69' lang='grc' dir='ltr'>καὶ</span> <span class='ocrx_word' id='word_1_707' title='bbox 3048 3463 3300 3534; x_wconf 77' lang='grc' dir='ltr'>Ἀϐραὰμ</span> <span class='ocrx_word' id='word_1_708' title='bbox 3321 3461 3417 3516; x_wconf 85' lang='grc' dir='ltr'><strong>τοῦ</strong></span> <span class='ocrx_word' id='word_1_709' title='bbox 3440 3460 3671 3532; x_wconf 78' lang='grc' dir='ltr'>πατρὸς,</span> 
     </span>
    </p>
   </div>
   <div class='ocr_carea' id='block_1_94' title="bbox 2085 3552 3674 3630">
    <p class='ocr_par' dir='ltr' id='par_1_94' title="bbox 2085 3552 3674 3630">
     <span class='ocr_line' id='line_1_95' title="bbox 2085 3552 3674 3630; baseline -0.004 -18"><span class='ocrx_word' id='word_1_710' title='bbox 2085 3559 2196 3617; x_wconf 82' lang='grc' dir='ltr'><strong>τῶν</strong></span> <span class='ocrx_word' id='word_1_711' title='bbox 2223 3557 2581 3630; x_wconf 87' lang='grc' dir='ltr'>στοιχούντων</span> <span class='ocrx_word' id='word_1_712' title='bbox 2612 3560 2726 3621; x_wconf 88' lang='grc' dir='ltr'>τοῖς</span> <span class='ocrx_word' id='word_1_713' title='bbox 2754 3558 2925 3628; x_wconf 85' lang='grc' dir='ltr'>ίχνεσι</span> <span class='ocrx_word' id='word_1_714' title='bbox 2954 3557 3055 3626; x_wconf 82' lang='grc' dir='ltr'>τῆς</span> <span class='ocrx_word' id='word_1_715' title='bbox 3082 3557 3319 3620; x_wconf 87' lang='grc' dir='ltr'>πίστεως</span> <span class='ocrx_word' id='word_1_716' title='bbox 3349 3552 3540 3620; x_wconf 83' lang='grc' dir='ltr'>αὑτοῦ,</span> <span class='ocrx_word' id='word_1_717' title='bbox 3580 3554 3674 3607; x_wconf 71' lang='grc' dir='ltr'>καὶ</span> 
     </span>
    </p>
   </div>
   <div class='ocr_carea' id='block_1_95' title="bbox 2086 3632 3670 3721">
    <p class='ocr_par' dir='ltr' id='par_1_95' title="bbox 2086 3647 3670 3721">
     <span class='ocr_line' id='line_1_96' title="bbox 2086 3647 3670 3721; baseline -0.003 -17"><span class='ocrx_word' id='word_1_718' title='bbox 2086 3651 2180 3704; x_wconf 87' lang='grc' dir='ltr'><strong>τοῦ</strong></span> <span class='ocrx_word' id='word_1_719' title='bbox 2216 3649 2552 3721; x_wconf 85' lang='grc' dir='ltr'>πνεύματος,</span> <span class='ocrx_word' id='word_1_720' title='bbox 2586 3648 2680 3703; x_wconf 88' lang='grc' dir='ltr'><strong>τοῦ</strong></span> <span class='ocrx_word' id='word_1_721' title='bbox 2708 3649 3007 3717; x_wconf 82' lang='grc' dir='ltr'>γεννῶντος</span> <span class='ocrx_word' id='word_1_722' title='bbox 3035 3647 3096 3701; x_wconf 86' lang='grc' dir='ltr'><strong>τὸ</strong></span> <span class='ocrx_word' id='word_1_723' title='bbox 3124 3648 3364 3717; x_wconf 88' lang='grc' dir='ltr'>πνεῦμα,</span> <span class='ocrx_word' id='word_1_724' title='bbox 3399 3647 3514 3710; x_wconf 83' lang='grc' dir='ltr'><strong>υίὸς</strong></span> <span class='ocrx_word' id='word_1_725' title='bbox 3536 3648 3670 3699; x_wconf 75' lang='grc' dir='ltr'>ἐστι·</span> 
     </span>
    </p>
   </div>
   <div class='ocr_carea' id='block_1_96' title="bbox 2088 3734 3675 3815">
    <p class='ocr_par' dir='ltr' id='par_1_96' title="bbox 2088 3734 3675 3815">
     <span class='ocr_line' id='line_1_97' title="bbox 2088 3734 3675 3815; baseline -0.002 -19"><span class='ocrx_word' id='word_1_726' title='bbox 2088 3742 2185 3796; x_wconf 72' lang='grc' dir='ltr'>καὶ</span> <span class='ocrx_word' id='word_1_727' title='bbox 2240 3744 2307 3796; x_wconf 81' lang='grc' dir='ltr'>ὲκ</span> <span class='ocrx_word' id='word_1_728' title='bbox 2359 3741 2558 3813; x_wconf 84' lang='grc' dir='ltr'>μέρους</span> <span class='ocrx_word' id='word_1_729' title='bbox 2592 3740 2695 3811; x_wconf 82' lang='grc' dir='ltr'>τῆς</span> <span class='ocrx_word' id='word_1_730' title='bbox 2731 3742 2862 3815; x_wconf 80' lang='grc' dir='ltr'>μιᾶς</span> <span class='ocrx_word' id='word_1_731' title='bbox 2895 3741 3245 3804; x_wconf 79' lang='grc' dir='ltr'>ὑποστάσεως</span> <span class='ocrx_word' id='word_1_732' title='bbox 3346 3741 3464 3793; x_wconf 77' lang='grc' dir='ltr'>ἐστι</span> <span class='ocrx_word' id='word_1_733' title='bbox 3495 3739 3675 3793; x_wconf 83' lang='grc' dir='ltr'>πάντα</span> 
     </span>
    </p>
   </div>
   <div class='ocr_carea' id='block_1_97' title="bbox 2087 3814 3673 3904">
    <p class='ocr_par' dir='ltr' id='par_1_97' title="bbox 2087 3814 3673 3904">
     <span class='ocr_line' id='line_1_98' title="bbox 2087 3814 3673 3904; baseline -0.003 -17"><span class='ocrx_word' id='word_1_734' title='bbox 2087 3834 2238 3901; x_wconf 86' lang='grc' dir='ltr'>τάδε,</span> <span class='ocrx_word' id='word_1_735' title='bbox 2271 3834 2559 3901; x_wconf 87' lang='grc' dir='ltr'>ὁμοούσιὸς</span> <span class='ocrx_word' id='word_1_736' title='bbox 2587 3836 2706 3887; x_wconf 72' lang='grc' dir='ltr'>ἐστι</span> <span class='ocrx_word' id='word_1_737' title='bbox 2737 3814 2951 3897; x_wconf 84' lang='grc' dir='ltr'>τούτοις</span> <span class='ocrx_word' id='word_1_738' title='bbox 2975 3835 3132 3887; x_wconf 84' lang='grc' dir='ltr'>πᾶσι.</span> <span class='ocrx_word' id='word_1_739' title='bbox 3168 3814 3431 3903; x_wconf 82' lang='grc' dir='ltr'>Περιττὸν</span> <span class='ocrx_word' id='word_1_740' title='bbox 3458 3831 3557 3904; x_wconf 81' lang='grc' dir='ltr'>μὲν</span> <span class='ocrx_word' id='word_1_741' title='bbox 3581 3827 3673 3884; x_wconf 76' lang='grc' dir='ltr'>οὑν</span> 
     </span>
    </p>
   </div>
   <div class='ocr_carea' id='block_1_98' title="bbox 2087 3921 3674 3998">
    <p class='ocr_par' dir='ltr' id='par_1_98' title="bbox 2087 3921 3674 3998">
     <span class='ocr_line' id='line_1_99' title="bbox 2087 3921 3674 3998; baseline -0.004 -19"><span class='ocrx_word' id='word_1_742' title='bbox 2087 3921 2158 3996; x_wconf 81' lang='grc' dir='ltr'><strong>ἦν</strong></span> <span class='ocrx_word' id='word_1_743' title='bbox 2210 3926 2305 3979; x_wconf 80' lang='grc' dir='ltr'>καὶ</span> <span class='ocrx_word' id='word_1_744' title='bbox 2350 3925 2449 3980; x_wconf 88' lang='grc' dir='ltr'>νῦν</span> <span class='ocrx_word' id='word_1_745' title='bbox 2503 3925 2635 3998; x_wconf 60' lang='grc' dir='ltr'><strong>περ)⁵</strong></span> <span class='ocrx_word' id='word_1_746' title='bbox 2683 3927 2839 3989; x_wconf 86' lang='grc' dir='ltr'>τοῦδε</span> <span class='ocrx_word' id='word_1_747' title='bbox 2890 3926 3022 3996; x_wconf 84' lang='grc' dir='ltr'>ὑμῖν</span> <span class='ocrx_word' id='word_1_748' title='bbox 3068 3923 3404 3994; x_wconf 79' lang='grc' dir='ltr'>ληρῳδοῦσιν</span> <span class='ocrx_word' id='word_1_749' title='bbox 3439 3922 3674 3993; x_wconf 80' lang='grc' dir='ltr'>ἀποκρί-</span> 
     </span>
    </p>
   </div>
   <div class='ocr_carea' id='block_1_99' title="bbox 2091 4010 3672 4088">
    <p class='ocr_par' dir='ltr' id='par_1_99' title="bbox 2091 4010 3672 4088">
     <span class='ocr_line' id='line_1_100' title="bbox 2091 4010 3672 4088; baseline -0.004 -19"><span class='ocrx_word' id='word_1_750' title='bbox 2091 4016 2310 4070; x_wconf 82' lang='grc' dir='ltr'>νασθαι.</span> <span class='ocrx_word' id='word_1_751' title='bbox 2348 4016 2628 4070; x_wconf 78' lang='grc' dir='ltr'>Δέδεικται</span> <span class='ocrx_word' id='word_1_752' title='bbox 2659 4016 2767 4088; x_wconf 82' lang='grc' dir='ltr'><strong>γὰρ</strong></span> <span class='ocrx_word' id='word_1_753' title='bbox 2798 4018 2856 4069; x_wconf 82' lang='grc' dir='ltr'><strong>ὲν</strong></span> <span class='ocrx_word' id='word_1_754' title='bbox 2884 4018 2996 4080; x_wconf 86' lang='grc' dir='ltr'>τοῖς</span> <span class='ocrx_word' id='word_1_755' title='bbox 3023 4015 3172 4085; x_wconf 76' lang='grc' dir='ltr'>ἑξῆς,</span> <span class='ocrx_word' id='word_1_756' title='bbox 3209 4014 3284 4078; x_wconf 87' lang='grc' dir='ltr'>ὼς</span> <span class='ocrx_word' id='word_1_757' title='bbox 3313 4012 3459 4065; x_wconf 83' lang='grc' dir='ltr'>κατὰ</span> <span class='ocrx_word' id='word_1_758' title='bbox 3484 4010 3672 4080; x_wconf 72' lang='grc' dir='ltr'>διαφό-</span> 
     </span>
    </p>
   </div>
   <div class='ocr_carea' id='block_1_100' title="bbox 2094 4103 3672 4180">
    <p class='ocr_par' dir='ltr' id='par_1_100' title="bbox 2094 4103 3672 4180">
     <span class='ocr_line' id='line_1_101' title="bbox 2094 4103 3672 4180; baseline -0.006 -18"><span class='ocrx_word' id='word_1_759' title='bbox 2094 4123 2221 4179; x_wconf 84' lang='grc' dir='ltr'>ρους</span> <span class='ocrx_word' id='word_1_760' title='bbox 2241 4107 2478 4179; x_wconf 80' lang='grc' dir='ltr'>τρὸπους</span> <span class='ocrx_word' id='word_1_761' title='bbox 2502 4108 2612 4161; x_wconf 86' lang='grc' dir='ltr'><strong>τῶν</strong></span> <span class='ocrx_word' id='word_1_762' title='bbox 2631 4109 2956 4180; x_wconf 78' lang='grc' dir='ltr'>γεννήσεων,</span> <span class='ocrx_word' id='word_1_763' title='bbox 2986 4105 3249 4161; x_wconf 82' lang='grc' dir='ltr'>υίοθεσίαι</span> <span class='ocrx_word' id='word_1_764' title='bbox 3271 4123 3332 4159; x_wconf 92' lang='grc' dir='ltr'><strong>τε</strong></span> <span class='ocrx_word' id='word_1_765' title='bbox 3352 4106 3450 4159; x_wconf 74' lang='grc' dir='ltr'>καὶ</span> <span class='ocrx_word' id='word_1_766' title='bbox 3469 4103 3672 4175; x_wconf 78' lang='grc' dir='ltr'>πατρό-</span> 
     </span>
    </p>
   </div>
   <div class='ocr_carea' id='block_1_101' title="bbox 2091 4196 3671 4271">
    <p class='ocr_par' dir='ltr' id='par_1_101' title="bbox 2091 4196 3671 4271">
     <span class='ocr_line' id='line_1_102' title="bbox 2091 4196 3671 4271; baseline -0.005 -17"><span class='ocrx_word' id='word_1_767' title='bbox 2091 4216 2254 4271; x_wconf 80' lang='grc' dir='ltr'>τητες</span> <span class='ocrx_word' id='word_1_768' title='bbox 2282 4202 2393 4264; x_wconf 78' lang='grc' dir='ltr'>τοῖς</span> <span class='ocrx_word' id='word_1_769' title='bbox 2422 4201 2607 4264; x_wconf 81' lang='grc' dir='ltr'>αὑτοῖς</span> <span class='ocrx_word' id='word_1_770' title='bbox 2634 4198 3021 4270; x_wconf 87' lang='grc' dir='ltr'>ὑποκειμένοις</span> <span class='ocrx_word' id='word_1_771' title='bbox 3048 4197 3294 4260; x_wconf 88' lang='grc' dir='ltr'>πλείονες</span> <span class='ocrx_word' id='word_1_772' title='bbox 3320 4196 3671 4267; x_wconf 69' lang='grc' dir='ltr'>ἑμιρέρονταιο</span> 
     </span>
    </p>
   </div>
   <div class='ocr_carea' id='block_1_102' title="bbox 2092 4284 3673 4366">
    <p class='ocr_par' dir='ltr' id='par_1_102' title="bbox 2092 4284 3673 4366">
     <span class='ocr_line' id='line_1_103' title="bbox 2092 4284 3673 4366; baseline -0.004 -22"><span class='ocrx_word' id='word_1_773' title='bbox 2092 4292 2233 4365; x_wconf 78' lang='grc' dir='ltr'>πλὴν</span> <span class='ocrx_word' id='word_1_774' title='bbox 2268 4293 2560 4366; x_wconf 83' lang='grc' dir='ltr'>πρόχειρος</span> <span class='ocrx_word' id='word_1_775' title='bbox 2589 4293 2744 4365; x_wconf 85' lang='grc' dir='ltr'>ὑμῶν</span> <span class='ocrx_word' id='word_1_776' title='bbox 2774 4292 2869 4347; x_wconf 78' lang='grc' dir='ltr'>καὶ</span> <span class='ocrx_word' id='word_1_777' title='bbox 2893 4293 2922 4345; x_wconf 93' lang='grc' dir='ltr'><strong>ὁ</strong></span> <span class='ocrx_word' id='word_1_778' title='bbox 2947 4290 3090 4346; x_wconf 84' lang='grc' dir='ltr'>κατὰ</span> <span class='ocrx_word' id='word_1_779' title='bbox 3114 4288 3323 4344; x_wconf 84' lang='grc' dir='ltr'>τούτων</span> <span class='ocrx_word' id='word_1_780' title='bbox 3356 4287 3575 4358; x_wconf 77' lang='grc' dir='ltr'>ἔλεγχος</span> <span class='ocrx_word' id='word_1_781' title='bbox 3600 4284 3673 4338; x_wconf 84' lang='grc' dir='ltr'><strong>ῶν</strong></span> 
     </span>
    </p>
   </div>
   <div class='ocr_carea' id='block_1_103' title="bbox 2093 4382 2982 4458">
    <p class='ocr_par' dir='ltr' id='par_1_103' title="bbox 2093 4382 2982 4458">
     <span class='ocr_line' id='line_1_104' title="bbox 2093 4382 2982 4458; baseline 0.001 -19"><span class='ocrx_word' id='word_1_782' title='bbox 2093 4384 2409 4458; x_wconf 77' lang='grc' dir='ltr'>προέφθασε</span> <span class='ocrx_word' id='word_1_783' title='bbox 2442 4385 2543 4458; x_wconf 76' lang='grc' dir='ltr'><strong>τὴν</strong></span> <span class='ocrx_word' id='word_1_784' title='bbox 2571 4385 2780 4453; x_wconf 76' lang='grc' dir='ltr'>οἰκείαν</span> <span class='ocrx_word' id='word_1_785' title='bbox 2805 4382 2982 4449; x_wconf 78' lang='grc' dir='ltr'>τάξιν.</span> 
     </span>
    </p>
   </div>
   <div class='ocr_carea' id='block_1_104' title="bbox 2699 4586 3064 4642">
    <p class='ocr_par' dir='ltr' id='par_1_104' title="bbox 2699 4586 3064 4642">
     <span class='ocr_line' id='line_1_105' title="bbox 2699 4586 3064 4642; baseline -0.003 0"><span class='ocrx_word' id='word_1_786' title='bbox 2699 4587 2951 4642; x_wconf 79' lang='grc' dir='ltr'><strong>ΚΕΦΑΔ.</strong></span> <span class='ocrx_word' id='word_1_787' title='bbox 2991 4586 3064 4641; x_wconf 88' lang='lat' dir='ltr'><strong>B&#39;.</strong></span> 
     </span>
    </p>
   </div>
   <div class='ocr_carea' id='block_1_105' title="bbox 2180 4673 3671 4754">
    <p class='ocr_par' dir='ltr' id='par_1_105' title="bbox 2180 4673 3671 4754">
     <span class='ocr_line' id='line_1_106' title="bbox 2180 4673 3671 4754; baseline -0.005 -19"><span class='ocrx_word' id='word_1_788' title='bbox 2180 4683 2241 4738; x_wconf 85' lang='grc' dir='ltr'>Ὀ</span> <span class='ocrx_word' id='word_1_789' title='bbox 2265 4681 2404 4747; x_wconf 72' lang='grc' dir='ltr'>θεὸς</span> <span class='ocrx_word' id='word_1_790' title='bbox 2428 4681 2603 4752; x_wconf 72' lang='grc' dir='ltr'>Λόγος</span> <span class='ocrx_word' id='word_1_791' title='bbox 2651 4681 2685 4753; x_wconf 77' lang='grc' dir='ltr'>ἢ</span> <span class='ocrx_word' id='word_1_792' title='bbox 2722 4680 2893 4754; x_wconf 84' lang='grc' dir='ltr'>μέρος</span> <span class='ocrx_word' id='word_1_793' title='bbox 2923 4680 3041 4733; x_wconf 76' lang='grc' dir='ltr'>ἐστὶ</span> <span class='ocrx_word' id='word_1_794' title='bbox 3078 4677 3282 4748; x_wconf 75' lang='grc' dir='ltr'>ταύτης</span> <span class='ocrx_word' id='word_1_795' title='bbox 3309 4678 3411 4748; x_wconf 79' lang='grc' dir='ltr'>τῆς</span> <span class='ocrx_word' id='word_1_796' title='bbox 3440 4673 3671 4730; x_wconf 79' lang='grc' dir='ltr'>ὑποστά-</span> 
     </span>
    </p>
   </div>
   <div class='ocr_carea' id='block_1_106' title="bbox 2100 4766 3674 4847">
    <p class='ocr_par' dir='ltr' id='par_1_106' title="bbox 2100 4766 3674 4847">
     <span class='ocr_line' id='line_1_107' title="bbox 2100 4766 3674 4847; baseline -0.008 -15"><span class='ocrx_word' id='word_1_797' title='bbox 2100 4794 2239 4841; x_wconf 84' lang='grc' dir='ltr'>σεως</span> <span class='ocrx_word' id='word_1_798' title='bbox 2268 4777 2365 4830; x_wconf 89' lang='grc' dir='ltr'><strong>τοῦ</strong></span> <span class='ocrx_word' id='word_1_799' title='bbox 2393 4774 2659 4847; x_wconf 79' lang='grc' dir='ltr'>Χριστοῦ,</span> <span class='ocrx_word' id='word_1_800' title='bbox 2688 4773 2722 4843; x_wconf 79' lang='grc' dir='ltr'>ἢ</span> <span class='ocrx_word' id='word_1_801' title='bbox 2746 4774 2889 4829; x_wconf 74' lang='grc' dir='ltr'><strong>ὅλον.</strong></span> <span class='ocrx_word' id='word_1_802' title='bbox 2918 4773 2982 4827; x_wconf 83' lang='grc' dir='ltr'><strong>Εἰ</strong></span> <span class='ocrx_word' id='word_1_803' title='bbox 3012 4771 3113 4842; x_wconf 67' lang='grc' dir='ltr'>μὲν,</span> <span class='ocrx_word' id='word_1_804' title='bbox 3132 4769 3225 4824; x_wconf 82' lang='grc' dir='ltr'>οῦν</span> <span class='ocrx_word' id='word_1_805' title='bbox 3249 4768 3439 4841; x_wconf 76' lang='grc' dir='ltr'>μέρος,</span> <span class='ocrx_word' id='word_1_806' title='bbox 3463 4768 3601 4839; x_wconf 77' lang='grc' dir='ltr'>αῦτη</span> <span class='ocrx_word' id='word_1_807' title='bbox 3620 4766 3674 4820; x_wconf 75' lang='grc' dir='ltr'>δὲ</span> 
     </span>
    </p>
   </div>
   <div class='ocr_carea' id='block_1_107' title="bbox 2095 4859 3716 4941">
    <p class='ocr_par' dir='ltr' id='par_1_107' title="bbox 2095 4859 3716 4941">
     <span class='ocr_line' id='line_1_108' title="bbox 2095 4859 3716 4941; baseline -0.007 -17"><span class='ocrx_word' id='word_1_808' title='bbox 2095 4869 2257 4936; x_wconf 84' lang='grc' dir='ltr'>Υἱὸς,</span> <span class='ocrx_word' id='word_1_809' title='bbox 2294 4868 2479 4941; x_wconf 51' lang='grc' dir='ltr'>,μέρος</span> <span class='ocrx_word' id='word_1_810' title='bbox 2525 4866 2622 4921; x_wconf 88' lang='grc' dir='ltr'><strong>τοῦ</strong></span> <span class='ocrx_word' id='word_1_811' title='bbox 2665 4866 2799 4920; x_wconf 85' lang='grc' dir='ltr'>Υίοῦ</span> <span class='ocrx_word' id='word_1_812' title='bbox 2851 4866 2880 4919; x_wconf 90' lang='grc' dir='ltr'><strong>ὁ</strong></span> <span class='ocrx_word' id='word_1_813' title='bbox 2922 4863 3055 4928; x_wconf 85' lang='grc' dir='ltr'>Θεὸς</span> <span class='ocrx_word' id='word_1_814' title='bbox 3095 4863 3300 4931; x_wconf 76' lang='grc' dir='ltr'>Λόγοςο</span> <span class='ocrx_word' id='word_1_815' title='bbox 3356 4859 3555 4915; x_wconf 85' lang='grc' dir='ltr'>ούκοῦν</span> <span class='ocrx_word' id='word_1_816' title='bbox 3586 4859 3716 4927; x_wconf 61' lang='grc' dir='ltr'><strong>δύο⁴</strong></span> 
     </span>
    </p>
   </div>
   <div class='ocr_carea' id='block_1_108' title="bbox 2095 4948 3673 5033">
    <p class='ocr_par' dir='ltr' id='par_1_108' title="bbox 2095 4948 3673 5033">
     <span class='ocr_line' id='line_1_109' title="bbox 2095 4948 3673 5033; baseline -0.006 -18"><span class='ocrx_word' id='word_1_817' title='bbox 2095 4963 2270 5033; x_wconf 77' lang='grc' dir='ltr'>ἥμισυ</span> <span class='ocrx_word' id='word_1_818' title='bbox 2294 4948 2404 5031; x_wconf 85' lang='grc' dir='ltr'><strong>πρὸ</strong></span> <span class='ocrx_word' id='word_1_819' title='bbox 2424 4959 2523 5031; x_wconf 85' lang='grc' dir='ltr'>τῆς</span> <span class='ocrx_word' id='word_1_820' title='bbox 2544 4957 3014 5032; x_wconf 83' lang='grc' dir='ltr'>ὲνανΟρωπήσεως</span> <span class='ocrx_word' id='word_1_821' title='bbox 3032 4958 3066 5027; x_wconf 79' lang='grc' dir='ltr'>ἡ</span> <span class='ocrx_word' id='word_1_822' title='bbox 3087 4954 3279 5027; x_wconf 84' lang='grc' dir='ltr'>Τριάς.</span> <span class='ocrx_word' id='word_1_823' title='bbox 3305 4955 3369 5007; x_wconf 73' lang='lat' dir='ltr'><strong>El</strong></span> <span class='ocrx_word' id='word_1_824' title='bbox 3383 4953 3443 5007; x_wconf 83' lang='grc' dir='ltr'>δὲ</span> <span class='ocrx_word' id='word_1_825' title='bbox 3458 4954 3521 5006; x_wconf 89' lang='grc' dir='ltr'><strong>τὸ</strong></span> <span class='ocrx_word' id='word_1_826' title='bbox 3536 4952 3673 5019; x_wconf 73' lang='grc' dir='ltr'>ὅλον,</span> 
     </span>
    </p>
   </div>
   <div class='ocr_carea' id='block_1_109' title="bbox 2096 5044 3671 5125">
    <p class='ocr_par' dir='ltr' id='par_1_109' title="bbox 2096 5044 3671 5125">
     <span class='ocr_line' id='line_1_110' title="bbox 2096 5044 3671 5125; baseline -0.007 -17"><span class='ocrx_word' id='word_1_827' title='bbox 2096 5055 2198 5108; x_wconf 86' lang='grc' dir='ltr'><strong>οὑκ</strong></span> <span class='ocrx_word' id='word_1_828' title='bbox 2226 5048 2295 5125; x_wconf 77' lang='grc' dir='ltr'><strong>ἦν</strong></span> <span class='ocrx_word' id='word_1_829' title='bbox 2326 5052 2437 5120; x_wconf 72' lang='grc' dir='ltr'>ἄρα</span> <span class='ocrx_word' id='word_1_830' title='bbox 2486 5051 2593 5123; x_wconf 87' lang='grc' dir='ltr'><strong>πρὸ</strong></span> <span class='ocrx_word' id='word_1_831' title='bbox 2628 5051 2728 5122; x_wconf 77' lang='grc' dir='ltr'>τῆς</span> <span class='ocrx_word' id='word_1_832' title='bbox 2758 5049 3231 5120; x_wconf 78' lang='grc' dir='ltr'>ὲνανορωπήσεως</span> <span class='ocrx_word' id='word_1_833' title='bbox 3259 5047 3289 5100; x_wconf 88' lang='grc' dir='ltr'><strong>ὁ</strong></span> <span class='ocrx_word' id='word_1_834' title='bbox 3314 5044 3448 5108; x_wconf 86' lang='grc' dir='ltr'>Θεὸς</span> <span class='ocrx_word' id='word_1_835' title='bbox 3471 5045 3671 5114; x_wconf 79' lang='grc' dir='ltr'>Λόγος·</span> 
     </span>
    </p>
   </div>
   <div class='ocr_carea' id='block_1_110' title="bbox 2096 5138 3675 5216">
    <p class='ocr_par' dir='ltr' id='par_1_110' title="bbox 2096 5138 3675 5216">
     <span class='ocr_line' id='line_1_111' title="bbox 2096 5138 3675 5216; baseline -0.006 -16"><span class='ocrx_word' id='word_1_836' title='bbox 2096 5147 2220 5200; x_wconf 71' lang='grc' dir='ltr'>ἐπεὶ</span> <span class='ocrx_word' id='word_1_837' title='bbox 2262 5146 2323 5201; x_wconf 76' lang='grc' dir='ltr'><strong>τὸ</strong></span> <span class='ocrx_word' id='word_1_838' title='bbox 2354 5146 2475 5199; x_wconf 82' lang='grc' dir='ltr'>ὅλον</span> <span class='ocrx_word' id='word_1_839' title='bbox 2525 5144 2633 5216; x_wconf 86' lang='grc' dir='ltr'><strong>πρὸ</strong></span> <span class='ocrx_word' id='word_1_840' title='bbox 2663 5143 2772 5197; x_wconf 89' lang='grc' dir='ltr'><strong>τῶν</strong></span> <span class='ocrx_word' id='word_1_841' title='bbox 2800 5142 2983 5216; x_wconf 83' lang='grc' dir='ltr'>μερῶν</span> <span class='ocrx_word' id='word_1_842' title='bbox 3015 5142 3337 5213; x_wconf 83' lang='grc' dir='ltr'>γενήσεται·</span> <span class='ocrx_word' id='word_1_843' title='bbox 3374 5140 3544 5210; x_wconf 81' lang='grc' dir='ltr'>μέρος</span> <span class='ocrx_word' id='word_1_844' title='bbox 3571 5138 3675 5210; x_wconf 70' lang='grc' dir='ltr'><strong>γάρ</strong></span> 
     </span>
    </p>
   </div>
   <div class='ocr_carea' id='block_1_111' title="bbox 2094 5235 3675 5315">
    <p class='ocr_par' dir='ltr' id='par_1_111' title="bbox 2094 5235 3675 5315">
     <span class='ocr_line' id='line_1_112' title="bbox 2094 5235 3675 5315; baseline -0.008 -17"><span class='ocrx_word' id='word_1_845' title='bbox 2094 5245 2190 5299; x_wconf 88' lang='grc' dir='ltr'><strong>τοῦ</strong></span> <span class='ocrx_word' id='word_1_846' title='bbox 2229 5245 2383 5310; x_wconf 81' lang='grc' dir='ltr'>ὅλου,</span> <span class='ocrx_word' id='word_1_847' title='bbox 2428 5244 2464 5315; x_wconf 80' lang='grc' dir='ltr'>ἠ</span> <span class='ocrx_word' id='word_1_848' title='bbox 2498 5241 2768 5315; x_wconf 81' lang='grc' dir='ltr'>γενομένη</span> <span class='ocrx_word' id='word_1_849' title='bbox 2804 5240 3137 5314; x_wconf 82' lang='grc' dir='ltr'>προσφάτως</span> <span class='ocrx_word' id='word_1_850' title='bbox 3165 5238 3322 5309; x_wconf 81' lang='grc' dir='ltr'>σάρξ.</span> <span class='ocrx_word' id='word_1_851' title='bbox 3360 5237 3546 5309; x_wconf 81' lang='grc' dir='ltr'>Μέρος</span> <span class='ocrx_word' id='word_1_852' title='bbox 3578 5235 3675 5306; x_wconf 73' lang='grc' dir='ltr'>μὲν</span> 
     </span>
    </p>
   </div>
   <div class='ocr_carea' id='block_1_112' title="bbox 2096 5322 3678 5411">
    <p class='ocr_par' dir='ltr' id='par_1_112' title="bbox 2096 5322 3678 5411">
     <span class='ocr_line' id='line_1_113' title="bbox 2096 5322 3678 5411; baseline -0.006 -17"><span class='ocrx_word' id='word_1_853' title='bbox 2096 5339 2304 5411; x_wconf 83' lang='grc' dir='ltr'>κυρίως</span> <span class='ocrx_word' id='word_1_854' title='bbox 2346 5338 2406 5392; x_wconf 87' lang='grc' dir='ltr'><strong>τὸ</strong></span> <span class='ocrx_word' id='word_1_855' title='bbox 2446 5337 2545 5392; x_wconf 76' lang='grc' dir='ltr'>σὺν</span> <span class='ocrx_word' id='word_1_856' title='bbox 2575 5334 2795 5408; x_wconf 69' lang='grc' dir='ltr'>ἀτελείᾳ</span> <span class='ocrx_word' id='word_1_857' title='bbox 2816 5334 2923 5388; x_wconf 73' lang='grc' dir='ltr'>τινὶ</span> <span class='ocrx_word' id='word_1_858' title='bbox 2951 5332 3201 5388; x_wconf 77' lang='grc' dir='ltr'>ὁπωσοῦν</span> <span class='ocrx_word' id='word_1_859' title='bbox 3228 5330 3524 5402; x_wconf 81' lang='grc' dir='ltr'>νοούμενον</span> <span class='ocrx_word' id='word_1_860' title='bbox 3545 5347 3560 5360; x_wconf 89' lang='grc'><strong>·</strong></span> <span class='ocrx_word' id='word_1_861' title='bbox 3593 5322 3678 5384; x_wconf 78' lang='grc' dir='ltr'>οὗ·</span> 
     </span>
    </p>
   </div>
   <div class='ocr_carea' id='block_1_113' title="bbox 2092 5423 3676 5498">
    <p class='ocr_par' dir='ltr' id='par_1_113' title="bbox 2092 5423 3676 5498">
     <span class='ocr_line' id='line_1_114' title="bbox 2092 5423 3676 5498; baseline -0.008 -12"><span class='ocrx_word' id='word_1_862' title='bbox 2092 5449 2241 5497; x_wconf 82' lang='grc' dir='ltr'>τινος</span> <span class='ocrx_word' id='word_1_863' title='bbox 2273 5429 2619 5486; x_wconf 78' lang='grc' dir='ltr'>οὐδεπώποτέ</span> <span class='ocrx_word' id='word_1_864' title='bbox 2649 5429 2857 5483; x_wconf 77' lang='grc' dir='ltr'>ἐστινοὸ</span> <span class='ocrx_word' id='word_1_865' title='bbox 2883 5427 3016 5498; x_wconf 72' lang='grc' dir='ltr'>Θεὸς</span> <span class='ocrx_word' id='word_1_866' title='bbox 3040 5425 3235 5496; x_wconf 85' lang='grc' dir='ltr'>Δὸγος.</span> <span class='ocrx_word' id='word_1_867' title='bbox 3284 5425 3397 5495; x_wconf 78' lang='grc' dir='ltr'><strong>Τῆς</strong></span> <span class='ocrx_word' id='word_1_868' title='bbox 3425 5424 3488 5477; x_wconf 85' lang='grc' dir='ltr'>δὲ</span> <span class='ocrx_word' id='word_1_869' title='bbox 3517 5423 3676 5492; x_wconf 79' lang='grc' dir='ltr'>ἁγίας</span> 
     </span>
    </p>
   </div>
   <div class='ocr_carea' id='block_1_114' title="bbox 2096 5514 3676 5593">
    <p class='ocr_par' dir='ltr' id='par_1_114' title="bbox 2096 5514 3676 5593">
     <span class='ocr_line' id='line_1_115' title="bbox 2096 5514 3676 5593; baseline -0.008 -14"><span class='ocrx_word' id='word_1_870' title='bbox 2096 5523 2447 5586; x_wconf 78' lang='grc' dir='ltr'>ὑποστάσεως</span> <span class='ocrx_word' id='word_1_871' title='bbox 2491 5520 2733 5593; x_wconf 78' lang='grc' dir='ltr'>Χριστοῦ</span> <span class='ocrx_word' id='word_1_872' title='bbox 2778 5520 2837 5574; x_wconf 88' lang='grc' dir='ltr'><strong>αί</strong></span> <span class='ocrx_word' id='word_1_873' title='bbox 2881 5517 3110 5589; x_wconf 76' lang='grc' dir='ltr'>φύσεις,</span> <span class='ocrx_word' id='word_1_874' title='bbox 3160 5516 3237 5582; x_wconf 79' lang='grc' dir='ltr'>ὼς</span> <span class='ocrx_word' id='word_1_875' title='bbox 3270 5517 3413 5589; x_wconf 84' lang='grc' dir='ltr'>μέρη</span> <span class='ocrx_word' id='word_1_876' title='bbox 3442 5514 3676 5586; x_wconf 78' lang='grc' dir='ltr'>ὁρῶνται</span> 
     </span>
    </p>
   </div>
   <div class='ocr_carea' id='block_1_115' title="bbox 2092 5607 3677 5688">
    <p class='ocr_par' dir='ltr' id='par_1_115' title="bbox 2092 5607 3677 5688">
     <span class='ocr_line' id='line_1_116' title="bbox 2092 5607 3677 5688; baseline -0.008 -17"><span class='ocrx_word' id='word_1_877' title='bbox 2092 5616 2173 5688; x_wconf 81' lang='grc' dir='ltr'><strong>τῷ</strong></span> <span class='ocrx_word' id='word_1_878' title='bbox 2202 5616 2363 5688; x_wconf 81' lang='grc' dir='ltr'>Λόγῳ</span> <span class='ocrx_word' id='word_1_879' title='bbox 2391 5617 2491 5686; x_wconf 82' lang='grc' dir='ltr'>τῆς</span> <span class='ocrx_word' id='word_1_880' title='bbox 2523 5613 2865 5687; x_wconf 78' lang='grc' dir='ltr'>συγκρίσεως</span> <span class='ocrx_word' id='word_1_881' title='bbox 2890 5610 3102 5677; x_wconf 85' lang='grc' dir='ltr'>αὑτῶν,</span> <span class='ocrx_word' id='word_1_882' title='bbox 3148 5611 3292 5667; x_wconf 76' lang='grc' dir='ltr'>κατᾶ</span> <span class='ocrx_word' id='word_1_883' title='bbox 3319 5609 3450 5679; x_wconf 76' lang='grc' dir='ltr'>μίαν</span> <span class='ocrx_word' id='word_1_884' title='bbox 3483 5607 3677 5661; x_wconf 74' lang='grc' dir='ltr'>έκατέ·</span> 
     </span>
    </p>
   </div>
   <div class='ocr_carea' id='block_1_116' title="bbox 2097 5700 3676 5781">
    <p class='ocr_par' dir='ltr' id='par_1_116' title="bbox 2097 5700 3676 5781">
     <span class='ocr_line' id='line_1_117' title="bbox 2097 5700 3676 5781; baseline -0.006 -18"><span class='ocrx_word' id='word_1_885' title='bbox 2097 5726 2196 5781; x_wconf 85' lang='grc' dir='ltr'><strong>ρας</strong></span> <span class='ocrx_word' id='word_1_886' title='bbox 2221 5750 2236 5774; x_wconf 93' lang='grc'><strong>,</strong></span> <span class='ocrx_word' id='word_1_887' title='bbox 2294 5709 2429 5781; x_wconf 82' lang='grc' dir='ltr'>πρὸς</span> <span class='ocrx_word' id='word_1_888' title='bbox 2477 5709 2577 5779; x_wconf 82' lang='grc' dir='ltr'><strong>τὴν</strong></span> <span class='ocrx_word' id='word_1_889' title='bbox 2626 5705 2703 5771; x_wconf 84' lang='grc' dir='ltr'>ὡς</span> <span class='ocrx_word' id='word_1_890' title='bbox 2746 5703 2988 5777; x_wconf 76' lang='grc' dir='ltr'>Χριστοῦ</span> <span class='ocrx_word' id='word_1_891' title='bbox 3023 5703 3283 5775; x_wconf 74' lang='grc' dir='ltr'>ὁλότητα,</span> <span class='ocrx_word' id='word_1_892' title='bbox 3317 5701 3441 5756; x_wconf 78' lang='grc' dir='ltr'>ὅλον</span> <span class='ocrx_word' id='word_1_893' title='bbox 3470 5700 3529 5769; x_wconf 68' lang='grc' dir='ltr'><strong>δέ</strong></span> <span class='ocrx_word' id='word_1_894' title='bbox 3555 5715 3676 5754; x_wconf 81' lang='grc' dir='ltr'>τινα</span> 
     </span>
    </p>
   </div>
   <div class='ocr_carea' id='block_1_117' title="bbox 2086 5790 3673 5872">
    <p class='ocr_par' dir='ltr' id='par_1_117' title="bbox 2086 5790 3673 5872">
     <span class='ocr_line' id='line_1_118' title="bbox 2086 5790 3673 5872; baseline -0.008 -15"><span class='ocrx_word' id='word_1_895' title='bbox 2086 5803 2183 5857; x_wconf 71' lang='grc' dir='ltr'>ἀεί</span> <span class='ocrx_word' id='word_1_896' title='bbox 2226 5804 2412 5856; x_wconf 77' lang='grc' dir='ltr'>ἐστιν·</span> <span class='ocrx_word' id='word_1_897' title='bbox 2467 5803 2548 5866; x_wconf 80' lang='grc' dir='ltr'><strong>εἰς</strong></span> <span class='ocrx_word' id='word_1_898' title='bbox 2584 5800 2647 5854; x_wconf 80' lang='grc' dir='ltr'>δὲ</span> <span class='ocrx_word' id='word_1_899' title='bbox 2699 5801 2762 5854; x_wconf 81' lang='grc' dir='ltr'><strong>τὸ</strong></span> <span class='ocrx_word' id='word_1_900' title='bbox 2802 5797 3041 5872; x_wconf 81' lang='grc' dir='ltr'>Χριστοῦ</span> <span class='ocrx_word' id='word_1_901' title='bbox 3074 5797 3197 5852; x_wconf 85' lang='grc' dir='ltr'><strong>ὅλον</strong></span> <span class='ocrx_word' id='word_1_902' title='bbox 3225 5790 3399 5861; x_wconf 77' lang='grc' dir='ltr'>εἶναι,</span> <span class='ocrx_word' id='word_1_903' title='bbox 3432 5791 3673 5865; x_wconf 77' lang='grc' dir='ltr'>μερικῶς</span> 
     </span>
    </p>
   </div>
   <div class='ocr_carea' id='block_1_118' title="bbox 2092 5890 2726 5965">
    <p class='ocr_par' dir='ltr' id='par_1_118' title="bbox 2092 5890 2726 5965">
     <span class='ocr_line' id='line_1_119' title="bbox 2092 5890 2726 5965; baseline -0.005 -18"><span class='ocrx_word' id='word_1_904' title='bbox 2092 5893 2252 5948; x_wconf 72' lang='grc' dir='ltr'>λιπὸν</span> <span class='ocrx_word' id='word_1_905' title='bbox 2284 5893 2383 5965; x_wconf 75' lang='grc' dir='ltr'>τὴν</span> <span class='ocrx_word' id='word_1_906' title='bbox 2412 5890 2726 5964; x_wconf 72' lang='grc' dir='ltr'>ἑτερότητα.</span> 
     </span>
    </p>
   </div>
  </div>
