4032 6548
240 443 384 511 15.37

864 565 1116 620 ΚΕΦᾹΛ.
1152 566 1227 623 Γ¹.

318 648 381 701 El
426 648 547 703 ὅλον
593 651 825 722 ταυτησὶ
870 654 974 723 τῆς
1019 655 1369 719 ὑποστάσεως
1404 657 1433 710 ό
1462 658 1593 721 Θεὸς
1623 658 1819 727 Λόγος,

240 739 420 808 φησὶ,
470 741 535 793 ὲκ
579 741 721 806 τίνος
750 742 859 814 ἄρα
893 745 1427 817 συναναπληροῦται,
1460 746 1670 802 εἴπατε.
1713 748 1821 800 Τοῦ

240 826 356 899 γὰρ
390 829 524 882 Θεοῦ
554 830 753 899 Λόγου,
790 833 922 895 Θεὸς
950 832 1124 902 Λόγος
1154 835 1253 888 οὐκ
1280 834 1431 888 ἔσται
1459 836 1654 908 μέρος’
1698 835 1824 889 ἐπεὶ

243 919 420 988 μηδὲν
450 920 644 975 ἑαυτοῦ
680 924 845 994 μέρος
874 920 1017 979 εἶναι
1048 924 1287 995 λέγεται.
1341 926 1564 998 Πρῶτον
1598 929 1696 998 μὲν
1729 928 1822 982 οῦν

238 1011 344 1080 οὐχ
392 1012 580 1076 ἁπλῶς
628 1015 688 1067 τὸ
730 1014 852 1069 ὅλον
896 1018 997 1088 τῆς
1034 1018 1386 1082 ὑποστάσεως
1425 1019 1520 1073 τοῦ
1548 1022 1822 1074 Δεσπότου
1869 1012 1878 1023 κ

238 1099 483 1171 Χριστοῦ
536 1104 563 1154 ό
613 1104 783 1172 Λόγος
824 1106 956 1175 ἡμῖν
1000 1105 1215 1178 εἴρηται
1249 1106 1409 1174 εἶναι,
1447 1109 1584 1163 ἀλλὰ
1617 1129 1819 1183 σεσαρ-

239 1191 512 1262 κωμὲνος.
544 1194 753 1259 ’Δλλως
780 1213 840 1249 τε
865 1213 881 1228 ο
936 1201 985 1250 εἰ
1016 1200 1139 1251 ἐπεὶ
1167 1197 1389 1267 λέγεται
1420 1200 1480 1253 τὸ
1506 1202 1626 1254 ὅλον
1651 1203 1825 1271 αὐτῆς

235 1281 319 1344 ὡς
347 1282 721 1351 ὑποστάσεως,
755 1284 929 1350 οὕτως
958 1282 1100 1341 εἶναι
1130 1290 1158 1341 ὁ
1182 1290 1419 1357 Χριστὸς
1448 1290 1512 1343 ἔκ
1537 1309 1682 1355 τινος
1705 1293 1823 1347 ἑτέ-

239 1390 342 1445 ρου
394 1377 545 1445 παρὰ
590 1376 683 1429 τὸν
724 1378 917 1445 Λόγον,
954 1379 1031 1443 ὼς
1066 1381 1173 1435 τῶν
1203 1383 1388 1453 μερῶν
1418 1385 1621 1455 ἐτέρων
1649 1384 1820 1438 ὄντων

233 1468 332 1520 ἀεὶ
364 1468 512 1539 παρὰ
541 1470 607 1522 τὰ
631 1470 727 1523 ὅλα
756 1471 972 1536 πάντως
1004 1472 1122 1527 δέον
1151 1473 1281 1526 αὐτὸ
1308 1474 1669 1546 πληροῦσθαι,
1696 1478 1822 1530 ἐπεὶ
1869 1488 1873 1492 ’

236 1559 339 1612 καὶ
383 1560 445 1613 τὸ
481 1561 601 1615 ὅλον
649 1562 752 1632 τῆς
796 1564 1074 1634 πατρικῆς
1104 1566 1459 1631 ὑποστάσεως
1504 1571 1532 1622 ό
1562 1569 1694 1633 Θεὸς
1727 1571 1822 1624 καλ⁸

237 1648 435 1720 Πατήρ
469 1652 617 1704 ἐστιν
639 1668 653 1682 ·
694 1652 759 1704 ὲκ
791 1652 937 1714 τίνος
970 1656 1079 1722 ἄρα
1113 1657 1207 1706 καὶ
1236 1655 1355 1708 τόδε
1383 1657 1570 1724 ἐτέρου
1598 1673 1822 1710 συνανα-

236 1740 542 1812 πληροῦται
596 1742 687 1795 τοῦ
735 1742 812 1807 ὡς
861 1744 1061 1814 μέρους
1101 1745 1288 1810 αὐτοῦ,
1325 1748 1536 1801 εἴπατε.
1572 1748 1678 1801 Τοῦ
1712 1749 1821 1817 γὰρ

236 1832 377 1886 Θεοῦ
427 1834 675 1905 Πατρὸς,
721 1838 749 1887 ό
782 1834 913 1918 Θεὸς
960 1838 1171 1909 Πατὴρ,
1208 1840 1308 1891 οὐκ
1340 1838 1493 1892 ἔσται
1524 1839 1649 1892 καθ’
1676 1840 1822 1908 ὑμᾶς

1212 416 1608 522 Auvsasus
1645 457 1824 520 NES’I

1928 456 2190 522 liANOS.
2215 443 2283 496 -'—
2313 464 2462 528 LIB.
2503 466 2582 526 II.
3366 468 3501 536 1538
3572 416 3584 425 χ

1850 572 1903 634 Α

2561 574 2712 629 CAP.
2766 576 2858 632 Πῐ.

1994 663 2053 718 Si
2084 670 2261 718 totum
2290 663 2522 733 hujusce
2558 664 2931 720 subsistentia:
2952 673 3035 721 est
3061 667 3207 723 Deus
3232 670 3499 738 Verbum,
3535 669 3549 675 ’

1924 755 2100 821 aiunt,
2119 771 2147 809 a
2169 770 2278 825 quo
2298 755 2467 824 igitur
2482 756 2823 825 compleatur
2838 756 3002 812 dicite
3022 775 3037 823 ;
3055 758 3148 813 Dei
3166 760 3312 814 enim
3335 762 3499 818 Verbi

1922 846 2068 902 Deus
2084 847 2323 901 Verbum
2352 862 2463 899 non
2487 846 2593 899 crit
2622 862 2768 916 pars,
2791 862 2917 901 cum
2949 849 3087 903 nihil
3111 865 3238 919 pars
3264 865 3386 906 esse
3415 854 3502 908 sui

1923 941 2147 996 dicitur.
2180 939 2365 994 Primo
2397 939 2642 1009 quidem,
2670 956 2779 994 non
2802 940 3127 1010 simpliciter
3169 952 3341 998 totum
3364 945 3499 1001 sub-

1923 1033 2193 1088 sistentiae
2221 1032 2440 1087 Domini
2491 1031 2696 1088 Christi
2731 1048 2763 1086 a
2792 1034 2957 1089 nobis
3001 1034 3207 1090 dicitur
3257 1038 3500 1093 Verbum

1923 1142 2066 1191 esse,
2093 1125 2189 1181 sed
2221 1140 2351 1181 caro
2375 1125 2758 1181 factum.‘Alio
2822 1126 2989 1180 modo
3035 1143 3049 1179 :
3112 1127 3180 1192 si,
3242 1129 3504 1198 quoniam

1924 1218 2129 1273 dicitur
2171 1225 2345 1273 totum
2401 1219 2523 1289 ejus
2565 1218 2959 1283 subsistentia,
3007 1219 3084 1273 ita
3127 1219 3333 1274 dicitur
3380 1236 3507 1276 esse

1923 1311 2206 1367 Christum
2259 1328 2326 1366 ex
2375 1311 2485 1365 alio
2542 1312 2729 1381 aliquo
2791 1323 2991 1382 praeter
3045 1312 3323 1378 Verbum,
3379 1323 3507 1367 tan-

1924 1418 2087 1471 quam
2138 1418 2204 1457 ex
2263 1402 2513 1472 partibus
2556 1418 2677 1471 qua:
2725 1405 2951 1471 semper
2990 1402 3113 1456 alia:
3163 1413 3288 1456 sunt
3321 1404 3505 1472 quoad

1924 1503 2135 1559 totum,
2188 1494 2415 1548 omnino
2456 1494 2832 1548 necessarium
2881 1503 2969 1548 est
3025 1494 3161 1548 illud
3206 1494 3500 1564 compleri;

1930 1600 2057 1640 cum
2090 1594 2262 1638 totum
2296 1595 2540 1653 paterna:
2565 1584 2934 1638 subsistentiae
2967 1584 3039 1637 sit
3061 1584 3204 1638 Deus
3248 1585 3439 1648 Pater;
3469 1600 3503 1641 c

1930 1692 2040 1746 quo
2074 1677 2242 1747 igitur
2272 1676 2382 1729 alio
2418 1675 2566 1730 istud
2626 1676 2970 1744 compleatur
3025 1676 3173 1745 quod
3222 1676 3293 1729 sit
3352 1677 3504 1731 velut

1921 1769 2043 1838 ejus
2063 1784 2210 1837 pars,
2242 1767 2427 1822 dicite.
2488 1767 2583 1821 Dei
2616 1771 2763 1821 enim
2793 1766 2981 1821 Patris
3026 1768 3172 1821 Deus
3200 1768 3365 1821 Pater
3391 1783 3502 1821 non

1924 1861 2032 1914 erit
2052 1877 2177 1929 pars
2206 1860 2507 1915 secundum
2536 1875 2664 1924 vos;
2699 1867 2752 1914 et
2777 1860 2903 1929 quis
2929 1875 3038 1913 non
3069 1858 3378 1929 deplorabit
3403 1859 3504 1915 has

238 1927 430 1997 μέρος.
486 1928 597 1981 Καὶ
634 1927 718 1991 τίς
750 1927 813 1980 οὐ
848 1928 1073 1983 κλαύσει
1102 1929 1263 1982 τάσδε
1296 1932 1397 1994 τὰς
1431 1932 1818 2003 ματαιολογίας

1928 1953 2309 2009 cavillationes
2334 1959 2545 2006 vestras
2567 1959 2623 2006 et
2648 1951 3014 2006 voluntariam
3038 1950 3310 2005 insaniam
3332 1950 3494 2004 ?Non

236 2017 395 2087 ὑμῶν
433 2020 528 2072 καὶ
564 2018 1100 2089 ὲθελοκακουργίας;
1144 2021 1281 2075 Οὔτε
1311 2023 1420 2093 γὰρ
1452 2023 1514 2076 τὸ
1545 2025 1610 2077 ὲκ
1641 2024 1823 2095 μερῶν

237 2114 457 2175 πάντως
482 2107 623 2164 εἷναί
644 2129 698 2164 τι
727 2112 946 2180 λέγεται
967 2113 1108 2177 ὅλον,
1137 2114 1213 2176 ὡς
1238 2116 1340 2167 κάν
1367 2117 1481 2178 τοῖς
1506 2115 1821 2187 ἔμπροσθεν

236 2203 428 2273 εἴρητο
446 2220 461 2234 ο
518 2202 653 2256 ἀλλὰ
698 2202 793 2256 καὶ
825 2202 885 2255 τὸ
903 2244 917 2266 ,
958 2205 1146 2275 ἐντελῆ
1175 2206 1296 2259 τόδε
1323 2222 1376 2258 τι
1404 2206 1493 2259 τὸν
1521 2206 1650 2259 ἴδιον
1678 2207 1821 2277 ἔχειν

236 2296 424 2365 λόγον,
468 2290 512 2349 ὧ
538 2288 707 2350 οὗτοι.
739 2295 928 2358 Οὕτως
955 2296 1062 2367 γὰρ
1094 2296 1213 2349 ὅλον
1250 2298 1345 2351 καὶ
1376 2298 1438 2350 τὸ
1472 2301 1694 2369 σημεῖον
1727 2300 1821 2351 καὶ

237 2390 335 2459 τὴν
374 2388 577 2459 μονάδα
611 2388 739 2460 ὅλην
772 2388 952 2458 φαμέν
976 2404 993 2422 ο
1046 2390 1139 2442 καὶ
1192 2390 1292 2443 οὐκ
1342 2391 1407 2444 ἐκ
1451 2389 1631 2461 μερῶν
1660 2390 1818 2460 ἴσμεν

237 2481 385 2535 τάδε.
422 2482 542 2534 Ἔτι
596 2482 703 2551 μὴν
760 2481 880 2534 οὐδὲ
926 2481 1077 2534 πᾶσα
1115 2481 1306 2552 ὁλότης
1333 2482 1637 2552 ὲτεροειδὴς
1668 2481 1820 2552 παρᾶ

242 2571 303 2625 τὰ
324 2572 529 2642 ἑαυτῆς
561 2570 677 2643 ἅμα
703 2571 1056 2643 θεωρούμενα
1083 2570 1261 2625 πάντα
1289 2571 1451 2643 μέρη·
1480 2572 1659 2641 τίγὰρ
1683 2572 1819 2625 πάν-

241 2682 346 2729 τως
377 2666 474 2718 καὶ
503 2665 726 2736 σιδήρου
758 2666 875 2735 ἅμα
904 2665 932 2717 ὁ
961 2665 1192 2736 μύδρος,
1231 2666 1266 2736 ἢ
1299 2664 1438 2734 πλὴν
1465 2663 1699 2736 αἵματος
1726 2665 1818 2718 κό-

236 2757 365 2827 χλου
395 2758 488 2810 καὶ
514 2755 758 2828 σηρικῶν
788 2757 1049 2828 νημάτων
1079 2760 1112 2828 ἡ
1142 2756 1431 2828 ἁλουργίς;

850 2871 1100 2928 ΚΕΦΑΛ.
1139 2876 1213 2929 Δ’.

309 2966 374 3019 Ei
423 2966 489 3019 ἐκ
536 2964 719 3036 μερῶν
772 2964 849 3035 τῷ
888 2964 1065 3035 Πατρὶ
1099 2966 1193 3018 καὶ
1223 2966 1288 3035 τῇ
1315 2965 1503 3036 Μητρὶ
1532 2963 1815 3035 όμοούσιος

238 3060 273 3130 δ
306 3059 607 3122 ὑπόστασις
635 3057 876 3127 Χριστοῦ
906 3057 973 3110 τὰ
1005 3060 1145 3127 μέρη
1178 3059 1350 3127 αὐτῆς
1377 3058 1571 3121 ταῦτα,
1598 3057 1818 3111 ὲνούσιά

235 3154 407 3217 ἔστιν,
442 3150 475 3222 ἦ
507 3150 766 3216 ἀνούσια;
805 3150 948 3204 Ἀλλ’
978 3152 1027 3202 εί
1059 3150 1159 3219 μὲν
1191 3149 1439 3214 ἀνούσια,
1477 3150 1593 3213 πῶς
1622 3148 1815 3219 όμοού·

1923 2045 2070 2098 enim
2107 2044 2255 2114 quod
2286 2060 2355 2098 ex
2413 2044 2662 2114 partibus
2693 2052 2909 2098 constat
2956 2043 3209 2097 absolute
3259 2058 3380 2097 esse
3416 2052 3503 2097 to-

1930 2145 2047 2190 tum
2076 2137 2302 2199 dicitur,
2329 2142 2390 2189 ut
2422 2136 2679 2204 superius
2713 2136 2925 2207 dictum
2955 2144 3061 2201 est,
3083 2136 3180 2191 sed
3204 2137 3352 2205 quod
3385 2152 3505 2206 per.

1922 2227 2123 2281 fractam
2172 2234 2229 2280 et
2279 2227 2559 2295 propriam
2589 2226 2757 2281 habet
2806 2242 2962 2287 suam
3013 2228 3308 2289 rationem,
3345 2228 3504 2282 oad-

1919 2319 2174 2373 versarii.
2205 2318 2297 2372 Sic
2348 2317 2497 2370 enim
2541 2325 2715 2370 totum
2748 2332 2869 2371 esse
2903 2325 2961 2370 et
3012 2326 3179 2371 totam
3232 2317 3504 2371 unitatem

1920 2409 2193 2473 dicimus;
2248 2423 2428 2476 neque
2456 2422 2522 2461 cx
2540 2406 2792 2475 partibus
2826 2406 2929 2459 ista
2956 2407 3337 2476 cognoscimus
3356 2425 3370 2473 ;
3392 2408 3506 2463 imo

1919 2517 2031 2556 non
2070 2500 2251 2555 omnis
2301 2500 2540 2554 totalitas
2590 2498 2825 2553 diversm
2880 2500 3085 2567 speciei
3125 2508 3349 2554 constat
3389 2501 3508 2554 suis

1919 2592 2171 2662 partibus
2214 2590 2477 2643 omnibus
2522 2588 2686 2644 simul
2730 2588 3111 2643 consideratis.
3150 2589 3292 2643 Num
3348 2591 3502 2644 enim
3540 2642 3543 2643 ν

1918 2685 2053 2739 ferri
2083 2690 2167 2738 est
2202 2682 2444 2736 totalitas
2488 2689 2547 2735 et
2600 2680 2740 2751 ignis
2788 2680 2951 2734 simul
2990 2681 3199 2734 ferrum
3238 2682 3503 2747 candens,

1922 2782 2019 2830 aut
2048 2774 2270 2845 sanguis
2290 2770 2514 2828 conchae
2536 2778 2590 2824 et
2626 2770 2715 2825 ﬁla
2736 2771 2912 2826 serica
2933 2770 3097 2825 simul
3120 2779 3204 2826 est
3229 2774 3509 2841 purpura?

2554 2884 2706 2939 CAP.
2766 2883 2855 2938 Ν.

1987 2980 2042 3036 Si
2073 2996 2141 3034 ex
2172 2976 2420 3047 partibus
2454 2975 2599 3046 patri
2626 2984 2682 3029 et
2733 2975 2897 3029 matri
2932 2974 3131 3029 similis
3162 2976 3400 3031 essentia
3423 2984 3508 3031 est

1916 3071 2272 3129 subsistentia
2317 3068 2545 3133 Christi,
2587 3067 2670 3120 hae
2727 3067 2878 3121 illius
2944 3076 3135 3136 partes
3182 3069 3510 3124 essentiales

1917 3173 2072 3228 sunt,
2117 3172 2213 3217 aut
2249 3178 2395 3216 non:
2429 3161 2475 3214 si
2515 3174 2623 3214 non
2662 3170 2812 3223 sunt,
2839 3158 3121 3228 quomodo
3173 3160 3413 3213 essentia
3435 3161 3510 3214 si-

224 3261 331 3311 νσια
379 3244 493 3305 τοῖς
535 3240 831 3306 ὲνουσίοις;
885 3241 934 3293 εἰ
979 3239 1043 3292 δὲ
1081 3239 1318 3305 ὲνούσια,
1353 3238 1469 3303 πῶς
1500 3239 1600 3292 οὐκ
1627 3239 1813 3302 οὐσίας

1928 3258 2079 3312 miles
2134 3254 2221 3307 his
2264 3250 2362 3322 qui
2429 3260 2559 3305 sunt
2614 3249 3054 3304 cssentialcslsl
3125 3258 3313 3304 autem
3357 3258 3507 3317 sunt,

238 3335 387 3406 μέρη
420 3331 768 3403 καθέστηκες
825 3333 940 3385 Πᾶν
981 3330 1091 3402 γὰρ
1136 3330 1300 3403 μέρος
1331 3331 1596 3395 ἐνουσίου,
1629 3331 1817 3394 οὐσίας

238 3430 408 3500 μέρος
459 3427 707 3499 κυρίως,
762 3428 856 3479 καὶ
903 3426 1001 3496 οὐχ
1048 3425 1422 3487 ὑποστάσεως,
1458 3423 1691 3494 ἐπείπερ
1720 3425 1822 3477 οὐκ

235 3538 306 3575 εκ
344 3521 453 3575 τῶν
480 3520 757 3574 οὐσιωδῶν
792 3522 825 3589 ὴ
870 3520 1187 3581 ὑπόστασις,
1223 3517 1299 3581 ὼς
1325 3517 1624 3580 ὑπόστασις
1653 3534 1822 3586 χαρα-

236 3613 559 3685 κτηρίζεται
590 3630 603 3644 ν
640 3612 755 3665 ἀλλ’
809 3612 901 3663 ἐπὶ
933 3611 1031 3679 μὲν
1059 3608 1166 3661 τῶν
1193 3608 1520 3678 ἀνθρώπων,
1546 3610 1609 3661 ἐκ
1632 3606 1823 3660 λευκό-

235 3716 423 3769 τητος,
457 3700 765 3767 σιμότητος,
796 3699 891 3751 καὶ
913 3697 1021 3749 τῶν
1044 3696 1326 3750 τοιούτων·
1364 3697 1458 3749 ἐπὶ
1475 3696 1532 3748 δὲ
1551 3698 1650 3765 τῆς
1672 3696 1824 3758 Θείας

234 3790 448 3856 οὐσίας,
479 3790 588 3844 ἀπὸ
611 3790 818 3862 τρόπου
850 3789 1160 3860 ὑπάρξεωςο
1200 3787 1322 3841 καθ’
1351 3788 1410 3840 ὃν
1443 3789 1476 3857 ή
1508 3788 1604 3858 μὲν
1633 3804 1824 3857 γεννη-

235 3885 430 3949 τικῶς,
462 3886 495 3956 ἠ
524 3885 582 3939 δὲ
610 3886 1051 3954 γεγεννημένως,
1085 3885 1119 3955 ἡ
1144 3883 1202 3937 δὲ
1230 3884 1661 3954 ὲκπορευτικῶς.
1700 3882 1824 3946 Πῶς

236 3974 333 4031 οῦν
379 3978 474 4031 καὶ
504 3977 598 4031 δύο
624 3976 838 4040 τελείας
875 3978 1133 4045 λέγοντες
1165 3976 1264 4040 τὰς
1294 3976 1484 4039 οὐσίας
1507 4017 1522 4042 ,
1574 3976 1696 4027 ἐπεὶ
1724 3976 1825 4028 οὐκ

236 4068 430 4130 οὐσίας
485 4069 627 4139 μέρη
673 4067 900 4135 λέγετε,
952 4067 1029 4131 ὼς
1078 4069 1142 4120 ὲκ
1185 4067 1369 4138 μερῶν
1399 4083 1535 4135 φατε
1565 4067 1666 4136 τὴν
1694 4067 1827 4119 ὑπόο

237 4178 473 4225 στασιν;
514 4162 625 4215 Καὶ
665 4161 803 4232 μέρη
833 4161 1013 4231 φαμὲν
1048 4161 1419 4223 ὑποστάσεως,
1453 4160 1528 4222 ὼς
1554 4161 1618 4213 ὲκ
1640 4160 1823 4214 πλειό-

238 4271 356 4306 νων
398 4251 566 4320 οὔσης
605 4251 825 4315 οὐσιῶν,
861 4250 960 4313 τὰς
988 4251 1173 4313 οὐσίας
1196 4290 1213 4315 ,
1263 4250 1357 4303 καὶ
1386 4248 1602 4302 ὲνούσια
1630 4250 1822 4313 ταῦτα,

237 4346 411 4416 ἤγουν
463 4343 654 4405 οὐσίας
677 4383 692 4406 ,
749 4342 986 4412 λέγομεν
1025 4342 1118 4394 ἐπὶ
1147 4340 1410 4410 Χριστοῦ.
1451 4340 1574 4403 Πῶς
1608 4341 1664 4393 δὲ
1697 4342 1825 4410 ὑμῖν

179 4452 185 4458 ’
241 4437 299 4491 εῐ
346 4454 400 4489 τι
435 4436 678 4488 ὲνούσιον
715 4435 941 4504 μερικὸν
976 4432 1293 4501 ἀναγκαίως
1321 4434 1490 4497 δοκεῖ,
1526 4432 1623 4486 καὶ
1660 4432 1826 4503 μέρος

238 4529 432 4592 οὐσίας
458 4529 604 4592 τινος
640 4530 767 4598 μιᾶς
800 4528 968 4598 μόνης
997 4525 1430 4596 καθεστηκέναι;
1464 4525 1575 4579 Καὶ
1597 4526 1704 4596 γὰρ
1726 4524 1825 4595 τῆς

239 4622 353 4675 τῶν
402 4620 719 4689 ἀλλοφύλων
770 4620 1149 4683 ὑποστάσεως,
1185 4619 1247 4671 οὐ
1283 4619 1412 4689 μιᾶς
1439 4618 1605 4688 μόνης
1638 4618 1825 4679 οὐσίας

244 4713 345 4786 μέν
378 4714 484 4766 εἱσι
517 4713 587 4765 τὰ
620 4712 762 4784 μέρη
789 4755 803 4779 ,
840 4714 932 4764 καὶ⁹
957 4712 1104 4781 ὅμως
1131 4709 1349 4763 ὲνούσιά
1374 4710 1491 4762 ἐστι
1512 4727 1524 4740 ο
1565 4709 1823 4761 πλειόνων

240 4806 357 4876 γάρ
404 4805 513 4857 τῶν
564 4804 705 4857 κατὰ
745 4804 844 4876 τὴν
885 4804 1184 4856 ὑπόστασιν
1216 4802 1436 4868 οὐσιῶν,
1471 4802 1531 4854 τὸ
1563 4801 1726 4871 μέρος
1756 4800 1820 4852 τὸ

246 4897 495 4950 ἐνούσιον
520 4937 535 4961 ,
590 4896 778 4950 οὐσίαν
838 4895 935 4965 μὲν
977 4891 1117 4946 εἶναι
1154 4894 1393 4957 πάντως,
1429 4893 1529 4945 οὐκ
1558 4892 1740 4953 οὐσίας
1767 4891 1825 4945 δὲ

247 4991 379 5060 μιᾶς
417 4987 582 5059 μέρος
613 4984 753 5040 εἶναι
781 4986 1019 5055 ἀνάγκη.
1055 4986 1179 5048 Πῶς
1203 4985 1258 5037 δὲ
1290 4984 1381 5038 καί
1408 4982 1564 5054 φατε,
1593 4984 1713 5037 ἐπεὶ
1739 4983 1826 5035 λέ-

242 5097 403 5149 γεται
458 5079 701 5132 ἐνούσιόν
747 5096 801 5131 τι
847 5077 1045 5148 μέρος,
1084 5077 1179 5129 καὶ
1210 5076 1397 5139 οὐσίας
1426 5077 1571 5139 τινὸς
1605 5074 1825 5146 ἀριθμῷ

247 5175 378 5244 μιᾶς
412 5173 576 5242 μέρος
604 5166 767 5236 εἶναι,
804 5172 892 5224 διὰ
921 5170 1041 5223 τόδε
1069 5170 1202 5222 αὐτὸ
1232 5171 1525 5237 ἀναγκαῖον
1551 5165 1710 5231 εἶναι,
1741 5168 1822 5220 ὅτι

246 5263 493 5319 ὲνούσιον
539 5262 727 5326 ἁπλῶς
778 5262 1037 5330 λέγεται;
1069 5262 1214 5331 ’Ἄρα
1242 5260 1349 5331 γὰρ
1380 5261 1503 5313 ἐπεὶ¹
1536 5262 1629 5313 καὶ
1660 5258 1825 5330 μέρος

245 5354 492 5425 ἔμψυχον
538 5356 631 5407 καὶ
671 5351 915 5406 ὲνούσιον
966 5355 995 5406 ὁ
1038 5352 1325 5422 ἄνθρωπος
1362 5350 1456 5403 τοῦ
1493 5351 1701 5421 κόσμου
1738 5350 1826 5403 λέ-

246 5464 402 5517 γεται
434 5445 570 5500 εἶναι
588 5488 604 5509 ,
639 5446 741 5518 ἤδη
773 5447 867 5501 καὶ
894 5446 1057 5516 μέρος
1081 5444 1260 5514 ψυχῆς
1285 5462 1430 5507 τινος
1456 5443 1822 5497 καθολικωτέ-

251 5556 354 5612 ρας
386 5541 714 5612 νοηθήσεται
737 5557 753 5572 ο
809 5540 907 5594 καὶ
951 5541 1071 5592 ἐπεὶ
1107 5540 1272 5610 μέρος
1299 5537 1393 5592 τοῦ
1424 5537 1594 5607 φυτοῦ
1625 5539 1657 5607 ἡ
1685 5537 1823 5608 συκῆ

250 5632 494 5695 ὲνούσιος
541 5632 711 5698 οὖσα,
761 5632 951 5695 οὐσίας
998 5633 1183 5695 ἁπλῶς
1227 5632 1322 5684 τοῦ
1363 5630 1531 5701 gos-tat")
1575 5634 1703 5701 μιᾶς
1736 5632 1823 5683 ἐν·

253 5728 534 5798 υπάρκτου
569 5726 721 5779 ἔσται
755 5725 940 5797 μέρος.
991 5725 1053 5779 El
1093 5725 1149 5777 δὲ
1193 5725 1255 5778 τὸ
1285 5728 1469 5796 σχῆμα
1499 5725 1597 5795 τῆς
1625 5724 1825 5790 λέξεως

250 5819 429 5874 πείθει
458 5819 520 5873 τδ
546 5818 790 5873 ὲνούσιον
819 5818 1010 5882 οὐσίας
1045 5819 1208 5889 μέρος
1239 5812 1399 5881 εἶναι,
1421 5818 1543 5870 ἐπεὶ
1570 5817 1664 5870 καὶ
1687 5816 1826 5868 ἐντό-

250 5912 379 5968 πιόν
422 5930 476 5968 τι
525 5916 742 5983 ε’ρηται
784 5907 925 5967 εἶναι
950 5953 964 5979 ,
1019 5911 1129 5983 ἄρα
1171 5912 1336 5985 μέρος
1366 5908 1508 5967 εἶναι
1531 5912 1699 5966 τόπου
1727 5910 1823 5966 καὶ

1924 3346 2201 3420 quomodo
2233 3359 2344 3398 non
2391 3342 2647 3397 essentia
2678 3349 2869 3410 partes
2911 3342 3076 3395 sunt?
3133 3340 3268 3394 Nam
3329 3342 3513 3395 onmis

1922 3455 2048 3510 pars
2075 3437 2219 3491 entis
2271 3433 2609 3493 essentialis,
2660 3432 2921 3487 essentiae
2951 3447 3078 3501 pars
3108 3442 3196 3487 est
3252 3434 3504 3503 proprie,

1923 3545 2105 3600 neque
2132 3526 2535 3588 subsistentia,
2562 3524 2693 3578 dum
2728 3539 2839 3578 non
2863 3539 2931 3578 ex
2962 3523 3356 3579 essentialibus
3382 3524 3511 3577 sub-

1924 3619 2202 3683 sistentia;
2246 3618 2426 3690 qubad
2465 3616 2847 3671 subsistentia:
2874 3616 3256 3670 characterem
3320 3625 3506 3679 tenet;

1925 3710 2019 3765 scd
2058 3712 2113 3765 in
2139 3710 2462 3764 hominibus
2504 3725 2571 3762 ex
2595 3708 2873 3770 albedine,
2908 3707 3245 3772 simositate,
3286 3718 3343 3761 et
3389 3708 3514 3761 tali-

1926 3804 2062 3869 bus;
2100 3804 2156 3857 in
2187 3802 2375 3857 divina
2416 3808 2601 3855 autem
2640 3800 2884 3855 essentia
2910 3816 2977 3853 ex
3034 3801 3375 3855 exsistentizc
3425 3817 3516 3854 ra-

1927 3896 2098 3961 tione,
2130 3894 2439 3949 secundum
2472 3907 2637 3962 quam
2695 3899 2792 3945 aut
2839 3892 3083 3961 genitor,
3120 3897 3218 3945 aut
3267 3892 3509 3961 genitus,

1925 3995 2022 4041 aut
2059 3986 2368 4056 procedens
2399 3994 2502 4039 est.
2531 3983 2826 4049 Quomodo
2862 3983 3031 4053 igitur
3062 3983 3201 4037 duas
3244 3982 3515 4052 perfectas

1926 4079 2122 4133 dicunt
2152 4078 2445 4141 essentias,
2477 4092 2604 4130 cum
2669 4092 2780 4130 non
2836 4076 3097 4130 essentia:
3144 4084 3333 4145 partes
3361 4090 3513 4129 assc-

1927 4171 2069 4235 ritis,
2106 4176 2168 4225 ut
2219 4185 2287 4223 ex
2325 4169 2577 4239 partibus
2619 4168 3034 4223 subsistentiam
3061 4168 3282 4221 dicitis?
3308 4176 3363 4222 et
3388 4182 3514 4236 pa:-

1930 4278 2012 4323 tes
2042 4267 2281 4322 dicimus
2305 4265 2678 4320 subsistentia:
2710 4273 2971 4332 tanquam
3016 4261 3087 4315 sit
3114 4261 3207 4314 illa
3235 4275 3303 4313 ex
3338 4258 3516 4327 plurio

1926 4362 2033 4416 bus
2064 4359 2341 4421 essentiis,
2366 4358 2634 4412 essentias
2669 4364 2724 4411 et
2776 4356 2893 4409 haec
2921 4353 3266 4415 essentialia,
3322 4351 3377 4404 id
3424 4357 3509 4403 est

1933 4454 2247 4518 essentias,
2306 4452 2546 4506 dicimus
2594 4451 2647 4504 in
2693 4448 2937 4503 Christo.
2985 4446 3275 4513 Quomodo
3325 4453 3512 4499 autem

1933 4545 2117 4608 vobis,
2157 4544 2203 4598 si
2232 4542 2369 4613 quid
2434 4551 2521 4595 est
2579 4540 2903 4603 essentiale,
2969 4537 3225 4607 partibus
3258 4542 3516 4588 constare

1934 4634 2256 4689 necessario
2282 4633 2527 4697 videtur,
2559 4641 2614 4685 et
2652 4645 2781 4700 pars
2819 4629 2985 4682 unius
3016 4635 3228 4680 tantum
3257 4624 3518 4679 essentia:

1934 4727 2096 4782 esse?
2119 4734 2177 4779 et
2202 4725 2348 4779 enim
2375 4725 2431 4777 in
2461 4733 2782 4777 caetcrorum
2811 4719 3197 4780 subsistentia,
3246 4732 3356 4770 non
3401 4726 3519 4768 tan-

1935 4826 2051 4872 tum
2084 4816 2249 4870 unius
2285 4814 2540 4869 essentia:
2571 4820 2700 4865 sunt
2732 4820 2941 4880 partes,
2998 4820 3055 4862 et
3096 4808 3263 4861 simul
3324 4821 3517 4860 essen-

1934 4911 2092 4964 tiales
2117 4917 2266 4963 sunt.
2311 4906 2558 4961 Plurium
2606 4904 2753 4957 enim
2793 4903 2848 4955 in
2909 4899 3269 4955 subsistentia
3326 4912 3517 4951 essen-

1934 5003 2157 5062 tiarum.
2190 5014 2318 5070 pars
2349 4996 2684 5059 essentialis,
2711 4994 2955 5047 essentia
2983 4993 3055 5045 sit
3085 4991 3312 5044 omnino
3337 5004 3518 5057 neque

1932 5089 2185 5145 essentia).
2221 5103 2328 5141 non
2376 5094 2588 5139 tantum
2644 5098 2773 5152 pars
2822 5095 3052 5134 necesse
3094 5087 3197 5133 est.
3231 5075 3520 5143 Quomodo

1935 5189 2120 5235 autem
2174 5178 2379 5242 dicitis,
2432 5192 2556 5231 cum
2613 5173 2883 5228 asscritur
2941 5170 3237 5225 cssentiale
3279 5168 3518 5237 aliquam

1930 5286 2054 5326 esse
2084 5278 2315 5340 partem,
2356 5276 2413 5322 et
2459 5265 2719 5320 essentia:
2776 5262 3014 5330 alicujus
3067 5274 3304 5313 numero
3348 5257 3517 5311 unius

1931 5371 2145 5433 partem
2182 5375 2324 5425 esse,
2354 5359 2426 5412 ob
2462 5358 2567 5411 hoc
2600 5371 2722 5410 esse
2766 5352 3170 5415 necessarium,
3218 5359 3277 5403 ut
3318 5364 3511 5403 essen—

1933 5457 2061 5510 tiale
2110 5452 2437 5522 simpliciter
2475 5448 2729 5505 dicatur?
2797 5446 3135 5508 Enimvero,
3195 5458 3319 5498 cum
3383 5455 3512 5511 pars
3577 5442 3582 5447 ’

1931 5546 2124 5603 mundi
2149 5543 2405 5599 animalis
2450 5550 2507 5595 et
2538 5538 2853 5594 essentialis
2908 5536 3073 5589 homo
3109 5549 3230 5589 esse
3286 5532 3512 5596 dicitur,

1929 5638 2038 5709 jam
2066 5651 2191 5706 pars
2220 5634 2454 5703 alicujus
2480 5631 2679 5685 animae
2712 5628 2884 5699 magis
2917 5625 3246 5696 universalis
3294 5631 3518 5691 reputa-

1933 5729 2125 5793 bitur;
2154 5735 2229 5791 et,
2266 5740 2390 5780 cum
2427 5738 2555 5794 pars
2602 5722 2801 5791 planta:
2856 5720 2929 5773 sit
2992 5717 3131 5772 ﬁcus
3179 5713 3513 5776 cssentialis,

1931 5818 2188 5875 cssentiae
2229 5813 2559 5886 simpliciter
2614 5812 2780 5867 unius
2827 5810 3029 5881 planta:
3070 5807 3178 5862 erit
3229 5819 3377 5875 pars.
3416 5801 3512 5856 Sin

1931 5918 2117 5967 autem
2137 5906 2395 5965 vocabuli
2428 5906 2656 5962 habitus
2698 5904 2909 5962 indicat
2954 5898 3249 5959 cssentiale
3292 5899 3504 5966 partem
