4032 6546
515 430 652 494 1539

1755 435 2068 498 LEONTII
2106 436 2513 501 BYZANTINI

3644 436 3777 500 1560

506 555 632 595 esse
682 539 956 605 essentim,
1017 555 1142 596 cum
1191 539 1407 611 aliquid
1454 540 1631 596 locale
1667 557 1814 598 .esse
1865 541 2092 609 dicitur,

2206 544 2313 599 τόδε
2335 546 2747 617 λογισθήσεται*
2784 546 2880 601 καὶ
2898 546 3023 601 ἐπεὶ
3043 545 3289 617 ἐνύδρων
3310 542 3533 612 λέγεται
3549 561 3603 599 τι
3622 546 3777 614 ζῶον,

509 647 640 700 pars
664 647 798 702 ergo
828 632 937 687 loci
959 646 1080 687 esse
1099 633 1208 688 hoc
1228 633 1671 700 existimabitur;
1697 643 1755 689 et
1779 649 1904 689 cum
1927 650 2092 707 aqua-

511 722 684 778 ticum
714 722 918 778 dicitur
941 722 1168 794 aliquod
1197 724 1426 791 animal,
1479 739 1613 794 ergo
1652 738 1781 794 pars
1800 723 1908 779 erit
1935 738 2094 795 aqua:

513 812 623 868 hoc
657 815 883 871 animal.

1180 928 1336 985 CAP.
1363 929 1429 985 V.

585 1018 644 1074 Si
667 1034 736 1075 ex
776 1026 932 1090 parte
955 1019 1209 1091 ejusdem
1233 1021 1491 1078 essentia:
1521 1030 1608 1078 est
1631 1024 1697 1078 ac
1726 1021 1910 1090 Pater,
1932 1029 1993 1078 et
2025 1037 2096 1079 ex

511 1120 669 1183 parte
680 1111 929 1182 ejusdem
939 1112 1195 1168 essentia:
1211 1128 1275 1168 ac
1297 1113 1491 1180 David,
1511 1114 1873 1171 subsistentia
1892 1129 2096 1171 secun-

515 1204 648 1259 dum
672 1219 773 1260 vos
797 1204 1008 1260 indicat
1024 1206 1123 1261 has
1144 1216 1353 1275 partes,
1373 1222 1620 1277 perquas
1640 1207 1790 1263 Patri
1824 1222 1888 1262 ac
1900 1205 2096 1262 Davidi

412 1310 451 1331 λ
514 1306 601 1353 est
627 1299 868 1353 essentia
885 1299 1104 1367 similis,
1132 1300 1280 1354 Deus
1295 1309 1450 1355 estet
1476 1301 1664 1366 homo,
1683 1317 1753 1356 an
1767 1300 1919 1355 aliud
1936 1299 2099 1371 quid?

518 1390 576 1446 Si
590 1405 720 1446 vero
736 1391 884 1445 aliud
907 1391 1063 1462 quid,
1100 1390 1190 1446 dic
1205 1391 1337 1461 quid
1360 1394 1453 1448 sit.
1477 1392 1533 1447 Si
1555 1393 1701 1448 Deus
1730 1401 1887 1448 estet
1901 1392 2088 1459 homo,

2192 634 2303 710 ἄρα
2331 638 2427 692 καὶ
2460 637 2630 711 μέρος
2655 636 2811 693 ἔσται
2836 637 2899 692 τδ
2920 635 3061 702 ζῶον
3087 636 3302 701 ὕδατος.

2794 926 3047 981 ΚΕΦΑΛ.
3098 927 3178 981 E'.

2264 1019 2329 1075 Ei
2359 1022 2424 1074 ὲκ
2452 1020 2655 1092 μέρους
2682 1019 2975 1091 ὁμοοὺσιος
3006 1019 3086 1090 τῷ
3139 1019 3339 1089 Πατρὶ,
3365 1021 3463 1074 καὶ
3484 1020 3552 1075 ἐκ
3581 1019 3776 1091 μέρους

2192 1114 2476 1186 όμοοὺσιος
2497 1113 2575 1185 τῷ
2604 1112 2786 1179 Δαϐὶδ,
2813 1114 2848 1183 ἠ
2885 1113 3016 1184 παρ’
3041 1112 3172 1182 ὑμῖν
3198 1113 3523 1179 ὑπόστασις,
3558 1114 3685 1167 είπὲ
3711 1114 3779 1166 τὰ

2198 1207 2336 1279 μέρη
2389 1205 2583 1272 ταῦτα,
2623 1204 2744 1258 καθ’
2779 1203 2818 1259 ἃ.
2868 1205 2965 1259 καὶ
3013 1204 3092 1275 τῷ
3125 1204 3300 1274 Πατρὶ
3355 1206 3453 1258 καὶ
3496 1204 3579 1274 τῷ
3612 1205 3777 1259 Δαϐίδ

2196 1298 2346 1353 ἔστιν
2368 1296 2632 1366 ὀμοοὺσια
2650 1314 2666 1331 ο
2684 1297 2816 1361 Θεός
2832 1281 2948 1350 ἐστι
2965 1298 3061 1350 καὶ
3085 1296 3394 1367 ἄνθρωπος,
3423 1297 3457 1367 ἢ
3482 1296 3671 1367 ἕτερόν
3695 1315 3778 1364 τις

2207 1391 2347 1447 Ἀλλ’
2374 1392 2431 1445 είς
2455 1394 2553 1462 μὲν
2585 1390 2774 1462 ἕτερόν
2795 1408 2869 1454 τι,
2906 1390 3029 1444 εἰπὲ
3058 1390 3111 1455 τί
3134 1391 3327 1445 τοῦτο’
3364 1392 3414 1444 εί
3440 1391 3498 1444 δὲ
3537 1392 3673 1454 Θεὸς
3689 1394 3782 1445 καὶ

519 1499 633 1538 non
667 1483 777 1538 erit
800 1484 966 1538 homo
997 1484 1209 1539 habens
1256 1485 1536 1555 propriam
1567 1485 1982 1541 subsistentiam
2013 1500 2102 1541 se-

2206 1485 2502 1557 ἅνθρωπος,
2527 1485 2628 1538 οὑκ
2665 1484 2816 1538 ἔσται
2858 1485 2887 1538 6
2917 1483 3209 1553 ἄνθρωπος
3242 1482 3385 1554 ἔχων
3444 1483 3620 1552 ίδικὴν
3651 1484 3782 1536 ὑπό-

521 1572 766 1628 cundum
803 1573 997 1639 David,
1023 1573 1113 1628 cui
1143 1575 1385 1629 essentia
1413 1575 1610 1631 similis
1643 1583 1747 1642 est;
1771 1576 1912 1630 sicut
1953 1576 2100 1631 Deus

525 1665 764 1720 Verbum
799 1667 965 1721 habet
1000 1669 1283 1738 propriam
1308 1668 1727 1724 subsistentiam
1781 1668 2091 1724 secundum

522 1758 766 1825 Patrem,
801 1760 891 1814 cui
924 1761 1168 1815 essentia
1198 1760 1398 1816 similis
1421 1761 1933 1818 est.'lnsubsistens
1947 1765 2097 1817 enim

523 1851 850 1906 subsistenti
882 1852 1075 1907 eadem
1115 1853 1358 1908 essentia
1406 1853 1589 1909 simile
1619 1870 1904 1924 nunquam
1933 1853 2100 1923 ~dice—

520 1948 637 1995 tur.
662 1941 718 1997 Si
748 1941 920 2013 igitur
952 1958 1059 1997 una
1094 1943 1455 1999 subsistentia
1485 1945 1673 2000 sitDei
1701 1945 1892 2010 Verbi,
1923 1954 1980 2001 et
2004 1944 2099 2000 illa

522 2034 768 2102 perfecta
814 2043 872 2089 et
917 2035 1160 2092 essentia
1218 2037 1414 2092 similis
1464 2038 1634 2101 Patri,
1699 2038 1860 2092 homo
1902 2039 1999 2107 qui
2034 2054 2102 2093 ex

518 2125 685 2181 nobis
732 2136 847 2191 est,
895 2136 991 2182 aut
1021 2128 1390 2185 insubsistens
1427 2130 1538 2184 erit
1589 2140 1646 2185 et
1678 2130 1733 2184 in
1782 2142 1935 2186 mero
1996 2146 2098 2185 vo-

518 2215 727 2270 cabulo
781 2217 991 2284 dictus,
1049 2228 1147 2273 aut
1196 2219 1526 2283 subsistens,
1545 2228 1601 2275 et
1630 2221 1710 2276 sic
1733 2221 1946 2277 habens
1972 2236 2101 2291 per-

519 2308 725 2364 fectam
756 2311 1200 2378 subsistentiam,
1236 2316 1420 2385 quoad
1452 2316 1619 2370 homo
1639 2327 1745 2371 est.
1774 2316 1873 2372 Sin
1915 2327 2098 2372 autem

520 2399 917 2467 insubsistens,
979 2404 1322 2474 superﬂuum
1363 2415 1449 2462 est
1509 2406 1746 2462 similem
1774 2423 1896 2463 esse
1945 2408 2100 2462 illum

519 2494 763 2548 essentia
800 2495 1024 2561 Davidi;
1053 2497 1193 2551 nihil
1225 2499 1374 2553 enim
1435 2500 1854 2556 insubsistentis
1911 2500 2099 2555 subsi-

521 2587 690 2641 stenti
722 2596 904 2656 potest
931 2603 1055 2645 esse
1119 2592 1302 2647 simile
1353 2593 1616 2647 essentia.
1653 2592 1710 2648 Si
1755 2608 1891 2648 vero
1918 2592 2102 2648 subsi-

520 2686 694 2742 stens,
722 2678 877 2747 jnste
908 2680 1147 2735 essentia
1179 2682 1375 2736 similis
1404 2682 1622 2737 dicetur
1681 2679 1914 2750 Davidi';
1972 2699 2101 2738 nam

519 2767 747 2823 omnino
768 2766 973 2823 dicitur
1011 2771 1367 2826 subsistentia
1391 2771 1762 2827 subsistentia:
1789 2774 1984 2828 similis
2012 2790 2102 2829 es-

522 2861 824 2926 sentia;ct
849 2862 1028 2917 abibit
1085 2864 1244 2920 vobis
1288 2865 1572 2936 sophisma
1628 2883 1740 2937 quo
1789 2867 1931 2923 duas
1969 2868 2104 2922 sub-

519 2951 811 3008 sistentias
842 2953 1029 3012 dicere
1068 2957 1503 3028 nolentes,lduas
1530 2967 1758 3015 naturas
1807 2959 1905 3014 Dei
1930 2959 2099 3015 Verbi

519 3052 578 3099 et
608 3044 849 3101 hominis
874 3061 941 3101 ex
971 3047 1133 3103 nobis
1158 3048 1383 3103 oriundi
1431 3049 1637 3105 dicitis.

592 3137 817 3200 Verum.
847 3155 881 3194 o
906 3141 1239 3207 adversarii,
1268 3141 1314 3197 si
1338 3142 1504 3197 detur
1548 3143 1717 3199 semel
1744 3144 1904 3199 istam
1929 3160 2094 3199 unam

2199 1593 2389 1631 στασιν
2422 1576 2573 1648 παρὰ
2605 1575 2695 1629 τὸν
2723 1574 2910 1635 Δαϐὶδ,
2956 1566 3001 1639 ᾧ
3043 1574 3195 1627 ἐστιν
3226 1572 3538 1644 ὁμοοὺσιος.
3568 1573 3783 1644 Ὠσπερ

2198 1671 2292 1726 καὶ
2328 1672 2356 1724 6
2382 1669 2513 1732 θεὸς
2536 1668 2706 1736 Λόγος
2736 1666 2850 1738 ἔχει
2905 1666 3081 1738 ίδικὴν
3126 1666 3429 1720 ὑπόστασιν
3484 1666 3640 1737 παρᾶ
3693 1666 3784 1718 τον

2200 1761 2443 1831 Πατέρα,
2535 1762 2681 1814 ἐστιν
2703 1759 3021 1831 ὁμοοὺσιοςο
3060 1759 3122 1814 τὸ
3153 1760 3264 1831 γὰρ
3304 1759 3683 1813 ἀνυπόστατον
3710 1759 3786 1831 τῷ

2202 1853 2551 1923 ένυποστάτῳ
2580 1851 2864 1923 όμοοὺσιόν
2896 1869 3032 1907 ποτε
3071 1852 3172 1906 οὑκ
3205 1851 3273 1907 ἂν
3299 1852 3546 1924 λεχθείη.
3581 1853 3647 1906 Εἰ
3671 1854 3785 1905 τοὶ-

2204 1965 2297 2000 νυν
2330 1946 2429 2016 μία
2461 1946 2763 2009 ὑπόστασις
2785 1944 2880 1999 τοῦ
2911 1945 3047 2000 Θεοῦ
3076 1947 3276 2015 Λόγου,
3311 1947 3405 2001 καὶ
3430 1945 3574 2017 αὕτη
3604 1946 3785 1999 τελεία

2204 2039 2297 2093 καὶ
2323 2037 2609 2108 ὁμοοὺσιος
2654 2036 2735 2107 τῷ
2780 2036 2977 2107 Πατρὶ,
3010 2038 3039 2090 6
3091 2036 3150 2103 ἐξ
3179 2037 3337 2109 ἡμῶν
3389 2036 3699 2109 ἄνθρωπος,
3752 2036 3785 2105 ἢ

2204 2128 2576 2192 ἀνυπόστατός
2606 2128 2725 2180 ἐστι
2766 2126 2863 2180 καὶ
2894 2126 3058 2198 μέχρι
3089 2126 3253 2197 ψιλῆς
3283 2127 3385 2197 τῆς
3413 2126 3603 2196 φωνῆς
3633 2125 3783 2192 λεγόο

2207 2239 2389 2293 μενος,
2420 2221 2453 2293 ἢ
2487 2222 2870 2287 ὲνυπόστατος,
2896 2221 2993 2274 καὶ
3019 2221 3185 2285 αὐτὸς
3210 2221 3426 2274 τελείαν
3484 2219 3630 2290 ἔχων
3686 2219 3785 2291 τὴν

2203 2313 2524 2375 ὑπόστασιν,
2560 2312 2696 2366 καθὸ
2731 2312 3037 2385 ἅνθρωπος.
3065 2311 3207 2367 Ἀλλ’
3238 2314 3287 2365 εί
3338 2311 3438 2381 μὲν
3470 2311 3787 2365 ἀνυπόστα-

2202 2421 2312 2470 τος,
2348 2404 2600 2476 περιττὸν
2634 2404 2696 2457 τὸ
2727 2403 3012 2473 ὁμοοὺσιον
3046 2404 3209 2457 αὑτὸν
3262 2400 3405 2457 εἶναι
3459 2404 3541 2475 τῷ
3587 2402 3786 2456 Δαείδο

2202 2496 2356 2550 οὐδὲν
2428 2495 2540 2566 γὰρ
2602 2495 2977 2549 ἀνυπόστατον
3040 2495 3391 2566 ἐνυποστάτῳ
3441 2494 3790 2564 καθέστηκεν

2201 2584 2506 2656 ὁμοοὺσιον.
2538 2586 2601 2638 Εἰ
2624 2584 2683 2638 δὲ
2708 2586 3096 2653 ὲνυπόστατος,
3117 2586 3346 2648 δικαίως
3381 2586 3481 2656 μὲν
3502 2584 3791 2657 όμοοὺσιος

2200 2676 2531 2748 λεχθήσεται
2559 2675 2638 2747 τῷ
2670 2674 2836 2729 Δαὸξδ
2853 2691 2868 2704 ⁸
2896 2674 3128 2730 καθόλου
3179 2676 3290 2746 γὰρ
3316 2676 3625 2737 ὑπόστασις
3652 2676 3787 2726 ὑπο-

2204 2770 2394 2823 στάσει
2452 2768 2671 2837 λέγεται
2727 2765 3042 2838 ὁμοοὺσιος’
3097 2768 3380 2837 οἰχήσεται
3406 2765 3464 2819 δὲ
3519 2765 3680 2836 ὑμῶν
3732 2764 3793 2816 τὸ

2205 2862 2450 2932 σόφισμα
2509 2861 2570 2914 τὸ
2602 2861 2676 2932 μὴ
2708 2859 2890 2929 λέγειν
2931 2859 3027 2913 δύο
3066 2859 3397 2921 ὑποστάσεις
3444 2857 3793 2928 βουλομένων

2201 2956 2302 3020 τὰς
2327 2955 2424 3009 δύο
2461 2953 2651 3025 φύσεις
2679 2952 2773 3008 τοῦ
2801 2970 2862 3008 τε
2890 2953 3029 3008 Θεοῦ
3053 2954 3230 3023 Λόγου
3279 2952 3375 3006 καὶ
3402 2950 3498 3004 τοῦ
3540 2950 3602 3015 ἐξ
3631 2949 3792 3021 ἡμῶν

2202 3042 2494 3118 ἀνθρώπου
2525 3046 2725 3116 λέγειν.

2289 3139 2450 3205 Ἀλλ’,
2481 3133 2527 3193 ὦ
2560 3131 2730 3205 οὗτοι,
2764 3140 2814 3193 εἰ
2837 3137 2965 3209 δοθῇ
2994 3136 3143 3205 ἅπαξ
3170 3135 3309 3206 αὕτη
3334 3137 3366 3206 ἡ
3393 3134 3497 3206 μία
3548 3133 3799 3189 ὑπόστα-

521 3231 937 3288 subsistentiam
973 3236 1188 3290 naturis
1213 3235 1418 3305 quibus
1437 3246 1656 3292 constat
1696 3238 1869 3292 Deum
1896 3247 1954 3292 et
1983 3237 2090 3292 ho-

2206 3249 2289 3295 σις
2312 3234 2434 3297 ταῖς
2465 3231 2694 3301 φύσεσιν
2714 3231 2883 3302 αὑτῆς
2902 3230 3035 3294 Θεδς
3059 3230 3155 3284 καὶ
3187 3227 3473 3299 ἄνθρωπος
3502 3225 3649 3282 εἶναι
3668 3227 3797 3281 καθ’

522 3324 726 3381 minem
789 3341 913 3382 esse
969 3323 1278 3382 secundum
1333 3344 1456 3394 nos,
1511 3330 1791 3399 quomodo
1833 3330 1941 3385 erit
2004 3346 2105 3401 per

524 3416 699 3486 ipsam
727 3426 980 3474 naturam
1010 3421 1177 3475 homo
1210 3421 1422 3477 habens
1461 3424 1742 3493 propriam
1790 3424 2107 3480 subsisten-

525 3508 680 3575 tiam,
729 3520 826 3565 aut
869 3511 1050 3566 Deus?
1079 3511 1199 3567 Non
1253 3513 1401 3568 enim
1426 3514 1592 3570 datus
1644 3524 1730 3570 est
1784 3516 1948 3571 nobis
2000 3515 2106 3572 iste

523 3597 693 3652 homo
714 3600 807 3668 qui
836 3615 949 3655 non
981 3610 1128 3658 esset
1175 3603 1341 3669 Deus,
1372 3619 1553 3675 neque
1601 3621 1837 3676 usquam
1875 3605 2103 3674 dicitur,

527 3690 606 3743 ita
638 3698 698 3744 ut
732 3690 973 3746 hominis
1007 3702 1064 3748 et
1095 3694 1187 3748 Dei
1230 3694 1591 3751 subsistentia
1636 3707 1938 3768 quaeratur.
1963 3698 2108 3754 Ecce

525 3780 671 3835 enim
731 3798 832 3837 vos
889 3783 1129 3850 dixistis,
1184 3793 1445 3857 tanquam
1496 3796 1684 3859 partes
1726 3790 1839 3844 sint
1874 3790 2107 3861 hujusce

524 3873 922 3941 subsistentia,
957 3877 1239 3934 hominem
1272 3894 1375 3935 nos
1399 3879 1591 3936 dicere
1633 3890 1690 3936 et
1729 3882 1925 3937 Deum.
1964 3883 2107 3939 Pars

524 3971 712 4017 autem
761 3965 899 4019 nihil
957 3976 1043 4021 est
1108 3970 1332 4039 proprie
1383 3971 1777 4035 subsistentis;
1825 3973 2107 4044 quomodo

526 4068 658 4124 ergo
678 4056 884 4123 putatis
908 4074 1008 4113 nos
1037 4074 1107 4114 ex
1138 4062 1345 4117 nostris
1390 4064 1693 4134 propositis
1746 4065 2107 4134 ratiocinari?

526 4144 786 4201 Dicentes
834 4148 981 4202 enim
1048 4166 1151 4205 nos
1209 4158 1461 4209 asserere
1536 4166 1720 4225 partes
1769 4172 1892 4213 esse
1940 4159 2108 4229 hujus

526 4236 898 4292 subsistentia:
920 4238 1267 4296 divinitatem
1294 4252 1352 4298 et
1377 4243 1798 4312 humanitatem,
1825 4250 2105 4318 quomodo

527 4339 937 4399 consequenter
961 4331 1205 4402 adjicitis
1227 4336 1508 4405 propriam
1550 4338 1752 4393 habeat
1786 4340 2105 4397 subsisten-

526 4419 660 4474 tiam
704 4436 832 4490 pars
874 4437 1102 4478 necesse
1135 4440 1279 4490 esse,
1311 4425 1367 4479 id
1411 4437 1497 4482 est
1540 4428 1900 4485 humanitas?
1941 4431 2106 4488 Nullo

524 4512 692 4567 modo
719 4514 865 4568 enim
900 4530 1031 4584 pars
1060 4515 1114 4570 in
1158 4532 1257 4572 sua
1288 4520 1512 4589 propria
1545 4519 1641 4578 sed
1675 4521 1730 4576 in
1776 4523 1945 4577 totius
1968 4526 2104 4579 sub-

2209 3327 2381 3397 ὴμᾱς,
2418 3324 2538 3389 πῶς
2574 3324 2727 3379 ἔσται
2759 3326 2788 3379 6
2813 3323 2935 3378 κατ’
2965 3323 3135 3393 αὑτὴν
3182 3321 3469 3393 ἄνθρωπος
3492 3323 3597 3393 τὴν
3628 3320 3798 3391 φύσιν

2207 3414 2349 3485 ἔχων
2387 3415 2524 3469 ἰδίαν
2555 3415 2876 3478 ὑπόστασιν,
2923 3413 2971 3485 ἢη
3002 3415 3031 3468 6
3076 3413 3209 3477 Θεός
3236 3429 3251 3477 ;
3287 3414 3362 3467 Οὒ
3397 3413 3531 3482 γὰρ,
3562 3414 3626 3466 οὑ
3658 3413 3797 3476 Θεὸς

2205 3506 2286 3560 ὢν
2324 3501 2481 3570 οὗτος
2509 3509 2537 3560 ό
2575 3504 2862 3575 ἄνθρωπος
2889 3504 3098 3559 δέδοται
3128 3505 3281 3576 ἡμῖν,
3325 3504 3358 3574 ῆ
3414 3503 3643 3573 λέγεται
3674 3503 3797 3557 πὼ-

2207 3615 2362 3663 ποτε,
2394 3599 2481 3653 ἴνα
2514 3599 2609 3652 καὶ
2636 3597 2927 3668 ἀνθρώπου
2952 3596 3253 3660 ὑπόστασις
3302 3599 3396 3651 καὶ
3434 3596 3576 3650 Θεοῦ
3615 3597 3793 3669 ζητῆ-

2203 3708 2317 3747 ται.
2360 3692 2491 3746 Ἰδοὺ
2515 3692 2627 3761 γὰρ
2667 3691 2760 3744 καὶ
2786 3690 2946 3761 ὑμεῖς
2994 3689 3185 3760 έφητε,
3212 3689 3290 3754 ὡς
3321 3689 3403 3744 Τά
3451 3690 3594 3761 μέρη
3620 3690 3793 3753 τῆσδε

2202 3781 2306 3852 τῆς
2329 3782 2702 3845 ὑποστάσεως,
2732 3778 3018 3851 ἄνθρωπόν
3048 3797 3229 3850 φαμεν
3283 3780 3378 3834 καὶ
3409 3780 3548 3834 Θεόν
3567 3796 3583 3810 ’
3621 3780 3797 3851 “ego;

2204 3875 2260 3929 δὲ
2282 3875 2436 3929 οὐδέν
2467 3878 2614 3927 ἐστιν
2646 3872 3072 3927 ίδιοὺπόστατον.
3103 3870 3225 3936 Πῶς
3246 3869 3342 3926 οὗν
3369 3872 3579 3926 δοκεῖτε
3606 3875 3799 3925 ἐκτῶν

2204 3965 2490 4038 ἡμετέρων
2516 3967 2668 4037 ἡμᾶς
2726 3964 3138 4034 συλλογίζεσθαι
3180 3965 3521 4036 λημμάτωνς
3560 3964 3799 4036 Εἱρηκό-

2203 4076 2296 4123 τες
2316 4059 2425 4129 γὰρ
2461 4058 2601 4130 μέρη
2629 4058 2793 4128 τῆσδε
2822 4058 2922 4130 τῆς
2948 4057 3300 4125 ὑποστάσεως
3315 4057 3549 4129 θεότητα
3568 4057 3668 4111 καὶ
3700 4059 3800 4111 ἀνα

2208 4151 2539 4224 θρωπότητα
2578 4150 2761 4220 λέγειν
2801 4150 2974 4222 ἡμᾶς,
3022 4149 3143 4213 πῶς
3186 4148 3495 4212 ἀκολούθως
3522 4148 3791 4218 ὲπάγετε,

2204 4242 2266 4296 τὸ
2301 4242 2440 4295 ίδίαν
2468 4241 2614 4313 ἔχειν
2655 4242 2766 4295 δεῖν
2798 4241 3096 4296 ὑπόστασιν
3140 4240 3202 4294 τὸ
3240 4239 3431 4311 μέρος,
3483 4241 3659 4311 ἧγουν
3689 4242 3794 4310 τὴν

2206 4327 2634 4400 άνθρωπότητας
2684 4329 2836 4382 οὐδὲν
2862 4331 2972 4398 γὰρ
3000 4328 3165 4400 μέρος
3209 4330 3269 4382 ἐν
3326 4330 3453 4402 ἰδίᾳ,
3481 4329 3602 4383 ἀλλ’
3630 4332 3697 4384 ἓν
3727 4334 3796 4401 τῇ

2204 4421 2299 4475 τοῦ
2351 4422 2475 4476 ὅλου
2511 4420 2830 4486 ὑποστάσει,
2893 4418 3204 4491 θεωρεῖται.
3239 4420 3360 4473 Ἶνα
3390 4420 3450 4473 δὲ
3488 4421 3585 4475 καὶ
3616 4420 3801 4476 ταῦτα

2207 4515 2340 4584 ὑμῖν
2390 4513 2567 4586 ἀφεθῇ
2620 4512 2825 4573 πάντα,
2860 4513 2909 4566 εἰ
2956 4515 3051 4567 καὶ⁵
3080 4513 3293 4584 ἀνάγκη
3322 4514 3445 4567 τινὰ
3487 4514 3800 4568 ὑπόστασιν

524 4604 775 4661 sistentia
828 4607 1250 4675 consideratur;
1319 4611 1395 4665 ita
1439 4621 1501 4666 ut
1543 4611 1660 4668 haec
1699 4613 1885 4668 omnia
1941 4616 2102 4671 vobis

2209 4604 2346 4661 εἶναι
2372 4606 2476 4676 τήν
2507 4623 2566 4659 τε
2600 4605 2680 4676 τῷ
2723 4605 2889 4659 Δαὸὶδ
2920 4603 3207 4676 ὁμοοὺσιον
3245 4605 3572 4679 λεγομένην,
3605 4607 3711 4678 τήν
3736 4623 3799 4660 τε

525 4696 928 4761 concedantur.
1005 4700 1114 4754 etsi
1163 4717 1392 4758 necesse
1454 4703 1527 4759 sit
1589 4704 1832 4775 aliquam
1915 4705 2098 4761 subsi-

525 4791 782 4846 stentiam
825 4806 950 4846 esse
1007 4792 1202 4848 Davidi
1257 4796 1497 4851 essentia
1563 4797 1802 4852 similem
1847 4798 2051 4853 dictam
2080 4838 2096 4863 ,

524 4893 582 4939 et
611 4884 759 4938 Patri
793 4883 1121 4940 subsistenti
1165 4885 1334 4940 etiam
1367 4888 1608 4943 essentia
1651 4888 1914 4953 similem,
1958 4905 2102 4960 quo-

526 4974 692 5030 modo
728 4976 917 5045 plures
975 4991 1098 5031 esse
1152 4976 1546 5033 subsistentias
1617 4979 1672 5033 in
1720 4980 1944 5036 Christo
1975 4979 2104 5036 inde

527 5065 1029 5122 dicendum?Ecce
1067 5067 1216 5122 enim
1242 5067 1296 5121 in
1331 5083 1442 5122 uno
1483 5079 1540 5124 et
1568 5070 1765 5125 eodem
1807 5080 1923 5126 toto
1960 5071 2104 5127 hanc

528 5160 858 5214 sententiam
884 5159 1231 5215 intermedia:
1266 5160 1510 5216 divinam
1536 5162 1683 5218 inter
1707 5172 1762 5219 et
1806 5164 2104 5219 humanam

529 5262 787 5305 naturam
841 5251 1222 5309 subsistentia:
1257 5252 1486 5320 Christi,
1551 5256 1814 5327 utrinque
1846 5257 2107 5313 identita-

532 5351 642 5397 tcm
673 5342 927 5398 essentia:
959 5345 1253 5401 sumentis.
1286 5346 1406 5401 Non
1459 5348 1639 5402 solum
1694 5358 1879 5403 autem
1928 5349 2098 5415 istud,

530 5436 627 5492 sed
687 5436 946 5499 essentia:
989 5437 1368 5494 diversitatem
1432 5440 1615 5510 quoad
1651 5449 1942 5512 utramque
1986 5444 2107 5515 ejus

531 5529 774 5599 speciem
796 5530 984 5586 videre
1007 5538 1091 5586 est
1135 5533 1437 5588 secundum
1474 5534 1796 5588 alterutram
1833 5536 2107 5591 rationem

505 5611 655 5694 qua:
681 5632 767 5679 est
796 5624 849 5678 in
866 5624 967 5688 illa
989 5634 1044 5681 et
1073 5625 1451 5681 diversitatem
1476 5626 1622 5680 illius
1651 5627 1924 5693 essentiaz,
1958 5628 2105 5699 quod

533 5713 603 5769 ad
635 5714 821 5769 omnia
847 5715 916 5770 ad
949 5716 1097 5770 illam
1133 5715 1605 5786 pertinentia'una
1645 5727 1702 5771 et
1753 5718 1945 5773 eadem
1994 5730 2108 5774 tota

531 5805 781 5877 ejusdem
822 5805 1195 5862 subsistentia:
1243 5807 1457 5861 ratione
1493 5806 1671 5861 videri
1739 5818 1938 5878 potest.
1987 5809 2108 5864 Non

536 5909 623 5957 est
649 5899 799 5959 enim
836 5899 1235 5969 necessarium,
1268 5907 1331 5956 ut
1362 5897 1548 5970 vultis,
1585 5898 1771 5957 dicere
1803 5900 2107 5958 Secundum

2205 4699 2284 4771 τῷ
2313 4699 2487 4768 Πατρὶ
2514 4698 2594 4770 τῷ
2628 4697 2978 4766 ὲνυποστάτῳ
3005 4697 3294 4767 ὁμοοὺσιον
3325 4694 3513 4765 οὖσαν,
3569 4698 3799 4763 πλείους

2209 4791 2537 4854 ὑποστάσεις
2566 4792 2625 4843 ὲν
2657 4788 2879 4862 Χριστῷ
2908 4788 3026 4852 πῶς
3076 4790 3300 4844 λεκτέον
3329 4790 3619 4857 ἑντεῦθενς
3657 4791 3797 4846 ’1δοὺ

2208 4882 2319 4953 γὰρ
2354 4885 2412 4936 ἓν
2441 4883 2523 4935 ὲν).
2551 4882 2646 4936 καὶ
2679 4881 2759 4954 τῷ
2785 4880 2933 4952 αὑτῷ
2970 4881 3077 4951 ὅλῳ
3103 4879 3309 4951 ταύτην
3329 4881 3431 4950 τῆς
3476 4883 3801 4951 μεσιτευού-

2209 4995 2310 5048 aq;
2368 4977 2489 5049 θεία
2552 4976 2650 5030 καὶ
2708 4975 3026 5047 ἀνθρωπεία
3083 4974 3246 5044 φύσει
3303 4974 3659 5037 ὑποστάσεως
3700 4973 3799 5028 τοῦ

2209 5068 2468 5140 Χριστοῦ,
2510 5067 2848 5138 ἑκατέρωθεν
2874 5066 2935 5121 τό
2959 5067 3248 5136 όμοούσιον
3272 5065 3443 5135 αὑτῆς
3463 5080 3480 5095 ⁸
3517 5064 3583 5117 οὑ
3633 5064 3799 5135 μόνον

2209 5160 2267 5213 δὲ
2283 5161 2460 5225 τοῦτο,
2490 5160 2626 5213 ἀλλὰ
2659 5161 2755 5212 καὶ
2784 5160 2846 5212 τὸ
2886 5158 3225 5229 ὲτεροοὺσιον
3275 5158 3411 5226 πρὸς
3457 5156 3528 5209 τὸ.
3554 5157 3799 5227 ἑκάτερα

2210 5251 2325 5324 εἴδη
2353 5253 2523 5321 αὑτῆς
2540 5252 2672 5324 όρᾷν
2695 5252 2808 5305 ἔστι
2825 5251 2967 5304 κατὰ
2991 5251 3115 5304 θάτε
3126 5267 3216 5320 ρον
3227 5249 3385 5316 λόγον
3412 5248 3504 5301 τὸν
3528 5249 3589 5300 ἐν
3612 5248 3754 5319 αὑτῇ
3779 5264 3795 5280 ’

2211 5346 2302 5398 καὶ
2332 5345 2392 5398 τὸ
2415 5346 2876 5416 ὲτεροὺπόστατον
2912 5343 2968 5396 δὲ
3000 5343 3192 5413 αὐτῆς,
3229 5342 3291 5395 τὸ
3321 5341 3458 5410 προς
3493 5340 3676 5393 πάντα
3730 5340 3800 5393 τὰ

2213 5440 2346 5511 παρ’
2367 5439 2536 5507 αὑτὴν
2569 5437 2647 5508 τῷ
2684 5437 2764 5490 svi
2786 5436 2883 5491 καὶ
2911 5435 2990 5506 τῷ
3016 5434 3165 5505 αὑτῷ
3202 5435 3312 5505 ὅλῳ
3338 5437 3438 5504 τῆς
3467 5432 3641 5503 αὑτῆς
3662 5434 3799 5486 ὑπο-

2214 5532 2456 5595 στάσεως
2481 5531 2625 5601 λόγῳ
2657 5529 2785 5582 ίδεῖν
2812 5528 2950 5581 ἔστι.
2979 5529 3094 5582 Οὑκ
3141 5527 3358 5597 ἀνάγκη
3403 5528 3536 5595 γὰρ,
3598 5524 3795 5593 ὥσπερ

2217 5623 2495 5693 βούλεσθε,
2527 5623 2708 5692 λέγειν
2738 5622 2881 5676 κατὰ.
2906 5623 3081 5675 πᾶσαν
3115 5619 3214 5690 τὴν
3241 5618 3379 5689 πρὸς
3426 5618 3625 5687 ἑτέραν
3660 5616 3799 5670 ὑπὸ.

2216 5734 2406 5771 στασιν
2440 5717 2705 5789 διαφορὰν
2730 5715 2961 5785 οὑσιώδη
2992 5714 3137 5776 τινὸς
3168 5712 3556 5773 ὑποστάσεως·
3590 5711 3687 5763 καὶ
3705 5707 3800 5761 ἄλο

2214 5809 2314 5879 ).er
2345 5809 2638 5863 ὑπόστασιν
2663 5809 2869 5885 ἑκάστῃ
2907 5807 3015 5860 τῶν
3057 5804 3421 5875 διαφερόντων
3468 5800 3645 5871 αὑτῆς
3681 5803 3793 5851 εἱσ-

2218 5899 2446 5967 άγεσθαι
2474 5884 2692 5956 οὐσιῶν.
2717 5897 2952 5967 Δυνατὸν
2983 5890 3093 5986 γὰρ
3122 5897 3180 5985 ev
3200 5913 3254 5951 τι
3277 5895 3371 5951 καὶ
3393 5894 3459 5975 τὸ
3481 5893 3616 5950 αὐτὸ
3636 5908 3794 5979 φυσιν
