4032 6538
540 433 679 499 1543

1774 420 2089 484 LEONTII
2127 418 2537 482 BYZANT-INI

3672 415 3797 485 λιιι

541 564 717 618 ctum,
745 558 804 607 et
829 548 1133 605 oriundum
1151 564 1182 604 e
1202 546 1370 603 nobis
1390 543 1675 601 hominem
1694 541 1935 597 similem
1956 538 2116 595 nobis

2221 540 2375 604 ατοῦ,
2404 540 2466 594 ὲν
2518 539 2657 610 αὐτῇ
2714 537 2744 591 ὃ
2796 553 2859 592 τι
2903 536 3038 602 Θεὸς
3079 536 3259 607 Λόγος
3311 536 3545 605 τέλειος,
3568 538 3667 593 καὶ
3688 539 3718 593 ὁ
3744 539 3799 605 ἐξ

532 644 842 716 perfectum
886 638 1196 697 secundum
1259 645 1516 692 naturam
1564 631 1828 705 agnosci,
1892 629 2113 685 duabus

536 736 689 793 illius
725 732 1137 791 assistentibus
1159 728 1440 786 essentiis.
1454 726 1585 781 Ideo
1597 722 1941 795 comparatio
1965 720 2118 777 illius

536 824 914 881 subsistentia;
951 838 1078 878 cum
1108 820 1333 877 Davidis
1354 816 1734 881 subsistentia,
1770 830 1887 869 non
1910 828 2113 870 secun-

535 917 667 972 dum
705 915 1146 977 subsistentiam,
1171 912 1270 968 sed
1303 910 1611 967 secundum
1635 907 1936 964 essentiam
1958 906 2112 961 illam

536 1008 812 1064 diversam
839 1008 1089 1063 ostendit
1116 1014 1176 1061 et
1200 1004 1473 1067 similem,
1495 1010 1661 1072 prout
1708 1000 1770 1054 ﬁt
1794 1014 1920 1055 cum
1955 997 2121 1052 alter-

536 1109 665 1157 utra
693 1102 930 1155 duarum
952 1110 1311 1163 naturarum;
1362 1093 1549 1167 quoad
1587 1102 1776 1148 autem
1812 1090 2122 1146 subsisten-

537 1195 931 1257 tiaerationem,
965 1192 1195 1247 evidens
1218 1189 1464 1245 estillam
1492 1200 1711 1257 semper
1737 1193 1796 1240 et
1838 1179 2117 1239 communi

537 1298 817 1342 consensu
850 1285 1001 1339 Patri
1028 1293 1086 1338 et
1115 1281 1307 1337 Davidi
1339 1280 1671 1336 dissimilem
1701 1274 2119 1346 comparatione

537 1375 941 1441 demonstrari;
969 1383 1031 1428 ut
1067 1387 1259 1427 omnes
1284 1387 1351 1427 ex
1394 1370 1657 1426 omnibus
1704 1366 1885 1424 omnis
1939 1364 2121 1422 subsi-

537 1469 739 1526 stentia
768 1470 824 1522 in
848 1482 951 1522 sua
1004 1465 1219 1520 unitate
1257 1463 1573 1534 distinguit.
1615 1460 1825 1516 Christi
1863 1472 1998 1530 ergo
2022 1473 2121 1512 na-

538 1566 795 1613 turarum
821 1555 1202 1619 subsistentia,
1227 1554 1385 1619 illum
1415 1552 1658 1609 essentia
1699 1550 2030 1607 dissimilem
2062 1548 2121 1603 in

537 1657 797 1721 parte,et
817 1648 1061 1704 essentia
1092 1647 1332 1702 similem
1367 1645 1523 1700 hisce
1549 1642 1802 1699 ostendit
1843 1656 1998 1707 esse;
2036 1640 2122 1696 di-

537 1756 759 1797 versam
784 1750 966 1795 autem
994 1739 1371 1795 subsistentia:
1399 1738 1547 1792 circa
1575 1744 1752 1791 totum
1787 1735 1911 1806 ejus
1948 1734 2121 1789 ratio-

537 1849 666 1890 nem
693 1833 956 1888 omnibus
982 1832 1208 1889 enlihus
1230 1837 1478 1902 prastat.
1504 1827 1710 1883 Eadem
1732 1827 1884 1882 enim
1917 1834 1977 1880 et
2009 1839 2118 1879 una

2209 630 2371 703 ἡμῶν
2435 630 2560 684 καθ’
2620 631 2769 701 ἡμᾶς
2822 628 3116 699 ἄνθρωπος
3179 629 3384 693 τέλειος
3440 628 3586 683 κατὰ
3639 627 3798 699 φύσιν

2213 725 2573 795 γινώσκεται,
2593 723 2687 778 δύο
2727 722 2839 781 τῶν
2860 722 3064 777 οὐσιῶν
3096 723 3268 792 αὑτῆς
3296 722 3493 776 οὑσῶν.
3532 722 3629 777 Διὸ
3678 723 3803 793 σύγ.

2214 833 2397 887 κρισις
2427 814 2634 884 ταύτης
2666 813 2802 885 πρὸς
2839 812 2939 884 τὴν
2976 812 3280 866 ὑπόστασιν
3318 812 3487 866 Δαϐὶδ
3518 812 3798 883 γινομένη,

2214 908 2278 963 οὑ
2312 906 2432 961 καθ’
2454 906 2775 968 ὑπόστασιν,
2804 903 2942 959 ἀλλὰ
2967 905 3091 959 κατ’
3134 903 3325 959 οὐσίαν
3352 904 3552 976 ἑτέραν
3579 920 3643 957 τε
3696 904 3797 958 6st-

2224 1017 2421 1055 κνυσιν
2444 997 2616 1069 αὐτὴν
2644 998 2740 1052 καὶ
2767 997 2981 1068 ὁμοίαν,
3035 990 3180 1050 nisi
3209 995 3455 1068 θατὲρων
3501 995 3613 1049 τῶν
3638 996 3799 1069 αὐτῆς

2174 1140 2178 1144 Α
2216 1090 2456 1163 φὺσεων.
2486 1089 2647 1146 Κατὰ
2671 1089 2729 1143 δὲ
2782 1090 2874 1143 τὸν
2900 1088 3001 1159 τῆς
3028 1087 3383 1153 ὑποστάσεως
3411 1088 3596 1156 λόγον,
3648 1088 3799 1158 δῆλον

2217 1183 2295 1247 ὡς
2338 1181 2599 1252 καὶπρὸς
2649 1181 2742 1235 τὸν
2777 1180 3003 1252 Πατέρα
3045 1180 3141 1234 καὶ
3203 1179 3342 1251 πρὸς
3383 1179 3483 1233 τὸν
3511 1179 3683 1237 Δαϐιᾶ
3716 1180 3800 1234 ἀεὶ

2216 1274 2660 1346 ὡμολογημένους
2681 1274 2943 1344 διάφορόν
2960 1272 3130 1328 οὖσαν
3157 1273 3329 1343 αὐτὴν
3357 1272 3742 1327 ἀποδείκνυσιν
3764 1274 3801 1343 ἡ

2221 1365 2537 1437 σύγκρισιςο
2571 1364 2764 1434 ῶσπερ
2790 1363 2888 1417 καὶ
2902 1363 3119 1425 πάντας
3151 1364 3218 1415 ὲκ
3246 1361 3468 1415 πάντων
3491 1363 3645 1415 πᾶσα
3675 1361 3803 1415 ὑπόο

2221 1476 2411 1521 στασις
2438 1460 2497 1511 ἑν
2520 1458 2586 1528 τῇ
2615 1455 2805 1527 μονάδι
2848 1454 3055 1526 ἑαυτῆς
3079 1454 3371 1524 διακρίνει.
3405 1453 3529 1509 Τῶν
3557 1449 3650 1508 οὖν
3675 1455 3805 1525 Χρι-

2222 1547 2351 1603 στοῦ
2378 1546 2600 1618 φύσεων
2620 1548 2656 1617 ἡ
2678 1545 3004 1612 ὑπόστασις,
3034 1546 3131 1599 καὶ
3154 1543 3511 1615 ἀνομοούσιον
3526 1543 3687 1598 αὑτὸν
3702 1544 3805 1599 ἀνὰ

2224 1642 2410 1713 μέρος,
2444 1640 2541 1695 καὶ
2569 1638 2858 1710 ὁμοοὺοιον
2911 1638 3049 1709 πρὸς
3088 1637 3219 1701 τοὺς
3262 1636 3508 1691 τοιούσδε
3540 1631 3680 1690 εῖναι
3704 1637 3805 1690 δεξ-

2221 1749 2414 1787 κνυσιν
2432 1748 2447 1764 ’
2507 1731 2972 1803 ἑτεροὺπόστατον
3003 1729 3060 1784 δὲ
3100 1729 3206 1783 ἀνὰ
3223 1728 3317 1782 τὴν
3370 1728 3494 1782 ὅλον
3518 1727 3686 1781 αὑτοῦ
3713 1729 3806 1781 ἕνα

2222 1826 2382 1895 λόγον
2396 1826 2531 1879 πᾶσι
2553 1826 2667 1887 τοῖς
2686 1818 2808 1878 οὖσι
2825 1823 3151 1895 παρίστησι.
3175 1822 3250 1875 Th
3269 1821 3381 1892 γὰρ
3402 1820 3542 1875 αὑτὸ
3559 1820 3621 1873 ἓν
3642 1821 3807 1891 πρόσ-

538 1928 664 1999 ejus
707 1940 945 1997 persona
992 1924 1350 1987 subsistens.
1412 1919 1845 1976 subsistentibus
1894 1917 2113 1972 duabus

2215 1934 2362 1972 ωπον
2400 1916 2566 1973 αὑτοῦ
2592 1916 2961 1970 ὲνυπόστατον
2981 1954 3000 1979 ,
3051 1917 3114 1968 ὲν
3141 1914 3475 1977 ὑποστάτοις
3507 1912 3606 1966 δύο
3640 1928 3809 1983 προσ-

538 2018 794 2089 personis
819 2016 1055 2072 similem
1075 2015 1318 2071 essentia
1339 2012 1645 2070 secundum
1683 2011 2009 2066 alterutram
2033 2023 2119 2062 ra-

542 2108 774 2175 tionem,
819 2116 879 2164 et
933 2109 1181 2163 essentia
1216 2105 1544 2161 dissimilem
1591 2103 1749 2158 illum
1813 2101 2117 2172 praedicare

540 2206 744 2270 potest.
791 2197 1182 2254 Subsistentiae
1236 2196 1407 2260 enim,
1440 2209 1553 2249 non
1589 2203 1676 2250 est
1727 2191 2115 2254 subsistentia,

539 2291 638 2347 sed
664 2300 724 2345 ut
750 2289 1064 2346 essentialis
1088 2288 1297 2344 dicitur
1324 2302 1446 2342 esse
1466 2285 1673 2356 quibus
1698 2283 1938 2339 essentia
1967 2281 2121 2339 simi-

540 2383 612 2438 lis
652 2389 749 2437 aut
780 2380 1084 2447 absimilis;
1126 2394 1309 2449 neque
1332 2378 1406 2432 ita
1436 2377 1599 2432 nobis
1620 2391 1693 2431 ne
1729 2376 1868 2431 duas
1891 2382 2118 2431 naturas

541 2471 921 2535 ostendamus,
973 2471 1159 2525 unitas
1213 2468 1589 2525 subsistentia:
1631 2465 1899 2537 impedit;
1936 2479 2118 2535 neque

541 2580 613 2621 ne
648 2579 814 2619 unam
836 2561 1254 2618 subsistentiam
1281 2560 1551 2625 dicamus,
1580 2559 1767 2615 duitas
1793 2569 2117 2614 naturarum

541 2640 761 2721 obstat;
794 2669 977 2725 neque
1003 2653 1378 2709 insubsistens
1404 2652 1713 2719 invenitur,
1736 2651 1887 2722 quod
1917 2651 1975 2706 in
2010 2666 2119 2707 una

542 2742 897 2798 subsistentia
933 2741 1020 2796 his
1063 2740 1161 2811 qui
1201 2740 1272 2795 ab
1302 2739 1400 2794 illo
1425 2738 1799 2793 diﬂeruntest
1827 2740 1887 2794 in
1927 2752 2122 2793 essen-

542 2835 618 2889 tia
667 2832 870 2898 simile,
931 2832 1028 2888 sed
1057 2848 1169 2888 non
1222 2830 1540 2886 necessario
1581 2829 1882 2899 dupliciter
1936 2828 2119 2885 subsi-

539 2936 713 2992 stens,
736 2928 808 2983 ob
835 2927 1259 2983 similitudinem
1289 2924 1509 2980 duobus
1538 2924 1594 2978 in
1628 2925 1890 2990 essentia,
1914 2925 1963 2980 si
2004 2940 2116 2979 non

540 3022 857 3094 singulatim
892 3021 1133 3078 essentia
1184 3020 1366 3076 simile
1407 3028 1525 3083 est,
1572 3018 1684 3077 imo
1721 3017 1962 3073 essentia
2006 3017 2120 3073 dis-

539 3114 720 3171 simile
765 3121 852 3170 est
906 3113 1071 3169 unius
1109 3120 1327 3167 natura:
1356 3118 1591 3174 tantum,
1617 3117 1714 3164 aut
1753 3124 1879 3164 cum
1929 3110 2117 3180 plures

540 3213 753 3261 natura:
784 3206 896 3262 sint
933 3206 989 3261 in
1034 3221 1293 3277 persona,
1355 3202 1652 3274 aequalium
1699 3218 1933 3260 numero
1985 3204 2118 3260 sub—

540 3297 926 3354 sistentiarum
968 3312 1108 3368 opus
1139 3304 1244 3352 est.

1199 3408 1351 3466 CAP.
1381 3410 1468 3467 Vl.

626 3502 903 3575 Rogamus
968 3503 1204 3569 iterum,
1253 3502 1557 3575 dijudicate
1617 3504 1764 3576 quod
1837 3503 2116 3573 diximus;

540 3596 709 3651 dicite
758 3593 892 3666 quid
943 3594 1308 3667 signiﬁcatum
1362 3596 1434 3651 sit
1484 3613 1515 3652 a
1554 3598 1712 3653 vobis
1779 3613 1879 3670 per
1925 3615 2121 3668 quam-

540 3703 649 3757 que
712 3694 971 3745 naturam
1035 3687 1189 3743 illius
1266 3705 1432 3759 quem
1516 3690 1733 3745 vocatis
1818 3691 2019 3745 Deum?
2067 3699 2125 3750 et

539 3779 852 3836 hominem:
886 3778 1169 3834 hominem
1219 3796 1341 3836 esse
1385 3787 1443 3836 et
1489 3781 1662 3836 Deum
1694 3781 1957 3847 Verbum,
2023 3789 2119 3837 aut

541 3872 596 3928 in
645 3888 846 3943 genere
907 3872 1223 3938 hominem;
1271 3883 1520 3928 sanctam
1568 3873 1863 3940 Triadem,
1912 3883 2008 3929 aut
2058 3876 2115 3930 in

539 3980 744 4037 genere
796 3963 1109 4031 hominem;
1166 3964 1339 4019 Deum
1389 3963 1665 4029 Verbum,
1726 3973 1823 4019 aut
1872 3966 2114 4037 aliquem

540 4055 844 4121 hominem,
881 4066 1129 4112 sanctam
1168 4056 1470 4122 Triadcm;
1505 4057 1602 4112 sed
1626 4056 1757 4127 quia
1812 4072 1923 4113 non
1948 4058 2116 4115 vultis

539 4144 797 4200 Triadem
839 4147 1152 4218 signiﬁcare
1203 4162 1302 4217 per
1368 4146 1671 4212 hominem,
1725 4164 1906 4217 neque
1964 4158 2116 4203 certe

538 4251 639 4307 per
665 4237 1054 4307 partictilarem
1095 4237 1337 4307 aliquem
1362 4239 1644 4293 hominem
1694 4248 1886 4308 aperte
1932 4239 2117 4294 decla-

538 4328 705 4384 rastis
736 4328 980 4384 dicendo
1011 4345 1182 4383 unum
1216 4345 1247 4384 e
1290 4343 1480 4385 saneta
1533 4330 1734 4385 Triade
1786 4331 2111 4387 cruciﬁxum

2217 2008 2389 2075 ώποις
2423 2008 2710 2080 ὁμοοὺσιον
2738 2008 2879 2062 κατὰ
2896 2006 3127 2078 θάτερον
3156 2006 3335 2075 λόγον,
3356 2006 3451 2059 καὶ
3476 2005 3810 2077 lupos-Jch

2218 2103 2383 2158 αὑτὸν
2414 2100 2783 2171 ἀπαγγέλλειν
2832 2098 3087 2154 δύναταιι
3139 2100 3174 2171 ἡ
3207 2098 3512 2161 ὑπόστασις
3543 2100 3682 2168 γὰρ,
3713 2096 3808 2167 οὑχ

2218 2192 2295 2257 ὡς
2326 2193 2648 2258 ὑπόστασις,
2681 2192 2797 2246 ἀλλ’
2842 2192 2917 2255 ὡς
2952 2190 3194 2254 ὲνοὺσιος
3218 2191 3440 2260 λέγεται
3469 2185 3556 2254 οἷς
3592 2189 3810 2256 λέγεται

2218 2286 2505 2357 όμοούσιος
2533 2285 2948 2358 ἦὲτεροούσιος.
2984 2285 3096 2339 Καὶ
3124 2282 3297 2346 οὑτως
3326 2282 3482 2336 οὑὸὶν
3510 2282 3649 2352 ἡμῖν
3671 2280 3807 2352 πρός

2219 2394 2281 2434 τε
2327 2379 2390 2432 τὸ
2415 2380 2513 2443 τὰς
2552 2378 2648 2432 δύο
2693 2378 2885 2448 φύσεις
2926 2374 3217 2437 δεικνὺειν,
3257 2376 3320 2429 τὸ
3388 2374 3687 2445 μοναδωών
3711 2376 3807 2444 τῆς

2218 2470 2567 2532 ὑποστάσεως
2598 2468 2967 2541 παρεμποδὼν
2994 2469 3239 2537 γέγονεν’
3267 2467 3389 2521 οὑδὲ
3409 2467 3550 2539 πρὸς
3594 2467 3656 2521 τὸ
3683 2467 3810 2536 μίαν

2220 2560 2515 2633 λέγεινλτήν
2527 2560 2845 2627 ὑπόστασιν,
2857 2558 2920 2612 τὸ
2937 2559 3189 2615 δυαδικδν
3203 2558 3314 2612 τῶν
3329 2557 3550 2628 φύσεων
3564 2557 3801 2627 ὀχληρὸν

2220 2652 2558 2724 καθέστηκεν
2585 2668 2602 2683 ο
2657 2652 2781 2706 οὐδὲ
2834 2650 3206 2706 ἀνυπόστατόν
3233 2667 3287 2703 τι
3337 2649 3475 2720 ἔχει,
3523 2649 3588 2701 τὺ
3622 2652 3680 2702 ὲν
3710 2648 3810 2717 μιᾷ

2222 2745 2527 2813 ὑποστάσειῆ
2566 2743 2733 2799 αὑτοῦ
2774 2743 3057 2815 διαφόροις
3099 2742 3413 2813 όμοοὺσιον·
3466 2741 3583 2795 ἀλλ’
3617 2741 3719 2794 οὑκ
3750 2739 3811 2804 ἐξ

2219 2839 2469 2909 ἀνάγκης
2514 2837 2945 2903 δισυπόστατον,
2978 2836 3065 2890 διὰ
3107 2833 3171 2889 τὸ
3206 2835 3301 2889 δύο
3341 2835 3485 2889 τισὶν
3518 2832 3812 2904 όμοοὺσιον

2218 2930 2376 2997 εἶναι,
2429 2931 2588 3002 εἴπερ
2641 2932 2717 3002 μὴ
2762 2930 2885 2983 καθ’
2932 2930 3163 2984 ἑκαστον
3211 2928 3521 2999 όμοούσιον,
3578 2928 3676 2981 καὶ
3730 2927 3812 2981 ἔτι

2222 3020 2424 3092 μᾶλλον
2448 3019 2783 3091 ὲτεροοὺσιον
2814 3020 2945 3090 μιᾶς
2976 3018 3191 3087 φύσεως
3224 3018 3413 3088 μόνης,
3467 3018 3505 3087 ἦ
3546 3016 3813 3071 πὲειόνων

2219 3110 2434 3181 φύσεων
2457 3110 2639 3164 οὐσῶν
2660 3110 2740 3183 τῷ
2772 3109 3070 3184 προσώπῳ,
3104 3110 3411 3183 ἰσαρίθμων
3448 3109 3809 3165 ὑποστάσει-ιν

2218 3203 2378 3275 χρεία
2406 3203 2555 3258 ἐστίν

2825 3404 3078 3460 xeo“.
3119 3406 3213 3472 cr.

2304 3496 2632 3570 Ἐρωτῶμεν
2662 3496 2846 3559 πάλιν,
2874 3496 3195 3567 διακρίνατε
3212 3496 3274 3550 τδ
3303 3496 3603 3569 λεγόμενον
3629 3499 3771 3569 ἡμῖν
3791 3513 3807 3527 ⁸

2219 3588 2411 3645 εἴπατε
2445 3591 2497 3645 τί
2539 3590 2601 3644 τὸ
2659 3590 3065 3661 σημαινόμενον
3115 3590 3208 3659 ὑφ’
3268 3590 3424 3660 ὑμῶν
3458 3590 3526 3644 δι’
3570 3592 3815 3662 ἑκάστης

2221 3684 2437 3755 φύσεως
2455 3684 2549 3739 τοῦ
2576 3684 2709 3757 παρ’
2740 3683 2897 3756 ὑμῶν
2937 3684 3229 3754 λεγνμένου
3257 3683 3396 3737 Θεοῦ
3421 3742 3432 3751 ,
3450 3685 3550 3738 καὶ
3593 3686 3813 3756 ἀνθρώ-

2222 3793 2358 3832 που·
2390 3777 2804 3849 ὅτιᾶνθρωπος,
2868 3778 2963 3831 καὶ
2988 3774 3119 3842 Θεὸς
3176 3775 3439 3848 Λόγος,ἢ
3488 3778 3518 3831 ό
3574 3778 3812 3831 καθόλου

2218 3869 2504 3940 ἄνθρωπος
2538 3875 2632 3922 καὶ
2657 3871 2691 3940 ἡ
2731 3867 2859 3939 ἁγία
2886 3868 3078 3941 Τριὰς,
3116 3867 3151 3939 ἢ
3185 3872 3214 3923 ό
3241 3868 3472 3922 καθόλου
3492 3868 3812 3940 ἄνθρωπος,

2217 3964 2314 4017 καὶ
2367 3965 2396 4016 ό
2436 3963 2572 4026 Θεὸς
2621 3963 2815 4032 Λόγος,
2866 3964 2899 4034 ἥ
2952 3964 3085 4027 ὅτις
3124 3962 3439 4034 ἄνθρωπος,
3471 3962 3566 4015 καὶ
3596 3965 3630 4032 ἡ
3667 3963 3806 4031 ἁγία

2218 4056 2409 4128 Τριάς.
2449 4056 2591 4110 Ἀλλ’
2612 4057 2696 4110 ὅτι
2717 4057 2926 4128 Τριάδα
2961 4057 3036 4127 μὴ
3084 4055 3349 4126 βούλεσθε
3380 4056 3677 4127 σημαίνειν
3707 4074 3810 4127 με-
3876 4046 3877 4049 “

2216 4143 2284 4196 τὰ
2312 4141 2405 4196 τοῦ
2427 4144 2656 4197 καθόλου
2687 4144 2979 4215 λεγομένου
3007 4144 3324 4217 ἀνθρώπου,
3361 4144 3489 4199 οὔτε
3512 4145 3622 4216 μὴν
3661 4147 3803 4217 μετὰ

2214 4237 2309 4289 τοὺ
2348 4238 2516 4290 ίόικοὺ
2544 4255 2709 4303 τινος,
2752 4237 3006 4310 πρόδηλοι
3044 4238 3446 4311 καθεστήκατε,
3478 4240 3545 4292 ἐκ
3573 4239 3674 4292 τοῦ
3703 4240 3801 4291 ἕνα

2215 4331 2396 4398 λέγειν
2429 4332 2526 4402 τῆς
2555 4330 2717 4400 ἁγίας
2747 4331 2978 4402 Τριάδος
3004 4332 3096 4385 τὸν
3134 4333 3519 4405 σταυρωθέντα
3562 4333 3663 4387 καὶ
3696 4349 3807 4385 πα-

535 4428 591 4477 et
620 4436 864 4492 passum,
890 4432 1145 4493 superest
1176 4423 1343 4493 igitur
1363 4433 1423 4478 ut
1453 4424 1655 4481 dicatis
1681 4441 1750 4479 an
1781 4424 1952 4480 Deum
1975 4426 2114 4481 Ver-

2215 4387 2399 4476 θόντα.
2459 4387 2832 4476 Ᾱξειπὲταὶοέν
2875 4387 3053 4490 λέγειν
3087 4423 3233 4493 ὑμᾶς
3266 4387 3356 4476 τὸν
3415 4422 3550 4477 Θεὸν
3599 4423 3804 4491 Λόγον,

535 4511 691 4576 bum,
721 4520 903 4566 utrum
932 4512 1216 4567 hominem
1252 4513 1305 4566 in
1331 4526 1533 4584 genere
1575 4523 1882 4585 sumptum,
1920 4524 2109 4571 utrum

2215 4508 2310 4562 καὶ
2347 4510 2378 4579 ἦ
2426 4510 2519 4563 τὸν
2556 4512 2788 4564 καθόλου
2846 4511 3140 4582 λεγόμενον
3184 4513 3494 4585 ἄνθρωπον,
3544 4514 3579 4586 ἢ
3628 4516 3805 4569 ίξικόν

535 4604 927 4674 particularcm
961 4605 1201 4674 aliquem
1230 4604 1514 4660 hominem
1569 4607 1751 4663 velitis
1803 4607 2116 4679 signiﬁcare

2215 4617 2333 4653 τινα
2373 4600 2662 4672 ἄνθρωπον
2689 4604 2895 4673 λέγοιτε
2940 4603 3229 4677 σημαίνειν
3272 4605 3360 4659 διὰ
3384 4606 3484 4677 τῆς
3519 4608 3652 4677 μιᾶς
3693 4608 3803 4677 φύ-

535 4712 634 4768 per
653 4714 816 4752 unam
848 4707 1103 4752 naturam
1137 4705 1195 4752 et
1216 4713 1326 4770 non
1368 4715 1588 4754 onmem
1648 4698 1953 4757 hominem.
2020 4701 2112 4756 Di-

532 4786 643 4841 cite
690 4786 859 4857 igitur
911 4786 969 4841 in
989 4786 1127 4857 ‘quo
1176 4785 1398 4843 dill‘erat
1437 4789 1792 4858 particularis
1847 4789 2014 4845 homo
2040 4791 2111 4846 ab

532 4876 685 4932 omni
722 4877 982 4932 homine?
1021 4878 1104 4932 An
1136 4878 1451 4944 evidenter,
1505 4879 1559 4935 in
1605 4881 1723 4935 sola
1749 4881 2110 4938 subsistentia

529 4977 590 5025 et
622 4969 899 5039 persona?
923 4967 1214 5034 Quomodo
1243 4985 1374 5040 ergo
1402 4986 1513 5025 non
1569 4970 1707 5025 duas
1745 4968 1932 5026 dicitis
1988 4988 2113 5042 per-

531 5076 697 5117 sonas
727 5069 783 5115 et
826 5061 1234 5124 subsistentias,
1287 5076 1414 5117 cum
1449 5063 1590 5119 duas
1639 5070 1871 5119 naturas
1924 5064 2111 5122 dicitis

529 5152 876 5223 designando
933 5154 1104 5208 Deum
1132 5154 1372 5209 Verbum
1404 5172 1574 5211 unum
1633 5157 1874 5227 aliquem
1926 5159 2110 5214 homi-

530 5243 707 5297 nem?
728 5241 824 5298 Sin
854 5252 1040 5297 autem
1078 5243 1131 5297 in
1148 5259 1351 5315 genere
1379 5245 1660 5303 hominem
1690 5250 1862 5305 vultis
1900 5250 2106 5318 dicere,

528 5343 626 5390 aut
652 5334 988 5406 cogitatione
1024 5336 1229 5408 ﬁngitis
1274 5338 1455 5405 illum,
1515 5357 1682 5411 quem
1735 5343 1947 5399 ratione
1983 5358 2108 5415 spo-

529 5425 709 5482 liastis
739 5420 978 5484 essentia
1003 5429 1058 5483 in
1102 5430 1337 5500 singulis
1361 5441 1607 5503 sumpta,
1631 5443 1689 5489 et
1715 5434 2107 5504 imaginatione

527 5516 776 5572 statuitis
808 5517 987 5583 illum,
1019 5533 1144 5573 cum
1163 5517 1352 5575 dicitis
1383 5521 1505 5576 sine
1534 5523 1779 5594 subjecta
1812 5522 1892 5578 illi
1916 5539 2109 5579 essen-
2164 5536 2166 5538 '

501 5599 605 5664 'tia
629 5610 909 5664 hominem
951 5609 1157 5666 factum
1203 5627 1327 5667 esse
1370 5613 1577 5668 Deum:
1632 5624 1729 5669 aut
1767 5616 1983 5687 singula
2014 5616 2108 5672 illa

525 5701 711 5755 omnia
742 5701 1068 5771 particulari
1102 5702 1157 5757 in
1196 5704 1521 5761 exsistentia
1547 5706 1830 5777 colligitis,
1864 5724 1990 5763 cum
2044 5709 2101 5764 in

525 5792 788 5848 omnibus
810 5792 1158 5851 incarnatum
1215 5814 1341 5854 esse
1375 5798 1590 5853 docetis
1632 5816 1802 5855 unum
1834 5818 1865 5856 c
1915 5810 2104 5857 sancta

523 5886 742 5944 Triade.
776 5887 1002 5961 Verum,
1023 5889 1069 5945 si
1110 5891 1289 5963 prius,
1324 5891 1604 5963 quomodo
1632 5909 1740 5951 non
1772 5910 1923 5951 mera
1971 5895 2103 5951 ima-

2220 4710 2378 4757 σεως,
2407 4698 2500 4747 καὶ
2522 4695 2585 4749 οὑ
2615 4695 2793 4753 πάντα
2828 4696 3135 4767 ἄνθρωπον.
3167 4697 3372 4751 Εἴπατε
3400 4693 3516 4761 οὖν,
3548 4699 3658 4753 τίνι
3678 4699 3803 4753 δια-

2213 4783 2367 4855 φέρει
2415 4785 2583 4850 ἱδικὸς
2623 4786 2907 4857 ἄνθρωπος
2954 4788 3050 4843 τοῦ
3088 4790 3290 4854 παντὸς
3341 4788 3669 4861 ἀνθρώπους
3728 4794 3800 4846 Ἦ

2212 4876 2508 4948 πρόδηλον,
2553 4880 2633 4933 ὅτι
2667 4886 2803 4952 μόνῃ
2837 4884 2902 4953 τῇ
2934 4883 3226 4937 ὑποστάσει
3250 4885 3345 4938 καὶ
3370 4884 3449 4956 τῷ
3478 4886 3797 4957 προσῶπῳς

2213 4966 2337 5033 Πῶς
2364 4967 2456 5023 οὖν
2477 4971 2538 5024 οὑ
2586 4970 2682 5025 δύο
2723 4973 2861 5040 φατὲ
2907 4973 3177 5043 πρόσωπα
3207 4974 3303 5028 καὶ
3320 4976 3676 5040 ὑποστάσεις,
3704 4978 3800 5032 δύο

2211 5058 2405 5128 φύσεις
2428 5061 2677 5130 λέγοντες
2700 5064 2793 5116 ἐπὶ
2816 5066 3061 5136 σημασίᾳ
3083 5065 3178 5119 τοῦ
3205 5065 3339 5120 Θεοῦ
3367 5067 3540 5135 Λόγου
3570 5070 3692 5134 ἑνός
3711 5086 3797 5122 τι·

2212 5168 2300 5214 νος
2329 5150 2655 5221 ἀνθρώπου;
2686 5155 2745 5207 El
2763 5155 2820 5207 δὲ
2850 5154 2936 5207 τὸν
2961 5156 3195 5210 καθόὶου
3228 5156 3518 5229 ἄνθρωπον
3551 5160 3793 5215 ἐθέλοιτε

2210 5242 2408 5312 λέγειν,
2444 5244 2494 5315 ἢν
2524 5244 2704 5314 ἐννοίᾳ
2738 5244 3045 5315 λαμὸάνετε
3093 5250 3284 5300 τοῦτον
3318 5248 3394 5318 τῷ
3421 5249 3574 5321 λόγῳ
3631 5250 3795 5304 αὑτὸν

2207 5333 2655 5407 ἀποματτόμενοι
2704 5336 2805 5407 τῆς
2854 5336 3044 5398 οὐσίας
3081 5338 3148 5391 ἐκ
3173 5334 3283 5391 τῶν
3330 5338 3667 5406 κσθέκαστα,
3701 5341 3795 5395 καὶ

2206 5428 2391 5498 νοήσει
2423 5429 2746 5501 κατέχοντες
2779 5429 2964 5495 αὑτὸν,
2987 5430 3115 5484 ἄνευ
3162 5431 3263 5504 τῆς
3292 5431 3669 5504 ὑποκειμένης
3700 5438 3794 5487 οὑ-

2209 5520 2331 5584 σίας
2373 5519 2548 5593 τούτῳ
2603 5522 2853 5590 λέγοντες
2895 5500 3381 5597 ὲνηνθρωπῆκέναι
3433 5500 3528 5577 τὸν
3565 5500 3793 5598 Θεόψῆ

2206 5612 2347 5666 αὑτὰ
2376 5614 2554 5667 πάντα
2579 5614 2984 5669 τὰκαθέκαστα
3023 5613 3259 5688 ὑπάρξει
3298 5616 3406 5687 ἰδίᾳ
3437 5618 3790 5684 συνάγοντες,

2206 5705 2369 5760 ὃποτε
2404 5706 2538 5761 αὐτὸ
2569 5710 2705 5760 πᾶσι
2756 5708 3137 5778 σεσαρκῶσθαι
3165 5707 3521 5779 δογματίζετε
3573 5707 3666 5761 τὸν
3696 5708 3794 5761 Eva

2204 5798 2303 5868 τῆς
2339 5798 2589 5869 Τριάδος.
2625 5798 2766 5853 Ἀλλ’
2803 5801 2854 5852 εἱ
2888 5799 2986 5870 μὲν
3015 5798 3077 5856 τὸ
3133 5800 3372 5872 πρῶτον,
3409 5799 3523 5862 πῶς
3561 5800 3625 5852 οὑ
3660 5800 3791 5873 ψιλῇ

2204 5893 2274 5964 τῇ
2319 5892 2517 5964 ἐννοίᾳ,
2552 5892 2645 5947 καὶ
2695 5890 2795 5963 οὐχ
2838 5890 3071 5965 ὑπάρξει
3102 5890 3370 5959 οὑσιὼὃει,
3406 5893 3596 5963 λέγετε
3628 5911 3790 5964 γεγε-
