4032 6546
270 462 414 537 1545

1224 446 1622 524 ADVERSUS
1659 445 2212 516 NESTORIANOS.
2235 477 2303 489 --
2329 449 2477 514 LIB.
2521 448 2605 512 ιι.

3387 444 3528 514 1546

257 578 462 650 νῆσθαι
488 572 589 645 τὴν
609 566 1027 643 ινανθρὼπησιν
1047 564 1146 623 τοῦ
1182 567 1432 639 κυρίους
1469 568 1518 621 εί
1544 566 1603 622 δὲ
1628 565 1690 621 τὸ
1724 562 1852 621 δεύε-

1973 563 2237 636 ;inatione
2263 578 2449 635 neque
2466 560 2793 620 exsistentia
2816 557 3103 619 essentiaii
3125 557 3311 620 dicitis
3326 558 3528 616 factam

257 686 445 743 τερον.
474 665 592 731 mil;
630 665 730 720 οὐκ
756 664 908 717 ἔσται
956 658 1398 731 ὲνηνθρωπηκὼς
1435 662 1465 713 ὸ
1514 659 1646 723 Θιδς
1676 658 1848 729 Λόγος

224 794 227 797 λ
260 763 363 818 καὶ
383 758 608 818 ἀσεϐέσι
639 756 731 813 καὶ
765 753 1111 825 ἁμαρτωλοῖς
1142 750 1239 805 καὶ
1264 750 1729 823 προτελευτῆσασι
1754 749 1853 804 καὶ

260 851 547 923 ἐσομένοις
577 845 923 919 ἀνθρώποις;
948 847 1086 916 ὅπερ
1124 841 1351 907 ἀσεϐὲς,
1387 842 1610 912 καὶτῆς
1654 840 1848 923 busti:

270 916 375 1014 ρας
391 938 570 1009 λέγειν
598 916 810 1007 σοιρίας.
844 935 907 989 El
936 933 995 989 δὲ
1027 932 1202 996 ἄλλως
1231 930 1470 986 ἐθέλοιτε
1498 928 1563 983 τὸ
1598 916 1851 980 ’καθόλοῦ

262 1034 555 1105 ἄνθρωπον
583 1027 880 1084 ὑποθέσθαι
914 1025 1056 1081 κατά
1081 1026 1211 1089 τοὺς
1250 1022 1719 1096 παρεισφέροντας
1752 1019 1854 1082 τὰς

263 1123 565 1195 λεγομένας
590 1121 753 1183 ἰδέας.
783 1119 877 1174 καὶ
906 1116 1079 1180 οὕτως
1129 1116 1230 1188 οὐχ
1251 1114 1364 1181 εξει
1406 1113 1594 1188 χώραν
1637 1114 1675 1185 ἡ
1696 1114 1855 1168 ἀναν-

268 1212 575 1286 θρὼπησις.
614 1210 734 1263 ἰνα
759 1208 866 1280 γάρ
898 1208 970 1261 τά
997 1206 1161 1262 λοιπά
1186 1207 1446 1279 παρήσω,
1491 1204 1653 1274 σῶμα
1696 1202 1759 1257 τὸ
1782 1202 1849 1255 ἑκ

267 1305 510 1376 Μαρίας,
536 1303 746 1357 ἐκείνου
765 1294 831 1373 μέ
840 1318 931 1373 ρος
951 1298 1090 1356 εἶναι
1114 1297 1294 1369 λέγειν
1315 1299 1491 1372 ὀρθῶς
1505 1300 1569 1354 οὐ
1594 1297 1819 1353 δυνατόν
1834 1312 1851 1329 ’

270 1385 397 1458 πῶς
420 1395 478 1449 δὲ
506 1395 568 1448 οὐ
591 1391 898 1465 φανήσεσθε
945 1391 1322 1465 προδηλότατα
1350 1394 1419 1463 τῇ
1454 1391 1646 1462 Γραφῇ
1684 1388 1857 1460 μαχό-

274 1504 449 1560 μενοι,
499 1487 597 1540 ἕνα
642 1483 878 1555 ὲξήμῶν
905 1482 1232 1554 διδασκούσῃ
1280 1477 1423 1536 εῖναι
1450 1480 1545 1534 τὸν
1574 1477 1857 1551 κυριακὸν

273 1581 595 1651 ἀνθρωπονς
631 1596 649 1628 ι
680 1576 870 1640 Βίϐλος
899 1576 1031 1644 γάρ,
1051 1575 1209 1644 φησι,
1234 1572 1502 1642 γενέσεως
1516 1569 1696 1641 Ἰησοῦ
1720 1570 1857 1641 Χρι-

276 1673 427 1737 στοῦ,
460 1670 576 1724 υίοῦ
598 1668 782 1736 Δαδὶδ,
813 1688 842 1722 υ
865 1668 945 1722 ίοῦ
972 1664 1251 1738 Ἀϐραάμ.
1286 1684 1306 1719 ι
1343 1664 1454 1719 Καὶ
1480 1662 1748 1735 πρόδηλον
1774 1661 1859 1715 ὅτι

276 1766 337 1831 ἐξ
370 1763 538 1818 Ἰούδα
562 1761 928 1816 ἀνατέταλκεν
944 1762 972 1813 ὁ
995 1758 1221 1830 Κύριοςο
1251 1758 1343 1813 καὶ
1378 1776 1398 1809 ι
1424 1756 1528 1809 Τὸν
1547 1754 1713 1826 ἀνδρα
1732 1752 1857 1808 Μα-

279 1860 404 1932 ρίας
445 1857 503 1922 ἐξ
538 1852 606 1927 ἧς
639 1851 902 1923 ἐγεννήθη
942 1850 1202 1923 Ἰησοῦςνὸ
1222 1848 1515 1921 λεγόμενος
1551 1843 1807 1919 Χριστὸς,
1833 1863 1852 1896 ι

1952 661 2078 731 esse
2113 655 2329 711 Domini
2365 654 2837 711 incarnationem?
2867 653 2954 709 sin
2975 661 3163 709 autem
3222 650 3526 724 posterius,

1951 747 2234 820 quomodo
2284 761 2397 803 non
2469 748 2581 802 erit
2623 748 2944 803 incarnatus
2979 747 3129 804 Deus
3177 745 3421 811 Verbum
3470 744 3532 800 in

1953 836 2160 908 impiis,
2196 829 2586 908 peccatoribus
2618 845 2676 892 et
2700 837 2999 909 praeteritis
3021 846 3080 893 et
3102 836 3306 893 futuris
3358 837 3533 892 homi-

1953 929 2325 1001 nibusiquod
2353 929 2607 1001 impium,
2635 937 2694 986 et
2733 938 2918 987 vestra
2969 929 3202 1001 dignum
3236 930 3533 1002 sapientia.

1952 1018 2113 1087 Quod
2147 1020 2194 1076 si
2223 1020 2395 1076 vultis
2424 1022 2533 1078 alio
2574 1019 2742 1076 modo
2770 1021 3061 1077 hominem
3097 1022 3157 1076 in
3188 1036 3392 1093 genere
3450 1022 3537 1077 in-

1954 1112 2206 1184 telligere
2231 1114 2540 1171 secundum
2568 1114 2807 1171 aliunde
2828 1115 3177 1170 introductas
3214 1130 3353 1184 quas
3394 1113 3536 1170 diri-

1955 1206 2030 1264 tis
2070 1207 2301 1275 formas,
2346 1209 2428 1265 sic
2471 1211 2659 1266 locum
2695 1225 2809 1265 non
2844 1208 3075 1265 habebit
3099 1208 3431 1263 incarnatio.
3466 1207 3539 1263 Ut

1955 1298 2105 1355 enim
2124 1309 2324 1357 caetera
2360 1311 2720 1372 praeteream,
2768 1316 2971 1372 corpus
2998 1350 3003 1354 .
3036 1316 3069 1356 e
3121 1299 3290 1354 Maria
3321 1307 3529 1353 natum.

1959 1389 2124 1446 istius
2154 1400 2371 1461 partem
2405 1408 2527 1448 esse
2553 1408 2665 1449 non
2686 1402 2867 1465 potest
2899 1401 3049 1449 recte
3078 1390 3221 1457 dici;
3262 1388 3539 1462 quomodo

1957 1491 2145 1537 autem
2166 1498 2277 1539 non
2315 1483 2733 1551 evidentissime
2788 1482 3313 1541 demonstrabimini
3357 1480 3539 1552 impu—

1958 1581 2190 1646 gnantes
2206 1575 2507 1648 Scriptura:
2539 1593 2711 1632 unum
2736 1593 2770 1632 e
2794 1576 2956 1633 nobis
2982 1592 3104 1633 esse
3117 1575 3339 1632 docenti
3356 1574 3542 1630 Domi-

1958 1666 2155 1741 nicum
2176 1666 2492 1745 hominem?
2528 1687 2546 1721 ι
2570 1668 2736 1724 Liber
2772 1669 2944 1735 enim,
2986 1667 3142 1732 dicit,
3170 1665 3545 1738 generationis

1959 1758 2088 1815 Jesu
2110 1760 2340 1825 Christi,
2368 1761 2467 1816 lilii
2486 1760 2681 1827 David,
2706 1760 2801 1815 filii
2831 1761 3141 1827 Abraham;
3174 1780 3193 1813 ι
3229 1769 3290 1816 et
3316 1760 3546 1815 evidens

1961 1862 2049 1908 est
2067 1853 2289 1909 exJuda
2322 1862 2507 1908 ortum
2537 1869 2661 1908 esse
2682 1853 2977 1908 Dominum
2998 1863 3111 1919 pet
3132 1872 3145 1908 :
3170 1872 3188 1905 ι
3216 1852 3407 1907 Virum
3436 1852 3545 1907 hia-

278 1953 395 2013 καὶ,
448 1968 466 2001 ι
494 1947 704 2018 Ἰησοῦν
729 1946 818 1999 τὸν
837 1944 1180 2016 Ναζωραῖον,
1205 1942 1374 2014 ἄνδρα
1408 1937 1859 2010 ἀποδεδειγμένον

1973 1941 2061 1999 πίω
2090 1942 2159 1999 de
2186 1959 2296 2013 qua
2325 1952 2491 2001 natus,
2519 1953 2605 1999 est
2631 1943 2793 2000 Jesus
2814 1944 2909 2014 qui
2939 1953 3174 1999 vocatur
3200 1942 3481 2009 Christus,
3520 1962 3537 1994 ι

276 2042 388 2095 ἀπό
425 2038 558 2093 Θεοῦ
586 2041 665 2101 είς
688 2036 855 2107 ὑμᾶς,
880 2035 1141 2103 δυνάμεσι
1168 2032 1473 2104 καὶτέρασι
1498 2031 1592 2086 καὶ
1615 2029 1865 2101 σημείοις

276 2127 359 2196 οἷς
393 2132 617 2202 ἐποίησε
653 2128 719 2182 δι’
741 2126 905 2182 αὐτοῦ
921 2128 950 2181 ὀ
970 2127 1102 2189 Θεὸς
1119 2127 1176 2178 ἐν
1196 2125 1345 2196 μέσῳ
1367 2123 1396 2176 ὑ
1405 2122 1544 2194 μῶν,
1564 2119 1743 2184 καθὼς
1771 2121 1867 2173 καὶ

278 2225 437 2280 αὐτοὶ
453 2224 651 2278 οἴδατε.
1452 2289 1457 2294 1

360 2338 379 2370 ε
415 2317 556 2381 Τοὺς
592 2315 692 2387 μὲν
742 2311 835 2368 οὖν
885 2312 1112 2384 χρόνους
1143 2310 1243 2381 τῆς
1270 2307 1495 2376 ἀγνοίας
1537 2306 1805 2379 ὑπεριδὼν
1836 2307 1865 2358 ὁ

278 2409 436 2472 Θεὸς,
466 2406 636 2460 τανῦν
669 2401 1042 2475 παραγγέλλει
1072 2403 1186 2465 τοῖς
1215 2402 1351 2454 πᾶσι
1386 2399 1666 2470 πανταχοῦ
1703 2414 1868 2469 μετοι-

284 2504 431 2555 νοεῖν
463 2517 478 2531 ·
508 2498 698 2551 καθότι
753 2495 982 2563 ἔστησεν
1015 2493 1232 2565 ἡμέραν
1262 2492 1320 2544 ὲν
1349 2485 1383 2564 ᾖ
1418 2488 1604 2561 μέλλει
1656 2487 1869 2559 κρίνειν

279 2593 384 2665 τὴν
413 2589 743 2661 οἰκουμένην
771 2588 827 2640 ὲν
855 2583 1195 2657 δικαιοσύνῃ,
1227 2583 1285 2635 ὲν
1318 2581 1475 2652 ἀνδρὶ
1506 2574 1550 2648 ᾧ
1578 2578 1747 2650 ὥρισε
1783 2577 1871 2629 πί-

285 2701 403 2739 στιν
431 2680 729 2753 παρασχὼν
745 2681 932 2742 πᾶσιν,
963 2677 1276 2745 ἀναστήσας
1300 2673 1465 2727 αὐτον
1487 2668 1806 2741 έκενεκρῶν·
1842 2686 1859 2719 ι

284 2778 404 2843 καὶ,
438 2775 685 2846 «Ὥσπερ
706 2771 773 2826 δι’
801 2769 919 2834 eve;
936 2767 1229 2839 ἀνθρώπου
1260 2769 1288 2820 ὁ
1312 2765 1565 2825 θάνατος,
1581 2763 1753 2823 οὕτως
1778 2762 1872 2814 καὶ

283 2870 355 2925 δι’
396 2864 688 2939 ἀνθρώπου
751 2864 1053 2925 ἀνάστασις
1106 2858 1339 2931 νεκρῶν.
1392 2857 1606 2927 Ὥσπερ
1647 2854 1757 2925 γάρ
1814 2854 1873 2905 ἐν

210 2982 215 2987 ι
286 2958 365 3029 τῷ
408 2956 581 3027 Ἀδὰμ
614 2956 813 3017 πάντες
878 2951 1325 3022 ἀποθνήσκομεν,
1358 2946 1532 3010 οὕτως
1564 2945 1658 2999 καὶ
1707 2945 1765 2999 ὲν
1795 2942 1874 3015 τῷ

285 3047 512 3116 Χριστῷ
568 3044 771 3107 πάντες
826 3038 1385 3111 ζωοποιηθησόμεθαο
1431 3056 1450 3091 ι
1498 3038 1633 3101 καὶ,
1672 3054 1691 3088 ι
1725 3030 1875 3100 Εἴςὸ

287 3138 442 3202 Θεὸς,
485 3131 563 3199 είς
621 3133 849 3205 μεσίτης
895 3131 1032 3185 Θεοῦ
1063 3131 1161 3185 καὶ
1208 3126 1513 3199 ἀνθρώπων
1538 3168 1552 3192 ,
1584 3126 1875 3197 ἅνθρωπος

302 3226 513 3297 Ἰησοῦς
538 3240 551 3253 ·
594 3243 611 3275 ι
646 3224 764 3288 καὶ,
800 3241 819 3274 ι
864 3222 921 3275 Ὀ
948 3220 1006 3274 δὲ
1053 3219 1265 3291 Ἰησοῦς
1299 3218 1641 3290 προέκοπτεν
1681 3216 1874 3288 ἡλικίᾳ

1974 2042 2033 2089 et
2058 2051 2072 2088 :
2101 2054 2119 2085 ι
2137 2034 2324 2090 Jesum
2348 2035 2713 2100 Nazarenum,
2741 2036 2921 2091 virum
2950 2035 3405 2092 manifestutuma
3431 2037 3546 2091 Deo

1977 2128 2035 2181 in
2079 2129 2259 2194 nobis,
2281 2129 2586 2183 virtutibus
2612 2137 2669 2183 et
2696 2129 3051 2184 miraculiset
3072 2130 3243 2201 signis
3269 2145 3392 2200 quae
3416 2129 3551 2185 fecit

1982 2235 2082 2290 per
2110 2220 2264 2273 illum
2301 2220 2445 2275 Deus
2477 2221 2530 2274 in
2555 2220 2741 2275 medio
2768 2221 2967 2287 nostri,
2999 2228 3061 2275 ut
3112 2220 3215 2293 ipsi
3260 2221 3434 2276 scitis.
3467 2241 3486 2272 ι

2047 2330 2065 2362 ε
2094 2311 2368 2383 Tempora
2435 2312 2608 2384 igitur
2663 2313 2990 2384 ignorantiae
3053 2314 3336 2385 negligens
3380 2316 3551 2379 Deus,

1967 2418 2120 2461 nunc
2176 2406 2475 2463 annuntiat
2533 2406 2794 2461 omnibus
2859 2405 3069 2475 ubique
3132 2406 3551 2477 paenitentiam;

1970 2497 2097 2553 ideo
2132 2499 2318 2555 statuit
2379 2498 2529 2554 diem
2565 2498 2623 2553 in
2655 2512 2768 2568 quo
2808 2496 3166 2568 iudicaturus
3218 2505 3304 2552 est
3358 2497 3552 2554 orbem

1976 2591 2034 2646 in
2063 2590 2385 2662 justitia,in
2412 2592 2532 2646 viro
2576 2590 2631 2645 in
2685 2605 2797 2661 quo
2840 2590 3055 2653 statuit,
3097 2588 3259 2645 ﬁdem
3302 2589 3557 2659 praebens

1973 2682 2256 2747 omnibus,
2290 2683 2570 2738 suscitans
2599 2683 2756 2737 illum
2781 2697 2810 2735 a
2837 2681 3073 2736 mortuis
3102 2682 3202 2747 ⁶·¹;
3236 2700 3255 2734 ι
3279 2690 3335 2736 et
3362 2700 3376 2736 :
3411 2701 3428 2733 ι
3464 2682 3552 2737 Si-

1972 2779 2070 2828 cut
2103 2788 2201 2843 per
2240 2788 2412 2828 unum
2449 2772 2731 2828 hominem
2759 2786 2929 2837 mors,
2962 2772 3044 2827 sic
3068 2780 3127 2826 et
3154 2787 3254 2841 per
3277 2773 3557 2830 hominem

1974 2865 2316 2921 resurrectio
2368 2873 2751 2921 mortuorum.
2789 2863 2948 2920 Sicut
2969 2864 3117 2920 enim
3152 2864 3208 2919 in
3238 2864 3411 2920 Adam
3436 2881 3559 2921 om-

1973 2973 2075 3014 nes
2096 2957 2389 3025 morimur,
2424 2957 2498 3013 ita
2526 2964 2585 3013 et
2618 2957 2676 3013 in
2721 2956 2951 3013 Christo
2998 2972 3194 3013 omnes
3247 2957 3559 3015 vivificabi-

1974 3066 2102 3106 mur
2126 3054 2185 3117 ’;
2218 3074 2235 3102 ι
2272 3060 2363 3107 et:
2404 3049 2602 3108 «Unus
2640 3051 2808 3112 Deus.
2872 3066 3017 3107 unus
3062 3050 3338 3107 mediator
3366 3051 3463 3108 Dei
3502 3061 3562 3107 et

1978 3145 2289 3211 hominum,
2328 3144 2494 3199 homo
2518 3144 2681 3200 .lesus
2717 3144 2779 3211 ³;
2814 3162 2833 3195 ν
2870 3152 2967 3198 et:
3005 3144 3207 3199 desus
3226 3154 3411 3200 autem
3431 3161 3563 3215 pro-

1978 3237 2201 3293 ﬁciebat
2233 3244 2396 3292 :etate
2432 3244 2489 3291 et
2519 3235 2791 3305 sapientia
2821 3244 2879 3290 et
2918 3235 3095 3306 gratia
3120 3235 3266 3309 apud
3302 3236 3474 3291 Deum
3506 3248 3563 3293 et

292 3321 389 3372 καὶ
424 3317 588 3389 σοφίᾳ
614 3318 709 3370 καὶ
732 3316 915 3387 χάριτι
937 3331 1011 3368 πα
1023 3316 1092 3385 ρά
1104 3313 1223 3385 Θεῷ
1247 3313 1343 3366 καὶ
1368 3311 1733 3382 ἀνθρὼποις’»
1757 3310 1869 3376 καὶ,

1991 3330 2250 3386 homines
2276 3329 2331 3397 ‘;
2362 3348 2380 3382 ι
2414 3344 2505 3387 et:
2539 3348 2557 3380 ι
2579 3329 2723 3384 Puer
2737 3329 3025 3385 crescebat
3045 3337 3103 3385 et
3135 3330 3563 3386 confortabatur

296 3426 315 3461 ι
328 3410 404 3463 Τὸ
423 3406 637 3462 παιδίον
662 3404 861 3476 ηὔξανε
881 3406 973 3458 καὶ
992 3401 1361 3475 ἐκραταιοῦτο·
1381 3400 1763 3473 πληρούμενον
1790 3418 1877 3453 σο-

294 3501 459 3572 φίας·
501 3498 595 3554 καὶ
619 3498 780 3569 χαρὶς
813 3495 949 3550 Θεοῦ
976 3493 1043 3568 ἦν
1084 3496 1172 3548 ἐπ’
1202 3493 1349 3565 αύτῷ
1378 3510 1393 3525 °
1437 3512 1457 3546 ι
1495 3492 1627 3560 καὶ,
1670 3514 1688 3545 ι
1729 3492 1875 3564 Προ-

296 3594 476 3663 φήτην
534 3591 665 3660 ὑμῖν
715 3588 1016 3657 ἀναστήσει
1045 3586 1250 3656 Κύριος
1278 3585 1306 3637 ὁ
1327 3583 1463 3647 Θεὸς
1492 3583 1651 3655 ἡμῶν
1679 3586 1746 3639 ὲκ
1769 3582 1878 3636 τῶν

293 3683 547 3754 ἀδελφῶν
596 3680 755 3752 ὑμῶν
780 3681 857 3743 ὼς
892 3680 991 3751 ὲμέ
1024 3694 1041 3711 ⁸
1088 3698 1107 3731 r
1140 3678 1256 3743 καὶ,
1290 3696 1308 3729 ι
1346 3676 1417 3731 Σὺ
1456 3677 1636 3749 ἱερεὺς
1668 3678 1750 3740 είς
1783 3678 1876 3730 τὸν

295 3779 472 3835 αἰῶνα
497 3774 644 3830 κατά
671 3774 773 3845 τὴν
800 3772 955 3837 τάξιν
986 3772 1342 3842 Μελχισεδέκ.
1379 3790 1399 3824 ι
1436 3767 1588 3841 *Αρα
1613 3768 1707 3823 οῦν
1738 3770 1877 3823 πάν-

295 3888 369 3926 τα
405 3869 576 3924 ταῦτα
624 3869 720 3922 καὶ
766 3868 869 3921 ὅσα
928 3865 1155 3919 τοιαῦτα
1198 3865 1401 3935 ἄπειρα
1438 3862 1588 3930 ὄντα,
1628 3861 1781 3933 παρά
1810 3864 1876 3932 τῇ

1978 3424 2180 3495 plenus
2204 3422 2511 3495 sapientiae,
2538 3430 2595 3477 et
2622 3422 2795 3494 gratia
2836 3420 2931 3476 Dei
2966 3430 3088 3478 erat
3123 3421 3180 3477 in
3208 3422 3305 3477 ilio
3332 3424 3385 3490 5;
3421 3442 3440 3475 ι
3470 3432 3560 3478 et:

1986 3534 2006 3569 ι
2046 3516 2383 3587 Prophetam
2410 3514 2571 3571 vobis
2620 3514 2923 3585 suscitabit
2982 3514 3252 3570 Dominus
3288 3515 3438 3571 Deus
3466 3532 3564 3570 no-

1979 3618 2095 3665 ster
2133 3624 2164 3665 e
2194 3608 2465 3670 imtribus
2492 3607 2698 3664 vestris
2742 3616 3007 3677 tanquam
3030 3622 3118 3663 me
3143 3606 3202 3672 ’ς
3236 3626 3255 3658 ι
3296 3616 3388 3662 et:
3438 3626 3456 3660 ι
3481 3608 3563 3661 Tu

1979 3717 2041 3757 es
2065 3701 2329 3757 sacerdos
2364 3700 2421 3757 in
2450 3708 2723 3756 aeternum
2781 3698 3089 3755 secundum
3132 3698 3387 3755 ordinem
3435 3698 3569 3754 Mei-

1980 3793 2281 3849 chisedech
2310 3793 2331 3824 "
2361 3832 2375 3846 .
2400 3811 2420 3843 ι
2466 3791 2613 3847 Num
2651 3790 2824 3862 igitur
2871 3790 3058 3845 omnia
3120 3789 3239 3845 hac
3263 3799 3319 3844 et
3364 3789 3567 3846 similis

1980 3900 2102 3955 qua
2123 3884 2417 3940 innumera
2465 3889 2619 3945 sunt,
2651 3897 2749 3950 per
2797 3881 3045 3937 divinam
3090 3880 3438 3953 Scripturam
3472 3895 3569 3952 po-

300 3960 434 4031 ἀγίᾳ
464 3959 655 4030 Γραφῇ
688 3956 918 4011 δύνασθε
956 3954 1137 4023 λέγειν
1166 3954 1296 4025 περὶ
1325 3954 1555 4008 ἑκάστου
1586 3950 1869 4024 ἀνθρώπου

1982 3950 2170 4031 ι-υἱειίε
2204 3989 2457 4031 asserere
2488 3973 2557 4029 de
2602 3973 2828 4029 homine
2870 3989 3096 4044 quoque
3122 3950 3439 4044 singulatim
3474 3950 3565 4026 di-

299 4051 411 4104 τῶν
467 4048 782 4104 καθέκαστα
833 4045 1087 4117 λελέχθαι
1115 4063 1129 4110 ;
1165 4046 1273 4099 Καὶ
1305 4044 1423 4109 πῶς
1445 4044 1674 4099 δυνατὸν
1703 4045 1869 4097 εἰπεῖν

1980 4078 2071 4123 cta
2102 4067 2269 4122 esse?
2297 4066 2365 4121 Et
2389 4065 2672 4137 quomodo
2696 4065 2960 4136 possibile
3011 4074 3100 4121 est
3138 4065 3325 4121 dicere
3376 4080 3571 4122 omnes

301 4146 512 4207 πάντας
544 4142 870 4215 ἀνθρώπους
914 4143 978 4194 ἐκ
1015 4139 1349 4212 ’σπέρματος
1399 4135 1540 4193 είναι
1584 4136 1869 4209 Ἀϐραάμς

1982 4159 2241 4214 homines
2269 4173 2300 4214 e
2334 4158 2547 4214 semine
2577 4158 2859 4214 Abraham
2904 4159 3068 4214 esse?
3110 4174 3292 4229 neque
3318 4174 3387 4214 ex
3446 4160 3572 4215 uni-

301 4240 400 4294 καὶ
422 4236 611 4291 τούτου
650 4238 710 4289 οὐ
738 4236 965 4301 παντὸς,
997 4235 1137 4289 ἀλλά
1166 4234 1343 4306 φυλῆς
1384 4231 1557 4287 Ἰούδα
1579 4248 1592 4262 ·
1627 4232 1721 4285 καὶ
1749 4231 1869 4285 ταύ·

1980 4249 2181 4305 versali
2239 4249 2470 4313 semine,
2505 4247 2602 4303 sed
2651 4264 2719 4303 ex
2762 4249 2912 4303 tribu
2940 4246 3123 4314 Iuda,
3159 4263 3343 4319 neque
3377 4265 3447 4305 ex
3475 4248 3568 4306 illa

302 4346 406 4401 της
460 4330 558 4399 οὐχ
601 4328 752 4399 ὅλης,
784 4328 902 4381 ἀλλ’
933 4326 994 4392 ἐξ
1024 4327 1177 4381 οῐκου
1224 4326 1389 4380 Δαὸίδ
1424 4342 1440 4358 ο
1473 4326 1567 4379 καὶ
1603 4325 1795 4380 τούτου
1820 4324 1869 4378 οί

1984 4348 2120 4404 tota,
2151 4337 2247 4395 sed
2274 4355 2306 4393 e
2329 4337 2497 4393 domo
2521 4337 2718 4404 David,
2762 4354 2947 4408 neque
2982 4354 3049 4394 ex
3076 4338 3167 4394 illa
3202 4346 3338 4403 tota,
3374 4339 3471 4395 sed
3501 4355 3569 4395 ex

304 4422 533 4486 παντὸς.
563 4420 700 4475 ἀλλά
728 4420 948 4491 Μαρίας
974 4420 1071 4490 τῆς
1102 4418 1381 4491 Παρθένου
1409 4436 1425 4486 ;
1456 4414 1611 4491 Ἀρά
1640 4420 1774 4482 ἴσως
1790 4414 1869 4471 οῦι

1985 4431 2153 4487 Maria
2196 4430 2454 4501 Virgine?
2504 4430 2646 4485 Num
2710 4430 2857 4485 forte
2907 4430 3170 4486 diceretis
3222 4431 3488 4501 Caipham
3540 4448 3573 4490 c

303 4517 512 4570 εἴποιτε
566 4512 631 4567 ἂν
674 4514 768 4565 καὶ
790 4512 884 4563 τὸν
939 4510 1195 4579 Καϊάφαν
1222 4512 1287 4564 ἐκ
1306 4510 1527 4581 Μαρίας
1554 4508 1885 4581 γεγενῆσθαι

300 4607 406 4678 τῆς
444 4605 722 4676 Παρθένου
750 4622 766 4671 ;
801 4607 893 4657 καὶ
921 4599 1074 4667 οὗτος
1098 4602 1207 4674 γὰρ
1239 4598 1319 4662 εἷς
1346 4605 1461 4656 ἐστι
1490 4602 1600 4655 τῶν
1647 4601 1884 4657 καθέκα-

1986 4520 2155 4575 Maria
2181 4520 2407 4591 Virgine
2438 4529 2629 4574 natum
2670 4521 2832 4574 esse?
2860 4519 3006 4575 Nam
3030 4520 3122 4575 ille
3150 4529 3237 4575 est
3290 4537 3436 4576 unus
3468 4521 3568 4575 lm-

1989 4610 2202 4664 minum
2232 4609 2549 4680 singulatim
2582 4617 2956 4679 sumptorum.
3009 4609 3155 4664 Num
3206 4609 3436 4665 Mariam
3474 4611 3572 4665 ho-

305 4670 408 4755 στα
438 4670 761 4770 ἀνθρώπων.
795 4693 947 4768 Ἀρα
970 4696 1080 4767 γάρ
1110 4670 1203 4749 καί
1243 4697 1345 4767 τὴν
1396 4694 1638 4766 Μαρίαν,
1674 4694 1869 4767 ἀνθρω·

1988 4703 2193 4759 minem
2229 4702 2493 4756 diceretis
2530 4716 2675 4765 esse,
2706 4708 2805 4755 aut
2842 4716 2954 4755 non
3012 4699 3405 4757 hominem?Si
3438 4717 3576 4758 vero

307 4809 413 4845 πον
452 4789 657 4843 εἴποιτε
690 4782 853 4853 εἶναι,
887 4787 921 4859 ἢ
978 4787 1081 4839 οὐκ
1130 4784 1456 4858 ἀνθρωπονς
1507 4783 1649 4840 Ἀλλ’
1675 4786 1725 4838 εί
1784 4785 1885 4856 μὲν

304 4885 407 4938 οὐκ
464 4882 773 4953 ἄνθρωπον,
809 4879 1000 4933 εἴπατε
1044 4878 1096 4932 τί
1150 4878 1250 4948 τὴν
1283 4876 1474 4931 οὐσίαν
1510 4877 1747 4949 ὑπάρχει
1784 4892 1797 4907 ⁸
1836 4879 1885 4930 εί

305 4974 362 5029 δὲ
406 4974 713 5046 ἄνθρωπον,
740 4971 832 5024 καὶ
866 4971 979 5034 πῶς
1020 4970 1111 5022 τὸν
1140 4968 1374 5022 καθόλου
1424 4968 1710 5040 ἄνθρωπον
1740 4967 1882 5038 αὕτη

307 5068 628 5138 γεγέννηκε,
660 5064 858 5126 πολλὰς
925 5063 1023 5134 μὲν
1076 5060 1382 5133 ἀνθρώπων
1445 5061 1641 5129 γενεάς
1688 5060 1886 5133 ἔχοντα

306 5159 417 5229 πρὸ
466 5154 661 5225 αὐτῆς.
692 5153 896 5217 πολλάς
949 5154 1008 5207 δὲ
1063 5154 1166 5214 καὶ,
1206 5154 1327 5222 μετ’
1354 5153 1527 5223 αὑτήν
1553 5169 1569 5218 ;
1599 5151 1632 5224 ἢ
1681 5154 1799 5217 πῶς
1826 5151 1888 5204 τὸ

308 5250 563 5312 καθόλου,
589 5249 645 5302 τὶ
670 5246 780 5301 τῶν
809 5245 1042 5301 καθόλου
1072 5249 1388 5317 γεννήσειεν
1413 5262 1428 5310 ;
1479 5245 1639 5300 Ἀλλά
1665 5246 1744 5317 μὴ
1775 5243 1887 5300 οὐδ’

308 5345 479 5415 ἀνδρα
506 5340 739 5396 δύνασθε
764 5340 863 5411 τὴν
892 5340 1186 5411 σύμπασαν
1217 5338 1380 5409 φύσιν
1407 5328 1697 5409 ὀνομάζειν
1723 5354 1738 5371 ·
1762 5337 1889 5392 ἐπεὶ

313 5435 451 5509 μηδὲ
480 5435 739 5505 γυναῖκαο
763 5432 827 5485 τὸ
854 5431 1168 5500 ἄνθρωπος
1211 5431 1321 5503 γάρ
1349 5433 1529 5485 κοινὸν
1551 5430 1760 5486 τούτων
1790 5431 1889 5485 κά-

310 5528 530 5594 κείνων,
566 5525 628 5579 τὸ
661 5523 815 5593 ἁνήρ
841 5525 899 5578 δὲ
931 5528 1025 5578 καὶ
1050 5524 1113 5579 τὸ
1141 5525 1395 5594 γύναιον
1420 5522 1736 5597 διακριτικά
1760 5521 1889 5577 καθα

313 5619 513 5687 έπηκε
541 5617 641 5687 τῆς
665 5617 723 5669 ὲν
751 5619 817 5687 τῇ
843 5617 996 5686 κοινῇ
1028 5613 1186 5684 φύσει
1219 5614 1509 5685 διαφοράς.

386 5707 512 5771 Πῶς
537 5708 595 5762 δὲ
634 5708 730 5761 καὶ
774 5707 836 5759 τὸ
883 5705 1011 5759 ἄλλο
1035 5705 1096 5757 ού
1130 5706 1319 5773 σαφὲς,
1349 5694 1432 5759 δτι
1459 5705 1649 5776 ὥσπερ
1679 5701 1759 5771 είς
1780 5704 1891 5758 τῶν

385 5822 455 5856 ⁶ο¹
490 5821 612 5893 Act.
666 5834 800 5893 agn,
828 5817 917 5893 βο,
953 5816 1056 5893 51.-
1119 5820 1140 5849 ³
1173 5818 1195 5873 Ι
1232 5816 1359 5875 Cor.
1402 5837 1490 5887 xv,
1524 5823 1614 5893 21,
1659 5823 1749 5879 22.

317 5909 475 5959 ινιιι,
500 5892 589 5948 15.
664 5890 683 5921 ⁷
721 5887 864 5943 Psal.
892 5902 998 5951 cxx,
1029 5887 1083 5941 4.

678 5984 952 6046 ΡΑτιιοι..
997 5983 1114 6044 Gn.
1160 5985 1489 6050 LXXXVI.

1864 5821 1883 5852 ³
1920 5822 1937 5875 l
1969 5821 2113 5877 'l‘im.
2146 5838 2201 5888 Il,
2243 5822 2297 5875 5.

1986 4810 2098 4852 non
2130 4793 2434 4859 hominem,
2459 4791 2626 4849 dicite
2644 4809 2751 4864 qua
2787 4792 3032 4848 essentia
3053 4792 3316 4857 exsistat;
3349 4793 3435 4848 sin
3466 4809 3563 4847 au-

1989 4897 2099 4943 tem
2126 4885 2409 4943 hominem
2433 4884 2644 4949 dicitis,
2670 4884 2951 4956 quomodo
2977 4885 3257 4940 hominem
3277 4885 3333 4939 in
3364 4899 3571 4956 genere

1988 4980 2080 5034 illa
2119 4978 2371 5049 peperit,
2444 4977 2702 5047 plurimis
2756 4978 3049 5033 hominum
3108 4976 3573 5048 generationibus

1991 5078 2119 5124 ante
2148 5067 2295 5122 illam
2330 5066 2755 5133 exsistentibus,
2813 5066 3184 5138 plurimisque
3239 5076 3365 5138 post
3422 5067 3571 5122 illam

1991 5159 2317 5215 exstituris?
2352 5159 2462 5214 Aut
2504 5158 2783 5229 quomodo
2819 5157 2970 5229 quod
3004 5166 3091 5215 est
3135 5158 3192 5213 in
3222 5172 3448 5228 genere,
3472 5156 3576 5212 ali-

1991 5252 2127 5324 quid
2161 5268 2354 5309 eorum
2384 5268 2509 5324 quae.
2538 5260 2669 5307 sunt
2716 5252 2772 5307 in
2803 5266 3007 5323 genere
3037 5266 3232 5322 parere
3287 5250 3573 5321 potuerit?

1995 5344 2101 5401 Sed
2129 5361 2239 5399 non
2267 5344 2448 5399 virum
2480 5342 2716 5416 potestis
2743 5341 3033 5398 nominare
3068 5341 3441 5401 universalem
3473 5358 3573 5400 na-

1995 5448 2346 5503 turam,cum
2400 5451 2582 5509 neque
2615 5434 2940 5501 mulierem;
2981 5434 3143 5493 homo
3190 5434 3338 5509 enim
3382 5432 3573 5491 illiset

1997 5527 2084 5583 his
2115 5541 2412 5582 commune
2446 5508 2723 5597 quoddam
2774 5531 2883 5589 est,
2927 5526 3009 5578 uir
3052 5508 3242 5583 autem
3280 5534 3345 5580 et
3381 5510 3595 5579 ,τιθεῖ

1994 5616 2382 5673 distinctiones
2428 5621 2560 5670 sunt
2598 5614 2931 5671 differentia:
2949 5613 3007 5670 in
3030 5614 3314 5671 communi
3350 5622 3569 5679 natura.

2071 5708 2361 5774 Quomodo
2418 5715 2605 5761 autem
2665 5706 2771 5762 hoc
2822 5706 2972 5762 aliud
3021 5721 3129 5761 non
3191 5706 3571 5777 perspicuum.

2402 5820 2423 5850 ⁸
2461 5820 2598 5876 Luc.
2628 5835 2688 5887 ll,
2715 5820 2803 5874 52.
2919 5823 2941 5853 ⁸
2968 5819 3127 5876 ibid..
3160 5818 3253 5874 42.
3370 5820 3389 5851 ⁸
3410 5818 3573 5881 Deut.

3212 5984 3290 6045 109
