4032 6596
442 486 592 567 ιδιίι

1694 476 2016 561 LEONTIl
2056 487 2469 560 BYZANTINI
2553 561 2559 567 ,

3580 497 3727 567 151-8

438 610 613 684 quod,
643 592 1245 666 sicut'unus'omni'um
1270 616 1335 665 et
1382 603 1721 678 principium
1772 604 2025 661 mortalis

2140 607 2351 661 πάντων
2401 606 2523 693 καὶ.
2550 596 2773 679 πρῶτος
2808 598 2924 681 τῆς
2972 600 3184 682 ’θνητῆς
3239 576 3629 679 καταστάσεως
3688 612 3727 666 ό

440 703 808 762 institutionis
848 702 955 758 fuit
987 702 1185 769 Adam,
1215 716 1319 772 per
1358 715 1523 771 quem
1571 713 1766 755 omnes
1815 696 2027 754 similes

438 798 570 855 tacti
601 812 797 866 sumus
845 797 1111 852 mortales
1173 794 1483 851 secundum
1515 804 1809 866 naturam,
1841 791 1924 848 sic
1968 797 2029 846 et

438 890 716 950 Christur
742 888 1053 947 secundum
1085 903 1310 945 carnem
1356 893 1614 942 unusest
1653 885 1927 949 omnium,
1969 890 2037 939 et-

439 981 779 1054 principium
802 981 1072 1036 transitus
1088 979 1163 1034 'ad
1200 978 1692 1045 immertalitatem,
1721 980 1824 1047 per
1860 980 2027 1045 quem

440 1090 655 1144 omnes,
687 1085 749 1131 ut
776 1075 917 1146 ipse,
938 1073 1065 1128 vitae
1088 1071 1415 1126 immortalis
1436 1068 1842 1142 possessionem
1878 1066 2026 1122 obtia

440 1168 678 1225 nemus?
705 1174 762 1223 et
780 1166 928 1238 quod
948 1179 1098 1220 unus
1114 1151 1283 1219 hoino
1304 1163 1595 1219 hominum
1614 1169 1670 1217 et
1690 1160 1789 1216 Dei
1818 1158 2028 1216 media-

440 1263 564 1318 tor?
592 1261 883 1330 Quomodo
939 1261 1090 1315 enim
1132 1271 1330 1312 omnes
1381 1255 1488 1311 sibi
1532 1254 1873 1310 mediatores
1903 1267 2027 1309 esse

438 1355 701 1428 possent?
723 1353 818 1409 Vel
852 1351 1134 1424 quomodo
1158 1365 1354 1406 omnes
1377 1348 1525 1421 apud
1552 1364 1612 1405 se
1639 1348 1814 1420 gratia
1844 1356 1903 1403 et
1937 1362 2026 1402 sa-

440 1447 651 1520 pientia
676 1445 1050 1518 proficerent?
1079 1444 1233 1499 Multi
1256 1442 1404 1499 enim
1424 1443 1661 1515 juvenes
1683 1440 2024 1505 moriuntur,

441 1540 510 1596 ad
547 1539 845 1611 perfectam
877 1544 1094 1593 :etatem
1118 1552 1229 1591 non
1266 1525 1663 1607 proﬁcientes;
1693 1541 1751 1588 et
1780 1531 1877 1587 alii
1900 1547 2028 1586 rur-

441 1628 542 1690 sus
562 1632 789 1705 plurimi
821 1633 876 1687 in
906 1630 1090 1686 medio
1118 1629 1413 1686 dementiae
1439 1636 1496 1684 et
1552 1626 1861 1698 impietatis
1897 1639 2027 1681 ver-

441 1734 655 1792 santur,
689 1741 801 1780 non
839 1732 1027 1779 autem
1062 1722 1350 1793 sapientiae
1378 1727 1436 1776 et
1457 1720 1651 1792 gratia:
1672 1717 1772 1774 Dei
1795 1717 1855 1772 in
1881 1715 2035 1773 istis.’

438 1817 836 1874 Verumtamen
903 1828 1085 1885 neque
1139 1811 1335 1868 omnes
1384 1810 1673 1883 propheta:
1717 1808 2043 1865 secundum

439 1909 686 1982 Moysen,
706 1922 896 1979 neque
914 1904 1237 1963 sacerdotes
1248 1901 1555 1960 secundum
1578 1899 1986 1958 Melchisedech
2007 1916 2024 1967 ;

2141 699 2315 770 Ἀδὰμ
2362 698 2432 754 δι’
2464 691 2527 754 οὗ
2567 692 2800 766 ’πάντες
2840 702 3018 773 ὅμοιοι
3039 702 3351 775 γεγόναμεν
3395 703 3582 775 θνητοὶ
3611 720 3721 757 κα-
3780 772 3787 778 ,

2127 791 2196 846 τά
2244 791 2428 863 φύσιν,
2463 791 2612 848 οὕτω
2662 794 2758 849 καὶ
2782 796 2810 849 ὁ
2861 791 3099 868 Χριστὸς
3127 795 3188 851 τδ
3239 798 3386 852 κατά
3421 794 3605 870 σάρκα
3632 788 3723 861 εἷς

2128 888 2255 942 ἐστι
2306 887 2417 943 τῶν
2478 887 2718 952 πάντων,
2751 892 2849 943 καὶ
2883 889 3127 962 ἀρχηγὸς
3183 890 3283 962 τῆς
3338 892 3398 946 ὲν
3447 884 3726 963 ἀθανασία

2126 978 2408 1052 διαγωγῆς
2432 1022 2448 1047 ,
2480 980 2549 1035 δι’
2573 974 2636 1035 οὗ
2674 982 2877 1048 πάντες
2929 983 3053 1036 κατ’
3080 981 3264 1047 αὑτὸν,
3296 983 3401 1053 τῆς
3445 968 3723 1038 ἀθανάτου

2128 1058 2277 1145 ζωῆς
2336 1074 2396 1127 ὲν
2448 1070 2671 1144 καθέξει
2726 1075 2999 1149 γινόμεθα
3030 1094 3045 1145 ;
3071 1078 3166 1132 καὶ
3208 1078 3292 1132 ὅτι
3321 1069 3403 1143 εἷς
3432 1077 3726 1146 ἄνθρωπος

2127 1164 2439 1237 ἀνθρώπων
2495 1167 2591 1223 καὶ
2640 1168 2778 1224 Θεοῦ
2840 1168 3074 1241 μεσίτης
3108 1188 3122 1237 ;
3152 1171 3280 1235 Πῶς
3307 1171 3420 1243 γάρ
3442 1171 3494 1225 οῖ
3517 1171 3727 1233 πάντες

2129 1255 2343 1320 ἑαυτοῖς
2398 1257 2781 1327 μεσιτεύουσιν
2810 1277 2826 1327 ;
2865 1260 2898 1331 ἢ
2930 1259 3064 1325 πῶς.
3091 1264 3290 1327 πάντες
3343 1264 3477 1331 παρ’
3503 1264 3728 1326 ἑαυτοῖς

2128 1344 2320 1418 χάριτι
2366 1347 2462 1402 καὶ
2522 1349 2687 1422 σοφίᾳ
2732 1349 3073 1420 προκόψαιεν
3103 1369 3119 1417 ;
3154 1348 3221 1406 Οί
3251 1349 3443 1404 πολλοὶ
3487 1349 3728 1421 γάροκαὶ

2127 1439 2298 1512 ἄωροι
2352 1441 2653 1512 κοιμῶνται
2680 1438 2823 1508 [ἐπὶ
2855 1444 2955 1514 τὴν
2979 1441 3193 1497 τελείαν
3222 1443 3442 1514 ἡλικίαν
3473 1442 3552 1515 μὴ
3588 1460 3729 1512 προ-

2129 1532 2461 1598 κόπτοντεςσ
2489 1534 2585 1589 καὶ
2619 1535 2772 1589 ἄλλοι
2831 1535 2996 1591 πάλ-ιν
3047 1535 3291 1591 πλεῖστοι
3343 1536 3538 1599 ἀνοίας
3580 1536 3728 1590 εἰσὶν

2129 1626 2432 1698 ἀνάμεστοι
2464 1628 2562 1681 καὶ
2586 1627 2869 1692 ἀσεϐείας,
2908 1629 3035 1700 οὑχὶ
3054 1630 3114 1685 δὲ
3143 1629 3339 1701 σοφίας
3370 1630 3471 1684 καὶ
3498 1629 3728 1701 χάριτος

2127 1718 2264 1773 Θεοῦ
2296 1718 2398 1789 τῆς
2418 1719 2505 1773 ἐπ’
2534 1720 2751 1784 αὐτούς.
2794 1720 2961 1776 Ἀλλά
2987 1722 3095 1795 μὴν
3123 1723 3246 1791 οὑδὲ
3272 1723 3560 1796 προφῆται
3586 1723 3730 1777 πᾶν·

2128 1826 2221 1873 τες
2264 1808 2408 1865 κατά
2455 1810 2719 1876 Μωὺσέα,
2755 1810 2878 1865 οὐδὲ
2941 1813 3109 1884 ἱερεῖς
3155 1814 3297 1869 κατά
3327 1813 3677 1885 Μελχισεδέκ
3704 1829 3723 1843 -

2130 1901 2258 1958 ἐπεὶ
2281 1900 2402 1975 ὥρα
2433 1902 2581 1973 ὑμᾶς
2609 1903 2709 1974 τὴν
2744 1903 3051 1978 ἱερωσύνην
3080 1905 3191 1960 τῶν
3224 1905 3599 1962 εἰδωλοθύτων
3630 1906 3729 1960 καὶ

441 2017 567 2060 cum
611 2016 842 2058 necesse
869 1998 1029 2055 vobis
1079 1998 1151 2054 sit
1197 1995 1568 2053 sacerdotium
1600 1993 1771 2050 idolis
1814 1991 2028 2050 sacrifi-

2140 1994 2229 2061 τάς
2275 1994 2534 2065 μαντείας
2562 1995 2663 2060 τάς
2715 1996 2870 2077 παρά
2905 2000 3019 2062 τοῖς
3068 1998 3333 2071 Ἕλλησι,
3362 1999 3732 2077 προφητείας

439 2095 689 2152 cautium
722 2103 779 2150 et
809 2092 1034 2149 oracula
1070 2091 1413 2155 Graecorum,
1447 2080 1809 2163 ,prophetias'
1843 2085 2031 2158 appel-

439 2183 557 2239 lare
587 2182 858 2238 Mosaicas
905 2189 962 2236 et
997 2179 1310 2235 sacerdotia
1346 2178 1701 2247 Christiana;
1754 2176 1903 2248 quod
1946 2183 2032 2232 est

441 2276 697 2349 impium.
734 2272 1017 2344 Sed.quid
1061 2288 1246 2328 meum
1277 2271 1345 2329 de
1394 2271 1500 2328 hac.
1536 2286 1599 2328 re
1631 2270 1887 2342 produco
1911 2282 2031 2324 ser-

440 2367 700 2426 monem?
754 2382 868 2422 non
917 2366 1066 2422 enim
1109 2364 1259 2421 istud
1305 2364 1567 2421 omnibus
1622 2363 1734 2420 illis
1781 2362 2029 2419 videtur.

439 2461 598 2520 Unus
649 2458 799 2517 enim
848 2475 918 2515 ex
963 2445 1358 2515 defensoribus
1401 2457 1564 2513 istius
1597 2456 1873 2529 dogmatis
1902 2469 2031 2511 cum

378 2620 381 2622 _
441 2555 821 2625 interrogatus
849 2551 1102 2608 fuisseta
1143 2549 1385 2621 quodam
1440 2549 1891 2607 ratiocinationis
1917 2565 2032 2606 non

440 2643 724 2717 imperito,
764 2658 1018 2714 quaenam
1044 2650 1232 2698 essent
1289 2642 1431 2709 illae,
1481 2641 1620 2713 quas
1679 2642 1898 2709 dicunt,
1927 2656 2032 2697 ua-

441 2746 610 2804 turae,
630 2736 824 2791 totales
840 2751 911 2791 an
935 2734 1216 2806 partiales,
1243 2734 1530 2805 respondit
1551 2735 1650 2790 has
1673 2743 1731 2790 et
1757 2731 1878 2790 illas
1910 2748 2033 2790 esse

442 2842 642 2900 posse;
673 2825 781 2882 alia
807 2834 992 2883 tamen
1024 2834 1081 2882 et
1112 2824 1222 2881 alia
1249 2824 1488 2881 ratione.
1521 2824 1582 2882 Si
1623 2824 1796 2888 enim.
1828 2824 2029 2897 inquit,

441 2919 499 2975 in
526 2934 586 2975 se
620 2918 922 2975 habuerint
955 2917 1233 2974 rationem
1265 2916 1580 2973 communis
1619 2917 1896 2983 essentiae,
1947 2915 2033 2972 di—

443 3020 715 3070 cerentur
758 3020 1125 3079 communes;
1190 3026 1319 3069 cum
1352 3010 1498 3068 ratio
1537 3009 1785 3067 hominis
1838 3009 1897 3065 in
1942 3025 2035 3082 ge-

443 3118 579 3159 nere
609 3103 682 3158 sit
719 3101 927 3158 animal
951 3102 1227 3161 rationale
1257 3102 1512 3169 mortale,
1545 3111 1604 3159 et
1625 3101 1772 3158 hanc
1799 3101 2033 3158 eviden-

428 3206 531 3253 iter
558 3195 756 3252 habuit
778 3195 929 3266 quod
952 3209 985 3251 e
1008 3195 1171 3252 nobis
1194 3195 1321 3251 fuit.
1369 3194 1640 3252 Similiter
1665 3204 1853 3252 autem
1884 3195 2037 3253 dice-

445 3304 653 3354 remus,
678 3288 881 3360 inquit,
914 3288 984 3344 de
1013 3288 1126 3344 Deo
1150 3287 1355 3345 Verbo.
1394 3286 1554 3355 Quod
1614 3296 1801 3344 autem
1831 3304 1943 3344 non
1973 3304 2032 3345 se

445 3379 825 3437 iucaruaveri't
847 3382 1032 3436 omnis
1055 3388 1247 3437 sancta
1285 3380 1471 3444 Trias,
1512 3396 1623 3436 non
1671 3390 1825 3438 certe
1855 3381 2035 3437 omni-

445 3474 554 3530 bus
589 3474 694 3529 sub
717 3474 959 3529 bumana
989 3480 1192 3528 natura
1216 3471 1535 3546 jacentibus
1572 3472 1815 3540 entibus,
1857 3472 2036 3544 parti-

420 3565 669 3622 «culares
714 3572 903 3621 essent
932 3574 1147 3622 naturae
1175 3571 1231 3619 et
1269 3579 1381 3620 non
1413 3578 1758 3620 communes.
1787 3564 2038 3622 Audiens

448 3659 518 3716 ab
551 3659 955 3730 interrogatore
1005 3657 1140 3729 quid
1187 3669 1379 3714 essent
1403 3666 1617 3714 natura:
1645 3658 2036 3738 particulares,

430 3768 520 3809 an
551 3751 934 3817 subsistentia,
961 3750 1253 3823 respondit
1278 3766 1380 3822 per
1432 3749 1854 3817 istudNestorii
1904 3766 2038 3823 pro-

427 3846 712 3917 .positum,
747 3853 804 3901 et
840 3844 1063 3901 induxit
1093 3843 1161 3900 ad
1205 3843 1330 3900 illos
1379 3843 1731 3901 excusandus
1770 3844 2039 3902 evertisse

428 3937 820 3994 domesticum
858 3936 1078 4010 dogma.

525 4028 647 4085 Non
684 4029 938 4101 pluribus
959 4042 1101 4100 opus
1131 4037 1217 4086 est
1251 4030 1747 4103 propositionibus,
1782 4024 1888 4088 nec
1928 4030 2041 4087 dis-

452 4121 819 4177 tinctionibus
846 4161 862 4187 ,
918 4136 1020 4176 nec
1054 4122 1648 4191 argummtationibus,
1675 4137 1782 4178 nec
1813 4121 2042 4178 concio-

454 4214 654 4282 nibus;
702 4213 1031 4269 conceditur
1085 4215 1235 4269 enim
1289 4214 1449 4269 vobis
1498 4213 1864 4284 particulares
1919 4227 2042 4293 esse

455 4309 596 4364 duas
620 4323 761 4378 quas
787 4306 973 4363 dicitis
1014 4315 1280 4371 naturas;
1315 4305 1423 4362 etsi
1469 4321 1636 4378 quam
1681 4306 1921 4362 maxime
1947 4305 2042 4361 ni-

455 4398 535 4456 hil
564 4399 745 4456 simile
764 4414 866 4454 nos
899 4397 968 4454 de
998 4396 1183 4453 divina
1232 4397 1469 4453 dicimus
1513 4404 1713 4453 natura
1751 4415 1765 4453 :
1806 4397 1903 4453 sed
1933 4391 2044 4454 scil

437 4506 581 4548 mus
612 4491 762 4547 illam
792 4488 1050 4546 similiter
1086 4503 1440 4546 communem
1499 4503 1644 4552 esse,
1674 4495 1733 4544 et
1786 4487 1845 4543 in
1865 4487 2043 4559 parti-

454 4584 634 4642 culari
666 4583 1031 4641 subsistentia
1070 4582 1247 4640 Verbi
1286 4581 1703 4660 particulariter
1755 4579 2043 4639 iucaruata

2131 2087 2425 2160 ὀνομάζειν
2476 2074 2778 2154 Μωσαῖκάς
2825 2090 2922 2145 καὶ
2963 2091 3267 2164 ἱερωσύνας
3299 2074 3729 2164 Χριστιανικάς,

2131 2180 2271 2256 ὅπερ
2326 2180 2542 2249 ἀσεϐές.
2581 2180 2747 2235 Ἀλλὰ
2793 2180 2845 2235 τί
2900 2200 3004 2255 μου
3065 2183 3436 2256 περὶτούτων
3500 2184 3733 2237 ὲκτείνω

2130 2253 2260 2336 «ob;
2308 2272 2539 2343 λόγους;
2573 2273 2695 2328 οὐδὲ
2756 2274 2867 2347 γάρ
2905 2253 3087 2330 πᾶσιν
3137 2253 3325 2341 αὐτοῖς
3360 2275 3526 2331 τοῦτο
3557 2276 3727 2335 δοκεῖ.

2135 2358 2231 2429 Εἷς
2261 2365 2373 2437 γὰρ
2402 2365 2513 2420 τῶν
2560 2366 2987 2439 προεστηκότων
3044 2367 3266 2422 τουτουῖ
3314 2367 3411 2422 τοὺ
3450 2368 3731 2438 δόγματος

2133 2455 2434 2527 ἐρωτηθεὶς
2485 2455 2591 2511 ὑπό
2635 2473 2783 2521 τινος
2809 2456 2912 2511 οὑκ
2939 2456 3172 2528 ἀπείρου
3206 2456 3315 2511 τῶν
3338 2455 3541 2526 λόγων,
3583 2457 3732 2521 τίνες

2132 2545 2199 2600 ἂν
2223 2546 2416 2619 εἴησαν
2444 2548 2499 2602 αῖ
2531 2532 2665 2620 παρ’
2692 2547 2873 2602 αὑτῶν
2900 2548 3193 2622 λεγόμεναι
3224 2548 3443 2620 φύσεις,
3479 2548 3666 2602 όλικαὶ
3695 2548 3734 2620 ἢ

2135 2637 2385 2711 μερικαὶ,
2413 2638 2752 2711 ἀπεκρίνατο
2782 2639 2882 2711 μὲν
2911 2639 3173 2694 δύνασθαι
3200 2640 3297 2696 καὶ
3340 2641 3555 2712 ταύτας
3589 2636 3734 2695 εἶναι

2132 2732 2422 2799 κάκείνας,
2460 2735 2634 2806 ἑτέρῳ
2695 2733 2881 2806 μέντοι
2938 2737 3034 2790 καὶ
3077 2735 3251 2808 ἑτέρῳ
3287 2734 3455 2806 λόγῳ.
3482 2735 3578 2806 Τῷ
3596 2735 3732 2806 γὰρ,

2133 2826 2324 2897 φησὶν,
2352 2826 2500 2897 ἔχειν
2534 2828 2591 2881 ὲν
2613 2826 2836 2892 ἑαυταῖς
2857 2826 2949 2880 τὸν
2978 2826 3139 2897 λόγον
3165 2827 3265 2898 τῆς
3294 2817 3487 2897 κοινῆς
3514 2826 3733 2890 οὐσίας,

2133 2917 2458 2991 λεχθείησαν
2479 2904 2545 2974 ἂν
2569 2920 2749 2990 κοιναί
2768 2939 2781 2952 ο
2805 2919 2929 2974 ἐπεὶ
2949 2919 3087 2987 ζῶον
3110 2920 3329 2989 λογικὸν
3357 2920 3557 2992 θνητὸν
3582 2921 3614 2973 ὀ
3632 2918 3733 2973 τοῦ

2133 3009 2364 3064 καθόλου
2417 3010 2708 3087 ἀνθρώπου
2772 3010 2964 3082 λόγος·
2999 3013 3191 3068 τοῦτον
3224 3013 3281 3068 δὲ
3318 3009 3431 3085 εἶχε
3481 3013 3738 3086 δηλονότι

2134 3104 2326 3159 καὶτὸ
2370 3104 2430 3173 ἐξ
2474 3105 2657 3178 ήμῶν.
2707 3105 2943 3177 Ὁμοίως
2971 3106 3016 3160 δ’
3045 3108 3112 3162 ἂν
3141 3106 3395 3179 εἴποιμεν
3443 3107 3540 3162 καὶ
3598 3109 3740 3182 περὶ

2132 3195 2228 3249 τοῦ
2253 3195 2388 3250 Θεοῦ
2422 3196 2626 3265 Λόγου,
2654 3196 2809 3270 φησί.
2842 3196 2932 3268 Ἰτῷ
2962 3197 3019 3251 δὲ
3053 3197 3130 3269 μὴ
3160 3199 3343 3253 πᾶσαν
3367 3197 3739 3269 ὲνηνθρωπη-

2136 3286 2290 3342 κέναι
2320 3287 2419 3360 τὴν
2448 3288 2613 3356 ἁγίαν
2638 3288 2868 3361 Τριάδα,
2901 3289 3041 3361 μήτε
3066 3288 3174 3361 μὴν
3203 3290 3338 3343 πᾶσι
3361 3290 3475 3353 τοῖς
3499 3288 3607 3342 ὑπὸ
3629 3287 3739 3358 τὴν

2138 3377 2488 3455 ἀνθρωπείαν
2520 3380 2684 3460 φύσιν
2712 3380 2963 3453 ἀτόμοις,
2995 3379 3161 3434 ίδικαὶ
3191 3380 3259 3435 ἂν
3290 3382 3484 3451 εἴησαν
3518 3382 3615 3434 καὶ
3667 3382 3739 3435 οὑ

2138 3476 2339 3534 κοιναί.
2383 3476 2652 3541 Ἀκούσας
2691 3475 2747 3531 δὲ
2778 3476 2933 3548 παρά
2962 3472 3058 3528 τοῦ
3106 3473 3416 3546 πυθομένου
3450 3474 3544 3528 καὶ
3575 3473 3633 3528 τί
3666 3474 3743 3527 ἂν

2139 3570 2334 3643 εἴησαν
2364 3568 2532 3624 ξδικαὶ
2567 3569 2780 3641 φύσεις,
2813 3569 2847 3641 ἢ
2880 3569 3202 3634 ὑπόστασις,
3232 3566 3389 3637 ἔλεγε
3425 3565 3591 3620 τοῦτο
3621 3565 3743 3620 Νε-

2142 3663 2360 3734 στορίου
2384 3662 2708 3735 πρόϐλημα,
2743 3662 2839 3716 καὶ
2872 3662 3109 3734 ἤρκεσεν
3128 3659 3194 3714 ἂν
3227 3659 3410 3714 αὐτῶν
3439 3657 3577 3731 πρὸς
3599 3657 3746 3713 ἀπο-

2139 3755 2350 3825 λογίαν,
2385 3754 2480 3809 τοῦ
2519 3752 2930 3827 ἀνατετράφθαι
2968 3753 3030 3808 τὸ
3066 3754 3267 3807 οἰκεῖον
3295 3752 3495 3824 δόγμα.

2218 4022 2292 4077 υὺ
2316 4021 2582 4079 πλειόνων
2607 4021 2770 4094 χρεία
2793 4019 3102 4095 λημμάτων
3148 4023 3244 4077 καὶ
3289 4021 3614 4092 διαιρέσεων
3646 4023 3748 4077 καὶ

2143 4114 2505 4170 κατασκευῶν
2558 4115 2656 4170 καὶ
2684 4115 2935 4187 ὁμιλιῶν.
2964 4114 3212 4169 Δεδόσθω
3251 4114 3364 4188 γὰρ
3397 4115 3529 4187 ὑμῖν
3561 4115 3748 4180 ίδικὰς

2145 4201 2285 4260 εἶναι
2316 4205 2416 4269 τὰς
2444 4204 2541 4259 δύο
2576 4204 2881 4278 λεγομένας
2908 4204 3099 4269 οὐσίας
3120 4221 3135 4237 ·
3166 4206 3215 4259 εἰ
3246 4202 3342 4261 καὶ
3379 4205 3463 4259 ὅτι
3498 4202 3749 4275 μάλιστα

2143 4297 2299 4354 οὐδὲν
2354 4297 2595 4353 τοιοῦτον
2628 4299 2790 4371 ἡμεῖς
2810 4298 2905 4353 ἐπὶ
2940 4298 3036 4371 τῆς
3068 4297 3221 4360 Θείας
3252 4296 3436 4369 φαμὲν
3467 4296 3696 4368 φύσεως
3724 4315 3741 4331 ν

2144 4388 2259 4444 ἀλλ’
2287 4388 2511 4461 οἴδαμεν
2532 4389 2704 4461 αὐτὴν
2730 4389 2933 4461 ὁμοίως
2954 4407 3013 4444 τε
3039 4388 3224 4461 κοινὴν
3247 4389 3436 4454 οὖσαν,
3458 4390 3553 4443 καὶ
3580 4391 3643 4443 ὲν
3675 4392 3748 4463 τῇ

2149 4480 2291 4555 ἰδικῇ
2307 4480 2714 4537 ὑποστάσειτοῦ
2735 4481 2910 4551 Λόγου
2936 4481 3121 4546 ίδικῶς
3139 4481 3487 4554 σαρκωθείσῃ
3510 4482 3753 4552 ἐνυπάρο

2146 4588 2283 4644 χειν.
2304 4571 2441 4644 ’ἰδίῳ
2457 4571 2568 4644 γὰρ
2587 4571 2731 4647 λόγῳ
2744 4571 2943 4643 ἔχουσα
2961 4570 3023 4625 τὸ
3048 4570 3378 4640 ἀδιαίρετον,
3402 4568 3479 4633 ὡς
3504 4567 3750 4639 ἀμερὴς,

455 4679 760 4746 exsistere;
802 4675 1052 4750 "proprie
1106 4676 1257 4732 enim
1314 4674 1596 4749 loquendo
1648 4674 2038 4732 indivisionem

2148 4663 2336 4735 ἀπαθῆ
2387 4663 2648 4732 φυλάττει
2696 4663 2792 4717 κα)⁸
2847 4661 3241 4733 διακρινομένη
3290 4663 3390 4733 τὴν
3448 4663 3751 4732 κοινότητα

458 4770 709 4837 habens,
766 4777 1052 4841 ianquam
1113 4768 1367 4840 partibus
1422 4783 1659 4836 carens,
1723 4765 2073 4834 inviolatam,

457 4868 682 4926 servat,
739 4860 907 4916 etiam
967 4857 1228 4915 distincta
1255 4901 1270 4923 .
1353 4860 1805 4915 communitatem
1867 4874 2044 4916 suam.

454 4954 694 5012 Aliunde
712 4956 857 5025 quoi
883 4954 1055 5009 tantis
1087 4952 1376 5010 laboribus
1406 4961 1729 5026 congestum
1759 4960 1846 5010 est
1874 4961 1933 5009 et
1964 4952 2050 5009 in-

458 5056 735 5105 tentatum
757 5063 787 5102 a
815 5046 1000 5114 vobis,
1030 5046 1165 5102 illud
1186 5056 1292 5113 est,
1333 5046 1477 5103 nihil
1502 5046 1653 5102 aliud
1695 5061 1818 5104 esse
1864 5046 2051 5103 subsi-

456 5141 691 5199 stentias
720 5129 826 5196 nisi
856 5139 1235 5211 particulares
1253 5136 1513 5209 nauli-as;
1545 5149 1603 5196 et
1621 5149 1839 5211 oportet
1868 5147 1928 5196 ut
1950 5153 2050 5195 vos

459 5235 713 5291 dicentes
736 5232 878 5289 duas
900 5241 1129 5288 naturas
1150 5247 1293 5301 esse,
1319 5239 1373 5289 et
1404 5231 1507 5287 has
1528 5229 1935 5302 particulares,
1954 5238 2050 5285 aut

446 5324 787 5403 {alterutram
811 5325 1253 5390 earum'solum,‘
1266 5332 1401 5396 puta
1434 5323 1759 5391 humanam,
1795 5321 1937 5379 duas
1968 5322 2052 5377 vi-

460 5418 705 5476 deatiset
720 5432 842 5473 esse
860 5416 1249 5474 subsistentias
1267 5435 1282 5485 ;
1305 5414 1508 5474 divina:
1526 5415 1678 5472 enim
1693 5424 2053 5472 naturaacon-

455 5511 681 5569 ceditur
694 5509 1088 5582 prmexstitisse
1116 5508 1493 5567 subsistentia.
1526 5508 1656 5576 Sed,
1692 5524 1727 5564 ο
1751 5494 2049 5583 sapientes,

462 5586 697 5658 multum
707 5600 986 5671 fallimini,
1002 5602 1079 5658 ita
1095 5601 1176 5658 rei
1196 5600 1753 5677 inquisilterationem
1772 5598 1929 5672 prius
1940 5615 2050 5656 non

462 5694 903 5763 considerantes,
947 5693 1044 5751 sed
1080 5694 1137 5751 in
1184 5693 1436 5766 quaedam
1470 5692 1839 5759 consectaria,
1872 5700 1969 5749 aut
1990 5691 2051 5747 in

461 5788 736 5845 rationem
778 5789 901 5844 sine
935 5787 1149 5844 ratione
1178 5786 1384 5844 nonad
1424 5786 1787 5858 quaestionem
1825 5785 2056 5842 tenden-

462 5897 576 5939 tem
621 5880 930 5939 deviautes.
980 5879 1102 5936 Non
1148 5879 1320 5947 enim,
1358 5877 1621 5950 quoniam
1671 5877 1839 5933 homo
1865 5876 2054 5932 anima

455 5973 730 6046 preditus
759 5989 871 6031 non
895 5973 1017 6029 sine
1042 5971 1409 6044 respiratione
1431 5973 1578 6028 aeris
1610 5977 1714 6037 est,
1736 5970 1854 6044 jam
1880 5970 2055 6044 inspi-

2153 4758 2376 4829 ἑαυτῆς.
2411 4756 2561 4827 Πλὴν
2614 4755 2678 4812 τὸ
2739 4756 2958 4829 μυρίοις
2986 4756 3118 4826 ὑμῖν
3146 4757 3341 4819 κόποις
3369 4753 3749 4823 συναγόμενον

2151 4849 2248 4905 καὶ
2287 4847 2752 4921 σπουδαζόμενον,
2775 4846 2938 4901 τοῦτό
2989 4849 3159 4915 ἐστιν,
3191 4846 3268 4912 ὡς
3328 4845 3486 4900 οὐδὲν
3554 4846 3751 4916 ἕτερον

2151 4944 2509 5008 ὑποστάσεις,
2536 4944 2585 4997 εί
2617 4942 2695 5014 μὴ
2734 4942 2901 4996 ίδικαὶ
2926 4940 3117 5010 φύσεις
3144 4939 3252 4995 εἰσί
3283 4957 3298 4972 ο
3325 4942 3421 4995 καὶ
3440 4940 3563 4996 δέον
3593 4941 3751 5011 ἡμᾶς

2149 5033 2407 5102 λέγοντας
2442 5031 2537 5087 δύο
2560 5031 2659 5097 τὰς
2683 5031 2900 5103 φύσεις,
2916 5033 3030 5084 ’καὶ
3059 5030 3236 5097 ίδικάς
3259 5028 3491 5095 ταύτας,
3527 5028 3561 5099 ἢ
3585 5028 3752 5084 θατέ-

2152 5146 2256 5204 ραν
2278 5128 2458 5184 αὑτῶν
2492 5127 2684 5200 μόνην,
2718 5126 2888 5198 ἤγουν
2910 5123 3009 5197 τὴν
3040 5124 3391 5197 ἀνθρωπείαν
3412 5165 3428 5189 ,
3466 5123 3562 5178 δύο
3608 5122 3751 5179 εἰδέ-

2152 5239 2242 5279 ναι
2287 5219 2458 5285 αὑτὰς
2502 5217 2669 5284 οὑσας
2725 5221 2821 5273 καὶ
2866 5217 3203 5282 ὑποστάσεις
3233 5233 3248 5250 ο
3288 5216 3393 5289 τῆς
3431 5216 3544 5288 γὰρ
3591 5215 3752 5283 θείας

2152 5315 2501 5388 ὡμολόγηται
2552 5312 2960 5386 προὺφεστῶσα
2991 5314 3026 5385 ἡ
3088 5311 3415 5375 ὑπόστασις.
3492 5309 3665 5378 'm',
3703 5303 3752 5364 ὦ

2156 5410 2353 5480 σοφοὶ,
2396 5406 2615 5480 μεγάλα
2670 5404 2978 5481 σφάλλεσθε
3018 5402 3188 5478 ,οὕτω
3245 5402 3340 5458 τοῦ
3401 5401 3750 5475 ζητουμένου

2134 5502 2485 5576 πράγματος
2542 5500 2635 5556 τὸν
2691 5500 2853 5571 λόγον
2904 5498 3141 5573 πρώτως
3193 5496 3271 5570 μὴ
3319 5494 3749 5564 κατανοοῦντες,

2155 5596 2272 5652 ἀλλ’
2304 5595 2386 5661 είς
2434 5612 2579 5650 τινα·
2610 5594 2972 5666 παρεπόμενα
2992 5632 3008 5657 ,
3039 5591 3073 5664 ἢ
3106 5591 3198 5646 τὸν
3224 5590 3286 5643 οὑ
3317 5590 3393 5661 μὴ
3420 5589 3555 5644 ἄνευ
3582 5588 3749 5659 λόγου

2156 5688 2423 5761 ἐπέχοντα
2464 5686 2601 5759 πρὸς
2642 5686 2709 5741 τὸ
2740 5684 3080 5758 ζητούμενον
3119 5680 3637 5755 παρατρεπόμενοι.
3670 5682 3750 5735 Οὐ

2157 5779 2267 5852 γάρ
2292 5778 2415 5833 ἐπεὶ
2463 5779 2754 5850 ἄνθρωπος
2793 5776 3066 5849 ἔμψυχος,
3095 5774 3197 5829 οὑκ
3239 5775 3370 5829 ἄνευ
3415 5773 3567 5827 ἐστὶν
3616 5772 3754 5830 ἀνα-

2158 5875 2330 5946 πνοῆς
2350 5874 2532 5944 ἀέρος,
2550 5873 2651 5945 ἧδη
2673 5871 2765 5927 τὸν
2789 5870 3175 5943 είσπνεόμενον
3201 5866 3576 5941 ἀέραιοῖεσθαι
3598 5867 3754 5939 ἡμᾶς

2158 5964 2298 6026 εἶναι
2332 5968 2435 6040 τὴν
2463 5966 2642 6039 ψυχὴν
2674 5966 2795 6021 δέον
2825 5982 2841 5998 ι
2873 5965 3149 6020 nubtias!
3178 5961 3472 6037 συμϐαίνει
3492 5961 3612 6026 τοῖς
3651 5960 3754 6016 θα-
