4032 6576
250 446 421 518 1549

1233 438 1633 521 ADVERSUS
1667 438 2222 515 NESTORIANOS.
2244 474 2316 486 —
2348 438 2498 512 L113.
2541 440 2625 510 Ii.

3414 438 3552 510 1550

254 544 443 623 νοῦσι
480 566 803 639 βαρυτέροις
849 564 1011 633 εἶναι,
1036 568 1137 640 ήδη
1172 571 1267 623 καὶ
1316 570 1483 641 βάρος
1515 568 1683 640 ὁλκῆς
1713 560 1854 620 εἶναι

1987 571 2141 618 atum
2188 579 2315 620 aera
2351 562 2668 618 existimare
2705 575 2805 617 nos
2849 559 3086 616 animam
3130 575 3252 618 esse
3285 565 3542 632 oportet;

252 659 521 730 νομίζειν
547 659 697 722 εἰκὸς
724 660 815 713 τὸν
848 659 1095 715 θάνατον.
1145 661 1305 714 Ἀλλὰ
1330 652 1448 714 δέον
1481 662 1589 714 πᾶν
1638 659 1699 713 τὸ
1730 659 1859 730 περὶ

256 747 342 809 οὗ
370 758 398 809 6
420 745 578 823 λόγος
605 754 1025 821 κατανοοῦντας,
1052 756 1200 815 ὅπως
1228 754 1342 825 ἔχοι
1365 754 1394 806 6
1425 754 1544 808 κατ’
1575 752 1718 806 αὑτά
1764 750 1858 804 λό-

256 862 375 915 γος
406 848 753 901 σκέπτεσθαι.
791 848 908 902 Κᾶν
941 866 1001 901 τε
1059 848 1168 919 γὰρ
1219 849 1376 901 οὐσία
1419 865 1501 910 τις
1534 843 1590 921 ᾖ,
1619 847 1713 901 καὶ
1737 846 1860 898 ἑπι-

264 941 583 1013 συμὸαῐνον
635 941 749 1013 ἔχοι
773 959 826 994 τι
871 941 980 995 τῶν
1009 944 1141 1015 παρ’
1172 942 1367 1012 αὑτὴν,
1409 942 1471 995 οὑ
1511 936 1862 1011 συμϐεϐηκὸς

259 1025 419 1084 εἶναι
442 1029 608 1102 αὑτὴν
639 1032 872 1103 ἡγητέον
898 1049 912 1062 ·
949 1032 1049 1086 κάν
1072 1049 1131 1085 τε
1160 1030 1508 1102 συμϐεϐηκός
1543 1047 1596 1082 τι
1620 1030 1730 1099 εἴη,
1768 1028 1864 1081 καὶ

264 1119 475 1194 ὥσπερ
500 1118 1002 1193 ἐπισυμϐαίνουσαν
1035 1122 1185 1195 αὑτῷ
1214 1122 1327 1193 ἔχοι
1350 1114 1451 1192 τὴν
1476 1112 1685 1185 οὑσίαν,
1720 1111 1863 1172 ἐκεῖ·

264 1230 341 1267 νο
372 1213 605 1286 πρώτως
632 1206 728 1267 καῖ
754 1206 961 1284 κυρίως
986 1213 1089 1267 οὑκ
1110 1212 1316 1274 οὐσίαν,
1340 1208 1478 1267 ἀλλὰ
1509 1208 1862 1279 συμϐεϐηκὸς

265 1306 461 1377 λέγειν
493 1302 605 1373 δεῖ,
640 1298 1067 1377 συμϐεϐηκότως
1099 1304 1157 1359 δὲ
1211 1304 1523 1357 οὑσιῶσθαι.
1559 1302 1705 1373 Πλὴν
1739 1299 1864 1355 ἐπεὶ

265 1403 404 1458 οὑδὲ
440 1404 598 1472 ὑμεῖς
631 1401 769 1471 πρὸς
804 1402 902 1470 τὴν
932 1401 1041 1454 τῶν
1078 1399 1307 1454 τοιῶνδε.
1351 1396 1589 1468 μάθησιν
1637 1392 1864 1458 ἑαυτοὺς

268 1494 416 1563 ἡμῖν
441 1491 795 1557 ὲκδεδώκατε,
838 1488 958 1544 οὑδὲ
995 1484 1155 1560 ἡμεῖς
1186 1490 1312 1559 ὑμῖν
1349 1487 1483 1557 πρὸς
1532 1485 1742 1542 τοιάνδε
1785 1478 1864 1537 δι-

269 1584 579 1639 δασκαλίαν
616 1582 1036 1656 ἐπιρῤίπτομεν.
1061 1579 1199 1635 Τάδε
1233 1577 1331 1656 μὲν
1368 1572 1508 1642 ἃλις.

352 1843 559 1917 Ἕτερα
591 1845 647 1899 δὲ
680 1841 801 1897 λίαν
830 1842 1031 1914 εὔδηλα
1064 1844 1404 1914 τυγχάνοντα
1448 1841 1867 1915 παραστήσουσι

1966 670 2099 721 non,
2127 655 2385 725 quoniam
2407 656 2610 710 accidit
2630 653 2862 709 mortuis
2888 645 3234 725 gravioribus
3268 669 3411 720 esse,
3429 654 3544 727 jam

1965 745 2291 818 gravitatem
2309 744 2575 816 ponderis
2597 758 2720 800 esse
2741 752 2977 802 mortem
3007 746 3320 802 existimare
3334 742 3543 818 justum

1965 845 2071 893 est.
2099 837 2207 895 Sed
2232 838 2603 893 necessarium
2627 846 2712 893 est
2741 838 3064 893 universum
3082 839 3193 895 hoc
3210 840 3277 894 de
3298 854 3409 910 quo
3426 824 3549 895 tra-

1967 939 2152 985 ctatur
2180 930 2553 997 considerare,
2602 937 2664 984 ut
2709 927 2883 1001 possit
2915 930 3220 986 secundum
3270 933 3374 988 ista
3402 930 3547 987 ratio

1966 1026 2248 1082 observari
2281 1043 2294 1079 :
2332 1025 2379 1081 si
2404 1026 2553 1082 enim
2593 1026 2832 1081 essentia
2878 1025 3128 1096 quaedam
3154 1034 3319 1093 esset,
3363 1036 3419 1082 et
3453 1024 3552 1083 ali-

1968 1115 2116 1181 quod
2147 1115 2403 1172 accidens
2426 1111 2657 1172 haberet
2683 1117 2839 1187 juxta
2884 1130 2964 1183 se,
3005 1130 3116 1171 non
3158 1117 3415 1172 accidens
3451 1132 3551 1189 pro

1969 1209 2207 1264 essentia
2233 1208 2479 1279 reputari
2511 1216 2763 1279 oportet;
2793 1209 2837 1263 si
2875 1206 3131 1264 accidens
3168 1208 3445 1278 quoddam
3466 1225 3553 1266 es-

1971 1286 2075 1366 set,
2133 1310 2190 1356 et
2223 1301 2522 1357 essentiam
2572 1300 2803 1356 haberet
2848 1311 3110 1371 tanquam
3146 1301 3251 1356 sibi
3292 1296 3551 1372 positam,

1970 1388 2075 1448 h'oc
2102 1392 2339 1463 primum
2364 1402 2419 1448 et
2452 1394 2675 1465 preprie
2701 1410 2812 1449 non
2844 1394 3140 1449 essentiam
3172 1395 3266 1450 sed
3296 1394 3555 1451 accidens

1969 1499 2092 1540 esse
2120 1485 2414 1539 dicendum
2448 1493 2552 1551 est,
2584 1485 3000 1541 accidentaliter
3039 1494 3223 1540 autem
3254 1486 3552 1541 essentiam

1970 1576 2112 1630 ﬁeri.
2144 1576 2440 1641 Caateru'm,
2488 1585 2612 1631 cum
2646 1592 2748 1632 vos
2793 1590 2904 1631 non
2949 1577 3018 1632 ad
3067 1576 3195 1633 talia
3230 1575 3554 1634 discendum

1969 1677 2069 1721 ves
2097 1666 2245 1737 ipsos
2282 1666 2443 1723 nobis
2491 1666 2744 1732 dedistis,
2778 1683 2961 1739 neque
3006 1684 3107 1724 nos
3153 1670 3316 1725 vobis
3361 1669 3419 1725 in
3452 1671 3559 1725 tale

1972 1758 2349 1829 magisterium
2379 1760 2681 1815 irruemus.
2714 1760 2792 1815 De
2822 1760 2910 1815 his
2940 1759 3162 1830 quidem
3190 1759 3342 1817 satis.
3579 1829 3585 1835 ί

2049 1848 2167 1904 Alia
2194 1859 2378 1905 autem
2411 1850 2645 1926 multum
2672 1843 2966 1921 perspicua
3012 1862 3313 1907 occurrunt
3352 1850 3441 1907 his
3465 1851 3561 1923 qui

272 1940 389 1994 τὼν
422 1938 689 2013 δοξάντων
714 1932 843 2009 ὑμῖν
878 1937 1127 1991 πλεῖστον
1162 1932 1301 1992 εἶναι
1330 1936 1390 1990 τὸ
1418 1936 1637 1990 ἄτοπον.
1674 1933 1736 1988 Εἰ
1760 1934 1865 2007 γὰρ

1987 1950 2451 2007 )utantvestram
2503 1958 2626 1999 esse
2677 1943 2975 1998 immanem
3032 1942 3454 2007 absurditatem.
3504 1944 3560 1999 Si

276 2032 342 2085 αἱ
373 2008 712 2094 ὑποστάσεις
739 2028 890 2084 οὐδὲν
928 2029 1138 2099 ἕτερον,
1169 2028 1283 2085 ἀλλ’
1318 2030 1352 2101 ἢ
1393 2029 1559 2083 ίδικαὶ
1591 2026 1771 2081 οὑσίαι
1797 2027 1871 2080 εἱ-

279 2124 341 2179 σὶ
360 2166 375 2191 ,
404 2126 551 2196 τρεῖς
586 2120 864 2192 .λέγοντες’
883 2123 979 2189 τάς
1006 2118 1333 2185 ὑποστάσεις
1363 2122 1463 2191 τῆς
1503 2121 1662 2189 ἁγίας
1700 2120 1870 2190 Τριά-

274 2215 399 2282 δος,
429 2214 671 2285 δηλονότι
723 2214 872 2282 τρεῖς
915 2212 1008 2265 καὶ
1037 2211 1135 2273 τὰς
1182 2210 1371 2273 οὐσίας
1414 2209 1549 2277 φατέ
1574 2218 1587 2237 ⁸
1625 2207 1719 2260 καὶ
1760 2206 1869 2259 ἰδοὺ

276 2308 387 2378 τὴν
418 2305 659 2378 τριθεῖαν
695 2304 833 2375 μετὰ
861 2303 961 2374 τῆς
989 2305 1068 2366 είς
1097 2304 1199 2375 τὴν
1249 2303 1566 2373 οἰκονομίαν
1625 2300 1871 2370 βλασφη-

282 2397 422 2469 μίας
456 2397 819 2451 ὑπεδὺσασθε.
844 2397 966 2449 Ἔτι
997 2395 1054 2449 δὲ
1079 2395 1173 2448 καὶ
1201 2395 1377 2458 ἄλλως
1398 2394 1458 2447 τὸ
1486 2393 1688 2447 ἄτοπον
1717 2390 1873 2463 ὑμῶν

277 2489 641 2561 γνωριστέον.
692 2488 754 2540 El
794 2487 903 2559 γὰρ
930 2486 1086 2539 οὐσία
1114 2489 1147 2557 ἡ
1181 2485 1324 2556 rem;
1377 2484 1658 2540 Ματθαίου
1688 2483 1871 2554 τυχὸν,

276 2582 391 2655 τῆς
447 2582 635 2645 οὐσίας
668 2579 900 2652 Μάρκου
948 2579 1046 2647 τῆς
1095 2577 1271 2646 ἱδικῆς
1300 2577 1452 2630 οὐδὲν
1482 2576 1729 2645 διαφέρει
1758 2574 1875 2645 (τὸν

280 2676 402 2747 γάρ
432 2675 595 2729 αὑτὸν
618 2674 778 2742 λόγον
807 2674 903 2726 καὶ
934 2674 1061 2742 ὅρον
1082 2671 1393 2741 ἐπιδέχεται
1424 2669 1684 2740 ἑκατέρα)
1712 2709 1725 2733 ,
1754 2668 1875 2722 οὑδὲ

283 2769 325 2838 ἡ
353 2768 669 2830 ὑπόστασις,
707 2766 876 2835 ἧγουν
926 2764 987 2817 τὸ
1054 2764 1366 2835 πρόσωπον,
1400 2762 1698 2816 Ματθαίου
1727 2798 1743 2824 ,
1776 2761 1877 2831 τῆς

285 2860 668 2925 ὑποστάσεως,
693 2860 871 2912 είτουν
900 2856 998 2911 τοῦ
1036 2855 1356 2927 προσώπου,
1380 2854 1611 2927 Μάρκου
1643 2852 1878 2918 διενέξε-

285 2968 406 3017 ται,
431 2952 569 3007 ἀλλὰ
601 2948 694 3005 τὸν
724 2950 885 3004 αὑτὸν
912 2951 1039 3022 ὅρον
1071 2950 1164 3002 καὶ
1191 2947 1351 3017 λόγον
1374 2988 1389 3012 ,
1422 2948 1598 3001 είτουν
1637 2946 1879 3019 ὑπογρα-

290 3046 423 3116 φὴν,
459 3044 697 3113 ἑκατέρα
760 3042 1075 3107 ἐπιδείξεται
1132 3040 1429 3103 ὑπόστασις
1461 3056 1473 3070 ο
1507 3037 1599 3092 καὶ
1659 3041 1716 3091 ὲν
1768 3041 1880 3102 τοῖς

289 3138 479 3198 αὐτοῖς
534 3135 595 3188 οὑ
663 3134 823 3204 μόνον
881 3127 1050 3197 οὗτοι,
1118 3132 1254 3185 ἀλλὰ
1304 3132 1399 3185 καὶ
1451 3132 1557 3194 πᾶς
1596 3129 1880 3201 ἄνθρωπος

290 3227 731 3299 γνωρισθήσεται
763 3225 1018 3295 ίδιώμασι
1052 3224 1146 3278 καὶ
1181 3224 1238 3277 ὲν
1266 3227 1402 3297 ταῖς
1436 3223 1496 3287 ἐξ
1527 3222 1712 3276 αὐτῶν
1743 3224 1880 3276 ὑπο-

1972 2033 2120 2089 enim
2156 2034 2535 2089 subsistentia:
2567 2034 2706 2089 nihil
2755 2033 2905 2089 aliud
2928 2032 3042 2095 nisi
3080 2034 3445 2103 particulares
3472 2050 3563 2090 es-

1973 2124 2166 2180 sentia:
2193 2136 2346 2191 sunt,
2379 2134 2497 2180 tres
2543 2126 2782 2181 dicendo
2830 2126 3222 2181 subsistentias
3266 2121 3322 2181 in
3375 2135 3563 2181 sancta

1974 2209 2196 2282 Triade,
2227 2216 2516 2272 evidenter
2541 2226 2657 2272 tres
2677 2217 2950 2273 essentias
2992 2233 3214 2287 quoque
3255 2217 3461 2273 dicitis.
3497 2218 3566 2274 Et

1973 2321 2104 2362 ecce
2137 2307 2411 2377 triplicem
2452 2307 2798 2363 divinitatem
2831 2323 2956 2383 cum
2992 2317 3174 2363 vestra
3216 2308 3272 2362 in
3314 2308 3587 2383 incarnaﬁ

1974 2395 2183 2451 tionem
2250 2396 2596 2467 blaSpbemia
2652 2396 2965 2452 insinuatis.
3030 2396 3243 2450 Adhuc
3274 2404 3457 2451 autem
3512 2403 3569 2451 et

1976 2486 2136 2541 aliter
2184 2495 2369 2542 vestra
2408 2486 2729 2542 absurditas
2751 2502 2809 2543 se
2841 2486 3120 2557 patefacit.
3171 2487 3227 2542 Si
3259 2487 3408 2542 enim
3438 2485 3570 2541 sub-

1976 2578 2176 2634 stantia
2214 2578 2565 2659 particularis
2588 2579 2848 2645 Matthaei,
2868 2579 3019 2634 verbi
3053 2579 3250 2651 gratia,
3278 2579 3355 2634 ab
3376 2594 3569 2634 essen-

1979 2673 2052 2727 tia
2078 2672 2245 2727 Marci
2292 2673 2615 2742 particulari
2646 2672 2785 2729 nihil
2824 2672 3033 2738 diﬂ‘ert,
3074 2673 3439 2743 eamdemque
3484 2688 3574 2727 ra.
3614 2662 3615 2665 “

1980 2764 2190 2819 tionem
2231 2774 2287 2819 et
2308 2765 2568 2820 eumdem
2603 2765 2902 2820 terminum
2951 2766 3149 2836 recipit
3180 2774 3433 2835 Utraque,
3462 2782 3569 2821 non

1978 2857 2367 2923 subsistentia,
2402 2854 2469 2912 id'
2488 2868 2572 2913 est
2589 2853 3123 2928 persona,'Matthaai
3155 2873 3186 2912 a
3216 2858 3573 2914 subsistentia

1990 2949 2231 3019 indeque
2275 2965 2512 3021 persona
2552 2950 2719 3005 Marci
2762 2951 3131 3016 discernetur,
3176 2951 3273 3006 sed
3317 2951 3571 3007 eumdem

1986 3041 2316 3107 terminum,
2346 3041 2598 3096 eamdem
2639 3041 2935 3109 rationem,
2969 3053 3027 3096 et
3068 3041 3303 3111 proinde
3326 3041 3574 3097 eamdem

1984 3134 2416 3205 descriptionem
2446 3133 2681 3203 accipiet
2702 3143 2940 3204 utraque
2967 3133 3327 3189 subsistentia
3352 3150 3366 3199 ;
3397 3142 3453 3189 et
3477 3149 3578 3203 per

1984 3227 2205 3283 easdem
2230 3241 2345 3280 non
2376 3225 2466 3281 isti
2499 3226 2699 3290 solum,
2730 3225 2825 3281 sed
2850 3226 3031 3280 omnis
3055 3226 3219 3281 homo
3248 3234 3578 3296 agnoscetur

297 3318 558 3372 στάσεσιν
578 3334 591 3349 ·
625 3318 783 3387 εἴπερ
816 3315 1014 3387 ταυτόν
1036 3315 1182 3367 ἐστιν
1208 3315 1241 3385 ἡ
1268 3314 1410 3383 ἰδικὴ
1432 3313 1538 3366 τῶν
1564 3313 1879 3367 καοὲκαστα

1987 3319 2361 3390 proprietates
2390 3329 2447 3373 et
2486 3335 2584 3390 per
2612 3318 3001 3373 subsistentias
3030 3333 3151 3388 qua:
3187 3316 3255 3372 ad
3282 3316 3416 3372 illas
3447 3333 3579 3388 per-

296 3408 456 3461 οὑσία
486 3411 553 3479 τῇ
576 3407 892 3462 ὑποστάσει.
923 3406 1044 3459 Ἔτι
1068 3406 1126 3460 δὲ
1148 3447 1162 3471 ,
1195 3399 1240 3458 ὧ
1279 3398 1446 3467 οὗτοι,
1506 3404 1882 3476 μνημονεῦσαι

296 3502 408 3555 τῶν
466 3501 753 3573 ὑμετέρων
796 3498 1159 3570 δυσωπήθητε
1188 3515 1202 3529 ο
1236 3497 1470 3569 καὶγὰρ
1517 3497 1623 3567 πρὸ
1677 3494 1880 3569 ’μικροῦ

300 3597 431 3667 ὑμῖν
462 3594 670 3666 εἴρητο,
701 3593 785 3646 ὅτι
823 3592 923 3644 οὐκ
945 3590 1005 3655 ἐξ
1042 3590 1374 3659 οὑσιωδῶνή
1408 3577 1705 3651 ὑπόστασις
1756 3604 1885 3641 συν-

300 3688 555 3759 έστηκεν.
587 3688 651 3740 El
702 3682 796 3740 οὖν
825 3684 1023 3739 ταὺτόν
1055 3686 1171 3735 ἐστι
1208 3684 1274 3753 τῇ
1318 3680 1456 3752 ἱδικῇ
1488 3680 1669 3752 οὑσίᾳ,
1701 3679 1822 3733 οὑδὲ
1849 3681 1883 3751 ἡ

306 3782 450 3853 ίδικὴ
485 3780 647 3834 οὑσία
698 3777 902 3850 δηλαδὴ
935 3776 993 3844 ἐξ
1041 3774 1315 3829 οὑσιωδῶν
1373 3773 1740 3845 συνέστηκεν·
1769 3773 1886 3827 ἀλλ’

301 3877 380 3937 ὡς
418 3874 476 3927 ὲν
506 3874 739 3934 ἐκείνοις
776 3872 961 3926 εἴπετε
994 3870 1090 3924 κα)⁸
1128 3868 1307 3938 ὑμεῖς,
1343 3869 1408 3921 ἐκ
1440 3867 1735 3937 σιμότητος
1791 3867 1888 3920 καί⁸

306 3966 635 4037 λευκότητος
657 3964 753 4017 καὶ
779 3962 887 4016 τῶν
913 3962 1136 4033 ὁμοίων,
1168 3960 1201 4030 ἢ
1233 3960 1339 4013 ἀπὸ
1362 3959 1564 4029 τρόπου
1597 3956 1890 4027 ὑπάρξεως

309 4060 462 4115 ἔσται
522 4057 816 4129 ὑφεστῶσα
874 4057 908 4127 ἠ
965 4055 1108 4125 ἰδικὴ
1141 4052 1624 4125 .ὑπαρξις,εῑ¹τουν
1678 4051 1834 4104 οὐσία
1873 4066 1887 4079 ·

304 4150 458 4203 ἔσται
489 4149 583 4202 οὑν
616 4150 675 4214 ἐξ
701 4146 973 4201 άνουσίων
1003 4147 1036 4217 ἡ
1062 4145 1224 4198 οὐσία
1253 4161 1267 4175 ο
1302 4145 1399 4197 καὶ
1431 4141 1492 4207 ἐξ
1523 4140 1889 4213 ἀνυπάρκτων

304 4245 339 4316 ἡ
371 4241 625 4313 ὖπαρξις.
661 4243 724 4295 Et
743 4240 800 4293 δὲ
824 4239 1030 4297 τούτων
1054 4238 1174 4292 λίαν
1200 4236 1425 4307 εὔδηλον
1447 4236 1509 4290 τὸ
1538 4236 1766 4305 ἀνόητον
1794 4234 1890 4286 καὶ

308 4336 638 4408 μειρακίοις,
661 4334 836 4404 μάτην
858 4331 1206 4403 ἄραῖτοσήνδε
1222 4327 1317 4383 τοῦ
1336 4328 1695 4399 συλλογισμοῦ
1714 4326 1885 4397 ραψοο

303 4427 492 4497 λογίαν
525 4422 1011 4486 καταναλώσαντες
1038 4463 1053 4486 ,
1084 4422 1238 4476 οὐδὲν
1285 4422 1499 4484 ἑαυτοῖς
1530 4419 1881 4490 ὲπορίσασθε.

1988 3413 2202 3479 tinent;
2237 3412 2513 3483 siquidem
2546 3412 2690 3466 idem
2721 3418 2807 3466 est
2848 3410 3202 3482 particularis
3252 3410 3308 3465 in
3347 3411 3580 3482 singulis

1972 3505 2230 3561 essentia
2252 3518 2316 3560 ac
2338 3505 2721 3560 subsistentia.
2744 3504 2947 3560 Adhuc
2966 3513 3170 3570 autem,
3202 3519 3235 3558 o
3253 3503 3578 3570 adversarii,

1990 3606 2169 3654 vestra
2198 3598 2480 3653 recordari
2508 3597 2843 3652 erubescite.
2888 3596 3106 3651 Etenim
3145 3612 3322 3667 nuper
3350 3613 3380 3652 a
3423 3597 3582 3654 vobis

1993 3689 2204 3744 dictum
2255 3700 2341 3744 est
2430 3689 2848 3744 subsistentiam
2896 3703 2964 3742 ex
3014 3687 3410 3744 essentialibus
3444 3704 3577 3761 .non

1992 3793 2286 3849 constare;
2322 3783 2365 3837 si
2400 3782 2569 3852 igitur
2603 3782 2750 3837 idem
2786 3791 2872 3837 est
2899 3799 2963 3838 ac
2987 3783 3348 3853 particularis
3387 3799 3582 3839 essen-

1996 3875 2093 3939 tia,
2133 3891 2313 3946 neque
2336 3876 2690 3945 particularis
2708 3876 2949 3931 essentia
2984 3875 3272 3931 evidenter
3303 3860 3581 3931 exessen-

1998 3967 2224 4023 tiali‘bus
2257 3976 2495 4022 constat.
2523 3966 2631 4023 Sed
2665 3982 2791 4021 cum
2816 3966 2885 4021 de
2913 3966 3039 4021 istis
3066 3981 3164 4021 vos
3185 3967 3370 4022 dicitis
3403 3982 3470 4022 ex
3503 3968 3581 4022 si-

2000 4060 2259 4115 mositate
2315 4068 2372 4114 et
2428 4060 2617 4115 albore
2665 4068 2722 4115 et
2789 4059 3066 4114 similibus
3109 4072 3401 4125 constare,
3434 4070 3584 4116 certe

1997 4159 2188 4206 contra
2237 4151 2570 4206 exsistentiie
2613 4150 2838 4205 modum
2894 4159 3171 4206 statuetur
3234 4152 3583 4221 particularis

2001 4241 2325 4297 exsistentia
2353 4258 2450 4297 seu
2491 4243 2762 4309 essentia;
2794 4243 2901 4298 erit
2932 4243 3099 4314 igitur
3124 4258 3155 4298 e
3184 4256 3298 4297 non
3318 4242 3579 4298 essentia-

2001 4331 2146 4388 Iibus
2167 4333 2429 4400 essentia,
2456 4342 2513 4389 et
2534 4349 2565 4389 e
2584 4350 2695 4389 non
2716 4334 3115 4390 exsistentibus
3146 4335 3490 4391 exsistentia.
3523 4334 3579 4390 Si

1992 4440 2127 4481 vero
2168 4440 2364 4481 eorum
2397 4426 2713 4482 absurditas
2746 4428 2976 4483 evidens
3008 4436 3093 4482 est
3128 4427 3431 4482 admodum
3475 4427 3577 4482 im-

304 4517 521 4592 peritis,
555 4515 756 4570 frustra
780 4515 948 4585 igitur
980 4513 1143 4568 talem
1180 4510 1676 4583 argumentationis
1707 4510 2029 4568 inanitatem
2059 4514 2372 4580 molientes,
2407 4515 2547 4571 nihil
2571 4516 2732 4571 vobis
2752 4516 2886 4585 ipsis
2918 4515 3255 4585 profecistis.

913 4649 1163 4705 ΚΕΦΑΛ.
1195 4651 1270 4703 Ζ’.

378 4749 466 4812 Ei,
502 4744 689 4817 ἐπειδὴ
738 4745 796 4799 ἐν
824 4743 904 4814 τῷ
935 4742 1055 4813 Θεῷ
1084 4739 1243 4811 Λόγῳ
1280 4740 1489 4810 ὑπέστη
1516 4739 1544 4791 6
1580 4735 1887 4809 ἄνθρωπος,

307 4844 411 4898 οὑκ
463 4842 578 4913 ἔχει
611 4838 909 4894 ὑπόστασιν
957 4837 1092 4890 ἰδίαν
1122 4838 1150 4889 6
1205 4832 1525 4904 ἄνθρωπος,
1575 4831 1691 4896 πῶς
1736 4832 1786 4884 εἰ
1834 4833 1891 4884 ὲν

308 4934 458 5007 αὑτῷ
490 4934 614 5004 ἔφυ,
649 4932 762 5003 ἔχει
788 4928 949 5000 φύσιν
982 4929 1121 4983 ἰδίαν
1146 4928 1175 4980 6
1206 4926 1494 4998 ἄνθρωπος
1521 4942 1536 4990 ;
1570 4925 1664 4978 καὶ
1694 4925 1743 4977 εί
1778 4922 1890 4993 ἕχει

310 5028 476 5098 φύσιν
498 5025 630 5080 ἰδίαν
651 5026 678 5078 6
699 5014 1009 5093 ἄνθρωπος.
1036 5020 1153 5084 πῶς
1185 5020 1284 5089 οὑχ
1308 5017 1421 5082 ἔξει
1441 5017 1537 5070 καὶ
1555 5014 1888 5081 ὑπόστασιν;

314 5122 386 5174 *ΙΙ
413 5119 555 5173 ἔστω
585 5117 688 5187 φὺς
716 5114 820 5181 ἔξω
850 5133 953 5168 που
995 5112 1090 5168 τοῦ
1122 5110 1257 5166 Θεοῦ
1300 5112 1475 5179 Λόγου
1497 5126 1513 5141 ο
1550 5107 1792 5172 ὑποστὰς
1836 5106 1894 5160 δὲ

254 5256 261 5260 ι
312 5214 541 5285 ὕστερον
566 5214 623 5265 ὲν
645 5210 817 5281 αὑτῷ,
853 5208 969 5272 πῶς
990 5208 1047 5261 δὲ
1086 5207 1182 5260 καὶ
1206 5204 1366 5275 φύσις
1396 5200 1492 5256 τοῦ
1525 5198 1585 5266 ἐξ
1620 5200 1779 5273 ἡμῶν
1801 5202 1896 5254 άν-

312 5302 555 5377 Θρώπου,
599 5303 705 5379 πρὸ
742 5302 843 5371 τῆς
898 5298 1248 5361 ὑποστάσεως
1287 5297 1386 5367 τῆς
1430 5295 1603 5360 ίδίας;
1638 5294 1761 5347 Τῶν
1791 5292 1894 5364 φύ-

314 5413 453 5452 σεων
485 5396 593 5451 τῶν
620 5411 678 5449 τε
710 5396 912 5466 ὁμοίων
939 5394 1036 5448 καὶ
1061 5391 1332 5462 ἀνομοίων
1365 5388 1800 5460 διακρινομένων
1835 5403 1896 5440 τε

314 5489 411 5545 καὶ
444 5489 771 5559 δινουμένων,
801 5489 861 5541 οὑ
884 5487 1051 5559 λόγῳ,
1074 5484 1207 5540 ἀλλὰ
1233 5484 1450 5554 φύσεως
1471 5480 1712 5553 ἀριθμῷ,
1730 5480 1898 5551 ἤγουν

314 5580 389 5645 ὡς
414 5579 727 5651 ἀριθμητῆς
769 5577 1007 5649 ἑκάστης
1043 5576 1134 5645 ἀφ’
1169 5575 1366 5645 ἑτέρας
1416 5570 1606 5642 ὁμοίας
1669 5568 1764 5623 καὶ
1800 5569 1897 5622 ἀν-

315 5670 506 5744 ομοίου
556 5666 962 5741 διωρισμένης,
1012 5666 1111 5739 τὴν
1160 5667 1218 5720 ὲν
1264 5666 1377 5726 τοῖς
1411 5656 1533 5717 οὖσι
1565 5657 1675 5715 τῶν
1713 5676 1772 5714 τε
1808 5662 1902 5713 άν-

317 5766 520 5836 ομοίων
542 5764 813 5827 σύνθεσιν,
834 5759 1049 5815 καὶτῶν
1071 5757 1275 5831 ὁμοίων
1293 5756 1588 5827 διάκρισιν.
1610 5752 1643 5825 ὴ
1663 5754 1900 5806 ὑπόστα-

322 5879 406 5925 σις
454 5861 584 5931 ἡμῖν
638 5858 882 5927 πέφυκεν
915 5853 1283 5923 ἐξαγγέλλειν,
1312 5849 1590 5922 διορισμός
1642 5866 1726 5913 τις
1765 5844 1899 5902 οὖσα

311 5950 524 6025 »κυρίως
557 5950 648 6005 καὶ
684 5949 983 6010 ἀπόστασις
1013 5945 1199 6017 ἑτέρου
1234 5944 1379 6008 τινὸς
1406 5943 1497 6014 ἀφ’
1534 5938 1723 6011 ἑτέρου
1752 5958 1762 5970 ·
1796 5943 1897 5996 κᾶν

1914 4622 1967 4681 D

2628 4648 2780 4707 CAP.
2821 4647 2936 4704 VII.

2068 4742 2148 4813 Si,
2179 4721 2443 4814 quoniam
2484 4742 2539 4797 in
2584 4741 2696 4799 Deo
2725 4739 2905 4798 Verbo
2934 4739 3187 4796 subsistit
3234 4740 3420 4807 homo,
3468 4757 3580 4797 non

1995 4837 2165 4892 habet
2203 4835 2620 4897 subsistentiam
2654 4834 2823 4888 homo
2858 4830 3164 4903 propriam,
3195 4830 3497 4901 quomodo,
3529 4831 3577 4886 si

1996 4929 2051 4986 in
2082 4923 2304 4986 Christo
2333 4935 2437 4993 est,
2467 4927 2635 4983 habet
2664 4924 2945 4998 propriam
2998 4925 3162 4981 homo
3190 4924 3483 4980 naturam?
3509 4925 3578 4980 Et

1996 5025 2042 5080 si
2074 5023 2244 5079 habet
2284 5026 2540 5077 naturam
2591 5019 2872 5090 propriam
2904 5018 3113 5084 'homo,
3142 5016 3424 5088 quomodo
3466 5031 3576 5071 non

1997 5115 2225 5172 habebit
2246 5123 2303 5170 et
2323 5112 2742 5169 su‘bsistentiam
2770 5111 2908 5166 ised
2932 5111 3197 5171 subsistat
3226 5117 3379 5166 extra
3404 5109 3576 5164 Deum

1995 5204 2272 5273 Verbum';
2313 5215 2371 5261 et
2417 5203 2727 5260 subsistens
2762 5212 2954 5273 postea
3008 5201 3063 5257 in
3113 5203 3229 5267 illo,
3294 5202 3574 5272 quomodo

1997 5307 2195 5352 natura
2250 5294 2491 5351 hominis
2520 5310 2551 5349 a
2596 5293 2759 5348 nobis
2785 5292 3027 5357 oriundi,
3074 5291 3341 5362 praecedit
3391 5292 3580 5347 subsi-

2000 5387 2261 5445 stentiam
2296 5386 2618 5460 propriam?
2642 5386 2866 5442 Naturis
2895 5384 3169 5441 similibus
3198 5393 3296 5439 aut
3340 5382 3583 5453 dissi-mio

1999 5481 2148 5537 libus
2210 5477 2489 5536 distinctis
2535 5488 2592 5535 et
2653 5477 2964 5543 unilicatis,
3026 5493 3137 5532 non
3196 5477 3412 5533 ratione
3484 5476 3583 5532 sed

2000 5567 2212 5629 naturae
2274 5586 2543 5637 numero,
2598 5570 2653 5626 id
2713 5580 2818 5634 est,
2899 5579 3157 5641 tanquam
3238 5569 3284 5624 si
3352 5584 3583 5640 quaeque

2002 5674 2201 5722 natura
2250 5664 2619 5737 numerabilis
2665 5664 2734 5719 ab
2807 5663 2913 5718 alia
2971 5663 3136 5719 simili
3196 5670 3292 5718 aut
3345 5660 3583 5717 absimil'

2002 5759 2461 5823 discerneretur,
2528 5756 2584 5814 in
2645 5757 2868 5813 entibus
2941 5757 3279 5813 absimilium
3354 5756 3589 5826 conjun-

2002 5850 2247 5905 ctionem
2311 5855 2368 5903 et
2446 5846 2712 5904 similium
2792 5848 3205 5904 distinctionem
3275 5844 3583 5902 subsisten-

2004 5941 2077 5996 tia
2151 5940 2314 5996 nobis
2370 5939 2675 6001 ‘ostendit.
2754 5956 2954 5995 nemuc
3035 5954 3159 5996 cum
3225 5938 3298 5993 sit
3362 5932 3586 5995 ornaris
