3916 6584
404 496 536 565 1551

1669 499 1980 562 LEONTII
2023 499 2429 561 BYZANTlNI

3545 499 3700 565 15:32

401 614 795 668 determinatio
835 622 892 669 et
938 615 1220 686 separatio
1257 616 1403 691 alius
1441 616 1686 687 cujusvis
1731 616 1800 670 ab
1845 615 1954 671 alio

2095 632 2156 669 τε
2195 617 2359 687 ὃμοια
2374 615 2590 687 τύχοιεν
2613 615 2742 670 ὄντα
2761 615 2862 688 τὴν
2890 615 3077 688 φύσιν,
3108 618 3209 672 κάν
3237 633 3296 670 τε
3333 614 3574 686 ἀνόμοια
3603 618 3700 684 εἴη

395 712 498 764 etsi
517 705 720 763 similia
750 707 1030 778 contingat
1059 709 1187 764 talia
1207 725 1352 776 esse,
1371 709 1675 766 secundum
1700 721 1979 776 naturam,

395 813 450 858 et
471 801 744 858 absimilia
762 802 874 857 sint
899 818 1021 872 qua:
1049 802 1319 858 diﬂerunt
1342 803 1555 859 naturis
1578 803 1727 858 aliud
1750 803 1819 858 ab
1849 803 1979 868 alio,

395 909 507 949 non
540 893 755 948 ratione
807 895 1033 951 omnino
1055 938 1068 962 ,
1123 893 1217 949 sed
1250 894 1368 965 ipsa
1399 894 1742 950 exsistentia.
1782 893 1981 950 Subsi-

396 987 628 1043 stentias
654 986 804 1042 enim
837 995 1085 1043 servatas
1113 985 1418 1043 secundum
1452 987 1601 1058 quod
1625 986 1981 1058 distinguun-

396 1090 510 1144 tur,
536 1081 592 1134 in
630 1095 699 1135 eo
730 1079 983 1134 unilicari
1017 1078 1364 1149 impossibile
1394 1087 1499 1135 est.
1521 1077 1574 1134 Si
1602 1079 1769 1151 igitur
1798 1079 1982 1135 subsio

394 1173 594 1228 stentia
642 1172 715 1228 sit
761 1171 1118 1242 particularis
1161 1169 1396 1237 homini,
1442 1172 1725 1243 quomodo
1778 1170 1832 1225 in
1866 1172 1982 1227 Deo

394 1260 583 1322 Verbo
631 1281 735 1337 per
783 1266 1048 1321 unionem
1097 1264 1264 1319 homo
1297 1273 1403 1330 est,
1453 1264 1500 1318 si
1552 1264 1734 1334 reipsa
1780 1262 1983 1318 habeat

394 1359 544 1430 quod
569 1366 789 1429 separet
813 1358 964 1414 hunc
987 1358 1057 1412 ab
1081 1357 1220 1412 illo?
1261 1356 1406 1412 sicut
1427 1357 1596 1428 igitur
1621 1356 1689 1411 ab
1720 1355 1982 1411 omnibus

393 1451 516 1508 aliis
531 1462 687 1507 extra
717 1449 1114 1508 exsistentibus
1135 1449 1458 1504 hominibus
1477 1457 1768 1520 separatur
1790 1448 1978 1514 homo,

394 1545 449 1601 id
481 1554 567 1601 est
590 1561 691 1616 per
725 1543 1168 1609 subsistentiam,
1204 1553 1418 1598 natura:
1449 1550 1640 1598 autem
1688 1541 1981 1596 inconfuse

393 1640 513 1694 alize
535 1639 658 1693 aliis
688 1637 835 1693 uniri
858 1647 1085 1708 possent
1115 1637 1170 1691 in
1198 1635 1562 1692 subsistentia
1599 1634 1837 1706 quadam
1868 1648 1978 1688 non

391 1732 734 1801 accipientes
777 1730 901 1786 aliae
933 1728 1004 1786 ab
1058 1729 1184 1785 aliis
1236 1729 1496 1800 proprias
1542 1729 1828 1794 rationes;
1866 1741 1980 1782 non

390 1825 539 1879 enim
571 1825 686 1880 hanc
724 1831 936 1878 naturae
965 1821 1110 1877 ratio
1140 1821 1305 1877 modo
1335 1804 1605 1876 distincto
1635 1829 1692 1876 et
1712 1818 1977 1875 determi-

393 1926 524 1971 nato
555 1916 626 1972 ab
655 1914 807 1970 omni
839 1922 1042 1970 natura
1069 1911 1354 1978 subsistit,
1393 1921 1456 1967 ut
1486 1911 1976 1968 subsistentiarum

2091 707 2161 759 τά
2199 707 2522 778 διεστηκότα
2552 709 2674 772 ταῖς
2705 707 2935 777 φύσεσιν
2962 708 3236 780 ἀλλήλων,
3266 709 3328 762 οὑ
3357 707 3508 779 λόγῳ
3535 708 3697 761 πάν-

2091 812 2221 862 τως,
2249 797 2365 852 ἀλλ’
2405 799 2544 870 αὑτῇ
2562 801 2629 870 τῇ
2659 797 2914 870 ὑπάρξει.
2939 798 3052 863 Τάς
3079 798 3414 863 ὑποστάσεις
3433 800 3547 871 γάρ
3581 809 3701 852 σωο

2092 888 2329 959 ζομένας
2357 890 2501 944 κατὰ
2519 888 2682 945 τοῦτο
2711 890 2836 945 καθ’
2864 890 2892 944 δ
2923 890 3277 964 διορίζονται,
3307 893 3566 962 ἐντούτῳ
3594 895 3703 946 καὶ

2092 980 2347 1036 ὲνοῦσθαι
2390 980 2673 1038 ἀδύνατον.
2700 984 2763 1038 Et
2797 979 2892 1038 οὖν
2939 985 3168 1052 γέγονεν
3195 985 3503 1051 ὑπόστασις
3537 987 3698 1054 ίδικὴ

2090 1073 2168 1146 τῷ
2193 1075 2488 1148 ἀνθρώπῳ,
2520 1075 2639 1142 πῶς
2676 1078 2734 1131 ὲν
2758 1075 2838 1148 τῷ
2866 1077 2986 1148 Θεῷ
3009 1079 3170 1148 Λόγῳ
3185 1078 3273 1132 διά
3293 1080 3393 1150 τῆς
3423 1079 3699 1144 άνώσεως

2092 1170 2120 1221 ό
2154 1167 2445 1239 ἅνθρωπός
2502 1169 2676 1230 ἐστιν.
2719 1171 2769 1224 εἰ
2801 1171 2976 1236 ὅντως
2994 1171 3108 1243 ἔχοι
3139 1171 3299 1226 τοῦτο
3336 1172 3400 1226 τὸ
3446 1171 3699 1244 χωρίζειν

2093 1260 2259 1316 αὑτὸν
2309 1261 2405 1314 ἀπ’
2433 1260 2602 1316 αὑτοῦ
2634 1281 2647 1329 ;
2675 1262 2864 1335 ὥσπερ
2891 1263 2984 1318 οὖν
3020 1265 3120 1318 καὶ
3164 1264 3273 1318 ἀπὸ
3311 1266 3536 1320 πάντων
3571 1268 3697 1322 τῶν

2090 1353 2268 1408 ἄλλων
2295 1355 2403 1408 τῶν
2423 1355 2580 1420 ἐκτὸς
2593 1355 2762 1410 αὑτοῦ
2793 1355 3123 1425 ὑφεστώτων
3150 1357 3480 1428 ἀνθρώπων,
3508 1359 3697 1429 ἤγουν

2089 1448 2187 1517 τὴν
2221 1447 2546 1514 ὑπόστασιν,
2571 1446 2766 1519 φύσεις
2813 1449 2871 1502 δὲ
2905 1449 3001 1503 καὶ
3054 1448 3307 1505 ένοῦσθαι
3350 1453 3696 1522 άσυγχύτως

2092 1537 2353 1608 ἀλλήλαις
2379 1537 2635 1592 δύνανται
2679 1539 2738 1592 ὲν
2767 1539 3065 1594 ὑποστάσει
3094 1541 3203 1595 τινὶ
3240 1541 3314 1614 μὴ
3345 1542 3696 1614 ἀναιρούμε-

2089 1646 2176 1683 ναι
2203 1629 2296 1684 ὑπ’
2325 1629 2575 1702 ἀλλήλων
2600 1631 2726 1695 τοὺς
2758 1631 2992 1696 οἰκείους
3024 1631 3239 1701 λόγους.
3270 1634 3344 1686 Οὔ
3380 1635 3493 1706 γὰρ
3524 1635 3696 1691 τοῦτο

2094 1725 2313 1796 φύσεως
2351 1727 2511 1796 λόγος
2558 1728 2621 1782 τὸ
2672 1729 3111 1803 διακεκριμένως
3156 1733 3252 1786 καὶ
3300 1727 3696 1807 διωρισμένωξ

2095 1818 2206 1873 ἀπὸ
2239 1821 2422 1892 πάσης
2462 1820 2679 1892 φύσεως
2727 1823 3120 1896 ὑφεστηκέναι,
3155 1825 3348 1898 ῶσπερ
3387 1828 3504 1881 τῶν
3548 1830 3695 1884 ὑπο-

2096 1911 2340 1967 στάσεων
2369 1929 2382 1942 ·
2421 1913 2540 1977 πῶς
2591 1913 2693 1968 οὑκ
2741 1913 2807 1968 ἂν
2854 1913 3150 1980 ἀκωλύτως
3195 1919 3284 1988 εἴη
3324 1919 3584 1991 ἡνωμένη
3618 1924 3692 1991 τῇ

393 2009 572 2075 ratio;
599 2007 879 2078 quomodo
907 2022 1020 2062 non
1050 2005 1494 2076 independenter
1523 2014 1672 2061 esset
1703 2005 1858 2060 unita
1889 2019 1973 2057 na-

2091 2003 2252 2074 φύσει
2299 2005 2396 2060 τοῦ
2432 2003 2569 2060 Θεοῦ
2622 2006 2799 2078 Λόγου
2831 2009 2865 2080 ἡ
2892 2009 3110 2082 φύσιςὴ
3141 1983 3487 2082 ἀνθρωπήια,
3513 1983 3693 2084 φύσις

394 2110 532 2156 tura:
554 2101 654 2156 Dei
693 2099 864 2156 Ve’rbi
896 2108 1095 2154 natura
1123 2098 1391 2164 humana,
1419 2114 1546 2154 cum
1588 2097 1714 2152 talis
1736 2105 1982 2161 maneat,

391 2204 446 2251 et
475 2194 626 2266 quod
663 2202 750 2249 est
781 2191 1028 2248 ostendit
1048 2191 1216 2246 etiam
1244 2191 1299 2246 in
1332 2189 1578 2246 unione?
1601 2205 1712 2245 non
1743 2187 1895 2243 enim
1923 2195 1986 2242 ut

391 2285 750 2344 subsistentia
776 2283 1154 2341 subsistentia
1195 2283 1352 2339 unita
1378 2298 1501 2339 esse
1549 2289 1756 2352 potest,
1791 2295 1983 2336 serva-

390 2369 464 2435 tis
479 2378 710 2440 duabus
727 2374 1131 2440 subsistentiis,
1153 2373 1210 2428 id
1235 2382 1320 2428 est
1343 2370 1817 2442 separationibus,
1848 2368 1983 2425 illud

387 2487 512 2529 esse
539 2469 958 2528 distinctionem
989 2468 1059 2524 ab
1092 2467 1221 2524 aliis
1251 2463 1703 2537 signiﬁcantibus
1725 2479 1826 2535 per
1859 2478 1979 2518 ma-

390 2565 536 2620 xime
570 2563 960 2634 particularem
985 2560 1385 2633 proprietatem
1414 2559 1470 2614 in
1493 2557 1766 2630 singulis;
1796 2556 1976 2628 siqui-

389 2659 515 2716 dem
539 2657 692 2714 enim
739 2655 890 2727 quod
925 2654 1248 2712 distinctum
1289 2661 1396 2715 est,
1454 2668 1567 2707 non
1594 2651 1743 2723 quod
1778 2650 1984 2706 distin-

390 2753 534 2810 ctive
571 2749 813 2807 sumitur
840 2760 895 2805 et
925 2749 1090 2804 alicui
1123 2748 1338 2814 unitur,
1376 2747 1457 2802 sic
1493 2746 1683 2808 dicere
1710 2761 1820 2800 non
1852 2760 1982 2816 pos-

388 2862 606 2902 sumus.
669 2831 1014 2900 Alterutrum
1057 2842 1208 2898 enim
1261 2839 1578 2896 necessario
1641 2839 1977 2910 accipietur,

388 2946 485 2993 aut
529 2951 642 2992 non
678 2935 852 2996 uniri.
895 2944 1122 2989 autnon
1160 2931 1433 3003 distingui
1465 2945 1639 2985 unum
1678 2929 1749 2985 ab
1779 2929 1976 2984 altero.

387 3031 578 3099 Neque
617 3029 674 3084 in
715 3028 819 3084 ista
853 3028 1016 3082 istam
1065 3025 1255 3082 dicere
1298 3032 1388 3080 est
1439 3022 1884 3086 subsistentiam,
1930 3020 1978 3076 si

386 3122 655 3178 unionem
689 3120 1060 3183 instituimus,
1104 3118 1341 3174 servatis
1366 3117 1422 3172 in
1460 3115 1572 3172 illis
1593 3114 1875 3170 distinctis
1907 3114 1976 3169 ab

391 3214 630 3271 invicem
663 3212 1132 3285 proprietatibus.
1181 3208 1480 3278 Quomodo
1525 3222 1659 3279 ergo
1691 3206 1751 3262 in
1796 3205 1979 3262 subsi-

2087 2099 2271 2153 τοιάδε
2324 2099 2582 2171 μένουσα,
2614 2101 2712 2156 καὶ
2737 2100 2766 2154 ὃ
2807 2103 3021 2171 πέφυκε
3069 2103 3326 2159 δεικνῦσα
3374 2108 3472 2181 καὶ
3522 2109 3583 2161 ὲν
3615 2111 3690 2178 τῇ

2085 2191 2280 2245 ένώσει
2314 2209 2328 2259 ;
2363 2192 2440 2245 υὺ
2472 2193 2582 2266 γάρ
2638 2193 2713 2257 ώς
2751 2190 3051 2260 ὑπόστασις
3087 2197 3390 2251 ὑποστάσει
3419 2200 3690 2271 ἡνωμένη

2085 2283 2229 2338 εἶναι
2252 2283 2313 2338 οὑ
2349 2284 2577 2340 δύναται
2601 2286 2928 2359 σωζομένων
2961 2289 3131 2360 άμφω
3152 2289 3262 2344 τῶν
3288 2291 3689 2357 ὑποστάσεων,

2085 2375 2266 2429 εῐτουν
2324 2377 2718 2433 ἀποστάσεων·
2756 2381 2852 2433 καὶ
2894 2379 3029 2435 αὑτὸ
3067 2381 3229 2436 τοῦτο
3276 2385 3556 2456 χωρισμὸν
3587 2387 3690 2441 τὸν

2083 2469 2180 2540 ἀφ’
2215 2470 2418 2543 ἐτέρων
2448 2471 2832 2542 σημαινουσῶν
2857 2471 2947 2526 διὰ
2973 2472 3068 2527 τοῦ
3092 2474 3416 2530 ίδικωτάτου
3449 2477 3692 2550 ἰδιώμα-

2085 2578 2178 2627 τος
2204 2562 2323 2616 .τῶν
2351 2563 2476 2618 καθ’
2501 2563 2734 2618 ἕκαστα.
2761 2565 2944 2636 Εῐπερ
2968 2566 3079 2638 γὰρ
3108 2564 3171 2619 τὸ
3221 2566 3682 2640 διακεκριμένον,

2087 2656 2149 2710 οὑ
2177 2654 2254 2726 τῷ
2287 2652 2725 2727 διακεκριμένως
2751 2674 2812 2710 τε
2843 2652 2983 2711 ὲῐναι
3009 2659 3105 2712 καὶ
3137 2659 3385 2729 ἡνῶσθαι
3410 2678 3518 2714 τινι
3539 2702 3556 2727 ,
3580 2664 3684 2717 οὖ-

2083 2767 2180 2814 τω,
2221 2749 2404 2818 λέγειν
2445 2751 2508 2804 οὐ
2558 2749 2866 2821 δυνάμεθα·
2899 2751 3130 2822 θάτερον
3185 2753 3296 2824 γάρ
3349 2757 3681 2824 ἀναγκαίως

2082 2840 2528 2913 ἀναιρεθήσεται,
2550 2841 2584 2912 ἢ
2603 2842 2664 2896 τὸ
2694 2843 2769 2914 μὴ
2800 2844 3099 2914 ἡνωμένον,
3131 2845 3248 2917 ἧτδ
3286 2846 3362 2918 μὴ
3391 2848 3681 2920 διακεκρι-

2087 2933 2249 3002 μένον
2277 2928 2420 2988 εἶναι
2448 2933 2674 3013 θάτερον
2700 2934 2925 3007 θατέρου
2953 2950 2969 2966 ⁸
2997 2937 3117 2991 οὑδὲ
3151 2940 3209 2992 ἐν
3238 2939 3366 3010 τῇδε
3396 2941 3558 3010 τήνδε
3585 2941 3682 2996 λέ-

2082 3040 2201 3095 γειν
2226 3023 2324 3096 τὴν
2353 3025 2651 3080 ὑπόστασιν
2682 3025 2864 3092 ἔστιν,
2888 3027 3082 3095 ἕνωσιν
3110 3030 3220 3084 τῶν
3263 3033 3320 3084 ὲν
3353 3031 3548 3097 αὑταῖς
3577 3035 3680 3088 ἀπ’

2080 3115 2332 3188 ἀλλήλων
2355 3117 2715 3187 διακριτικῶν
2743 3117 3048 3190 ἰδιωμάτων
3072 3120 3399 3192 σωζομένων
3423 3124 3681 3181 ὑποτιθε-

2082 3209 2296 3281 μένους.
2327 3208 2452 3273 Πῶς
2478 3205 2573 3264 οὖν
2600 3210 2659 3263 ιν
2685 3211 2750 3281 τῇ
2775 3210 3073 3266 ὑποστάσει
3107 3212 3204 3267 τοῦ
3236 3212 3417 3284 Λόγου
3465 3214 3678 3289 ἀνθρω-

389 3307 646 3364 sistentia
697 3304 886 3371 Verbi,
928 3305 1225 3360 humanam
1284 3301 1614 3358 convenisse
1668 3299 1973 3356 subsisten-

2079 3302 2241 3358 πείαν
2273 3302 2695 3374 συνεληλυθέναι
2725 3303 3028 3359 ὑπόστασιν
3051 3305 3317 3376 ἐροῦμεν;
3351 3308 3416 3362 EE
3445 3308 3558 3381 γάρ
3575 3312 3677 3364 καὶ

387 3397 522 3454 tiam
553 3398 847 3454 dicemus?
877 3397 933 3452 Si
963 3396 1110 3452 enim
1140 3395 1195 3450 id
1225 3394 1370 3450 foret
1397 3394 1973 3464 unquam.convcnis-

375 3500 475 3548 set
523 3490 690 3546 simul
737 3487 1098 3544 subsistentia
1133 3487 1188 3542 in
1237 3502 1337 3542 sua
1387 3486 1656 3542 totalitate
1705 3501 1888 3556 neque
1913 3501 1983 3540 ex

377 3590 547 3654 parte
593 3581 690 3638 sed
723 3597 824 3653 per
857 3579 1374 3652 juxtapositionem,
1421 3585 1483 3632 ut
1536 3577 1594 3632 in
1639 3575 1804 3632 domo
1838 3576 1992 3646 lapi-

389 3676 490 3733 des
522 3685 580 3732 et
607 3676 666 3732 in
710 3675 883 3731 choro
909 3673 1198 3729 saltatorio
1222 3673 1476 3744 juvenes,
1507 3679 1565 3726 et
1606 3685 1717 3725 non
1746 3668 1979 3724 mansis—

380 3780 473 3826 set
505 3750 742 3840 amplius
765 3775 1017 3838 separata
1046 3767 1120 3822 ita
1145 3774 1206 3820 ut
1227 3772 1375 3820 esset
1400 3765 1566 3818 etiam
1594 3763 1818 3819 demum
1850 3761 1982 3817 sub-

383 3858 662 3917 sistentia.
700 3858 890 3915 Solum
926 3858 1074 3913 enim
1107 3857 1163 3912 in
1211 3855 1544 3926 corporibus
1587 3853 1841 3924 partialis
1863 3853 1978 3908 haec

387 3951 764 4009 subsistentia:
791 3951 926 4006 unio
968 3949 1192 4005 videtur
1222 3963 1374 4004 mera
1407 3962 1510 4002 nec
1552 3945 1775 4016 proprie
1827 3943 1975 4000 exsi-

386 4059 561 4114 stens,
597 4063 710 4102 non
733 4044 1039 4102 secundum
1075 4042 1404 4098 totalitatem
1448 4039 1838 4102 subsistentia,
1875 4037 1971 4093 sed

387 4139 693 4196 secundum
737 4137 1224 4210 juxtapositionem
1284 4133 1704 4205 superﬁcierum
1760 4138 1856 4186 aut
1897 4130 1976 4185 le-

387 4231 540 4286 vium
585 4229 1008 4301 particularum,
1060 4236 1155 4282 aut
1205 4225 1664 4280 coadunationem
1708 4222 1969 4294 partium,

387 4337 483 4384 aut
511 4342 606 4398 per
635 4335 879 4382 extrema
901 4333 1081 4378 atoma
1115 4322 1368 4378 localiter
1391 4329 1639 4391 coaptata
1668 4335 1682 4385 ;
1713 4318 1795 4373 sic
1820 4317 1969 4372 enim

2080 3390 2150 3466 ἧν
2169 3411 2321 3458 ποτε,
2339 3392 2568 3466 συνῆλθε
2589 3395 2646 3449 δὲ
2663 3396 2809 3467 ὅμως
2831 3396 3128 3462 ὑπόστασις
3139 3397 3265 3453 καθ’
3289 3399 3422 3470 ὅλην
3446 3402 3675 3472 ἑαυτὴν,

2078 3486 2176 3541 καὶ
2207 3485 2311 3540 οὑκ
2334 3485 2443 3539 ἀπὸ
2469 3485 2668 3558 μέρους
2696 3487 2790 3540 καὶ
2821 3487 2964 3540 κατά
3000 3484 3307 3558 παράθεσιν
3335 3489 3413 3554 ὡς
3449 3493 3510 3545 ὲν
3533 3493 3676 3564 οἴκῳ

2075 3577 2236 3642 λίθοι,
2257 3577 2353 3631 καὶ
2379 3579 2428 3631 οἱ
2460 3579 2518 3631 ὲν
2539 3578 2690 3650 χορῷ
2721 3577 2855 3644 νέοι,
2886 3579 2990 3632 οὑκ
3013 3579 3232 3650 ἔμεινεν
3261 3581 3345 3635 ἔτι
3371 3583 3674 3652 ἀφεστῶσα

2075 3672 2275 3744 δηλαδὴ
2302 3672 2392 3726 ἴνα
2417 3667 3072 3750 ᾗώσαύτωςέὺπόστασις
3097 3674 3332 3730 λοιπόν..
3362 3677 3543 3732 Μόνον
3557 3677 3674 3750 γὰρ

2077 3768 2136 3821 ὲν
2179 3765 2430 3837 σώμασιν
2466 3767 2500 3837 ἡ
2529 3767 2731 3838 μερικὴ
2777 3767 2879 3838 τῆς
2910 3767 3264 3834 ὑποστάσεως
3301 3770 3443 3842 αὕτη
3468 3772 3671 3838 ἓνωσις

2077 3859 2274 3930 ὁρᾶται
2308 3858 2441 3930 ψιλὴ
2475 3858 2571 3912 καὶ
2597 3858 2659 3912 ού
2686 3857 2894 3930 κυρίως
2923 3858 3058 3914 οὖσα
3083 3877 3096 3892 ·
3127 3861 3251 3916 οὑδὲ
3287 3865 3432 3918 κατά
3455 3865 3520 3918 τὸ
3545 3866 3671 3920 ὅλον

2076 3949 2178 4019 τῆς
2209 3948 2583 4012 ὑποστάσεως,
2622 3947 2762 4003 ἀλλά
2790 3949 2932 4003 κατὰ
2960 3950 3269 4022 παράθεσιν
3297 3954 3663 4023 ἐπιφανειῶν,

2077 4040 2110 4111 ἢ
2137 4039 2343 4111 μορίων
2371 4039 2738 4103 λεπτοτάτων.
2770 4039 3167 4120 ῆρυμπλοκὴν
3195 4044 3407 4116 μερῶν,
3437 4046 3472 4116 ἦ
3515 4047 3668 4102 κατά

2075 4130 2290 4202 πέρατα
2320 4130 2565 4195 τοπικῶς
2599 4130 2953 4186 συνάπτουσα
2977 4133 3046 4186 τά
3078 4134 3260 4204 ἄτομα
3296 4151 3310 4164 ·
3347 4135 3524 4202 οὑτως
3551 4140 3669 4212 γάρ

2071 4220 2218 4286 λίθος
2257 4222 2412 4294 λίθῳ,
2441 4222 2538 4277 καὶ
2583 4223 2766 4278 ἔλαιον
2807 4222 2985 4290 ὕδατι,
3023 4225 3120 4280 καὶ
3158 4227 3312 4297 μίτος
3345 4229 3486 4301 μίτῳ
3519 4247 3533 4260 ·
3570 4238 3669 4286 καὶ

2073 4315 2245 4370 ταῦτα
2277 4317 2376 4387 μὲν
2415 4318 2543 4388 περὶ
2569 4316 2785 4372 τούτου.

386 4424 587 4497 lapidis
615 4423 806 4495 lapidi,
839 4421 1021 4477 oleum
1055 4434 1230 4490 aquae,
1264 4426 1321 4474 et
1356 4417 1507 4472 tilum
1554 4415 1647 4471 ﬁlo
1677 4417 1966 4470 uniuntur.
2000 4411 2078 4501 Et.
2097 4411 2188 4467 illa
2211 4412 2435 4501 quidem
2456 4412 2524 4470 de
2555 4413 2662 4470 hoc
2685 4422 3044 4485 argumento.-

455 4515 745 4584 Quomodo
774 4527 960 4569 autem
992 4521 1140 4569 esset
1167 4518 1368 4567 natura
1399 4518 1526 4566 ante
1550 4507 1966 4565 subsistentiam

2148 4507 2221 4560 Τὸ
2249 4499 2306 4560 δὲ
2335 4506 2452 4570 πῶς
2479 4508 2563 4578 εἴη
2600 4507 2667 4562 ἀν
2695 4507 2858 4577 φύσις
2889 4509 2995 4581 πρὸ
3029 4510 3129 4581 τῆς
3151 4511 3504 4578 ὑποστάσεως
3558 4515 3665 4585 τῆς

385 4607 797 4680 particularem,
827 4605 881 4660 in
906 4605 1012 4661 hoc
1062 4619 1162 4660 vos
1195 4619 1383 4659 errare
1425 4599 1702 4672 superﬂue
1736 4615 1765 4652 a
1795 4597 1958 4653 nobis

385 4702 592 4757 dictum
613 4707 719 4756 est.
738 4697 858 4753 Non
885 4698 1033 4753 enim
1059 4697 1111 4752 id
1127 4697 1284 4752 vobis
1307 4695 1550 4751 diximus
1573 4691 1964 4764 praeexstitisse

383 4794 596 4851 scilicet
638 4792 1013 4848 subsistentiae
1045 4790 1436 4862 particularem
1479 4789 1778 4842 humanam
1804 4793 1966 4839 natu-

381 4903 498 4942 ram
527 4885 768 4947 Domini,
801 4883 897 4940 sed
923 4900 952 4939 e
987 4893 1179 4938 contra
1209 4882 1374 4938 simul
1411 4881 1556 4935 illam
1583 4879 1862 4935 exstitisse
1901 4893 1966 4932 ac

381 4980 716 5036 substitisse.
745 4978 945 5032 Verum
967 4977 1155 5040 nonin
1186 4974 1505 5046 particulari
1540 4974 1722 5044 aliqua
1755 4983 1964 5028 natura:

382 5074 637 5129 humana:
681 5071 852 5128 solius
885 5069 1262 5133 subsistentia,
1298 5077 1427 5139 puta
1471 5067 1526 5121 in
1556 5081 1708 5127 mero
1737 5065 1964 5119 homine

380 5167 812 5237 cognoscimus,
869 5162 964 5238 sed
1016 5163 1069 5216 in
1114 5160 1522 5233 praeexsistenti
1567 5157 1733 5222 Verbi
1785 5157 1965 5211 subsi-

380 5257 623 5322 stentia;
659 5255 717 5310 in
769 5271 878 5327 qua
931 5254 1153 5325 propria
1207 5262 1263 5308 et
1305 5250 1656 5322 particularia
1691 5250 1946 5304 humanm

378 5357 591 5404 naturte
615 5348 889 5412 adunans,
919 5357 976 5402 et
1006 5348 1060 5400 in
1097 5360 1371 5401 concursu
1406 5343 1693 5414 utriusque
1727 5351 1960 5404 naturai,

380 5427 554 5494 unam
578 5453 868 5509 personam
905 5436 1160 5490 similiter
1185 5442 1519 5510 egutraque
1552 5442 1773 5501 natura,
1808 5440 1863 5485 et
1895 5446 1963 5484 ex

380 5531 672 5602 utriusque
700 5531 953 5587 essentia:
971 5527 1309 5583 coacervatis
1322 5525 1759 5591 cbaracteribus,
1777 5521 1964 5580 esten;

379 5625 462 5680 dit
485 5640 542 5680 se
575 5640 718 5678 unus
741 5639 771 5679 e
803 5637 990 5677 saneta
1037 5620 1275 5684 Triade;
1312 5619 1405 5688 qui
1446 5617 1801 5673 subsistentia
1833 5617 1960 5688 qui-

378 5717 503 5786 dem
555 5717 736 5786 reipsa
766 5724 850 5771 est
874 5731 982 5768 una
1015 5723 1247 5775 tantum,
1282 5721 1338 5765 ct
1391 5711 1491 5765 ista
1538 5725 1648 5763 non
1698 5709 1957 5767 humana.

376 5810 636 5866 Naturam
686 5808 832 5862 enim
880 5807 1050 5860 habet
1097 5816 1153 5858 et
1192 5804 1558 5875 proprietates
1590 5803 1822 5866 divinas,
1859 5818 1958 5856 ne-

376 5919 483 5973 que
527 5901 732 5956 divinis
781 5900 959 5953 solum
991 5896 1195 5950 fruitur
1240 5895 1692 5966 proprietatibus.
1744 5893 1960 5963 Adjecit

377 5991 523 6046 enim
541 5993 855 6048 divinorum
878 5988 1264 6042 characterum
1291 5985 1599 6040 collectioni
1623 5987 1957 6053 assumptio-

2068 4597 2225 4662 ἰδίας,
2242 4599 2468 4670 ἀπορεῖν
2486 4599 2514 4650 ὑ
2524 4590 2652 4670 μᾶς,
2675 4599 2944 4670 περιττῶς
2965 4601 3160 4687 έλέχθη
3179 4604 3315 4674 πρὸς
3332 4607 3496 4678 ἡμᾶς.
3522 4609 3665 4664 Οὐδὲ

2071 4690 2181 4761 γάρ
2220 4690 2380 4744 τοῦτο
2428 4691 2558 4762 ὑμῖν
2589 4693 2892 4766 εἰρήκαμεν
2942 4695 3017 4757 ὡς
3047 4700 3366 4770 προὺπῆρξε
3392 4699 3493 4770 τῆς
3522 4702 3665 4756 ὑπο-

2071 4783 2315 4846 στάσεως
2342 4785 2374 4854 ή
2408 4782 2552 4854 ίδικὴ
2585 4785 2741 4858 φύσις
2784 4787 3098 4857 ἀνθρωπεία
3118 4789 3212 4843 τοῦ
3240 4791 3533 4860 Δεσπότου,
3564 4794 3664 4846 άλ-

2067 4872 2136 4926 λά
2154 4875 2462 4929 τούναντίον
2483 4875 2600 4948 ἅμα
2625 4895 2683 4931 τε
2708 4879 2870 4947 φῦναι
2889 4883 2982 4934 καὶ
2999 4882 3297 4953 ὑποστῆναι
3319 4883 3513 4953 αὑτήν·
3541 4865 3662 4940 ἀλλ’

2067 4967 2165 5020 οὑκ
2192 4969 2250 5020 ὲν
2281 4967 2422 5039 ἰδικῇ
2448 4985 2556 5022 τινι
2587 4969 2759 5043 αὐτῆς
2788 4971 2956 5044 μόνης
2978 4971 3113 5045 οὔσῃ
3137 4974 3460 5042 ὑποστάσει,
3486 4978 3662 5049 {now

2065 5057 2222 5129 ψιλοῦ
2235 5057 2523 5132 ἀνθρώπου
2550 5061 2914 5134 γινώσκομεν,
2930 5064 3108 5118 ἀλλ’ἐν
3120 5069 3185 5136 τῇ
3202 5071 3660 5141 προὺφεστηκυίᾳ

2067 5151 2238 5220 αὑτῆς
2263 5155 2329 5225 τῇ
2351 5151 2446 5206 τοῦ
2481 5153 2661 5223 Λόγου
2697 5156 3018 5211 ὑποστάσει·
3051 5160 3108 5210 ὲν
3211 5163 3307 5214 καὶ
3335 5160 3405 5216 τὰ
3429 5163 3532 5232 τῆς
3562 5167 3660 5218 ἀνι

2067 5239 2348 5314 θρωπείας
2399 5244 2621 5314 φύσεως
2653 5245 2761 5300 ἴδια
2808 5250 2905 5302 καί
2942 5249 3212 5320 ἰδιώματα
3242 5253 3488 5323 συνάψας
3513 5297 3528 5316 ,
3561 5257 3658 5308 καὶ

2065 5337 2124 5388 ὲν
2157 5338 2224 5409 τῇ
2258 5337 2536 5410 συνδρομῇ
2583 5339 2691 5392 τῶν
2723 5342 3051 5413 ἀμφοτέρων
3083 5345 3322 5412 φύσεων,
3362 5344 3436 5399 ἕν’
3480 5350 3656 5417 πρόσ-

2064 5445 2213 5482 ωπον
2246 5429 2448 5500 ὁμοίως
2500 5431 2594 5484 καὶ
2617 5431 2678 5496 ἐξ
2729 5433 2999 5505 ἑκατέρας
3047 5436 3287 5503 φύσεως,
3320 5440 3418 5492 καὶ
3450 5441 3515 5492 ἐκ
3543 5441 3655 5492 τῶν

2064 5521 2124 5586 ἐξ
2173 5521 2446 5593 ἑκατέρας
2478 5523 2667 5588 οὐσίας
2702 5527 3084 5597 σωρευθέντων
3104 5533 3653 5602 χαρακτηριστικῶν,

2063 5613 2266 5681 ἔδειξεν
2293 5616 2486 5669 ἑαυτὸν
2510 5617 2712 5686 ὁμοίως
2744 5619 2872 5671 ὄντα
2897 5622 2924 5672 ὁ
2954 5613 3035 5684 εἷς
3063 5624 3160 5690 τῆς
3193 5622 3358 5691 άγίας
3391 5624 3650 5692 Τριάδοςο

2061 5707 2120 5771 ὃς
2153 5707 2449 5772 ὑπόστασις
2483 5709 2582 5780 μὲν
2603 5712 2770 5774 ὅντως
2802 5713 2920 5765 ἐστὶ
2953 5714 3051 5784 μία
3089 5716 3226 5783 μόνη
3252 5717 3348 5770 καὶ
3379 5717 3520 5787 αὑτὴ
3548 5719 3655 5771 οὐκ

2063 5799 2378 5872 ἀνθρωπίνη
2412 5819 2423 5830 ·
2460 5802 2620 5870 φύσιν
2678 5821 2736 5856 τε
2797 5803 2906 5876 γὰρ
2966 5807 3060 5859 καὶ
3122 5806 3388 5878 ἰδιώματα
3435 5809 3552 5879 ἔχει
3584 5809 3655 5863 τά

2063 5893 2183 5947 θεῖα
2210 5910 2224 5924 ·
2260 5895 2361 5948 οὐκ
2394 5899 2450 5948 ὲν
2485 5894 2650 5959 θείοις
2680 5895 2735 5948 δὲ
2791 5897 2951 5967 μόνον
2987 5901 3135 5952 ἐστὶν
3180 5898 3472 5969 ίδιώμασιν
3501 5917 3516 5932 ο
3549 5919 3654 5954 πε-

2063 5984 2307 6058 ρισσεύει
2329 5987 2440 6058 γάρ
2469 5988 2562 6042 καῖ
2593 5991 2706 6052 τοῖς
2735 5989 2886 6060 παρά
2906 5991 2969 6044 τὸ
3006 5991 3150 6049 θεῖον
3185 5991 3652 6063 χαρακτηρίσιιαὲ
