4032 6574
260 442 399 509 1553

1212 441 1613 507 ΑΙΝΕΒΞΗΞ
1651 441 2207 507 NESTORIANOS.
2230 422 2466 510 --LIB.'
2506 451 2589 511 II.

3392 454 3556 523 1554'
3627 416 3631 421 ’

259 568 315 605 σι
345 548 656 619 συναχθεῖσι
686 552 754 622 τῇ
784 549 1089 622 προσλήψει
1118 550 1218 622 τῆς
1240 551 1565 623 καινοτέρας
1598 550 1839 621 φύσεως.

1953 566 2074 609 nem
2128 558 2461 617 recentioris
2504 567 2737 616 naturae.
2797 562 3295 621 Demonstrandum
3343 578 3529 627 autem

259 645 601 717 Προσεκτέον
637 640 709 698 δὲ’
730 642 904 715 τούτῳ
952 642 1143 715 σαφῶς
1174 643 1271 699 καὶ
1300 642 1395 698 ἐπὶ
1424 644 1532 700 τῶν
1568 644 1788 717 μὺδρων
1822 662 1837 679 ο

258 740 352 793 καὶ
404 737 513 809 γὰρ
561 735 1000 809 προῦφεστώσης
1048 739 1169 791 κατ’
1203 737 1340 793 ἰδίαν
1387 738 1689 793 ὑπόστασιν
1742 739 1843 810 τῆς

260 829 444 903 μάζης
471 828 567 884 τοῦ
602 829 851 902 σιδήρου,
893 826 1013 884 εἶτα
1042 831 1125 892 εἰς
1172 831 1408 902 κάμινον
1451 829 1840 902 εἰσαγομένης,

257 919 440 994 πυρὸς
471 923 635 993 φύσις
682 924 819 994 αὑτῇ
885 923 1263 1002 ἐπιγεννάται,
1318 922 1442 978 οὑτε
1482 922 1676 996 πρώην
1716 922 1842 978 οὔτε

260 1014 367 1086 ἰδίᾳ
400 1014 532 1068 ποτὲ
584 1014 946 1082 ὑποστάντος,
973 1014 1092 1070 ἀλλ’
1132 1017 1193 1070 ὲν
1254 1016 1393 1086 αὑτῇ
1432 1032 1446 1046 °
1488 1017 1554 1070 ἐκ
1592 1015 1691 1087 μὲν
1744 1015 1844 1087 τῆς

256 1107 494 1178 καμίνου
526 1107 831 1179 τεχθέντος,
867 1108 1026 1173 ἐκτὸς
1051 1107 1108 1162 δὲ
1131 1109 1307 1179 αὐτῆς
1335 1104 1486 1181 ἐν’τῇ
1521 1095 1637 1180 ἰδέᾷ
1658 1108 1843 1180 δικαίᾳ

254 1198 424 1252 αὑτοῦ
459 1198 559 1272 τὴν
610 1199 909 1256 ὑπόστασιν
935 1200 1181 1272 ἔχοντος,
1214 1203 1309 1257 καὶ
1352 1203 1416 1259 τὸ
1447 1203 1505 1257 ὲν
1528 1205 1593 1275 τῇ
1625 1202 1843 1275 καμίνῳ

257 1289 374 1362 πῦρ
399 1292 501 1345 οὑκ
538 1292 1012 1364 ἀπομειὼσαντος.

842 1408 1096 1465 ΚΕΦΑΛ.
1162 1411 1245 1465 Η’.

326 1518 389 1571 Ei
412 1518 549 1582 ὅλως
578 1517 788 1591 ὑπέστη
819 1520 847 1573 ό
892 1518 952 1585 ἐξ
976 1519 1138 1591 ὴμῶν
1165 1520 1452 1596 ἄνθρωπος
1481 1526 1541 1579 ὲν
1583 1525 1662 1598 τῷ
1686 1526 1841 1597 Θεῷ,

255 1608 378 1674 πῶς
413 1610 513 1663 οὑκ
536 1610 777 1681 ἔρρωται
810 1610 905 1663 καὶ
938 1610 1087 1665 ἐστιν
1116 1614 1148 1684 ὴ
1181 1614 1589 1680 ὑπόστασιςτοῦ
1606 1615 1667 1683 ἐξ
1685 1618 1843 1689 ήμῶν

255 1700 547 1772 ἀνθρώπου
582 1704 641 1755 ὲν
669 1704 736 1773 τῇ
787 1703 1085 1759 ὑποστάσει
1116 1704 1214 1760 τοῦ
1253 1706 1389 1761 Θεοῦ
1423 1709 1634 1778 Λόγους
1666 1711 1762 1765 καὶ
1794 1713 1842 1764 εἰ

259 1794 339 1865 μὴ
362 1793 599 1864 ἔρρωται
626 1796 720 1849 καὶ
745 1794 897 1850 ἐστιν
924 1798 957 1868 ἡ
988 1798 1286 1863 ὑπόστασις
1317 1801 1414 1854 τοῦ
1453 1800 1512 1867 ἐξ
1553 1803 1713 1871 ήμῶν
1744 1804 1841 1856 ἀν-

1950 645 2058 699 hoc
2084 645 2235 701 clare
2266 646 2322 702 in
2349 648 2520 704 terris
2550 650 2923 708 candentibus
2957 672 2970 707 :
3012 657 3219 733 etenim
3266 662 3527 729 praeexsi-

1949 736 2116 791 stenti
2150 739 2453 793 secundum
2478 742 2759 811 propriam
2780 745 3194 802 subsistentiam
3222 748 3354 804 ferri
3372 748 3527 807 mas-

1948 842 2042 890 sa),
2076 828 2277 885 deinde
2315 829 2370 885 in
2395 830 2579 886 focum
2611 833 2869 902 inductae,
2892 836 3033 906 ignis
3055 847 3251 895 natura
3286 840 3525 899 innasci-

1948 927 2060 982 tur,
2091 936 2275 991 neque
2303 933 2465 978 antea
2493 940 2674 995 neque
2702 928 2994 997 separatim
3031 931 3401 1000 subsistentis,
3431 936 3528 991 sed

1949 1010 2006 1065 in
2032 1012 2153 1083 ipsa
2181 1029 2383 1070 massa.
2420 1014 2556 1070 Cum
2602 1032 2731 1073 vero
2762 1034 2793 1073 e
2818 1018 2941 1075 foco
2989 1022 3190 1078 educta
3220 1035 3324 1090 est,
3373 1036 3529 1083 extra

1947 1118 2008 1159 se
2037 1105 2095 1159 in
2120 1120 2249 1161 vera
2280 1106 2454 1163 forma
2485 1108 2628 1179 ignis
2648 1109 3063 1171 subsistentiam
3083 1115 3273 1182 habet,
3301 1127 3357 1176 et
3388 1120 3530 1191 ignis

1949 1195 2003 1250 in
2031 1196 2153 1253 foco
2176 1215 2288 1257 non
2312 1200 2621 1261 diminutus
2645 1212 2750 1260 est.

2576 1414 2729 1471 CAP.
2767 1418 2904 1474 Vill.

2021 1525 2077 1582 Si
2127 1526 2185 1582 in
2218 1526 2488 1584 totalitate
2521 1530 2770 1585 substitit
2802 1520 2963 1602 qui'e
3006 1533 3169 1591 nobis
3213 1546 3335 1593 erat
3366 1539 3531 1595 homo

1949 1619 2005 1673 in
2036 1619 2171 1685 Deo,
2203 1620 2481 1690 quomodo
2506 1636 2617 1676 non
2639 1621 2867 1689 dicitur,
2906 1640 3010 1681 nec
3038 1636 3126 1681 est
3155 1628 3319 1684 etiam
3347 1630 3530 1686 subsi-

1951 1711 2157 1767 stentia
2184 1712 2431 1768 hominis
2461 1730 2490 1768 e
2518 1712 2683 1770 nobis
2717 1715 2938 1771 oriundi
2958 1718 3011 1771 in
3044 1720 3400 1776 subsistentia
3431 1723 3529 1778 Dei

1951 1801 2157 1858 Verbi?
2180 1811 2237 1858 et
2259 1803 2305 1859 si
2336 1818 2444 1858 non
2482 1804 2689 1860 dicitur
2717 1822 2822 1862 nec
2852 1816 2937 1862 est
2962 1808 3317 1867 subsistentia
3353 1812 3536 1869 homi-

155 1908 169 1922 -
254 1882 479 1957 θρώπου
504 1888 561 1940 ὲν
588 1886 667 1959 τῷ
696 1887 818 1959 Θεῷ
862 1889 1022 1960 Λόγῳ
1041 1932 1058 1956 ,
1089 1890 1208 1954 πῶς
1227 1892 1349 1962 οὐχὶ
1386 1891 1666 1947 ἀπόλωλεν
1709 1894 1841 1947 ὑποσ

1953 1897 2036 1950 nis
2063 1911 2094 1950 c
2125 1895 2288 1952 nobis
2322 1896 2546 1952 oriundi
2594 1898 2651 1952 in
2689 1898 2803 1954 Deo
2837 1900 3041 1967 Verbo,
3088 1902 3369 1974 quomodo
3418 1924 3529 1963 non

255 1977 431 2029 στᾶσα
461 1975 495 2046 ἢ
520 1976 643 2037 οὐδὲ
666 1976 804 2041 ὅλως
825 1977 922 2049 τὴν
947 1980 1123 2051 ἀρχὴν
1155 1980 1394 2052 ὑπέστη;
1428 1976 1576 2056 Ἆρα
1598 1984 1706 2055 γὰρ
1733 1987 1842 2039 πᾶν

252 2068 284 2121 ὃ
319 2085 402 2132 τις
432 2068 576 2123 εἴποι
609 2065 749 2123 εἶναι
782 2071 879 2125 καὶ
916 2071 1250 2141 ὑφεστάναι,
1312 2073 1408 2146 ἤδη
1440 2077 1535 2129 καὶ
1569 2076 1675 2149 ἰδίᾳ.
1703 2073 1841 2132 εἶναι

254 2180 391 2234 φησι
417 2181 432 2231 ;
462 2164 673 2220 Οὑκοῦν
704 2166 828 2219 ἐπεὶ
860 2164 1002 2227 εἶναι
1031 2185 1212 2240 φαμεν
1252 2171 1347 2223 καὶ
1374 2170 1741 2241 ὑφεστηκέναι
1784 2174 1843 2226 ὲν

248 2255 334 2324 τῷ
368 2256 642 2329 ἀνθρώπῳ
685 2260 841 2330 χεῖρα
885 2260 980 2313 καὶ
1009 2258 1147 2314 ποῦν
1181 2260 1277 2315 καὶ
1309 2262 1480 2333 ὄνυχα
1542 2264 1636 2316 καὶ
1664 2260 1839 2335 ἧπαρ,

250 2347 356 2418 ἤδη
383 2350 478 2403 καὶ
503 2349 608 2422 ἰδία
637 2348 780 2421 εἶναι
804 2354 1001 2416 ταῦτα,
1037 2353 1133 2407 καὶ
1154 2353 1595 2426 διακεκριμένως
1609 2354 1843 2411 ἕκαστον

249 2443 461 2498 τούτων
490 2443 577 2516 ἔχε
587 2462 634 2498 ιν
653 2446 954 2501 ὑπόστασιν
975 2447 1274 2520 δοξάσομεν
1296 2465 1311 2515 ;
1337 2448 1446 2504 Καὶ
1462 2449 1586 2505 νοῦν
1610 2449 1670 2504 δὲ
1697 2445 1840 2505 εἶναι

250 2537 314 2589 ὲν
337 2536 521 2609 ψυχῇ,
555 2539 647 2592 καὶ
680 2540 739 2592 ὲν
768 2538 847 2611 τῷ
878 2541 1091 2609 σώματι
1118 2541 1490 2613 ὑφεστηκέναι
1539 2543 1600 2598 τὸ
1644 2543 1842 2615 χρῶμα

248 2626 523 2698 ἳέγομεν⁸
566 2624 677 2699 ἄρα
709 2626 804 2684 οῦν
856 2631 957 2697 καὶ,
1007 2630 1338 2697 ὑποστάσεις
1380 2631 1548 2687 τῶνδε
1607 2632 1844 2705 ζητήσο-

256 2737 400 2790 μεν;
448 2722 558 2776 Καὶ
592 2724 711 2788 πῶς
750 2723 816 2779 ἀν
846 2718 948 2779 ὧδε
978 2724 1042 2780 τὸ
1071 2725 1133 2779 ἔν
1164 2743 1272 2780 τινι
1318 2725 1612 2799 λεγόμενον
1655 2722 1795 2782 εῖναι
1824 2766 1839 2792 ,

254 2814 419 2885 ὑμεῖς
450 2816 584 2887 ἡμῖν
617 2816 747 2882 ἴσως
773 2818 1151 2890 ὲρμηνεὺσετε
1180 2837 1197 2889 ;
1243 2820 1404 2875 Ἀλλά
1434 2822 1492 2875 τὸ
1517 2820 1588 2876 τά
1616 2823 1843 2878 τοιαῦτα

249 2904 462 2975 λέγειν,
492 2906 635 2979 τάχα
660 2908 717 2963 δὲ
745 2909 920 2963 καὶτὸ
952 2906 1218 2975 τοιούτοις
1244 2911 1567 2981 ἀντιλέγειν,
1617 2912 1843 2983 ἀλογίαν

246 3000 293 3072 ἢ
322 3000 609 3074 λογιότητα
643 3003 846 3076 πολλὴν
883 3006 1342 3078 ἐπιμαρτὺρεται.

851 3278 1103 3332 ΚΕΦΛΛ.
1150 3279 1225 3333 6⁸.

334 3410 396 3464 El
424 3412 482 3464 ἐν
509 3409 590 3483 τῷ
616 3411 738 3483 Θεῷ
754 3412 914 3484 Λόγῳ
938 3414 1121 3483 λέγεις
1144 3412 1448 3484 ὑφεστάναι
1474 3417 1566 3477 τὸν
1590 3420 1653 3485 ἐξ
1685 3420 1844 3492 ἡμῶν

249 3502 566 3575 ἄνθρωπον,
604 3505 722 3569 πῶς
745 3506 895 3575 αὑτῷ
916 3507 995 3574 τῷ
1017 3507 1318 3577 ὑφεστάναι
1346 3550 1362 3574 ,
1404 3510 1506 3582 οὐχ
1544 3510 1845 3569 ὑπόστασιν

249 3596 440 3666 δηλοῖς
475 3596 623 3669 ἔχειν
661 3597 752 3652 τὸν
777 3599 1129 3667 ὑποστάντα;
1163 3584 1287 3653 ’ότι
1327 3602 1426 3672 μὲν
1471 3602 1779 3675 ὑφέστηκεν
1816 3608 1865 3673 ό,

249 3688 546 3761 ἄνθρωπος
574 3692 633 3743 ὲν
662 3691 740 3763 τῷ
767 3691 886 3762 Θεῷ
914 3692 1096 3762 Λόγῳ,
1140 3693 1341 3763 μᾶλλον
1380 3694 1534 3764 ὑμῶν
1584 3695 1798 3768 βοῶμεν
1827 3712 1843 3727 ⁸

248 3782 403 3850 ἀλλ’,
432 3781 508 3847 ὡς
540 3782 737 3846 ἔοικεν,
786 3782 1119 3837 ἐπελάθεσθε
1162 3784 1292 3856 περὶ
1340 3785 1464 3838 ὅτου
1511 3787 1650 3858 πρὸς
1701 3789 1849 3859 ἡμᾶς

246 3872 597 3945 διεφέρεσθε,
627 3874 719 3926 καὶ
740 3873 871 3928 ἄλλο
896 3874 994 3927 νῦν
1016 3876 1319 3952 ἐγκαλεῖτε.
1368 3877 1442 3931 Τὸ
1460 3878 1567 3951 γάρ
1596 3879 1701 3952 ἰδίᾳ
1725 3880 1848 3935 καθ’

255 3965 409 4034 ὑμᾶς
436 3965 806 4033 ὑφεστηκέναι
828 3964 919 4018 τὸν
941 3964 1233 4035 ἑνούμενον
1256 3950 1407 4034 άπαξ
1432 3970 1609 4022 εἰπεῖν
1638 3950 1850 4043 ἀνθρώ-ι

254 4073 387 4120 πον,
415 4058 475 4111 οὑ
499 4057 911 4128 καταδεχόμεθα
932 4075 946 4088 ⁸
979 4060 1067 4112 ἴνα
1096 4061 1170 4131 μὴ
1196 4060 1291 4114 δύο
1318 4062 1570 4116 ἐντεῦθεν
1590 4063 1688 4129 τάς
1718 4064 1851 4119 ὑποο

255 4150 481 4214 στάσεις
537 4153 852 4221 σῳζομένας
907 4154 966 4205 ἐν
1024 4153 1102 4223 τῷ
1150 4154 1407 4219 ἰδιάζοντι
1458 4157 1697 4230 ἑκατέρᾳ
1742 4158 1851 4212 τῶν

257 4242 637 4297 συνελθουσῶν
688 4243 832 4315 λόγῳ
876 4250 1333 4318 παραστήσαντες
1363 4288 1379 4313 ,
1424 4248 1524 4319 τὴν
1552 4249 1747 4304 ἕνωσιν
1785 4253 1851 4305 ὲκ

261 4334 485 4406 βάθρων
519 4336 936 4410 ἀνατρέψωμεν.
999 4340 1066 4393 El
1109 4340 1218 4410 γὰρ
1264 4341 1360 4395 καὶ
1399 4341 1507 4415 ἰδίᾳ
1539 4343 1849 4412 ὑφεστῶτος

255 4428 526 4499 ἑκατέρου
557 4428 665 4482 τῶν
698 4431 757 4483 ὲν
797 4430 1041 4501 Χριστῷ,
1072 4430 1260 4500 λέγετε
1299 4432 1522 4489 δυνατὸν
1556 4431 1698 4490 εἷναί
1727 4454 1848 4491 τινα

254 4520 459 4579 ενωσιν
508 4521 725 4591 αὑτοῐς;
773 4524 845 4578 Ἦ
888 4524 1010 4579 καθ’
1039 4524 1107 4596 ἢν
1151 4525 1249 4579 καὶ⁵
1282 4525 1447 4581 Δαϐὶδ
1476 4528 1553 4600 τῷ
1603 4529 1849 4602 πολεμίῳ

1950 1989 2115 2059 periit
2142 1989 2364 2059 quando
2383 1991 2668 2061 supposita
2689 1999 2775 2047 est
2798 1991 2930 2059 Deo,
2949 2001 3042 2047 aut
3060 2010 3168 2049 non
3204 1997 3449 2053 totaliter
3477 2000 3531 2055 in

1949 2080 2226 2151 principio
2254 2080 2549 2138 substitit?
2594 2085 2736 2141 Num
2767 2087 2915 2142 enim
2967 2103 3128 2145 omne
3161 2092 3311 2163 quod
3336 2093 3534 2163 aliquis

1949 2171 2162 2229 diceret
2195 2189 2318 2230 esse
2346 2182 2404 2230 et
2443 2177 2768 2245 subsistere,
2800 2180 2913 2251 jam
2946 2197 3167 2252 quoque
3198 2186 3422 2255 proprie
3448 2202 3537 2243 es-

1950 2280 2009 2320 se
2040 2264 2226 2320 dicet?
2266 2282 2420 2339 ergo,
2463 2284 2588 2325 cum
2634 2285 2756 2326 esse
2789 2268 3027 2328 dicimus
3059 2281 3117 2329 et
3144 2262 3446 2332 subsistere
3478 2277 3533 2333 in

1948 2357 2174 2413 homine
2213 2374 2440 2415 manum
2473 2368 2530 2415 et
2562 2361 2781 2431 pedem,
2818 2379 3057 2435 unguem
3102 2373 3157 2420 et
3200 2367 3379 2438 jecur,
3421 2368 3534 2439 jam

1950 2463 2172 2521 quoque
2199 2451 2422 2521 proprie
2443 2466 2566 2509 esse
2601 2453 2713 2520 illa,
2742 2462 2799 2509 et
2827 2454 3089 2512 distincte
3118 2458 3378 2529 quodque
3408 2460 3533 2514 illo-

1952 2555 2073 2595 rum
2113 2540 2318 2597 habere
2353 2543 2767 2601 subsistentiam
2810 2547 3176 2617 putabimus?
3207 2560 3262 2605 et
3291 2558 3533 2623 mentem
3577 2620 3580 2621 ν

1949 2646 2071 2687 esse
2122 2633 2176 2686 in
2228 2629 2437 2701 anima,
2481 2643 2537 2691 et
2588 2636 2644 2692 in
2681 2652 2913 2709 corpore
2956 2642 3258 2698 subsistere
3289 2643 3534 2699 colorem

1951 2723 2225 2787 dicimus;
2254 2742 2387 2781 num
2441 2726 2608 2798 igitur
2639 2729 3031 2788 subsistentias
3060 2748 3254 2789 eorum
3283 2734 3531 2806 inquire-

1952 2818 2112 2873 mus?
2145 2828 2202 2873 et
2230 2818 2511 2890 quomodo
2562 2820 2654 2876 hic
2692 2821 2922 2892 aliquid,
2972 2824 3119 2895 quod
3155 2825 3210 2880 in
3235 2826 3420 2897 aliquo
3444 2826 3532 2880 di-

1950 2909 2098 2965 citur
2121 2926 2263 2976 esse,
2296 2926 2395 2967 vos
2433 2912 2606 2968 nobis
2637 2914 2847 2983 pariter
2881 2916 3266 2986 explicabitis?
3294 2918 3390 2974 sed
3418 2919 3534 2975 haec

1953 2998 2339 3079 talia‘dicere,
2391 3020 2629 3075 moxque
2681 3005 2882 3060 talibus
2914 3008 3318 3077 contradicere,
3354 3009 3535 3066 stulti-

1954 3093 2084 3149 tiam
2113 3103 2168 3150 et
2194 3095 2539 3151 dialecticam
2568 3098 2797 3152 multam
2830 3106 3086 3154 testatur.

2607 3277 2756 3333 CAP.
2790 3278 2880 3333 1X.

2023 3411 2081 3469 Si
2114 3412 2173 3467 in
2206 3412 2321 3467 Deo
2356 3412 2536 3468 Verbo
2560 3411 2703 3466 dicis
2734 3412 3042 3467 subsistere
3069 3413 3350 3470 hominem
3383 3429 3535 3471 eno-

1949 3505 2037 3561 his
2084 3504 2403 3569 oriundum,
2456 3503 2740 3575 quomodo
2775 3503 2880 3558 hoc
2931 3503 3049 3574 ipso
3078 3503 3226 3574 quod
3257 3504 3531 3572 subsistit,

1948 3614 2060 3653 non
2083 3597 2498 3653 subsistentiam
2531 3597 2781 3652 ostendis
2811 3596 3015 3651 habere
3046 3597 3198 3651 illum
3222 3597 3317 3668 qui
3348 3598 3533 3653 subsi-

1949 3690 2090 3746 stit?
2140 3689 2422 3744 hominem
2469 3689 2694 3760 quidem
2727 3690 3030 3746 subsistere
3085 3690 3141 3745 in
3180 3691 3294 3746 Deo
3327 3690 3531 3756 Verbo,

1950 3797 2053 3837 nos
2104 3782 2278 3852 magis
2310 3797 2475 3852 quam
2507 3797 2608 3837 vos
2650 3782 2989 3850 clamamus;
3028 3782 3147 3849 sed,
3184 3790 3247 3836 ut
3288 3782 3531 3848 videtur,

1950 3891 2062 3930 non
2095 3874 2573 3946 comprehenditis
2604 3873 2661 3929 in
2709 3890 2875 3945 quoa
2925 3875 3089 3932 nobis
3138 3876 3427 3942 diﬂ‘eratis,
3479 3885 3536 3933 et

1951 3965 2101 4022 aliud
2126 3981 2274 4021 nunc
2303 3965 2566 4037 objicitis.
2590 3966 2829 4031 Etenim,
2854 3966 3103 4037 proprie,
3135 3974 3195 4022 ut
3219 3982 3318 4022 vos
3344 3967 3531 4039 vultis,

1952 4060 2259 4117 subsistere
2289 4059 2507 4115 unitum
2542 4059 2711 4115 semel
2739 4059 2925 4115 dicere
2965 4060 3269 4126 hominem,
3300 4076 3413 4116 non
3441 4061 3537 4115 ad-

1951 4154 2244 4220 mittimus,
2271 4170 2363 4222 ne,
2393 4153 2531 4209 duas
2578 4154 2812 4223 proinde
2857 4154 3244 4209 subsistentias
3291 4162 3537 4209 servatas

1952 4246 2011 4302 in
2036 4247 2253 4302 ratione
2278 4254 2574 4317 utramque
2621 4246 3068 4302 convenientium
3109 4247 3386 4317 propriam
3417 4244 3535 4301 eiii--

1952 4341 2134 4396 ciente
2165 4347 2508 4410 praestantes,
2538 4355 2569 4394 a
2615 4338 2990 4395 fundamentis
3026 4339 3286 4395 unionem
3317 4353 3534 4394 everta-

1954 4448 2097 4488 mus.
2136 4431 2194 4487 Si
2233 4432 2383 4486 enim
2427 4430 2651 4501 proprie
2678 4430 2933 4487 subsistit
2957 4440 3258 4500 utrumque
3284 4430 3338 4484 in
3373 4429 3537 4485 Chri-

1954 4535 2060 4589 sto,
2094 4523 2349 4599 dicitisne
2394 4522 2715 4593 possibilem
2734 4537 2856 4578 esse
2884 4523 3028 4576 inter
3049 4529 3347 4591 utrumque
3372 4521 3529 4574 unio-

258 4613 434 4669 αὑτοῦ
487 4614 682 4668 Γολιάθ
736 4616 878 4670 κοιτά
934 4616 1033 4686 τὴν
1106 4608 1429 4690 συμπλοκὴν
1518 4619 1611 4674 τοῦ
1685 4621 1844 4675 πολέ-

1954 4617 2121 4672 nem?
2148 4632 2218 4671 an
2259 4615 2455 4672 eodem
2488 4614 2654 4668 modo
2698 4607 2809 4683 Quo
2840 4613 3009 4668 David
3042 4614 3269 4669 inimico
3300 4628 3400 4668 suo
3433 4612 3540 4667 Go-

266 4725 394 4778 μου,
450 4706 547 4761 καὶ
598 4708 697 4778 τὴν
752 4710 1036 4780 ἐνέργειαν
1094 4711 1195 4780 τῆς
1248 4712 1460 4765 ἐκείνου
1513 4713 1848 4784 ἀναιρέσεως

260 4799 546 4872 ἡνωμένος
590 4795 659 4872 ἦν
717 4817 893 4870 φατες
960 4803 1029 4855 Ἦ
1069 4802 1190 4855 καθ’
1248 4803 1316 4874 ἣν
1379 4803 1581 4873 Ἰωσὴφ
1626 4806 1684 4858 ὲν
1748 4806 1846 4860 Ai-

259 4892 461 4963 γὺπτῳ
523 4891 650 4958 ὢν,
702 4892 782 4964 τῷ
839 4893 1100 4965 Βενιαμὶν
1159 4894 1376 4965 ἤνωτο;
1453 4895 1525 4947 Ἢ
1596 4896 1720 4949 καθ’
1783 4899 1850 4970 ἣν

255 4987 290 5056 ἡ
322 4985 578 5058 ἐνέργεια
607 4985 703 5039 τοῦ
748 4985 1013 5056 μουσικοῦ
1046 4988 1112 5057 τῇ
1146 4986 1381 5060 κιθάρας
1414 4988 1487 5041 Ἤ
1518 5005 1641 5043 τινα
1671 4991 1850 5045 τοιάν-

253 5081 315 5135 δε
344 5075 712 5150 ὑφεστηκέναι
731 5077 824 5133 οὖν
855 5080 1072 5143 πάντως
1095 5098 1111 5146 ;
1148 5080 1238 5135 Ἐν
1266 5086 1419 5155 κοινῇ
1439 5083 1496 5136 δὲ
1521 5084 1616 5137 καὶ
1648 5086 1748 5155 μιᾷ
1776 5088 1840 5155 τῇ

256 5173 561 5230 ὑποστάσει
589 5174 683 5228 τόν
710 5192 771 5227 τε
804 5174 977 5244 Λόγον
1004 5175 1100 5228 καὶ
1135 5174 1235 5247 τὴν
1267 5176 1445 5248 σάρκα
1473 5178 1592 5249 ἄμα
1620 5178 1839 5245 δοξάζο-

260 5284 362 5338 μεν
409 5268 570 5337 ἡμεῖς
592 5283 605 5296 ·
636 5268 795 5334 ὑμεῖς
814 5267 871 5320 δὲ
904 5269 953 5321 εἰ
990 5270 1085 5323 καὶ
1118 5268 1195 5340 μὴ
1222 5270 1335 5333 τοῖς
1373 5271 1552 5342 ήμῶν,
1577 5271 1711 5326 ἀλλά
1731 5274 1844 5337 τοῖς

260 5373 323 5427 γε
359 5357 668 5428 ὑμετέροις,
691 5357 808 5421 πῶς
830 5357 932 5411 οὑκ
963 5358 1358 5429 ὲπισκήπτετε,
1381 5361 1440 5412 ὲν
1465 5359 1541 5429 τῷ
1573 5360 1732 5432 Λόγῳ
1761 5362 1847 5415 λέ-

259 5463 451 5518 γοντες
474 5446 570 5502 καὶ
596 5447 754 5504 αὑτοὶ⁵
783 5446 875 5502 τὸν
905 5444 1194 5518 ἄνθρωπον
1224 5442 1395 5515 εἷναι;
1419 5448 1493 5501 Τὸ
1525 5449 1633 5520 γὰρ
1656 5448 1715 5503 ἐν
1737 5466 1845 5503 τινι

260 5539 553 5611 λεγόμενον
589 5537 763 5606 εἶναι,
796 5539 897 5610 τὴν
941 5538 1136 5593 ἕνωσιν
1175 5539 1273 5610 τὴν
1319 5540 1458 5611 πρὸς
1493 5540 1655 5594 αὑτὸν
1706 5559 1847 5613 μαρ-

268 5633 489 5705 τύρεται
517 5648 530 5662 ·
560 5632 623 5686 τὺ
644 5632 701 5686 δὲ
738 5631 844 5703 ἰδίᾳ
870 5632 1135 5701 ἐκατέρου
1172 5632 1353 5701 λέγειν
1398 5632 1509 5684 τῶν
1558 5632 1839 5703 ὑποκειμέ-

186 5742 189 5745 ·
265 5744 373 5781 νων
407 5722 546 5781 εἶναι
570 5728 671 5799 τὴν
703 5727 1002 5781 ὑπόστασιν
1031 5766 1048 5792 ,
1090 5726 1188 5797 τὴν
1233 5726 1370 5798 πρὸς
1406 5725 1611 5797 ἄλληλα.
1646 5725 1852 5781 τούτων

267 5819 547 5875 διάστασιν
586 5819 776 5890 σαφῶς
807 5818 1062 5888 ὁμολογεῖ
1089 5834 1105 5850 ο
1144 5817 1319 5871 ταυτά
1351 5818 1409 5872 δὲ
1440 5818 1557 5890 ἅμα
1592 5819 1721 5893 περὶ⁶
1753 5816 1849 5874 τοῦ

273 5912 435 5973 αὑτοῦ
465 5911 644 5984 λέγειν
670 5912 703 5984 ἢ
737 5912 956 5983 φρονεῖν
978 5951 995 5977 ,
1026 5909 1147 5964 λίαν
1175 5910 1491 5982 ἀσύμϐατα.

1954 4708 2111 4773 liath,
2143 4723 2241 4777 per
2268 4722 2467 4777 pugna:
2495 4704 2836 4770 conﬂictum,
2863 4714 2919 4760 et
2946 4705 3058 4760 vim
3087 4705 3327 4774 impetus
3353 4705 3535 4775 hujus,

1959 4800 2149 4855 unitus
2177 4800 2349 4855 fuerit
2390 4798 2621 4854 dicitis?
2649 4813 2720 4852 an
2756 4813 2824 4853 eo
2872 4798 3041 4853 modo
3090 4813 3201 4868 quo
3223 4798 3427 4867 J'oseph
3482 4798 3538 4851 in

1953 4892 2188 4964 Egypto
2239 4891 2526 4963 Beniamin
2584 4890 2776 4945 unitus
2826 4890 3075 4947 fnit?an
3125 4890 3319 4950 eodem
3373 4890 3538 4946 modo

1955 5003 2068 5057 quo
2096 4986 2295 5042 musici
2319 4985 2485 5040 ardor
2516 4984 2573 5039 in
2593 5000 2693 5040 sua
2718 4984 2934 5040 cithara
2959 4985 2982 5037 ?
3010 4999 3078 5038 an
3102 4983 3343 5054 aliquam
3374 4983 3539 5038 talem

1957 5078 2260 5134 subsistere
2286 5075 2513 5132 omnino
2539 5075 2919 5132 contenditis?
2945 5075 2999 5129 in
3035 5074 3318 5131 communi
3352 5082 3527 5129 auten

1950 5178 2009 5226 et
2034 5183 2143 5223 una
2180 5165 2539 5222 subsistentia
2586 5164 2831 5229 Verbum
2878 5175 2937 5220 et
2981 5180 3202 5220 carnem
3250 5164 3412 5219 simul
3438 5180 3540 5219 nos

1953 5268 2314 5330 reputamus;
2351 5273 2451 5313 vos
2488 5273 2619 5313 vero
2650 5258 2755 5313 etsi
2802 5273 2913 5313 non
2950 5258 3181 5324 nostris,
3220 5257 3318 5312 sed
3363 5268 3420 5314 et
3449 5274 3531 5314 ve-

1955 5353 2085 5409 stris
2111 5350 2406 5407 sententiis
2422 5348 2700 5427 quomodo
2716 5364 2825 5403 non
2850 5348 3092 5414 hmretis,
3111 5349 3289 5419 ipsum
3318 5348 3374 5404 in
3397 5350 3534 5406 Ver-

1955 5446 2027 5503 bo
2069 5461 2167 5500 vos
2194 5443 2383 5499 dicitis
2434 5452 2491 5498 et
2535 5441 2817 5496 hominem
2846 5440 3013 5497 esse?
3060 5441 3265 5512 aliquid
3301 5442 3448 5496 enim
3483 5441 3538 5496 in

1957 5538 2144 5608 aliquo
2176 5552 2297 5591 esse
2327 5535 2374 5589 si
2401 5534 2640 5600 dicatur,
2679 5533 2808 5588 unio
2834 5533 3125 5604 utriusque
3155 5533 3536 5606 signiﬁcatur;

1957 5630 2002 5685 si
2026 5630 2247 5684 dicatur
2268 5638 2452 5682 autem
2486 5626 2710 5698 proprie
2734 5643 2856 5683 esse
2887 5627 3301 5684 subsistentiam
3329 5629 3538 5683 utrius-

1955 5738 2064 5793 que
2099 5720 2532 5791 suppositorum,
2565 5719 2850 5775 distinctio
2873 5720 3019 5776 inter
3044 5728 3343 5790 utrumque
3392 5720 3540 5775 clare

1953 5814 2296 5880 ostenditur;
2326 5813 2521 5869 eadem
2560 5831 2689 5868 vero
2714 5814 2876 5868 simul
2908 5816 2975 5868 de
2996 5813 3189 5869 eodem
3224 5813 3410 5869 dicere
3447 5823 3544 5865 aut.

1955 5909 2218 5979 cogitare,
2263 5907 2494 5964 nimium
2525 5907 2825 5965 absurdum
2861 5907 3102 5963 videtur.
