3916 6566
409 468 413 472 ’
476 464 613 530 1555

1120 577 1272 636 CAP.
1325 581 1391 637 Χ.

538 667 596 724 Si
625 667 876 724 subsistit
900 669 1122 740 quidem
1153 673 1318 728 homo
1345 690 1376 728 e
1418 675 1578 731 nobis
1612 677 1902 745 oriundus,
1931 695 2044 736 non

472 754 637 817 habet
657 770 840 817 autem
871 761 1300 833 subsistentiam,
1331 768 1608 837 quomodo
1637 785 1746 824 non
1773 771 2045 827 contraria

467 851 657 918 doces,
698 853 886 911 dicens
929 856 1078 912 hunc
1106 857 1200 927 qui
1231 858 1480 914 subsistit
1511 875 1633 916 esse
1679 863 2039 919 insubsisten-

473 943 624 1000 tem?
666 944 856 1013 Neque
902 963 1024 1018 qua:
1055 947 1237 1005 dicitis
1285 950 1670 1019 recordamini,
1716 970 1895 1025 neque
1924 973 2047 1026 quae

467 1037 705 1095 dicimus
735 1041 1090 1096 conservatis.
1125 1041 1244 1095 Non
1285 1043 1732 1101 insubsistentem
1759 1046 1914 1102 vobis
1943 1047 2045 1102 ho-

467 1130 674 1185 minem
718 1131 1063 1187 Dominicum
1098 1131 1389 1188 ostendere
1420 1134 1705 1202 volumus;
1740 1125 1923 1194 absitl.
1948 1139 2044 1205 sed

348 1216 354 1222 ’
467 1231 577 1271 non
601 1218 818 1288 proprie
833 1218 1245 1284 subsistentem,
1267 1220 1323 1274 id
1349 1231 1433 1276 est
1448 1237 1478 1277 a
1501 1223 1680 1279 Verbo
1699 1225 2043 1284 distinctum.

468 1303 737 1389 Eumdem
762 1322 893 1363 vero
918 1323 1029 1363 non
1057 1308 1508 1367 insubsistentem
1552 1321 1610 1369 et
1649 1317 1866 1386 proprie
1910 1320 2045 1374 sub-

363 1419 397 1470 i;
467 1396 754 1453 sistentem
787 1398 972 1455 dicere
1015 1401 1140 1470 quis
1181 1401 1428 1470 dubitet,
1481 1404 1528 1461 si
1573 1421 1695 1462 esse
1744 1410 1836 1464 tali
1881 1412 2046 1466 modo

401 1507 408 1518 ι
469 1497 723 1564 respectu
765 1489 1017 1557 aliorum,
1048 1499 1105 1547 et
1146 1492 1396 1552 absolute
1441 1511 1553 1554 non
1597 1512 1738 1565 esse,
1783 1501 2044 1560 confundi

373 1592 377 1598 ·
468 1588 770 1657 nequeunt.
798 1595 831 1635 ο
859 1581 1245 1652 sapientissimi
1280 1585 1304 1643 ?

536 1781 592 1838 Si
621 1782 767 1841 Petri
793 1783 975 1842 anima
1001 1697 1504 1843 aliazlztpi’auli
1533 1791 1735 1847 anima.
1766 1791 1916 1848 aliud
1943 1807 2044 1848 au-

1759 476 2071 540 LEONTII
2110 479 2516 543 BYZANTINI

2075 592 2124 648 Δ

3595 474 3751 544 1556

2738 589 2992 642 ΚΕΦΑΛ.
3044 589 3105 648 ι’.
3258 645 3268 653 ,

2218 679 2283 734 Ei
2314 677 2526 751 ὑπέστη
2561 677 2660 748 μὲν
2687 679 2716 732 ὁ
2743 677 2802 743 ἐξ
2837 678 2994 750 ήμῶν
3031 676 3343 748 ἄνθρωπος,
3375 678 3478 732 οὔκ
3517 676 3645 748 εχει
3686 677 3749 731 δι

2147 771 2468 835 ὑπόστασιν,
2520 769 2641 835 πῶς
2686 770 2787 824 οὐκ
2836 769 3055 822 ἐναντία
3105 766 3492 837 δογματίζεις,
3527 769 3750 823 ἀνυπό-

2149 881 2341 926 στατον
2389 863 2481 916 τὸν
2508 862 2855 932 ὑφεστηκότα
2908 859 3116 929 λέγωνς
3159 859 3298 914 Οὖτι
3337 853 3414 914 ὧν
3443 878 3582 931 φατε
3644 860 3748 931 μέ..

2151 953 2356 1025 μνησθε
2379 993 2394 1017 ,
2427 952 2550 1007 οὔτε
2580 949 2662 1017 οἷς
2690 953 2922 1022 λέγομεν
2953 952 3346 1022 ἑπισκήπτετε.
3369 952 3484 1004 Οὐκ
3527 953 3746 1006 ἀνυπύο

2149 1034 2342 1098 στατον
2373 1043 2501 1114 ὑμῖν
2519 1043 2611 1098 τὸν
2633 1043 2915 1114 ἄνθρωπον
2936 1040 3028 1094 τὸν
3052 1041 3330 1113 κυριακὸν
3375 1039 3546 1106 δεῖξαι
3605 1041 3744 1112 βοῦν

2147 1134 2353 1206 λόμεθα
2375 1151 2390 1167 ο
2417 1133 2492 1206 μὴ
2525 1121 2735 1204 γένοιτο
2759 1135 2773 1188 ι
2801 1131 2916 1187 ἀλλ’
2957 1133 3057 1186 οῦκ
3088 1130 3515 1195 ἱδιοῦπόστατον,
3568 1148 3745 1186 τουτμ

2147 1224 2295 1278 ἐστιν
2343 1223 2452 1278 ἀπὸ
2481 1223 2576 1278 τοῦ
2606 1223 2777 1292 Λόγου
2810 1221 3198 1294 χωριζόμενον,
3228 1222 3310 1275 ὅτι
3346 1222 3402 1275 δὲ
3430 1222 3492 1276 οὐ
3528 1223 3744 1276 ταυτὺν

2147 1313 2518 1368 ἀνυπόστατον
2548 1314 2728 1382 λέγειν
2765 1313 2860 1366 καὶ
2918 1313 3356 1379 ῐδιοῦπόστατον,
3410 1313 3497 1378 τίς
3554 1315 3743 1384 ἀμφι-

2147 1405 2354 1472 ϐάλλοι,
2405 1408 2453 1458 εἰ
2495 1406 2557 1459 τδ
2591 1406 2692 1476 μὲν
2724 1405 2818 1458 τοῦ
2845 1405 2964 1468 πῶς
2991 1399 3132 1458 εἶναι
3161 1405 3300 1475 πρὸς
3327 1405 3394 1459 τά
3422 1405 3589 1478 ἔτερα
3617 1445 3637 1469 ,
3675 1407 3742 1458 τδ

2144 1495 2202 1560 δὲ
2229 1498 2322 1556 τοῦ
2349 1495 2486 1585 ὄλξυς
2522 1498 2599 1575 μὴ
2644 1494 2784 1554 εἶναι
2822 1497 3119 1570 δηλωτικόν
3151 1498 3290 1563 ἐστι,
3317 1491 3363 1552 ὧ
3386 1496 3737 1568 σοφώτατε-αις

2735 1698 2986 1755 ΚΕΦΔΛ.
3019 1698 3122 1754 IA'.

2219 1785 2284 1840 Ei
2305 1788 2338 1857 ὴ
2363 1787 2570 1858 Πέτρου
2596 1786 2744 1858 ψυχὴ
2778 1788 2941 1860 έτέρα
2984 1789 3102 1842 ἐστὶ
3157 1789 3311 1863 πσρά
3341 1791 3438 1861 τὴν
3459 1791 3694 1845 Παύλου
3719 1831 3738 1856 ,

467 1883 576 1936 tem
619 1881 705 1930 est
735 1880 832 1928 aut
865 1882 1063 1929 natura
1083 1883 1138 1930 et
1171 1874 1524 1930 subsistentia
1553 1876 1722 1943 aliud,
1755 1887 1813 1932 ut
1845 1879 2043 1934 malum

2150 1879 2210 1934 τὸ
2246 1879 2305 1932 δὲ
2334 1880 2520 1951 ἕτερον
2551 1879 2584 1951 ἢ
2617 1879 2781 1950 φύσει
2810 1881 2905 1936 καὶ
2930 1880 3231 1938 ὑποστάσει
3249 1882 3458 1953 ἕτερον,
3484 1883 3563 1946 ὡς
3582 1884 3616 1936 ό
3645 1883 3740 1936 οὖν
3799 1915 3811 1924 -

415 1993 420 1996 -
463 1973 522 2022 et
549 1975 714 2031 terra,
770 1973 865 2020 aut
891 1965 1246 2022 subsistentia
1272 1968 1517 2034 omnino,
1550 1978 1781 2040 utpater
1802 1979 1856 2026 et
1876 1971 2038 2038 illius,

2150 1970 2309 2044 ρανδς
2332 1943 2442 2041 17?};-
2457 1943 2584 2044 γῆς,
2673 1972 2970 2027 ὑποστάσει
2999 1973 3221 2039 πάντως
3245 1974 3321 2037 ῶς
3421 1943 3609 2046 πατὴρ
3633 1973 3736 2028 τοῦ

462 2058 741 2129 quomodo
785 2074 898 2114 non
940 2067 1137 2114 natura
1169 2070 1227 2116 et
1273 2060 1646 2127 subsistentia,
1681 2071 1776 2117 aut
1817 2063 2042 2118 omnino

462 2150 829 2212 subsistentia
849 2149 1031 2205 diliert
1061 2151 1242 2208 anima
1275 2153 1422 2207 Petri
1454 2153 1523 2208 ab
1565 2153 1743 2214 anima
1773 2155 1965 2209 Pauli?
1997 2155 2042 2208 si

465 2259 597 2299 vero
626 2242 682 2297 id
709 2241 1036 2308 admittitur,
1055 2242 1340 2314 quomodo
1387 2259 1495 2306 non
1535 2243 1700 2307 habet
1734 2245 2040 2300 subsisten-

466 2336 598 2399 tiam
621 2335 884 2406 cnjusque
907 2335 1109 2399 anima,
1135 2350 1243 2406 qua
1265 2334 1481 2392 diﬂ‘erat
1505 2335 1572 2390 ab
1595 2336 1820 2394 alterius
1838 2336 2041 2402 anima,

465 2436 562 2492 aut
583 2428 653 2482 ab
678 2428 890 2492 eadem,
921 2435 1018 2484 aut
1043 2441 1155 2481 non
1181 2425 1251 2485 ab
1286 2425 1475 2482 eadem
1505 2428 1778 2482 essentia?
1807 2427 1864 2502 Id
1893 2444 2042 2486 nunc

465 2535 497 2583 a
525 2519 682 2575 vobis
708 2518 916 2576 dictum
947 2525 1030 2573 est
1055 2517 1340 2578 evidenter
1367 2526 1426 2572 ut
1455 2517 1841 2574 ostenderetur
1867 2518 2044 2574 homi-

461 2611 552 2675 nis
579 2612 844 2683 cujusque
866 2609 1003 2668 duas
1030 2625 1150 2672 esse
1183 2610 1596 2676 subsistentias;
1622 2611 1718 2666 sed
1750 2621 1811 2670 ut
1836 2627 1945 2666 non
1975 2627 2043 2666 ex

460 2703 715 2774 exemplo
754 2702 1058 2763 secundum
1092 2701 1372 2758 hominem
1417 2712 1635 2773 sumpto
1667 2703 2042 2774 impediamiui

460 2797 598 2869 quin
642 2795 781 2852 duas
825 2795 1021 2852 dicatis
1063 2794 1452 2853 subsistentias
1492 2794 1718 2860 Christi,
1749 2812 1873 2851 cum
1920 2796 2043 2853 dua:

461 2889 576 2953 sint
613 2889 733 2961 ejus
779 2901 1009 2955 naturae,
1041 2897 1102 2950 ut
1145 2888 1385 2945 dicimus
1428 2888 1496 2944 de
1541 2889 1706 2948 Petro
1751 2897 1806 2944 et
1849 2889 2037 2946 Paulo.

461 2981 616 3047 Pauli
646 2981 816 3053 igitur
872 2981 1074 3046 anima,
1105 2981 1207 3038 etsi
1236 2980 1342 3035 alia
1378 2981 1448 3036 sit
1476 2981 1828 3039 subsistentia
1859 2997 1957 3051 per
1984 2996 2041 3036 se

460 3076 658 3142 solam,
684 3075 872 3131 nescio
902 3074 1177 3146 quomodo
1207 3074 1365 3129 vobis
1391 3073 1648 3144 possibile
1673 3074 1744 3129 sit
1770 3075 1876 3129 hoc
1895 3075 2044 3144 judi-

462 3183 591 3227 care
619 3166 690 3224 de
719 3166 828 3232 illa
859 3167 1040 3222 adhuc
1068 3165 1126 3222 in
1159 3181 1324 3221 carne
1369 3167 1734 3236 permanenti,
1772 3167 1904 3221 item
1942 3181 2044 3220 cur

2145 2063 2286 2128 υἱοῦ,
2331 2063 2449 2127 πῶς
2477 2063 2597 2134 οὐχὶ
2622 2066 2686 2136 τῇ
2712 2063 2870 2133 φύσει
2889 2067 2984 2120 καὶ
3008 2069 3074 2137 τῇ
3101 2067 3470 2138 ύπόστασει,ῆ
3505 2068 3738 2131 πάντως

2143 2157 2208 2224 τῇ
2232 2154 2529 2209 ὑποστάσει
2550 2154 2798 2226 διαφέρει
2826 2158 2859 2229 ή
2894 2155 3041 2228 ψυχὴ
3075 2158 3285 2229 Πέτρου
3327 2157 3430 2229 τῆς
3460 2157 3686 2212 Παύλου
3715 2177 3732 2223 ;

2145 2248 2274 2301 εἰδὲ
2307 2247 2497 2314 τοῦτο,
2547 2250 2665 2312 πῶς
2714 2251 2816 2304 οὐκ
2866 2252 2982 2322 ἔχει
3044 2251 3344 2306 ὑπόστασιν
3406 2252 3648 2307 ἑκάστου
3697 2253 3732 2321 ἡ

2143 2339 2290 2411 ψυχὴ
2311 2340 2431 2394 καθ’
2468 2341 2536 2412 ἢν
2554 2342 2805 2412 διαφέρει
2830 2341 2931 2411 τῆς
2960 2342 3173 2414 ἑτέρου,
3212 2342 3245 2413 ἢ
3276 2342 3388 2397 τῶν
3421 2342 3525 2412 τῆς
3554 2341 3736 2412 αὐτῆς

2142 2432 2348 2496 οὐσίας,
2380 2431 2494 2503 ἢού
2518 2433 2618 2503 τῆς
2640 2432 2810 2503 αὐτῆς
2837 2450 2852 2498 ;
2882 2433 3055 2487 Τοῦτο
3093 2433 3189 2488 νῦν
3221 2436 3365 2505 παρ’·
3386 2435 3519 2503 ὑμῖν
3568 2433 3734 2503 δῆλον

2141 2525 2215 2586 ὡς
2242 2523 2330 2578 διὰ
2353 2523 2412 2578 τὸ
2437 2523 2607 2588 δεῖξαι
2635 2525 2731 2578 καὶ
2752 2523 3042 2596 ἀνθρώπου
3073 2525 3304 2578 ἑκάστου
3336 2523 3433 2578 δύο
3455 2523 3558 2586 τάς
3587 2523 3731 2578 ὑπο-

2145 2617 2363 2680 στάσεις
2413 2613 2602 2679 οῠσας,
2631 2615 2886 2685 εἴρηται·
2925 2613 3011 2672 ἴνα
3042 2613 3116 2684 μὴ
3149 2613 3204 2666 δὲ
3239 2614 3305 2666 ἐκ
3325 2611 3420 2665 τοῦ
3452 2611 3599 2665 κατά
3634 2610 3732 2663 τὸν

2143 2709 2426 2780 ἄνθρωπον
2474 2702 2918 2778 παραδείγματος
2971 2707 3328 2761 ἀποκλείεται
3368 2708 3504 2778 ὑμῖν
3533 2707 3595 2760 τδ
3633 2706 3732 2760 δύο

2142 2799 2321 2869 λέγειν
2349 2798 2445 2862 τὰς
2468 2799 2794 2861 ὑποστάσεις
2819 2799 3080 2869 Χριστοῦ,
3099 2798 3192 2853 δύο
3205 2798 3382 2852 οὐσῶν
3421 2797 3590 2852 αὐτοῦ
3613 2800 3733 2852 τῶν

2144 2893 2377 2962 φύσεων,
2419 2891 2610 2962 ῶσπερ
2659 2891 2839 2962 φαμὲν
2872 2890 3102 2962 ’Πέτρου
3152 2890 3186 2962 ἢ
3232 2891 3328 2944 τοῦ
3384 2891 3626 2946 Παύλου.
3667 2892 3732 2945 Ἦ

2142 2983 2354 3038 Παύλου
2404 2982 2495 3036 οῦν
2545 2983 2692 3052 ψυχὴ
2719 3022 2732 3045 ,
2767 2985 2816 3036 εἰ
2850 2983 2944 3037 καὶ
2972 2983 3136 3054 ἑτέρα
3167 2981 3284 3038 ἐστὶ
3310 2985 3377 3053 τῇ
3427 2982 3734 3042 ὑποστάσει

2143 3073 2267 3129 καθ’
2298 3073 2468 3143 αὐτὴν
2498 3073 2688 3144 μόνην,
2713 3073 2814 3127 οὐκ
2841 3070 2957 3146 οἶδα
2988 3073 3108 3136 πῶς
3144 3073 3273 3144 ὑμῖν
3301 3073 3532 3128 δυνατοῦ
3571 3074 3734 3138 δντος

2141 3165 2301 3218 τοῦτο
2347 3162 2555 3234 κρίνειν
2608 3157 2968 3233 περὶάῦτῆς
3028 3162 3108 3217 ἐτι
3175 3163 3600 3234 παραμενούσης
3665 3166 3734 3233 τῇ

461 3260 704 3320 animam
746 3259 895 3314 Petri
941 3258 1306 3330 assumpsisse
1359 3248 1610 3322 dicatur,
1658 3263 1754 3311 aut
1801 3255 2039 3310 animam

2150 3256 2332 3328 σαρκὶ,
2361 3255 2511 3326 ὅμως
2545 3252 2651 3308 ποῦ
2679 3254 2778 3326 τὴν
2812 3254 2990 3326 ψυχὴν
3025 3255 3233 3326 Πέτρου
3259 3255 3552 3310 ἀναλαϐεῖν
3575 3256 3738 3327 εἷρηο

461 3352 613 3410 Petri
657 3352 714 3407 in
746 3351 926 3410 anima
957 3351 1108 3408 Pauli
1140 3365 1281 3414 esse,
1320 3357 1378 3404 ut
1408 3349 1624 3405 dixistis
1656 3365 1753 3405 vos
1778 3365 1955 3419 nuper
1983 3349 2037 3403 in

463 3447 578 3502 Deo
605 3445 786 3502 Verbo
808 3459 928 3500 esse
952 3443 1230 3498 hominem
1263 3442 1681 3497 contendentes.
1714 3441 1861 3497 Istud
1891 3441 2037 3496 enim

463 3537 695 3610 impedit
723 3553 792 3594 ne
823 3536 1337 3608 appareatdualitas
1355 3534 1856 3599 subsistentiarum,
1883 3534 2040 3588 unio-

463 3616 589 3688 nem
636 3630 928 3686 admittere
975 3638 1318 3684 naturarum.
1354 3627 1410 3682 Si
1451 3625 1602 3681 enim
1645 3626 1884 3682 Verbum
1929 3641 2040 3680 non

464 3741 689 3789 carnem
733 3723 1139 3793 assumpsisset,
1174 3730 1232 3775 ut
1262 3721 1457 3776 Petrus
1488 3735 1598 3774 non
1628 3719 1876 3784 Paulum,
1926 3718 2040 3772 rel-

464 3836 562 3891 psa
589 3827 736 3875 esset
764 3816 1066 3874 secundum
1097 3816 1242 3871 Petri
1267 3821 1322 3869 et
1344 3812 1496 3868 Pauli
1521 3811 1853 3882 exemplum,
1876 3810 2040 3867 Verbi

463 3896 522 3968 et
553 3911 754 3977 carnis,
787 3910 842 3966 id
883 3919 988 3976 est,
1030 3907 1233 3964 Christi
1278 3904 1536 3969 heminis,
1568 3903 1827 3960 dilIerens
1857 3904 2042 3976 subsi-

465 4003 700 4068 stentia;
727 4002 810 4058 sin
836 4011 1016 4057 autem
1045 4000 1242 4055 Petrus
1267 3998 1496 4053 Paulum
1522 4012 1630 4051 non
1659 3995 2041 4066 assumpserit,

467 4104 531 4150 ut
549 4095 787 4150 Verbum
815 4107 1036 4148 carnem
1064 4089 1380 4159 assumpsit,
1406 4103 1515 4142 non
1545 4094 1694 4142 recte
1723 4087 1828 4142 hoc
1851 4102 2040 4142 exem-

466 4188 618 4260 plum
665 4187 721 4242 in
752 4199 868 4240 rem
895 4183 1202 4248 adducitis;
1237 4191 1292 4236 et
1322 4181 1366 4236 si
1416 4181 1756 4235 inearnatum
1806 4179 2042 4234 Verbum

469 4293 614 4333 unus
645 4276 819 4332 Filius
862 4282 947 4329 est
990 4282 1046 4329 et
1092 4289 1201 4328 non
1247 4272 1389 4337 duo,
1441 4271 1644 4326 Paulus
1689 4279 1870 4326 autem
1915 4285 2040 4324 cum

468 4371 633 4426 Petro
661 4381 773 4424 non
803 4380 946 4420 unus
990 4364 1161 4420 Filius
1193 4363 1289 4419 sed
1339 4363 1450 4417 duo
1477 4362 1573 4417 ﬁlii
1609 4370 1759 4435 sunt,
1785 4370 2044 4417 extranea

470 4458 629 4516 nobis
657 4458 948 4530 pratbctis;
979 4467 1036 4514 et
1067 4456 1286 4512 siunus
1312 4454 1563 4511 Christus
1591 4457 1644 4510 in
1675 4455 1959 4510 divinitate
1987 4461 2046 4510 et

469 4550 811 4607 humanitate
840 4558 943 4611 est,
971 4561 1082 4602 non
1125 4557 1308 4600 autem
1341 4561 1484 4600 unus
1509 4557 1592 4599 est
1633 4544 1913 4615 apostolus
1942 4544 2045 4600 Pe-

2146 3367 2259 3412 ται,
2366 3350 2400 3421 ἡ
2434 3349 2652 3427 Πέτρου,
2690 3350 2746 3402 ἐν
2774 3351 2838 3418 τῇ
2873 3347 3087 3402 Παύλου
3113 3343 3251 3400 εἶναι
3278 3387 3293 3412 ,
3321 3346 3508 3420 ὥσπερ
3536 3348 3735 3400 εἴπατε

2148 3443 2243 3497 καὶ
2281 3442 2440 3511 ὑμεῖς
2469 3442 2578 3510 πρὸ
2620 3439 2817 3510 μικροῦ
2848 3441 2905 3492 ἐν
2937 3439 3016 3509 τῷ
3057 3439 3187 3518 θείῳ
3210 3439 3369 3510 Λόγῳ
3392 3441 3483 3492 τὸν
3513 3439 3723 3511 ἄνθρω-

2146 3553 2247 3588 πον
2298 3531 2437 3588 εἷναι
2475 3533 2710 3596 διδόντες
2747 3549 2762 3564 ο
2792 3531 2951 3586 τοῦτο
3000 3532 3110 3603 γάρ
3152 3533 3266 3585 ἐστι
3319 3531 3380 3584 τὸ
3426 3530 3735 3585 κωλυτικδν

2104 3677 2107 3680 .
2148 3626 2244 3680 τοῦ
2284 3626 2386 3697 τὴν
2413 3625 2581 3680 δυάδα
2615 3624 2900 3695 φαίνεσθαι
2930 3623 3039 3677 τῶν
3093 3623 3468 3690 ὑποστάσεων,
3522 3623 3587 3677 τὸ
3627 3623 3735 3694 τὴν

2147 3720 2343 3773 ἕνωσιν
2369 3717 2750 3790 ὁμολογεῖσθαι
2801 3715 2911 3769 τῶν
2943 3716 3178 3786 φύσεων.
3228 3717 3290 3769 Ei
3341 3716 3450 3787 γάρ
3507 3716 3648 3788 μηδὲ
3702 3717 3731 3772 ὁ

2148 3812 2320 3880 Λόγος
2366 3810 2464 3881 τὴν
2509 3810 2689 3882 σάρκα
2730 3809 3054 3872 ἀνελάϐετο,
3091 3808 3280 3880 ῶσπερ
3308 3808 3432 3861 οὐδὲ
3459 3809 3488 3860 ὁ
3520 3808 3732 3879 Πέτρος

2149 3903 2384 3970 Παῦλον,
2409 3887 2671 3973 δντωςλῆν
2702 3901 2848 3956 κατά
2885 3902 2945 3954 τὸ
2986 3902 3339 3973 παράδειγμα
3379 3901 3592 3971 Πέτρου
3634 3900 3733 3952 καὶ

2149 3982 2388 4059 Παύλου,
2421 3993 2514 4048 τοῦ
2551 3995 2618 4047 τε
2641 3995 2815 4064 Λόγου
2855 3995 2950 4048 καὶ
2978 3993 3076 4063 τῆς
3108 3994 3312 4064 σαρκὸς
3347 3987 3636 4064 ἤγουντοῦ
3671 3994 3732 4045 ἐν

2149 4088 2371 4160 Χριστῷ
2405 4086 2716 4159 ἀνθρώπου,
2762 4086 3080 4159 διάφοροςή
3118 4087 3421 4150 ὑπόστασις
3455 4103 3470 4118 ο
3498 4086 3549 4139 εἰ
3594 4085 3655 4138 δὲ
3699 4086 3731 4138 ὁ

2154 4183 2360 4254 Πέτρος
2414 4181 2625 4234 Παῦλον
2669 4180 2769 4233 οὐκ
2800 4181 3112 4248 ἀνελάϐετο,
3146 4179 3337 4252 ῶσπερ
3368 4181 3397 4234 ὁ
3424 4180 3595 4248 Λόγος
3627 4180 3730 4248 τὴν

2153 4277 2351 4347 σάρκα,
2381 4275 2482 4328 οὐκ
2510 4272 2691 4344 ὀρθῶς
2719 4274 3070 4346 παρηγάγετε
3101 4273 3220 4326 τόδε
3258 4277 3395 4344 πρὸς
3428 4273 3545 4326 τόδε
3582 4289 3599 4304 ο
3634 4274 3731 4325 καὶ

2151 4370 2199 4422 εἰ
2231 4371 2260 4422 ό
2291 4365 2600 4438 σαρκωθεὶς
2632 4365 2803 4434 Λόγος
2831 4363 2912 4428 εἷς
2934 4365 3061 4430 Υἱὸς
3088 4366 3182 4419 καὶ
3209 4367 3270 4419 οὐ
3293 4365 3406 4428 δύο,
3435 4364 3640 4426 Παῦλος
3672 4364 3732 4418 ἃ

2158 4460 2296 4534 μετά
2317 4460 2528 4533 Πέτρου
2553 4500 2568 4526 ,
2603 4459 2700 4530 οὐχ
2736 4443 2817 4522 εἷς
2855 4458 2982 4522 Υἱὸς
3013 4458 3147 4512 ἀλλά
3172 4459 3265 4512 δύο
3293 4459 3452 4527 εἰσὶν,
3498 4460 3728 4513 ἀλλοκό-

2153 4570 2263 4616 τως
2291 4552 2417 4607 τάδε
2454 4550 2818 4621 παρατίθεσθε
2851 4569 2865 4582 ο
2893 4551 2985 4605 καὶ
3008 4553 3055 4604 εἰ
3086 4550 3166 4616 εἷς
3186 4553 3421 4623 Χριστὸς
3449 4554 3476 4605 ό
3509 4555 3568 4605 ἐν
3605 4552 3728 4607 Oed-

469 4653 589 4700 trus
616 4651 674 4698 et
717 4640 998 4712 apostolus
1028 4639 1249 4701 Paulus.
1284 4638 1380 4693 sed
1423 4637 1533 4692 duo
1560 4646 1708 4703 sunt,
1758 4637 2043 4693 dissimilia

2153 4660 2276 4714 τητι
2323 4642 2418 4696 καὶ
2452 4641 2835 4713 ἀνθρωπότητί
2877 4643 3056 4706 ἐστιν,
3110 4644 3205 4714 οὐχ
3231 4637 3309 4708 εἷς
3343 4645 3398 4698 δὲ
3430 4643 3726 4706 ἀπόστολος

467 4734 799 4806 comparatis
827 4733 894 4788 ad
923 4731 1324 4789 ostendendum
1357 4746 1426 4786 an
1455 4730 1588 4801 quid
1619 4729 1768 4784 aliud
1803 4730 1894 4796 sit,
1923 4744 2043 4783 om-

465 4830 602 4885 nino
645 4828 947 4884 secundum
983 4825 1393 4882 subsistentiam
1427 4840 1548 4880 esse
1592 4824 1760 4878 alium
1803 4823 1872 4878 ab
1905 4823 2044 4888 alio,

467 4923 587 4979 sive
617 4921 758 4978 alius
786 4920 858 4976 sit
881 4919 1180 4975 secundum
1215 4927 1490 4983 naturam,
1522 4917 1636 4972 sive
1667 4932 1797 4972 non.
1832 4916 1887 4971 Si
1915 4918 2046 4987 ergo

468 5015 610 5074 duos
651 5013 920 5075 Christds,
946 5012 1084 5066 duos
1125 5010 1290 5066 Filios
1316 5019 1373 5064 et
1402 5009 1540 5064 duos
1563 5009 1825 5064 Dominos
1856 5008 2047 5063 existi-

470 5107 634 5162 matis
686 5105 813 5160 talia
862 5102 1098 5158 dicendo
1125 5144 1140 5169 ,
1181 5108 1238 5156 et
1290 5115 1484 5155 eorum
1527 5109 1784 5154 neutrum
1831 5114 2045 5154 assum-

471 5209 626 5268 ptum
652 5212 774 5253 esse
794 5195 863 5251 ab
888 5196 1083 5259 altero,
1107 5193 1226 5260 sed,
1245 5201 1305 5248 ut
1328 5193 1530 5248 Paulus
1554 5208 1583 5246 a
1606 5193 1790 5256 Petro,
1822 5193 1968 5248 inter
1989 5207 2047 5247 se

471 5289 763 5345 distinctos
791 5303 939 5352 esse,
975 5285 1192 5342 tandem
1223 5294 1419 5341 vestrae
1449 5284 1744 5355 impietatis
1771 5284 2048 5338 occultum

473 5379 808 5457 patefecistis
850 5379 1025 5434 nefas.
1060 5379 1249 5435 Talem
1286 5378 1453 5450 igitur
1479 5367 1672 5441 Deum,
1703 5387 1759 5433 et
1794 5377 1887 5431 tali
1923 5376 2048 5430 unl-

473 5484 591 5530 tum
635 5488 757 5528 esse
801 5487 974 5528 unum
1019 5471 1300 5528 Christum
1351 5471 1591 5543 putatis;
1639 5470 1800 5524 talem
1865 5479 2049 5525 autem

473 5565 776 5629 hominem,
805 5571 862 5618 et
895 5563 986 5618 tali
1025 5565 1272 5628 unitum;
1311 5571 1365 5618 et
1398 5563 1566 5617 alium
1613 5560 1893 5616 Christum
1938 5577 2051 5616 an-

471 5655 760 5723 nuntiatis,
797 5656 1037 5726 quivere
1058 5656 1226 5709 Filius
1241 5655 1333 5719 sit,
1353 5653 1446 5724 qui
1476 5654 1529 5708 in
1547 5653 1782 5709 Jordane
1815 5653 2053 5708 testimo-

473 5751 627 5809 nium
661 5747 972 5818 acceperit;
1011 5746 1106 5817 qui
1140 5746 1433 5802 visibiliter
1453 5745 1761 5816 baptizatus
1785 5745 1877 5800 sit.
1897 5745 2051 5802 Unus

471 5842 621 5902 enim
646 5848 856 5895 tantum
877 5837 1165 5894 evidenter
1187 5853 1217 5892 a
1239 5838 1398 5894 Patre
1424 5839 1795 5894 testimonium
1817 5839 2050 5911 accepit,

459 5947 602 5998 sum
645 5930 756 5988 duo
787 5930 898 5987 sint
936 5939 992 5986 et
1022 5927 1362 5994 diﬂ‘crentes,
1409 5927 1785 5986 verisimiliter
1817 5945 1985 5986 unum
2019 5945 2049 5986 e

2150 4734 2358 4806 Πέτρος
2391 4731 2487 4788 καὶ.
2515 4731 2748 4794 Παῦλος,
2783 4730 2917 4784 ἀλλὰ
2944 4731 3056 4795 δύο,
3089 4731 3358 4804 ἀνομοὶως
3387 4730 3723 4804 παρεϐάλετε

2149 4825 2286 4898 πρὸς
2319 4825 2542 4893 ἔνδειξιν
2569 4823 2818 4878 τοῦεῐτι
2839 4825 3024 4897 ἕτερόν
3045 4827 3184 4889 ἐστι,
3215 4826 3432 4888 πάντως
3460 4824 3723 4879 καθ’ύπό-

2150 4935 2340 4972 στασιν
2371 4913 2512 4971 εἶναι
2555 4917 2740 4996 ἕτερον
2775 4915 2967 4988 ἐτέρου
2995 4955 3010 4980 ,
3043 4918 3153 4971 εἴτε
3194 4918 3340 4973 κατά
3372 4919 3533 4989 φύσιν
3574 4919 3720 4971 ἐστὶν

2148 5010 2358 5082 ἕτερον,
2391 5008 2503 5062 εἴτε
2529 5009 2622 5062 καὶ
2647 5008 2721 5080 μὴ
2749 5008 2918 5062 ἔστιν.
2959 5010 3019 5061 Ei
3051 5006 3143 5062 οὖν
3173 5011 3282 5082 ἄρα
3315 5011 3406 5064 δύο
3429 5011 3550 5075 τοὺς
3589 5012 3719 5080 Χρι-

2151 5104 2332 5164 στοὺς,
2368 5100 2463 5153 δύο
2501 5099 2559 5154 δὲ
2589 5101 2716 5164 τοὺς
2751 5100 2934 5165 Υῐοὺς,
2967 5102 3060 5155 καὶ
3089 5101 3182 5155 δύο
3215 5103 3342 5165 τοὺς
3377 5103 3611 5174 κυρίους
3636 5103 3717 5155 69-

2151 5195 2404 5262 ξάζοντες
2429 5192 2607 5248 ταῦτά
2635 5210 2793 5262 φατε,
2813 5193 3128 5248 καὶτούτων
3142 5194 3333 5247 οὐδένα
3350 5194 3715 5264 ἀναληφθέντα

2153 5287 2242 5357 ὑφ’
2281 5287 2492 5360 ἑτέρου,
2520 5285 2634 5339 ἀλλ’
2665 5285 2740 5350 ὡς
2763 5285 2976 5339 Παῦλον
3016 5287 3224 5358 Πέτρου
3264 5287 3669 5360 διακεκριμένον
3692 5326 3710 5349 ,

2153 5379 2251 5450 ὀψέ
2285 5397 2416 5434 ποτε
2461 5379 2522 5432 τδ
2566 5381 2664 5448 τῆς
2704 5379 2958 5442 ἀσεϐείας
2993 5379 3146 5450 ὑμῶν
3174 5380 3418 5452 κρυπτὸν
3448 5379 3713 5434 ἀπεκαλύο

2151 5473 2288 5542 ψατε
2325 5471 2495 5542 μῦσος
2515 5486 2532 5502 °
2556 5475 2709 5525 ποῖον
2739 5468 2834 5526 οῦν
2867 5472 2956 5525 τὸν
2984 5471 3138 5535 Θεὸν,
3165 5473 3260 5526 καὶ
3289 5473 3394 5526 τίνι
3437 5472 3710 5545 χρισθέντα

2153 5562 2244 5616 τὸν
2273 5561 2368 5614 ἕνα
2399 5563 2638 5634 Χριστὸν
2665 5556 2808 5615 εἶναι
2829 5560 3077 5631 νομιζετε
3099 5578 3114 5593 ο
3140 5565 3290 5616 ποῖον
3311 5563 3369 5616 δὲ
3392 5563 3483 5617 τὸν
3515 5564 3713 5633 ἄνθρω-

2155 5673 2290 5716 πον,
2347 5656 2441 5707 καὶ
2485 5653 2589 5707 τίνι
2637 5654 2928 5724 χριόμενον
2957 5669 2973 5685 ο
3021 5653 3115 5706 καὶ
3153 5654 3248 5708 τὸν
3293 5655 3452 5708 ἀλλον
3486 5655 3714 5725 Χριστόν

2153 5746 2560 5816 ἁπαγγείλατει
2604 5747 2757 5800 ποῖόν
2799 5764 2858 5800 τε
2895 5746 2987 5800 τὸν
3020 5746 3096 5811 ὡς
3121 5747 3336 5820 ἀληθῶς
3385 5749 3510 5802 Υἱδν
3561 5745 3711 5813 εἶναι,

2151 5840 2243 5892 τὸν
2271 5841 2328 5892 ὲν
2368 5837 2607 5909 Ἰορδάνῃ
2632 5836 3077 5910 μαρτυρούμενον
3099 5855 3114 5869 ·
3137 5837 3229 5890 καὶ
3251 5840 3403 5891 ποῖον
3429 5838 3519 5890 τὸν
3536 5835 3713 5904 αἰσθη-

2153 5930 2261 5995 τῶς
2291 5926 2707 6001 βαπτιζόμενον.
2756 5928 2817 5984 Ὀ
2860 5928 2970 6002 γὰρ
3009 5923 3090 5993 εἷς
3117 5930 3278 6000 μόνος
3302 5928 3586 5992 δεικτικῶς
3616 5926 3713 5981 ὑπὸ
