4032 6548
302 393 440 463 1557

1261 400 1660 465 ADVERSUS
1703 395 2342 462 NESTORIANOS.—
2368 400 2518 462 LIB.
2559 400 2642 464 II.
2672 447 2679 453 .

3434 401 3574 468 1558
3643 439 3647 443 -

303 512 404 566 τοῦ
433 510 649 582 Πατρδς
677 512 1149 586 μαρτυρούμενος,
1168 512 1260 568 δύο
1276 515 1447 569 ὄντων
1476 515 1571 568 καὶ
1590 512 1881 585 διαφόρων,
1913 564 1915 570 λ

2020 513 2165 577 'iliis,
2199 529 2339 586 quos
2366 515 2571 580 dicitis,
2603 514 2949 572 autChristis
2966 514 3256 588 adjicietis,
3285 524 3381 571 aut
3405 514 3576 588 igitur

298 602 529 669 εἰκότως
548 602 645 656 τὸν
662 604 761 657 ἕνα
788 603 897 657 τῶν
927 604 1052 658 καθ’
1084 605 1230 676 ὑμᾶς
1264 597 1410 659 Υἰῶν
1433 606 1467 676 ἢ
1490 604 1745 675 Χριστῶν
1774 620 1886 656 παο

302 694 652 766 ραγράψετε·
684 696 717 767 ἢ
749 695 843 750 οὖν
891 695 983 750 τὸν
1032 696 1430 768 βαπτιζόμενον
1476 698 1539 751 τὸ
1580 695 1887 763 τηνικαῦτα

298 787 517 858 ὁρατὸν,
547 787 581 859 ἥ
611 788 705 843 τὸν
740 790 803 841 ὲκ
831 788 928 842 τοῦ
975 789 1190 860 Πατρὸς
1231 789 1339 860 πρὸ
1374 788 1588 845 αἰώνων
1614 788 1847 861 ἀόρατον
1868 829 1883 849 .
1914 851 1925 861 υ

300 884 600 951 ἀναγκαῖον
647 881 795 953 ὑμᾶς
840 882 1290 954 παραιτήσασθαι
1329 897 1355 917 ⁸-
1401 882 1499 937 ἕνα
1548 880 1659 951 γὰρ
1720 881 1887 953 μόνον

303 973 470 1029 αὑτοῦ
498 970 637 1029 εἶναι
668 974 796 1029 Υἰόν
837 991 972 1046 φησι
1006 975 1202 1040 ἑνικῶς
1233 976 1262 1029 6
1287 975 1476 1048 Πατήρ
1504 991 1518 1007 ’
1542 973 1622 1029 ἔτι
1655 974 1762 1045 μὴν
1795 972 1891 1028 καὶ

303 1066 565 1138 αἰσθητὸν
605 1068 726 1121 ἐπεὶ
777 1067 872 1122 καὶ
916 1067 1207 1132 δεικτικῶς
1254 1068 1412 1141 ἡμῶν
1446 1067 1561 1133 τοῖς
1588 1066 1890 1138 ὀφθαλμοῖς

306 1160 543 1228 ὶμήνυεν
573 1160 602 1213 ό
624 1160 816 1232 Πατὴρ
845 1160 935 1214 τὸν
963 1161 1250 1233 ἀγαπητὸν
1272 1160 1468 1216 ἑαυτοῦ
1500 1160 1631 1214 Υἰόν
1654 1175 1668 1189 ·
1703 1160 1765 1224 ὃς
1796 1160 1893 1214 καὶ

303 1252 481 1320 Λόγος
508 1251 741 1327 ἀόρατος
767 1252 1140 1324 ὡμολόγηται.
1180 1255 1251 1308 Ἢ
1271 1254 1364 1309 οὖν
1378 1252 1579 1325 ψευδὴς
1599 1255 1633 1325 ἡ
1664 1252 1759 1308 τοῦ
1780 1254 1895 1307 Πα-

305 1344 438 1415 τρὸς
468 1346 767 1418 μαρτυρία,
818 1346 853 1418 ἢ
908 1347 1174 1419 περιδεῶς
1213 1349 1278 1403 ὲκ
1307 1346 1403 1402 τοῦ
1442 1347 1627 1417 λογίου
1668 1347 1795 1413 δόξα
1822 1347 1892 1419 ’ἢ

307 1435 476 1507 ἄμφω
498 1438 527 1490 6
552 1437 715 1504 αὐτὸς
735 1434 803 1512 ἦν
833 1443 861 1495 6
886 1440 1334 1513 μαρτυρούμενος
1352 1440 1501 1509 Υίδς,
1523 1440 1782 1513 αἰσθητὸς
1803 1440 1897 1495 καὶ

308 1528 558 1601 ἀόρατος.

918 1627 1175 1683 ΚΕΦΑΛ.
1203 1629 1303 1682 lB’.

384 1719 448 1774 Εἰ
476 1720 617 1775 κατά
654 1720 821 1790 φύσιν
874 1721 1043 1794 μηδὲν
1072 1721 1323 1794 διαφέρει
1373 1721 1435 1775 τὺ
1490 1720 1651 1794 σῶμα
1688 1720 1897 1798 Πέτρου

312 1810 410 1866 τοῦ
438 1812 694 1883 σώματος
715 1813 954 1881 Παύλου,
984 1814 1105 1878 πῶς
1134 1813 1203 1869 ἂν
1233 1814 1353 1869 καθ’
1379 1814 1679 1869 ὑπόστασιν
1698 1814 1758 1869 ού
1783 1815 1900 1869 δια-

1989 606 2327 675 baptizatum
2356 615 2412 662 et
2436 616 2567 662 tunc
2597 607 2898 675 visibilem,
2926 616 3019 664 aut
3043 624 3110 664 ex
3138 610 3301 665 Patre
3328 610 3575 681 genitum

1990 706 2115 754 ante
2148 700 2346 754 saecula
2375 699 2733 765 iuvisihilem,
2756 716 2984 757 necesse
3012 708 3096 757 est
3125 717 3225 757 vos
3254 702 3573 772 implorare.

1991 790 2172 847 Unum
2208 791 2357 846 enim
2388 792 2564 847 solum
2611 806 2771 847 suum
2819 806 2943 848 esse
2981 792 3182 848 Filium
3232 792 3395 849 unice
3439 793 3578 849 dicit

1990 883 2175 939 Pater.
2209 883 2407 939 Adhuc
2438 892 2496 939 et
2520 884 2817 940 visibiliter
2851 893 2907 941 et
2932 894 3123 957 aperte
3146 886 3355 943 nostris
3399 886 3580 944 oculis

1993 974 2257 1032 indicavit
2285 976 2449 1031 Pater
2468 975 2733 1032 dilectum
2767 991 2929 1032 suum
2971 978 3192 1040 Filium,
3223 978 3317 1049 qui
3353 986 3409 1033 et
3441 978 3579 1032 Ver-

1993 1067 2125 1124 bum
2170 1068 2447 1124 invisibile
2491 1068 2835 1139 agnoscitur.
2886 1070 3029 1141 Ergo
3072 1078 3169 1125 aut
3213 1070 3448 1125 mendax
3493 1080 3593 1126 est.

1992 1158 2173 1214 Patris
2202 1158 2601 1226 testimonium,
2627 1159 2714 1215 vel
2745 1174 2778 1216 e
2817 1159 3092 1229 stupendo
3119 1160 3344 1215 oraculo
3374 1159 3581 1231 gloriﬁ-

1994 1250 2169 1316 catio;
2203 1259 2300 1306 aut
2328 1259 2561 1321 uterque
2588 1250 2735 1307 idem
2760 1259 2846 1307 est
2873 1251 3046 1307 Filius
3080 1251 3458 1308 testimonium
3487 1265 3583 1307 ac.

1994 1342 2227 1414 cipiens,
2256 1342 2534 1400 sensibilis
2564 1350 2621 1400 et
2649 1342 2905 1400 visibilis.

2633 1610 2786 1669 CAP.
2828 1610 2948 1668 ΧΠ.

2070 1703 2128 1761 Si
2160 1704 2465 1760 secundum
2518 1710 2770 1758 naturam
2818 1703 2956 1757 nihil
2988 1702 3176 1759 diﬂ‘ert
3204 1704 3351 1760 Petri
3386 1719 3590 1777 corpus

2003 1811 2034 1851 a
2060 1811 2291 1867 corpore
2320 1795 2494 1860 Pauli,
2528 1795 2807 1865 quomodo
2837 1795 3141 1851 secundum
3174 1796 3589 1852 subsistentiam

314 1879 605 1975 (pependi!
632 1905 691 1959 δι
730 1906 866 1978 μηδὲ
904 1879 1026 1961 καθ’
1072 1906 1372 1962 ὑπόστασιν
1421 1907 1718 1979 διαφέρει,
1750 1907 1811 1961 τδ
1841 1906 1899 1961 δὲ

2020 1906 2112 1945 ton
2141 1889 2423 1945 differret?
2451 1889 2537 1945 sin
2568 1899 2752 1944 autem
2785 1904 2894 1944 non
2931 1889 3237 1945 seeUndum
3281 1891 3591 1946 subsisten-

318 1997 461 2068 μήτε
490 2000 558 2070 τῇ
585 1998 769 2067 φύσει,
807 1998 948 2069 μήτε
977 2001 1045 2070 τῇ
1070 1999 1370 2054 ὑποστάσει
1392 1999 1672 2069 διαφέρον,
1704 1998 1900 2053 ταυτὸν

314 2090 385 2146 ἃν
413 2091 500 2161 εἴη
525 2091 667 2145 κατὰ
688 2091 887 2157 πάντα,
913 2089 1033 2155 πῶς
1056 2091 1157 2145 οὐκ
1189 2090 1340 2144 ἔσται
1374 2089 1582 2161 Πέτρου
1616 2089 1711 2144 καὶ
1754 2088 1903 2143 Παύ-

312 2182 435 2247 λου,
469 2181 528 2237 ἓν
556 2181 617 2237 τὸ
642 2181 802 2253 σῶμα
827 2184 920 2236 καὶ
953 2181 1151 2236 ταυτὸν
1180 2181 1322 2235 κατὰ
1348 2181 1528 2237 πάντα
1552 2219 1568 2244 ,
1604 2181 1745 2254 ὅπερ
1773 2180 1904 2236 ἀδύ-

313 2290 506 2342 νατονς
552 2274 714 2328 Ἀλλὰ
742 2274 961 2345 πρῶτον
997 2274 1095 2345 μὲν
1135 2274 1230 2328 καλ⁵
1278 2272 1440 2344 σῶμα
1489 2271 1744 2341 σώματος
1784 2273 1903 2327 δια-

317 2366 479 2439 φέρει
515 2365 660 2420 κατὰ
691 2365 853 2437 φύσιν
885 2366 982 2436 τὴν
1010 2365 1167 2431 ἰδίαν,
1196 2359 1265 2438 ἦς
1301 2364 1396 2420 νῦν
1435 2366 1534 2439 τὴν
1564 2364 1749 2437 κοινὴν
1771 2367 1905 2437 ἡμῖν

316 2458 751 2530 ἀντεισηγάγετε
782 2458 832 2513 οἰ
848 2457 1088 2511 τοσαῦτα
1106 2458 1211 2528 πρὸ
1229 2457 1460 2529 βραχέος
1480 2459 1593 2520 τοῖς
1622 2457 1905 2526 εἰσάγουσι

321 2547 423 2620 τὴν
474 2548 663 2619 κοινὴν
702 2547 867 2620 φύσιν
897 2549 991 2602 ἐπὶ
1029 2546 1124 2602 τοῦ
1168 2546 1459 2618 ἀνθρώπου
1517 2546 1905 2616 καταχέαντες.

321 2642 400 2697 Οὐ
427 2643 537 2714 γὰρ
552 2642 773 2707 ταυτὸν,
803 2640 928 2695 οὕτε
956 2640 1035 2712 τῷ
1065 2639 1308 2714 ἀριθμῷ,
1335 2637 1459 2693 οὔτε
1485 2638 1633 2709 πάσῃ
1663 2638 1908 2709 ποιότητι

322 2737 531 2806 φυσικῇ
550 2737 661 2789 πᾶν
688 2734 851 2805 σῶμα
879 2750 892 2762 ·
921 2733 1082 2804 εἴπερ
1123 2733 1199 2803 μὴ
1229 2729 1424 2786 ταυτὸν
1474 2733 1537 2802 τῇ
1571 2730 1731 2800 φύσει
1778 2730 1913 2801 μηδὲ

319 2829 433 2890 πᾶς
459 2826 611 2891 λίθος
632 2825 729 2879 καὶ
760 2825 930 2895 φυτὸν
952 2825 1048 2879 καὶ
1072 2824 1142 2879 τὰ
1169 2824 1336 2879 λοιπά
1357 2840 1372 2854 ⁸
1399 2822 1497 2877 καὶ
1530 2826 1637 2894 γὰρ
1665 2821 1913 2893 ἀλλήλων

322 2918 601 2991 φθαρτικὰ
622 2918 793 2973 πολλὰ
818 2919 961 2989 φυτά
991 2918 1088 2973 καὶ
1124 2917 1263 2971 λίθοι
1295 2933 1310 2949 ο
1346 2917 1442 2972 καὶ
1468 2918 1619 2987 ὅμως
1642 2913 1782 2967 λίθοι
1818 2912 1915 2967 καὶ

324 3012 499 3081 φυτά’
540 3010 663 3066 οὕτε
692 3012 801 3083 γὰρ
843 3013 996 3066 πᾶσα
1034 3010 1170 3082 σὰρξ
1202 3012 1235 3081 ἡ
1263 3009 1403 3080 αὑτὴ
1433 3006 1608 3079 σάρξ·
1635 3008 1750 3062 ἀλλ’
1780 3007 1913 3078 άλλη

325 3105 429 3176 μὲν
461 3104 750 3171 πετεινῶν,
780 3104 916 3175 ἄλλη
945 3104 1002 3159 δὲ
1030 3102 1231 3175 ἰχθύων
1261 3102 1357 3156 καὶ
1385 3101 1650 3173 ἑρπετῶν,
1684 3101 1781 3154 καὶ
1809 3097 1914 3153 σώο

2005 1983 2136 2039 tiam
2174 1982 2380 2048 diﬂert,
2426 1992 2483 2038 et
2532 1984 2678 2054 quod
2720 1999 2900 2054 neque
2933 1994 3152 2050 natura,
3192 1999 3373 2055 neque
3404 1985 3590 2039 subsi-

2003 2076 2206 2131 stentia
2253 2075 2517 2131 ditierens
2541 2083 2655 2141 est,
2708 2075 2854 2131 idem
2906 2076 3326 2133 sitsecundum
3374 2075 3590 2139 omnia,

2004 2166 2284 2237 quomodo
2328 2182 2439 2222 non
2481 2167 2587 2223 erit
2615 2156 2762 2223 Petri
2794 2178 2851 2223 et
2882 2168 3035 2224 Pauli
3085 2185 3256 2223 unum
3304 2183 3508 2239 corpus
3539 2177 3595 2224 et

2006 2258 2152 2314 idem
2195 2260 2500 2314 secundum
2550 2261 2757 2325 omnia,
2787 2262 2936 2331 quod
2987 2262 3328 2333 impossibile
3356 2262 3475 2318 est?
3499 2262 3595 2317 sed

2006 2353 2245 2423 primum
2272 2353 2496 2425 quidem
2520 2369 2722 2425 corpus
2751 2370 2782 2409 a
2810 2370 3042 2425 corpore
3073 2355 3259 2410 differt
3290 2354 3599 2411 secundum

2008 2456 2262 2501 naturam
2298 2447 2710 2517 particularem,
2742 2448 2833 2504 cui
2874 2465 3023 2505 nunc
3051 2464 3402 2504 communem
3434 2448 3601 2504 nobis

2009 2547 2261 2593 naturam
2296 2539 2590 2605 confertis,
2623 2557 2759 2597 cum
2796 2542 2961 2613 paulo
3010 2551 3137 2597 ante
3183 2542 3311 2597 talia
3351 2541 3602 2613 iactastis

2011 2629 2174 2684 nobis
2196 2630 2590 2687 inducentibus
2610 2648 2961 2688 communem
2986 2641 3241 2689 naturam
3270 2633 3326 2687 in
3350 2632 3600 2687 homine.

2013 2721 2134 2776 Non
2176 2723 2323 2778 enim
2379 2724 2523 2779 idem
2571 2735 2676 2789 est,
2725 2741 2907 2796 neque
2956 2742 3213 2793 numero,
3258 2742 3441 2797 neque
3490 2735 3603 2783 tota

2016 2826 2292 2873 Structura
2322 2833 2484 2874 omne
2510 2835 2741 2890 corpus;
2772 2820 3049 2890 siquidem
3086 2836 3195 2875 non
3224 2821 3367 2876 idem
3394 2830 3479 2876 est
3510 2838 3607 2878 na-

2017 2916 2141 2963 tura
2165 2924 2345 2979 neque
2373 2910 2513 2979 lapis
2540 2926 2719 2981 neque
2754 2911 2959 2982 planta,
2992 2920 3147 2967 etc...
3174 2912 3390 2967 Etenim
3421 2912 3607 2968 multae

2017 3002 2254 3057 invicem
2306 3017 2364 3058 se
2398 3003 2694 3057 destruunt
2729 3005 2929 3074 planta:
2972 3013 3029 3059 et
3081 3004 3318 3076 lapides,
3367 3012 3425 3060 et
3474 3003 3607 3060 item

2018 3093 2232 3163 lapides
2268 3105 2322 3149 et
2357 3094 2588 3164 plantae;
2633 3116 2651 3148 ι
2686 3096 2875 3166 Neque
2916 3096 3063 3152 enim
3111 3097 3292 3152 omnis
3340 3111 3469 3153 caro
3512 3112 3607 3153 ea-

327 3215 479 3269 ματα
504 3197 746 3266 ἐπίγεια,
783 3198 877 3251 καὶ
904 3196 1135 3267 σώματα
1161 3195 1461 3268 ἐπουράνια
1493 3208 1508 3253 τ
1541 3194 1643 3247 οὐκ
1676 3194 1783 3261 ἄρα
1820 3187 1915 3246 οὖν

2020 3188 2145 3242 dem
2174 3203 2322 3251 caro,
2357 3189 2452 3243 sed
2495 3189 2601 3243 alia
2642 3189 2865 3260 quidem
2897 3190 3204 3256 volucrum,
3232 3191 3334 3246 alia
3365 3207 3498 3247 vero
3520 3192 3611 3263 pi-

324 3291 415 3345 διὰ
441 3290 501 3345 τδ
526 3290 784 3362 διάφορον
815 3290 918 3361 τῆς
953 3290 1171 3358 φύσεως
1191 3329 1206 3354 ,
1239 3286 1456 3357 ἀνάγκη
1493 3285 1755 3357 διαφόρου
1784 3284 1917 3338 ὑπο-

327 3385 574 3448 στάσεως
596 3384 781 3448 αὐτοίς
811 3383 892 3447 εἰς
915 3382 1191 3454 διάκρισιν
1210 3398 1223 3411 ⁸
1271 3380 1352 3435 ἔτι
1386 3380 1493 3453 μὴν
1515 3380 1563 3433 εἰ
1599 3379 1717 3434 τόδε
1747 3379 1919 3433 αἴτιον

328 3479 432 3548 τῆς
451 3477 642 3549 χρείας
671 3476 780 3531 τῶν
838 3475 1195 3531 ὑποστάσεων
1256 3474 1316 3528 ὲν
1363 3470 1606 3543 Χριστῷ,
1642 3471 1922 3543 διαφόρων

329 3569 510 3625 οὐσῶν
539 3570 648 3625 τῶν
682 3569 900 3639 φύσεων
930 3609 945 3634 ,
988 3567 1306 3637 ἀναγκαίως
1337 3566 1438 3621 οὐκ
1480 3565 1635 3621 ἔσται
1689 3565 1923 3638 διαφορὰ

334 3663 713 3719 ὑποστάσεων.
759 3663 909 3734 Πλὴν
959 3661 1196 3716 δεδόσθω
1255 3660 1387 3731 ὑμῖν
1437 3658 1561 3714 καθ’
1619 3658 1923 3712 ὑπόστασιν

333 3757 556 3821 πάντως
600 3754 883 3827 διαφέρειν
912 3771 927 3786 ·
969 3755 1082 3808 εἴτε
1125 3752 1378 3825 διαφέροι
1417 3752 1560 3808 κατὰ
1601 3749 1767 3821 φύσιν
1811 3750 1923 3804 εἰτε

334 3849 432 3902 καὶ
484 3847 560 3921 μὴ
611 3849 792 3901 πάντα
817 3846 890 3902 τὰ
927 3846 1158 3917 σώματα
1181 3860 1193 3875 ·
1232 3845 1369 3899 ἀλλά
1402 3844 1562 3915 δῆλον
1590 3884 1603 3908 ,
1634 3844 1710 3908 ὼς
1735 3842 1805 3897 τὰ
1849 3842 1924 3915 μὴ

334 3943 594 4014 ἡνωμένα
628 3941 882 4013 ἀλλήλοις
912 3955 927 3970 ’
962 3940 1023 3994 ού
1072 3940 1181 4014 γὰρ
1233 3939 1328 3993 καὶ
1367 3940 1425 3992 ὲν
1462 3937 1542 4010 τῷ
1589 3937 1779 4010 μύδρῳ
1806 3936 1926 3992 διά,

336 4050 503 4106 φοροι
532 4023 865 4096 ὑποστάσεις
894 4031 1131 4103 ὁρῶνται
1157 4047 1171 4062 ·
1200 4031 1295 4084 καὶ
1316 4030 1410 4084 ἐπὶ
1438 4030 1530 4084 τοῦ
1560 4029 1767 4102 Κυρίου
1795 4028 1924 4101 ἄρα,

337 4131 389 4183 εί
429 4128 528 4200 μὲν
566 4128 735 4200 χωρὶς
763 4126 1009 4190 ὲνώσεως
1044 4125 1223 4179 αὑτῶν
1254 4142 1438 4204 φαμεν
1478 4123 1547 4179 τὰ
1583 4124 1705 4178 κατ’
1739 4122 1924 4185 αὐτὸν,

334 4222 508 4286 ὅντως
531 4220 652 4275 δέον
679 4220 711 4292 ἦ
740 4220 836 4275 καὶ
860 4218 1078 4289 φύσεων
1106 4220 1199 4274 καὶ
1224 4218 1580 4273 ὑποστάσεων
1603 4215 1803 4271 εἰδέναι
1828 4214 1927 4285 τὴν

335 4314 622 4386 διαφορὰν,
654 4312 688 4385 ἢ
731 4312 951 4376 πάντως
975 4329 1038 4381 γε
1072 4312 1182 4365 τῶν
1218 4312 1594 4367 ὑποστάσεων.
1641 4308 1750 4363 Καὶ
1768 4308 1929 4363 τοῦτο

336 4408 397 4462 δὲ
420 4408 581 4478 δῆλον
601 4407 683 4461 ὅτι
712 4408 761 4461 εἰ
784 4406 874 4480 μὴ
902 4401 971 4478 ἦν
999 4406 1116 4461 τῶν.
1146 4405 1363 4477 φύσεων
1398 4405 1673 4478 ἐξαλλαγὴ
1711 4420 1727 4437 ο
1772 4404 1822 4458 εἰ
1867 4403 1925 4456 δὲ

340 4503 436 4558 καὶ
462 4501 605 4557 κατὰ
626 4499 791 4571 φύσιν
814 4500 1184 4572 διαφερόντων
1214 4499 1374 4553 τινῶν
1400 4500 1457 4553 ἐν
1482 4498 1634 4570 αὐτῷ
1671 4498 1769 4553 καὶ
1792 4497 1928 4551 ἔνω-

254 4666 255 4669 η
342 4613 429 4649 σιν
454 4594 852 4667 ὁμολογοῦμεν,
890 4595 939 4648 εἰ
967 4594 1065 4648 καὶ
1094 4592 1399 4664 ἁσύγχυτον
1419 4634 1433 4658 ,
1463 4592 1546 4655 τίς
1573 4593 1607 4662 ἡ
1640 4591 1800 4661 χρεία
1834 4588 1929 4644 δύο

342 4691 698 4747 ὑποστάσεων
724 4708 739 4759 ;
768 4690 884 4745 ἀλλ’
914 4690 1091 4754 οὕτως
1130 4689 1229 4759 μὲν
1248 4688 1396 4742 τάδε.
1430 4686 1540 4740 Ποῦ
1575 4685 1633 4740 δὲ
1655 4687 1805 4755 ὅμως
1820 4683 1930 4739 τινὶ

339 4786 554 4841 δέδοται
592 4786 689 4840 καὶ
725 4784 789 4839 τὸ
837 4783 998 4854 σῶμα
1051 4781 1264 4836 Παύλου
1290 4779 1531 4851 ἡνῶσθαι
1563 4778 1702 4848 πρὸς
1731 4777 1795 4830 τὸ
1824 4776 1925 4829 Πέ-

338 4896 498 4950 τρου,
516 4878 603 4933 ἵνα
631 4877 692 4930 τὸ
719 4878 905 4948 ὅμοιον
924 4876 1025 4949 Em
1042 4874 1166 4928 τάδε
1201 4873 1336 4946 πρὸς
1362 4872 1460 4944 τὴν
1486 4870 1773 4943 Κυριακὴν
1797 4871 1931 4923 ἕνω-

343 4987 470 5036 σιν,
497 4970 663 5043 ἡνίκα
690 4973 717 5025 6
753 4972 850 5042 μὲν
882 4970 1091 5037 τοῖςέκ
1138 4966 1446 5039 περιτομῆς
1488 4967 1545 5019 ὲν
1595 4967 1660 5035 τῇ
1699 4962 1934 5032 Ἰουδαίᾳ

343 5065 441 5119 καὶ
472 5064 828 5135 Παλαιστίνῃ,
888 5065 916 5117 6
947 5064 1004 5117 δὲ
1036 5066 1150 5126 τοῖς
1200 5063 1257 5113 ἐν
1314 5057 1564 5130 Κορίνθῳ
1616 5055 1794 5109 ἔθνεσι
1838 5054 1935 5107 καὶ

356 5154 555 5229 Ἀχαΐᾳ
584 5156 679 5209 καὶ
709 5155 1026 5227 Μακεδονία
1058 5150 1448 5222 συνηυλίζετο;
1482 5149 1556 5202 Οὐ
1599 5148 1706 5219 γὰρ
1744 5145 1932 5201 τοιαύ-

344 5263 447 5317 την
474 5245 659 5314 δεξιὰν
682 5246 974 5308 κοινωνίας
1008 5244 1144 5318 πρὸς
1168 5243 1266 5315 τὴν
1295 5241 1473 5309 σάρκα
1498 5238 1795 5293 δεδωκέναι
1827 5254 1932 5307 φα-

350 5338 451 5409 μὲν
470 5338 561 5392 τὸν
588 5337 784 5406 Λόγον,
807 5338 923 5391 οἵαν
956 5336 1165 5408 Πέτρος
1187 5332 1582 5405 ἀφοριζόμενος
1603 5330 1683 5395 εἰς
1705 5328 1804 5401 τὴν
1831 5345 1933 5382 πε-

349 5429 603 5503 ριτομὴν,
631 5429 738 5501 1τῷ
768 5429 968 5500 Παύλῳ
1001 5426 1457 5498 άποστελλομένῳ
1491 5423 1629 5496 πρὸς
1671 5421 1740 5476 τὰ
1779 5421 1929 5493 ἔθνη.

360 5522 507 5577 Ἀλλ’
544 5523 746 5578 ἕνωσιν
791 5523 966 5593 ἁληθῆ
1021 5519 1359 5593 πιστεύομεν
1385 5558 1401 5583 ,
1456 5515 1554 5571 καί¹
1585 5514 1937 5595 ¹συνύπαρξιν

348 5616 532 5673 αὐτῶν
562 5619 642 5683 εἰς
669 5618 798 5682 τοὺς
832 5603 963 5688 ἑξῆς
997 5615 1200 5680 αἰῶνας
1258 5611 1497 5685 φυσικὴν
1542 5610 1609 5664 δι’
1644 5610 1939 5664 ὑποστατι-

353 5708 459 5780 κῆς
487 5708 737 5774 ὲνὼσεως
771 5727 784 5741 ·
817 5712 868 5764 εἰ
892 5711 988 5764 καὶ
1018 5708 1225 5780 ταύτην
1264 5707 1425 5779 ὑμεῖς
1470 5702 1721 5777 φανερῶς
1765 5705 1941 5772 ἀπηρ·

356 5802 618 5871 νήσασθε,
636 5803 733 5857 καὶ
760 5802 913 5857 οὐδὲν
942 5804 1161 5867 ἑαυτοῖς
1182 5801 1435 5871 λείψανον
1468 5798 1564 5871 τῆς
1593 5793 1940 5868 Χριστιανῶν

431 5923 452 5955 ⁸
490 5921 662 5979 lCor.
705 5939 791 5984 xv,
833 5923 921 5978 '59.

2021 3281 2196 3337 scium
2232 3290 2288 3335 et
2317 3281 2692 3352 serpentium;
2724 3291 2779 3337 et
2820 3297 3065 3353 corpora.
3086 3285 3368 3347 terrestria
3401 3291 3457 3339 et
3486 3299 3619 3339 cor...

2023 3388 2155 3444 pora
2203 3375 2449 3429 cmlestia
2484 3376 2527 3431 ".
2573 3395 2590 3425 ι
2622 3374 2744 3431 Non
2774 3376 2945 3447 igitur
2973 3393 3072 3447 per
3104 3386 3317 3433 natura:
3347 3378 3613 3434 diﬂ'cren-

2024 3466 2178 3530 tiam,
2210 3468 2514 3523 necessitas
2545 3467 2657 3523 illis
2688 3476 2771 3523 est
2794 3469 3105 3524 differentis
3143 3471 3519 3526 subsistentia:
3542 3471 3611 3527 ad

2024 3558 2460 3615 distinctionem.
2510 3559 2647 3625 Imo,
2675 3559 2721 3615 si
2745 3560 2861 3616 haec
2906 3568 2992 3617 est
3037 3577 3201 3617 causa
3246 3579 3347 3618 cur
3378 3579 3519 3634 opus
3543 3561 3616 3619 sit

2024 3653 2399 3709 subsistentiis
2428 3654 2485 3709 in
2514 3653 2753 3719 Christo,
2788 3670 2912 3709 cum
2942 3653 3270 3711 diderentiae
3303 3655 3416 3712 sint
3457 3665 3617 3711 natu-

2027 3763 2138 3812 rte,
2186 3746 2501 3804 necessario
2551 3763 2664 3804 non
2701 3747 2810 3803 erit
2861 3747 3178 3804 differentia
3227 3749 3616 3805 subsistentia-

2024 3853 2172 3893 rum.
2220 3837 2613 3893 Verumtamen
2681 3838 3022 3893 concedatur
3078 3839 3237 3893 vobis
3305 3839 3614 3896 secundum

2027 3928 2442 3985 subsistentiam
2492 3918 2734 3985 totaliter
2776 3911 3021 3995 diﬂ'e'rre,
3069 3930 3185 3985 sive
3229 3930 3490 3987 diﬂerant
3533 3947 3622 3987 se-

2028 4024 2271 4080 cundum
2313 4034 2590 4090 naturam,
2635 4027 2751 4081 sive
2799 4041 2931 4089 non,
2971 4026 3155 4081 omnia
3204 4041 3460 4097 corpora.
3512 4026 3621 4083 Sed

2028 4117 2259 4173 evidens
2293 4126 2381 4173 est
2411 4118 2503 4172 illa
2540 4133 2651 4173 non
2684 4134 2807 4174 esse
2842 4119 2997 4175 unita
3029 4119 3137 4175 alia
3163 4135 3290 4175 cum
3319 4119 3481 4186 aliis;
3511 4136 3623 4175 non

2029 4209 2177 4265 enim
2200 4210 2256 4265 in
2278 4209 2428 4266 ferro
2449 4210 2721 4266 candente
2755 4210 3076 4267 differentes
3105 4212 3480 4273 subsistentize
3505 4228 3626 4267 cer-

2030 4310 2261 4358 nuntur.
2296 4301 2371 4356 Et‘
2394 4302 2452 4355 in
2487 4301 2721 4356 Domino
2762 4301 2949 4373 igitur,
2983 4302 3029 4357 si
3079 4301 3146 4357 de
3192 4302 3343 4357 illius
3372 4303 3627 4374 proprie-

2034 4394 2242 4450 tatibus
2286 4393 2406 4449 sine
2447 4394 2652 4450 unione
2700 4395 3003 4466 loquimur,
3049 4394 3230 4466 reipsa
3265 4403 3486 4465 oportet
3531 4402 3629 4449 aut

2033 4496 2358 4544 naturarum
2385 4496 2440 4541 et
2464 4487 2946 4542 subsistentiarum
2970 4502 3201 4542 noscere
3226 4484 3623 4552 ditl‘erentiam,

1962 4573 2007 4633 D
2036 4588 2132 4636 aut
2151 4579 2379 4636 omnino
2401 4579 2918 4645 subsistentiarum;
2942 4588 2998 4634 et
3021 4580 3124 4633 hoc
3143 4587 3226 4633 cst
3248 4579 3628 4648 perspicuum,

2037 4674 2145 4729 nisi
2172 4681 2320 4729 esset
2356 4681 2681 4729 naturarum
2717 4673 3125 4728 transmutatio.
3154 4673 3210 4726 Si
3242 4679 3425 4726 autem
3471 4671 3631 4727 dilI'e-

2039 4766 2279 4821 rentium
2326 4765 2380 4821 in
2415 4766 2510 4820 illo
2555 4764 2923 4836 quorumdam
2960 4765 3221 4820 unionem
3248 4763 3627 4832 admittimus,

2041 4859 2292 4931 quamvis
2344 4858 2712 4924 inconfusam,
2759 4874 2880 4930 quae
2922 4860 3227 4915 necessitas
3256 4858 3365 4916 erit
3396 4858 3630 4913 duarum

2042 4953 2679 5029 subsistentiarum?scd
2710 4952 2783 5007 ita
2800 4952 3023 5023 quidem
3051 4952 3207 5019 haec;
3238 4952 3515 5025 quomodo
3529 4967 3632 5006 au-

2046 5055 2155 5101 tem
2184 5046 2347 5101 simul
2376 5044 2733 5101 contenditur
2760 5044 2828 5099 ab
2861 5044 3046 5117 aliquo
3072 5059 3276 5115 corpus
3301 5042 3449 5099 Petri
3482 5042 3632 5098 uniri

2042 5137 2262 5209 corpori
2301 5137 2491 5203 Pauli,
2534 5146 2595 5193 ut
2632 5137 2839 5208 aliquid
2886 5138 3088 5194 habeat
3123 5137 3299 5215 simile
3333 5135 3634 5193 Dominicm

2045 5229 2287 5297 unionis,
2327 5246 2455 5286 cum
2503 5230 2593 5286 ille
2641 5232 2894 5302 regiones
2918 5222 2991 5285 'iu
3046 5229 3283 5285 circuitu
3336 5229 3481 5285 circa
3533 5228 3633 5286 Ju-

2042 5324 2215 5379 daaam
2240 5320 2299 5381 et
2326 5323 2691 5388 Palaestinam,
2721 5324 2811 5379 hic
2831 5339 2961 5379 vero
2989 5323 3340 5388 Corinthum,
3370 5321 3633 5378 Achaiam

2042 5427 2098 5472 et
2149 5416 2523 5482 Macedoniam
2580 5416 2879 5472 incoleret?
2929 5432 3039 5471 non
3090 5416 3241 5472 enim
3293 5416 3400 5471 tale
3453 5416 3636 5472 fmdus

2047 5509 2463 5570 communitatis
2492 5510 2644 5565 carni
2675 5508 2894 5565 dedisse
2916 5509 3157 5565 Verbum
3183 5507 3442 5575 dicimus,
3472 5507 3634 5579 quale

2048 5604 2244 5659 Petrus
2291 5585 2576 5673 separatus
2626 5600 2682 5656 in
2735 5601 3065 5669 circuitum,
3116 5602 3287 5657 Paulo
3332 5600 3398 5657 ad
3446 5608 3638 5672 gentes

2051 5696 2249 5761 misso;
2277 5695 2371 5752 sed
2398 5696 2658 5751 unionem
2689 5709 2873 5750 veram
2900 5696 3198 5762 credimus,
3225 5703 3279 5749 et
3303 5693 3635 5750 cocxsisten-
3715 5705 3723 5712 '

2053 5791 2182 5847 tiam
2220 5790 2274 5847 in
2321 5789 2679 5861 sequentibus
2712 5791 2925 5848 szcculis
2972 5789 3277 5846 naturalem
3322 5803 3420 5859 per
3452 5785 3636 5847 subsi-
