3916 6570
426 368 668 435 1559.

1688 386 2020 451 lLBONTII
2057 364 2462 456 BYZANTINI

3533 398 3671 469 1566

417 480 1041 548 stentialemunionem.
1074 486 1131 543 Si
1172 502 1273 546 vos
1308 490 1456 548 illam
1488 500 1676 563 aperte
1707 510 1976 553 recusave

2101 501 2386 567 εὐσεϐείας
2436 505 2517 569 είς
2565 502 2661 561 τὸν
2702 505 2803 577 τῆς
2860 506 3187 580 οἰκονομίας
3238 508 3399 580 λόγον
3467 512 3673 584 ιφυλά-

418 572 564 633 ritis.
591 572 727 629 nihil
752 574 1063 631 christiana:
1096 578 1320 649 pietatis
1348 583 1620 653 reliquum
1647 580 1992 645 iurationem

417 663 813 723 incarnationis
839 666 997 722 vobis
1024 668 1159 739 ipsis
1179 673 1567 730 conservastis.

1038 782 1189 841 CAP.
1230 786 1370 843 XIII.

485 870 782 942 Postquam
813 873 1129 947 garrierunt
1161 887 1217 933 et
1253 878 1439 935 dicere
1473 881 1680 951 aliquid
1726 882 1829 937 visi
1864 896 1994 942 sunt

411 962 741 1025 astantibus,
790 960 965 1035 rogati
1009 977 1072 1019 ut
1113 968 1409 1023 ostendant
1448 978 1703 1026 naturam
1747 972 1993 1030 insubsi-

412 1063 672 1119 stentem,
711 1065 924 1127 tergum
952 1058 1199 1127 praebent
1222 1063 1513 1130 quaerenti,
1557 1062 1858 1135 dicuntque
1896 1083 1993 1123 na-

413 1152 591 1201 turam
640 1145 822 1215 reipsa
858 1162 967 1203 non
1004 1164 1125 1204 esse
1168 1150 1656 1221 insubsistentem;
1689 1155 1993 1213 subsisten-

411 1245 496 1294 tes
522 1236 669 1293 enim
697 1237 935 1294 dicimus
965 1250 1022 1297 et
1047 1256 1151 1297 nos
1185 1244 1682 1310 essentias,.aiunt.
1716 1247 1824 1303 Sed
1854 1264 1987 1313 non,

407 1325 454 1380 si
486 1326 618 1395 quid
652 1336 739 1383 est
785 1330 1128 1398 subsistens,
1178 1333 1316 1389 illud
1359 1345 1445 1391 est
1486 1337 1883 1406 subsistentia;
1928 1349 1991 1396 ut

407 1416 528 1472 sine
565 1416 735 1474 dubio
768 1435 899 1485 non,
932 1421 977 1476 si
1006 1423 1140 1492 quid
1174 1426 1489 1493 essentiale,
1523 1428 1658 1485 illud
1687 1444 1771 1486 est
1802 1448 1990 1489 essen-

337 1536 349 1549 ψ
408 1507 504 1575 tia,
538 1524 663 1564 cum
693 1521 896 1567 sanctae
934 1513 1167 1571 Triadis
1194 1517 1582 1577 subsistentias
1611 1532 1726 1579 tres
1750 1540 1871 1580 esse
1902 1526 1987 1581 di-

403 1601 603 1668 cimus,
630 1611 686 1658 et
712 1604 835 1660 illas
864 1608 1217 1675 essentiales;
1242 1619 1299 1666 et
1322 1627 1431 1667 non
1459 1612 1697 1671 dicimus
1720 1616 1773 1671 in
1808 1616 1986 1674 tribus

402 1688 781 1750 subsistentiis
830 1703 943 1750 tres
991 1697 1292 1766 cssentias,
1340 1702 1593 1770 quamvis
1632 1704 1982 1760 essentialem

400 1785 756 1859 admittentes
780 1804 1055 1859 quamque
1087 1791 1570 1850 subsistentiarum
1611 1812 1754 1853 esse.
1795 1798 1850 1855 Si
1881 1799 1984 1869 igi-

401 1884 493 1931 tur
522 1875 818 1933 dicendum
852 1887 957 1944 est‘,
989 1880 1289 1951 inquimus,
1336 1894 1447 1939 tres
1479 1886 1866 1944 subsistentias
1895 1859 1983 1947 ξε·
2014 1859 2057 1915 Β

399 1968 658 2024 sentiales
689 1969 753 2024 in'
776 1986 883 2026 una
926 1974 1183 2038 essentia,
1213 1976 1466 2045 sequitur
1492 1978 1779 2034 evidenter
1818 1992 1980 2037 natu-

401 2073 489 2113 ras
518 2075 739 2131 quoque
762 2060 1057 2118 dicendum
1080 2066 1446 2124 subsistentes
1470 2069 1609 2127 duas
1633 2071 1688 2125 in
1722 2089 1827 2127 una
1852 2075 1983 2130 sub-
2010 2142 2013 2144 η

397 2149 685 2219 sistentia;
739 2160 798 2207 et
853 2153 927 2210 ita
989 2171 1170 2226 neque
1219 2167 1469 2213 naturam
1530 2162 1979 2221 insubsistentcm

397 2238 657 2306 dicimus,
686 2257 866 2313 neque
897 2244 1034 2301 duas
1061 2246 1449 2304 subsistentias
1490 2265 1611 2305 esse
1650 2236 1789 2307 duas
1816 2262 1980 2308 natu-

399 2346 489 2388 ras
520 2332 818 2402 docemus;
874 2343 935 2391 ut
982 2352 1164 2407 neque
1213 2355 1325 2395 non
1372 2342 1695 2398 essentiales
1741 2343 1981 2403 dicimus

396 2434 597 2480 sancta:
613 2424 837 2483 .Triadis
857 2428 1262 2497 subsistentias,
1284 2448 1463 2503 neque
1488 2434 1545 2489 in
1575 2442 1684 2490 tres
1710 2437 1979 2493 essentias

396 2525 511 2574 tres
560 2517 949 2581 subsistentias
996 2521 1310 2579 dividimus.
1363 2525 1642 2593 Attamen,
1695 2527 1976 2599 inquiunt,

394 2610 617 2681 quando
642 2611 802 2673 aliter
844 2613 1081 2670 dicimus
1112 2615 1412 2673 coloratum
1457 2633 1657 2690 corpus
1690 2635 1832 2686 esse,
1863 2637 1975 2678 non

394 2699 543 2758 idem
578 2702 785 2757 scimus
810 2718 930 2759 esse
961 2719 1161 2775 corpus
1188 2721 1253 2761 ac
1285 2708 1559 2775 colorem;
1591 2725 1702 2765 non
1729 2712 1899 2778 enim,
1927 2713 1975 2769 si

391 2794 527 2865 quid
568 2795 877 2851 coloratum
910 2805 1029 2863 est,
1069 2798 1179 2868 jam
1214 2798 1268 2854 id
1314 2799 1467 2855 color
1510 2812 1594 2858 est
1632 2820 1646 2857 :
1680 2804 1760 2860 sic
1811 2805 1977 2877 igitur

392 2902 524 2955 non,
554 2888 602 2944 si
635 2888 767 2959 quid
809 2898 893 2945 est
921 2890 1249 2956 subsistens,
1276 2891 1382 2947 hoc
1408 2894 1517 2964 jam
1547 2903 1631 2952 est
1665 2897 1973 2954 subsisten-

392 2979 497 3047 tia;
530 2976 1001 3051 supervacaneum
1024 2983 1210 3055 igitur,
1237 2985 1415 3051 aiunt,
1444 2987 1591 3056 quod
1625 2989 1836 3043 diCtum
1859 2999 1971 3056 est;

389 3081 447 3127 et
474 3086 585 3128 non
613 3072 987 3129 necessarium
1025 3084 1112 3130 est
1155 3074 1388 3131 dicendo
1421 3076 1561 3133 duas
1601 3089 1848 3145 naturas,
1877 3091 1975 3139 aut

370 3162 581 3221 ambas
633 3162 1074 3233 insubsistentes,
1121 3176 1216 3222 aut
1266 3184 1429 3224 unam
1477 3184 1667 3225 earum
1701 3187 1970 3239 asserere,

388 3262 483 3313 aut
508 3255 736 3311 omnino
763 3255 901 3312 duas
931 3258 1318 3314 subsistentias
1345 3269 1490 3327 eSse,
1516 3278 1639 3317 cum
1666 3264 1973 3321 subsisten-

390 3347 465 3419 tia
500 3362 610 3402 non
641 3347 713 3403 sit
738 3348 885 3419 quod
916 3358 1001 3405 est
1029 3351 1355 3418 subsistens,
1387 3361 1447 3409 ut
1482 3355 1845 3411 ostendimus.
1879 3358 1974 3413 llla

388 3438 557 3511 igitur
602 3439 694 3496 isti
733 3441 1013 3497 auditores
1041 3442 1367 3500 deludentes
1404 3444 1685 3511 dicebant,
1717 3448 1826 3504 alte
1867 3466 1976 3505 su—

388 3531 680 3607 percilium
728 3544 1002 3605 gerentes,
1049 3542 1106 3591 et
1153 3536 1226 3590 ob
1280 3546 1391 3592 tam
1439 3537 1714 3595 mirabilia
1762 3540 1975 3610 seipsos

386 3623 1163 3696 Cherubimxannumerantcs.
1193 3628 1329 3685 Vide
1358 3639 1541 3686 autem
1565 3632 1843 3701 quomodo
1875 3649 1973 3703 per

386 3718 505 3777 hac
540 3734 664 3790 quae
710 3719 970 3775 dixerunt
1020 3735 1119 3776 sua
1166 3722 1386 3792 prepria
1421 3721 1827 3791 destruxerint;
1878 3732 1974 3781 aut

385 3808 723 3881 ignorantes,
757 3825 858 3881 per
889 3811 1168 3882 prepriam
1204 3811 1598 3882 ignorantiam,
1631 3823 1727 3870 aut
1756 3814 1974 3870 audito-

385 3916 476 3957 res
497 3900 817 3968 irridentes,
850 3902 1136 3973 imperitos
1163 3904 1353 3958 talium
1387 3898 1751 3962 similitudine
1775 3922 1971 3963 vocum

386 3992 703 4051 illudentes.
729 3993 787 4050 Si
817 3996 964 4053 enim
992 3996 1287 4067 quamdam
1315 3998 1622 4069 analogiam
1650 3999 1818 4055 habet
1843 4016 1969 4056 cum

382 4098 616 4153 corpore
648 4094 869 4157 natura,
898 4102 1023 4143 curn
1064 4087 1251 4144 colore
1284 4088 1665 4157 subsistentia,
1694 4100 1750 4146 et
1778 4092 1972 4149 dicunt

382 4176 752 4233 subsistentes
780 4186 1029 4245 naturas,
1062 4189 1122 4234 ut
1165 4195 1395 4251 corpora
1435 4183 1701 4249 colorata,
1741 4199 1971 4241 necesse

382 4279 467 4326 est
498 4269 626 4325 inde
660 4278 911 4327 naturam
947 4271 1339 4329 subsistentem
1369 4290 1490 4331 esse
1531 4277 1967 4342 subsistentiam,

382 4361 526 4418 sicut
556 4361 723 4432 igitur
751 4370 808 4418 et
836 4363 988 4418 color
1013 4363 1141 4421 inde
1176 4365 1382 4420 dicitur
1403 4382 1605 4438 corpus
1631 4368 1968 4434 coloratum;

382 4470 492 4510 non
520 4454 670 4511 enim
704 4455 966 4527 possibile
1001 4466 1087 4513 est
1115 4459 1353 4531 cogitare
1381 4467 1633 4516 naturam
1664 4461 1971 4518 subsisten-

2099 592 2248 658 ξατε.

2682 794 2941 851 ΚΕΦΑΛ.
2983 797 3081 852 lI".

2182 885 2274 940 Ἐκ
2294 886 2391 939 τοῦ
2418 886 2475 940 δὲ
2510 886 2815 958 φληναφεὶᾭ
2858 890 2955 943 καὶ
2986 891 3163 945 δοκεῖν
3210 910 3264 946 τι
3320 888 3506 963 λεγειν
3558 898 3671 961 τοῖς

2095 966 2528 1050 παρεστηκόσιν,
2561 981 2954 1052 ἀπαιτούμενοι
2982 983 3155 1047 δείξαι
3176 984 3340 1053 φύσιν
3363 988 3672 1041 ἀνυπόστα-

2094 1088 2208 1135 τον,
2240 1072 2544 1142 παρέχουσι
2594 1072 2692 1143 μὲν
2730 1074 2878 1127 νῶτα
2909 1076 2987 1145 τῷ
3030 1077 3295 1142 αἰτοῦντι,
3349 1078 3572 1147 λέγουσι
3614 1080 3673 1135 δι

2090 1163 2175 1217 ὅτι
2198 1163 2371 1227 ὅντως
2400 1164 2561 1234 φύσις
2587 1164 2689 1218 οὐκ
2730 1165 2880 1220 ἐστιν
2910 1170 3300 1234 οάνυπόστατος
3329 1186 3345 1201 ·
3374 1172 3671 1229 ὲνυποστάο

2088 1272 2217 1319 τους
2246 1256 2355 1327 γάρ
2378 1273 2559 1326 φαμεν
2581 1257 2683 1321 τὰς
2713 1260 2901 1324 οὑσίας
2947 1262 3062 1315 καὶ.
3084 1264 3267 1333 ἡμεῖς,
3307 1245 3490 1333 ’φασίν
3512 1282 3528 1295 ·
3554 1267 3669 1320 ἀλλ’

2088 1346 2189 1399 οὑκ
2218 1346 2271 1400 s'.’
2298 1364 2349 1399 τι
2380 1348 2766 1413 ὲνυπόστατον,
2788 1349 2945 1418 τοῦτο
2972 1352 3065 1404 καὶ
3097 1353 3397 1417 ὑπόστασις
3416 1372 3432 1384 ·
3464 1354 3661 1425 ὥσπερ

2087 1438 2284 1508 ἀμέλει
2299 1440 2401 1492 οὑκ
2418 1441 2470 1492 εί
2490 1457 2541 1494 τι
2561 1440 2996 1508 ὲνούσιον,τοῦτο
3025 1444 3118 1496 καὶ
3150 1445 3309 1498 οὑσία
3339 1464 3353 1476 ·
3399 1447 3522 1499 ἐπεὶ
3555 1448 3667 1500 ἰδοὺ

2086 1528 2187 1592 τὰς
2222 1530 2323 1600 τῆς
2341 1532 2501 1601 ἁγίας
2526 1533 2753 1603 Τριάδος
2783 1534 3111 1600 ὑποστάσεις
3127 1537 3311 1608 φαμὲν
3328 1542 3479 1610 τρεῖς
3495 1537 3662 1604 εἶναι,

2086 1621 2180 1674 καὶ
2200 1620 2403 1685 ταύτας
2427 1623 2703 1689 ὲνουσίους
2724 1641 2738 1658 ’
2773 1626 2865 1678 καί
2902 1627 2962 1679 οὑ
2989 1626 3221 1698 λέγομεν
3242 1629 3382 1699 πρὸς
3398 1634 3522 1694 ταῖς
3550 1649 3662 1703 τριο
3678 1696 3691 1705 1

2086 1711 2555 1785 σὶνὺποστάσεσι,
2584 1716 2680 1767 καὶ
2727 1717 2882 1785 τρεῖς
2903 1716 3095 1779 οὐσίας
3121 1732 3135 1747 ’
3176 1718 3397 1790 ίκαίπερ
3426 1719 3671 1775 ὲνοὺσιου

2086 1808 2444 1878 ἐπιστάμενοι
2494 1808 2604 1862 τῶν
2681 1810 3036 1865 ὑποστάσεων
3087 1813 3343 1884 ἑκάστην.
3397 1815 3459 1869 El
3486 1817 3671 1869 τοίνυν

2089 1899 2207 1953 ἔστι
2236 1898 2437 1967 λέγειν,
2471 1901 2674 1971 φαμὲν,
2713 1905 2863 1973 τρεῖς
2897 1902 3234 1967 ὑποστάσεις
3269 1907 3552 1970 ὲνουσίους
3603 1909 3666 1959 ὲν

2092 1994 2192 2064 μιᾷ
2222 1991 2384 2064 οὐσίᾳ
2411 2035 2425 2053 .
2482 1994 2757 2064 ἐνδέχεται
2799 1994 3043 2066 δηλονότι
3096 1996 3192 2053 καὶ
3245 1998 3439 2066 φύσεις
3487 1998 3673 2067 λέγειν

2088 2088 2488 2151 ὲνυποστάτους
2516 2086 2610 2141 δύο
2638 2088 2696 2142 ὲν
2723 2089 3147 2161 μιᾷ’ὑποστάσει
3178 2107 3194 2124 ο
3226 2092 3322 2145 καὶ
3353 2092 3529 2155 οὕτως
3546 2092 3674 2147 om

2089 2180 2251 2249 φύσιν
2288 2180 2671 2243 ἀνυπόστατόν
2694 2198 2892 2251 φαμεν,
2926 2182 3047 2235 οὐδὲ
3072 2183 3166 2236 δύο
3200 2184 3532 2248 ὑποστάσεις
3568 2185 3672 2249 τὰς

2084 2271 2179 2327 δύο
2235 2272 2429 2343 φύσεις
2481 2272 2924 2344 δογματίζομεν·
2966 2274 3157 2346 ὥσπερ
3199 2276 3322 2329 οὑδὲ
3382 2278 3675 2343 ἀνουσίους

2085 2366 2266 2436 φαμὲν
2293 2365 2393 2429 τὰς
2423 2365 2521 2436 τῆς
2554 2365 2715 2434 ἁγίας
2736 2366 2967 2437 Τριάδος
3009 2368 3337 2431 ὑποστάσεις
3356 2410 3373 2433 ,
3418 2369 3541 2423 οὐδὲ
3587 2372 3674 2434 είς

2083 2460 2233 2531 τρεῖς
2262 2459 2454 2524 οὐσίας
2482 2459 2577 2521 τὰς
2600 2461 2752 2529 τρεῖς
2778 2459 3106 2523 ὑποστάσεις
3132 2459 3473 2530 διαιροῦμεν.
3506 2461 3674 2515 Ἀλλὰ

2086 2549 2215 2622 μὴν,
2248 2549 2404 2619 φασὶ,
2428 2549 2524 2603 καὶ
2544 2548 2718 2613 ἄλλως
2745 2550 3190 2620 ὲγχρωμάτιστον
3218 2550 3467 2618 λέγοντες
3482 2551 3670 2623 σῶμα,

2081 2641 2143 2694 οὑ
2166 2641 2362 2695 ταυτὸν
2396 2640 2557 2710 ῐσμεν
2585 2640 2662 2711 τῷ
2702 2639 3027 2711 χρώματιτὸ
3054 2640 3215 2717 σῶμα
3237 2657 3253 2674 θ
3278 2643 3379 2696 οὐκ
3405 2645 3459 2695 εί
3480 2660 3536 2697 τι
3558 2644 3671 2714 γὰρ

2081 2731 2554 2805 ἑγχρωμάτιστον,
2583 2732 2742 2786 τοῦτο
2771 2732 2873 2802 ἤδη
2927 2732 3021 2785 καὶ
3063 2732 3262 2803 χρῶμα
3290 2749 3306 2763 °
3352 2733 3529 2798 οὕτως
3573 2730 3672 2789 οὖν

2081 2826 2181 2880 οὑκ
2205 2828 2258 2880 εί
2278 2843 2332 2879 τι
2374 2826 2776 2892 ἑνυπόστατον,
2823 2826 2984 2880 τοῦτο
3027 2826 3129 2897 ἤδη
3173 2827 3268 2880 καὶ
3321 2827 3622 2890 ὑπόστασις
3651 2844 3669 2863 θ

2080 2917 2336 2991 περιττὸν
2362 2918 2493 2989 ἄρα,
2513 2919 2669 2986 φασὶ,
2690 2918 2749 2971 τὸ
2772 2906 3087 2989 λεγόμενονο
3116 2919 3211 2975 καὶ
3238 2919 3339 2972 οὑκ
3367 2918 3673 2987 ἀναγκαῖοι

2078 3010 2172 3065 τὸν
2223 3011 2459 3078 λέγοντα
2489 3010 2583 3063 δύο
2612 3011 2805 3079 φύσεις
2828 3052 2842 3076 ,
2885 3010 2918 3081 ἢ
2956 3009 3361 3074 ἀνυποστάτους
3390 3012 3597 3075 αὑτάς,
3628 3012 3669 3083 ἦ

2084 3104 2216 3174 μίαν
2248 3101 2430 3157 αὐτῶν
2456 3101 2635 3170 λέγειν
2659 3142 2673 3167 ,
2704 3102 2737 3172 ἢ
2767 3104 2983 3165 πάντως
3023 3102 3119 3156 καὶ
3149 3102 3242 3156 δύο
3282 3102 3618 3167 ὑποστάσεις
3649 3145 3669 3170 ,

2080 3194 2206 3248 ἐπεὶ
2263 3191 2338 3264 μὴ
2383 3193 2685 3256 ὑπόστασις
2729 3192 2791 3246 τὺ
2834 3194 3194 3247 ὲνυπόστατον
3242 3194 3318 3256 ὡς
3357 3194 3669 3264 ἐδείξαμεν.

2080 3283 2268 3338 Ταῦτα
2294 3283 2585 3355 τοιγαροῦν
2631 3285 2827 3337 ἐκεῖνοι
2868 3285 2995 3347 τοὺς
3039 3285 3459 3356 παρεστηκότας
3494 3302 3671 3352 φεναο

2076 3377 2298 3441 κίζοντα
2328 3376 2537 3444 ἔλεγον,
2570 3376 2683 3431 ἄνω
2708 3374 2809 3446 τὴν
2839 3375 3011 3445 ὀφρὺν
3042 3375 3278 3446 ἔχοντες,
3314 3378 3411 3429 καὶ
3437 3376 3525 3428 διὰ
3546 3377 3674 3430 τοὺ-

2074 3487 2184 3524 των
2211 3470 2319 3531 ἀπὸ
2347 3468 2628 3541 Χερουσὶμ
2660 3458 2888 3532 ἑαυτοὺς
2915 3469 3294 3539 ὀνομάζοντες.
3340 3471 3484 3541 Ὅρα
3512 3470 3572 3523 δὲ
3596 3471 3667 3525 σὺ

2075 3562 2240 3626 αὑτὸς
2262 3562 2410 3626 ὅπως
2436 3561 2504 3615 δι’
2534 3554 2609 3616 ὧν
2634 3562 2923 3633 εἰρήκασι,
2955 3561 3023 3614 τά
3054 3562 3232 3615 οἰκεῖα
3261 3561 3619 3629 κατέσκαψαν
3648 3576 3665 3592 ’

2074 3653 2108 3724 ἢ
2146 3652 2467 3722 ἀγνοοῦντες
2495 3692 2510 3716 ,
2566 3653 2636 3706 δι’
2670 3652 2896 3721 ἄγνοιαν
2942 3653 3152 3706 οἰκείαν
3178 3670 3191 3684 ο
3224 3653 3256 3725 ἢ
3303 3652 3670 3722 χλευάζοντες

2066 3747 2201 3810 ⁷διξοὺς
2234 3746 2532 3808 ἀκούοντας
2554 3787 2569 3811 ,
2605 3745 2867 3816 ἀπείρους
2897 3744 3058 3809 ὂντας
3102 3744 3211 3797 τῶν
3255 3743 3514 3797 τοιούτων
3567 3747 3669 3796 καὶ

2073 3839 2352 3910 ὁμοιότητι
2386 3839 2583 3905 λέξεων
2618 3838 3121 3917 παρακρουόμενοι.
3158 3839 3219 3891 Ei
3268 3837 3522 3905 ἀναλογεῖ
3555 3838 3669 3905 γὰρ

2073 3934 2153 4005 τῷ
2194 3934 2294 4004 μὲν
2335 3932 2548 4004 σώματι
2579 3935 2612 4004 ή
2655 3931 2838 4002 φύσις,
2880 3932 2960 4002 τῷ
2987 3933 3043 3984 δὲ
3070 3932 3322 4003 χρώματι
3349 3933 3383 4001 ἡ
3412 3932 3662 3983 ὑπόστα-

2076 4042 2184 4092 σις,
2208 4026 2305 4080 καὶ
2335 4026 2589 4095 λέγουσιν
2623 4024 3025 4087 ὲνυποστάτους
3062 4022 3163 4087 τὰς
3198 4016 3387 4091 φύσεις
3418 4063 3433 4086 ,
3469 4021 3667 4093 ὥσπερ

2072 4112 2174 4172 οὖν
2208 4117 2275 4171 τά
2308 4115 2553 4187 σώματα,
2589 4116 3017 4187 ὲγχρωμάτιστα
3039 4153 3053 4179 ,
3100 4113 3311 4183 ἀνάγκη
3356 4112 3491 4166 ἔνθα
3543 4113 3667 4165 ἐστὶ.

2073 4210 2437 4273 ὲνυπόστατος
2458 4186 2641 4278 φύσις,
2677 4209 2771 4261 καὶ
2801 4206 3098 4260 ὑπόστασιν
3127 4200 3270 4259 εἶναι
3298 4223 3315 4238 ο
3341 4204 3531 4273 ὥσπερ
3561 4200 3662 4257 οὖν

2072 4304 2167 4356 καὶ
2190 4301 2393 4374 χρῶμα
2429 4300 2560 4357 ἔνθα
2600 4299 2759 4370 σῶμα
2786 4299 3238 4370 ἐγχρωμάτιστον
3268 4312 3281 4325 ’
3300 4295 3426 4349 οὔτε
3448 4295 3559 4367 γάρ
3575 4288 3664 4351 ἕν-

2071 4394 2287 4463 δέχεται
2322 4393 2514 4468 νοῆσαι
2540 4391 2703 4461 φύσιν
2727 4392 3092 4445 ὲνυπόστατον
3120 4390 3247 4443 ἄνευ
3281 4388 3659 4451 ὑποστάσεως.

2071 4486 2136 4540 Ei
2169 4482 2263 4540 οὖν
2299 4489 2368 4558 τῇ
2428 4486 2589 4556 φύσει
2638 4484 2955 4554 ἀναγκαίως
3013 4484 3286 4554 διενήνοχε
3334 4501 3389 4538 τι
3451 4483 3547 4536 καὶ
3594 4485 3663 4553 τῇ

381 4556 492 4602 tem
524 4546 645 4605 sine
686 4547 1063 4606 subsistentia.
1113 4550 1169 4607 Si
1225 4551 1393 4623 igitur
1430 4562 1683 4608 naturam
1723 4553 1866 4609 inter
1910 4563 1968 4609 et

2081 4546 2398 4643 ὑποστάσει,
2440 4546 2895 4643 ’ἐπιδειξάτωσὰν
2937 4546 3031 4645 μοί
3064 4595 3116 4629 τι
3146 4546 3423 4647 ἰδιαφέρον
3456 4575 3558 4646 μὲν
3591 4546 3660 4648 si

380 4638 797 4699 subsistentiam
829 4641 1040 4713 aliquid
1084 4645 1399 4700 necessario
1443 4645 1684 4712 diﬂ‘erat,
1735 4645 1969 4702 demon-

376 4740 557 4788 strent
583 4732 721 4790 mihi
749 4734 898 4807 quod
925 4735 1110 4791 diﬂ‘ert
1142 4746 1341 4792 natura
1382 4752 1495 4792 non
1537 4737 1763 4793 dill‘erre
1784 4728 2001 4801 subsi-,

378 4824 620 4893 stentia;
669 4833 726 4882 et
760 4842 871 4882 non
916 4827 1282 4899 simpliciores
1314 4828 1573 4895 illudant,
1603 4827 1969 4886 similitudine

380 4931 579 4973 vocum
607 4917 731 4973 illos
747 4918 1111 4990 decipientes,
1134 4920 1373 4977 dicendo
1401 4939 1415 4976 :
1448 4921 1505 4978 Si
1538 4929 1624 4978 est
1653 4922 1968 4979 subsisten-

383 5010 479 5079 tia,
506 5011 818 5067 essentialis
851 5012 1096 5084 quidem,
1131 5030 1240 5069 non
1283 5023 1468 5070 autem
1502 5014 1737 5071 alterius
1779 5032 1969 5073 essen-

381 5101 495 5168 tire,
521 5112 606 5158 est
633 5103 800 5158 etiam
831 5113 1025 5160 natura
1049 5104 1358 5162 subsistens
1386 5107 1610 5178 quidem
1640 5122 1752 5166 non
1785 5119 1967 5163 autem

344 5242 349 5243 ,
380 5192 612 5249 alterius
637 5194 1029 5251 subsistentia.
1056 5195 1291 5254 Mendax
1319 5199 1468 5254 enim
1494 5199 1770 5269 posterius
1794 5217 1810 5255 :
1836 5200 1967 5257 dum

381 5284 431 5339 si
464 5283 596 5355 quid
625 5293 711 5343 est
752 5286 983 5344 alterius
1008 5290 1284 5355 essentia},
1326 5291 1431 5347 hoc
1457 5292 1685 5348 omnino
1715 5304 1800 5349 est
1833 5294 1970 5349 alte-

383 5375 504 5430 rius
523 5376 925 5447 subsistentiaa;
957 5380 1003 5436 si
1027 5380 1192 5453 igitur
1207 5381 1473 5440 ditl'erunt
1490 5384 1635 5440 inter
1653 5402 1713 5442 se
1733 5394 1967 5451 natum.

383 5466 690 5525 secundum
747 5480 1000 5527 naturam
1071 5472 1369 5542 differunt;
1427 5476 1695 5533 differunt
1749 5466 1970 5551 quoque

380 5558 673 5617 evidenter
713 5564 1017 5620 secundum
1060 5566 1494 5624 subsistentiam.
1528 5570 1596 5625 Et
1627 5570 1675 5625 si
1707 5570 1971 5628 din‘eren-

386 5651 517 5707 tiam
547 5662 868 5709 naturarum
897 5655 953 5711 in
985 5672 1095 5712 una
1125 5668 1319 5713 natura
1346 5660 1457 5715 dici
1494 5660 1834 5732 impossibile
1860 5672 1966 5729 est,

383 5758 495 5801 nou
513 5744 686 5816 magis
713 5745 971 5817 possibile
1005 5746 1284 5805 invenitur
1310 5749 1674 5807 differentiam
1703 5755 1968 5812 exsistere

382 5834 865 5894 subsistentiarum
897 5837 956 5895 in
976 5854 1083 5896 una
1111 5848 1165 5896 et
1192 5839 1382 5898 eadem
1409 5842 1789 5903 subsistentia.

2072 4669 2265 4741 φύσει,
2319 4668 2395 4742 μὴ
2432 4670 2686 4742 διαφέρον
2728 4670 2786 4723 δὲ
2820 4672 2887 4740 τῇ
2920 4669 3216 4722 ὑποστάσει
3242 4682 3257 4698 ⁸
3291 4668 3387 4722 καὶ
3422 4667 3497 4738 μὴ
3528 4666 3660 4737 βου-

2071 4764 2406 4825 κολείτωσαν
2435 4764 2561 4826 τοὺς
2607 4750 3052 4834 ἁπλουστέρους,
3089 4761 3370 4832 ὁμοιότητι
3400 4762 3665 4831 φράσεων

2070 4855 2270 4918 αὐτοὺς
2295 4854 2820 4926 παραλογιζόμενοι,
2855 4854 2932 4925 τῷ
2956 4855 3136 4931 λέγειν
3161 4855 3210 4906 εἰ
3245 4853 3393 4907 ἔστιν
3418 4854 3665 4908 ὑπόστα-

2071 4961 2180 5010 σις,
2212 4944 2455 5008 ὲνοὺσιος
2481 4944 2605 5014 μὲν,
2626 4944 2727 5015 οὑχ
2754 4942 3094 5016 ὲτεροούσιος
3121 4942 3196 5009 δὲ,
3227 4942 3342 4995 ἐστι
3370 4943 3467 4996 καὶ
3494 4940 3665 5011 φύσις

2076 5035 2443 5099 ἑνυπόστατος
2471 5036 2589 5107 μὲν,
2612 5036 2712 5106 οὐχ
2736 5035 3200 5105 ὲτεροῦπόστατος
3218 5034 3304 5089 δέ’
3332 5034 3530 5103 ψευδὲς
3550 5035 3663 5105 γὰρ

2071 5126 2133 5183 τὸ
2175 5127 2484 5186 τελευταῖον
2514 5144 2529 5162 ο
2564 5118 2797 5198 ἐπείπερ
2848 5128 2905 5181 εί
2958 5144 3031 5195 τιὴ
3065 5125 3411 5197 ἐτεροούσιον
3435 5165 3450 5189 ,
3498 5125 3664 5179 τοῦτο

2067 5215 2292 5280 πάντως
2326 5218 2421 5272 καὶ
2466 5217 2949 5290 ἑτεροῦπόστατον.
2982 5217 3043 5270 Ei
3072 5217 3253 5273 τοίνυν
3303 5216 3661 5286 διαφέρουσιν

2070 5310 2129 5366 αί
2162 5308 2357 5380 φύσεις
2385 5310 2630 5382 ἀλλήλων
2653 5350 2670 5375 ,
2700 5309 2844 5363 κατὰ
2888 5309 3051 5379 φύσιν
3079 5308 3400 5380 διαφέρουσι
3420 5325 3434 5338 ·
3465 5306 3660 5377 διαφέ·

2074 5419 2229 5474 ρουσι
2262 5402 2512 5475 δηλονότι
2545 5402 2642 5458 καὶ
2662 5400 2786 5458 καθ’
2817 5400 3113 5456 ὑπόστασιν
3140 5417 3153 5431 ·
3197 5399 3293 5454 καὶ
3315 5402 3366 5454 εί
3390 5398 3660 5485 διαφορὰν

2072 5495 2292 5565 φύσεων
2324 5494 2421 5550 ἐπὶ
2452 5497 2583 5568 μιᾶς
2615 5494 2833 5565 φύσεως
2872 5493 3130 5567 λέγεσθαι
3176 5493 3474 5560 ἀδύνατον,
3507 5496 3655 5566 ἁμήο

2071 5605 2236 5660 χανον
2264 5588 2375 5661 ἄρα
2402 5590 2498 5643 καὶ
2526 5586 2790 5660 διαφορὰν
2831 5588 3188 5645 ὑποστάσεων
3218 5582 3361 5643 εἶναι
3396 5587 3491 5641 επὶ
3520 5589 3658 5659 μιᾶς

2071 5682 2165 5736 καὶ
2190 5681 2290 5753 τῆς
2311 5681 2482 5754 αὐτῆς
2511 5680 2885 5743 ὑποστάσεως.
