4032 6538
284 411 418 483 1561
436 428 439 431 '

1270 406 1670 472 ADVERSUS
1704 404 2257 469 NES'I‘ORIANOS.
2284 433 2356 445 —
2380 408 2529 470 LIB.
2571 409 2655 471 II.

3434 400 3571 472 1562
3650 446 3653 450 -

355 534 500 605 Ἤδη
540 526 651 603 μὲν
688 525 907 599 ἀληθῶς
944 524 1052 580 είσι
1080 522 1152 579 τὰ
1177 523 1553 595 προταχθέντα
1580 524 1711 593 ὑμῖν
1734 521 1872 595 ἠμέ-

2043 523 2164 581 Iam
2208 523 2433 595 quidem
2478 524 2540 580 in
2584 523 2825 581 veritate
2858 533 2989 581 sunt
3021 510 3143 595 quae
3179 536 3209 577 a
3238 508 3397 580 vobis
3422 526 3579 595 prius

282 644 421 699 τερα
448 624 660 699 προδλή
670 637 835 695 ματα·
867 618 1082 682 τούτοις
1109 617 1167 671 δὲ
1199 618 1261 671 οὐ
1288 616 1616 689 προσφόρως
1641 616 1880 686 ὑπαντὴ.

287 737 519 785 σαντες,
580 715 809 779 ἑαυτοὺς
862 713 1022 785 μόνον
1079 712 1209 782 περὶ
1257 710 1368 765 τῶν
1404 709 1706 764 δοκούντων
1749 710 1879 780 ὑμῖν

286 812 612 871 πεπείκατε.
679 810 743 861 Et
781 807 891 878 γὰρ
938 805 1063 859 ἐπεὶ
1095 804 1174 873 τῷ
1206 794 1304 874 μὲν
1329 802 1582 875 χρώματι
1622 790 1918 870 ἀναλογεῖ’

285 906 323 977 ἠ
353 903 654 966 ὑπόστασις
685 902 744 955 ὲν
770 898 849 969 τῷ
878 898 978 968 τῆς
1001 897 1196 969 ὁμοίας
1218 895 1515 971 ὀνομασίας
1541 896 1687 949 κατὰ
1707 894 1879 965 τύχην

288 998 735 1069 παραδείγματι,
786 994 868 1065 τῷ
916 994 975 1049 δὲ
1024 992 1240 1063 σώματι
1292 995 1325 1063 ἡ
1367 991 1530 1062 φύσις
1576 992 1877 1061 ἀναγκαῖον

284 1093 415 1146 ἔνθα
449 1091 569 1145 ἐστὶ
596 1090 777 1161 σῶμα,
813 1084 956 1142 εῖναι
985 1088 1081 1141 καὶ
1109 1086 1310 1157 χρῶμά
1334 1102 1468 1154 φατε
1488 1127 1503 1149 ,
1538 1087 1635 1139 καὶ
1667 1086 1731 1137 ὲκ
1758 1082 1883 1138 τού-

282 1202 381 1240 του
408 1183 501 1237 δύο
517 1180 658 1239 εἶναι
683 1186 781 1245 τὰς
807 1180 1156 1245 ὑποστάσεις,
1172 1181 1294 1234 ἐπεὶ
1310 1179 1405 1233 δύο
1422 1179 1558 1232 εἰσὶν
1583 1180 1638 1231 αί
1663 1176 1880 1248 φύσεις,

285 1279 551 1347 συνάγετε
579 1316 594 1341 ,
643 1275 819 1345 γνῶτε
854 1276 939 1330 δτι
968 1273 1126 1328 τοῦτο
1161 1274 1256 1327 καὶ
1288 1275 1449 1344 ἡμεῖς
1482 1289 1665 1342 φαμεν
1690 1286 1703 1300 ·
1741 1271 1880 1324 ὅπου

284 1371 449 1442 σῶμα
494 1364 632 1423 εἶναι
670 1368 890 1438 λέγεται
935 1367 1421 1437 ἐγχρωμάτιστον,
1464 1364 1667 1435 χρῶμα
1698 1362 1887 1434 ὑπάρο

283 1480 405 1534 χειν
452 1461 802 1531 ἀναγκαίως·
861 1459 1053 1530 ὥσπερ
1098 1455 1193 1513 οὑν
1245 1460 1336 1511 καὶ
1373 1457 1685 1510 ὑπόστασιν
1721 1455 1885 1520 εἶναι,

284 1556 419 1610 ὅπου
474 1555 694 1623 λέγεται
739 1553 905 1622 φύσις
949 1552 1330 1615 ὲνυπόστατος.
1380 1550 1546 1603 Ἀλλὰ
1579 1550 1642 1602 τὸ
1678 1547 1882 1619 ζητού-

290 1660 490 1720 μενον,
545 1647 699 1702 οϋπω
732 1634 1132 1717 ὲδείξατενπερὶ
1155 1637 1217 1699 οὗ
1250 1646 1343 1699 καὶ
1366 1642 1703 1715 διαφέρεσθε
1739 1642 1881 1712 πρὸς

286 1743 321 1812 ἡ
358 1743 464 1813 μᾶς
486 1759 500 1774 ·
538 1742 621 1795 ὅτι
668 1742 802 1795 ὅπου
836 1740 1060 1793 πλείονα
1096 1739 1334 1793 συνιέναι
1365 1737 1618 1805 λέγονται
1651 1734 1890 1805 σώματα

289 1837 721 1906 ἐγχρωμάτιστα
748 1874 763 1899 ,
822 1832 1087 1903 ἰσάριθμα
1132 1831 1251 1885 δέον
1282 1826 1423 1884 εἶναι
1453 1828 1667 1892 τούτοις
1696 1829 1794 1881 καὶ
1818 1830 1889 1881 τὰ

289 1928 589 1999 χρώματα·
646 1927 743 1983 καὶ
791 1927 851 1980 οὑ
897 1925 1124 1981 δυνατὸν
1157 1925 1192 1996 ἢ
1224 1924 1305 1979 ένὶ
1336 1924 1429 1978 καὶ
1452 1923 1533 1996 τῷ
1560 1921 1709 1993 αὑτῷ
1735 1921 1889 1993 χρώ-

298 2039 441 2094 ματι,
463 2022 688 2076 πλείονα
715 2020 1062 2092 χρώννυσθαι
1095 2021 1357 2090 σώματα·
1393 2018 1582 2090 ὥσπερ
1608 2015 1686 2087 τῷ
1709 2015 1894 2088 λευκῷ

290 2118 391 2188 ἥτε
420 2114 555 2187 χιὼν
585 2115 682 2169 καὶ
710 2114 771 2167 τὸ
796 2112 938 2183 γάλα
970 2113 1063 2165 καὶ
1084 2102 1381 2183 ψίμμίθιον
1412 2109 1725 2180 μιγνύμενα
1747 2152 1759 2173 ,
1799 2108 1895 2161 καὶ

291 2211 355 2265 τὸ
383 2209 532 2282 ιριον
573 2209 669 2262 καὶ
701 2208 848 2262 λῖνον
882 2207 979 2261 καὶ
1013 2205 1224 2276 μέταξα
1257 2208 1317 2259 ὲν
1348 2205 1430 2275 τῷ
1467 2205 1549 2257 ἑνὶ
1577 2203 1762 2275 λευκῷ
1794 2203 1895 2256 πέ-

292 2304 417 2375 πλῳ
446 2302 769 2373 ὑφασμένα·
805 2300 838 2372 ἢ
870 2301 952 2364 εἰς
980 2298 1039 2352 ἓν
1064 2299 1254 2370 ἕτερον
1287 2298 1494 2370 χρῶμα
1525 2297 1752 2350 πλείονα
1782 2294 1891 2348 σώ-

301 2413 452 2467 ματα
501 2390 643 2449 εἶναι
688 2392 1148 2465 συγκεκραμένα·
1205 2386 1318 2445 οἷον
1365 2389 1427 2443 τὸ
1468 2388 1761 2460 ψιμμίθιον
1799 2388 1894 2442 καὶ

295 2490 483 2562 ὢχρα,
520 2489 614 2541 καὶ
646 2484 953 2557 χάλκανθος
981 2486 1077 2538 καὶ⁹
1106 2484 1381 2555 κόμμιδας
1412 2486 1469 2536 ὲν
1493 2482 1573 2552 τῷ
1599 2481 1745 2551 φαιῷ
1769 2480 1895 2533 κολ-

298 2583 534 2655 λουρέῳ·
568 2582 668 2645 τὰς
696 2582 805 2653 γὰρ
838 2579 931 2634 δύο
957 2580 1147 2650 φύσεις
1180 2581 1237 2631 ὲν
1267 2579 1364 2647 μιᾷ
1387 2577 1484 2630 καὶ
1512 2578 1577 2646 τῇ
1603 2576 1741 2646 αὑτῇ
1767 2575 1897 2627 ὑπο-

302 2677 491 2732 στάσει
522 2675 759 2745 λέγομεν
791 2671 1144 2742 ὑφίστασθαι·
1180 2673 1280 2742 οὑχ
1305 2670 1380 2733 ὡς
1408 2669 1718 2740 δυναμένης
1744 2666 1897 2726 θατέ-

304 2788 407 2841 ρας
438 2769 812 2824 ἁνυποστάτου
847 2762 988 2820 εἶναι
1027 2767 1084 2818 ὲν
1114 2765 1275 2834 αὐτῇ,
1318 2762 1435 2815 ἀλλ’
1468 2762 1540 2824 ὡς
1571 2760 1899 2831 ἀμφοτέρων

303 2862 364 2915 ιν
402 2863 500 2933 μιᾷ
528 2863 685 2932 κοινῇ
716 2858 1035 2930 δυναμένων
1066 2854 1401 2924 ὑφίστασθαι
1430 2852 1767 2905 ὑποστάσει·
1803 2850 1899 2905 καὶ⁹

303 2954 480 3018 οὑτως
526 2953 668 3007 κατὰ
701 2953 803 3021 τὴν
835 2951 1009 3021 αὑτὴν
1043 2948 1140 3003 καὶ
1177 2946 1308 3017 μίαν
1335 2945 1668 3008 ὑπόστασιν,
1706 2942 1898 2996 ἑκατέ-

308 3066 406 3120 ρας
433 3046 804 3100 ὲνυποστάτου
826 3042 885 3097 οὕ
896 3060 1014 3112 σης.
1045 3040 1256 3111 Οὑγὰρ
1280 3039 1583 3106 ἀναγκαῖον
1604 3036 1693 3090 διὰ
1714 3034 1774 3087 τὸ
1789 3034 1900 3087 δεῖν

303 3158 360 3194 τι
391 3137 553 3205 εῖναι,
589 3137 808 3198 πάντως
842 3135 934 3192 καὶ
967 3134 1073 3204 ἰδίᾳ
1102 3131 1265 3185 τοῦτο
1291 3128 1431 3184 εἶναι
1453 3147 1467 3161 ·
1523 3130 1617 3182 καὶ
1647 3127 1757 3199 γὰρ
1787 3126 1899 3180 τῶν

305 3236 367 3288 ὲν
399 3236 465 3304 τῇ
497 3232 653 3284 πόλει
684 3229 979 3299 οἰκήσεων,
1017 3223 1246 3295 οὐδεμία
1279 3222 1378 3293 μὲν
1410 3220 1710 3283 ἀδέσποτος
1734 3235 1747 3251 ·
1801 3218 1901 3272 οὑκ

305 3325 625 3396 ἀναγκαίως
653 3324 707 3377 δὲ
738 3323 889 3375 πᾶσα
914 3318 1312 3387 δεσποζομένη,
1344 3314 1738 3387 μονοδέσποτός
1760 3312 1899 3365 ἔστι·

310 3418 509 3485 πολλαὶ
538 3418 647 3490 γάρ
680 3417 789 3469 εἱσι
823 3413 917 3467 καὶ
948 3411 1348 3465 κοινοδέσποτοι
1397 3409 1454 3460 ὲν
1482 3409 1550 3487 τῇ
1580 3405 1767 3458 πόλει·
1809 3402 1903 3456 οὓ-

306 3532 416 3578 τως
447 3512 538 3565 οὑν
583 3510 706 3564 ἐπεὶ
736 3509 836 3579 μέν
866 3509 1005 3560 εἰσιν
1038 3505 1094 3560 αἱ
1128 3501 1350 3574 φύσεις,
1399 3501 1700 3569 ἀναγκαῖον
1733 3496 1903 3560 αὑτὰς

307 3607 406 3661 καὶ
436 3602 809 3674 ὑφεστηκέναι
842 3600 937 3653 καὶ
965 3596 1370 3657 ὲνυποστάτους
1404 3583 1546 3645 εἶναι
1565 3608 1580 3622 ·
1629 3589 1820 3658 ἐπειδὴ
1847 3588 1903 3641 δὲ

306 3700 409 3754 οὑκ
454 3698 561 3769 [δίᾳ
594 3695 691 3752 ἀπ’
721 3692 969 3762 ἀλλήλων
1001 3690 1160 3754 είσὶν,
1198 3686 1446 3747 ὲνώσεως
1478 3681 1659 3737 αὑτῶν
1692 3678 1904 3749 ὡμολο-

307 3792 568 3863 γημὲνως
620 3785 972 3857 γενομένης,
1041 3781 1164 3851 οὑχ).
1225 3778 1322 3832 καὶ
1376 3777 1485 3853 ἰδίᾳ
1532 3772 1904 3845 ὑφεστηκέναι

309 3883 581 3952 ἑκατέραν
614 3877 911 3948 ἀναγκαῖόν
943 3877 1080 3929 ὲστι.
1127 3871 1296 3940 Δῆλον
1330 3866 1422 3923 οὑν
1467 3868 1549 3921 ὅτι
1597 3867 1696 3935 οὑχ
1722 3866 1905 3933 ἑτερου

311 3977 616 4035 ῦπόστατον
648 3966 811 4033 εἶναι,
847 3967 960 4022 ἀλλ’
991 3968 1049 4019 ὲν
1085 3965 1187 4035 μιᾷ
1220 3962 1316 4015 καὶ
1340 3962 1408 4031 τῇ
1437 3959 1575 4028 αὑτῇ
1608 3954 1905 4010 ὑποστάσει

310 4068 553 4124 νοεῖσθαι
595 4066 799 4136 ἀμφοῖν
841 4040 1021 4116 αῖὺτῶν
1055 4056 1118 4111 τὸ
1152 4055 1521 4108 ὲνυπόστατον
1551 4051 1651 4104 δεῖ.
1690 4050 1780 4101 Διὸ
1812 4048 1907 4101 καὶ

312 4156 695 4230 ἀποδεχόμεθα
744 4155 805 4208 τὸ
849 4153 981 4223 παρ’
1009 4149 1164 4221 ὑμῶν
1208 4147 1266 4198 ὲν
1298 4144 1445 4198 τέλει
1478 4141 1793 4214 εἰρημένον,
1832 4138 1906 4200 ὼς

313 4254 581 4309 ἀδύνατον
629 4250 721 4302 ἐπὶ
757 4248 888 4320 μιᾶς
920 4245 1016 4299 καὶ
1044 4243 1146 4313 τῆς
1173 4240 1346 4310 αὐτῆς
1376 4237 1752 4301 ὑποστάσεως,
1788 4234 1908 4288 διαο

313 4328 492 4418 φορὰν
525 4341 789 4411 λέγεσθαι
820 4336 1199 4398 ὑποστάσεως.
1254 4332 1390 4385 Οὐδὲ
1419 4330 1557 4393 ὅλως
1582 4329 1692 4399 γάρ
1724 4341 1906 4396 φαμεν

310 4440 438 4493 οὔτε
470 4436 736 4506 διαφορὰν
771 4430 1127 4486 ὑποστάσεων
1174 4426 1232 4479 ἐν
1261 4427 1328 4495 τῇ
1359 4424 1458 4495 μιᾷ
1485 4420 1784 4499 ὑποστάσει
1811 4415 1905 4471 τοῦ

313 4528 559 4601 Κυρίου·
603 4527 678 4598 μὴ
707 4522 952 4594 γένοιτοί
1005 4510 1054 4571 εί
1103 4516 1199 4571 καλ⁸
1242 4510 1630 4570 ὑποστατικῶν
1663 4507 1908 4581 μερικῶν

1982 614 2194 687 prolata
2215 623 2346 670 sunt
2368 622 2562 670 nostra
2582 623 2925 686 argumenta.
2954 613 3050 671 His
3070 614 3217 671 enim
3246 630 3359 670 non
3380 629 3584 685 oppor-

1986 719 2117 765 tune
2159 717 2546 774 occurrentes,
2569 722 2670 763 vos
2717 708 2868 778 ipsos
2897 717 3110 763 tantum
3137 707 3205 762 de
3238 716 3423 762 vestra
3453 722 3584 763 sen-

1987 803 2160 860 tentia
2192 802 2563 873 persuasistis.
2590 800 2648 857 Si
2678 803 2850 867 enim,
2877 817 3003 857 cum
3036 801 3343 873 analogiam
3382 801 3585 856 habeat

1986 908 2114 950 eum
2146 894 2333 949 colore
2377 892 2758 956 subsistentia,
2804 890 2861 945 in
2908 891 3003 945 illo
3050 892 3303 961 exemplo
3342 891 3588 946 fortuitae

1987 986 2370 1044 similitudinis
2418 986 2476 1041 in
2531 984 2888 1049 nominibus,
2939 984 3158 1054 corpori
3210 986 3587 1040 necessarium

1988 1081 2119 1136 inde
2160 1090 2246 1135 est
2292 1086 2494 1133 natura
2523 1077 2595 1132 sit
2624 1091 2845 1147 corpus,
2872 1076 3117 1131 colorem
3144 1092 3267 1132 esse
3297 1076 3504 1142 dicitis,
3530 1084 3589 1133 et

1988 1190 2056 1230 ex
2090 1176 2197 1230 hoc
2241 1173 2379 1228 duas
2424 1187 2547 1228 esse
2579 1170 2990 1235 subsistentias,
3020 1185 3145 1225 cum
3181 1169 3304 1225 duae
3340 1172 3452 1224 sint
3486 1186 3588 1225 na-

1990 1277 2152 1330 turae,
2187 1266 2466 1337 colligitis,
2512 1264 2709 1319 scitote
2744 1278 2847 1317 nos
2894 1278 3115 1333 quoque
3165 1262 3301 1317 illud
3343 1261 3529 1317 dicere
3571 1280 3585 1317 :

1990 1360 2096 1417 Ubi
2113 1375 2316 1430 corpus
2334 1374 2454 1414 esse
2470 1357 2677 1413 dicitur
2702 1355 3032 1421 coloratum,
3054 1355 3297 1411 colorem
3321 1355 3590 1410 exsistere

1990 1467 2218 1509 necesse
2269 1461 2384 1518 est;
2438 1452 2581 1507 sicut
2629 1450 2799 1522 igitur
2847 1448 3265 1504 subsistentiam
3318 1450 3462 1511 ess'e,
3494 1445 3591 1502 ubi

1993 1544 2201 1601 dicitur
2235 1552 2433 1599 natura
2465 1544 2798 1599 subsistens.
2852 1541 2961 1597 Sed
3010 1540 3307 1612 quaesitum
3337 1554 3449 1594 non
3495 1554 3593 1610 per

1993 1640 2111 1698 hanc
2159 1637 2659 1703 demonstravistis,
2682 1646 2739 1692 et
2785 1652 2815 1691 ιι
2858 1636 3021 1691 nobis
3057 1625 3424 1703 discrepatisi
3445 1631 3593 1702 quod

1994 1751 2217 1806 nempe,
2250 1734 2344 1790 ubi
2374 1734 2536 1804 plura
2575 1732 2840 1787 dicuntur
2875 1729 3134 1801 conjungi
3168 1743 3399 1798 corpora
3443 1726 3609 1782 colo-.

1995 1837 2135 1896 rata,
2168 1842 2402 1883 numero
2434 1826 2675 1897 mquales
2705 1825 2772 1879 iis
2806 1823 3013 1878 debent
3045 1837 3264 1893 quoque
3300 1835 3421 1875 esse
3448 1819 3596 1874 colo-

2001 1938 2118 1989 res;
2153 1932 2209 1977 ει
2242 1937 2353 1976 non
2391 1920 2653 1991 possibile
2695 1928 2800 1984 est,
2834 1925 2929 1971 aut
2958 1931 3070 1971 uno
3101 1925 3157 1970 et
3186 1915 3382 1970 eodem
3412 1913 3595 1968 colore

1998 2017 2156 2087 plura
2173 2014 2408 2069 colorari
2428 2028 2680 2083 corpora,
2702 2021 2763 2066 ut
2777 2011 2903 2066 albo
2923 2010 3140 2075 niveus,
3158 2010 3390 2072 lacteus,
3409 2022 3597 2062 cerus-

1999 2124 2126 2165 seus
2147 2108 2300 2163 mixti
2319 2116 2467 2171 sunt,
2486 2116 2542 2161 et
2567 2106 2713 2170 lana,
2735 2097 2909 2158 linum
2928 2111 2984 2157 et
3001 2100 3239 2156 sericum
3257 2101 3313 2154 in
3342 2115 3452 2153 uno
3470 2099 3595 2153 albo

1997 2202 2122 2258 velo
2151 2209 2435 2267 contexta;
2468 2209 2563 2254 aut
2603 2198 2659 2253 in
2705 2213 2877 2252 unum
2926 2197 3096 2250 alium
3149 2195 3391 2251 colorem
3435 2193 3597 2263 plura

1999 2303 2235 2359 corpora
2266 2302 2388 2342 esse
2417 2286 2712 2357 permista;
2744 2294 2805 2340 ut
2830 2300 3134 2349 cerussam,
3164 2284 3413 2349 ocliram,
3444 2282 3597 2355 chal-

2000 2381 2290 2446 canthum,
2323 2378 2554 2450 gummi,
2591 2378 2647 2433 in
2678 2377 2836 2432 fusco
2869 2376 3120 2448 collyrio.
3162 2376 3299 2430 Nam
3331 2370 3469 2429 duas
3496 2389 3599 2428 na-

2002 2485 2155 2530 turas
2201 2474 2255 2528 in
2287 2489 2395 2528 una
2426 2482 2482 2527 et
2509 2471 2703 2527 eadem
2749 2469 3110 2526 subsistentia
3153 2469 3389 2524 dicimus
3416 2467 3600 2523 subsi-

2000 2577 2186 2632 stere;
2222 2581 2333 2620 non
2369 2564 2528 2634 quasi
2563 2564 2828 2619 alterutra
2865 2562 3042 2633 possit
3070 2573 3190 2615 esse
3229 2559 3599 2615 insubsistens

2002 2660 2057 2714 in
2101 2660 2212 2723 illa,
2247 2658 2343 2714 sed
2375 2657 2524 2727 quod
2562 2664 2795 2726 utraque
2842 2655 2900 2709 in
2946 2670 3053 2709 una
3098 2652 3378 2709 communi
3423 2648 3602 2721 possit

2001 2751 2305 2808 subsistere
2336 2750 2715 2805 subsistentia.
2750 2749 2818 2803 Et
2852 2749 2953 2814 ita,
2996 2747 3302 2803 secundum
3349 2746 3597 2801 eamdem

2003 2854 2059 2900 et
2083 2859 2247 2898 unam
2280 2842 2717 2907 subsistentiam,
2754 2840 2987 2911 utraque
3021 2840 3093 2895 sit
3123 2840 3451 2894 subsistens.
3478 2838 3601 2893 Non

2005 2936 2153 2991 enim
2192 2934 2565 2989 necessarium
2592 2942 2677 2987 est
2711 2938 2773 2985 ut
2798 2930 3008 3001 aliquid
3038 2929 3238 2984 debeat
3263 2944 3406 2994 esse,
3435 2928 3601 2983 abso-

2003 3029 2117 3084 lute
2153 3036 2209 3083 et
2242 3028 2463 3098 proprie
2511 3025 2646 3080 illud
2694 3025 2796 3091 sit;
2849 3040 2977 3077 nam
3021 3014 3088 3077 ex
3142 3022 3298 3077 urbis
3345 3021 3603 3075 domibus

2002 3121 2151 3175 nulla
2195 3120 2313 3174 sine
2342 3119 2591 3183 domino,
2638 3132 2750 3171 non
2784 3115 3161 3171 necessarium
3209 3123 3391 3168 autem
3427 3123 3511 3169 est
3544 3122 3604 3168 ut

2004 3212 2184 3266 omnis
2229 3227 2351 3280 qua:
2395 3210 2679 3265 dominum
2715 3197 2920 3276 habet,
2957 3225 3127 3263 unum
3172 3187 3604 3261 dominum'ba.

2006 3304 2170 3374 beat;
2203 3304 2452 3375 plurimae
2478 3304 2625 3358 enim
2656 3307 2784 3358 sunt
2814 3302 2872 3356 in
2912 3302 3049 3357 urbe
3082 3302 3333 3371 pluribus
3363 3299 3605 3354 dominis

2004 3412 2328 3452 communes
2360 3413 2373 3449 :
2401 3397 2480 3451 sic
2505 3396 2691 3467 igitur,
2716 3395 2937 3466 quando
2961 3406 3089 3450 sunt
3121 3404 3350 3458 naturae,
3383 3398 3604 3463 oportet

2004 3505 2099 3544 eas
2131 3488 2433 3543 subsistere
2462 3495 2519 3544 et
2564 3488 2932 3542 subsistentes
2969 3502 3089 3541 esse
3117 3502 3131 3552 ;
3166 3483 3386 3555 quando
3419 3492 3604 3538 autem

2004 3598 2115 3638 non
2146 3582 2369 3653 proprie
2395 3590 2451 3636 et
2480 3581 2600 3635 aliae
2631 3582 2700 3635 ab
2731 3581 2854 3636 aliis
2894 3588 3044 3644 sunt,
3073 3578 3278 3633 unione
3310 3577 3431 3632 illas
3460 3576 3606 3631 inter

2005 3686 2197 3749 aperte
2231 3678 2393 3742 facta,
2428 3693 2539 3730 non
2571 3675 2736 3730 etiam
2768 3673 2992 3745 proprie
3040 3671 3344 3727 subsistere
3387 3677 3605 3724 utram-

2006 3786 2114 3843 que
2146 3770 2517 3825 necessarium
2543 3776 2646 3825 est.
2676 3767 2927 3839 Evidens.
2951 3781 3083 3836 ergo
3113 3774 3197 3819 est
3228 3780 3338 3818 non
3371 3764 3603 3818 alterius

2006 3880 2129 3920 esse
2170 3863 2564 3927 subsistentia,
2603 3861 2696 3917 sed
2736 3861 2791 3914 in
2827 3875 2941 3914 una
2966 3858 3270 3926 eademque
3299 3855 3605 3911 subsisten-

2010 3956 2083 4012 tia
2130 3957 2425 4027 utriusque
2472 3953 2902 4010 existimandum
2953 3967 3073 4006 esse
3115 3950 3264 4020 quod
3296 3949 3605 4003 subsistens

2007 4065 2110 4109 est.
2142 4052 2272 4107 Ideo
2307 4062 2363 4106 et
2398 4050 2679 4121 rejicimus
2715 4047 2863 4119 quod
2909 4062 2938 4100 a
2975 4043 3131 4100 vobis
3167 4045 3220 4099 in
3255 4043 3361 4097 line
3393 4042 3603 4097 dictum

2008 4151 2113 4207 est,
2146 4141 2487 4213 impossibile
2523 4155 2645 4195 esse
2675 4138 2729 4192 in
2766 4152 2876 4191 una
2909 4136 3213 4205 eademque
3244 4130 3605 4189 subsistentia

2008 4236 2377 4292 diﬂ‘erentiam
2442 4232 2552 4289 dici
2616 4229 3011 4287 subsistentia.
3066 4225 3187 4283 Non
3240 4228 3389 4282 enim
3436 4223 3605 4279 abso-

2007 4329 2121 4385 lute
2161 4328 2396 4384 dicimus
2445 4323 2814 4381 differentiam
2862 4320 3349 4378 subsistentiarum
3399 4332 3457 4370 ιιι
3494 4330 3603 4370 una

2009 4421 2365 4476 subsistentia
2406 4417 2647 4481 Domini,
2684 4418 2790 4471 hoc
2839 4414 2987 4471 enim
3038 4413 3474 4469 demonstratum
3522 4417 3605 4463 est

2008 4531 2129 4570 esse
2153 4512 2530 4592 impossibile;
2565 4509 2837 4581 siquidem
2860 4524 2971 4562 non
3000 4506 3389 4560 distinctarum
3417 4517 3603 4556 rerum

317 4593 630 4694 ἰδιωμάτων
654 4593 813 4689 ἴσμεν
835 4614 1120 4685 διαφοράν·
1146 4612 1205 4664 οὑ
1227 4609 1334 4679 γὰρ
1356 4606 1710 4661 ὑποστάσεων
1726 4600 1897 4694 διαφό-

2011 4606 2069 4663 ἱη
2114 4607 2311 4662 eodem
2348 4605 2548 4675 aliquis
2581 4603 2792 4658 diceret
2838 4600 3121 4664 unionem,
3158 4597 3215 4651 in
3258 4611 3367 4666 quo
3402 4593 3601 4649 distin-

318 4690 495 4787 pwv‘ﬂ
528 4706 803 4782 διαφορῶν
830 4705 1025 4760 ἕνωσίν
1063 4719 1241 4773 φαμεν
1273 4699 1368 4752 ἐπὶ
1392 4697 1487 4751 τοῦ
1516 4696 1746 4767 Κυρίου·
1779 4690 1905 4745 τοῦ.

312 4784 376 4864 το
400 4809 509 4881 γὰρ
542 4800 870 4875 προεδείχθη
902 4798 997 4851 καὶ
1028 4794 1291 4849 ἀδύνατον
1312 4808 1326 4822 ·
1368 4793 1528 4861 εἴπερ
1564 4789 1640 4858 μὴ
1671 4786 1765 4839 καὶ
1793 4784 1904 4881 τῶν

313 4869 866 4970 διακεκριμένων,ὲν
898 4888 1079 4958 ταυτῷ
1101 4905 1184 4951 τις
1211 4886 1363 4954 λέγοι
1392 4883 1491 4956 τὴν
1514 4882 1735 4946 ἕνωσιν,
1763 4880 1829 4970 Δὲν
1856 4869 1902 4946 ᾧ

312 4992 411 5064 τὴν
440 4967 717 5057 διάκρισιν
748 4985 879 5056 ὁρᾷ·
935 4978 1072 5036 ἀλλὰ
1104 4977 1322 5049 φύσεων
1348 4972 1624 5041 διαφόρων
1654 4967 1904 5022 σύνθεσιν

315 5060 462 5138 κατὰ
510 5082 641 5152 μίαν
687 5077 789 5148 τὴν
835 5072 1060 5144 πρώτην
1096 5071 1154 5136 ἐξ
1183 5067 1361 5141 ἀρχῆς
1388 5060 1554 5119 οὖσαν
1584 5061 1677 5115 τοῦ
1703 5061 1902 5128 Λόγου,

315 5178 413 5235 καὶ
441 5176 504 5229 οὑ
540 5172 805 5242 δευτέραν
831 5163 970 5221 εἶναι
1005 5164 1328 5225 ὑπόστασιν,
1367 5158 1546 5213 εῐτουν
1580 5154 1641 5221 ἐξ
1664 5154 1902 5210 ὑποστὼ

317 5287 456 5332 σεως
489 5270 667 5338 τσμεν·
706 5263 820 5319 ἀλλ’
851 5260 1025 5323 οὑτως
1060 5257 1160 5329 μὲν
1189 5254 1334 5309 τάδε.

386 5362 461 5416 Τὸ
490 5361 548 5415 δὲ
574 5359 641 5431 δὴ
669 5356 858 5429 ἕτερον
885 5354 1048 5409 πάλιν
1078 5351 1107 5406 δ
1135 5344 1514 5417 ἁπειρήνασθε,
1540 5344 1623 5397 ὃτι
1648 5340 1770 5395 ἐπεὶ
1789 5339 1906 5393 διάη

316 5453 475 5527 φοροί
525 5454 665 5507 εἰσιν
716 5450 771 5503 αἱ
815 5446 1005 5518 φύσεις
1054 5445 1149 5497 ἐπὶ
1185 5444 1284 5512 τῆς
1318 5433 1902 5527 οίκονομίας,δινάγκη

318 5525 457 5600 εἶναι
485 5543 777 5613 διαφόρους
807 5538 902 5592 καὶ
926 5537 1027 5599 τὰς
1052 5533 1402 5595 ὑποστάσεις·
1438 5527 1548 5581 τῶν
1575 5526 1633 5580 δὲ
1668 5525 1907 5580 ὑποστά-

320 5654 461 5698 σεων
489 5634 866 5707 διαφερουσῶν
898 5631 993 5684 επὶ
1020 5628 1121 5699 τῆς
1147 5625 1299 5689 θείας
1325 5620 1534 5687 οὑσίας,
1560 5619 1663 5673 οὑκ
1690 5618 1906 5690 ἀνάγκῃ

317 5730 459 5789 εἶναι
505 5727 796 5800 διαφόρους
849 5723 947 5777 καὶ
995 5721 1095 5785 τὰς
1143 5719 1373 5791 φύσεις,
1427 5714 1546 5781 πῶς
1588 5712 1903 5776 δείκνυται;

320 5822 546 5895 Πρῶτον
570 5820 668 5892 μὲν
699 5818 806 5888 γὰρ
824 5817 882 5869 ἐν
910 5815 1025 5879 τοῖς
1053 5809 1365 5884 ἔμπροσθεν
1393 5807 1457 5861 τὸ
1483 5805 1780 5876 ἀδιάφορον
1797 5800 1905 5857 τῶν

321 5915 539 5985 φύσεων
592 5911 910 5981 ἀναγκαίως
944 5903 1168 5979 χρῄζειν
1215 5901 1310 5959 τοῦ
1339 5899 1601 5973 διαφόρου
1635 5896 1744 5955 τῶν
1770 5896 1903 5952 ὑπο-

2007 4698 2247 4754 ctionem
2274 4696 2460 4763 videt;
2492 4694 2589 4749 sed
2612 4704 2935 4748 naturarum
2964 4689 3340 4745 differentium
3371 4686 3603 4757 conjun-

2006 4791 2245 4847 ctionem
2275 4787 2580 4845 secundum
2611 4802 2777 4842 unam
2802 4782 3033 4855 primam
3067 4799 3097 4839 a
3145 4780 3418 4851 principio
3448 4778 3602 4834 exsiv
3704 4784 3723 4793 "

2006 4890 2243 4941 stentem
2277 4882 2466 4948 Verbi,
2517 4896 2620 4936 nec
2665 4872 2964 4934 secundam
3009 4891 3131 4931 esse
3162 4872 3597 4939 subsistentiam,

2005 4986 2136 5050 puta
2163 4992 2194 5032 e
2229 4973 2610 5039 subsistentia,
2643 4971 2868 5027 scimus.
2906 4967 3015 5025 Sed
3046 4968 3119 5023 ita
3147 4967 3372 5039 quidem
3401 4966 3525 5027 ista,

2078 5336 2236 5406 Quod
2282 5342 2465 5391 autem
2502 5345 2694 5388 rursus
2739 5325 3127 5401 proposuistis,
3176 5338 3405 5381 necesse
3450 5338 3594 5389 esse,

2006 5447 2129 5489 cum
2165 5429 2485 5487 dln‘erentes
2510 5424 2622 5482 sint
2653 5431 2863 5478 naturae
2909 5420 2966 5475 in
2992 5418 3389 5484 incarnatione,
3431 5416 3597 5472 din‘e-

2005 5532 2191 5580 rentes
2222 5522 2389 5578 etiam
2431 5520 2543 5575 sint
2572 5526 2631 5574 et
2662 5512 3070 5579 subsistentia;
3113 5510 3593 5581 subsistentiarum

1986 5627 2193 5675 autem
2224 5614 2598 5673 dill’erentiu'm
2643 5610 2699 5666 in
2732 5608 2970 5665 essentia
3012 5604 3222 5670 divina,
3254 5621 3367 5660 non
3400 5619 3595 5659 neces-

2005 5712 2150 5767 sario
2176 5723 2298 5767 esse
2329 5706 2652 5765 dill'erentes
2672 5712 2917 5767 naturas,
2942 5698 3222 5771 quomodo
3245 5693 3597 5753 ostenditur?

2004 5798 2188 5873 primo
2235 5800 2382 5857 enim
2431 5797 2695 5869 quidem,
2742 5794 2800 5850 in
2840 5793 2929 5848 his
2974 5806 3098 5862 quae
3146 5786 3403 5859 superius
3448 5784 3595 5841 dicta

2007 5902 2160 5963 sunt,
2178 5890 2599 5949 similitudinem
2624 5893 2948 5945 naturarum
2974 5878 3289 5939 necessario
3313 5875 3593 5948 requirere
