3916 6582
384 406 522 473 1563

1653 401 1968 466 LEONTII
2006 403 2410 465 BYZANTINI

3521 403 3676 472 1564

383 514 796 574 distinctionem
824 512 1334 582 subsistentiarum,
1365 514 1421 570 in
1463 528 1697 585 corpore
1730 514 1874 570 Petri
1913 522 1970 570 et

2099 516 2340 582 :rdaewv,
2371 516 2430 568 ἐν
2454 512 2536 585 τῷ
2562 511 2780 584 σώματι
2811 513 3020 585 Πέτρου
3052 515 3147 571 καὶ
3171 515 3390 570 Παύλου
3414 515 3658 587 ἐλέγετε·

382 610 560 677 Pauli,
601 609 837 664 dixistis.
885 608 1094 664 Deinde
1139 616 1324 662 autem
1367 621 1838 678 nuncquamnam
1869 606 1969 661 ba-

382 703 550 760 beant
576 703 844 775 originem
879 699 1213 762 conditionis
1242 700 1346 756 ista
1377 698 1801 760 dicite._SCitQte
1823 698 1972 754 enim

383 812 487 852 nos
516 804 576 850 ut
597 796 824 851 omnino
859 793 1202 850 contrarium
1227 791 1622 848 demonstretis
1652 791 1972 861 requirere;

383 897 447 943 ut
491 887 728 952 scilicet,
777 886 825 944 si
860 885 1186 942 diﬁ'erentes
1221 892 1353 940 sunt
1386 893 1622 949 naturae,
1657 883 1978 938 differentes

383 993 609 1051 quoque
649 993 772 1034 esse
804 977 1109 1034 secundum
1139 991 1241 1032 vos
1270 974 1679 1040 subsistentias,
1711 973 1808 1037 ita,
1849 988 1977 1028 cum

382 1079 596 1126 natura:
621 1070 733 1124 sint
763 1069 994 1134 similes,
1028 1066 1240 1124 similes
1267 1081 1489 1146 quoque
1521 1081 1644 1122 esse
1673 1065 1981 1121 subsisten-

383 1164 512 1220 tias.
540 1162 830 1230 Quomodo
861 1175 996 1232 ergo
1030 1175 1196 1216 unam
1225 1168 1282 1215 et
1315 1158 1553 1215 similem
1594 1167 1798 1214 sancta:
1822 1158 1982 1214 Tria-

385 1255 473 1312 dis
506 1263 782 1316 naturam,
812 1253 1137 1310 diﬂerentes
1171 1260 1361 1308 autem
1384 1251 1775 1323 subsistentias
1803 1250 1984 1306 credi-

384 1349 547 1406 mus?
571 1361 918 1418 consequens
959 1346 1108 1403 enim
1139 1345 1316 1410 foret,
1360 1345 1506 1400 sicut
1545 1343 1601 1398 in
1628 1342 1851 1399 Christo
1881 1341 1986 1398 dif—

386 1440 629 1497 ferentes
678 1448 920 1504 naturae,
973 1447 1032 1495 et
1076 1452 1269 1493 earum
1315 1433 1689 1492 subsistentia:
1735 1435 1901 1490 etiam
1952 1450 1985 1490 a

388 1532 548 1589 vobis
589 1531 853 1588 dicuntur
887 1529 1230 1595 differentes,
1282 1528 1363 1586 sic
1413 1528 1469 1583 in
1508 1527 1711 1582 Triade
1757 1535 1986 1582 naturas

390 1623 620 1690 similes,
653 1630 710 1678 et
752 1638 943 1678 earum
990 1620 1381 1677 subsistentias
1427 1619 1636 1674 similes
1674 1618 1804 1673 dici.
1849 1618 1986 1684 Imo,

390 1731 518 1772 ecce
543 1729 774 1770 numero
795 1715 1024 1770 omnino
1049 1714 1311 1784 aequales,
1338 1712 1644 1786 secundum
1675 1726 1797 1776 vos,
1821 1725 1987 1780 opor-

391 1813 470 1860 tet
511 1820 632 1861 esse
679 1813 908 1860 naturas
951 1812 1008 1858 ei
1041 1801 1462 1866 subsistentias;
1497 1816 1623 1856 cum
1667 1799 1834 1872 igitur
1878 1815 1989 1856 non

2073 601 2194 660 εἶτα
2238 606 2296 659 δὲ
2343 604 2438 659 νῦν
2481 603 2602 658 τίνα
2627 603 2740 676 ἔχει
2769 606 3028 677 ἀφορμὴν
3059 608 3160 678 τῆς
3185 608 3654 680 άποκληρώσεως.

2073 697 2200 752 τάδε
2235 697 2446 751 εἴπατε.
2487 695 2631 751 Ἰσθε
2672 697 2783 769 γὰρ
2813 695 3180 766 γινώσκοντες
3210 700 3289 765 ὡς
3319 695 3536 764 πάντως
3567 701 3664 755 καὶ

2055 790 2138 844 ’τὸ
2187 788 2426 843 ἐναντίον
2479 789 2624 861 ὑμᾶς
2663 789 3049 861 ἀπαιτήσομεν
3088 790 3297 858 δεῖξαι⁶
3354 793 3437 847 ὅτι
3473 791 3670 865 ὥσπερ

2077 883 2127 936 εί
2153 879 2402 952 διάφοροί
2427 881 2568 935 εἰσιν
2595 881 2654 937 αί
2679 879 2906 951 φύσεις,
2943 881 3194 953 διάφοροί
3224 883 3331 936 είσι
3361 882 3486 937 καθ’
3517 884 3662 955 ὑμᾶς

2079 975 2177 1030 καὶ
2209 973 2562 1041 ὑποστάσεις,
2599 973 2778 1039 οὑτως
2807 973 2903 1030 καὶ
2929 974 3040 1029 τῶν
3068 973 3283 1043 φύσεων
3311 974 3491 1028 οὐσῶν
3512 976 3662 1030 ἀδιαο

2081 1067 2306 1140 φόρων,
2367 1068 2424 1122 αἰ
2473 1067 2806 1133 ὑποστάσεις
2859 1067 3001 1122 εἰσιν
3052 1065 3365 1144 ἀδιάφοροι.
3414 1068 3540 1132 Πῶς
3573 1068 3666 1122 οὖν

2087 1159 2216 1233 μίαν
2250 1159 2352 1232 μὲν
2383 1158 2480 1214 καὶ
2510 1158 2806 1231 ἀδιάφορον
2848 1159 2949 1230 τῆς
2985 1159 3147 1230 ἁγίας
3177 1160 3411 1231 Τριάδος
3443 1161 3542 1231 τὴν
3565 1161 3667 1229 φύο

2087 1270 2194 1318 σιν,
2225 1252 2518 1325 διαφόρους
2542 1252 2600 1306 δὲ
2630 1251 2730 1317 τὰς
2756 1253 3088 1317 ὑποστάσεις
3114 1251 3480 1323 πιστεύομεν;
3517 1253 3673 1306 ’Δκό-

2084 1347 2277 1404 λουθον
2307 1345 2818 1417 γὰρῆἑσταιθῶσπερ
2846 1341 2922 1401 ὧν
2941 1347 2999 1400 αί
3023 1346 3219 1416 φύσεις
3247 1346 3519 1417 διάφοροι,
3549 1345 3672 1399 τούς-

2086 1458 2195 1495 των
2224 1439 2322 1493 καὶ
2351 1440 2406 1493 αί
2436 1438 2768 1503 ὑποστάσεις
2797 1437 3052 1506 λέγονται
3079 1438 3200 1492 καθ’
3226 1438 3373 1507 ὑμᾶς
3399 1437 3674 1507 διάφοροι,

2088 1531 2264 1597 οὑτως
2312 1530 2408 1585 καὶ
2448 1523 2524 1586 ὧν
2554 1532 2610 1586 ai
2642 1529 2836 1599 φύσεις
2863 1529 3173 1602 ἀδιάφοροι,
3213 1531 3422 1585 τούτων
3453 1531 3552 1584 καὶ
3579 1529 3676 1593 τὰς

2091 1624 2422 1686 ὑποστάσεις
2457 1624 2790 1694 ἀδιαφόρους
2820 1621 3101 1692 λέγεσθαι.
3141 1623 3263 1677 Ἔτι
3296 1623 3406 1696 μὴν
3444 1623 3553 1676 ίδοὺ
3582 1623 3676 1676 καὶ

2095 1715 2419 1787 ἰσαρίθμους
2471 1714 2692 1779 πάντως
2737 1714 2864 1769 καθ’
2893 1715 3039 1786 ὑμᾶς
3071 1714 3152 1769 δεῖ
3179 1709 3324 1768 εῖναι
3358 1715 3459 1778 τὰς
3489 1714 3680 1783 φύσεις

2093 1808 2187 1862 καὶ
2234 1807 2334 1872 τὰς
2375 1807 2726 1869 ὑποστάσεις.
2768 1806 2925 1860 Ἐπεὶ
2951 1806 3045 1861 οὑν
3073 1807 3135 1860 οὑ
3165 1806 3330 1877 μόνον
3359 1807 3677 1878 ἀδιάφορος,

392 1905 605 1951 tantum
649 1895 849 1952 similis
885 1895 1186 1957 sedetiam
1241 1908 1350 1948 una
1397 1892 1470 1948 sit
1520 1901 1723 1948 sanctae
1769 1891 1988 1947 Triadis

2099 1897 2227 1954 ἀλλὰ
2259 1899 2355 1952 καὶ
2389 1897 2488 1968 μία
2516 1898 2618 1966 τῆς
2643 1897 2811 1967 ἀγίας
2837 1898 3066 1970 Τριάδος
3091 1900 3125 1969 ἠ
3158 1899 3324 1970 φύσις
3343 1938 3358 1962 ,
3408 1899 3552 1952 ἔστω
3586 1901 3683 1953 καὶ

391 1997 620 2052 natura,
673 1987 744 2042 sit
788 1986 955 2042 etiam
1000 1985 1361 2041 subsistentia
1389 1999 1498 2038 una
1549 1991 1606 2038 et
1660 1983 1874 2038 similis.
1925 1980 1984 2037 Si

390 2095 523 2134 vero
567 2079 770 2146 dicitis,
825 2094 1078 2149 semper,
1136 2077 1313 2140 si,est
1356 2083 1570 2131 natura:
1618 2075 1968 2140 diﬁ'erentia,

390 2181 446 2226 ct
492 2173 866 2228 subsistentia:
920 2171 1290 2228 differentiam
1338 2184 1489 2236 esse;
1532 2169 1578 2225 si
1620 2184 1754 2224 vero
1801 2168 1986 2225 subsi-

391 2265 609 2319 stentiae
682 2273 767 2321 est
849 2262 1199 2327 differentia,
1273 2278 1386 2318 non
1470 2276 1688 2330 semper
1774 2268 1987 2316 natura:

393 2353 764 2410 diﬂ‘erentiam
811 2371 958 2420 esse,
1010 2370 1076 2410 eo
1116 2354 1267 2424 quod
1313 2354 1499 2408 minus
1531 2368 1698 2424 quam
1746 2351 1988 2407 essentia

394 2445 753 2501 subsistentia
786 2460 846 2501 se
875 2443 1180 2500 extendens
1213 2459 1325 2498 non
1359 2451 1544 2513 potest
1575 2442 1770 2497 iisdem
1802 2442 1991 2496 termi-

393 2537 482 2592 nis
527 2537 580 2591 in
626 2536 774 2591 illam
809 2536 1101 2610 converti:
1135 2536 1397 2606 primum,
1428 2534 1793 2605 particulares
1831 2543 1991 2589 natu-

396 2643 471 2683 ra:
511 2627 798 2686 evidenter
826 2641 936 2681 non
978 2627 1244 2696 majorem
1292 2641 1456 2696 quam
1497 2625 1869 2680 subsistentia:
1897 2641 1989 2696 ex:

398 2719 727 2784 tensionem,
772 2718 869 2774 sed
925 2718 1194 2773 minorem
1242 2717 1650 2787 quodammodo
1696 2695 1992 2773 censentur

397 2812 640 2880 habere;
677 2811 824 2882 quod
855 2827 1024 2866 unum
1060 2819 1146 2866 est
1171 2812 1346 2881 majus
1367 2818 1452 2866 est
1477 2827 1642 2880 quam
1670 2811 1817 2881 quod
1845 2826 1994 2866 com-

398 2921 566 2960 mune
623 2912 726 2960 est.
763 2903 1114 2960 Concedatur
1146 2919 1279 2974 ergo
1346 2903 1506 2958 vobis
1547 2902 1691 2958 istud
1745 2915 1988 2974 quoque.

398 2997 541 3068 Ergo
572 2996 758 3066 plures
785 3011 906 3052 esse
937 2995 1344 3061 subsistentias,
1375 3011 1485 3050 una
1515 3005 1727 3050 tantum
1767 3009 1892 3050 eum
1919 2995 1994 3049 sit

398 3095 615 3149 natura,
644 3101 868 3140 necesse
899 3093 1018 3150 est;
1049 3099 1315 3139 numerus
1341 3084 1489 3138 enim
1521 3099 1713 3138 eorum
1742 3099 1864 3154 qua:
1891 3083 1996 3138 mi-

401 3176 909 3234 nus'exlenduntur
931 3154 1303 3232 abundantior
1324 3183 1408 3231 est
1427 3177 1742 3232 necessario
1763 3191 1996 3232 numero

2087 1993 2121 2063 ἡ
2155 1990 2456 2055 ὑπόστασις
2508 1989 2606 2062 μία
2640 2007 2702 2062 τε
2745 1990 2842 2044 καὶ
2881 1990 3200 2061 ἀδιάφορος.
3258 1992 3322 2046 Et
3354 1992 3414 2046 δὲ
3447 1993 3680 2059 εἴποιτε,

2086 2086 2171 2140 ὅτι
2209 2085 2345 2150 εἴτις
2377 2084 2478 2157 μὲν
2506 2084 2724 2154 φύσεως
2749 2084 3007 2155 διαφορὰ,
3045 2085 3268 2150 πάντως
3301 2089 3399 2140 καὶ
3439 2087 3679 2140 ὑποστά-

2091 2175 2232 2241 σεώς
2261 2177 2431 2230 ὲστινο
2467 2176 2601 2239 εἴτις
2631 2174 2689 2229 δὲ
2720 2175 3076 2239 ὑποστάσεως
3096 2175 3357 2248 διαφορὰ,
3376 2177 3438 2230 οὑ
3463 2178 3688 2244 πάντως

2089 2267 2186 2321 καὶ
2233 2265 2484 2336 φύσεως,
2541 2265 2629 2320 διὰ
2673 2266 2736 2320 τὸ
2769 2265 2857 2320 ἐπ’
2883 2265 3139 2320 ἐλατττον
3169 2266 3336 2320 οὖσαν
3365 2267 3473 2338 τῆς
3499 2269 3688 2333 οὐσίας

2087 2358 2188 2429 τὴν
2225 2356 2520 2411 ὑπόστασιν
2571 2355 2646 2427 μὴ
2679 2356 3061 2428 ἀντιστρέφειν
3100 2357 3237 2427 πρὸς
3260 2356 3436 2428 αὐτὴν
3469 2360 3584 2422 τοῖς
3601 2359 3690 2411 λό-

2090 2465 2230 2521 γοις·
2248 2447 2463 2519 πρῶτον
2487 2447 2584 2518 μὲν
2598 2449 2652 2501 αἱ
2677 2447 2842 2522 ίδικαὶ
2859 2447 3267 2521 φύσειςδηλαδὴ
3291 2450 3395 2502 οὑκ
3417 2451 3515 2503 ἐπὶ
3536 2451 3686 2503 πλεῖ-

2093 2560 2216 2597 στον
2240 2541 2348 2595 τῶν
2373 2540 2756 2607 ὑποστάσεων,
2785 2541 2921 2595 ἀλλὰ
2953 2544 3049 2594 καὶ
3078 2543 3164 2596 ἐπ’
3193 2541 3420 2596 ἔλαττόν
3447 2560 3502 2595 τι
3525 2545 3690 2596 vociv-

2091 2658 2152 2695 το
2181 2639 2274 2718 ᾄν·
2317 2639 2479 2710 μόναι
2508 2637 2565 2691 δὲ
2599 2637 2694 2691 ἐπὶ
2723 2636 2908 2693 πλεῖόν
2939 2638 3078 2691 εἰσιν
3110 2639 3166 2692 αί
3192 2637 3393 2692 κοιναί.
3431 2637 3688 2694 Δεδόσϐω.

2091 2733 2134 2786 δ’
2165 2731 2256 2786 οὑν
2288 2731 2418 2802 ὑμῖν
2452 2732 2547 2785 καὶ
2571 2731 2750 2785 τοῦτο.
2796 2729 3013 2785 Οὐκοῦν
3047 2731 3141 2784 καὶ
3172 2731 3392 2796 πλείους
3419 2730 3563 2787 εἶναι
3589 2733 3689 2796 τὰς

2095 2825 2446 2889 ὑποστάσεις,
2485 2825 2615 2895 μιᾶς
2643 2822 2810 2893 οὔσης
2841 2825 2944 2892 τῆς
2973 2822 3192 2893 φύσεως
3221 2824 3463 2895 ἀνάγκη.
3489 2824 3552 2877 '0
3582 2824 3690 2895 γὰρ

2094 2917 2328 2990 ἀριθμὸς
2378 2917 2488 2970 τῶν
2533 2917 2618 2970 ἐπ’
2646 2916 2868 2970 ἔλαττον
2909 2915 3303 2987 περισσότερος
3331 2916 3446 2972 τῶν
3473 2916 3696 2972 καθολιη

2096 3011 2354 3085 κωτέρων
2383 3010 2567 3072 αὐτῶν
2601 3009 2662 3074 ἐξ
2687 3009 2934 3078 ἀνάγκης
2966 3009 3085 3064 ἐστί
3103 3025 3117 3039 ο
3169 3009 3264 3064 καὶ¹
3294 3011 3329 3081 ἢ
3355 3011 3450 3063 δύο
3474 3010 3699 3067 ἔσονται,

2095 3101 2282 3155 λοιπὸν
2315 3100 2348 3173 ἢ
2381 3099 2599 3164 πλείους
2629 3099 2663 3170 ἢ
2699 3100 2822 3170 μία,
2853 3100 2951 3153 σὺν
2973 3100 3249 3172 ὲπιμορίῳ
3273 3101 3420 3154 κατά
3449 3103 3579 3172 μίαν
3599 3102 3697 3172 cpti-

2101 3211 2184 3248 σιν
2221 3194 2277 3247 αἱ
2307 3193 2638 3257 ὑποστάσεις
2677 3191 2835 3247 οὖσαι
2860 3208 2875 3224 °
2927 3192 3119 3248 τούτου
3153 3193 3210 3247 δὲ
3245 3193 3422 3259 οὑτως
3454 3195 3698 3264 ἔχοντος,

402 3287 597 3329 eorum
622 3287 744 3342 quae
774 3281 903 3328 sunt
926 3271 1097 3343 magis
1126 3270 1492 3343 generalium.
1524 3271 1592 3325 Et
1624 3272 1709 3326 vel
1741 3271 1863 3326 duae
1894 3271 1995 3326 de-

2101 3284 2195 3338 δύο
2222 3284 2414 3353 φύσεις
2437 3283 2594 3338 οὖσαι
2618 3285 2677 3339 αί
2700 3285 2795 3338 τοῦ
2821 3284 3118 3352 Δεσπότου,
3141 3285 3175 3354 ἧ
3197 3286 3466 3360 τέσσαρες
3489 3289 3522 3359 ἦ
3546 3292 3698 3359 τρεῖς

403 3379 553 3420 mum
587 3371 773 3427 erunt,
804 3364 890 3418 vel
923 3365 1132 3434 plures,
1168 3362 1256 3417 vel
1293 3377 1423 3428 una,
1459 3377 1585 3416 cum
1630 3375 1994 3416 numerorum

402 3455 674 3529 particula
723 3455 1027 3511 secundum
1077 3470 1244 3510 unam
1292 3463 1546 3509 naturam
1597 3453 1992 3509 subsistentiae.

405 3548 487 3603 Re
532 3547 606 3601 ita
649 3562 708 3602 se
755 3546 1013 3612 habente,
1045 3546 1169 3601 dum
1208 3555 1419 3600 naturae
1461 3560 1584 3600 cum
1618 3544 1729 3599 sint
1756 3543 1996 3610 Domini,

406 3649 503 3696 aut
533 3649 792 3711 quatuor,
828 3650 924 3695 aut
971 3647 1106 3705 tres,
1150 3647 1244 3694 aut
1274 3637 1412 3692 duas
1445 3635 1999 3693 senti-subsistentias

409 3724 713 3798 habebunt,
745 3741 842 3788 aut
871 3732 976 3788 tale
1017 3730 1248 3802 aliquid,
1277 3730 1582 3787 secundum
1624 3723 1869 3784 vestram
1896 3744 2000 3783 au:

409 3825 709 3881 thenticam
746 3825 946 3896 legem.
974 3824 1042 3879 Et
1070 3840 1180 3878 non
1216 3824 1392 3879 solum
1423 3824 1772 3893 conjunctam
1808 3836 2000 3892 perso-

408 3933 534 3973 nam
566 3919 707 3973 male
739 3917 898 3972 vobis
932 3916 1164 3974 sulliciet
1196 3915 1253 3970 in
1299 3915 1684 3971 subsistentias
1728 3912 1997 3979 dividere,

411 4009 510 4064 sed
543 4010 717 4079 ipsam
747 4024 1022 4080 quamque
1059 4007 1364 4078 simplicem
1389 4016 1445 4062 et
1476 4007 1866 4078 particularem
1906 4008 1999 4060 na;

2102 3371 2135 3441 ἢ
2169 3369 2262 3424 δύο
2291 3371 2463 3441 ἥμισυ
2495 3372 2595 3434 τὰς
2623 3371 2956 3435 ὑποστάσεις
2985 3371 3232 3440 ἕξουσιν,
3275 3375 3309 3444 ἧ
3341 3392 3396 3428 τι
3425 3375 3700 3440 τοιοῦτον,

2105 3463 2244 3516 κατὰ
2292 3461 2388 3533 τὴν
2429 3462 2757 3530 αὑθεντικὴν
2803 3464 2958 3535 ὑμῶν
3002 3465 3165 3536 τήνδε
3198 3465 3560 3535 νομοθεσίανο
3601 3471 3700 3520 καὶ

2104 3555 2163 3608 οὑ
2197 3556 2360 3626 μόνον
2395 3554 2456 3608 τὸ
2485 3554 2743 3609 σύνθετον
2771 3555 3065 3628 πρόσωπον
3098 3556 3286 3619 κακῶς
3307 3557 3446 3628 ,ὑμῖν
3473 3557 3706 3628 ἀρκέσει

2105 3649 2186 3711 είς
2236 3648 2571 3712 ὑποστάσεις
2619 3648 2887 3720 διαιρεῖν,
2940 3648 3081 3703 ἀλλά
3111 3649 3208 3703 καὶ
3251 3649 3426 3719 αὑτὴν
3461 3651 3703 3720 ἑκάστην

2105 3739 2286 3811 ἁπλῆν
2315 3758 2376 3795 τε
2411 3741 2520 3795 καὶ
2541 3742 2719 3813 ίδικὴν
2748 3741 2911 3812 φύσιν
2938 3742 3104 3796 αὑτοῦ
3131 3759 3192 3796 τε
3223 3745 3320 3798 καὶ
3350 3744 3582 3809 παντὸς,
3618 3746 3704 3806 εἰς

2106 3829 2328 3884 πλείονα
2359 3831 2593 3903 ἀριθμὸν
2622 3832 2974 3899 ὑποστάσεις,
3008 3832 3108 3905 τὴν
3148 3833 3324 3904 ίδικὴν
3355 3832 3571 3887 Παύλου
3603 3834 3705 3903 μό.

2106 3939 2200 3976 νου
2234 3922 2400 3993 φύσιν
2431 3923 2864 3991 ἐπιδείκνυσθαι,
2892 3924 2986 3978 δύο
3017 3925 3115 3996 μὲν
3142 3925 3207 3978 ἐκ
3232 3924 3335 3995 τῆς
3358 3925 3501 3980 κατὰ
3522 3925 3704 3995 ψυχὴν

2107 4011 2344 4081 φύσεως,
2367 4015 2496 4085 τρία
2511 4014 2568 4067 δὲ
2585 4014 2746 4084 τυχὸν
2774 4015 2838 4067 ὲκ
2853 4013 2952 4084 τῆς
2970 4013 3302 4084 κατὰοσῶμα
3329 4015 3702 4085 συναγόμενα..

408 4117 592 4182 ειη-ειη
626 4103 746 4173 ejus
781 4111 838 4157 et
872 4101 1053 4156 omnis
1090 4101 1355 4172 cujusvis,
1391 4100 1447 4155 in
1473 4100 1859 4157 subsistentias
1884 4102 2074 4171 plures
2100 4120 2369 4174 numero;
2403 4107 2798 4178 particularem
2825 4107 2999 4164 solius
3029 4108 3185 4163 Pauli
3221 4117 3478 4163 naturam
3510 4117 3704 4165 osten—

412 4195 566 4259 dere,
597 4195 815 4250 duobus
853 4203 1104 4250 constare
1145 4209 1214 4248 ex
1244 4202 1443 4248 natura
1475 4192 1770 4262 Spirituali,
1813 4193 1991 4248 tribus
2023 4205 2210 4253 autem
2239 4214 2307 4254 ex
2338 4209 2537 4256 natura
2570 4183 2872 4269 corporali.

486 4289 556 4346 Et
583 4289 673 4344 illa
706 4287 932 4357 quidem
963 4286 1044 4341 sic
1083 4285 1222 4340 ratio
1252 4285 1430 4355 arguit
1458 4299 1556 4339 vos
1593 4283 2003 4341 inconsiderate

413 4379 805 4456 proposuisse;
841 4377 1082 4432 mundus
1105 4384 1290 4431 autem
1320 4375 1500 4431 omnis
1527 4376 1632 4430 iste
1659 4384 1714 4430 et
1743 4377 2005 4446 pleraque

414 4487 610 4531 eorum
657 4487 781 4542 qua:
827 4471 881 4525 in
919 4485 985 4526 eo
1018 4477 1148 4524 sunt
1181 4468 1607 4524 discordantiam
1649 4476 1847 4524 vestrae
1880 4485 2006 4524 sen-

2119 4329 2123 4333 -
2183 4292 2293 4344 Καὶ
2340 4290 2513 4345 ταῦτα
2566 4292 2664 4363 μὲν
2710 4292 2885 4356 οὑτως
2934 4293 2963 4345 ό
3001 4290 3158 4360 λόγος
3212 4291 3359 4362 ὑμᾶς
3398 4285 3692 4365 ἀπελέγχει

2113 4381 2406 4451 προπετῶς
2431 4378 2911 4451 ἀποφηναμένους.
2953 4378 3012 4432 '0
3036 4379 3094 4431 δὲ
3125 4380 3326 4451 κόσμος
3352 4382 3500 4446 ἄπας
3518 4383 3706 4438 οὑτοσὶ

2115 4475 2208 4528 καὶ
2238 4472 2306 4527 τὰ
2337 4471 2564 4526 πλεῖστα
2590 4471 2699 4526 τῶν
2727 4474 2786 4526 ὲν
2807 4471 2958 4542 αὑτῷ
2979 4472 3040 4525 τὸ
3062 4471 3365 4526 ἀσύστατον
3385 4474 3487 4544 τῆς
3509 4475 3706 4545 ὑμετὲο

418 4567 603 4623 tentia:
637 4565 818 4635 reipsa
849 4573 1038 4635 aperte
1067 4562 1458 4619 condemnant.
1491 4555 1554 4616 Si
1579 4577 1692 4616 non
1725 4569 1872 4617 esset
1898 4577 1995 4616 una

2114 4553 2216 4636 ρας
2265 4565 2426 4635 δόξης
2482 4563 2786 4634 στηλιτεύει
2835 4539 3251 4636 τῴ-πράγματι
3296 4539 3452 4632 αὑτῷ
3495 4539 3703 4636 σαφῶς.

417 4651 748 4734 hypostasis,
771 4674 870 4715 seu
905 4672 1138 4732 persona
1171 4656 1408 4728 alicujus
1437 4654 1705 4725 corporis,
1742 4664 1875 4725 puta
1921 4672 2009 4710 ar-

417 4752 572 4808 boris
592 4766 660 4807 ex
684 4749 897 4806 naturis
921 4759 1159 4820 quatuor
1184 4748 1586 4804 elementorum
1610 4747 1877 4813 conﬂatm,
1906 4764 2012 4804 nec

420 4861 531 4902 una
572 4843 882 4917 hypostasis
920 4841 1060 4908 Aferri
1110 4840 1421 4906 candentis,
1471 4857 1539 4895 ex
1583 4841 1752 4896 variis
1797 4841 2013 4896 naturis

332 5002 341 5010 _
415 4939 657 5013 junctis,
693 4954 801 4993 una
836 4937 1147 5009 hypostasis
1181 4933 1422 4989 hominis
1462 4933 1737 4988 variarum
1785 4944 2012 4990 natura-

422 5031 545 5088 rum
579 5033 883 5094 unitarum,
921 5045 1030 5084 una
1063 5027 1373 5100 hypostasis
1419 5027 1494 5097 (=l)
1538 5026 1770 5097 hujusce
1802 5028 2011 5096 templi,

423 5142 533 5182 una
581 5123 894 5197 hypostasis
944 5121 1197 5185 remedii,
1246 5135 1356 5174 una
1405 5118 1716 5190 hypostasis
1765 5119 2014 5174 universi

423 5220 590 5291 hujus
617 5209 808 5274 mundi
841 5233 909 5272 ex
944 5215 1111 5271 variis
1141 5213 1433 5270 elementis
1466 5213 1790 5277 constantis,
1821 5213 2020 5268 imme-

426 5312 535 5367 rito
579 5326 750 5365 unum
793 5309 1028 5364 dicimus
1071 5307 1374 5372 hominem,
1412 5306 1690 5371 arborem,
1724 5304 2016 5371 mundum,

426 5410 524 5459 aut
554 5399 764 5474 aliquid
805 5400 1162 5472 praedictum;
1188 5399 1277 5456 vel
1319 5413 1585 5471 negamus
1605 5398 1764 5470 juxta
1792 5407 2022 5454 naturas

503 5540 585 5612 (l)
608 5539 683 5596 De
709 5539 1078 5612 hissocibus,
1111 5539 1474 5612 substantia,_
1498 5553 1759 5612 persona,
1815 5552 2016 5612 magna

427 5607 537 5671 fuit
565 5607 819 5682 quaestio‘
841 5618 899 5665 et
935 5610 1267 5682 obscuritas,
1308 5609 1366 5664 in
1391 5607 1880 5682 primisEcclesia:
1916 5607 2018 5682 sa;-

432 5679 601 5744 culis,
633 5679 909 5748 siquidem
939 5696 1048 5734 una
1071 5694 1180 5734 vox
1228 5680 1283 5735 in
1336 5679 1526 5748 partes
1571 5679 1881 5735 contrarias
1912 5679 2014 5733 ali-

434 5751 661 5825 quando
684 5747 1128 5825 discerpebatur,
1154 5765 1318 5825 v._g._
1342 5747 1644 5825 ὑπόστασις
1682 5765 1834 5825 nunc
1877 5763 2009 5820 per-

438 5818 600 5890 sona,
636 5837 787 5878 nunc
810 5818 1120 5877 substantia
1166 5818 1486 5891 dicebatur.
1542 5819 1704 5891 Apud
1752 5818 2008 5876 nostrum

440 5889 724 5954 numerem
757 5893 1056 5959 ὑπόστασις
1085 5889 1308 5948 videtur
1331 5890 1476 5947 idem
1497 5889 1619 5949 esse
1649 5907 1712 5948 ac
1761 5891 2007 5964 supposi-

2113 4657 2176 4710 Εἰ
2209 4657 2318 4728 γὰρ
2368 4656 2443 4728 μὴ
2477 4655 2580 4726 μία
2627 4657 2660 4727 η
2694 4654 2997 4718 ὑπόστασίς
3036 4657 3186 4709 ἐστιν
3221 4657 3279 4709 ὲν
3309 4657 3446 4728 τῷδέ
3500 4675 3610 4712 τινι
3641 4661 3712 4712 cr

2114 4749 2399 4819 τεσσάρων
2455 4748 2671 4816 φύσεων
2722 4747 3008 4819 στοιχείων
3066 4747 3280 4819 σώματι
3325 4750 3496 4819 φυτοῦ
3541 4752 3709 4822 τυχὸν

2116 4841 2546 4913 συγκροτηθέντι
2570 4881 2586 4907 ,
2647 4841 2746 4895 καὶ
2799 4841 2899 4912 μία
2934 4841 3234 4906 ὑπόστασις
3267 4840 3364 4895 τοῦ
3400 4843 3603 4915 μύδρου
3643 4847 3710 4902 ἐκ

2115 4934 2388 5005 διαφόρων
2416 4933 2633 5002 φύσεων
2661 4932 3118 5004 συμπλακεισῶν,
3153 4933 3250 4988 καὶ
3282 4936 3382 5005 μία
3407 4935 3709 5002 ὑπόστασις

2115 5023 2405 5095 ἀνθρώπου
2458 5025 2522 5078 ἐκ
2550 5024 2826 5096 διαφόρων
2859 5023 3078 5094 φύσεων
3111 5024 3444 5096 ἠνωμένων,
3483 5025 3579 5078 καὶ
3611 5026 3708 5095 μία

2119 5117 2434 5191 ὑπόστασις
2471 5115 2629 5170 τοῦδε
2677 5115 2772 5168 τοῦ
2808 5115 2961 5180 ναοῦ,
3003 5119 3099 5170 καὶ
3141 5114 3240 5187 μία
3271 5114 3574 5180 ὑπόστασις
3612 5116 3710 5170 τοῦ

2121 5208 2442 5280 φαρμάκου,
2478 5207 2574 5260 καὶ
2608 5207 2709 5278 μία
2735 5208 3040 5272 ὑπόστασις
3074 5206 3276 5271 παντὸς
3303 5206 3458 5261 τοῦδε
3490 5206 3586 5262 τοῦ
3616 5209 3708 5262 κό-

2122 5318 2262 5372 σμου
2318 5303 2383 5354 ἐκ
2431 5300 2707 5372 διαφόρων
2752 5301 2970 5370 φύσεων
3019 5297 3355 5365 συνεστῶσα,
3391 5299 3584 5364 κακῶς
3610 5300 3706 5355 ἕνα

2122 5394 2214 5449 τὸν
2247 5393 2532 5466 ἄνθρωπον
2594 5393 2629 5466 ἢ
2676 5393 2738 5446 τὸ
2783 5393 2949 5464 φυτὸν
2997 5393 3031 5464 ἢ
3078 5393 3169 5446 τὸν
3201 5393 3404 5463 κόσμον
3450 5393 3486 5464 ἢ
3518 5410 3571 5446 τι
3600 5394 3707 5450 τῶν

2124 5546 2278 5605 tum;
2323 5536 2677 5594 individuum
2741 5534 2997 5607 designat
3048 5534 3166 5591 sive
3219 5533 3490 5607 rationale
3509 5571 3538 5607 ,_
3587 5533 3703 5589 sive

2117 5602 2271 5680 noni
2309 5609 2513 5680 saepius
2540 5619 2726 5664 tamen
2762 5602 3187 5678 per'personam
3233 5602 3575 5680 traducenda
3597 5614 3700 5680 est.

2115 5673 2273 5746 Quod
2336 5673 2518 5735 Latini
2569 5695 2678 5734 una
2727 5673 2862 5734 voce
2896 5673 3146 5747 'persona
3190 5673 3546 5747 exprimunt,
3603 5673 3707 5729 hoc

2113 5743 2288 5878 1(graeci
2314 5750 2550 5819 duabus,
2581 5750 2880 5814 ὑπόστασις
2898 5743 2955 5803 et
2979 5743 3287 5820 πρόσωπον,
3307 5743 3518 5802 utalibi
3549 5751 3706 5803 nota!

2155 5830 2283 5878 Itur.
3061 5841 3088 5871 .*
3412 5841 3417 5846 ο

2154 5822 2283 5879 itur.
3061 5841 3088 5871 .*
3412 5841 3417 5846 α
