  <div class='ocr_page' id='page_1' title='image "/cluster/home/n/w/nwhite01/storage/ocr_20150623/86:1/hvd.32044019208909/790.png"; bbox 0 0 3916 6560; ppageno 0'>
   <div class='ocr_carea' id='block_1_1' title="bbox 185 400 490 534">
    <p class='ocr_par' dir='ltr' id='par_1_1' title="bbox 185 400 490 534">
     <span class='ocr_line' id='line_1_1' title="bbox 185 400 490 534; baseline -0.033 0"><span class='ocrx_word' id='word_1_1' title='bbox 185 400 490 534; x_wconf 48' lang='grc' dir='ltr'>ἰδδε</span> 
     </span>
    </p>
   </div>
   <div class='ocr_carea' id='block_1_2' title="bbox 281 567 1243 642">
    <p class='ocr_par' dir='ltr' id='par_1_2' title="bbox 281 567 1243 642">
     <span class='ocr_line' id='line_1_2' title="bbox 281 567 1243 642; baseline -0.009 -12"><span class='ocrx_word' id='word_1_2' title='bbox 281 572 427 632; x_wconf 54' lang='grc' dir='ltr'><strong>⁴ῖιύητω</strong></span> <span class='ocrx_word' id='word_1_3' title='bbox 485 571 795 642; x_wconf 83' lang='grc' dir='ltr'>λεγομένων</span> <span class='ocrx_word' id='word_1_4' title='bbox 859 567 1198 641; x_wconf 76' lang='grc' dir='ltr'><strong>ὀνομάζομεν</strong></span> <span class='ocrx_word' id='word_1_5' title='bbox 1228 583 1243 600; x_wconf 67' lang='grc' dir='ltr'>ν</span> 
     </span>
    </p>
   </div>
   <div class='ocr_carea' id='block_1_3' title="bbox 282 655 1870 736">
    <p class='ocr_par' dir='ltr' id='par_1_3' title="bbox 282 655 1870 736">
     <span class='ocr_line' id='line_1_3' title="bbox 282 655 1870 736; baseline -0.008 -16"><span class='ocrx_word' id='word_1_6' title='bbox 282 667 393 720; x_wconf 84' lang='grc' dir='ltr'>τῶν</span> <span class='ocrx_word' id='word_1_7' title='bbox 420 664 634 736; x_wconf 78' lang='grc' dir='ltr'>φύσεων</span> <span class='ocrx_word' id='word_1_8' title='bbox 667 662 856 728; x_wconf 83' lang='grc' dir='ltr'>ποσὸν,</span> <span class='ocrx_word' id='word_1_9' title='bbox 882 663 976 716; x_wconf 76' lang='grc' dir='ltr'>καὶ</span> <span class='ocrx_word' id='word_1_10' title='bbox 1005 661 1096 714; x_wconf 81' lang='grc' dir='ltr'>τὸν</span> <span class='ocrx_word' id='word_1_11' title='bbox 1125 659 1234 714; x_wconf 86' lang='grc' dir='ltr'><strong>τῶν</strong></span> <span class='ocrx_word' id='word_1_12' title='bbox 1254 660 1612 714; x_wconf 86' lang='grc' dir='ltr'>ὑποστάσεων</span> <span class='ocrx_word' id='word_1_13' title='bbox 1635 655 1870 728; x_wconf 70' lang='grc' dir='ltr'>ἀριθμὸν</span> 
     </span>
    </p>
   </div>
   <div class='ocr_carea' id='block_1_4' title="bbox 287 745 1870 824">
    <p class='ocr_par' dir='ltr' id='par_1_4' title="bbox 287 745 1870 824">
     <span class='ocr_line' id='line_1_4' title="bbox 287 745 1870 824; baseline -0.008 -14"><span class='ocrx_word' id='word_1_14' title='bbox 287 756 651 820; x_wconf 75' lang='grc' dir='ltr'><strong>πλεονάζοντα</strong></span> <span class='ocrx_word' id='word_1_15' title='bbox 681 757 858 824; x_wconf 59' lang='grc' dir='ltr'>ἴσμεν</span> <span class='ocrx_word' id='word_1_16' title='bbox 890 751 1192 822; x_wconf 68' lang='grc' dir='ltr'>οὖδαμόθεν</span> <span class='ocrx_word' id='word_1_17' title='bbox 1212 750 1400 803; x_wconf 77' lang='grc' dir='ltr'>λοιπὸν</span> <span class='ocrx_word' id='word_1_18' title='bbox 1417 749 1652 820; x_wconf 76' lang='grc' dir='ltr'>ἐχόντων</span> <span class='ocrx_word' id='word_1_19' title='bbox 1674 745 1870 810; x_wconf 77' lang='grc' dir='ltr'>ἑνικῶς</span> 
     </span>
    </p>
   </div>
   <div class='ocr_carea' id='block_1_5' title="bbox 287 836 1869 926">
    <p class='ocr_par' dir='ltr' id='par_1_5' title="bbox 287 836 1869 926">
     <span class='ocr_line' id='line_1_5' title="bbox 287 836 1869 926; baseline -0.01 -21"><span class='ocrx_word' id='word_1_20' title='bbox 287 846 791 926; x_wconf 65' lang='grc' dir='ltr'>προσαγορεύεσθαι</span> <span class='ocrx_word' id='word_1_21' title='bbox 813 845 920 900; x_wconf 82' lang='grc' dir='ltr'><strong>τῶν</strong></span> <span class='ocrx_word' id='word_1_22' title='bbox 941 845 1082 899; x_wconf 84' lang='grc' dir='ltr'>κατὰ</span> <span class='ocrx_word' id='word_1_23' title='bbox 1101 844 1262 913; x_wconf 77' lang='grc' dir='ltr'>φύσιν</span> <span class='ocrx_word' id='word_1_24' title='bbox 1281 844 1581 912; x_wconf 81' lang='grc' dir='ltr'>ἡνωμένων</span> <span class='ocrx_word' id='word_1_25' title='bbox 1596 836 1869 894; x_wconf 73' lang='grc' dir='ltr'>ὁπωσοῦν·</span> 
     </span>
    </p>
   </div>
   <div class='ocr_carea' id='block_1_6' title="bbox 284 929 1872 1011">
    <p class='ocr_par' dir='ltr' id='par_1_6' title="bbox 284 929 1872 1011">
     <span class='ocr_line' id='line_1_6' title="bbox 284 929 1872 1011; baseline -0.008 -15"><span class='ocrx_word' id='word_1_26' title='bbox 284 945 420 996; x_wconf 81' lang='grc' dir='ltr'>ὅπου</span> <span class='ocrx_word' id='word_1_27' title='bbox 455 942 615 1011; x_wconf 80' lang='grc' dir='ltr'>ὑμεῖς</span> <span class='ocrx_word' id='word_1_28' title='bbox 636 939 834 994; x_wconf 77' lang='grc' dir='ltr'>ταυτὸν</span> <span class='ocrx_word' id='word_1_29' title='bbox 862 933 1002 994; x_wconf 80' lang='grc' dir='ltr'>εἶναι</span> <span class='ocrx_word' id='word_1_30' title='bbox 1029 939 1192 1008; x_wconf 85' lang='grc' dir='ltr'>φύσιν</span> <span class='ocrx_word' id='word_1_31' title='bbox 1221 938 1316 990; x_wconf 74' lang='grc' dir='ltr'>καὶ</span> <span class='ocrx_word' id='word_1_32' title='bbox 1345 935 1642 988; x_wconf 82' lang='grc' dir='ltr'><strong>ὑπόστασιν</strong></span> <span class='ocrx_word' id='word_1_33' title='bbox 1673 929 1872 984; x_wconf 82' lang='grc' dir='ltr'>πολλάο</span> 
     </span>
    </p>
   </div>
   <div class='ocr_carea' id='block_1_7' title="bbox 287 1024 1874 1112">
    <p class='ocr_par' dir='ltr' id='par_1_7' title="bbox 287 1024 1874 1112">
     <span class='ocr_line' id='line_1_7' title="bbox 287 1024 1874 1112; baseline -0.01 -23"><span class='ocrx_word' id='word_1_34' title='bbox 287 1053 389 1112; x_wconf 36' lang='grc' dir='ltr'>κις,</span> <span class='ocrx_word' id='word_1_35' title='bbox 422 1034 676 1102; x_wconf 81' lang='grc' dir='ltr'>λέγοντες</span> <span class='ocrx_word' id='word_1_36' title='bbox 701 1047 717 1064; x_wconf 81' lang='grc'><strong><em>⁸</em></strong></span> <span class='ocrx_word' id='word_1_37' title='bbox 771 1031 873 1103; x_wconf 73' lang='grc' dir='ltr'>κᾶν</span> <span class='ocrx_word' id='word_1_38' title='bbox 923 1030 1216 1100; x_wconf 79' lang='grc' dir='ltr'><strong>διαφόρους</strong></span> <span class='ocrx_word' id='word_1_39' title='bbox 1253 1028 1390 1083; x_wconf 86' lang='grc' dir='ltr'>δῶτε</span> <span class='ocrx_word' id='word_1_40' title='bbox 1420 1027 1517 1090; x_wconf 69' lang='grc' dir='ltr'>τὰς</span> <span class='ocrx_word' id='word_1_41' title='bbox 1543 1024 1874 1085; x_wconf 79' lang='grc' dir='ltr'><strong>ὑποστάσεις</strong></span> 
     </span>
    </p>
   </div>
   <div class='ocr_carea' id='block_1_8' title="bbox 287 1114 1873 1197">
    <p class='ocr_par' dir='ltr' id='par_1_8' title="bbox 287 1114 1873 1197">
     <span class='ocr_line' id='line_1_8' title="bbox 287 1114 1873 1197; baseline -0.009 -17"><span class='ocrx_word' id='word_1_42' title='bbox 287 1126 390 1197; x_wconf 81' lang='grc' dir='ltr'>τῆς</span> <span class='ocrx_word' id='word_1_43' title='bbox 438 1126 600 1193; x_wconf 77' lang='grc' dir='ltr'>ἁγίας</span> <span class='ocrx_word' id='word_1_44' title='bbox 646 1125 902 1196; x_wconf 81' lang='grc' dir='ltr'>Τριάδος,</span> <span class='ocrx_word' id='word_1_45' title='bbox 959 1126 1177 1186; x_wconf 73' lang='grc' dir='ltr'>πάντως</span> <span class='ocrx_word' id='word_1_46' title='bbox 1223 1121 1320 1175; x_wconf 77' lang='grc' dir='ltr'>καὶ</span> <span class='ocrx_word' id='word_1_47' title='bbox 1366 1120 1464 1183; x_wconf 81' lang='grc' dir='ltr'>τὰς</span> <span class='ocrx_word' id='word_1_48' title='bbox 1510 1116 1733 1189; x_wconf 85' lang='grc' dir='ltr'>φύσεις,</span> <span class='ocrx_word' id='word_1_49' title='bbox 1775 1114 1873 1167; x_wconf 79' lang='grc' dir='ltr'>καὶ</span> 
     </span>
    </p>
   </div>
   <div class='ocr_carea' id='block_1_9' title="bbox 287 1201 1868 1286">
    <p class='ocr_par' dir='ltr' id='par_1_9' title="bbox 287 1201 1868 1286">
     <span class='ocr_line' id='line_1_9' title="bbox 287 1201 1868 1286; baseline -0.01 -13"><span class='ocrx_word' id='word_1_50' title='bbox 287 1221 337 1275; x_wconf 80' lang='grc' dir='ltr'><strong>εί</strong></span> <span class='ocrx_word' id='word_1_51' title='bbox 369 1219 623 1283; x_wconf 88' lang='grc' dir='ltr'>πλείους,</span> <span class='ocrx_word' id='word_1_52' title='bbox 662 1216 722 1285; x_wconf 76' lang='grc' dir='ltr'><strong>ἐξ</strong></span> <span class='ocrx_word' id='word_1_53' title='bbox 752 1216 998 1286; x_wconf 77' lang='grc' dir='ltr'>ἀνάγκης</span> <span class='ocrx_word' id='word_1_54' title='bbox 1030 1213 1204 1276; x_wconf 87' lang='grc' dir='ltr'>τόσας</span> <span class='ocrx_word' id='word_1_55' title='bbox 1237 1211 1331 1265; x_wconf 69' lang='grc' dir='ltr'>καὶ</span> <span class='ocrx_word' id='word_1_56' title='bbox 1357 1210 1459 1274; x_wconf 83' lang='grc' dir='ltr'>τὰς</span> <span class='ocrx_word' id='word_1_57' title='bbox 1483 1209 1672 1272; x_wconf 82' lang='grc' dir='ltr'>ούσίας</span> <span class='ocrx_word' id='word_1_58' title='bbox 1706 1201 1868 1262; x_wconf 79' lang='grc' dir='ltr'>εἶναι.</span> 
     </span>
    </p>
   </div>
   <div class='ocr_carea' id='block_1_10' title="bbox 896 1307 1288 1362">
    <p class='ocr_par' dir='ltr' id='par_1_10' title="bbox 896 1307 1288 1362">
     <span class='ocr_line' id='line_1_10' title="bbox 896 1307 1288 1362; baseline -0.005 0"><span class='ocrx_word' id='word_1_59' title='bbox 896 1307 1149 1362; x_wconf 75' lang='grc' dir='ltr'><strong>ΚΕΦΑΛ.</strong></span> <span class='ocrx_word' id='word_1_60' title='bbox 1186 1308 1288 1360; x_wconf 78' lang='lat' dir='ltr'><strong>M&#39;.</strong></span> 
     </span>
    </p>
   </div>
   <div class='ocr_carea' id='block_1_11' title="bbox 370 1390 1874 1476">
    <p class='ocr_par' dir='ltr' id='par_1_11' title="bbox 370 1390 1874 1476">
     <span class='ocr_line' id='line_1_11' title="bbox 370 1390 1874 1476; baseline -0.014 -13"><span class='ocrx_word' id='word_1_61' title='bbox 370 1406 554 1473; x_wconf 80' lang='grc' dir='ltr'>Ἀλλά,</span> <span class='ocrx_word' id='word_1_62' title='bbox 589 1404 788 1476; x_wconf 73' lang='grc' dir='ltr'>φασὶν,</span> <span class='ocrx_word' id='word_1_63' title='bbox 847 1401 957 1454; x_wconf 78' lang='grc' dir='ltr'><strong>ίδοὺ</strong></span> <span class='ocrx_word' id='word_1_64' title='bbox 1004 1402 1031 1454; x_wconf 89' lang='grc' dir='ltr'><strong>ό</strong></span> <span class='ocrx_word' id='word_1_65' title='bbox 1078 1397 1368 1468; x_wconf 80' lang='grc' dir='ltr'>ἄνθρωπος</span> <span class='ocrx_word' id='word_1_66' title='bbox 1414 1393 1512 1450; x_wconf 76' lang='grc' dir='ltr'><strong>δύο</strong></span> <span class='ocrx_word' id='word_1_67' title='bbox 1545 1394 1646 1466; x_wconf 77' lang='grc' dir='ltr'>μὲν</span> <span class='ocrx_word' id='word_1_68' title='bbox 1678 1390 1874 1461; x_wconf 81' lang='grc' dir='ltr'>φύσεις</span> 
     </span>
    </p>
   </div>
   <div class='ocr_carea' id='block_1_12' title="bbox 288 1484 1872 1570">
    <p class='ocr_par' dir='ltr' id='par_1_12' title="bbox 288 1484 1872 1570">
     <span class='ocr_line' id='line_1_12' title="bbox 288 1484 1872 1570; baseline -0.011 -16"><span class='ocrx_word' id='word_1_69' title='bbox 288 1500 426 1567; x_wconf 77' lang='grc' dir='ltr'>ἐστὶ,</span> <span class='ocrx_word' id='word_1_70' title='bbox 468 1499 564 1570; x_wconf 79' lang='grc' dir='ltr'><strong>μία</strong></span> <span class='ocrx_word' id='word_1_71' title='bbox 593 1497 648 1550; x_wconf 77' lang='grc' dir='ltr'>δὲ</span> <span class='ocrx_word' id='word_1_72' title='bbox 675 1495 1001 1556; x_wconf 85' lang='grc' dir='ltr'>ὑπόστασις·</span> <span class='ocrx_word' id='word_1_73' title='bbox 1050 1491 1144 1544; x_wconf 77' lang='grc' dir='ltr'>καὶ</span> <span class='ocrx_word' id='word_1_74' title='bbox 1178 1487 1417 1560; x_wconf 78' lang='grc' dir='ltr'>φανερὸν</span> <span class='ocrx_word' id='word_1_75' title='bbox 1451 1489 1515 1540; x_wconf 77' lang='grc' dir='ltr'>ἐκ</span> <span class='ocrx_word' id='word_1_76' title='bbox 1543 1484 1758 1545; x_wconf 84' lang='grc' dir='ltr'>τούτου,</span> <span class='ocrx_word' id='word_1_77' title='bbox 1791 1484 1872 1537; x_wconf 83' lang='grc' dir='ltr'>ὅτι</span> 
     </span>
    </p>
   </div>
   <div class='ocr_carea' id='block_1_13' title="bbox 288 1577 1872 1660">
    <p class='ocr_par' dir='ltr' id='par_1_13' title="bbox 288 1577 1872 1660">
     <span class='ocr_line' id='line_1_13' title="bbox 288 1577 1872 1660; baseline -0.011 -14"><span class='ocrx_word' id='word_1_78' title='bbox 288 1590 514 1646; x_wconf 79' lang='grc' dir='ltr'>δυνατὸν</span> <span class='ocrx_word' id='word_1_79' title='bbox 555 1590 614 1642; x_wconf 75' lang='grc' dir='ltr'>ἑν</span> <span class='ocrx_word' id='word_1_80' title='bbox 661 1589 761 1660; x_wconf 73' lang='grc' dir='ltr'>μιᾷ</span> <span class='ocrx_word' id='word_1_81' title='bbox 797 1584 1096 1640; x_wconf 79' lang='grc' dir='ltr'><strong>ὑποστάσει</strong></span> <span class='ocrx_word' id='word_1_82' title='bbox 1130 1582 1224 1636; x_wconf 86' lang='grc' dir='ltr'><strong>δύο</strong></span> <span class='ocrx_word' id='word_1_83' title='bbox 1256 1581 1452 1651; x_wconf 88' lang='grc' dir='ltr'>φύσεις</span> <span class='ocrx_word' id='word_1_84' title='bbox 1479 1577 1641 1634; x_wconf 76' lang='grc' dir='ltr'>εἶναι.</span> <span class='ocrx_word' id='word_1_85' title='bbox 1704 1578 1872 1632; x_wconf 84' lang='grc' dir='ltr'>Πάλιν</span> 
     </span>
    </p>
   </div>
   <div class='ocr_carea' id='block_1_14' title="bbox 287 1673 1874 1759">
    <p class='ocr_par' dir='ltr' id='par_1_14' title="bbox 287 1673 1874 1759">
     <span class='ocr_line' id='line_1_14' title="bbox 287 1673 1874 1759; baseline -0.011 -19"><span class='ocrx_word' id='word_1_86' title='bbox 287 1684 545 1759; x_wconf 85' lang='grc' dir='ltr'>τερθρεία</span> <span class='ocrx_word' id='word_1_87' title='bbox 571 1681 769 1752; x_wconf 83' lang='grc' dir='ltr'>λόγων,</span> <span class='ocrx_word' id='word_1_88' title='bbox 807 1680 969 1735; x_wconf 82' lang='grc' dir='ltr'>πάλιν</span> <span class='ocrx_word' id='word_1_89' title='bbox 1003 1680 1152 1750; x_wconf 88' lang='grc' dir='ltr'>μάχη</span> <span class='ocrx_word' id='word_1_90' title='bbox 1178 1677 1488 1748; x_wconf 84' lang='grc' dir='ltr'>δογμάτων,</span> <span class='ocrx_word' id='word_1_91' title='bbox 1527 1673 1688 1728; x_wconf 86' lang='grc' dir='ltr'>πάλιν</span> <span class='ocrx_word' id='word_1_92' title='bbox 1718 1674 1874 1724; x_wconf 78' lang='grc' dir='ltr'>ἐναν-</span> 
     </span>
    </p>
   </div>
   <div class='ocr_carea' id='block_1_15' title="bbox 287 1762 1874 1853">
    <p class='ocr_par' dir='ltr' id='par_1_15' title="bbox 287 1762 1874 1853">
     <span class='ocr_line' id='line_1_15' title="bbox 287 1762 1874 1853; baseline -0.006 -18"><span class='ocrx_word' id='word_1_93' title='bbox 287 1781 471 1852; x_wconf 85' lang='grc' dir='ltr'>τιότης</span> <span class='ocrx_word' id='word_1_94' title='bbox 527 1777 823 1853; x_wconf 76' lang='grc' dir='ltr'>ῥημάτων,</span> <span class='ocrx_word' id='word_1_95' title='bbox 883 1775 982 1843; x_wconf 60' lang='grc' dir='ltr'><strong>και</strong></span> <span class='ocrx_word' id='word_1_96' title='bbox 1017 1771 1348 1843; x_wconf 86' lang='grc' dir='ltr'>σοφίσματα</span> <span class='ocrx_word' id='word_1_97' title='bbox 1387 1766 1658 1839; x_wconf 73' lang='grc' dir='ltr'><strong>προδήλου</strong></span> <span class='ocrx_word' id='word_1_98' title='bbox 1690 1762 1874 1834; x_wconf 79' lang='grc' dir='ltr'>ψυχῆς</span> 
     </span>
    </p>
   </div>
   <div class='ocr_carea' id='block_1_16' title="bbox 266 1857 1871 1944">
    <p class='ocr_par' dir='ltr' id='par_1_16' title="bbox 266 1857 1871 1944">
     <span class='ocr_line' id='line_1_16' title="bbox 266 1857 1871 1944; baseline -0.012 -16"><span class='ocrx_word' id='word_1_99' title='bbox 266 1872 605 1944; x_wconf 80' lang='grc' dir='ltr'>,ἇγνώμονος</span> <span class='ocrx_word' id='word_1_100' title='bbox 631 1887 646 1902; x_wconf 87' lang='grc'><strong>·</strong></span> <span class='ocrx_word' id='word_1_101' title='bbox 681 1871 773 1923; x_wconf 69' lang='grc' dir='ltr'><strong>τὸν</strong></span> <span class='ocrx_word' id='word_1_102' title='bbox 806 1868 967 1923; x_wconf 78' lang='grc' dir='ltr'>αὐτὸν</span> <span class='ocrx_word' id='word_1_103' title='bbox 991 1865 1282 1936; x_wconf 81' lang='grc' dir='ltr'>ἄνθρωπον</span> <span class='ocrx_word' id='word_1_104' title='bbox 1315 1862 1408 1916; x_wconf 74' lang='grc' dir='ltr'><strong>καὶ</strong></span> <span class='ocrx_word' id='word_1_105' title='bbox 1436 1860 1530 1915; x_wconf 85' lang='grc' dir='ltr'><strong>δύο</strong></span> <span class='ocrx_word' id='word_1_106' title='bbox 1557 1858 1752 1930; x_wconf 85' lang='grc' dir='ltr'>φύσεις</span> <span class='ocrx_word' id='word_1_107' title='bbox 1781 1857 1871 1910; x_wconf 86' lang='grc' dir='ltr'>λέ-</span> 
     </span>
    </p>
   </div>
   <div class='ocr_carea' id='block_1_17' title="bbox 287 1947 1870 2037">
    <p class='ocr_par' dir='ltr' id='par_1_17' title="bbox 287 1947 1870 2037">
     <span class='ocr_line' id='line_1_17' title="bbox 287 1947 1870 2037; baseline -0.013 -16"><span class='ocrx_word' id='word_1_108' title='bbox 287 1985 467 2037; x_wconf 86' lang='grc' dir='ltr'>γουσι,</span> <span class='ocrx_word' id='word_1_109' title='bbox 502 1966 597 2019; x_wconf 76' lang='grc' dir='ltr'>καὶ</span> <span class='ocrx_word' id='word_1_110' title='bbox 629 1965 760 2036; x_wconf 89' lang='grc' dir='ltr'>μίαν</span> <span class='ocrx_word' id='word_1_111' title='bbox 788 1962 1114 2023; x_wconf 82' lang='grc' dir='ltr'><strong>ὑπόστασιν,</strong></span> <span class='ocrx_word' id='word_1_112' title='bbox 1147 1957 1241 2010; x_wconf 63' lang='grc' dir='ltr'>καὶ</span> <span class='ocrx_word' id='word_1_113' title='bbox 1267 1954 1431 2010; x_wconf 80' lang='grc' dir='ltr'>πάλιν</span> <span class='ocrx_word' id='word_1_114' title='bbox 1457 1947 1870 2022; x_wconf 77' lang='grc' dir='ltr'>οὑδεμίανὺπόο</span> 
     </span>
    </p>
   </div>
   <div class='ocr_carea' id='block_1_18' title="bbox 289 2042 1870 2127">
    <p class='ocr_par' dir='ltr' id='par_1_18' title="bbox 289 2042 1870 2127">
     <span class='ocr_line' id='line_1_18' title="bbox 289 2042 1870 2127; baseline -0.014 -12"><span class='ocrx_word' id='word_1_115' title='bbox 289 2070 482 2115; x_wconf 85' lang='grc' dir='ltr'>στασιν</span> <span class='ocrx_word' id='word_1_116' title='bbox 504 2076 518 2091; x_wconf 74' lang='grc'><strong><em>⁸</em></strong></span> <span class='ocrx_word' id='word_1_117' title='bbox 579 2058 673 2112; x_wconf 71' lang='grc' dir='ltr'><strong>καὶ</strong></span> <span class='ocrx_word' id='word_1_118' title='bbox 725 2055 985 2127; x_wconf 85' lang='grc' dir='ltr'>μακάριοι</span> <span class='ocrx_word' id='word_1_119' title='bbox 1025 2049 1166 2123; x_wconf 78' lang='grc' dir='ltr'>ἦμεν</span> <span class='ocrx_word' id='word_1_120' title='bbox 1202 2048 1496 2110; x_wconf 77' lang='grc' dir='ltr'>ἀκούοντες</span> <span class='ocrx_word' id='word_1_121' title='bbox 1529 2045 1624 2099; x_wconf 90' lang='grc' dir='ltr'><strong>δύο</strong></span> <span class='ocrx_word' id='word_1_122' title='bbox 1655 2042 1870 2112; x_wconf 80' lang='grc' dir='ltr'>φύσεις,</span> 
     </span>
    </p>
   </div>
   <div class='ocr_carea' id='block_1_19' title="bbox 291 2133 1874 2224">
    <p class='ocr_par' dir='ltr' id='par_1_19' title="bbox 291 2133 1874 2224">
     <span class='ocr_line' id='line_1_19' title="bbox 291 2133 1874 2224; baseline -0.012 -19"><span class='ocrx_word' id='word_1_123' title='bbox 291 2153 423 2224; x_wconf 85' lang='grc' dir='ltr'>μίαν</span> <span class='ocrx_word' id='word_1_124' title='bbox 452 2151 750 2204; x_wconf 81' lang='grc' dir='ltr'>ὑπόστασιν</span> <span class='ocrx_word' id='word_1_125' title='bbox 773 2166 788 2181; x_wconf 79' lang='grc' dir='ltr'><strong>ο</strong></span> <span class='ocrx_word' id='word_1_126' title='bbox 828 2148 861 2220; x_wconf 82' lang='grc' dir='ltr'>ἢ</span> <span class='ocrx_word' id='word_1_127' title='bbox 900 2147 996 2200; x_wconf 81' lang='grc' dir='ltr'>νῦν</span> <span class='ocrx_word' id='word_1_128' title='bbox 1028 2143 1408 2211; x_wconf 80' lang='grc' dir='ltr'>διδασκόμενοι</span> <span class='ocrx_word' id='word_1_129' title='bbox 1436 2139 1619 2207; x_wconf 78' lang='grc' dir='ltr'>λέγειν</span> <span class='ocrx_word' id='word_1_130' title='bbox 1653 2135 1745 2189; x_wconf 86' lang='grc' dir='ltr'><strong>δύο</strong></span> <span class='ocrx_word' id='word_1_131' title='bbox 1772 2133 1874 2203; x_wconf 87' lang='grc' dir='ltr'>φύ-</span> 
     </span>
    </p>
   </div>
   <div class='ocr_carea' id='block_1_20' title="bbox 291 2224 1874 2313">
    <p class='ocr_par' dir='ltr' id='par_1_20' title="bbox 291 2224 1874 2313">
     <span class='ocr_line' id='line_1_20' title="bbox 291 2224 1874 2313; baseline -0.014 -14"><span class='ocrx_word' id='word_1_132' title='bbox 291 2262 425 2308; x_wconf 86' lang='grc' dir='ltr'>σεις,</span> <span class='ocrx_word' id='word_1_133' title='bbox 458 2241 715 2313; x_wconf 81' lang='grc' dir='ltr'><strong>οὐδεμίαν</strong></span> <span class='ocrx_word' id='word_1_134' title='bbox 743 2241 798 2295; x_wconf 78' lang='grc' dir='ltr'>δὲ</span> <span class='ocrx_word' id='word_1_135' title='bbox 831 2239 1149 2292; x_wconf 85' lang='grc' dir='ltr'>ὑπόστασιν.</span> <span class='ocrx_word' id='word_1_136' title='bbox 1193 2234 1362 2287; x_wconf 77' lang='grc' dir='ltr'>Πάλιν</span> <span class='ocrx_word' id='word_1_137' title='bbox 1390 2232 1499 2302; x_wconf 84' lang='grc' dir='ltr'>γὰρ</span> <span class='ocrx_word' id='word_1_138' title='bbox 1525 2230 1616 2282; x_wconf 74' lang='grc' dir='ltr'><strong>τὸν</strong></span> <span class='ocrx_word' id='word_1_139' title='bbox 1639 2224 1874 2298; x_wconf 76' lang='grc' dir='ltr'>Χριστὸν</span> 
     </span>
    </p>
   </div>
   <div class='ocr_carea' id='block_1_21' title="bbox 287 2317 1875 2406">
    <p class='ocr_par' dir='ltr' id='par_1_21' title="bbox 287 2317 1875 2406">
     <span class='ocr_line' id='line_1_21' title="bbox 287 2317 1875 2406; baseline -0.014 -16"><span class='ocrx_word' id='word_1_140' title='bbox 287 2336 508 2406; x_wconf 83' lang='grc' dir='ltr'>λέγουσι</span> <span class='ocrx_word' id='word_1_141' title='bbox 538 2335 689 2406; x_wconf 83' lang='grc' dir='ltr'>τρεῖς</span> <span class='ocrx_word' id='word_1_142' title='bbox 717 2332 930 2402; x_wconf 85' lang='grc' dir='ltr'>φύσεις,</span> <span class='ocrx_word' id='word_1_143' title='bbox 957 2330 1054 2383; x_wconf 75' lang='grc' dir='ltr'>καὶ</span> <span class='ocrx_word' id='word_1_144' title='bbox 1077 2326 1170 2380; x_wconf 84' lang='grc' dir='ltr'><strong>δύο</strong></span> <span class='ocrx_word' id='word_1_145' title='bbox 1198 2324 1419 2395; x_wconf 71' lang='grc' dir='ltr'>φύσειςο</span> <span class='ocrx_word' id='word_1_146' title='bbox 1455 2321 1551 2376; x_wconf 59' lang='grc' dir='ltr'><strong>καὶ⁵</strong></span> <span class='ocrx_word' id='word_1_147' title='bbox 1584 2321 1716 2390; x_wconf 80' lang='grc' dir='ltr'>μίαν</span> <span class='ocrx_word' id='word_1_148' title='bbox 1745 2317 1875 2370; x_wconf 88' lang='grc' dir='ltr'>ὑπό-</span> 
     </span>
    </p>
   </div>
   <div class='ocr_carea' id='block_1_22' title="bbox 292 2406 1878 2496">
    <p class='ocr_par' dir='ltr' id='par_1_22' title="bbox 292 2406 1878 2496">
     <span class='ocr_line' id='line_1_22' title="bbox 292 2406 1878 2496; baseline -0.015 -14"><span class='ocrx_word' id='word_1_149' title='bbox 292 2444 485 2483; x_wconf 83' lang='grc' dir='ltr'>στασιν</span> <span class='ocrx_word' id='word_1_150' title='bbox 511 2428 586 2496; x_wconf 81' lang='grc' dir='ltr'>μὴ</span> <span class='ocrx_word' id='word_1_151' title='bbox 612 2422 1062 2493; x_wconf 78' lang='grc' dir='ltr'><strong>κατορθώσαντες</strong></span> <span class='ocrx_word' id='word_1_152' title='bbox 1086 2418 1291 2485; x_wconf 83' lang='grc' dir='ltr'>λέγειν,</span> <span class='ocrx_word' id='word_1_153' title='bbox 1316 2416 1465 2486; x_wconf 87' lang='grc' dir='ltr'>τρεῖς</span> <span class='ocrx_word' id='word_1_154' title='bbox 1492 2412 1593 2483; x_wconf 70' lang='grc' dir='ltr'>ἢδη</span> <span class='ocrx_word' id='word_1_155' title='bbox 1618 2406 1878 2478; x_wconf 82' lang='grc' dir='ltr'>δογματί-</span> 
     </span>
    </p>
   </div>
   <div class='ocr_carea' id='block_1_23' title="bbox 291 2498 1877 2588">
    <p class='ocr_par' dir='ltr' id='par_1_23' title="bbox 291 2498 1877 2588">
     <span class='ocr_line' id='line_1_23' title="bbox 291 2498 1877 2588; baseline -0.016 -12"><span class='ocrx_word' id='word_1_156' title='bbox 291 2521 445 2586; x_wconf 80' lang='grc' dir='ltr'>ζουσι</span> <span class='ocrx_word' id='word_1_157' title='bbox 497 2517 690 2588; x_wconf 83' lang='grc' dir='ltr'>φύσεις</span> <span class='ocrx_word' id='word_1_158' title='bbox 746 2519 804 2569; x_wconf 70' lang='grc' dir='ltr'>ἐν</span> <span class='ocrx_word' id='word_1_159' title='bbox 859 2514 957 2585; x_wconf 79' lang='grc' dir='ltr'><strong>μιᾷ</strong></span> <span class='ocrx_word' id='word_1_160' title='bbox 1004 2509 1333 2565; x_wconf 81' lang='grc' dir='ltr'>ὑποστάσει·</span> <span class='ocrx_word' id='word_1_161' title='bbox 1379 2506 1475 2558; x_wconf 73' lang='grc' dir='ltr'>καὶ</span> <span class='ocrx_word' id='word_1_162' title='bbox 1510 2503 1674 2557; x_wconf 78' lang='grc' dir='ltr'>ἄκουε</span> <span class='ocrx_word' id='word_1_163' title='bbox 1704 2498 1877 2568; x_wconf 75' lang='grc' dir='ltr'>ταῦτα</span> 
     </span>
    </p>
   </div>
   <div class='ocr_carea' id='block_1_24' title="bbox 291 2591 1878 2688">
    <p class='ocr_par' dir='ltr' id='par_1_24' title="bbox 291 2591 1878 2688">
     <span class='ocr_line' id='line_1_24' title="bbox 291 2591 1878 2688; baseline -0.017 -19"><span class='ocrx_word' id='word_1_164' title='bbox 291 2615 430 2678; x_wconf 84' lang='grc' dir='ltr'>πῶς.</span> <span class='ocrx_word' id='word_1_165' title='bbox 478 2613 541 2666; x_wconf 81' lang='lat' dir='ltr'><strong>El</strong></span> <span class='ocrx_word' id='word_1_166' title='bbox 574 2610 668 2688; x_wconf 81' lang='grc' dir='ltr'><strong>δύο</strong></span> <span class='ocrx_word' id='word_1_167' title='bbox 697 2609 915 2678; x_wconf 78' lang='grc' dir='ltr'>φύσεων</span> <span class='ocrx_word' id='word_1_168' title='bbox 949 2608 976 2659; x_wconf 87' lang='grc' dir='ltr'>ὁ</span> <span class='ocrx_word' id='word_1_169' title='bbox 1006 2604 1316 2674; x_wconf 77' lang='grc' dir='ltr'>ἄνθρωπος,</span> <span class='ocrx_word' id='word_1_170' title='bbox 1351 2599 1445 2652; x_wconf 71' lang='grc' dir='ltr'>καὶ</span> <span class='ocrx_word' id='word_1_171' title='bbox 1482 2598 1608 2668; x_wconf 76' lang='grc' dir='ltr'>μιᾶς</span> <span class='ocrx_word' id='word_1_172' title='bbox 1637 2591 1878 2668; x_wconf 85' lang='grc' dir='ltr'>ὑποστά-</span> 
     </span>
    </p>
   </div>
   <div class='ocr_carea' id='block_1_25' title="bbox 294 2685 1876 2772">
    <p class='ocr_par' dir='ltr' id='par_1_25' title="bbox 294 2685 1876 2772">
     <span class='ocr_line' id='line_1_25' title="bbox 294 2685 1876 2772; baseline -0.016 -13"><span class='ocrx_word' id='word_1_173' title='bbox 294 2723 452 2769; x_wconf 85' lang='grc' dir='ltr'>σεως,</span> <span class='ocrx_word' id='word_1_174' title='bbox 490 2685 751 2772; x_wconf 74' lang='grc' dir='ltr'>εἴληπται</span> <span class='ocrx_word' id='word_1_175' title='bbox 783 2699 839 2754; x_wconf 70' lang='grc' dir='ltr'>δὲ</span> <span class='ocrx_word' id='word_1_176' title='bbox 875 2691 1032 2758; x_wconf 71' lang='grc' dir='ltr'>οὗτος</span> <span class='ocrx_word' id='word_1_177' title='bbox 1081 2695 1175 2748; x_wconf 77' lang='grc' dir='ltr'>καὶ</span> <span class='ocrx_word' id='word_1_178' title='bbox 1206 2694 1413 2764; x_wconf 79' lang='grc' dir='ltr'>ἥνωται</span> <span class='ocrx_word' id='word_1_179' title='bbox 1443 2687 1521 2758; x_wconf 81' lang='grc' dir='ltr'>τῷ</span> <span class='ocrx_word' id='word_1_180' title='bbox 1551 2686 1669 2755; x_wconf 78' lang='grc' dir='ltr'><strong>Θεῷ</strong></span> <span class='ocrx_word' id='word_1_181' title='bbox 1697 2685 1876 2754; x_wconf 81' lang='grc' dir='ltr'>Λόγῳ,</span> 
     </span>
    </p>
   </div>
   <div class='ocr_carea' id='block_1_26' title="bbox 191 2778 1877 2868">
    <p class='ocr_par' dir='ltr' id='par_1_26' title="bbox 191 2778 1877 2868">
     <span class='ocr_line' id='line_1_26' title="bbox 191 2778 1877 2868; baseline -0.015 -14"><span class='ocrx_word' id='word_1_182' title='bbox 191 2863 194 2865; x_wconf 21' lang='grc' dir='ltr'>λ</span> <span class='ocrx_word' id='word_1_183' title='bbox 291 2797 412 2864; x_wconf 81' lang='grc' dir='ltr'>πῶς</span> <span class='ocrx_word' id='word_1_184' title='bbox 437 2798 498 2851; x_wconf 87' lang='grc' dir='ltr'><strong>ού</strong></span> <span class='ocrx_word' id='word_1_185' title='bbox 525 2798 674 2868; x_wconf 84' lang='grc' dir='ltr'>τρεῖς</span> <span class='ocrx_word' id='word_1_186' title='bbox 701 2794 889 2863; x_wconf 83' lang='grc' dir='ltr'>φύσεις</span> <span class='ocrx_word' id='word_1_187' title='bbox 913 2791 1008 2844; x_wconf 91' lang='grc' dir='ltr'><strong>δύο</strong></span> <span class='ocrx_word' id='word_1_188' title='bbox 1030 2788 1320 2858; x_wconf 74' lang='grc' dir='ltr'>ληφθεῖσαι</span> <span class='ocrx_word' id='word_1_189' title='bbox 1342 2827 1356 2849; x_wconf 90' lang='grc'><strong>,</strong></span> <span class='ocrx_word' id='word_1_190' title='bbox 1403 2783 1498 2853; x_wconf 91' lang='grc' dir='ltr'><strong>μία</strong></span> <span class='ocrx_word' id='word_1_191' title='bbox 1521 2782 1576 2834; x_wconf 77' lang='grc' dir='ltr'>δὲ</span> <span class='ocrx_word' id='word_1_192' title='bbox 1601 2778 1877 2842; x_wconf 74' lang='grc' dir='ltr'>λαϐοῦσας</span> 
     </span>
    </p>
   </div>
   <div class='ocr_carea' id='block_1_27' title="bbox 293 2869 1878 2953">
    <p class='ocr_par' dir='ltr' id='par_1_27' title="bbox 293 2869 1878 2953">
     <span class='ocr_line' id='line_1_27' title="bbox 293 2869 1878 2953; baseline -0.018 -5"><span class='ocrx_word' id='word_1_193' title='bbox 293 2891 388 2948; x_wconf 73' lang='grc' dir='ltr'>καὶ</span> <span class='ocrx_word' id='word_1_194' title='bbox 416 2889 533 2953; x_wconf 84' lang='grc' dir='ltr'><strong>πῶς</strong></span> <span class='ocrx_word' id='word_1_195' title='bbox 565 2888 624 2941; x_wconf 89' lang='grc' dir='ltr'>ού</span> <span class='ocrx_word' id='word_1_196' title='bbox 651 2886 748 2941; x_wconf 87' lang='grc' dir='ltr'><strong>δύο</strong></span> <span class='ocrx_word' id='word_1_197' title='bbox 774 2883 1128 2946; x_wconf 82' lang='grc' dir='ltr'>ὑποστάσεις,</span> <span class='ocrx_word' id='word_1_198' title='bbox 1162 2880 1196 2948; x_wconf 77' lang='grc' dir='ltr'>ἦ</span> <span class='ocrx_word' id='word_1_199' title='bbox 1231 2895 1291 2930; x_wconf 86' lang='grc' dir='ltr'><strong>τε</strong></span> <span class='ocrx_word' id='word_1_200' title='bbox 1323 2874 1565 2929; x_wconf 77' lang='grc' dir='ltr'>λαϐοῦσα</span> <span class='ocrx_word' id='word_1_201' title='bbox 1601 2873 1695 2925; x_wconf 71' lang='grc' dir='ltr'>καὶ</span> <span class='ocrx_word' id='word_1_202' title='bbox 1723 2873 1756 2939; x_wconf 80' lang='grc' dir='ltr'>ἡ</span> <span class='ocrx_word' id='word_1_203' title='bbox 1785 2869 1878 2936; x_wconf 87' lang='grc' dir='ltr'>λη-</span> 
     </span>
    </p>
   </div>
   <div class='ocr_carea' id='block_1_28' title="bbox 295 2964 1878 3054">
    <p class='ocr_par' dir='ltr' id='par_1_28' title="bbox 295 2964 1878 3054">
     <span class='ocr_line' id='line_1_28' title="bbox 295 2964 1878 3054; baseline -0.015 -17"><span class='ocrx_word' id='word_1_204' title='bbox 295 2983 529 3054; x_wconf 73' lang='grc' dir='ltr'>φθεῖσας</span> <span class='ocrx_word' id='word_1_205' title='bbox 583 2980 644 3034; x_wconf 76' lang='lat' dir='ltr'><strong>Ei</strong></span> <span class='ocrx_word' id='word_1_206' title='bbox 676 2979 734 3032; x_wconf 79' lang='grc' dir='ltr'><strong>δέ</strong></span> <span class='ocrx_word' id='word_1_207' title='bbox 765 2977 856 3054; x_wconf 82' lang='grc' dir='ltr'><strong>δύο</strong></span> <span class='ocrx_word' id='word_1_208' title='bbox 885 2981 1102 3045; x_wconf 82' lang='grc' dir='ltr'>φύσεων</span> <span class='ocrx_word' id='word_1_209' title='bbox 1132 2974 1160 3026; x_wconf 85' lang='grc' dir='ltr'><strong>ό</strong></span> <span class='ocrx_word' id='word_1_210' title='bbox 1189 2968 1430 3042; x_wconf 82' lang='grc' dir='ltr'>Χριστὸς</span> <span class='ocrx_word' id='word_1_211' title='bbox 1465 2968 1560 3020; x_wconf 73' lang='grc' dir='ltr'>καὶ</span> <span class='ocrx_word' id='word_1_212' title='bbox 1588 2965 1717 3036; x_wconf 82' lang='grc' dir='ltr'>μιᾶς</span> <span class='ocrx_word' id='word_1_213' title='bbox 1743 2964 1878 3015; x_wconf 83' lang='grc' dir='ltr'>ὑπο-</span> 
     </span>
    </p>
   </div>
   <div class='ocr_carea' id='block_1_29' title="bbox 297 3053 1884 3142">
    <p class='ocr_par' dir='ltr' id='par_1_29' title="bbox 297 3054 1884 3142">
     <span class='ocr_line' id='line_1_29' title="bbox 297 3054 1884 3142; baseline -0.014 -12"><span class='ocrx_word' id='word_1_214' title='bbox 297 3077 564 3138; x_wconf 78' lang='grc' dir='ltr'>στάσεως,</span> <span class='ocrx_word' id='word_1_215' title='bbox 604 3074 720 3136; x_wconf 83' lang='grc' dir='ltr'>πῶς</span> <span class='ocrx_word' id='word_1_216' title='bbox 750 3072 812 3125; x_wconf 88' lang='grc' dir='ltr'>ού</span> <span class='ocrx_word' id='word_1_217' title='bbox 844 3071 943 3142; x_wconf 86' lang='grc' dir='ltr'>μία</span> <span class='ocrx_word' id='word_1_218' title='bbox 970 3068 1130 3138; x_wconf 84' lang='grc' dir='ltr'>φύσις</span> <span class='ocrx_word' id='word_1_219' title='bbox 1161 3069 1189 3121; x_wconf 88' lang='grc' dir='ltr'><strong>ό</strong></span> <span class='ocrx_word' id='word_1_220' title='bbox 1215 3063 1539 3134; x_wconf 81' lang='grc' dir='ltr'>ἄνθρωπος;</span> <span class='ocrx_word' id='word_1_221' title='bbox 1573 3058 1666 3112; x_wconf 79' lang='grc' dir='ltr'>καὶ</span> <span class='ocrx_word' id='word_1_222' title='bbox 1691 3054 1884 3110; x_wconf 81' lang='grc' dir='ltr'>ἀνυπό-</span> 
     </span>
    </p>
   </div>
   <div class='ocr_carea' id='block_1_30' title="bbox 298 3151 1879 3240">
    <p class='ocr_par' dir='ltr' id='par_1_30' title="bbox 298 3151 1879 3240">
     <span class='ocr_line' id='line_1_30' title="bbox 298 3151 1879 3240; baseline -0.016 -13"><span class='ocrx_word' id='word_1_223' title='bbox 298 3187 495 3236; x_wconf 86' lang='grc' dir='ltr'>στατος</span> <span class='ocrx_word' id='word_1_224' title='bbox 546 3172 575 3225; x_wconf 90' lang='grc' dir='ltr'><strong>ό</strong></span> <span class='ocrx_word' id='word_1_225' title='bbox 623 3169 942 3240; x_wconf 82' lang='grc' dir='ltr'>ἄνθρωπος,</span> <span class='ocrx_word' id='word_1_226' title='bbox 990 3165 1048 3218; x_wconf 81' lang='grc' dir='ltr'>ὃν</span> <span class='ocrx_word' id='word_1_227' title='bbox 1083 3163 1176 3216; x_wconf 86' lang='grc' dir='ltr'><strong>δύο</strong></span> <span class='ocrx_word' id='word_1_228' title='bbox 1208 3160 1401 3231; x_wconf 82' lang='grc' dir='ltr'>φύσεις</span> <span class='ocrx_word' id='word_1_229' title='bbox 1434 3156 1620 3223; x_wconf 78' lang='grc' dir='ltr'>ἔλεγον</span> <span class='ocrx_word' id='word_1_230' title='bbox 1651 3151 1879 3222; x_wconf 77' lang='grc' dir='ltr'>πρώηνς</span> 
     </span>
    </p>
   </div>
   <div class='ocr_carea' id='block_1_31' title="bbox 1233 446 2632 520">
    <p class='ocr_par' dir='ltr' id='par_1_31' title="bbox 1233 446 2632 520">
     <span class='ocr_line' id='line_1_31' title="bbox 1233 446 2632 520; baseline -0.009 0"><span class='ocrx_word' id='word_1_231' title='bbox 1233 453 1629 519; x_wconf 84' lang='lat' dir='ltr'><strong>ADVERSUS</strong></span> <span class='ocrx_word' id='word_1_232' title='bbox 1665 447 2218 520; x_wconf 78' lang='lat' dir='ltr'><strong>NESTORIANOS.</strong></span> <span class='ocrx_word' id='word_1_233' title='bbox 2247 473 2317 484; x_wconf 87' lang='lat'><strong>--</strong></span> <span class='ocrx_word' id='word_1_234' title='bbox 2357 446 2504 508; x_wconf 91' lang='lat' dir='ltr'><strong>LIB.</strong></span> <span class='ocrx_word' id='word_1_235' title='bbox 2546 447 2632 508; x_wconf 89' lang='grc' dir='ltr'><strong>ΙΙ.</strong></span> 
     </span>
    </p>
   </div>
   <div class='ocr_carea' id='block_1_32' title="bbox 1327 549 1881 630">
    <p class='ocr_par' dir='ltr' id='par_1_32' title="bbox 1327 563 1870 622">
     <span class='ocr_line' id='line_1_32' title="bbox 1327 563 1870 622; baseline -0.011 -1"><span class='ocrx_word' id='word_1_236' title='bbox 1327 569 1425 622; x_wconf 65' lang='grc' dir='ltr'>καὶ</span> <span class='ocrx_word' id='word_1_237' title='bbox 1488 566 1548 621; x_wconf 88' lang='grc' dir='ltr'>ού</span> <span class='ocrx_word' id='word_1_238' title='bbox 1612 565 1755 620; x_wconf 70' lang='grc' dir='ltr'>κατὰ</span> <span class='ocrx_word' id='word_1_239' title='bbox 1809 563 1870 617; x_wconf 75' lang='grc' dir='ltr'><strong>τὺ</strong></span> 
     </span>
    </p>
   </div>
   <div class='ocr_carea' id='block_1_33' title="bbox 1988 549 3564 630">
    <p class='ocr_par' dir='ltr' id='par_1_33' title="bbox 1988 549 3564 630">
     <span class='ocr_line' id='line_1_33' title="bbox 1988 549 3564 630; baseline -0.007 -13"><span class='ocrx_word' id='word_1_240' title='bbox 1988 575 2266 616; x_wconf 67' lang='lat' dir='ltr'><strong>numerum</strong></span> <span class='ocrx_word' id='word_1_241' title='bbox 2299 571 2661 630; x_wconf 87' lang='lat' dir='ltr'><strong>personarum</strong></span> <span class='ocrx_word' id='word_1_242' title='bbox 2692 552 3069 624; x_wconf 86' lang='lat' dir='ltr'><strong>multiplicari.</strong></span> <span class='ocrx_word' id='word_1_243' title='bbox 3102 549 3221 608; x_wconf 88' lang='lat' dir='ltr'><strong>Una</strong></span> <span class='ocrx_word' id='word_1_244' title='bbox 3256 563 3390 605; x_wconf 89' lang='lat' dir='ltr'><strong>voce</strong></span> <span class='ocrx_word' id='word_1_245' title='bbox 3417 550 3564 606; x_wconf 85' lang='lat' dir='ltr'><strong>desi-</strong></span> 
     </span>
    </p>
   </div>
   <div class='ocr_carea' id='block_1_34' title="bbox 3423 439 3562 508">
    <p class='ocr_par' dir='ltr' id='par_1_34' title="bbox 3423 439 3562 508">
     <span class='ocr_line' id='line_1_34' title="bbox 3423 439 3562 508; baseline 0.029 -4"><span class='ocrx_word' id='word_1_246' title='bbox 3423 439 3562 508; x_wconf 79' lang='lat'><strong>1566</strong></span> 
     </span>
    </p>
   </div>
   <div class='ocr_carea' id='block_1_35' title="bbox 1973 641 3573 724">
    <p class='ocr_par' dir='ltr' id='par_1_35' title="bbox 1973 641 3573 724">
     <span class='ocr_line' id='line_1_35' title="bbox 1973 641 3573 724; baseline -0.006 -16"><span class='ocrx_word' id='word_1_247' title='bbox 1973 651 2128 724; x_wconf 81' lang='lat' dir='ltr'><strong>gnari</strong></span> <span class='ocrx_word' id='word_1_248' title='bbox 2149 668 2213 707; x_wconf 89' lang='lat' dir='ltr'><strong>ea</strong></span> <span class='ocrx_word' id='word_1_249' title='bbox 2231 667 2353 722; x_wconf 64' lang='lat' dir='ltr'><strong>quae</strong></span> <span class='ocrx_word' id='word_1_250' title='bbox 2369 657 2571 705; x_wconf 89' lang='lat' dir='ltr'><strong>natura</strong></span> <span class='ocrx_word' id='word_1_251' title='bbox 2591 646 2778 718; x_wconf 91' lang='lat' dir='ltr'><strong>aliquo</strong></span> <span class='ocrx_word' id='word_1_252' title='bbox 2798 644 2963 700; x_wconf 92' lang='lat' dir='ltr'><strong>modo</strong></span> <span class='ocrx_word' id='word_1_253' title='bbox 2987 643 3279 706; x_wconf 89' lang='lat' dir='ltr'><strong>uniuntur,</strong></span> <span class='ocrx_word' id='word_1_254' title='bbox 3301 641 3573 712; x_wconf 72' lang='lat' dir='ltr'><strong>deinceps.</strong></span> 
     </span>
    </p>
   </div>
   <div class='ocr_carea' id='block_1_36' title="bbox 1971 731 3563 813">
    <p class='ocr_par' dir='ltr' id='par_1_36' title="bbox 1971 731 3563 813">
     <span class='ocr_line' id='line_1_36' title="bbox 1971 731 3563 813; baseline -0.007 -13"><span class='ocrx_word' id='word_1_255' title='bbox 1971 746 2077 800; x_wconf 89' lang='lat' dir='ltr'><strong>erit</strong></span> <span class='ocrx_word' id='word_1_256' title='bbox 2102 743 2329 799; x_wconf 86' lang='lat' dir='ltr'><strong>omnino</strong></span> <span class='ocrx_word' id='word_1_257' title='bbox 2359 739 2727 813; x_wconf 83' lang='lat' dir='ltr'><strong>impossibile,</strong></span> <span class='ocrx_word' id='word_1_258' title='bbox 2761 735 3066 808; x_wconf 84' lang='lat' dir='ltr'><strong>praesertim</strong></span> <span class='ocrx_word' id='word_1_259' title='bbox 3097 749 3223 788; x_wconf 89' lang='lat' dir='ltr'><strong>cum</strong></span> <span class='ocrx_word' id='word_1_260' title='bbox 3262 731 3414 787; x_wconf 87' lang='lat' dir='ltr'><strong>idem</strong></span> <span class='ocrx_word' id='word_1_261' title='bbox 3441 746 3563 789; x_wconf 80' lang='lat' dir='ltr'><strong>esse</strong></span> 
     </span>
    </p>
   </div>
   <div class='ocr_carea' id='block_1_37' title="bbox 1975 821 3565 904">
    <p class='ocr_par' dir='ltr' id='par_1_37' title="bbox 1975 821 3565 904">
     <span class='ocr_line' id='line_1_37' title="bbox 1975 821 3565 904; baseline -0.008 -13"><span class='ocrx_word' id='word_1_262' title='bbox 1975 845 2227 892; x_wconf 90' lang='lat' dir='ltr'><strong>naturam</strong></span> <span class='ocrx_word' id='word_1_263' title='bbox 2281 821 2446 904; x_wconf 84' lang='lat' dir='ltr'><strong>atque</strong></span> <span class='ocrx_word' id='word_1_264' title='bbox 2488 843 2783 902; x_wconf 79' lang='lat' dir='ltr'><strong>personam</strong></span> <span class='ocrx_word' id='word_1_265' title='bbox 2837 842 2981 897; x_wconf 60' lang='lat' dir='ltr'><strong>saepe</strong></span> <span class='ocrx_word' id='word_1_266' title='bbox 3029 823 3304 880; x_wconf 78' lang='lat' dir='ltr'><strong>dixeritis.</strong></span> <span class='ocrx_word' id='word_1_267' title='bbox 3351 821 3565 878; x_wconf 66' lang='lat' dir='ltr'><strong>Sancta</strong></span> 
     </span>
    </p>
   </div>
   <div class='ocr_carea' id='block_1_38' title="bbox 1973 917 3565 996">
    <p class='ocr_par' dir='ltr' id='par_1_38' title="bbox 1973 917 3565 996">
     <span class='ocr_line' id='line_1_38' title="bbox 1973 917 3565 996; baseline -0.011 -13"><span class='ocrx_word' id='word_1_268' title='bbox 1973 926 2258 982; x_wconf 71' lang='lat' dir='ltr'><strong>Trinitatis</strong></span> <span class='ocrx_word' id='word_1_269' title='bbox 2301 937 2565 996; x_wconf 84' lang='lat' dir='ltr'><strong>personas</strong></span> <span class='ocrx_word' id='word_1_270' title='bbox 2609 921 2653 974; x_wconf 89' lang='lat' dir='ltr'><strong>si</strong></span> <span class='ocrx_word' id='word_1_271' title='bbox 2685 917 3069 980; x_wconf 77' lang='lat' dir='ltr'><strong>distinxeritis,</strong></span> <span class='ocrx_word' id='word_1_272' title='bbox 3098 923 3154 970; x_wconf 91' lang='lat' dir='ltr'><strong>et</strong></span> <span class='ocrx_word' id='word_1_273' title='bbox 3189 922 3402 969; x_wconf 70' lang='lat' dir='ltr'><strong>natura:</strong></span> <span class='ocrx_word' id='word_1_274' title='bbox 3442 926 3565 968; x_wconf 89' lang='lat' dir='ltr'><strong>om-</strong></span> 
     </span>
    </p>
   </div>
   <div class='ocr_carea' id='block_1_39' title="bbox 1972 1003 3567 1085">
    <p class='ocr_par' dir='ltr' id='par_1_39' title="bbox 1972 1003 3567 1085">
     <span class='ocr_line' id='line_1_39' title="bbox 1972 1003 3567 1085; baseline -0.009 -10"><span class='ocrx_word' id='word_1_275' title='bbox 1972 1019 2106 1075; x_wconf 90' lang='lat' dir='ltr'><strong>nino</strong></span> <span class='ocrx_word' id='word_1_276' title='bbox 2149 1025 2314 1074; x_wconf 88' lang='lat' dir='ltr'><strong>erunt</strong></span> <span class='ocrx_word' id='word_1_277' title='bbox 2363 1011 2784 1085; x_wconf 67' lang='lat' dir='ltr'><strong>distinguendae,</strong></span> <span class='ocrx_word' id='word_1_278' title='bbox 2831 1010 2879 1066; x_wconf 84' lang='lat' dir='ltr'><strong>si</strong></span> <span class='ocrx_word' id='word_1_279' title='bbox 2918 1005 3439 1079; x_wconf 87' lang='lat' dir='ltr'><strong>multiplieaveritis,</strong></span> <span class='ocrx_word' id='word_1_280' title='bbox 3485 1003 3567 1060; x_wconf 84' lang='lat' dir='ltr'><strong>sic</strong></span> 
     </span>
    </p>
   </div>
   <div class='ocr_carea' id='block_1_40' title="bbox 1972 1103 3102 1178">
    <p class='ocr_par' dir='ltr' id='par_1_40' title="bbox 1972 1103 3102 1178">
     <span class='ocr_line' id='line_1_40' title="bbox 1972 1103 3102 1178; baseline -0.012 -10"><span class='ocrx_word' id='word_1_281' title='bbox 1972 1109 2286 1168; x_wconf 89' lang='lat' dir='ltr'><strong>necessario</strong></span> <span class='ocrx_word' id='word_1_282' title='bbox 2317 1103 2748 1178; x_wconf 66' lang='lat' dir='ltr'><strong>multiplicandae</strong></span> <span class='ocrx_word' id='word_1_283' title='bbox 2776 1110 2834 1158; x_wconf 92' lang='lat' dir='ltr'><strong>et</strong></span> <span class='ocrx_word' id='word_1_284' title='bbox 2866 1110 3102 1157; x_wconf 78' lang='lat' dir='ltr'><strong>naturae.</strong></span> 
     </span>
    </p>
   </div>
   <div class='ocr_carea' id='block_1_41' title="bbox 2605 1302 2919 1360">
    <p class='ocr_par' dir='ltr' id='par_1_41' title="bbox 2605 1302 2919 1360">
     <span class='ocr_line' id='line_1_41' title="bbox 2605 1302 2919 1360; baseline -0.006 -1"><span class='ocrx_word' id='word_1_285' title='bbox 2605 1303 2760 1360; x_wconf 82' lang='lat' dir='ltr'><strong>CAP.</strong></span> <span class='ocrx_word' id='word_1_286' title='bbox 2777 1302 2919 1358; x_wconf 78' lang='lat' dir='ltr'><strong>XIV.</strong></span> 
     </span>
    </p>
   </div>
   <div class='ocr_carea' id='block_1_42' title="bbox 2045 1395 3565 1469">
    <p class='ocr_par' dir='ltr' id='par_1_42' title="bbox 2045 1395 3565 1469">
     <span class='ocr_line' id='line_1_42' title="bbox 2045 1395 3565 1469; baseline -0.011 -9"><span class='ocrx_word' id='word_1_287' title='bbox 2045 1403 2155 1461; x_wconf 88' lang='lat' dir='ltr'><strong>Sed</strong></span> <span class='ocrx_word' id='word_1_288' title='bbox 2183 1416 2389 1464; x_wconf 88' lang='lat' dir='ltr'><strong>nonne,</strong></span> <span class='ocrx_word' id='word_1_289' title='bbox 2418 1397 2702 1469; x_wconf 89' lang='lat' dir='ltr'><strong>inquiunt,</strong></span> <span class='ocrx_word' id='word_1_290' title='bbox 2734 1395 2874 1450; x_wconf 88' lang='lat' dir='ltr'><strong>duas</strong></span> <span class='ocrx_word' id='word_1_291' title='bbox 2907 1402 3136 1449; x_wconf 87' lang='lat' dir='ltr'><strong>naturas</strong></span> <span class='ocrx_word' id='word_1_292' title='bbox 3165 1398 3221 1446; x_wconf 90' lang='lat' dir='ltr'><strong>et</strong></span> <span class='ocrx_word' id='word_1_293' title='bbox 3245 1405 3410 1444; x_wconf 90' lang='lat' dir='ltr'><strong>unam</strong></span> <span class='ocrx_word' id='word_1_294' title='bbox 3437 1405 3565 1461; x_wconf 85' lang='lat' dir='ltr'><strong>per-</strong></span> 
     </span>
    </p>
   </div>
   <div class='ocr_carea' id='block_1_43' title="bbox 1972 1484 3566 1554">
    <p class='ocr_par' dir='ltr' id='par_1_43' title="bbox 1972 1484 3566 1554">
     <span class='ocr_line' id='line_1_43' title="bbox 1972 1484 3566 1554; baseline -0.011 -1"><span class='ocrx_word' id='word_1_295' title='bbox 1972 1513 2164 1554; x_wconf 86' lang='lat' dir='ltr'><strong>sonam</strong></span> <span class='ocrx_word' id='word_1_296' title='bbox 2192 1497 2360 1550; x_wconf 88' lang='lat' dir='ltr'><strong>homo</strong></span> <span class='ocrx_word' id='word_1_297' title='bbox 2393 1490 2602 1547; x_wconf 86' lang='lat' dir='ltr'><strong>habet?</strong></span> <span class='ocrx_word' id='word_1_298' title='bbox 2630 1497 2686 1544; x_wconf 89' lang='lat' dir='ltr'><strong>et</strong></span> <span class='ocrx_word' id='word_1_299' title='bbox 2717 1486 2917 1543; x_wconf 82' lang='lat' dir='ltr'><strong>exinde</strong></span> <span class='ocrx_word' id='word_1_300' title='bbox 2942 1500 3124 1540; x_wconf 87' lang='lat' dir='ltr'><strong>nonne</strong></span> <span class='ocrx_word' id='word_1_301' title='bbox 3152 1484 3208 1538; x_wconf 90' lang='lat' dir='ltr'><strong>in</strong></span> <span class='ocrx_word' id='word_1_302' title='bbox 3237 1497 3346 1537; x_wconf 86' lang='lat' dir='ltr'><strong>una</strong></span> <span class='ocrx_word' id='word_1_303' title='bbox 3372 1495 3566 1552; x_wconf 89' lang='lat' dir='ltr'><strong>perso-</strong></span> 
     </span>
    </p>
   </div>
   <div class='ocr_carea' id='block_1_44' title="bbox 1973 1575 3563 1652">
    <p class='ocr_par' dir='ltr' id='par_1_44' title="bbox 1973 1575 3563 1652">
     <span class='ocr_line' id='line_1_44' title="bbox 1973 1575 3563 1652; baseline -0.013 -3"><span class='ocrx_word' id='word_1_304' title='bbox 1973 1610 2043 1649; x_wconf 90' lang='lat' dir='ltr'><strong>na</strong></span> <span class='ocrx_word' id='word_1_305' title='bbox 2082 1591 2220 1646; x_wconf 88' lang='lat' dir='ltr'><strong>duas</strong></span> <span class='ocrx_word' id='word_1_306' title='bbox 2253 1599 2478 1644; x_wconf 88' lang='lat' dir='ltr'><strong>naturas</strong></span> <span class='ocrx_word' id='word_1_307' title='bbox 2506 1584 2774 1641; x_wconf 77' lang='lat' dir='ltr'><strong>exsistere</strong></span> <span class='ocrx_word' id='word_1_308' title='bbox 2809 1579 3076 1652; x_wconf 84' lang='lat' dir='ltr'><strong>possibile</strong></span> <span class='ocrx_word' id='word_1_309' title='bbox 3100 1575 3563 1633; x_wconf 83' lang='lat' dir='ltr'><strong>demonstratur?</strong></span> 
     </span>
    </p>
   </div>
   <div class='ocr_carea' id='block_1_45' title="bbox 1973 1666 3534 1748">
    <p class='ocr_par' dir='ltr' id='par_1_45' title="bbox 1973 1666 3534 1748">
     <span class='ocr_line' id='line_1_45' title="bbox 1973 1666 3534 1748; baseline -0.012 -11"><span class='ocrx_word' id='word_1_310' title='bbox 1973 1683 2187 1738; x_wconf 75' lang='lat' dir='ltr'><strong>Rursus</strong></span> <span class='ocrx_word' id='word_1_311' title='bbox 2222 1678 2481 1748; x_wconf 87' lang='lat' dir='ltr'><strong>stupendi</strong></span> <span class='ocrx_word' id='word_1_312' title='bbox 2528 1689 2836 1737; x_wconf 90' lang='lat' dir='ltr'><strong>sermones,</strong></span> <span class='ocrx_word' id='word_1_313' title='bbox 2862 1685 3081 1748; x_wconf 32' lang='lat' dir='ltr'><strong>Arursus</strong></span> <span class='ocrx_word' id='word_1_314' title='bbox 3137 1666 3416 1724; x_wconf 69' lang='lat' dir='ltr'><strong>contraria</strong></span> <span class='ocrx_word' id='word_1_315' title='bbox 3462 1666 3534 1720; x_wconf 89' lang='lat' dir='ltr'><strong>do</strong></span> 
     </span>
    </p>
   </div>
   <div class='ocr_carea' id='block_1_46' title="bbox 1972 1741 3571 1847">
    <p class='ocr_par' dir='ltr' id='par_1_46' title="bbox 1972 1741 3571 1847">
     <span class='ocr_line' id='line_1_46' title="bbox 1972 1741 3571 1847; baseline -0.011 -17"><span class='ocrx_word' id='word_1_316' title='bbox 1972 1783 2175 1847; x_wconf 81' lang='lat' dir='ltr'><strong>gmata,</strong></span> <span class='ocrx_word' id='word_1_317' title='bbox 2196 1787 2392 1827; x_wconf 89' lang='lat' dir='ltr'><strong>rursus</strong></span> <span class='ocrx_word' id='word_1_318' title='bbox 2407 1768 2574 1824; x_wconf 89' lang='lat' dir='ltr'><strong>verba</strong></span> <span class='ocrx_word' id='word_1_319' title='bbox 2591 1741 3078 1836; x_wconf 44' lang='lat' dir='ltr'><strong>opposita,.rursus</strong></span> <span class='ocrx_word' id='word_1_320' title='bbox 3092 1761 3428 1830; x_wconf 86' lang='lat' dir='ltr'><strong>sophismata</strong></span> <span class='ocrx_word' id='word_1_321' title='bbox 3449 1773 3571 1828; x_wconf 75' lang='lat' dir='ltr'><strong>qute</strong></span> 
     </span>
    </p>
   </div>
   <div class='ocr_carea' id='block_1_47' title="bbox 1974 1853 3572 1930">
    <p class='ocr_par' dir='ltr' id='par_1_47' title="bbox 1974 1853 3572 1930">
     <span class='ocr_line' id='line_1_47' title="bbox 1974 1853 3572 1930; baseline -0.012 -7"><span class='ocrx_word' id='word_1_322' title='bbox 1974 1869 2222 1923; x_wconf 86' lang='lat' dir='ltr'><strong>insanam</strong></span> <span class='ocrx_word' id='word_1_323' title='bbox 2255 1873 2493 1919; x_wconf 87' lang='lat' dir='ltr'><strong>mentem</strong></span> <span class='ocrx_word' id='word_1_324' title='bbox 2526 1868 2784 1930; x_wconf 78' lang='lat' dir='ltr'><strong>arguunt.</strong></span> <span class='ocrx_word' id='word_1_325' title='bbox 2815 1856 3084 1911; x_wconf 88' lang='lat' dir='ltr'><strong>Eumdem</strong></span> <span class='ocrx_word' id='word_1_326' title='bbox 3115 1853 3394 1908; x_wconf 89' lang='lat' dir='ltr'><strong>hominem</strong></span> <span class='ocrx_word' id='word_1_327' title='bbox 3421 1866 3572 1906; x_wconf 88' lang='lat' dir='ltr'><strong>nunc</strong></span> 
     </span>
    </p>
   </div>
   <div class='ocr_carea' id='block_1_48' title="bbox 1975 1944 3575 2027">
    <p class='ocr_par' dir='ltr' id='par_1_48' title="bbox 1975 1944 3575 2027">
     <span class='ocr_line' id='line_1_48' title="bbox 1975 1944 3575 2027; baseline -0.013 -12"><span class='ocrx_word' id='word_1_328' title='bbox 1975 1960 2206 2015; x_wconf 89' lang='lat' dir='ltr'><strong>duarum</strong></span> <span class='ocrx_word' id='word_1_329' title='bbox 2222 1966 2540 2011; x_wconf 85' lang='lat' dir='ltr'><strong>naturarum</strong></span> <span class='ocrx_word' id='word_1_330' title='bbox 2555 1965 2608 2006; x_wconf 90' lang='lat' dir='ltr'><strong>et</strong></span> <span class='ocrx_word' id='word_1_331' title='bbox 2624 1951 2786 2027; x_wconf 82' lang='lat' dir='ltr'><strong>unius</strong></span> <span class='ocrx_word' id='word_1_332' title='bbox 2796 1960 3220 2019; x_wconf 67' lang='lat' dir='ltr'><strong>persona-3,0unc</strong></span> <span class='ocrx_word' id='word_1_333' title='bbox 3233 1944 3434 1999; x_wconf 86' lang='lat' dir='ltr'><strong>nullius</strong></span> <span class='ocrx_word' id='word_1_334' title='bbox 3447 1958 3575 2014; x_wconf 91' lang='lat' dir='ltr'><strong>per-</strong></span> 
     </span>
    </p>
   </div>
   <div class='ocr_carea' id='block_1_49' title="bbox 1975 2042 3571 2110">
    <p class='ocr_par' dir='ltr' id='par_1_49' title="bbox 1975 2042 3571 2110">
     <span class='ocr_line' id='line_1_49' title="bbox 1975 2042 3571 2110; baseline -0.013 0"><span class='ocrx_word' id='word_1_335' title='bbox 1975 2068 2125 2110; x_wconf 75' lang='lat' dir='ltr'><strong>sona:</strong></span> <span class='ocrx_word' id='word_1_336' title='bbox 2143 2057 2414 2105; x_wconf 90' lang='lat' dir='ltr'><strong>statuunt.</strong></span> <span class='ocrx_word' id='word_1_337' title='bbox 2431 2046 2781 2102; x_wconf 69' lang='lat' dir='ltr'><strong>Laztabamur</strong></span> <span class='ocrx_word' id='word_1_338' title='bbox 2793 2058 2918 2098; x_wconf 89' lang='lat' dir='ltr'><strong>cum</strong></span> <span class='ocrx_word' id='word_1_339' title='bbox 2944 2042 3082 2096; x_wconf 89' lang='lat' dir='ltr'><strong>duas</strong></span> <span class='ocrx_word' id='word_1_340' title='bbox 3096 2048 3323 2094; x_wconf 88' lang='lat' dir='ltr'><strong>naturas</strong></span> <span class='ocrx_word' id='word_1_341' title='bbox 3334 2047 3388 2093; x_wconf 91' lang='lat' dir='ltr'><strong>et</strong></span> <span class='ocrx_word' id='word_1_342' title='bbox 3406 2052 3571 2092; x_wconf 87' lang='lat' dir='ltr'><strong>unam</strong></span> 
     </span>
    </p>
   </div>
   <div class='ocr_carea' id='block_1_50' title="bbox 1977 2133 3571 2217">
    <p class='ocr_par' dir='ltr' id='par_1_50' title="bbox 1977 2133 3571 2217">
     <span class='ocr_line' id='line_1_50' title="bbox 1977 2133 3571 2217; baseline -0.008 -19"><span class='ocrx_word' id='word_1_343' title='bbox 1977 2159 2272 2217; x_wconf 86' lang='lat' dir='ltr'><strong>personam</strong></span> <span class='ocrx_word' id='word_1_344' title='bbox 2301 2140 2683 2202; x_wconf 82' lang='lat' dir='ltr'><strong>audiebamus,</strong></span> <span class='ocrx_word' id='word_1_345' title='bbox 2717 2146 2772 2193; x_wconf 92' lang='lat' dir='ltr'><strong>et</strong></span> <span class='ocrx_word' id='word_1_346' title='bbox 2791 2151 2940 2191; x_wconf 90' lang='lat' dir='ltr'><strong>nunc</strong></span> <span class='ocrx_word' id='word_1_347' title='bbox 2957 2136 3094 2190; x_wconf 90' lang='lat' dir='ltr'><strong>duas</strong></span> <span class='ocrx_word' id='word_1_348' title='bbox 3118 2143 3343 2188; x_wconf 89' lang='lat' dir='ltr'><strong>naturas</strong></span> <span class='ocrx_word' id='word_1_349' title='bbox 3363 2141 3418 2186; x_wconf 92' lang='lat' dir='ltr'><strong>et</strong></span> <span class='ocrx_word' id='word_1_350' title='bbox 3440 2133 3571 2186; x_wconf 90' lang='lat' dir='ltr'><strong>nul-</strong></span> 
     </span>
    </p>
   </div>
   <div class='ocr_carea' id='block_1_51' title="bbox 1943 2223 3564 2302">
    <p class='ocr_par' dir='ltr' id='par_1_51' title="bbox 1943 2223 3564 2302">
     <span class='ocr_line' id='line_1_51' title="bbox 1943 2223 3564 2302; baseline -0.009 -13"><span class='ocrx_word' id='word_1_351' title='bbox 1943 2257 1948 2260; x_wconf 83' lang='grc'><strong><em>-</em></strong></span> <span class='ocrx_word' id='word_1_352' title='bbox 1977 2235 2085 2288; x_wconf 86' lang='lat' dir='ltr'><strong>lam</strong></span> <span class='ocrx_word' id='word_1_353' title='bbox 2108 2245 2400 2302; x_wconf 86' lang='lat' dir='ltr'><strong>personam</strong></span> <span class='ocrx_word' id='word_1_354' title='bbox 2431 2229 2666 2284; x_wconf 82' lang='lat' dir='ltr'><strong>credere.</strong></span> <span class='ocrx_word' id='word_1_355' title='bbox 2690 2228 2972 2281; x_wconf 85' lang='lat' dir='ltr'><strong>docemur.</strong></span> <span class='ocrx_word' id='word_1_356' title='bbox 3006 2225 3150 2279; x_wconf 83' lang='lat' dir='ltr'><strong>Ecce</strong></span> <span class='ocrx_word' id='word_1_357' title='bbox 3183 2224 3330 2278; x_wconf 86' lang='lat' dir='ltr'><strong>enim</strong></span> <span class='ocrx_word' id='word_1_358' title='bbox 3362 2223 3564 2276; x_wconf 86' lang='lat' dir='ltr'><strong>iterum</strong></span> 
     </span>
    </p>
   </div>
   <div class='ocr_carea' id='block_1_52' title="bbox 1977 2314 3567 2386">
    <p class='ocr_par' dir='ltr' id='par_1_52' title="bbox 1977 2314 3567 2386">
     <span class='ocr_line' id='line_1_52' title="bbox 1977 2314 3567 2386; baseline -0.01 -3"><span class='ocrx_word' id='word_1_359' title='bbox 1977 2325 2199 2383; x_wconf 87' lang='lat' dir='ltr'><strong>Christo</strong></span> <span class='ocrx_word' id='word_1_360' title='bbox 2260 2332 2372 2378; x_wconf 88' lang='lat' dir='ltr'><strong>tres</strong></span> <span class='ocrx_word' id='word_1_361' title='bbox 2436 2331 2684 2386; x_wconf 89' lang='lat' dir='ltr'><strong>naturas,</strong></span> <span class='ocrx_word' id='word_1_362' title='bbox 2715 2329 2768 2375; x_wconf 86' lang='lat' dir='ltr'><strong>et</strong></span> <span class='ocrx_word' id='word_1_363' title='bbox 2811 2319 2947 2373; x_wconf 86' lang='lat' dir='ltr'><strong>duas</strong></span> <span class='ocrx_word' id='word_1_364' title='bbox 2983 2326 3212 2372; x_wconf 86' lang='lat' dir='ltr'><strong>naturas</strong></span> <span class='ocrx_word' id='word_1_365' title='bbox 3267 2314 3567 2379; x_wconf 89' lang='lat' dir='ltr'><strong>tribuunt;</strong></span> 
     </span>
    </p>
   </div>
   <div class='ocr_carea' id='block_1_53' title="bbox 1981 2409 3576 2488">
    <p class='ocr_par' dir='ltr' id='par_1_53' title="bbox 1981 2409 3576 2488">
     <span class='ocr_line' id='line_1_53' title="bbox 1981 2409 3576 2488; baseline -0.01 -15"><span class='ocrx_word' id='word_1_366' title='bbox 1981 2419 2146 2488; x_wconf 90' lang='lat' dir='ltr'><strong>inque</strong></span> <span class='ocrx_word' id='word_1_367' title='bbox 2165 2432 2273 2476; x_wconf 89' lang='lat' dir='ltr'><strong>una</strong></span> <span class='ocrx_word' id='word_1_368' title='bbox 2298 2428 2533 2485; x_wconf 87' lang='lat' dir='ltr'><strong>persona</strong></span> <span class='ocrx_word' id='word_1_369' title='bbox 2563 2409 2874 2466; x_wconf 83' lang='lat' dir='ltr'><strong>conﬁtenda</strong></span> <span class='ocrx_word' id='word_1_370' title='bbox 2897 2424 3008 2462; x_wconf 92' lang='lat' dir='ltr'><strong>non</strong></span> <span class='ocrx_word' id='word_1_371' title='bbox 3046 2415 3194 2462; x_wconf 91' lang='lat' dir='ltr'><strong>recte</strong></span> <span class='ocrx_word' id='word_1_372' title='bbox 3215 2420 3576 2475; x_wconf 87' lang='lat' dir='ltr'><strong>perseveran-</strong></span> 
     </span>
    </p>
   </div>
   <div class='ocr_carea' id='block_1_54' title="bbox 1981 2496 3577 2572">
    <p class='ocr_par' dir='ltr' id='par_1_54' title="bbox 1981 2496 3577 2572">
     <span class='ocr_line' id='line_1_54' title="bbox 1981 2496 3577 2572; baseline -0.01 -8"><span class='ocrx_word' id='word_1_373' title='bbox 1981 2519 2085 2572; x_wconf 87' lang='lat' dir='ltr'><strong>tes,</strong></span> <span class='ocrx_word' id='word_1_374' title='bbox 2117 2519 2226 2563; x_wconf 92' lang='lat' dir='ltr'><strong>tres</strong></span> <span class='ocrx_word' id='word_1_375' title='bbox 2245 2515 2469 2562; x_wconf 89' lang='lat' dir='ltr'><strong>naturas</strong></span> <span class='ocrx_word' id='word_1_376' title='bbox 2495 2503 2684 2558; x_wconf 89' lang='lat' dir='ltr'><strong>dicunt</strong></span> <span class='ocrx_word' id='word_1_377' title='bbox 2704 2503 2759 2556; x_wconf 90' lang='lat' dir='ltr'><strong>in</strong></span> <span class='ocrx_word' id='word_1_378' title='bbox 2781 2516 2890 2555; x_wconf 89' lang='lat' dir='ltr'><strong>una</strong></span> <span class='ocrx_word' id='word_1_379' title='bbox 2936 2514 3194 2570; x_wconf 88' lang='lat' dir='ltr'><strong>persona.</strong></span> <span class='ocrx_word' id='word_1_380' title='bbox 3213 2497 3318 2566; x_wconf 84' lang='lat' dir='ltr'><strong>ipsi</strong></span> <span class='ocrx_word' id='word_1_381' title='bbox 3344 2496 3577 2551; x_wconf 87' lang='lat' dir='ltr'><strong>audian-</strong></span> 
     </span>
    </p>
   </div>
   <div class='ocr_carea' id='block_1_55' title="bbox 1983 2593 3578 2660">
    <p class='ocr_par' dir='ltr' id='par_1_55' title="bbox 1983 2593 3578 2660">
     <span class='ocr_line' id='line_1_55' title="bbox 1983 2593 3578 2660; baseline -0.01 -6"><span class='ocrx_word' id='word_1_382' title='bbox 1983 2607 2074 2654; x_wconf 89' lang='lat' dir='ltr'><strong>tur</strong></span> <span class='ocrx_word' id='word_1_383' title='bbox 2110 2620 2122 2654; x_wconf 86' lang='lat'>:</span> <span class='ocrx_word' id='word_1_384' title='bbox 2164 2614 2294 2653; x_wconf 89' lang='lat' dir='ltr'><strong>cum</strong></span> <span class='ocrx_word' id='word_1_385' title='bbox 2327 2596 2543 2650; x_wconf 89' lang='lat' dir='ltr'><strong>duabus</strong></span> <span class='ocrx_word' id='word_1_386' title='bbox 2579 2593 2790 2648; x_wconf 90' lang='lat' dir='ltr'><strong>naturis</strong></span> <span class='ocrx_word' id='word_1_387' title='bbox 2835 2600 2891 2648; x_wconf 90' lang='lat' dir='ltr'><strong>et</strong></span> <span class='ocrx_word' id='word_1_388' title='bbox 2941 2607 3050 2645; x_wconf 92' lang='lat' dir='ltr'><strong>una</strong></span> <span class='ocrx_word' id='word_1_389' title='bbox 3087 2604 3321 2660; x_wconf 78' lang='lat' dir='ltr'><strong>persona</strong></span> <span class='ocrx_word' id='word_1_390' title='bbox 3361 2593 3578 2642; x_wconf 87' lang='lat' dir='ltr'><strong>constet</strong></span> 
     </span>
    </p>
   </div>
   <div class='ocr_carea' id='block_1_56' title="bbox 1982 2677 3576 2772">
    <p class='ocr_par' dir='ltr' id='par_1_56' title="bbox 1982 2677 3576 2772">
     <span class='ocr_line' id='line_1_56' title="bbox 1982 2677 3576 2772; baseline -0.009 -27"><span class='ocrx_word' id='word_1_391' title='bbox 1982 2691 2183 2772; x_wconf 48' lang='lat' dir='ltr'><strong>homo,</strong></span> <span class='ocrx_word' id='word_1_392' title='bbox 2207 2687 2506 2759; x_wconf 89' lang='lat' dir='ltr'><strong>quomodo,</strong></span> <span class='ocrx_word' id='word_1_393' title='bbox 2547 2695 2835 2756; x_wconf 88' lang='lat' dir='ltr'><strong>postquam</strong></span> <span class='ocrx_word' id='word_1_394' title='bbox 2902 2691 3219 2752; x_wconf 88' lang='lat' dir='ltr'><strong>assumptus</strong></span> <span class='ocrx_word' id='word_1_395' title='bbox 3268 2690 3324 2735; x_wconf 90' lang='lat' dir='ltr'><strong>et</strong></span> <span class='ocrx_word' id='word_1_396' title='bbox 3385 2677 3576 2732; x_wconf 90' lang='lat' dir='ltr'><strong>unitus</strong></span> 
     </span>
    </p>
   </div>
   <div class='ocr_carea' id='block_1_57' title="bbox 1983 2762 3574 2843">
    <p class='ocr_par' dir='ltr' id='par_1_57' title="bbox 1983 2762 3574 2843">
     <span class='ocr_line' id='line_1_57' title="bbox 1983 2762 3574 2843; baseline -0.008 -7"><span class='ocrx_word' id='word_1_397' title='bbox 1983 2762 2086 2836; x_wconf 78' lang='lat' dir='ltr'><strong>fuit</strong></span> <span class='ocrx_word' id='word_1_398' title='bbox 2123 2762 2305 2836; x_wconf 74' lang='lat' dir='ltr'><strong>verbo</strong></span> <span class='ocrx_word' id='word_1_399' title='bbox 2335 2779 2456 2843; x_wconf 91' lang='lat' dir='ltr'><strong>Dei,</strong></span> <span class='ocrx_word' id='word_1_400' title='bbox 2495 2794 2604 2832; x_wconf 91' lang='lat' dir='ltr'><strong>non</strong></span> <span class='ocrx_word' id='word_1_401' title='bbox 2656 2785 2772 2830; x_wconf 89' lang='lat' dir='ltr'><strong>tres</strong></span> <span class='ocrx_word' id='word_1_402' title='bbox 2828 2782 2959 2828; x_wconf 91' lang='lat' dir='ltr'><strong>sunt</strong></span> <span class='ocrx_word' id='word_1_403' title='bbox 3010 2781 3246 2836; x_wconf 67' lang='lat' dir='ltr'><strong>naturae,</strong></span> <span class='ocrx_word' id='word_1_404' title='bbox 3297 2771 3420 2825; x_wconf 71' lang='lat' dir='ltr'><strong>duae</strong></span> <span class='ocrx_word' id='word_1_405' title='bbox 3451 2784 3574 2839; x_wconf 74' lang='lat' dir='ltr'><strong>qua:</strong></span> 
     </span>
    </p>
   </div>
   <div class='ocr_carea' id='block_1_58' title="bbox 1984 2865 3573 2938">
    <p class='ocr_par' dir='ltr' id='par_1_58' title="bbox 1984 2865 3573 2938">
     <span class='ocr_line' id='line_1_58' title="bbox 1984 2865 3573 2938; baseline -0.008 -8"><span class='ocrx_word' id='word_1_406' title='bbox 1984 2881 2363 2937; x_wconf 88' lang='lat' dir='ltr'><strong>assumuntur,</strong></span> <span class='ocrx_word' id='word_1_407' title='bbox 2407 2871 2578 2924; x_wconf 87' lang='lat' dir='ltr'><strong>altera</strong></span> <span class='ocrx_word' id='word_1_408' title='bbox 2636 2883 2759 2938; x_wconf 85' lang='lat' dir='ltr'><strong>quae</strong></span> <span class='ocrx_word' id='word_1_409' title='bbox 2799 2866 3074 2922; x_wconf 85' lang='lat' dir='ltr'><strong>assumit?</strong></span> <span class='ocrx_word' id='word_1_410' title='bbox 3134 2865 3412 2935; x_wconf 89' lang='lat' dir='ltr'><strong>quomodo</strong></span> <span class='ocrx_word' id='word_1_411' title='bbox 3461 2879 3573 2918; x_wconf 67' lang='lat' dir='ltr'><strong>non</strong></span> 
     </span>
    </p>
   </div>
   <div class='ocr_carea' id='block_1_59' title="bbox 1984 2953 3574 3036">
    <p class='ocr_par' dir='ltr' id='par_1_59' title="bbox 1984 2953 3574 3036">
     <span class='ocr_line' id='line_1_59' title="bbox 1984 2953 3574 3036; baseline -0.008 -16"><span class='ocrx_word' id='word_1_412' title='bbox 1984 2966 2107 3020; x_wconf 74' lang='lat' dir='ltr'><strong>duae</strong></span> <span class='ocrx_word' id='word_1_413' title='bbox 2144 2979 2414 3036; x_wconf 67' lang='lat' dir='ltr'><strong>personae,</strong></span> <span class='ocrx_word' id='word_1_414' title='bbox 2440 2961 2608 3015; x_wconf 86' lang='lat' dir='ltr'><strong>altera</strong></span> <span class='ocrx_word' id='word_1_415' title='bbox 2637 2973 2945 3024; x_wconf 86' lang='lat' dir='ltr'><strong>assumens,</strong></span> <span class='ocrx_word' id='word_1_416' title='bbox 2964 2967 3020 3010; x_wconf 91' lang='lat' dir='ltr'><strong>et</strong></span> <span class='ocrx_word' id='word_1_417' title='bbox 3049 2957 3221 3010; x_wconf 87' lang='lat' dir='ltr'><strong>altera</strong></span> <span class='ocrx_word' id='word_1_418' title='bbox 3248 2953 3574 3024; x_wconf 80' lang='lat' dir='ltr'><strong>assumpta?</strong></span> 
     </span>
    </p>
   </div>
   <div class='ocr_carea' id='block_1_60' title="bbox 1984 3045 3577 3121">
    <p class='ocr_par' dir='ltr' id='par_1_60' title="bbox 1984 3045 3577 3121">
     <span class='ocr_line' id='line_1_60' title="bbox 1984 3045 3577 3121; baseline -0.009 -5"><span class='ocrx_word' id='word_1_419' title='bbox 1984 3059 2083 3116; x_wconf 79' lang='lat' dir='ltr'><strong>Vel</strong></span> <span class='ocrx_word' id='word_1_420' title='bbox 2111 3058 2155 3112; x_wconf 90' lang='lat' dir='ltr'><strong>si</strong></span> <span class='ocrx_word' id='word_1_421' title='bbox 2192 3056 2407 3111; x_wconf 85' lang='lat' dir='ltr'><strong>duabus</strong></span> <span class='ocrx_word' id='word_1_422' title='bbox 2428 3053 2642 3109; x_wconf 89' lang='lat' dir='ltr'><strong>naturis</strong></span> <span class='ocrx_word' id='word_1_423' title='bbox 2673 3063 2728 3108; x_wconf 93' lang='lat' dir='ltr'><strong>et</strong></span> <span class='ocrx_word' id='word_1_424' title='bbox 2759 3061 2866 3106; x_wconf 85' lang='lat' dir='ltr'><strong>una</strong></span> <span class='ocrx_word' id='word_1_425' title='bbox 2914 3066 3150 3121; x_wconf 88' lang='lat' dir='ltr'><strong>persona</strong></span> <span class='ocrx_word' id='word_1_426' title='bbox 3173 3057 3392 3104; x_wconf 85' lang='lat' dir='ltr'><strong>constat</strong></span> <span class='ocrx_word' id='word_1_427' title='bbox 3417 3045 3577 3103; x_wconf 85' lang='lat' dir='ltr'><strong>Chri-</strong></span> 
     </span>
    </p>
   </div>
   <div class='ocr_carea' id='block_1_61' title="bbox 1987 3139 3576 3213">
    <p class='ocr_par' dir='ltr' id='par_1_61' title="bbox 1987 3139 3576 3213">
     <span class='ocr_line' id='line_1_61' title="bbox 1987 3139 3576 3213; baseline -0.009 -8"><span class='ocrx_word' id='word_1_428' title='bbox 1987 3160 2127 3213; x_wconf 90' lang='lat' dir='ltr'><strong>stus,</strong></span> <span class='ocrx_word' id='word_1_429' title='bbox 2165 3163 2349 3202; x_wconf 91' lang='lat' dir='ltr'><strong>nonne</strong></span> <span class='ocrx_word' id='word_1_430' title='bbox 2384 3162 2548 3200; x_wconf 88' lang='lat' dir='ltr'><strong>unam</strong></span> <span class='ocrx_word' id='word_1_431' title='bbox 2576 3154 2829 3200; x_wconf 91' lang='lat' dir='ltr'><strong>naturam</strong></span> <span class='ocrx_word' id='word_1_432' title='bbox 2865 3145 3030 3197; x_wconf 88' lang='lat' dir='ltr'><strong>homo</strong></span> <span class='ocrx_word' id='word_1_433' title='bbox 3058 3141 3247 3202; x_wconf 88' lang='lat' dir='ltr'><strong>habet,</strong></span> <span class='ocrx_word' id='word_1_434' title='bbox 3283 3151 3338 3194; x_wconf 89' lang='lat' dir='ltr'><strong>et</strong></span> <span class='ocrx_word' id='word_1_435' title='bbox 3360 3147 3444 3194; x_wconf 85' lang='lat' dir='ltr'><strong>est</strong></span> <span class='ocrx_word' id='word_1_436' title='bbox 3470 3139 3576 3192; x_wconf 91' lang='lat' dir='ltr'><strong>im-</strong></span> 
     </span>
    </p>
   </div>
   <div class='ocr_carea' id='block_1_62' title="bbox 298 3230 1881 3328">
    <p class='ocr_par' dir='ltr' id='par_1_62' title="bbox 298 3244 1881 3328">
     <span class='ocr_line' id='line_1_62' title="bbox 298 3244 1881 3328; baseline -0.018 -6"><span class='ocrx_word' id='word_1_437' title='bbox 298 3265 411 3322; x_wconf 77' lang='grc' dir='ltr'><strong>Καὶ</strong></span> <span class='ocrx_word' id='word_1_438' title='bbox 445 3265 530 3328; x_wconf 85' lang='grc' dir='ltr'><strong>τίς</strong></span> <span class='ocrx_word' id='word_1_439' title='bbox 563 3263 778 3317; x_wconf 84' lang='grc' dir='ltr'>ὑποίσει</span> <span class='ocrx_word' id='word_1_440' title='bbox 809 3258 1083 3328; x_wconf 79' lang='grc' dir='ltr'>τοσαύτην</span> <span class='ocrx_word' id='word_1_441' title='bbox 1112 3253 1468 3323; x_wconf 70' lang='grc' dir='ltr'>ἐναντιότητα</span> <span class='ocrx_word' id='word_1_442' title='bbox 1494 3244 1881 3318; x_wconf 78' lang='grc' dir='ltr'>δογματίζειν;</span> 
     </span>
    </p>
   </div>
   <div class='ocr_carea' id='block_1_63' title="bbox 1988 3230 3578 3328">
    <p class='ocr_par' dir='ltr' id='par_1_63' title="bbox 1990 3230 3578 3312">
     <span class='ocr_line' id='line_1_63' title="bbox 1990 3230 3578 3312; baseline -0.005 -20"><span class='ocrx_word' id='word_1_443' title='bbox 1990 3240 2321 3312; x_wconf 77' lang='lat' dir='ltr'><strong>personalis,</strong></span> <span class='ocrx_word' id='word_1_444' title='bbox 2355 3253 2520 3308; x_wconf 91' lang='lat' dir='ltr'><strong>quem</strong></span> <span class='ocrx_word' id='word_1_445' title='bbox 2554 3237 2720 3292; x_wconf 88' lang='lat' dir='ltr'><strong>modo</strong></span> <span class='ocrx_word' id='word_1_446' title='bbox 2747 3236 2884 3289; x_wconf 90' lang='lat' dir='ltr'><strong>duas</strong></span> <span class='ocrx_word' id='word_1_447' title='bbox 2907 3243 3136 3288; x_wconf 87' lang='lat' dir='ltr'><strong>naturas</strong></span> <span class='ocrx_word' id='word_1_448' title='bbox 3173 3231 3376 3286; x_wconf 87' lang='lat' dir='ltr'><strong>habere</strong></span> <span class='ocrx_word' id='word_1_449' title='bbox 3421 3230 3578 3285; x_wconf 91' lang='lat' dir='ltr'><strong>dice-</strong></span> 
     </span>
    </p>
   </div>
   <div class='ocr_carea' id='block_1_64' title="bbox 281 3512 1882 3596">
    <p class='ocr_par' dir='ltr' id='par_1_64' title="bbox 281 3512 1882 3596">
     <span class='ocr_line' id='line_1_64' title="bbox 281 3512 1882 3596; baseline -0.012 -13"><span class='ocrx_word' id='word_1_450' title='bbox 281 3519 291 3528; x_wconf 72' lang='grc'><strong>’</strong></span> <span class='ocrx_word' id='word_1_451' title='bbox 371 3525 538 3581; x_wconf 73' lang='grc' dir='ltr'>Ἀλλὰ</span> <span class='ocrx_word' id='word_1_452' title='bbox 559 3526 655 3580; x_wconf 60' lang='grc' dir='ltr'><strong>καί¹</strong></span> <span class='ocrx_word' id='word_1_453' title='bbox 681 3523 810 3596; x_wconf 84' lang='grc' dir='ltr'>μίαν</span> <span class='ocrx_word' id='word_1_454' title='bbox 838 3524 933 3576; x_wconf 75' lang='grc' dir='ltr'>καὶ</span> <span class='ocrx_word' id='word_1_455' title='bbox 959 3520 1052 3575; x_wconf 89' lang='grc' dir='ltr'><strong>δύο</strong></span> <span class='ocrx_word' id='word_1_456' title='bbox 1078 3518 1270 3589; x_wconf 87' lang='grc' dir='ltr'>φύσεις</span> <span class='ocrx_word' id='word_1_457' title='bbox 1296 3513 1436 3569; x_wconf 75' lang='grc' dir='ltr'>εἶναι</span> <span class='ocrx_word' id='word_1_458' title='bbox 1459 3514 1550 3568; x_wconf 78' lang='grc' dir='ltr'>τὸν</span> <span class='ocrx_word' id='word_1_459' title='bbox 1573 3512 1882 3583; x_wconf 77' lang='grc' dir='ltr'>ἄνθρωπον,</span> 
     </span>
    </p>
   </div>
   <div class='ocr_carea' id='block_1_65' title="bbox 301 3601 1888 3692">
    <p class='ocr_par' dir='ltr' id='par_1_65' title="bbox 301 3601 1888 3692">
     <span class='ocr_line' id='line_1_65' title="bbox 301 3601 1888 3692; baseline -0.013 -19"><span class='ocrx_word' id='word_1_460' title='bbox 301 3619 476 3692; x_wconf 70' lang='grc' dir='ltr'>ἑτέρῳ</span> <span class='ocrx_word' id='word_1_461' title='bbox 511 3616 610 3689; x_wconf 83' lang='grc' dir='ltr'><strong>μέν</strong></span> <span class='ocrx_word' id='word_1_462' title='bbox 641 3632 722 3669; x_wconf 88' lang='grc' dir='ltr'><strong>τοι</strong></span> <span class='ocrx_word' id='word_1_463' title='bbox 755 3613 850 3666; x_wconf 77' lang='grc' dir='ltr'>καὶ</span> <span class='ocrx_word' id='word_1_464' title='bbox 877 3611 1048 3682; x_wconf 80' lang='grc' dir='ltr'>ἑτέρῳ</span> <span class='ocrx_word' id='word_1_465' title='bbox 1071 3609 1216 3678; x_wconf 85' lang='grc' dir='ltr'>λόγῳ</span> <span class='ocrx_word' id='word_1_466' title='bbox 1249 3608 1308 3660; x_wconf 84' lang='grc' dir='ltr'>ὲν</span> <span class='ocrx_word' id='word_1_467' title='bbox 1333 3608 1447 3669; x_wconf 88' lang='grc' dir='ltr'>τοῖς</span> <span class='ocrx_word' id='word_1_468' title='bbox 1485 3605 1625 3676; x_wconf 82' lang='grc' dir='ltr'>πρὸς</span> <span class='ocrx_word' id='word_1_469' title='bbox 1649 3604 1777 3665; x_wconf 77' lang='grc' dir='ltr'>τοὺς</span> <span class='ocrx_word' id='word_1_470' title='bbox 1799 3601 1888 3655; x_wconf 77' lang='grc' dir='ltr'>λέ‹</span> 
     </span>
    </p>
   </div>
   <div class='ocr_carea' id='block_1_66' title="bbox 300 3694 1886 3783">
    <p class='ocr_par' dir='ltr' id='par_1_66' title="bbox 300 3694 1886 3783">
     <span class='ocr_line' id='line_1_66' title="bbox 300 3694 1886 3783; baseline -0.013 -16"><span class='ocrx_word' id='word_1_471' title='bbox 300 3729 497 3783; x_wconf 83' lang='grc' dir='ltr'>γοντας</span> <span class='ocrx_word' id='word_1_472' title='bbox 551 3707 719 3764; x_wconf 79' lang='grc' dir='ltr'>αὑτοῦ</span> <span class='ocrx_word' id='word_1_473' title='bbox 780 3706 910 3777; x_wconf 84' lang='grc' dir='ltr'>μίαν</span> <span class='ocrx_word' id='word_1_474' title='bbox 951 3700 1091 3758; x_wconf 77' lang='grc' dir='ltr'>εἶναι</span> <span class='ocrx_word' id='word_1_475' title='bbox 1135 3702 1304 3773; x_wconf 86' lang='grc' dir='ltr'>μόνην</span> <span class='ocrx_word' id='word_1_476' title='bbox 1336 3699 1436 3768; x_wconf 78' lang='grc' dir='ltr'>τὴν</span> <span class='ocrx_word' id='word_1_477' title='bbox 1467 3697 1632 3766; x_wconf 85' lang='grc' dir='ltr'>φύσιν</span> <span class='ocrx_word' id='word_1_478' title='bbox 1666 3694 1886 3749; x_wconf 82' lang='grc' dir='ltr'>ἀπεδεί-</span> 
     </span>
    </p>
   </div>
   <div class='ocr_carea' id='block_1_67' title="bbox 305 3784 1889 3878">
    <p class='ocr_par' dir='ltr' id='par_1_67' title="bbox 305 3784 1889 3878">
     <span class='ocr_line' id='line_1_67' title="bbox 305 3784 1889 3878; baseline -0.015 -19"><span class='ocrx_word' id='word_1_479' title='bbox 305 3805 476 3878; x_wconf 74' lang='grc' dir='ltr'>ξαμεν</span> <span class='ocrx_word' id='word_1_480' title='bbox 511 3803 609 3856; x_wconf 79' lang='grc' dir='ltr'><strong>σὺν</strong></span> <span class='ocrx_word' id='word_1_481' title='bbox 641 3798 760 3870; x_wconf 82' lang='grc' dir='ltr'><strong>Θεῷ</strong></span> <span class='ocrx_word' id='word_1_482' title='bbox 784 3814 798 3829; x_wconf 83' lang='grc'><em>’</em></span> <span class='ocrx_word' id='word_1_483' title='bbox 855 3797 952 3851; x_wconf 72' lang='grc' dir='ltr'>καὶ</span> <span class='ocrx_word' id='word_1_484' title='bbox 1007 3795 1097 3848; x_wconf 73' lang='grc' dir='ltr'>ἵνα</span> <span class='ocrx_word' id='word_1_485' title='bbox 1132 3793 1208 3864; x_wconf 76' lang='grc' dir='ltr'>μὴ</span> <span class='ocrx_word' id='word_1_486' title='bbox 1233 3789 1462 3866; x_wconf 29' lang='grc' dir='ltr'>,πλείονα</span> <span class='ocrx_word' id='word_1_487' title='bbox 1492 3788 1622 3841; x_wconf 74' lang='grc' dir='ltr'>ὂντα</span> <span class='ocrx_word' id='word_1_488' title='bbox 1651 3786 1720 3840; x_wconf 82' lang='grc' dir='ltr'><strong>τὰ</strong></span> <span class='ocrx_word' id='word_1_489' title='bbox 1749 3784 1889 3838; x_wconf 81' lang='grc' dir='ltr'>αὑτὰ</span> 
     </span>
    </p>
   </div>
   <div class='ocr_carea' id='block_1_68' title="bbox 303 3879 1890 3966">
    <p class='ocr_par' dir='ltr' id='par_1_68' title="bbox 303 3879 1890 3966">
     <span class='ocr_line' id='line_1_68' title="bbox 303 3879 1890 3966; baseline -0.014 -13"><span class='ocrx_word' id='word_1_490' title='bbox 303 3896 752 3966; x_wconf 82' lang='grc' dir='ltr'>παλιλλογῶμεν,</span> <span class='ocrx_word' id='word_1_491' title='bbox 812 3891 1022 3945; x_wconf 74' lang='grc' dir='ltr'>ἔνεστιν</span> <span class='ocrx_word' id='word_1_492' title='bbox 1057 3886 1269 3942; x_wconf 79' lang='grc' dir='ltr'>ἐκεῖθεν</span> <span class='ocrx_word' id='word_1_493' title='bbox 1302 3883 1379 3956; x_wconf 84' lang='grc' dir='ltr'>τῷ</span> <span class='ocrx_word' id='word_1_494' title='bbox 1413 3881 1725 3956; x_wconf 81' lang='grc' dir='ltr'>βουλομένῳ</span> <span class='ocrx_word' id='word_1_495' title='bbox 1759 3879 1890 3950; x_wconf 77' lang='grc' dir='ltr'>περὶ</span> 
     </span>
    </p>
   </div>
   <div class='ocr_carea' id='block_1_69' title="bbox 301 3973 1888 4062">
    <p class='ocr_par' dir='ltr' id='par_1_69' title="bbox 301 3973 1888 4062">
     <span class='ocr_line' id='line_1_69' title="bbox 301 3973 1888 4062; baseline -0.014 -15"><span class='ocrx_word' id='word_1_496' title='bbox 301 3991 457 4047; x_wconf 77' lang='grc' dir='ltr'>τοῦδε</span> <span class='ocrx_word' id='word_1_497' title='bbox 484 3985 969 4062; x_wconf 84' lang='grc' dir='ltr'>πληροφορεῖσθαι.</span> <span class='ocrx_word' id='word_1_498' title='bbox 987 3982 1250 4051; x_wconf 84' lang='grc' dir='ltr'>Λέγοντες</span> <span class='ocrx_word' id='word_1_499' title='bbox 1267 3977 1360 4031; x_wconf 80' lang='grc' dir='ltr'><strong>οὖν</strong></span> <span class='ocrx_word' id='word_1_500' title='bbox 1384 3978 1476 4030; x_wconf 70' lang='grc' dir='ltr'><strong>ἐπὶ</strong></span> <span class='ocrx_word' id='word_1_501' title='bbox 1495 3975 1590 4029; x_wconf 82' lang='grc' dir='ltr'>τοῦ</span> <span class='ocrx_word' id='word_1_502' title='bbox 1613 3973 1888 4027; x_wconf 86' lang='grc' dir='ltr'>Δεσπότου</span> 
     </span>
    </p>
   </div>
   <div class='ocr_carea' id='block_1_70' title="bbox 303 4064 1888 4162">
    <p class='ocr_par' dir='ltr' id='par_1_70' title="bbox 303 4064 1888 4162">
     <span class='ocr_line' id='line_1_70' title="bbox 303 4064 1888 4162; baseline -0.013 -23"><span class='ocrx_word' id='word_1_503' title='bbox 303 4085 464 4162; x_wconf 65' lang='grc' dir='ltr'>ἡμῶν</span> <span class='ocrx_word' id='word_1_504' title='bbox 494 4081 670 4153; x_wconf 86' lang='grc' dir='ltr'><strong>Ἰησοῦ</strong></span> <span class='ocrx_word' id='word_1_505' title='bbox 701 4077 942 4152; x_wconf 81' lang='grc' dir='ltr'>Χριστοῦ</span> <span class='ocrx_word' id='word_1_506' title='bbox 979 4075 1073 4128; x_wconf 86' lang='grc' dir='ltr'><strong>δύο</strong></span> <span class='ocrx_word' id='word_1_507' title='bbox 1101 4073 1200 4142; x_wconf 79' lang='grc' dir='ltr'><strong>τὰς</strong></span> <span class='ocrx_word' id='word_1_508' title='bbox 1231 4071 1447 4141; x_wconf 87' lang='grc' dir='ltr'>φύσεις,</span> <span class='ocrx_word' id='word_1_509' title='bbox 1474 4068 1634 4139; x_wconf 83' lang='grc' dir='ltr'>δῆλον</span> <span class='ocrx_word' id='word_1_510' title='bbox 1659 4066 1734 4130; x_wconf 82' lang='grc' dir='ltr'><strong>ὡς</strong></span> <span class='ocrx_word' id='word_1_511' title='bbox 1758 4064 1888 4136; x_wconf 86' lang='grc' dir='ltr'>μίαν</span> 
     </span>
    </p>
   </div>
   <div class='ocr_carea' id='block_1_71' title="bbox 301 4156 1890 4248">
    <p class='ocr_par' dir='ltr' id='par_1_71' title="bbox 301 4156 1890 4248">
     <span class='ocr_line' id='line_1_71' title="bbox 301 4156 1890 4248; baseline -0.016 -16"><span class='ocrx_word' id='word_1_512' title='bbox 301 4179 403 4248; x_wconf 84' lang='grc' dir='ltr'>τὴν</span> <span class='ocrx_word' id='word_1_513' title='bbox 425 4175 522 4230; x_wconf 79' lang='grc' dir='ltr'><strong>τοῦ</strong></span> <span class='ocrx_word' id='word_1_514' title='bbox 549 4171 840 4245; x_wconf 75' lang='grc' dir='ltr'>ἀνθρώπου</span> <span class='ocrx_word' id='word_1_515' title='bbox 869 4168 1030 4239; x_wconf 89' lang='grc' dir='ltr'>φύσιν</span> <span class='ocrx_word' id='word_1_516' title='bbox 1063 4170 1121 4221; x_wconf 87' lang='grc' dir='ltr'>ὲν</span> <span class='ocrx_word' id='word_1_517' title='bbox 1147 4163 1297 4235; x_wconf 78' lang='grc' dir='ltr'>αύτῷ</span> <span class='ocrx_word' id='word_1_518' title='bbox 1329 4156 1890 4233; x_wconf 79' lang='grc' dir='ltr'>καταριθμοῦμεν,ώς</span> 
     </span>
    </p>
   </div>
   <div class='ocr_carea' id='block_1_72' title="bbox 301 4249 1890 4337">
    <p class='ocr_par' dir='ltr' id='par_1_72' title="bbox 301 4249 1890 4337">
     <span class='ocr_line' id='line_1_72' title="bbox 301 4249 1890 4337; baseline -0.017 -10"><span class='ocrx_word' id='word_1_519' title='bbox 301 4271 480 4334; x_wconf 66' lang='grc' dir='ltr'>εἴδους</span> <span class='ocrx_word' id='word_1_520' title='bbox 527 4266 853 4337; x_wconf 82' lang='grc' dir='ltr'>καινοτέρου</span> <span class='ocrx_word' id='word_1_521' title='bbox 901 4259 1205 4332; x_wconf 75' lang='grc' dir='ltr'>γενομένης</span> <span class='ocrx_word' id='word_1_522' title='bbox 1249 4253 1430 4318; x_wconf 85' lang='grc' dir='ltr'>αίτίας</span> <span class='ocrx_word' id='word_1_523' title='bbox 1459 4253 1557 4324; x_wconf 83' lang='grc' dir='ltr'>τῆς</span> <span class='ocrx_word' id='word_1_524' title='bbox 1589 4249 1890 4312; x_wconf 80' lang='grc' dir='ltr'>συνθέσεως</span> 
     </span>
    </p>
   </div>
   <div class='ocr_carea' id='block_1_73' title="bbox 302 4343 1888 4431">
    <p class='ocr_par' dir='ltr' id='par_1_73' title="bbox 302 4343 1888 4431">
     <span class='ocr_line' id='line_1_73' title="bbox 302 4343 1888 4431; baseline -0.016 -12"><span class='ocrx_word' id='word_1_525' title='bbox 302 4365 413 4418; x_wconf 84' lang='grc' dir='ltr'>τῶν</span> <span class='ocrx_word' id='word_1_526' title='bbox 464 4364 522 4416; x_wconf 77' lang='grc' dir='ltr'>ἐν</span> <span class='ocrx_word' id='word_1_527' title='bbox 564 4357 715 4431; x_wconf 80' lang='grc' dir='ltr'>αὑτῷ</span> <span class='ocrx_word' id='word_1_528' title='bbox 757 4356 994 4428; x_wconf 86' lang='grc' dir='ltr'>φύσεων.</span> <span class='ocrx_word' id='word_1_529' title='bbox 1052 4350 1214 4406; x_wconf 77' lang='grc' dir='ltr'>Κατὰ</span> <span class='ocrx_word' id='word_1_530' title='bbox 1257 4349 1460 4421; x_wconf 85' lang='grc' dir='ltr'>τρόπον</span> <span class='ocrx_word' id='word_1_531' title='bbox 1490 4345 1584 4400; x_wconf 78' lang='grc' dir='ltr'>οὖν</span> <span class='ocrx_word' id='word_1_532' title='bbox 1614 4344 1708 4399; x_wconf 71' lang='grc' dir='ltr'><strong>καὶ</strong></span> <span class='ocrx_word' id='word_1_533' title='bbox 1729 4343 1888 4410; x_wconf 88' lang='grc' dir='ltr'>λόγον</span> 
     </span>
    </p>
   </div>
   <div class='ocr_carea' id='block_1_74' title="bbox 303 4435 1890 4527">
    <p class='ocr_par' dir='ltr' id='par_1_74' title="bbox 303 4435 1890 4527">
     <span class='ocr_line' id='line_1_74' title="bbox 303 4435 1890 4527; baseline -0.016 -15"><span class='ocrx_word' id='word_1_534' title='bbox 303 4461 397 4512; x_wconf 81' lang='grc' dir='ltr'><strong>τὸν</strong></span> <span class='ocrx_word' id='word_1_535' title='bbox 422 4456 523 4527; x_wconf 80' lang='grc' dir='ltr'>τῆς</span> <span class='ocrx_word' id='word_1_536' title='bbox 553 4455 684 4526; x_wconf 80' lang='grc' dir='ltr'>μιᾶς</span> <span class='ocrx_word' id='word_1_537' title='bbox 709 4451 924 4522; x_wconf 88' lang='grc' dir='ltr'>φύσεως</span> <span class='ocrx_word' id='word_1_538' title='bbox 951 4446 1116 4518; x_wconf 76' lang='grc' dir='ltr'>αὑτοῦ</span> <span class='ocrx_word' id='word_1_539' title='bbox 1145 4440 1576 4517; x_wconf 69' lang='grc' dir='ltr'>παραστατικὸν,</span> <span class='ocrx_word' id='word_1_540' title='bbox 1606 4437 1703 4509; x_wconf 88' lang='grc' dir='ltr'><strong>μία</strong></span> <span class='ocrx_word' id='word_1_541' title='bbox 1728 4435 1890 4504; x_wconf 80' lang='grc' dir='ltr'>φύσις</span> 
     </span>
    </p>
   </div>
   <div class='ocr_carea' id='block_1_75' title="bbox 302 4531 1918 4618">
    <p class='ocr_par' dir='ltr' id='par_1_75' title="bbox 302 4531 1918 4618">
     <span class='ocr_line' id='line_1_75' title="bbox 302 4531 1918 4618; baseline -0.015 -13"><span class='ocrx_word' id='word_1_542' title='bbox 302 4550 483 4612; x_wconf 80' lang='grc' dir='ltr'>τοῦδε.</span> <span class='ocrx_word' id='word_1_543' title='bbox 538 4547 650 4618; x_wconf 83' lang='grc' dir='ltr'><strong>Τὴν</strong></span> <span class='ocrx_word' id='word_1_544' title='bbox 697 4545 754 4599; x_wconf 83' lang='grc' dir='ltr'>δὲ</span> <span class='ocrx_word' id='word_1_545' title='bbox 802 4543 1103 4597; x_wconf 89' lang='grc' dir='ltr'>ὑπόστασιν</span> <span class='ocrx_word' id='word_1_546' title='bbox 1132 4537 1230 4593; x_wconf 80' lang='grc' dir='ltr'>τοῦ</span> <span class='ocrx_word' id='word_1_547' title='bbox 1260 4533 1575 4607; x_wconf 82' lang='grc' dir='ltr'>ἀνθρώπου,</span> <span class='ocrx_word' id='word_1_548' title='bbox 1608 4532 1702 4586; x_wconf 71' lang='grc' dir='ltr'>καὶ</span> <span class='ocrx_word' id='word_1_549' title='bbox 1730 4531 1918 4600; x_wconf 77' lang='grc' dir='ltr'>ὑμεῖςο</span> 
     </span>
    </p>
   </div>
   <div class='ocr_carea' id='block_1_76' title="bbox 1990 3323 3580 3401">
    <p class='ocr_par' dir='ltr' id='par_1_76' title="bbox 1990 3323 3580 3401">
     <span class='ocr_line' id='line_1_76' title="bbox 1990 3323 3580 3401; baseline -0.008 -12"><span class='ocrx_word' id='word_1_550' title='bbox 1990 3334 2230 3390; x_wconf 83' lang='lat' dir='ltr'><strong>bamus?</strong></span> <span class='ocrx_word' id='word_1_551' title='bbox 2256 3332 2488 3386; x_wconf 89' lang='lat' dir='ltr'><strong>Tantam</strong></span> <span class='ocrx_word' id='word_1_552' title='bbox 2519 3328 2948 3401; x_wconf 85' lang='lat' dir='ltr'><strong>discrepantiam</strong></span> <span class='ocrx_word' id='word_1_553' title='bbox 2980 3327 3107 3396; x_wconf 87' lang='lat' dir='ltr'><strong>quis</strong></span> <span class='ocrx_word' id='word_1_554' title='bbox 3135 3325 3384 3396; x_wconf 87' lang='lat' dir='ltr'><strong>proliteri</strong></span> <span class='ocrx_word' id='word_1_555' title='bbox 3411 3323 3580 3380; x_wconf 85' lang='lat' dir='ltr'><strong>susti-</strong></span> 
     </span>
    </p>
   </div>
   <div class='ocr_carea' id='block_1_77' title="bbox 1990 3427 2193 3484">
    <p class='ocr_par' dir='ltr' id='par_1_77' title="bbox 1990 3427 2193 3484">
     <span class='ocr_line' id='line_1_77' title="bbox 1990 3427 2193 3484; baseline -0.02 0"><span class='ocrx_word' id='word_1_556' title='bbox 1990 3427 2193 3484; x_wconf 85' lang='lat' dir='ltr'><strong>nebit?</strong></span> 
     </span>
    </p>
   </div>
   <div class='ocr_carea' id='block_1_78' title="bbox 2063 3507 3578 3587">
    <p class='ocr_par' dir='ltr' id='par_1_78' title="bbox 2063 3507 3578 3587">
     <span class='ocr_line' id='line_1_78' title="bbox 2063 3507 3578 3587; baseline -0.009 -11"><span class='ocrx_word' id='word_1_557' title='bbox 2063 3518 2284 3579; x_wconf 91' lang='lat' dir='ltr'><strong>llomini</strong></span> <span class='ocrx_word' id='word_1_558' title='bbox 2337 3531 2614 3587; x_wconf 90' lang='lat' dir='ltr'><strong>unamque</strong></span> <span class='ocrx_word' id='word_1_559' title='bbox 2663 3514 2911 3585; x_wconf 88' lang='lat' dir='ltr'><strong>duasque</strong></span> <span class='ocrx_word' id='word_1_560' title='bbox 2964 3521 3194 3567; x_wconf 90' lang='lat' dir='ltr'><strong>naturas</strong></span> <span class='ocrx_word' id='word_1_561' title='bbox 3257 3510 3458 3572; x_wconf 86' lang='lat' dir='ltr'><strong>inesse,</strong></span> <span class='ocrx_word' id='word_1_562' title='bbox 3481 3507 3578 3562; x_wconf 87' lang='lat' dir='ltr'><strong>sed</strong></span> 
     </span>
    </p>
   </div>
   <div class='ocr_carea' id='block_1_79' title="bbox 1989 3602 3577 3675">
    <p class='ocr_par' dir='ltr' id='par_1_79' title="bbox 1989 3602 3577 3675">
     <span class='ocr_line' id='line_1_79' title="bbox 1989 3602 3577 3675; baseline -0.009 -5"><span class='ocrx_word' id='word_1_563' title='bbox 1989 3631 2103 3670; x_wconf 91' lang='lat' dir='ltr'><strong>non</strong></span> <span class='ocrx_word' id='word_1_564' title='bbox 2150 3612 2345 3668; x_wconf 88' lang='lat' dir='ltr'><strong>eadem</strong></span> <span class='ocrx_word' id='word_1_565' title='bbox 2390 3611 2626 3674; x_wconf 91' lang='lat' dir='ltr'><strong>ratione,</strong></span> <span class='ocrx_word' id='word_1_566' title='bbox 2661 3608 2926 3662; x_wconf 89' lang='lat' dir='ltr'><strong>adversus</strong></span> <span class='ocrx_word' id='word_1_567' title='bbox 2959 3621 3056 3660; x_wconf 91' lang='lat' dir='ltr'><strong>eos</strong></span> <span class='ocrx_word' id='word_1_568' title='bbox 3080 3605 3174 3675; x_wconf 89' lang='lat' dir='ltr'><strong>qui</strong></span> <span class='ocrx_word' id='word_1_569' title='bbox 3204 3619 3369 3659; x_wconf 91' lang='lat' dir='ltr'><strong>unam</strong></span> <span class='ocrx_word' id='word_1_570' title='bbox 3399 3602 3577 3658; x_wconf 88' lang='lat' dir='ltr'><strong>solum</strong></span> 
     </span>
    </p>
   </div>
   <div class='ocr_carea' id='block_1_80' title="bbox 1990 3698 3576 3770">
    <p class='ocr_par' dir='ltr' id='par_1_80' title="bbox 1990 3698 3576 3770">
     <span class='ocr_line' id='line_1_80' title="bbox 1990 3698 3576 3770; baseline -0.006 -10"><span class='ocrx_word' id='word_1_571' title='bbox 1990 3705 2312 3768; x_wconf 88' lang='lat' dir='ltr'><strong>admittunt,</strong></span> <span class='ocrx_word' id='word_1_572' title='bbox 2345 3703 2458 3757; x_wconf 92' lang='lat' dir='ltr'><strong>Deo</strong></span> <span class='ocrx_word' id='word_1_573' title='bbox 2488 3701 2804 3770; x_wconf 73' lang='lat' dir='ltr'><strong>adiuvante,</strong></span> <span class='ocrx_word' id='word_1_574' title='bbox 2835 3698 3222 3769; x_wconf 86' lang='lat' dir='ltr'><strong>probavimus.</strong></span> <span class='ocrx_word' id='word_1_575' title='bbox 3257 3699 3326 3752; x_wconf 90' lang='lat' dir='ltr'><strong>Et</strong></span> <span class='ocrx_word' id='word_1_576' title='bbox 3354 3713 3426 3752; x_wconf 90' lang='lat' dir='ltr'><strong>ne</strong></span> <span class='ocrx_word' id='word_1_577' title='bbox 3477 3711 3576 3752; x_wconf 85' lang='lat' dir='ltr'><strong>ea-</strong></span> 
     </span>
    </p>
   </div>
   <div class='ocr_carea' id='block_1_81' title="bbox 1991 3789 3580 3866">
    <p class='ocr_par' dir='ltr' id='par_1_81' title="bbox 1991 3789 3580 3866">
     <span class='ocr_line' id='line_1_81' title="bbox 1991 3789 3580 3866; baseline -0.008 -12"><span class='ocrx_word' id='word_1_578' title='bbox 1991 3798 2140 3864; x_wconf 90' lang='lat' dir='ltr'><strong>dem,</strong></span> <span class='ocrx_word' id='word_1_579' title='bbox 2168 3802 2359 3866; x_wconf 90' lang='lat' dir='ltr'><strong>utpote</strong></span> <span class='ocrx_word' id='word_1_580' title='bbox 2389 3793 2661 3863; x_wconf 82' lang='lat' dir='ltr'><strong>longiora,</strong></span> <span class='ocrx_word' id='word_1_581' title='bbox 2695 3799 3010 3861; x_wconf 88' lang='lat' dir='ltr'><strong>repetamus</strong></span> <span class='ocrx_word' id='word_1_582' title='bbox 3032 3831 3048 3854; x_wconf 94' lang='lat'><strong>,</strong></span> <span class='ocrx_word' id='word_1_583' title='bbox 3078 3790 3284 3860; x_wconf 90' lang='lat' dir='ltr'><strong>poterit</strong></span> <span class='ocrx_word' id='word_1_584' title='bbox 3341 3789 3580 3860; x_wconf 87' lang='lat' dir='ltr'><strong>quicun-</strong></span> 
     </span>
    </p>
   </div>
   <div class='ocr_carea' id='block_1_82' title="bbox 1991 3881 3581 3962">
    <p class='ocr_par' dir='ltr' id='par_1_82' title="bbox 1991 3881 3581 3962">
     <span class='ocr_line' id='line_1_82' title="bbox 1991 3881 3581 3962; baseline -0.006 -17"><span class='ocrx_word' id='word_1_585' title='bbox 1991 3905 2099 3962; x_wconf 92' lang='lat' dir='ltr'><strong>que</strong></span> <span class='ocrx_word' id='word_1_586' title='bbox 2126 3887 2384 3952; x_wconf 87' lang='lat' dir='ltr'><strong>voluerit,</strong></span> <span class='ocrx_word' id='word_1_587' title='bbox 2441 3884 2642 3940; x_wconf 81' lang='lat' dir='ltr'><strong>exinde</strong></span> <span class='ocrx_word' id='word_1_588' title='bbox 2671 3883 2739 3938; x_wconf 92' lang='lat' dir='ltr'><strong>de</strong></span> <span class='ocrx_word' id='word_1_589' title='bbox 2767 3883 2870 3938; x_wconf 92' lang='lat' dir='ltr'><strong>hoc</strong></span> <span class='ocrx_word' id='word_1_590' title='bbox 2903 3883 3106 3938; x_wconf 89' lang='lat' dir='ltr'><strong>certior</strong></span> <span class='ocrx_word' id='word_1_591' title='bbox 3131 3881 3269 3937; x_wconf 84' lang='lat' dir='ltr'><strong>ﬁeri.</strong></span> <span class='ocrx_word' id='word_1_592' title='bbox 3298 3881 3403 3939; x_wconf 90' lang='lat' dir='ltr'><strong>Ubi</strong></span> <span class='ocrx_word' id='word_1_593' title='bbox 3445 3895 3581 3953; x_wconf 78' lang='lat' dir='ltr'><strong>ergo</strong></span> 
     </span>
    </p>
   </div>
   <div class='ocr_carea' id='block_1_83' title="bbox 1992 3974 3580 4039">
    <p class='ocr_par' dir='ltr' id='par_1_83' title="bbox 1992 3974 3580 4039">
     <span class='ocr_line' id='line_1_83' title="bbox 1992 3974 3580 4039; baseline -0.006 -3"><span class='ocrx_word' id='word_1_594' title='bbox 1992 3981 2238 4036; x_wconf 76' lang='lat' dir='ltr'><strong>diximus</strong></span> <span class='ocrx_word' id='word_1_595' title='bbox 2277 3979 2344 4033; x_wconf 92' lang='lat' dir='ltr'><strong>de</strong></span> <span class='ocrx_word' id='word_1_596' title='bbox 2376 3978 2505 4039; x_wconf 83' lang='lat' dir='ltr'><strong>Jesu</strong></span> <span class='ocrx_word' id='word_1_597' title='bbox 2531 3974 2755 4032; x_wconf 84' lang='lat' dir='ltr'><strong>Christo</strong></span> <span class='ocrx_word' id='word_1_598' title='bbox 2787 3977 3020 4031; x_wconf 90' lang='lat' dir='ltr'><strong>Domino</strong></span> <span class='ocrx_word' id='word_1_599' title='bbox 3065 3985 3254 4032; x_wconf 91' lang='lat' dir='ltr'><strong>nostro</strong></span> <span class='ocrx_word' id='word_1_600' title='bbox 3291 3974 3428 4029; x_wconf 85' lang='lat' dir='ltr'><strong>duas</strong></span> <span class='ocrx_word' id='word_1_601' title='bbox 3477 3989 3580 4028; x_wconf 89' lang='lat' dir='ltr'><strong>na-</strong></span> 
     </span>
    </p>
   </div>
   <div class='ocr_carea' id='block_1_84' title="bbox 1995 4067 3581 4139">
    <p class='ocr_par' dir='ltr' id='par_1_84' title="bbox 1995 4067 3581 4139">
     <span class='ocr_line' id='line_1_84' title="bbox 1995 4067 3581 4139; baseline -0.005 -10"><span class='ocrx_word' id='word_1_602' title='bbox 1995 4083 2148 4129; x_wconf 87' lang='lat' dir='ltr'><strong>turas</strong></span> <span class='ocrx_word' id='word_1_603' title='bbox 2198 4087 2328 4127; x_wconf 91' lang='lat' dir='ltr'><strong>eum</strong></span> <span class='ocrx_word' id='word_1_604' title='bbox 2379 4070 2607 4134; x_wconf 86' lang='lat' dir='ltr'><strong>habere,</strong></span> <span class='ocrx_word' id='word_1_605' title='bbox 2659 4075 2810 4139; x_wconf 89' lang='lat' dir='ltr'><strong>patet</strong></span> <span class='ocrx_word' id='word_1_606' title='bbox 2847 4067 3145 4122; x_wconf 89' lang='lat' dir='ltr'><strong>humanam</strong></span> <span class='ocrx_word' id='word_1_607' title='bbox 3191 4079 3446 4122; x_wconf 91' lang='lat' dir='ltr'><strong>naturam</strong></span> <span class='ocrx_word' id='word_1_608' title='bbox 3477 4081 3581 4137; x_wconf 90' lang='lat' dir='ltr'><strong>pro</strong></span> 
     </span>
    </p>
   </div>
   <div class='ocr_carea' id='block_1_85' title="bbox 1995 4158 3582 4234">
    <p class='ocr_par' dir='ltr' id='par_1_85' title="bbox 1995 4158 3582 4234">
     <span class='ocr_line' id='line_1_85' title="bbox 1995 4158 3582 4234; baseline -0.007 -12"><span class='ocrx_word' id='word_1_609' title='bbox 1995 4183 2103 4223; x_wconf 90' lang='lat' dir='ltr'><strong>una</strong></span> <span class='ocrx_word' id='word_1_610' title='bbox 2136 4172 2410 4234; x_wconf 85' lang='lat' dir='ltr'><strong>sumptam</strong></span> <span class='ocrx_word' id='word_1_611' title='bbox 2444 4161 2638 4226; x_wconf 86' lang='lat' dir='ltr'><strong>fuisse,</strong></span> <span class='ocrx_word' id='word_1_612' title='bbox 2667 4158 2828 4231; x_wconf 88' lang='lat' dir='ltr'><strong>quasi</strong></span> <span class='ocrx_word' id='word_1_613' title='bbox 2853 4160 3028 4214; x_wconf 89' lang='lat' dir='ltr'><strong>l&#39;orma</strong></span> <span class='ocrx_word' id='word_1_614' title='bbox 3063 4159 3324 4216; x_wconf 86' lang='lat' dir='ltr'><strong>inusitata</strong></span> <span class='ocrx_word' id='word_1_615' title='bbox 3348 4167 3468 4213; x_wconf 90' lang='lat' dir='ltr'><strong>orta</strong></span> <span class='ocrx_word' id='word_1_616' title='bbox 3494 4173 3582 4212; x_wconf 76' lang='lat' dir='ltr'><strong>es-</strong></span> 
     </span>
    </p>
   </div>
   <div class='ocr_carea' id='block_1_86' title="bbox 1993 4252 3577 4324">
    <p class='ocr_par' dir='ltr' id='par_1_86' title="bbox 1993 4252 3577 4324">
     <span class='ocr_line' id='line_1_86' title="bbox 1993 4252 3577 4324; baseline -0.007 -9"><span class='ocrx_word' id='word_1_617' title='bbox 1993 4266 2077 4315; x_wconf 89' lang='lat' dir='ltr'><strong>set</strong></span> <span class='ocrx_word' id='word_1_618' title='bbox 2118 4273 2187 4313; x_wconf 79' lang='lat' dir='ltr'><strong>ex</strong></span> <span class='ocrx_word' id='word_1_619' title='bbox 2216 4257 2422 4310; x_wconf 90' lang='lat' dir='ltr'><strong>unione</strong></span> <span class='ocrx_word' id='word_1_620' title='bbox 2482 4264 2806 4308; x_wconf 88' lang='lat' dir='ltr'><strong>naturarum</strong></span> <span class='ocrx_word' id='word_1_621' title='bbox 2846 4252 2901 4307; x_wconf 92' lang='lat' dir='ltr'><strong>in</strong></span> <span class='ocrx_word' id='word_1_622' title='bbox 2949 4252 3070 4324; x_wconf 87' lang='lat' dir='ltr'><strong>ipso</strong></span> <span class='ocrx_word' id='word_1_623' title='bbox 3105 4269 3118 4307; x_wconf 91' lang='lat'>:</span> <span class='ocrx_word' id='word_1_624' title='bbox 3149 4261 3204 4307; x_wconf 92' lang='lat' dir='ltr'><strong>et</strong></span> <span class='ocrx_word' id='word_1_625' title='bbox 3246 4267 3356 4322; x_wconf 90' lang='lat' dir='ltr'><strong>quo</strong></span> <span class='ocrx_word' id='word_1_626' title='bbox 3387 4265 3577 4315; x_wconf 90' lang='lat' dir='ltr'><strong>sensu,</strong></span> 
     </span>
    </p>
   </div>
   <div class='ocr_carea' id='block_1_87' title="bbox 1993 4334 3580 4423">
    <p class='ocr_par' dir='ltr' id='par_1_87' title="bbox 1993 4334 3580 4423">
     <span class='ocr_line' id='line_1_87' title="bbox 1993 4334 3580 4423; baseline -0.006 -16"><span class='ocrx_word' id='word_1_627' title='bbox 1993 4352 2200 4423; x_wconf 89' lang='lat' dir='ltr'><strong>quibus</strong></span> <span class='ocrx_word' id='word_1_628' title='bbox 2231 4349 2422 4405; x_wconf 86' lang='lat' dir='ltr'><strong>verbis</strong></span> <span class='ocrx_word' id='word_1_629' title='bbox 2457 4357 2654 4402; x_wconf 90' lang='lat' dir='ltr'><strong>natura</strong></span> <span class='ocrx_word' id='word_1_630' title='bbox 2687 4348 2809 4418; x_wconf 87' lang='lat' dir='ltr'><strong>ejus</strong></span> <span class='ocrx_word' id='word_1_631' title='bbox 2853 4362 2958 4401; x_wconf 88' lang='lat' dir='ltr'><strong>una</strong></span> <span class='ocrx_word' id='word_1_632' title='bbox 2989 4345 3405 4402; x_wconf 89' lang='lat' dir='ltr'><strong>monstrabatur</strong></span> <span class='ocrx_word' id='word_1_633' title='bbox 3430 4334 3455 4409; x_wconf 88' lang='lat'><strong>,</strong></span> <span class='ocrx_word' id='word_1_634' title='bbox 3481 4358 3580 4398; x_wconf 91' lang='lat' dir='ltr'><strong>eo-</strong></span> 
     </span>
    </p>
   </div>
   <div class='ocr_carea' id='block_1_88' title="bbox 1993 4435 3580 4499">
    <p class='ocr_par' dir='ltr' id='par_1_88' title="bbox 1993 4435 3580 4499">
     <span class='ocr_line' id='line_1_88' title="bbox 1993 4435 3580 4499; baseline -0.008 0"><span class='ocrx_word' id='word_1_635' title='bbox 1993 4444 2117 4499; x_wconf 81' lang='lat' dir='ltr'><strong>dem</strong></span> <span class='ocrx_word' id='word_1_636' title='bbox 2144 4456 2292 4496; x_wconf 91' lang='lat' dir='ltr'><strong>nunc</strong></span> <span class='ocrx_word' id='word_1_637' title='bbox 2337 4440 2545 4495; x_wconf 89' lang='lat' dir='ltr'><strong>dicitur</strong></span> <span class='ocrx_word' id='word_1_638' title='bbox 2574 4455 2683 4494; x_wconf 89' lang='lat' dir='ltr'><strong>una</strong></span> <span class='ocrx_word' id='word_1_639' title='bbox 2723 4449 2941 4493; x_wconf 85' lang='lat' dir='ltr'><strong>natura.</strong></span> <span class='ocrx_word' id='word_1_640' title='bbox 2979 4439 3277 4493; x_wconf 86' lang='lat' dir='ltr'><strong>Personam</strong></span> <span class='ocrx_word' id='word_1_641' title='bbox 3310 4450 3444 4490; x_wconf 86' lang='lat' dir='ltr'><strong>vero</strong></span> <span class='ocrx_word' id='word_1_642' title='bbox 3477 4435 3580 4488; x_wconf 78' lang='lat' dir='ltr'><strong>lio-</strong></span> 
     </span>
    </p>
   </div>
   <div class='ocr_carea' id='block_1_89' title="bbox 1994 4526 3577 4604">
    <p class='ocr_par' dir='ltr' id='par_1_89' title="bbox 1994 4526 3577 4604">
     <span class='ocr_line' id='line_1_89' title="bbox 1994 4526 3577 4604; baseline -0.008 -13"><span class='ocrx_word' id='word_1_643' title='bbox 1994 4537 2161 4590; x_wconf 89' lang='lat' dir='ltr'><strong>minis</strong></span> <span class='ocrx_word' id='word_1_644' title='bbox 2195 4549 2293 4589; x_wconf 84' lang='lat' dir='ltr'><strong>vos</strong></span> <span class='ocrx_word' id='word_1_645' title='bbox 2343 4531 2470 4604; x_wconf 90' lang='lat' dir='ltr'><strong>ipsi,</strong></span> <span class='ocrx_word' id='word_1_646' title='bbox 2506 4531 2563 4585; x_wconf 91' lang='lat' dir='ltr'><strong>in</strong></span> <span class='ocrx_word' id='word_1_647' title='bbox 2609 4532 2788 4601; x_wconf 88' lang='lat' dir='ltr'><strong>primo</strong></span> <span class='ocrx_word' id='word_1_648' title='bbox 2818 4531 2982 4600; x_wconf 84' lang='lat' dir='ltr'><strong>hujus</strong></span> <span class='ocrx_word' id='word_1_649' title='bbox 3009 4538 3277 4584; x_wconf 70' lang='lat' dir='ltr'><strong>tractatus</strong></span> <span class='ocrx_word' id='word_1_650' title='bbox 3308 4526 3577 4596; x_wconf 89' lang='lat' dir='ltr'><strong>capitulo,</strong></span> 
     </span>
    </p>
   </div>
   <div class='ocr_carea' id='block_1_90' title="bbox 310 4614 1881 4723">
    <p class='ocr_par' dir='ltr' id='par_1_90' title="bbox 310 4624 1881 4723">
     <span class='ocr_line' id='line_1_90' title="bbox 310 4624 1881 4723; baseline -0.017 -24"><span class='ocrx_word' id='word_1_651' title='bbox 310 4645 410 4723; x_wconf 79' lang='grc' dir='ltr'>μὲν</span> <span class='ocrx_word' id='word_1_652' title='bbox 464 4644 522 4697; x_wconf 79' lang='grc' dir='ltr'>ἐν</span> <span class='ocrx_word' id='word_1_653' title='bbox 565 4640 645 4712; x_wconf 84' lang='grc' dir='ltr'>τῷ</span> <span class='ocrx_word' id='word_1_654' title='bbox 689 4637 893 4709; x_wconf 84' lang='grc' dir='ltr'>πρώτῳ</span> <span class='ocrx_word' id='word_1_655' title='bbox 949 4634 1049 4704; x_wconf 84' lang='grc' dir='ltr'>τῆς</span> <span class='ocrx_word' id='word_1_656' title='bbox 1099 4630 1382 4702; x_wconf 80' lang='grc' dir='ltr'>παρούσης</span> <span class='ocrx_word' id='word_1_657' title='bbox 1437 4624 1752 4684; x_wconf 82' lang='grc' dir='ltr'>ὑποθέσεως</span> <span class='ocrx_word' id='word_1_658' title='bbox 1794 4637 1881 4674; x_wconf 89' lang='grc' dir='ltr'>κε-</span> 
     </span>
    </p>
   </div>
   <div class='ocr_carea' id='block_1_91' title="bbox 1988 4614 3580 4723">
    <p class='ocr_par' dir='ltr' id='par_1_91' title="bbox 1995 4616 3580 4687">
     <span class='ocr_line' id='line_1_91' title="bbox 1995 4616 3580 4687; baseline -0.008 -5"><span class='ocrx_word' id='word_1_659' title='bbox 1995 4644 2160 4683; x_wconf 90' lang='lat' dir='ltr'><strong>unam</strong></span> <span class='ocrx_word' id='word_1_660' title='bbox 2217 4641 2338 4681; x_wconf 86' lang='lat' dir='ltr'><strong>esse</strong></span> <span class='ocrx_word' id='word_1_661' title='bbox 2379 4641 2410 4680; x_wconf 91' lang='lat' dir='ltr'><strong>e</strong></span> <span class='ocrx_word' id='word_1_662' title='bbox 2448 4624 2666 4678; x_wconf 86' lang='lat' dir='ltr'><strong>duabus</strong></span> <span class='ocrx_word' id='word_1_663' title='bbox 2731 4623 2946 4677; x_wconf 90' lang='lat' dir='ltr'><strong>naturis</strong></span> <span class='ocrx_word' id='word_1_664' title='bbox 3006 4620 3246 4676; x_wconf 79' lang='lat' dir='ltr'><strong>confessi</strong></span> <span class='ocrx_word' id='word_1_665' title='bbox 3271 4620 3427 4684; x_wconf 88' lang='lat' dir='ltr'><strong>estis,</strong></span> <span class='ocrx_word' id='word_1_666' title='bbox 3463 4616 3580 4687; x_wconf 86' lang='lat' dir='ltr'><strong>qui,</strong></span> 
     </span>
    </p>
   </div>
   <div class='ocr_carea' id='block_1_92' title="bbox 305 4715 1886 4814">
    <p class='ocr_par' dir='ltr' id='par_1_92' title="bbox 305 4715 1886 4814">
     <span class='ocr_line' id='line_1_92' title="bbox 305 4715 1886 4814; baseline -0.02 -22"><span class='ocrx_word' id='word_1_667' title='bbox 305 4715 522 4814; x_wconf 70' lang='grc' dir='ltr'>φαλαίῳ</span> <span class='ocrx_word' id='word_1_668' title='bbox 545 4775 562 4799; x_wconf 89' lang='grc'><strong>,</strong></span> <span class='ocrx_word' id='word_1_669' title='bbox 622 4733 753 4804; x_wconf 86' lang='grc' dir='ltr'>μίαν</span> <span class='ocrx_word' id='word_1_670' title='bbox 786 4747 847 4783; x_wconf 85' lang='grc' dir='ltr'><strong>τε</strong></span> <span class='ocrx_word' id='word_1_671' title='bbox 880 4727 974 4814; x_wconf 69' lang='grc' dir='ltr'>καὶ</span> <span class='ocrx_word' id='word_1_672' title='bbox 1007 4727 1070 4779; x_wconf 79' lang='grc' dir='ltr'>ὲκ</span> <span class='ocrx_word' id='word_1_673' title='bbox 1097 4723 1191 4777; x_wconf 89' lang='grc' dir='ltr'><strong>δύο</strong></span> <span class='ocrx_word' id='word_1_674' title='bbox 1221 4720 1436 4791; x_wconf 81' lang='grc' dir='ltr'>φύσεων</span> <span class='ocrx_word' id='word_1_675' title='bbox 1470 4715 1886 4786; x_wconf 81' lang='grc' dir='ltr'>ὡμολογήσατε,</span> 
     </span>
    </p>
   </div>
   <div class='ocr_carea' id='block_1_93' title="bbox 305 4801 1889 4898">
    <p class='ocr_par' dir='ltr' id='par_1_93' title="bbox 305 4801 1889 4898">
     <span class='ocr_line' id='line_1_93' title="bbox 305 4801 1889 4898; baseline -0.02 -15"><span class='ocrx_word' id='word_1_676' title='bbox 305 4801 563 4898; x_wconf 62' lang='grc' dir='ltr'>λέγοντες</span> <span class='ocrx_word' id='word_1_677' title='bbox 591 4801 729 4893; x_wconf 75' lang='grc' dir='ltr'>πρὸς</span> <span class='ocrx_word' id='word_1_678' title='bbox 757 4820 905 4891; x_wconf 72' lang='grc' dir='ltr'>ἡμᾶς</span> <span class='ocrx_word' id='word_1_679' title='bbox 937 4807 1067 4887; x_wconf 73' lang='grc' dir='ltr'>περὶ</span> <span class='ocrx_word' id='word_1_680' title='bbox 1091 4814 1190 4882; x_wconf 82' lang='grc' dir='ltr'>τῆς</span> <span class='ocrx_word' id='word_1_681' title='bbox 1221 4807 1314 4865; x_wconf 73' lang='grc' dir='ltr'>τοῦ</span> <span class='ocrx_word' id='word_1_682' title='bbox 1343 4807 1614 4861; x_wconf 83' lang='grc' dir='ltr'>Δεσπότου</span> <span class='ocrx_word' id='word_1_683' title='bbox 1647 4801 1889 4856; x_wconf 85' lang='grc' dir='ltr'>ὑποστά-</span> 
     </span>
    </p>
   </div>
   <div class='ocr_carea' id='block_1_94' title="bbox 307 4893 1892 4984">
    <p class='ocr_par' dir='ltr' id='par_1_94' title="bbox 307 4893 1892 4984">
     <span class='ocr_line' id='line_1_94' title="bbox 307 4893 1892 4984; baseline -0.018 -8"><span class='ocrx_word' id='word_1_684' title='bbox 307 4893 447 4983; x_wconf 80' lang='grc' dir='ltr'>σεως</span> <span class='ocrx_word' id='word_1_685' title='bbox 467 4959 484 4984; x_wconf 87' lang='grc'><strong>,</strong></span> <span class='ocrx_word' id='word_1_686' title='bbox 534 4916 618 4970; x_wconf 82' lang='grc' dir='ltr'>ὅτι</span> <span class='ocrx_word' id='word_1_687' title='bbox 663 4914 711 4967; x_wconf 82' lang='grc' dir='ltr'><strong>εί</strong></span> <span class='ocrx_word' id='word_1_688' title='bbox 743 4911 818 4984; x_wconf 80' lang='grc' dir='ltr'>μὴ</span> <span class='ocrx_word' id='word_1_689' title='bbox 847 4911 915 4981; x_wconf 80' lang='grc' dir='ltr'>τῇ</span> <span class='ocrx_word' id='word_1_690' title='bbox 948 4905 1044 4960; x_wconf 80' lang='grc' dir='ltr'><strong>τοῦ</strong></span> <span class='ocrx_word' id='word_1_691' title='bbox 1073 4902 1310 4973; x_wconf 65' lang='grc' dir='ltr'>Πατρθις,</span> <span class='ocrx_word' id='word_1_692' title='bbox 1346 4897 1482 4953; x_wconf 84' lang='grc' dir='ltr'>ἀλλὰ</span> <span class='ocrx_word' id='word_1_693' title='bbox 1510 4901 1578 4970; x_wconf 78' lang='grc' dir='ltr'>τῇ</span> <span class='ocrx_word' id='word_1_694' title='bbox 1606 4897 1702 4949; x_wconf 80' lang='grc' dir='ltr'><strong>τού</strong></span> <span class='ocrx_word' id='word_1_695' title='bbox 1727 4893 1892 4948; x_wconf 76' lang='grc' dir='ltr'>Δαὸίδ</span> 
     </span>
    </p>
   </div>
   <div class='ocr_carea' id='block_1_95' title="bbox 306 4987 1892 5081">
    <p class='ocr_par' dir='ltr' id='par_1_95' title="bbox 306 4987 1892 5081">
     <span class='ocr_line' id='line_1_95' title="bbox 306 4987 1892 5081; baseline -0.017 -18"><span class='ocrx_word' id='word_1_696' title='bbox 306 5023 488 5081; x_wconf 82' lang='grc' dir='ltr'>φαμεν</span> <span class='ocrx_word' id='word_1_697' title='bbox 515 5004 686 5074; x_wconf 73' lang='grc' dir='ltr'>αὐτὴν</span> <span class='ocrx_word' id='word_1_698' title='bbox 708 4999 1023 5072; x_wconf 86' lang='grc' dir='ltr'>όμοούσιον,</span> <span class='ocrx_word' id='word_1_699' title='bbox 1045 4995 1165 5057; x_wconf 85' lang='grc' dir='ltr'><strong>πῶς</strong></span> <span class='ocrx_word' id='word_1_700' title='bbox 1193 4995 1256 5046; x_wconf 85' lang='grc' dir='ltr'>ὲκ</span> <span class='ocrx_word' id='word_1_701' title='bbox 1280 4990 1375 5045; x_wconf 87' lang='grc' dir='ltr'><strong>δύο</strong></span> <span class='ocrx_word' id='word_1_702' title='bbox 1398 4989 1614 5060; x_wconf 88' lang='grc' dir='ltr'>φύσεων</span> <span class='ocrx_word' id='word_1_703' title='bbox 1640 4987 1892 5055; x_wconf 83' lang='grc' dir='ltr'>λέγοντες</span> 
     </span>
    </p>
   </div>
   <div class='ocr_carea' id='block_1_96' title="bbox 307 5078 1894 5171">
    <p class='ocr_par' dir='ltr' id='par_1_96' title="bbox 307 5078 1894 5171">
     <span class='ocr_line' id='line_1_96' title="bbox 307 5078 1894 5171; baseline -0.016 -16"><span class='ocrx_word' id='word_1_704' title='bbox 307 5078 504 5171; x_wconf 78' lang='grc' dir='ltr'>αὐτὴν,</span> <span class='ocrx_word' id='word_1_705' title='bbox 529 5098 628 5151; x_wconf 86' lang='grc' dir='ltr'><strong>οὑκ</strong></span> <span class='ocrx_word' id='word_1_706' title='bbox 657 5098 721 5149; x_wconf 82' lang='grc' dir='ltr'>ἐκ</span> <span class='ocrx_word' id='word_1_707' title='bbox 748 5093 928 5163; x_wconf 71' lang='grc' dir='ltr'>ψυχῆς</span> <span class='ocrx_word' id='word_1_708' title='bbox 958 5089 1053 5144; x_wconf 68' lang='grc' dir='ltr'><strong>καὶ</strong></span> <span class='ocrx_word' id='word_1_709' title='bbox 1082 5087 1335 5157; x_wconf 87' lang='grc' dir='ltr'>σώματος</span> <span class='ocrx_word' id='word_1_710' title='bbox 1365 5083 1688 5137; x_wconf 85' lang='grc' dir='ltr'>συνεστάναι</span> <span class='ocrx_word' id='word_1_711' title='bbox 1713 5078 1894 5150; x_wconf 78' lang='grc' dir='ltr'>βουλόο</span> 
     </span>
    </p>
   </div>
   <div class='ocr_carea' id='block_1_97' title="bbox 311 5169 1894 5271">
    <p class='ocr_par' dir='ltr' id='par_1_97' title="bbox 311 5169 1894 5271">
     <span class='ocr_line' id='line_1_97' title="bbox 311 5169 1894 5271; baseline -0.016 -24"><span class='ocrx_word' id='word_1_712' title='bbox 311 5169 488 5271; x_wconf 75' lang='grc' dir='ltr'>μεθας</span> <span class='ocrx_word' id='word_1_713' title='bbox 542 5185 779 5256; x_wconf 87' lang='grc' dir='ltr'>Τοιαύτη</span> <span class='ocrx_word' id='word_1_714' title='bbox 830 5182 941 5254; x_wconf 78' lang='grc' dir='ltr'><strong>γὰρ</strong></span> <span class='ocrx_word' id='word_1_715' title='bbox 974 5182 1009 5252; x_wconf 77' lang='grc' dir='ltr'><strong>ἡ</strong></span> <span class='ocrx_word' id='word_1_716' title='bbox 1040 5178 1132 5232; x_wconf 86' lang='grc' dir='ltr'><strong>τοῦ</strong></span> <span class='ocrx_word' id='word_1_717' title='bbox 1168 5175 1334 5230; x_wconf 76' lang='grc' dir='ltr'>Δαδῐδ</span> <span class='ocrx_word' id='word_1_718' title='bbox 1355 5190 1370 5206; x_wconf 91' lang='grc'><strong>·</strong></span> <span class='ocrx_word' id='word_1_719' title='bbox 1427 5173 1569 5245; x_wconf 79' lang='grc' dir='ltr'>πλὴν</span> <span class='ocrx_word' id='word_1_720' title='bbox 1609 5173 1706 5226; x_wconf 69' lang='grc' dir='ltr'>καὶ</span> <span class='ocrx_word' id='word_1_721' title='bbox 1735 5169 1894 5222; x_wconf 78' lang='grc' dir='ltr'>τοῦτο</span> 
     </span>
    </p>
   </div>
   <div class='ocr_carea' id='block_1_98' title="bbox 308 5267 1891 5356">
    <p class='ocr_par' dir='ltr' id='par_1_98' title="bbox 308 5267 1891 5356">
     <span class='ocr_line' id='line_1_98' title="bbox 308 5267 1891 5356; baseline -0.016 -13"><span class='ocrx_word' id='word_1_722' title='bbox 308 5267 440 5356; x_wconf 69' lang='grc' dir='ltr'>ὑμῖν</span> <span class='ocrx_word' id='word_1_723' title='bbox 471 5278 917 5351; x_wconf 81' lang='grc' dir='ltr'>συγκεχωρήσθω</span> <span class='ocrx_word' id='word_1_724' title='bbox 943 5293 956 5304; x_wconf 93' lang='grc'><strong>·</strong></span> <span class='ocrx_word' id='word_1_725' title='bbox 999 5275 1049 5328; x_wconf 73' lang='grc' dir='ltr'>εἰ</span> <span class='ocrx_word' id='word_1_726' title='bbox 1081 5275 1177 5326; x_wconf 66' lang='grc' dir='ltr'>καὶ</span> <span class='ocrx_word' id='word_1_727' title='bbox 1207 5272 1268 5325; x_wconf 89' lang='grc' dir='ltr'>οὑ</span> <span class='ocrx_word' id='word_1_728' title='bbox 1302 5270 1443 5325; x_wconf 73' lang='grc' dir='ltr'>κατὰ</span> <span class='ocrx_word' id='word_1_729' title='bbox 1472 5267 1700 5338; x_wconf 83' lang='grc' dir='ltr'>γνώμην</span> <span class='ocrx_word' id='word_1_730' title='bbox 1729 5267 1891 5329; x_wconf 73' lang='grc' dir='ltr'>τισὶν,</span> 
     </span>
    </p>
   </div>
   <div class='ocr_carea' id='block_1_99' title="bbox 307 5359 1893 5444">
    <p class='ocr_par' dir='ltr' id='par_1_99' title="bbox 307 5359 1893 5444">
     <span class='ocr_line' id='line_1_99' title="bbox 307 5359 1893 5444; baseline -0.013 -13"><span class='ocrx_word' id='word_1_731' title='bbox 307 5378 445 5440; x_wconf 73' lang='grc' dir='ltr'>ἀλλὰ</span> <span class='ocrx_word' id='word_1_732' title='bbox 496 5375 640 5430; x_wconf 83' lang='grc' dir='ltr'>κατὰ</span> <span class='ocrx_word' id='word_1_733' title='bbox 686 5370 1002 5442; x_wconf 78' lang='grc' dir='ltr'>οἰκονομίαν</span> <span class='ocrx_word' id='word_1_734' title='bbox 1052 5369 1148 5422; x_wconf 77' lang='grc' dir='ltr'>καὶ</span> <span class='ocrx_word' id='word_1_735' title='bbox 1194 5364 1457 5437; x_wconf 81' lang='grc' dir='ltr'>πρόνοιάν</span> <span class='ocrx_word' id='word_1_736' title='bbox 1505 5379 1625 5415; x_wconf 86' lang='grc' dir='ltr'>τινα</span> <span class='ocrx_word' id='word_1_737' title='bbox 1674 5359 1893 5444; x_wconf 56' lang='grc' dir='ltr'>λέγεται</span> 
     </span>
    </p>
   </div>
   <div class='ocr_carea' id='block_1_100' title="bbox 309 5449 1894 5542">
    <p class='ocr_par' dir='ltr' id='par_1_100' title="bbox 309 5449 1894 5542">
     <span class='ocr_line' id='line_1_100' title="bbox 309 5449 1894 5542; baseline -0.015 -18"><span class='ocrx_word' id='word_1_738' title='bbox 309 5467 575 5531; x_wconf 85' lang='grc' dir='ltr'>πολλάκις</span> <span class='ocrx_word' id='word_1_739' title='bbox 596 5506 613 5529; x_wconf 87' lang='grc'><strong>,</strong></span> <span class='ocrx_word' id='word_1_740' title='bbox 672 5465 748 5535; x_wconf 80' lang='grc' dir='ltr'>μὴ</span> <span class='ocrx_word' id='word_1_741' title='bbox 793 5457 1235 5542; x_wconf 81' lang='grc' dir='ltr'>εύμνημονοῦσιν</span> <span class='ocrx_word' id='word_1_742' title='bbox 1265 5458 1324 5509; x_wconf 82' lang='grc' dir='ltr'>ὲν</span> <span class='ocrx_word' id='word_1_743' title='bbox 1352 5452 1431 5526; x_wconf 79' lang='grc' dir='ltr'>τῷ</span> <span class='ocrx_word' id='word_1_744' title='bbox 1456 5450 1753 5524; x_wconf 80' lang='grc' dir='ltr'>ψεύδεσθαι</span> <span class='ocrx_word' id='word_1_745' title='bbox 1785 5449 1894 5502; x_wconf 83' lang='grc' dir='ltr'><strong>τῶν</strong></span> 
     </span>
    </p>
   </div>
   <div class='ocr_carea' id='block_1_101' title="bbox 310 5542 1952 5634">
    <p class='ocr_par' dir='ltr' id='par_1_101' title="bbox 310 5542 1952 5634">
     <span class='ocr_line' id='line_1_101' title="bbox 310 5542 1952 5634; baseline -0.013 -19"><span class='ocrx_word' id='word_1_746' title='bbox 310 5559 732 5634; x_wconf 80' lang='grc' dir='ltr'>προειρημένων</span> <span class='ocrx_word' id='word_1_747' title='bbox 762 5556 945 5618; x_wconf 85' lang='grc' dir='ltr'>αὑτοῖς</span> <span class='ocrx_word' id='word_1_748' title='bbox 965 5595 981 5619; x_wconf 96' lang='grc'><strong>,</strong></span> <span class='ocrx_word' id='word_1_749' title='bbox 1032 5553 1120 5606; x_wconf 75' lang='grc' dir='ltr'>ἵνα</span> <span class='ocrx_word' id='word_1_750' title='bbox 1154 5549 1332 5622; x_wconf 76' lang='grc' dir='ltr'>ἔχοιεν</span> <span class='ocrx_word' id='word_1_751' title='bbox 1363 5545 1495 5617; x_wconf 82' lang='grc' dir='ltr'>παρ’</span> <span class='ocrx_word' id='word_1_752' title='bbox 1525 5543 1736 5598; x_wconf 83' lang='grc' dir='ltr'>ἑαυτῶν</span> <span class='ocrx_word' id='word_1_753' title='bbox 1765 5542 1896 5596; x_wconf 69' lang='grc' dir='ltr'>ἀπό-ν</span> <span class='ocrx_word' id='word_1_754' title='bbox 1950 5605 1952 5607; x_wconf 96' lang='lat'><em>_</em></span> 
     </span>
    </p>
   </div>
   <div class='ocr_carea' id='block_1_102' title="bbox 315 5637 1895 5728">
    <p class='ocr_par' dir='ltr' id='par_1_102' title="bbox 315 5637 1895 5728">
     <span class='ocr_line' id='line_1_102' title="bbox 315 5637 1895 5728; baseline -0.013 -19"><span class='ocrx_word' id='word_1_755' title='bbox 315 5672 477 5728; x_wconf 85' lang='grc' dir='ltr'>μενον</span> <span class='ocrx_word' id='word_1_756' title='bbox 529 5652 714 5715; x_wconf 77' lang='grc' dir='ltr'>αὐτοῖς</span> <span class='ocrx_word' id='word_1_757' title='bbox 765 5649 857 5701; x_wconf 72' lang='grc' dir='ltr'><strong>τον</strong></span> <span class='ocrx_word' id='word_1_758' title='bbox 905 5649 1036 5702; x_wconf 84' lang='grc' dir='ltr'>ἴδιον</span> <span class='ocrx_word' id='word_1_759' title='bbox 1083 5644 1326 5713; x_wconf 77' lang='grc' dir='ltr'>ἔλεγχον.</span> <span class='ocrx_word' id='word_1_760' title='bbox 1371 5641 1566 5710; x_wconf 85' lang='grc' dir='ltr'>Ἡμεῖς</span> <span class='ocrx_word' id='word_1_761' title='bbox 1609 5639 1665 5692; x_wconf 83' lang='grc' dir='ltr'>δὲ</span> <span class='ocrx_word' id='word_1_762' title='bbox 1714 5637 1763 5690; x_wconf 81' lang='grc' dir='ltr'><strong>εί</strong></span> <span class='ocrx_word' id='word_1_763' title='bbox 1803 5639 1895 5690; x_wconf 76' lang='grc' dir='ltr'>καὶ</span> 
     </span>
    </p>
   </div>
   <div class='ocr_carea' id='block_1_103' title="bbox 314 5730 1894 5819">
    <p class='ocr_par' dir='ltr' id='par_1_103' title="bbox 314 5730 1894 5819">
     <span class='ocr_line' id='line_1_103' title="bbox 314 5730 1894 5819; baseline -0.011 -20"><span class='ocrx_word' id='word_1_764' title='bbox 314 5747 444 5819; x_wconf 87' lang='grc' dir='ltr'>μίαν</span> <span class='ocrx_word' id='word_1_765' title='bbox 475 5747 638 5817; x_wconf 75' lang='grc' dir='ltr'>ἴσμεν</span> <span class='ocrx_word' id='word_1_766' title='bbox 690 5743 784 5796; x_wconf 77' lang='grc' dir='ltr'><strong>ἐπὶ</strong></span> <span class='ocrx_word' id='word_1_767' title='bbox 827 5739 1120 5811; x_wconf 85' lang='grc' dir='ltr'>ἀνθρώπου</span> <span class='ocrx_word' id='word_1_768' title='bbox 1156 5737 1248 5790; x_wconf 77' lang='grc' dir='ltr'><strong>τοῦ</strong></span> <span class='ocrx_word' id='word_1_769' title='bbox 1286 5734 1603 5790; x_wconf 86' lang='grc' dir='ltr'>καοέκαστα</span> <span class='ocrx_word' id='word_1_770' title='bbox 1633 5731 1732 5802; x_wconf 75' lang='grc' dir='ltr'>τὴν</span> <span class='ocrx_word' id='word_1_771' title='bbox 1763 5730 1894 5784; x_wconf 57' lang='grc' dir='ltr'>ὑπό.</span> 
     </span>
    </p>
   </div>
   <div class='ocr_carea' id='block_1_104' title="bbox 313 5823 1896 5906">
    <p class='ocr_par' dir='ltr' id='par_1_104' title="bbox 313 5823 1896 5906">
     <span class='ocr_line' id='line_1_104' title="bbox 313 5823 1896 5906; baseline -0.012 -10"><span class='ocrx_word' id='word_1_772' title='bbox 313 5857 538 5906; x_wconf 75' lang='grc' dir='ltr'>στασιν,</span> <span class='ocrx_word' id='word_1_773' title='bbox 585 5836 680 5892; x_wconf 78' lang='grc' dir='ltr'>καὶ</span> <span class='ocrx_word' id='word_1_774' title='bbox 728 5834 823 5890; x_wconf 72' lang='grc' dir='ltr'><strong>ἐπὶ</strong></span> <span class='ocrx_word' id='word_1_775' title='bbox 856 5835 1039 5904; x_wconf 86' lang='grc' dir='ltr'>πάσης</span> <span class='ocrx_word' id='word_1_776' title='bbox 1070 5831 1265 5902; x_wconf 76' lang='grc' dir='ltr'>ἑτέρας</span> <span class='ocrx_word' id='word_1_777' title='bbox 1291 5827 1644 5890; x_wconf 85' lang='grc' dir='ltr'>ὑποστάσεως</span> <span class='ocrx_word' id='word_1_778' title='bbox 1677 5823 1896 5895; x_wconf 84' lang='grc' dir='ltr'>φύσεων</span> 
     </span>
    </p>
   </div>
   <div class='ocr_carea' id='block_1_105' title="bbox 311 5915 1860 6008">
    <p class='ocr_par' dir='ltr' id='par_1_105' title="bbox 311 5915 1860 6008">
     <span class='ocr_line' id='line_1_105' title="bbox 311 5915 1860 6008; baseline -0.01 -19"><span class='ocrx_word' id='word_1_779' title='bbox 311 5931 690 6008; x_wconf 70' lang='grc' dir='ltr'>διωρισμένων</span> <span class='ocrx_word' id='word_1_780' title='bbox 712 5972 727 5999; x_wconf 92' lang='grc'><strong>,</strong></span> <span class='ocrx_word' id='word_1_781' title='bbox 779 5927 896 5985; x_wconf 80' lang='grc' dir='ltr'>ἀλλ’</span> <span class='ocrx_word' id='word_1_782' title='bbox 928 5926 1022 5982; x_wconf 67' lang='grc' dir='ltr'><strong>οὖν</strong></span> <span class='ocrx_word' id='word_1_783' title='bbox 1055 5925 1144 5979; x_wconf 70' lang='grc' dir='ltr'><strong>ἐπὶ</strong></span> <span class='ocrx_word' id='word_1_784' title='bbox 1170 5920 1366 5994; x_wconf 76' lang='grc' dir='ltr'>τοῦ-μὴ</span> <span class='ocrx_word' id='word_1_785' title='bbox 1395 5919 1579 5987; x_wconf 77' lang='grc' dir='ltr'>ἁπλῶς</span> <span class='ocrx_word' id='word_1_786' title='bbox 1606 5915 1860 5994; x_wconf 79' lang='grc' dir='ltr'>ἀνθρώπο</span> 
     </span>
    </p>
   </div>
   <div class='ocr_carea' id='block_1_106' title="bbox 1995 4709 3582 4786">
    <p class='ocr_par' dir='ltr' id='par_1_106' title="bbox 1995 4709 3582 4786">
     <span class='ocr_line' id='line_1_106' title="bbox 1995 4709 3582 4786; baseline -0.009 -11"><span class='ocrx_word' id='word_1_787' title='bbox 1995 4720 2156 4775; x_wconf 89' lang='lat' dir='ltr'><strong>nobis</strong></span> <span class='ocrx_word' id='word_1_788' title='bbox 2185 4716 2502 4772; x_wconf 88' lang='lat' dir='ltr'><strong>dicentibus</strong></span> <span class='ocrx_word' id='word_1_789' title='bbox 2537 4713 2828 4786; x_wconf 88' lang='lat' dir='ltr'><strong>personam</strong></span> <span class='ocrx_word' id='word_1_790' title='bbox 2882 4713 3099 4767; x_wconf 91' lang='lat' dir='ltr'><strong>Domini</strong></span> <span class='ocrx_word' id='word_1_791' title='bbox 3133 4709 3582 4766; x_wconf 84' lang='lat' dir='ltr'><strong>consubstantia-</strong></span> 
     </span>
    </p>
   </div>
   <div class='ocr_carea' id='block_1_107' title="bbox 1992 4800 3582 4876">
    <p class='ocr_par' dir='ltr' id='par_1_107' title="bbox 1992 4800 3582 4876">
     <span class='ocr_line' id='line_1_107' title="bbox 1992 4800 3582 4876; baseline -0.008 -8"><span class='ocrx_word' id='word_1_792' title='bbox 1992 4813 2101 4868; x_wconf 88' lang='lat' dir='ltr'><strong>lem</strong></span> <span class='ocrx_word' id='word_1_793' title='bbox 2162 4826 2306 4876; x_wconf 90' lang='lat' dir='ltr'><strong>esse,</strong></span> <span class='ocrx_word' id='word_1_794' title='bbox 2338 4810 2383 4864; x_wconf 91' lang='lat' dir='ltr'><strong>si</strong></span> <span class='ocrx_word' id='word_1_795' title='bbox 2416 4825 2527 4864; x_wconf 92' lang='lat' dir='ltr'><strong>non</strong></span> <span class='ocrx_word' id='word_1_796' title='bbox 2559 4800 2960 4872; x_wconf 67' lang='lat' dir='ltr'><strong>Patri,&#39;saltem</strong></span> <span class='ocrx_word' id='word_1_797' title='bbox 3013 4805 3230 4871; x_wconf 84' lang='lat' dir='ltr'><strong>Davidi,</strong></span> <span class='ocrx_word' id='word_1_798' title='bbox 3263 4814 3318 4860; x_wconf 87' lang='lat' dir='ltr'><strong>et</strong></span> <span class='ocrx_word' id='word_1_799' title='bbox 3363 4801 3582 4858; x_wconf 85' lang='lat' dir='ltr'><strong>duabus</strong></span> 
     </span>
    </p>
   </div>
   <div class='ocr_carea' id='block_1_108' title="bbox 1993 4899 3579 4970">
    <p class='ocr_par' dir='ltr' id='par_1_108' title="bbox 1993 4899 3579 4970">
     <span class='ocr_line' id='line_1_108' title="bbox 1993 4899 3579 4970; baseline -0.005 -10"><span class='ocrx_word' id='word_1_800' title='bbox 1993 4903 2209 4960; x_wconf 88' lang='lat' dir='ltr'><strong>naturis</strong></span> <span class='ocrx_word' id='word_1_801' title='bbox 2260 4901 2577 4965; x_wconf 83' lang='lat' dir='ltr'><strong>conﬂatam,</strong></span> <span class='ocrx_word' id='word_1_802' title='bbox 2632 4899 2964 4970; x_wconf 72' lang='lat' dir='ltr'><strong>quterebatis</strong></span> <span class='ocrx_word' id='word_1_803' title='bbox 3014 4899 3085 4954; x_wconf 88' lang='lat' dir='ltr'><strong>ob</strong></span> <span class='ocrx_word' id='word_1_804' title='bbox 3131 4913 3296 4968; x_wconf 92' lang='lat' dir='ltr'><strong>quam</strong></span> <span class='ocrx_word' id='word_1_805' title='bbox 3356 4912 3579 4952; x_wconf 90' lang='lat' dir='ltr'><strong>causam</strong></span> 
     </span>
    </p>
   </div>
   <div class='ocr_carea' id='block_1_109' title="bbox 1995 4988 3584 5063">
    <p class='ocr_par' dir='ltr' id='par_1_109' title="bbox 1995 4988 3584 5063">
     <span class='ocr_line' id='line_1_109' title="bbox 1995 4988 3584 5063; baseline -0.004 -12"><span class='ocrx_word' id='word_1_806' title='bbox 1995 5013 2114 5053; x_wconf 86' lang='lat' dir='ltr'><strong>eam</strong></span> <span class='ocrx_word' id='word_1_807' title='bbox 2148 4994 2331 5050; x_wconf 90' lang='lat' dir='ltr'><strong>anima</strong></span> <span class='ocrx_word' id='word_1_808' title='bbox 2359 5002 2415 5049; x_wconf 93' lang='lat' dir='ltr'><strong>et</strong></span> <span class='ocrx_word' id='word_1_809' title='bbox 2457 5007 2692 5063; x_wconf 89' lang='lat' dir='ltr'><strong>corpore</strong></span> <span class='ocrx_word' id='word_1_810' title='bbox 2735 4991 2992 5062; x_wconf 90' lang='lat' dir='ltr'><strong>componi</strong></span> <span class='ocrx_word' id='word_1_811' title='bbox 3052 5005 3398 5062; x_wconf 84' lang='lat' dir='ltr'><strong>negaremus.</strong></span> <span class='ocrx_word' id='word_1_812' title='bbox 3435 4988 3584 5045; x_wconf 90' lang='lat' dir='ltr'><strong>Talis</strong></span> 
     </span>
    </p>
   </div>
   <div class='ocr_carea' id='block_1_110' title="bbox 1993 5080 3577 5150">
    <p class='ocr_par' dir='ltr' id='par_1_110' title="bbox 1993 5080 3577 5150">
     <span class='ocr_line' id='line_1_110' title="bbox 1993 5080 3577 5150; baseline -0.007 -7"><span class='ocrx_word' id='word_1_813' title='bbox 1993 5088 2142 5144; x_wconf 87' lang='lat' dir='ltr'><strong>enim</strong></span> <span class='ocrx_word' id='word_1_814' title='bbox 2171 5094 2291 5142; x_wconf 87' lang='lat' dir='ltr'><strong>erat</strong></span> <span class='ocrx_word' id='word_1_815' title='bbox 2315 5084 2505 5140; x_wconf 85' lang='lat' dir='ltr'><strong>David.</strong></span> <span class='ocrx_word' id='word_1_816' title='bbox 2536 5082 2694 5150; x_wconf 87' lang='lat' dir='ltr'><strong>Quod</strong></span> <span class='ocrx_word' id='word_1_817' title='bbox 2729 5091 2916 5137; x_wconf 89' lang='lat' dir='ltr'><strong>tamen</strong></span> <span class='ocrx_word' id='word_1_818' title='bbox 2945 5081 3102 5136; x_wconf 90' lang='lat' dir='ltr'><strong>vobis</strong></span> <span class='ocrx_word' id='word_1_819' title='bbox 3129 5080 3198 5135; x_wconf 90' lang='lat' dir='ltr'><strong>sit</strong></span> <span class='ocrx_word' id='word_1_820' title='bbox 3229 5094 3577 5144; x_wconf 87' lang='lat' dir='ltr'><strong>concessum,</strong></span> 
     </span>
    </p>
   </div>
   <div class='ocr_carea' id='block_1_111' title="bbox 1996 5173 3581 5249">
    <p class='ocr_par' dir='ltr' id='par_1_111' title="bbox 1996 5173 3581 5249">
     <span class='ocr_line' id='line_1_111' title="bbox 1996 5173 3581 5249; baseline -0.006 -13"><span class='ocrx_word' id='word_1_821' title='bbox 1996 5181 2126 5236; x_wconf 89' lang='lat' dir='ltr'><strong>licet</strong></span> <span class='ocrx_word' id='word_1_822' title='bbox 2149 5179 2244 5235; x_wconf 90' lang='lat' dir='ltr'><strong>ubi</strong></span> <span class='ocrx_word' id='word_1_823' title='bbox 2264 5177 2513 5249; x_wconf 74' lang='lat' dir='ltr'><strong>quaedam</strong></span> <span class='ocrx_word' id='word_1_824' title='bbox 2535 5176 2601 5230; x_wconf 90' lang='lat' dir='ltr'><strong>ad</strong></span> <span class='ocrx_word' id='word_1_825' title='bbox 2627 5175 2931 5240; x_wconf 88' lang='lat' dir='ltr'><strong>hominem,</strong></span> <span class='ocrx_word' id='word_1_826' title='bbox 2951 5189 3078 5231; x_wconf 89' lang='lat' dir='ltr'><strong>cum</strong></span> <span class='ocrx_word' id='word_1_827' title='bbox 3097 5173 3446 5244; x_wconf 63' lang='lat' dir='ltr'><strong>prtevisione,</strong></span> <span class='ocrx_word' id='word_1_828' title='bbox 3468 5187 3581 5226; x_wconf 89' lang='lat' dir='ltr'><strong>non</strong></span> 
     </span>
    </p>
   </div>
   <div class='ocr_carea' id='block_1_112' title="bbox 1993 5264 3584 5346">
    <p class='ocr_par' dir='ltr' id='par_1_112' title="bbox 1993 5264 3584 5346">
     <span class='ocr_line' id='line_1_112' title="bbox 1993 5264 3584 5346; baseline -0.005 -16"><span class='ocrx_word' id='word_1_829' title='bbox 1993 5276 2150 5346; x_wconf 72' lang='lat' dir='ltr'><strong>juxta</strong></span> <span class='ocrx_word' id='word_1_830' title='bbox 2208 5280 2448 5326; x_wconf 91' lang='lat' dir='ltr'><strong>mentem</strong></span> <span class='ocrx_word' id='word_1_831' title='bbox 2497 5269 2781 5334; x_wconf 86' lang='lat' dir='ltr'><strong>dicuntur,</strong></span> <span class='ocrx_word' id='word_1_832' title='bbox 2807 5269 2947 5322; x_wconf 87' lang='lat' dir='ltr'><strong>male</strong></span> <span class='ocrx_word' id='word_1_833' title='bbox 2989 5275 3152 5338; x_wconf 80' lang='lat' dir='ltr'><strong>agant</strong></span> <span class='ocrx_word' id='word_1_834' title='bbox 3187 5266 3281 5337; x_wconf 91' lang='lat' dir='ltr'><strong>qui</strong></span> <span class='ocrx_word' id='word_1_835' title='bbox 3321 5264 3584 5336; x_wconf 76' lang='lat' dir='ltr'><strong>przedicta</strong></span> 
     </span>
    </p>
   </div>
   <div class='ocr_carea' id='block_1_113' title="bbox 1997 5359 3583 5430">
    <p class='ocr_par' dir='ltr' id='par_1_113' title="bbox 1997 5359 3583 5430">
     <span class='ocr_line' id='line_1_113' title="bbox 1997 5359 3583 5430; baseline -0.005 -10"><span class='ocrx_word' id='word_1_836' title='bbox 1997 5365 2179 5420; x_wconf 90' lang='lat' dir='ltr'><strong>alieno</strong></span> <span class='ocrx_word' id='word_1_837' title='bbox 2243 5379 2408 5418; x_wconf 89' lang='lat' dir='ltr'><strong>sensu</strong></span> <span class='ocrx_word' id='word_1_838' title='bbox 2455 5361 2714 5425; x_wconf 90' lang='lat' dir='ltr'><strong>recitant,</strong></span> <span class='ocrx_word' id='word_1_839' title='bbox 2747 5359 2905 5430; x_wconf 90' lang='lat' dir='ltr'><strong>quasi</strong></span> <span class='ocrx_word' id='word_1_840' title='bbox 2939 5360 3230 5430; x_wconf 88' lang='lat' dir='ltr'><strong>personalc</strong></span> <span class='ocrx_word' id='word_1_841' title='bbox 3286 5373 3583 5430; x_wconf 79' lang='lat' dir='ltr'><strong>argumen-</strong></span> 
     </span>
    </p>
   </div>
   <div class='ocr_carea' id='block_1_114' title="bbox 2000 5449 3583 5523">
    <p class='ocr_par' dir='ltr' id='par_1_114' title="bbox 2000 5449 3583 5523">
     <span class='ocr_line' id='line_1_114' title="bbox 2000 5449 3583 5523; baseline -0.004 -12"><span class='ocrx_word' id='word_1_842' title='bbox 2000 5467 2116 5512; x_wconf 91' lang='lat' dir='ltr'><strong>tum</strong></span> <span class='ocrx_word' id='word_1_843' title='bbox 2144 5454 2290 5510; x_wconf 91' lang='lat' dir='ltr'><strong>nacti</strong></span> <span class='ocrx_word' id='word_1_844' title='bbox 2325 5455 2431 5509; x_wconf 89' lang='lat' dir='ltr'><strong>hoc</strong></span> <span class='ocrx_word' id='word_1_845' title='bbox 2461 5453 2694 5508; x_wconf 90' lang='lat' dir='ltr'><strong>verbum</strong></span> <span class='ocrx_word' id='word_1_846' title='bbox 2719 5450 2825 5507; x_wconf 83' lang='lat' dir='ltr'><strong>sibi</strong></span> <span class='ocrx_word' id='word_1_847' title='bbox 2851 5451 3082 5523; x_wconf 87' lang='lat' dir='ltr'><strong>dictum.</strong></span> <span class='ocrx_word' id='word_1_848' title='bbox 3114 5450 3228 5506; x_wconf 86' lang='lat' dir='ltr'><strong>Nos</strong></span> <span class='ocrx_word' id='word_1_849' title='bbox 3255 5458 3442 5505; x_wconf 88' lang='lat' dir='ltr'><strong>autem</strong></span> <span class='ocrx_word' id='word_1_850' title='bbox 3471 5449 3583 5506; x_wconf 90' lang='lat' dir='ltr'><strong>etsi</strong></span> 
     </span>
    </p>
   </div>
   <div class='ocr_carea' id='block_1_115' title="bbox 2000 5543 3582 5619">
    <p class='ocr_par' dir='ltr' id='par_1_115' title="bbox 2000 5543 3582 5619">
     <span class='ocr_line' id='line_1_115' title="bbox 2000 5543 3582 5619; baseline -0.004 -14"><span class='ocrx_word' id='word_1_851' title='bbox 2000 5565 2164 5605; x_wconf 93' lang='lat' dir='ltr'><strong>unam</strong></span> <span class='ocrx_word' id='word_1_852' title='bbox 2192 5561 2483 5619; x_wconf 90' lang='lat' dir='ltr'><strong>personam</strong></span> <span class='ocrx_word' id='word_1_853' title='bbox 2515 5545 2716 5616; x_wconf 86' lang='lat' dir='ltr'><strong>cuique</strong></span> <span class='ocrx_word' id='word_1_854' title='bbox 2769 5544 3079 5608; x_wconf 83' lang='lat' dir='ltr'><strong>hominum,</strong></span> <span class='ocrx_word' id='word_1_855' title='bbox 3110 5553 3167 5599; x_wconf 88' lang='lat' dir='ltr'><strong>et</strong></span> <span class='ocrx_word' id='word_1_856' title='bbox 3220 5544 3449 5600; x_wconf 87' lang='lat' dir='ltr'><strong>cuilibet</strong></span> <span class='ocrx_word' id='word_1_857' title='bbox 3493 5543 3582 5599; x_wconf 60' lang='lat' dir='ltr'><strong>in.</strong></span> 
     </span>
    </p>
   </div>
   <div class='ocr_carea' id='block_1_116' title="bbox 1999 5638 3584 5715">
    <p class='ocr_par' dir='ltr' id='par_1_116' title="bbox 1999 5638 3584 5715">
     <span class='ocr_line' id='line_1_116' title="bbox 1999 5638 3584 5715; baseline -0.006 -15"><span class='ocrx_word' id='word_1_858' title='bbox 1999 5642 2228 5700; x_wconf 84' lang='lat' dir='ltr'><strong>di‘viduo</strong></span> <span class='ocrx_word' id='word_1_859' title='bbox 2251 5641 2397 5696; x_wconf 90' lang='lat' dir='ltr'><strong>inter</strong></span> <span class='ocrx_word' id='word_1_860' title='bbox 2429 5650 2660 5694; x_wconf 86' lang='lat' dir='ltr'><strong>naturas</strong></span> <span class='ocrx_word' id='word_1_861' title='bbox 2682 5638 2989 5715; x_wconf 76' lang='lat' dir='ltr'><strong>distinctas</strong></span> <span class='ocrx_word' id='word_1_862' title='bbox 3011 5653 3373 5709; x_wconf 82' lang='lat' dir='ltr'><strong>agnoscamus</strong></span> <span class='ocrx_word' id='word_1_863' title='bbox 3401 5654 3414 5702; x_wconf 92' lang='lat'><strong>;</strong></span> <span class='ocrx_word' id='word_1_864' title='bbox 3443 5646 3584 5692; x_wconf 80' lang='lat' dir='ltr'><strong>atta-</strong></span> 
     </span>
    </p>
   </div>
   <div class='ocr_carea' id='block_1_117' title="bbox 1999 5726 3579 5802">
    <p class='ocr_par' dir='ltr' id='par_1_117' title="bbox 1999 5726 3579 5802">
     <span class='ocr_line' id='line_1_117' title="bbox 1999 5726 3579 5802; baseline -0.006 -10"><span class='ocrx_word' id='word_1_865' title='bbox 1999 5744 2148 5802; x_wconf 85' lang='lat' dir='ltr'><strong>men,</strong></span> <span class='ocrx_word' id='word_1_866' title='bbox 2173 5736 2219 5790; x_wconf 90' lang='lat' dir='ltr'><strong>si</strong></span> <span class='ocrx_word' id='word_1_867' title='bbox 2254 5748 2341 5789; x_wconf 90' lang='lat' dir='ltr'><strong>res</strong></span> <span class='ocrx_word' id='word_1_868' title='bbox 2363 5741 2449 5788; x_wconf 90' lang='lat' dir='ltr'><strong>est</strong></span> <span class='ocrx_word' id='word_1_869' title='bbox 2479 5732 2548 5788; x_wconf 89' lang='lat' dir='ltr'><strong>de</strong></span> <span class='ocrx_word' id='word_1_870' title='bbox 2594 5747 2706 5787; x_wconf 91' lang='lat' dir='ltr'><strong>non</strong></span> <span class='ocrx_word' id='word_1_871' title='bbox 2737 5731 2962 5787; x_wconf 90' lang='lat' dir='ltr'><strong>homine</strong></span> <span class='ocrx_word' id='word_1_872' title='bbox 3013 5747 3176 5802; x_wconf 87' lang='lat' dir='ltr'><strong>puro,</strong></span> <span class='ocrx_word' id='word_1_873' title='bbox 3204 5728 3458 5792; x_wconf 88' lang='lat' dir='ltr'><strong>Domino,</strong></span> <span class='ocrx_word' id='word_1_874' title='bbox 3482 5726 3579 5797; x_wconf 86' lang='lat' dir='ltr'><strong>qui</strong></span> 
     </span>
    </p>
   </div>
   <div class='ocr_carea' id='block_1_118' title="bbox 2001 5819 3578 5900">
    <p class='ocr_par' dir='ltr' id='par_1_118' title="bbox 2001 5819 3578 5900">
     <span class='ocr_line' id='line_1_118' title="bbox 2001 5819 3578 5900; baseline -0.006 -16"><span class='ocrx_word' id='word_1_875' title='bbox 2001 5841 2285 5900; x_wconf 89' lang='lat' dir='ltr'><strong>nunquam</strong></span> <span class='ocrx_word' id='word_1_876' title='bbox 2346 5831 2635 5895; x_wconf 84' lang='lat' dir='ltr'><strong>separatus</strong></span> <span class='ocrx_word' id='word_1_877' title='bbox 2671 5833 2758 5879; x_wconf 81' lang='lat' dir='ltr'><strong>est</strong></span> <span class='ocrx_word' id='word_1_878' title='bbox 2795 5839 2827 5878; x_wconf 91' lang='lat' dir='ltr'><strong>a</strong></span> <span class='ocrx_word' id='word_1_879' title='bbox 2871 5839 3107 5895; x_wconf 90' lang='lat' dir='ltr'><strong>persona</strong></span> <span class='ocrx_word' id='word_1_880' title='bbox 3167 5820 3358 5883; x_wconf 84' lang='lat' dir='ltr'><strong>Verbi,</strong></span> <span class='ocrx_word' id='word_1_881' title='bbox 3411 5819 3578 5892; x_wconf 83' lang='lat' dir='ltr'><strong>hujus</strong></span> 
     </span>
    </p>
   </div>
   <div class='ocr_carea' id='block_1_119' title="bbox 2009 5910 3575 5993">
    <p class='ocr_par' dir='ltr' id='par_1_119' title="bbox 2009 5910 3575 5993">
     <span class='ocr_line' id='line_1_119' title="bbox 2009 5910 3575 5993; baseline -0.008 -16"><span class='ocrx_word' id='word_1_882' title='bbox 2009 5921 2174 5993; x_wconf 83' lang='lat' dir='ltr'><strong>unius</strong></span> <span class='ocrx_word' id='word_1_883' title='bbox 2209 5933 2498 5992; x_wconf 79' lang='lat' dir='ltr'><strong>personam</strong></span> <span class='ocrx_word' id='word_1_884' title='bbox 2550 5931 2660 5972; x_wconf 90' lang='lat' dir='ltr'><strong>non</strong></span> <span class='ocrx_word' id='word_1_885' title='bbox 2694 5931 2816 5975; x_wconf 87' lang='lat' dir='ltr'><strong>esse</strong></span> <span class='ocrx_word' id='word_1_886' title='bbox 2843 5913 3235 5988; x_wconf 83' lang='lat' dir='ltr'><strong>particularcm</strong></span> <span class='ocrx_word' id='word_1_887' title='bbox 3257 5910 3575 5970; x_wconf 83' lang='lat' dir='ltr'><strong>credimus:</strong></span> 
     </span>
    </p>
   </div>
  </div>
