3916 6576
343 429 481 496 1561
1617 433 1927 494 LEONTII
1964 433 2371 496 BYZANTlNI
3421 392 3424 394 ⁷
3471 431 3610 497 1658

338 561 450 605 non
479 544 628 600 enim
679 543 735 600 in
777 545 1023 615 prepria,
1057 545 1152 600 sed
1183 545 1240 601 in
1281 544 1450 601 Verbi
1476 560 1711 616 persona
1741 545 1923 600 subsi-

2038 549 2180 610 5ντος
2223 546 2318 599 τοῦ
2353 542 2638 616 Κυριακοὺ
2681 542 2774 597 τοῦ
2803 543 2905 614 τῆς
2932 543 3030 598 τοῦ
3052 542 3230 614 Λόγου
3257 543 3612 608 ὑποστάσεως

339 637 438 694 stit
465 636 535 692 ab
558 635 714 691 initio
741 637 1058 695 humanitas
1103 636 1412 706 salvatoris
1443 653 1458 702 ;
1515 652 1697 706 neque
1746 635 1911 692 Verbi

2038 640 2106 710 μὴ
2127 636 2549 708 διακεκριμένου
2583 635 2738 700 ποτὲ,
2775 635 3037 706 οὐδεμίαν
3066 636 3226 706 ῐσμεν
3249 634 3416 688 αὑτοῦ
3441 635 3610 704 μόνου

339 745 576 802 ρει-δορα
627 730 793 785 hodie
843 738 932 785 est
976 730 1155 785 solius
1198 730 1388 795 Verbi,
1418 730 1694 799 siquidem
1726 730 1781 786 in
1805 730 1919 799 ipsa

2038 733 2204 801 ἱδικὴν
2241 730 2407 784 οὖσαν
2451 730 2751 784 ὑπόστασιν
2771 747 2786 762 ο
2845 729 2941 783 xui.
2970 729 3084 800 γάρ
3110 729 3213 782 οὐκ
3240 729 3300 781 ὲν
3328 727 3610 800 ίδιαζοὺσῃ

341 836 473 877 cum.
497 822 840 877 humanitate
869 821 1110 876 Verbum
1139 822 1615 878 consubstantiale
1646 821 1918 886 subsistit,

2038 823 2480 893 ὐποστῆναι,άλλ⁹
2503 822 2564 875 ἑν
2586 825 2652 892 τῇ
2678 820 2772 875 τοῦ
2787 821 2959 890 Λόγου
2979 821 3280 875 ὑποστάσει
3304 818 3609 888 ὑφεστηκέ-

342 925 467 987 post
497 916 921 972 inenarrabilem
952 917 1072 986 ejus
1102 916 1562 972 incarnationem.
1765 961 1770 966 .

2038 933 2117 969 ναι
2166 914 2228 968 τὸ
2269 912 2608 984 ἀνθρώπινόν
2655 929 2840 984 φαμεν
2882 912 2978 966 τοῦ
3008 913 3266 983 Σωτῆρος
3309 912 3371 979 ἒξ
3396 911 3604 982 ἀπῆν

343 1005 466 1061 οὐτε
518 1008 625 1078 μὴν
670 1006 861 1067 ἁπλῶς
909 1006 1007 1077 τὴν
1036 1006 1132 1060 τοῦ
1163 1007 1343 1076 Λόγου
1373 1006 1470 1060 νῦν
1500 1007 1820 1071 ὑπόστασιν,
1857 1007 1934 1071 ὡς
1972 1005 2146 1074 Λόγου
2187 1005 2347 1077 μόνον
2373 1005 2541 1060 οὖσαν
2605 1005 2903 1059 ὑπόστασιν
2943 1007 3039 1060 νῦν
3107 1007 3331 1078 οῐδαμεν
3355 1022 3370 1036 ⁸
3395 1017 3402 1022 ’
3423 1007 3614 1078 ἐπειδὴ

345 1099 443 1152 σὺν
475 1100 554 1171 τῷ
584 1099 910 1171 ἀνθρωπίνῳ
939 1099 1346 1172 συνυφίστηκεν
1379 1102 1439 1155 ὲν
1466 1101 1605 1173 αὐτῇ
1633 1101 1741 1154 τῶν
1770 1099 2076 1172 όμοουσίων
2106 1101 2135 1155 ό
2158 1100 2330 1168 Λόγος
2361 1099 2501 1168 μετὰ
2524 1099 2625 1170 τὴν
2652 1099 2934 1169 ἄφραστον
2960 1098 3127 1152 αὑτοῦ
3150 1098 3370 1155 ἕνωσιν.

414 1195 719 1266 Utriusque
750 1211 883 1267 ergo
914 1212 1081 1252 unam
1129 1206 1187 1253 et
1240 1212 1588 1252 communem
1634 1213 1923 1268 personam

345 1291 692 1351 conﬁtemur,
724 1305 845 1359 qua:
873 1290 1027 1360 prior
1072 1299 1195 1344 erat
1225 1290 1465 1344 humana
1509 1291 1838 1354 substantia,
1869 1298 1926 1345 et

343 1389 506 1436 antea
536 1382 762 1451 propria
793 1382 959 1438 Verbi
1005 1392 1145 1447 erat,
1186 1384 1242 1439 in
1297 1383 1576 1440 communi
1619 1382 1926 1439 divinitatis

347 1473 622 1538 essentia;
672 1490 902 1544 quaeque
965 1475 1071 1530 sibi
1119 1483 1303 1530 creata
1359 1475 1602 1530 hominis
1652 1474 1926 1530 Dominici

347 1572 568 1628 natura,
599 1580 773 1635 eaque
802 1565 1141 1621 circumdata
1179 1575 1236 1621 et
1279 1575 1465 1637 aptata
1495 1567 1735 1637 propriae
1762 1575 1927 1622 natu-

350 1672 447 1722 rae,
482 1665 614 1712 tunc
635 1657 812 1727 coepit
836 1672 958 1712 esse
1004 1668 1219 1714 natura;
1254 1673 1538 1728 corporeae
1570 1673 1830 1728 persona,
1862 1675 1931 1716 ex

349 1750 568 1819 propria
595 1751 908 1806 communis
935 1751 1076 1817 ﬁeri,
1108 1760 1166 1806 et
1200 1752 1488 1822 multiplex
1511 1751 1778 1807 substitit.
1808 1752 1931 1808 Non

347 1842 494 1896 enim
531 1842 694 1897 hodie
727 1842 873 1897 sicut
902 1843 1057 1913 prius
1093 1844 1261 1898 Verbi
1296 1859 1530 1914 persona
1561 1859 1670 1898 una
1700 1843 1931 1899 notione

2115 1195 2470 1266 ’Λμφοτὲρων
2499 1195 2592 1249 οὑν
2626 1197 2758 1268 μίαν
2787 1195 2945 1264 ῐσμεν
2976 1194 3074 1248 xui.
3101 1193 3200 1264 τὴν
3227 1195 3400 1265 αὐτὴν
3429 1194 3617 1265 κοινὴν

2033 1291 2199 1345 οὖσαν
2231 1291 2533 1344 ὑπόστασιν
2558 1329 2572 1354 ,
2622 1291 2658 1360 ἢ
2692 1286 3012 1361 προῦπῆρξε
3043 1288 3146 1357 μὲν
3175 1286 3273 1357 τῆς
3296 1287 3489 1350 οὐσίας
3519 1288 3614 1340 τοῦ

2033 1385 2348 1457 ἀνθρώπου,
2387 1385 2528 1455 ίδικὴ
2553 1381 2688 1437 οὖσα
2714 1383 2775 1436 τὸ
2806 1382 2938 1453 πρὶν
2961 1379 3058 1434 τοῦ
3082 1380 3255 1450 Λόγου
3277 1381 3340 1435 ὲν
3370 1384 3438 1452 τῇ
3459 1383 3614 1451 κοινῇ

2031 1481 2130 1550 τῆς
2159 1477 2413 1548 θεότητος
2439 1477 2598 1548 οὐσίᾳ
2620 1491 2632 1504 ·
2667 1474 2768 1545 τὴν
2794 1474 2852 1528 δὲ
2879 1473 2973 1527 τοῦ
2998 1471 3282 1543 Κυριακοῦ
3315 1472 3616 1543 ἀνθρώπου

2033 1571 2197 1639 φύσιν
2248 1569 2701 1640 δημιουργήσασα
2750 1568 2914 1637 ἑαυτῇ
2942 1607 2957 1631 ,
3010 1566 3108 1620 xui.
3158 1565 3618 1638 περιπτυξαμένη

2033 1667 2130 1720 xui.
2176 1663 2467 1733 συνάψασα
2512 1665 2578 1734 τῇ
2627 1661 2734 1734 ἰδίᾳ
2771 1663 2830 1714 ὲν
2861 1661 3000 1732 αὐτῇ
3029 1659 3191 1729 φύσει
3211 1702 3226 1726 ,
3268 1660 3388 1731 ἅμα
3413 1658 3494 1730 τῷ
3522 1657 3623 1712 καὶ

2034 1758 2133 1826 τῆς
2163 1755 2380 1828 φύσεως
2409 1757 2510 1826 τῆς
2538 1755 2740 1826 σαρκὸς
2772 1751 2912 1808 εἶναι
2942 1753 3277 1816 ὑπόστασις,
3325 1753 3420 1806 καὶ
3459 1752 3622 1822 κοινὴ

2036 1843 2176 1902 εἶναι
2222 1849 2359 1919 αὐτῇ
2413 1844 2471 1910 ἐξ
2518 1845 2693 1914 ίδικῆς
2723 1846 2928 1916 ἤρξατο
2962 1845 3058 1897 καὶ
3088 1843 3455 1914 ποικιλωτέρα
3488 1861 3586 1896 συν

347 1932 593 2002 generati
624 1948 654 1986 a
690 1933 847 1986 Patre
879 1941 936 1987 et
967 1933 1176 2003 Spiritu
1211 1935 1591 2006 distinguitur,
1632 1935 1727 1990 sed
1758 1936 1927 1990 etiam

2038 1942 2284 2013 ἔστηκενο
2323 1941 2385 1993 οὐ
2413 1938 2524 2009 γὰρ
2552 1937 2618 2008 δὴ
2651 1937 2797 2007 μόνῳ
2826 1937 2923 1990 νῦν
2952 1938 3028 1998 ὡς
3051 1937 3244 2009 πρώην
3267 1939 3301 2008 ἡ
3326 1936 3419 1989 τοῦ
3439 1938 3622 2004 Λόγου
3645 1923 3652 1928 ’

347 2023 474 2092 quia
502 2023 755 2092 pluribus
779 2025 992 2080 naturis
1013 2035 1247 2086 constat.
1279 2034 1337 2082 et
1361 2028 1795 2097 proprietatibus
1815 2027 1930 2082 sive

351 2115 694 2170 naturalibus
771 2116 888 2171 sive
952 2119 1340 2186 personalihus
1404 2135 1601 2173 revera
1661 2119 1929 2174 abundat.

351 2205 639 2272 Quomodo
670 2223 801 2278 ergo
831 2208 964 2263 huic
993 2211 1166 2264 altera
1191 2226 1430 2281 persona
1461 2211 1705 2266 hominis
1738 2211 1833 2282 qui
1857 2211 1932 2268 si-

351 2314 420 2353 ne
477 2298 664 2353 divina
696 2300 863 2355 Verbi
913 2317 1148 2371 persona
1179 2318 1459 2372 nunquam
1495 2302 1766 2366 substitit,
1795 2302 1934 2374 adji-

350 2390 527 2445 cietur
556 2391 579 2445 ?
614 2392 708 2446 Vel
743 2392 788 2447 si
833 2394 988 2448 carni
1028 2409 1264 2463 persona
1303 2395 1625 2450 attribuitur
1679 2403 1806 2450 ante
1841 2411 1931 2451 as-

352 2482 746 2550 sumptionem,
773 2484 920 2553 quod
951 2499 1113 2538 nemo
1162 2485 1287 2554 pius
1319 2485 1597 2550 admittet,
1630 2485 1930 2556 quomodo,

351 2587 480 2627 cum
529 2584 812 2644 assumpta
859 2574 1051 2640 fuerit,
1085 2574 1139 2629 id
1176 2582 1290 2641 est,
1319 2592 1444 2631 cum
1507 2583 1852 2647 assumptum
1877 2585 1934 2632 ct

355 2678 649 2720 assumens
679 2665 733 2720 in
765 2682 887 2722 sese
937 2667 1175 2722 invicem
1206 2677 1489 2734 maneant,
1523 2668 1832 2724 remanebit
1877 2668 1932 2723 in

353 2757 488 2826 ipsis
536 2764 594 2812 et
649 2758 950 2813 salvabitur
1008 2759 1450 2830 uniuscujusque
1527 2757 1816 2814 distinctio
1861 2758 1932 2814 ab

350 2848 567 2904 altero?
593 2848 646 2903 in
673 2863 782 2919 quo
805 2851 1059 2906 consistit
1085 2851 1374 2907 distinctio
1388 2851 1609 2920 ?,Recte
1630 2866 1764 2922 ergo
1779 2851 1796 2921 j
1813 2849 1935 2904 udi-

353 2939 589 2995 candum
635 2949 720 2995 est
773 2942 940 2998 Verbi
991 2953 1245 2998 naturam
1276 2959 1397 2999 esse
1424 2957 1773 2997 communem
1807 2958 1934 2998 cum

355 3028 513 3083 Patre
537 3037 594 3084 et
625 3029 855 3099 Spiritu,
886 3047 1181 3101 personam
1210 3049 1344 3088 vero
1387 3049 1510 3089 esse
1540 3033 1934 3104 particularem

351 3129 541 3175 contra
569 3123 807 3188 Patrem,
841 3122 1106 3194 Spiritum
1129 3133 1186 3181 et
1224 3126 1513 3181 universos
1553 3126 1808 3185 homines
1837 3126 1932 3196 qui

353 3215 422 3270 de
452 3215 609 3270 beata
636 3217 858 3288 Virgine
886 3218 1000 3272 nati
1037 3234 1146 3273 non
1177 3227 1329 3284 sunt,
1359 3227 1525 3288 atque
1577 3218 1672 3272 uni
1720 3218 1872 3273 carni
1903 3235 1934 3273 a

356 3307 538 3363 Verbo
557 3307 626 3364 de
657 3308 831 3364 Matre
861 3310 956 3365 Dei
989 3319 1289 3380 assumptis
1314 3325 1664 3366 communem
1696 3321 1793 3378 ;et
1817 3326 1936 3366 rur-

237 3432 245 3438 -
355 3414 450 3453 sus
476 3399 642 3470 hujus
673 3400 860 3458 carnis
891 3401 958 3456 de
991 3401 1151 3456 beata
1177 3402 1398 3474 Virgine
1420 3411 1674 3458 naturam
1729 3410 1934 3459 nostra:

355 3487 590 3548 similem
621 3507 972 3548 communem
1007 3509 1129 3550 esse
1164 3510 1292 3549 cum
1327 3495 1587 3552 omnibus
1612 3495 1742 3550 liliis
1769 3495 1934 3562 Adae,

353 3590 723 3652 etpersonam
775 3584 1189 3655 particularem.
1232 3587 1277 3641 si
1307 3587 1472 3643 nobis
1516 3588 1603 3643 vel
1633 3587 1804 3650 Patri,
1845 3588 1930 3642 vel

355 3672 584 3744 Spiritui
620 3686 1004 3747 componatur,
1037 3693 1499 3750 communemque
1562 3680 1658 3734 uni
1727 3679 1932 3736 Verbo.

353 3767 508 3824 Ilanc
559 3778 726 3824 recta:
779 3768 908 3824 ﬁdei
946 3770 1244 3841 regulama
1276 3771 1549 3844 theologis
1597 3772 1933 3844 accepimus.

349 3859 522 3915 Nobis
563 3876 730 3915 unam
783 3876 1074 3930 personam
1105 3870 1160 3918 et
1187 3862 1326 3922 duas
1370 3871 1597 3936 naturas
1625 3863 1680 3919 in
1711 3863 1937 3922 homine

351 3951 479 4007 etin
500 3951 721 4008 Christo
764 3953 1326 4025 rectejudicantibus,
1357 3970 1456 4012 vos
1498 3956 1655 4012 vobis
1709 3955 1937 4012 minime

351 4043 666 4114 consentire
687 4045 782 4099 Dei
813 4046 988 4118 gratia
1009 4048 1359 4114 ostendetur,
1399 4057 1694 4119 postquam
1725 4047 1793 4104 ad
1817 4048 1935 4104 sin-

352 4136 509 4206 gulas
530 4143 744 4193 vestras
769 4139 1086 4196 molitiones
1116 4155 1446 4212 responsum
1480 4140 1669 4197 fuerit.
1700 4142 1768 4196 Et
1823 4141 1934 4212 iam

354 4227 580 4297 quidem
605 4229 955 4298 probandum
988 4241 1073 4287 est
1098 4248 1197 4287 vos
1223 4249 1331 4288 non
1357 4233 1524 4289 modo
1548 4250 1711 4290 unam
1739 4250 1936 4305 perso-

355 4332 480 4374 nam
509 4319 808 4375 bumanam
840 4321 937 4378 sed
975 4323 1145 4378 etiam
1171 4339 1335 4380 unam
1368 4333 1648 4390 naturam,
1684 4334 1746 4380 ut
1769 4326 1940 4397 Euty-

353 4409 557 4476 chiani,
585 4411 714 4468 huic
745 4412 930 4469 Verbo
962 4414 1302 4486 adjudicare.
1347 4416 1568 4471 Etenim
1596 4416 1666 4483 si,
1703 4428 1764 4474 ut
1799 4417 1940 4472 duas

353 4499 646 4573 personas,
673 4503 812 4560 duas
839 4512 1065 4561 naturas
1100 4504 1322 4562 Christo
1341 4505 1506 4573 datis,
1539 4507 1680 4564 nihil
1699 4507 1938 4582 amplius

353 4594 410 4650 in
439 4603 672 4666 utraque
695 4597 1120 4667 conspicientes,
1147 4608 1206 4655 et
1230 4599 1511 4655 Christum
1538 4600 1713 4657 Deum
1736 4612 1794 4658 et
1823 4601 1927 4656 ho-
1961 4651 1963 4653 .

2034 2033 2332 2094 ὑπόστασις
2380 2029 2631 2100 ἰδιώματι
2679 2029 2757 2100 τῷ
2795 2029 3040 2099 γεννητῷ
3081 2029 3146 2083 ἐκ
3175 2046 3234 2082 τε
3275 2028 3371 2082 τοῦ
3404 2029 3621 2098 Πατρός

2034 2123 2130 2178 xui.
2174 2123 2268 2176 τοῦ
2319 2122 2637 2192 Πνεὺματος
2683 2120 3058 2191 διακρίνεται,
3110 2119 3249 2173 ἀλλὰ
3293 2119 3391 2172 xui.
3438 2119 3519 2189 τῷ
3555 2121 3624 2173 ὲκ

2033 2213 2299 2268 πλειόνων
2342 2213 2516 2284 αὐτὴν
2559 2209 2700 2265 εἶναι
2731 2211 2946 2281 φύσεων
2981 2211 3076 2265 καὶ
3105 2211 3356 2282 φυσικῶν
3389 2210 3622 2282 ἰδιωμά-

2033 2323 2142 2360 των
2175 2307 2270 2360 καὶ
2299 2303 2672 2378 προσωπικῶν
2704 2303 2908 2375 δηλαδὴ
2936 2303 3346 2375 περισσότερονο
3380 2302 3501 2366 πῶς
3527 2297 3624 2355 οὖν

2035 2399 2336 2466 ὑπόστασις
2375 2397 2469 2452 τοῦ
2504 2395 2580 2467 μὴ
2607 2397 2942 2460 ὑποστάντος
2971 2396 3102 2449 ποτὲ
3134 2395 3291 2458 ἐκτὸς
3321 2395 3493 2464 αὐτῆς
3518 2397 3623 2465 τῆς

2033 2491 2128 2546 τοῦ
2151 2491 2295 2545 θείου
2307 2491 2483 2560 Λόγου
2507 2489 2862 2550 ὑποστάσεως
2885 2488 3428 2560 συναριθμηθήσεται
3445 2489 3618 2560 αὐτῇς

2034 2584 2099 2638 El
2127 2584 2184 2638 δὲ
2212 2585 2305 2638 καὶ
2333 2580 2402 2655 ἦν
2431 2583 2731 2647 ὑπόστασις
2761 2585 2826 2654 τῇ
2857 2583 3023 2653 σαρκὶ
3049 2581 3157 2652 πρὸ
3178 2583 3277 2650 τῆς
3300 2581 3621 2651 συλλήψεως

2034 2677 2226 2747 αὐτῆς,
2264 2678 2402 2747 ὅπερ
2432 2674 2610 2739 οὐδεὶς
2643 2675 2882 2738 εὐσεϐῶς
2913 2676 3046 2746 ἐρεῖ,
3093 2675 3212 2739 πῶς
3259 2670 3398 2745 μὲτά
3431 2675 3494 2727 τὸ
3520 2673 3622 2745 λη-

2036 2769 2236 2840 φθῆναι
2255 2811 2270 2834 ,
2311 2769 2478 2839 ἤγουν
2514 2769 2571 2823 ὲν
2600 2766 2852 2837 ἀλλήλοις
2886 2769 3067 2838 μεῖναι
3111 2767 3170 2820 τό
3199 2784 3258 2820 τε
3287 2766 3492 2836 ληφθὲν
3523 2769 3622 2822 καὶ

2033 2857 2094 2910 τὸ
2142 2855 2340 2918 λαϐὸν,
2392 2857 2734 2926 παραμένειν
2784 2858 2842 2910 ὲν
2883 2856 3065 2921 αὐτοῖς
3101 2856 3345 2923 δύναται,
3378 2857 3475 2911 xui
3507 2859 3617 2911 σώ-

2035 2948 2224 3014 ζεσθαι
2258 2949 2354 3002 ἀπ’
2388 2948 2636 3020 ἀλλήλων
2676 2948 2942 3018 ἑκατέρου
2977 2949 3279 3017 διάστασις,
3316 2950 3457 3021 ὅπερ
3487 2968 3616 3005 συν-

2039 3041 2221 3113 ίστησι
2273 3043 2370 3111 τὴν
2421 3042 2723 3096 ὑπόστασιν
2749 3059 2763 3104 ;
2823 3041 3031 3096 Οὐκοῦν
3063 3041 3242 3112 ὀρθῶς
3269 3043 3471 3097 εἰδέναι
3499 3043 3618 3097 δέον

2035 3132 2129 3186 τοῦ
2179 3132 2278 3204 μὲν
2315 3133 2490 3201 Λόγου
2541 3133 2727 3202 κοινὴν
2773 3132 2873 3204 τὴν
2917 3132 3077 3202 φύσιν
3111 3133 3368 3206 πρδςτδν
3397 3134 3618 3205 Πατέρα

2004 3249 2008 3253 ν
2039 3225 2132 3278 καὶ
2162 3224 2496 3296 τδῐῐνεῦμα·
2525 3224 2623 3296 τὴν
2650 3225 2706 3279 δὲ
2734 3225 3029 3280 ὑπόστασιν
3063 3225 3237 3296 ίδικὴν
3262 3225 3360 3296 μὲν
3383 3225 3460 3290 ὡς
3482 3227 3618 3298 πρός

2036 3334 2096 3369 τε
2121 3315 2218 3370 τὸν
2247 3316 2467 3382 Πατέρα
2497 3315 2593 3370 xui.
2621 3316 2682 3369 τὸ
2708 3316 2934 3386 Πνεῦμα
2970 3317 3062 3370 καὶ
3094 3317 3232 3388 πρὸς
3255 3316 3465 3380 πάντας
3489 3316 3617 3380 τούς

2044 3402 2118 3475 μὴ
2173 3404 2236 3456 ἐκ
2281 3403 2380 3472 τῆς
2431 3404 2591 3472 ἁγίας
2636 3403 2917 3474 Παρθένου
2961 3404 3319 3476 ἀνθρώπους,
3369 3407 3532 3476 μόνον
3559 3405 3617 3459 δε

2040 3492 2222 3564 κοινὴν
2242 3493 2318 3554 ὡς
2335 3492 2471 3563 πρὸς
2496 3493 2592 3563 τὴν
2612 3495 2676 3546 ἐκ
2697 3493 2795 3561 τῆς
2818 3494 3081 3549 Θεοτόκου
3107 3494 3406 3565 ληφθεῖσαν
3427 3495 3505 3565 τῷ
3525 3497 3618 3549 Λό-

2039 3603 2122 3654 γῳ
2151 3585 2331 3656 σάρκα
2352 3602 2365 3614 ·
2417 3585 2515 3639 καὶ
2545 3584 2715 3655 αὐτὴν
2741 3583 2798 3638 δὲ
2825 3585 3092 3642 ἀνάπαλιν
3116 3586 3216 3658 τὴν
3243 3589 3307 3640 ἐκ
3330 3587 3432 3657 τῆς
3459 3586 3616 3655 ἁγίας

2039 3679 2315 3749 Παρθένου
2350 3679 2526 3750 σάρκα
2546 3720 2561 3745 ,
2598 3680 2696 3751 τὴν
2731 3680 2833 3749 μὲν
2861 3678 3023 3748 φύσιν
3051 3679 3194 3734 κατὰ
3217 3678 3318 3749 τὴν
3341 3679 3617 3749 ἡμετέραν

2039 3771 2350 3834 κοινωνίαν,
2385 3771 2572 3842 κοινὴν
2600 3770 2745 3841 ἔχειν
2774 3770 2912 3840 πρὸς
2937 3770 3145 3833 πάντας
3175 3770 3301 3833 τοὺς
3329 3769 3390 3834 ἐξ
3425 3768 3618 3839 Ἀδάμ,

2037 3863 2136 3934 τὴν
2164 3863 2222 3918 δὲ
2254 3864 2550 3918 ὑπόστασιν
2584 3861 2754 3934 ίδικὴν
2784 3862 2923 3934 πρός
2948 3880 3006 3916 τε
3035 3864 3184 3933 ἡμᾶς
3213 3861 3307 3915 καὶ
3331 3860 3424 3913 τὸν
3448 3858 3622 3913 Πατέ-

2041 3974 2114 4028 ρα
2141 3955 2236 4011 καὶ
2261 3956 2322 4008 τὸ
2347 3955 2595 4027 Πνεῦμα,
2630 3954 2768 4026 πρὸς
2797 3955 2854 4008 δὲ
2881 3954 2972 4008 τδν
3001 3953 3170 4023 Λόγον
3201 3953 3366 4025 μόνον
3395 3953 3585 4023 κοινήν
3603 3969 3620 3985 ο

2038 4040 2194 4111 οὗτος
2231 4045 2342 4119 γάρ
2378 4046 2558 4101 κανὼν
2593 4045 2903 4117 όρθοδοξίας
2929 4047 3063 4116 ἡμῖν
3092 4044 3181 4098 διὰ
3207 4046 3315 4098 τῶν
3342 4044 3622 4116 θεηγόρων

2039 4139 2418 4211 παραδέδοται.
2455 4139 2580 4192 Ὀτι
2604 4138 2662 4192 δὲ
2690 4137 2849 4208 ἡμῶν
2877 4138 2978 4208 μὲν
3007 4137 3137 4207 μίαν
3164 4137 3488 4199 ὑπόστασιν,
3525 4136 3625 4190 δύο

2037 4229 2095 4284 δὲ
2135 4230 2328 4299 φύσεις
2379 4230 2438 4284 ἔν
2475 4247 2536 4284 τε
2575 4228 2654 4299 τῷ
2685 4227 2958 4301 ἀνθρώπῳ
2985 4233 3080 4284 xui.
3109 4229 3166 4283 ὲν
3191 4228 3416 4300 Χριστῷ
3445 4227 3626 4298 ὀρθῶς

2037 4321 2304 4390 λεγόντων
2333 4322 2491 4393 ὑμεῖς
2516 4320 2636 4376 λίαν
2662 4320 2994 4393 ἀσυμϐάτως
3025 4320 3176 4390 ἔχετε
3206 4321 3456 4385 ἑαυτοῖς,
3493 4319 3624 4388 ἑξῆς

2039 4413 2138 4468 σὺν
2177 4411 2296 4483 Θεῷ
2340 4412 2718 4484 δειχθήσεται,
2781 4411 2920 4483 μετὰ
2952 4410 3014 4466 τὸ
3047 4409 3450 4482 ἀποκρίνασθαι
3484 4409 3624 4485 πρζις

2038 4506 2137 4569 τὰς
2186 4505 2315 4577 περὶ
2351 4503 2541 4559 τούτου
2582 4503 2739 4576 ὑμῶν
2774 4505 2954 4568 πάσας
2985 4502 3348 4565 κατασκευάς.
3399 4501 3626 4573 Πρῶτον

2039 4597 2098 4652 δὲ
2139 4596 2281 4661 τέως
2321 4597 2455 4668 ἡμῖν
2494 4595 2760 4662 δεικτέον,
2794 4595 2870 4659 ὡς
2899 4595 2994 4649 xui.
3019 4595 3176 4663 ὑμεῖς
3203 4593 3264 4647 οὐ
3295 4591 3456 4664 μόνον
3490 4592 3626 4662 μίαν

352 4684 558 4746 minem
585 4686 846 4753 confessi,
865 4687 954 4743 vel
984 4687 1199 4743 homini
1223 4689 1280 4743 in
1311 4688 1431 4760 ipso
1461 4688 1598 4744 duas
1621 4696 1850 4744 naturas
1871 4697 1928 4744 et

2038 4687 2340 4742 ὑπόστασιν
2367 4687 2459 4742 τὸν
2488 4686 2797 4758 ἄνθρωπον,
2829 4684 2965 4739 ἀλλὰ
2995 4685 3090 4739 xui.
3123 4683 3254 4755 μίαν
3284 4683 3448 4752 φύσιν
3479 4683 3626 4751 κατὰ

357 4775 492 4834 :luas
516 4793 783 4848 personas
813 4779 1138 4848 attribuitis,
1161 4788 1218 4837 et
1238 4795 1270 4835 a
1307 4780 1493 4837 Verbo
1517 4795 1738 4836 omnem
1761 4789 1934 4837 natu-

354 4886 470 4935 ram
493 4879 857 4943 etpersonam
873 4874 1144 4940 adimitis,
1175 4875 1434 4947 illudque
1458 4876 1579 4931 sine
1603 4874 1934 4941 substantia,

353 4966 473 5022 sine
522 4981 756 5038 persona
784 4969 1072 5036 scribitis;
1110 4969 1200 5024 vel
1221 4967 1387 5024 etiam
1406 4966 1588 5025 Verbo
1620 4983 1784 5022 unam
1811 4983 1937 5037 per-

354 5073 545 5114 sonam
559 5075 837 5132 unamque
847 5068 1123 5127 naturam,
1139 5060 1447 5126 etibomiui,
1462 5074 1574 5115 non
1591 5075 1755 5115 unam
1773 5057 1938 5114 modo

355 5162 668 5220 personam,
710 5150 805 5206 sed
852 5160 1109 5208 naturam
1139 5149 1364 5222 quidem
1411 5165 1579 5216 unam
1636 5148 1932 5204 manifeste

353 5237 712 5300 adscribitis:
743 5242 838 5298 ubi
869 5258 1003 5314 ergo
1042 5251 1102 5299 et
1151 5242 1312 5314 cujus
1345 5249 1431 5298 est
1453 5256 1658 5319 sermo
1703 5249 1934 5312 stupen-

357 5328 485 5394 dus,
539 5332 712 5389 verba
755 5335 1083 5406 pugnantia,
1114 5342 1171 5390 et
1201 5332 1669 5398 contradictoris,
1689 5339 1747 5389 et
1779 5332 1940 5403 quid-

357 5420 492 5492 quid
517 5437 645 5479 cum
674 5425 923 5498 emphasi
960 5425 1355 5483 declamabatis
1382 5425 1406 5479 ?

2034 4781 2163 4846 τούς
2191 4780 2299 4836 ἀπὸ
2327 4779 2602 4852 Εὑτυχούς
2633 4797 2768 4851 φατε
2800 4778 2978 4850 τούτῳ
3008 4796 3070 4848 γε
3101 4777 3179 4849 τῷ
3206 4777 3388 4848 Λόγῳ,
3424 4778 3487 4829 El
3513 4777 3628 4850 γὰρ

2009 4873 2302 4937 -ὡσαὺτως
2344 4874 2465 4937 ταῖς
2504 4872 2838 4926 ὑποστάσεσι
2888 4869 2981 4924 δύο
3025 4870 3250 4933 καὶτὰς
3285 4869 3478 4940 φύσεις
3526 4869 3628 4923 ἐπὶ

2039 4963 2276 5037 Χριστοῦ
2323 4980 2460 5034 φατε
2487 5003 2502 5028 ,
2557 4963 2712 5017 οὐδὲν
2752 4963 2958 5016 τούτων
2992 4963 3048 5014 ἐν
3077 4961 3294 5031 θατέρῳ
3325 4960 3630 5024 πλεονάζον

2039 5058 2311 5131 ὁρῶντες,
2363 5058 2455 5112 τὸν
2490 5057 2726 5127 Χριστὸν
2774 5055 2889 5110 ῐστε
2926 5055 3060 5110 Θεὸν
3089 5055 3184 5108 καὶ
3212 5053 3534 5124 ἄνθρωπον
3590 5051 3626 5123 ἢ

2038 5150 2136 5206 τοῦ
2168 5150 2461 5223 ἀνθρώπου
2508 5150 2600 5204 τοῦ
2642 5151 2700 5204 ὲν
2729 5148 2878 5222 αὑτῷ
2910 5149 3005 5204 δὺο
3031 5147 3146 5201 ἴστε
3175 5146 3274 5212 τὰς
3300 5145 3495 5216 φὺσεις
3529 5145 3631 5199 καὶ

2039 5242 2134 5298 δὺο
2180 5243 2278 5307 τὰς
2325 5242 2652 5306 ὑποστάσεις
2678 5281 2694 5307 ,
2750 5243 2846 5296 τοῦ
2878 5241 2938 5296 δὲ
2971 5240 3146 5310 Λόγου
3189 5239 3264 5310 μὴ
3293 5230 3435 5292 εἶναι
3463 5236 3632 5308 φύσιν

2041 5333 2077 5406 ἢ
2107 5333 2407 5388 ὑπόστασιν
2435 5334 2576 5398 ὅλως
2601 5334 2760 5404 φατὲ,
2795 5333 2912 5389 ἀλλ’
2943 5331 3193 5387 άνούσιόν
3217 5347 3279 5383 τε
3304 5331 3400 5383 καὶ
3425 5327 3634 5382 ἀνυπό-

2045 5421 2239 5481 στατον
2268 5427 2431 5482 αὑτὸν
2456 5426 2807 5498 διαγράφετε·
2840 5427 2874 5496 ἢ
2901 5424 2994 5479 τοὺ
3025 5423 3124 5496 μὲν
3146 5422 3325 5492 Λόγου
3351 5423 3481 5491 μίαν
3500 5421 3630 5475 ὑπόα

360 5535 552 5607 στασιν
600 5522 701 5576 καὶ
749 5521 878 5592 μίαν
919 5522 1117 5592 φύσιν.
1159 5525 1256 5578 xui.
1282 5521 1378 5577 τοῦ
1408 5521 1699 5594 ἀνθρώπου
1728 5523 1786 5577 δὲ
1815 5519 1947 5594 μίαν
1979 5521 2041 5577 οὐ
2075 5522 2238 5594 μόνον
2257 5523 2316 5576 δὲ
2343 5523 2441 5595 τὴν
2467 5523 2786 5586 ὑπόστασιν,
2815 5521 2949 5576 ἀλλὰ
3004 5522 3099 5575 xui.
3159 5520 3258 5592 τὴν
3282 5519 3441 5589 φύσιν
3461 5517 3631 5584 γινώ-

363 5629 586 5679 σκοντες
613 5614 671 5667 ὲν
695 5614 916 5688 Χριστῷ
943 5616 1320 5689 διηλέγχθητε.
1352 5617 1462 5673 Καὶ
1484 5617 1589 5672 ποῦ
1615 5617 1722 5671 είσι
1783 5617 1882 5671 xui:
1933 5617 2078 5683 τίνος
2129 5619 2166 5690 ἠ
2208 5617 2470 5690 τερθρεία
2518 5618 2626 5673 τῶν
2667 5617 2844 5688 λόγων
2890 5617 2985 5673 xui.
3023 5617 3172 5689 μάχη
3213 5616 3320 5670 τῶν
3359 5615 3630 5685 ῥημάτων

359 5709 456 5776 xui.
479 5710 820 5783 δναντιότηςς
853 5712 944 5767 καὶ
972 5711 1072 5767 οὐκ
1093 5709 1212 5768 οἶδα
1238 5713 1340 5768 ὅσα
1365 5712 1936 5787 καταρρητορεὺοντες
1973 5714 2420 5786 προοιμιάζεσθε.

436 5892 494 5962 δί
551 5895 912 5964 personaliter
1193 5803 1401 5971 filius
1461 5896 1604 5954 l‘ctri
1635 5913 1664 5952 a
1712 5911 1942 5968 corpore

2636 5802 2889 5857 ΚΕΦΔΛ.
2927 5801 3033 5856 IE'-

2121 5896 2181 5950 Ei
2232 5895 2476 5968 διαφέρει
2510 5893 2964 5955 καθ’.ὑπόστασιν
2999 5907 3059 5948 το
3092 5892 3252 5963 σῶμα
3287 5891 3501 5962 Πέτρου
3529 5887 3628 5945 τοὺ
