4032 6594
314 502 338 569 1
351 505 453 571 569

1266 488 1660 580 Αονιιῐιευε
1696 508 2247 575 NESTORIANOS.
2274 532 2345 546 ——
2374 507 2523 571 LIB.
2566 510 2649 569 ιι.

3427 503 3567 569 15ἷο

315 626 569 701 σώματος
603 631 840 697 Παύλου,
882 632 1000 697 πῶς
1037 635 1138 685 ουκ
1181 630 1334 685 ἔσται
1366 630 1462 683 καὶ
1498 628 1560 683 τδ
1595 628 1756 698 σῶμα
1785 624 1879 679 τοῦ

2002 624 2161 689 :‘auli,
2184 639 2286 678 cur
2308 636 2607 692 personam
2633 634 2745 676 non
2773 618 2942 675 habet
2974 632 3177 691 corpus
3201 618 3484 675 hominis?
3510 621 3570 676 Si

312 722 628 794 ἀνθρώπου,
661 724 963 779 ὑπόστασιν
987 725 1147 796 Exov;
1177 723 1242 779 Et
1277 727 1311 795 ἡ
1347 723 1498 795 ψυχὴ
1532 721 1744 793 Πέτρου
1771 719 1884 790 ἔχει

312 813 614 870 ὑπόστασιν
632 815 709 880 ὼς
731 816 937 887 Πέτρου
962 818 1056 871 καὶ
1079 815 1261 886 φύσιν,
1286 818 1382 869 καὶ
1406 816 1468 869 τὸ
1491 813 1653 885 σῶμα
1672 812 1883 883 Πέτρου

311 910 427 978 εχει
457 908 755 963 ὑπόστασιν
776 909 852 973 ὡς
879 911 1087 980 Πέτρου
1124 908 1220 964 καὶ
1255 908 1419 979 φύσιν
1438 926 1453 940 ·
1485 907 1580 963 δύο
1608 906 1666 961 δὲ
1694 905 1885 975 φύσεις

309 1004 340 1055 ὑ
368 1003 579 1075 Πέτρος
610 1001 699 1056 διὰ
727 999 906 1072 ψυχὴν
941 1004 1037 1056 καὶ
1067 1002 1251 1073 σῶμα,
1276 1002 1392 1065 πῶς
1422 1000 1483 1055 οὑ
1516 999 1610 1054 δύο
1639 1002 1735 1053 καί
1757 998 1889 1051 ὑπο·

313 1092 533 1155 στάσεις
559 1094 587 1147 ό
635 1093 839 1164 Πέτρος
877 1093 969 1146 διὰ
1007 1092 1190 1163 ψυχὴν
1236 1092 1331 1147 καὶ
1375 1091 1536 1162 σῶμα
1563 1107 1579 1155 ;
1610 1091 1674 1145 Ei
1712 1089 1767 1142 δὲ
1795 1086 1887 1141 δύο

312 1182 508 1252 φύσεις
534 1184 567 1254 ἡ
596 1182 743 1253 ψυχὴ
777 1184 986 1254 Πέτρου
1006 1184 1101 1237 καὶ
1123 1184 1186 1237 τὸ
1214 1183 1397 1254 σῶμα,
1422 1182 1517 1237 καὶ
1541 1182 1634 1233 δύο
1660 1176 1889 1238 ὑποστάσ

314 1291 427 1336 σεις
458 1275 491 1345 ἡ
520 1275 667 1345 ψυχὴ
699 1275 907 1345 Πέτρου
940 1274 1034 1328 καὶ
1067 1275 1130 1328 τὸ
1161 1274 1340 1345 σῶμα,
1363 1273 1481 1337 πῶς
1513 1272 1574 1326 οὑ
1607 1271 1800 1341 ψευδὲς
1829 1270 1889 1324 τὸ

310 1366 406 1420 δύο
435 1366 627 1436 φύσεις
664 1365 841 1435 λέγειν
870 1364 961 1421 τὸν
998 1365 1308 1437 ἄνθρωπον,
1342 1367 1437 1419 καὶ
1479 1367 1607 1435 μίαν
1652 1364 1890 1417 ὑπόστα-

312 1473 399 1511 σιν
434 1474 448 1524 ;
484 1457 614 1521 Ταῖς
638 1456 932 1528 ὑμετέραις
957 1457 1157 1530 ἄρκυσι
1192 1454 1614 1528 περιεπλάκητε
1653 1470 1668 1486 ⁶
1703 1456 1799 1509 καὶ⁵
1830 1454 1890 1507 τὸ

311 1550 595 1604 Δαυῖδικδν
626 1550 755 1619 ὑμῖν
784 1550 1012 1621 ὲπιϐοᾷν
1042 1551 1074 1622 ἡ
1084 1550 1190 1619 μᾶς
1216 1546 1671 1620 παρασκευάζετε
1694 1563 1710 1577 ο
1741 1566 1758 1599 ι
1802 1547 1891 1599 Ἐν

310 1645 425 1706 τοῖς
456 1642 639 1713 ἔργοις
662 1642 770 1694 τῶν
797 1641 1007 1713 χειρῶν
1029 1639 1199 1694 αὑτοῦ
1234 1640 1547 1711 συνελήφθη
1574 1640 1603 1693 ό
1631 1641 1892 1711 ἀμαρτω-

310 1733 424 1799 λδς,
455 1752 473 1785 ι
513 1733 631 1797 καὶ,
668 1750 686 1784 ι
708 1730 1057 1803 Ἐπιστρέψει
1086 1732 1114 1785 ὁ
1141 1732 1301 1796 πόνος
1335 1731 1499 1785 αὑτοῦ
1525 1732 1607 1794 εἰς
1648 1728 1892 1800 κεφαλὴν

324 1823 545 1879 αὑτοῦ.»
568 1817 668 1877 Ὧν
695 1823 804 1894 γὰρ
849 1824 1051 1894 ἀρτίως
1102 1823 1337 1891 ἐλέγετε,
1374 1822 1489 1876 δέον
1523 1822 1665 1891 ὑμᾶς
1701 1821 1896 1892 μιμνή·

312 1914 543 1969 σκεσθαι
569 1930 583 1943 ·
611 1916 668 1967 ἐν
713 1908 793 1978 οἷς
841 1915 936 1968 δύο
968 1915 1066 1978 τὰς
1100 1914 1428 1977 ὑποστάσεις
1471 1913 1566 1968 τοῦ
1604 1912 1892 1984 ἀνθρώπου

312 2008 560 2072 θέλοντες
589 2008 1044 2073 κατασκευάζειν,
1079 2009 1226 2079 τρεῖς
1252 2007 1399 2077 ἡμᾶς
1434 2006 1532 2069 τάς
1560 2005 1753 2075 φύσεις
1794 2004 1890 2059 τοῦ

312 2103 579 2179 Σωτῆρος
618 2103 820 2172 λέγειν,
876 2102 1162 2170 συνάγετε.
1198 2100 1423 2171 Πρῶτον
1481 2100 1579 2170 μὲν
1606 2094 1701 2152 οὖν
1747 2099 1896 2163 ὅπως

311 2190 425 2249 εἷεν
478 2194 728 2267 διάφοροι
776 2194 956 2265 ψυχῆς
1003 2194 1100 2247 καὶ
1162 2191 1413 2262 σώματος
1460 2193 1516 2245 αἱ
1565 2191 1897 2254 ὑποστάσεις

313 2287 436 2351 ἑνὸς
470 2288 566 2340 καὶ
584 2285 679 2340 τοῦ
705 2284 872 2340 αὑτοῦ
899 2284 1100 2350 ζῶντος
1133 2285 1190 2338 ὲν
1220 2285 1387 2355 σαρκὶ
1420 2280 1713 2353 ἀνθρώπου
1743 2282 1899 2350 ἀγνο-

312 2378 485 2450 οῦμεν
518 2393 542 2411 ⁸-
565 2378 617 2431 εἰ
649 2378 761 2449 γὰρ
796 2377 995 2442 ζῶντος
1030 2376 1125 2431 καὶ
1164 2373 1474 2445 σωζομένου
1511 2373 1605 2427 τοῦ
1638 2373 1897 2427 συνθέτου

313 2468 456 2536 ζὼου
486 2468 578 2523 δύο
612 2471 727 2524 ἴστε
752 2468 851 2533 τὰς
875 2469 1203 2531 ὑποστάσεις
1240 2467 1350 2520 τῶν
1380 2468 1439 2520 ὲν
1469 2466 1617 2536 αὑτῷ
1644 2467 1702 2519 ὲν
1734 2464 1811 2536 τῷ
1836 2467 1899 2519 ὲκ

312 2564 412 2618 τοῦ
447 2562 678 2618 θανάτου
725 2560 993 2632 χωρισμῷ
1017 2576 1033 2592 ο
1062 2560 1096 2631 ἢ
1152 2561 1213 2613 οὑ
1242 2558 1336 2613 δύο
1368 2559 1530 2628 μόνον
1578 2558 1674 2621 τὰς
1708 2560 1900 2626 φύσεις

314 2654 484 2710 αὑτοῦ
532 2655 627 2707 καὶ
676 2653 1007 2715 ὑποστάσεις
1068 2650 1273 2721 ὁμοίως
1330 2650 1469 2712 ἴστε,
1500 2648 1638 2701 ἀλλὰ
1681 2648 1901 2709 πλείους

319 2750 411 2803 διὰ
458 2751 550 2802 τὸν
595 2745 878 2818 χωρισμὸν
904 2744 1001 2798 καὶ
1020 2742 1117 2813 τὴν
1149 2743 1410 2813 διαίρεσιν
1439 2741 1534 2794 τοῦ
1576 2740 1716 2805 ζώου
1746 2757 1760 2771 ο
1790 2741 1898 2792 πᾶν

314 2843 427 2915 γὰρ
453 2838 828 2910 διαιρούμενον
860 2836 1121 2908 πληθύνει
1152 2836 1243 2889 τὸν
1265 2833 1461 2890 ἑαυτοῦ
1492 2832 1728 2906 ἀριθμὸν
1750 2872 1765 2896 ,
1802 2833 1897 2887 καὶ

316 2935 534 2989 ἔσονται
557 2932 827 3002 τέσσαρες
860 2931 893 3000 ἢ
932 2928 1077 2985 ὀκτὼ
1105 2930 1162 2983 αἱ
1189 2929 1312 2981 κατ’
1337 2927 1501 2982 αὑτὸν
1557 2926 1751 2996 φύσεις
1804 2925 1901 2978 καὶ

320 3022 651 3084 ὑποστάσεις
672 3036 686 3050 ο
714 3020 746 3090 ἢ
788 3019 885 3083 τάς
914 3017 1083 3094 αὑτάς
1125 3017 1325 3081 ειδότες
1358 3017 1550 3087 φύσεις
1588 3014 1755 3070 αὑτοῦ
1808 3016 1904 3069 καὶ

320 3113 649 3175 ὑποστάσεις
674 3111 768 3165 καὶ
805 3109 943 3181 μετὰ
973 3110 1073 3181 τὴν
1102 3109 1346 3163 διάλυσιν
1373 3107 1468 3163 τοῦ
1499 3104 1660 3175 ζώου,
1682 3106 1777 3162 τὸν
1806 3107 1929 3180 αὑ-“

319 3208 411 3261 τὸν
458 3204 676 3259 ἔσεσθαι
712 3202 874 3272 λόγον
904 3203 1107 3272 εἰδότες
1140 3201 1284 3257 κατὰ
1306 3200 1405 3272 τὴν
1434 3200 1674 3272 ὕπαρξιν
1707 3199 1800 3253 τοῦ
1841 3217 1901 3253 τε

1925 1970 1968 2026 Β

1986 717 2172 772 anima
2214 715 2398 779 Petri,
2420 723 2481 771 ut
2507 712 2676 778 Petri,
2702 712 2872 768 habet
2889 727 3182 783 personam
3213 721 3269 768 et
3288 722 3567 778 naturam,

1986 817 2043 865 et
2074 824 2279 878 corpus
2308 807 2479 873 Petri,
2503 807 2633 877 quia
2664 805 2835 871 Petri,
2860 820 3150 876 personam
3181 805 3348 861 habet
3375 815 3435 860 et
3467 820 3569 861 na-

1988 908 2216 967 turam;
2263 901 2307 954 si
2352 900 2552 955 Petrus
2607 897 2746 952 duas
2798 898 2965 952 habet
3015 907 3266 961 naturas,
3321 896 3572 967 corporis

1986 972 2188 1062 nempe
2222 998 2279 1045 et
2312 989 2529 1052 animae,
2574 1001 2757 1041 nonne
2800 984 2939 1040 duas
2989 1000 3258 1055 personas
3304 984 3568 1048 habebit,

1988 1083 2236 1154 corporis
2263 1092 2319 1138 et
2340 1080 2581 1136 animae?
2614 1080 2684 1134 Et
2710 1079 2756 1132 si
2781 1076 2905 1132 dua!
2927 1085 3057 1130 sunt
3088 1067 3301 1131 natura:
3329 1118 3342 1141 ,
3373 1076 3573 1130 animm

1988 1176 2141 1233 Petri
2193 1182 2251 1230 et
2303 1172 2602 1244 corporis;
2646 1178 2703 1227 et
2741 1170 2785 1224 si
2821 1169 2944 1224 duae
2995 1184 3263 1239 persona,
3301 1168 3498 1222 anima:
3519 1175 3575 1220 et

1989 1270 2259 1338 corporis,
2286 1283 2469 1323 nonne
2500 1265 2771 1323 mentitur
2796 1265 2891 1337 qui
2934 1264 3219 1319 hominem
3250 1262 3391 1318 dicit
3407 1278 3572 1317 unam

1990 1381 2112 1422 esse
2153 1381 2445 1436 personam
2497 1371 2554 1419 et
2605 1364 2743 1419 duas
2798 1362 3070 1417 naturas?
3115 1360 3329 1416 Vestris
3365 1359 3577 1415 retibus

1992 1457 2284 1528 eapimini,
2326 1454 2571 1526 illudque
2608 1454 2829 1510 Davidis
2855 1455 2922 1510 de
2952 1453 3109 1510 vobis
3148 1452 3403 1525 usurpari
3442 1453 3589 1507 facii

1990 1551 2065 1608 tis
2104 1565 2119 1606 :
2159 1571 2177 1603 ι
2214 1551 2273 1605 in
2308 1549 2571 1620 operibus
2618 1563 2883 1602 manuum
2928 1561 3156 1602 suarum
3214 1547 3579 1616 comprehen-

1993 1659 2090 1700 sus
2111 1653 2198 1700 est
2225 1648 2483 1713 peccator
2498 1644 2538 1694 ³.
2579 1658 2599 1693 ι
2631 1641 2699 1696 Et
2726 1640 2861 1695 illud
2891 1658 2905 1694 :
2942 1659 2960 1690 ‹
2991 1639 3363 1695 Convertetur
3416 1638 3577 1693 dolor

1992 1737 2113 1807 ejus
2162 1734 2219 1789 in
2261 1738 2426 1802 caput
2481 1732 2601 1803 ejus
2623 1732 2689 1784 ¹⁰.
2729 1750 2746 1781 ι
2789 1731 2993 1784 Eorum
3052 1729 3200 1783 enim
3232 1742 3369 1796 qua;
3410 1727 3577 1780 modo

1993 1826 2268 1882 dicebatis
2303 1832 2528 1894 Oportet
2555 1822 2897 1885 meminisse,
2922 1819 3145 1890 quando
3184 1818 3254 1874 ad
3285 1819 3575 1874 stabilien-

1994 1919 2094 1975 das
2120 1916 2527 1974 duas‘hominis
2556 1929 2841 1986 personas,
2874 1924 2988 1969 tres
3017 1921 3247 1967 naturas
3282 1912 3339 1967 in
3387 1910 3581 1967 Salva-

1999 2018 2120 2067 tore
2152 2026 2184 2065 a
2212 2010 2376 2065 nobis
2405 2006 2747 2064 contitendas
2778 2003 3199 2076 praponehatis.
3230 2004 3370 2059 Ante
3392 2002 3582 2058 omnia

1998 2105 2145 2160 enim
2172 2118 2282 2173 qua
2312 2100 2529 2156 ratione
2554 2100 3036 2169 distinguerentur
3063 2097 3261 2151 animae
3286 2103 3343 2152 et
3383 2111 3584 2166 corpoo

1999 2196 2078 2250 ris
2132 2209 2384 2264 personae
2450 2191 2505 2247 in
2536 2206 2652 2246 uno
2686 2200 2743 2245 et
2773 2189 2970 2244 eodem
3000 2189 3225 2244 homine
3289 2188 3586 2244 carnaliter

1998 2286 2221 2342 vivente
2283 2286 2641 2356 ignoramus:
2678 2272 2804 2339 vivo
2863 2284 3012 2339 enim
3045 2292 3103 2338 et
3145 2283 3297 2337 salvo
3345 2282 3583 2336 animaie

1999 2378 2329 2448 composito,
2358 2376 2406 2432 si
2440 2378 2582 2432 duas
2617 2393 2740 2432 esse
2790 2378 2846 2431 in
2881 2376 3001 2446 ipso
3046 2390 3310 2445 personas
3339 2374 3583 2440 creditis,

2001 2468 2133 2539 quid
2166 2468 2277 2523 erit
2308 2467 2532 2537 quando
2563 2475 2744 2523 morte
2774 2466 3146 2521 dissolvetur?
3172 2466 3263 2519 Vel
3288 2464 3586 2519 admitten-

2000 2563 2284 2617 daa-erunt
2318 2563 2374 2617 in
2405 2562 2525 2633 ipso
2560 2578 2670 2616 non
2703 2562 2867 2615 modo
2906 2560 3030 2615 dua:
3054 2568 3265 2620 natura:
3306 2569 3362 2614 et
3395 2574 3588 2630 perso-

2001 2670 2105 2719 nae,
2133 2654 2230 2729 sed
2265 2656 2454 2725 plures
2483 2671 2551 2711 ex
2586 2653 2981 2709 disssolutione
3012 2662 3070 2708 et
3091 2654 3362 2709 divisione
3402 2654 3587 2724 subje-

2002 2747 2099 2813 cti,
2141 2747 2418 2816 siquidem
2449 2762 2612 2801 omne
2634 2746 2871 2802 divisum
2899 2760 3132 2800 numero
3159 2745 3583 2815 multiplicatur,

1968 2912 1974 2917 θ
2002 2849 2060 2894 et
2086 2849 2325 2909 quatuor
2357 2839 2438 2894 vel
2473 2847 2623 2893 recto
2654 2838 2819 2891 e'runt
2841 2838 2961 2907 eius
2978 2847 3189 2890 naturae
3211 2846 3531 2904 etpersonae
3565 2850 3581 2865 ο

2004 2932 2091 2995 vel
2127 2931 2295 2985 etiam
2321 2930 2525 2986 iisdem
2556 2925 2973 2984 remanentibus
3004 2928 3218 2981 naturis
3241 2936 3297 2981 et
3332 2928 3587 2996 personis

2006 3030 2131 3094 post
2160 3022 2604 3087 dissolutionem,
2653 3021 2849 3076 eodem
2891 3019 3165 3075 servando
3211 3035 3467 3075 sermone
3518 3019 3587 3076 de

2006 3118 2332 3173 exsistentia
2365 3103 2476 3171 vivi
2511 3125 2568 3171 et
2616 3116 2849 3181 mortui,
2897 3114 2965 3169 de
2996 3114 3251 3185 partibus
3295 3113 3588 3183 compositi

2008 3212 2253 3266 hominis
2305 3208 2656 3274 cohaerentis,
2724 3215 2822 3262 aut
2878 3208 3069 3273 soluti,
3127 3206 3185 3261 in
3243 3206 3348 3260 hac
3407 3214 3588 3259 vestra

318 3298 523 3362 ζῶντος
573 3295 669 3349 καὶ
721 3293 816 3346 τοῦ
869 3290 1091 3362 νεκροῦ,
1121 3292 1217 3345 καὶ
1254 3290 1323 3345 τά
1363 3289 1457 3343 τοῦ
1489 3289 1773 3360 ήνωμένου
1810 3290 1902 3343 καὶ

2002 3306 2284 3367 sententia
2341 3307 2409 3358 de
2463 3301 2758 3357 contrariis
2804 3300 3002 3355 eodem
3039 3301 3204 3355 modo
3245 3298 3589 3369 loquendum

318 3387 735 3458 διακεκριμένου
783 3382 1094 3455 ⁴ἀνθρώπου
1160 3382 1413 3436 συνθέτου
1451 3400 1466 3414 ο
1523 3384 1617 3436 καὶ
1666 3381 1819 3436 ἐσται
1876 3382 1907 3434 ὁ

321 3481 486 3545 αὑτὸς
515 3478 623 3533 τῶν
648 3477 906 3555 ἐναντίων
942 3476 1101 3545 λόγος
1128 3474 1272 3530 κατὰ
1293 3476 1361 3530 τὰ
1387 3475 1633 3547 ὑμέτερα
1664 3474 1905 3546 προϐλή-

325 3592 475 3646 ματα
500 3577 589 3629 ιέπ⁹
614 3572 804 3628 αὑτοῦ.

392 3666 850 3737 Συγκεχωρὴσθω
915 3664 972 3717 δὲ
1022 3664 1152 3733 ὑμῖν
1208 3663 1359 3733 ὅμως
1406 3662 1502 3715 καὶ⁸
1551 3661 1711 3715 τοῦτο
1768 3660 1908 3732 μετὰ

322 3761 543 3816 πάντων
568 3778 583 3793 ο
618 3759 679 3812 τὸ
713 3759 769 3812 δέ
798 3776 862 3827 γε
888 3758 1074 3828 ἕτερον
1115 3756 1179 3809 τὸ
1220 3756 1280 3821 ἐξ
1316 3755 1471 3825 ὑμῶν
1503 3757 1634 3826 ἡμῖν
1666 3755 1776 3825 πρὸ
1811 3772 1906 3824 μι-

321 3850 457 3922 κροῦ
483 3848 706 3920 ληφθὲν,
740 3848 835 3901 νῦν
864 3845 1167 3901 ἀκούσεσθε
1200 3846 1330 3919 παρ’
1365 3846 1543 3917 ἡμῶν,
1576 3846 1653 3909 ὡς
1693 3848 1772 3909 εἰς
1803 3845 1908 3898 σώ-

326 3959 495 4013 ματος
528 3933 824 3994 ὑπόστασιν
859 3941 914 3992 ἐν
964 3938 1239 4010 ἀνθρώπῳ
1289 3939 1403 3992 ἴστε
1427 3954 1441 3967 °
1476 3940 1569 3991 καὶ
1601 3936 1693 3991 δύο
1718 3936 1816 4000 τὰς
1850 3940 1907 3989 ὲν

323 4033 474 4104 αὑτῷ
505 4032 829 4096 ὑποστάσεις
854 4030 1045 4103 ῶσπερ
1078 4026 1170 4084 οὖν
1195 4028 1290 4082 καὶ
1320 4029 1419 4092 τὰς
1450 4028 1640 4098 φύσεις
1661 4028 1751 4082 διὰ
1788 4028 1907 4082 τόδε

323 4126 504 4181 οἴεσθε
531 4141 545 4155 ⁸
580 4125 660 4178 διὸ
688 4125 745 4178 δὲ
774 4126 869 4177 καὶ
894 4125 1039 4195 ἡμᾶς
1079 4121 1516 4194 παραγράφεσθε
1547 4125 1611 4175 τὸ
1657 4121 1780 4175 κατ’
1808 4122 1906 4174 αὑ.

326 4220 422 4274 τὸν
451 4218 807 4290 παράδειγμα
847 4219 927 4281 εἰς
958 4214 1187 4280 ἔνδειξιν
1211 4215 1306 4268 δύο
1358 4215 1573 4285 φύσεων
1627 4214 1723 4268 καὶ
1773 4216 1905 4284 μιᾶς

304 4312 683 4373 ὑποστάσεως
755 4308 1154 4379 ἐφελκομένους
1191 4308 1285 4361 ἐπὶ
1323 4307 1418 4360 τοῦ
1462 4307 1668 4378 Κυρίου
1706 4323 1720 4337 ⁸
1750 4306 1908 4376 δῆλον

328 4407 436 4476 ἄρα
460 4404 536 4467 ὼς
570 4401 664 4456 καὶ
708 4402 865 4471 ὑμεῖς
897 4400 1183 4472 ἄνθρωπον
1230 4399 1328 4453 καὶ
1358 4398 1491 4452 Θεὸν
1532 4400 1785 4468 λέγοντες
1814 4400 1907 4453 τὸν

330 4495 586 4568 Χριστὸν,
616 4493 710 4547 δύο
771 4493 871 4562 μὲν
924 4492 1021 4555 τὰς
1065 4490 1160 4545 τοῦ
1208 4490 1498 4564 ἀνθρώπου
1555 4492 1904 4556 ὑποστάσεις,

336 4585 467 4655 μίαν
514 4584 572 4636 δὲ
620 4583 720 4653 τὴν
749 4582 842 4635 τοῦ
874 4581 1053 4649 Λόγου
1085 4581 1383 4635 ὑπόστασιν
1416 4582 1474 4635 ὲν
1504 4580 1653 4651 αὑτῴ
1681 4578 1907 4648 διεγνώ-

328 4693 464 4730 κατε
492 4692 505 4705 ·
538 4675 630 4727 καὶ
651 4672 837 4726 ἔσεσθε
869 4673 1058 4740 σαφῶς
1094 4674 1245 4741 τρεῖς
1275 4672 1373 4735 τάς
1403 4672 1734 4733 ὑποστάσεις
1774 4670 1908 4723 εἰδό-
1942 4645 1985 4701 D

326 4784 420 4831 τες
450 4768 507 4820 ἐν
534 4764 755 4836 Χριστῷ
790 4762 966 4817 καὶού
997 4761 1090 4815 δύο
1118 4763 1297 4831 μόνον,
1330 4760 1513 4826 καθὼς
1543 4762 1723 4831 λέγειν
1751 4762 1903 4814 ἐπει-

331 4856 499 4929 ρᾶσθε
531 4857 690 4926 μέχρι
721 4854 816 4907 τοῦ
848 4853 964 4919 νῦν,
1004 4853 1134 4923 μίαν
1182 4852 1279 4924 τὴν
1329 4852 1424 4906 τοῦ
1454 4851 1609 4917 Θεοῦ,
1645 4852 1739 4905 καὶ
1778 4852 1906 4922 μίαν

330 4949 428 5021 τὴν
485 4947 580 5001 τοῦ
637 4945 929 5018 ἀνθρώπου
960 4964 973 4976 ·
1009 4944 1146 4998 ἀλλά
1202 4945 1294 4998 δύο
1334 4944 1433 5016 μὲν
1459 4944 1550 4997 τοῦ
1591 4942 1903 5014 ἀνθρώπου,

337 5042 466 5112 μίαν
528 5040 583 5093 δὲ
644 5039 740 5092 τοῦ
811 5039 987 5105 Λόγου
1043 5036 1398 5103 δοξάζοντεςο
1456 5036 1656 5107 ὁμοίως
1704 5036 1759 5089 δὲ
1813 5037 1908 5090 καὶ

327 5135 480 5205 τρεῖς
523 5131 621 5194 τὰς
666 5129 858 5199 φύσεις
882 5128 1048 5182 αὑτοῦ
1072 5129 1132 5195 ἐξ
1172 5129 1420 5200 ἀνάγκης
1444 5129 1796 5201 παρέχοντες,
1817 5129 1908 5183 διά

329 5241 389 5277 τε
421 5223 483 5277 τὸ
517 5227 593 5293 μὴ
614 5217 754 5275 εἶναι
789 5221 1089 5275 ὑπόστασιν
1124 5219 1373 5274 ἀνούσιον
1403 5236 1416 5250 ’
1448 5221 1536 5275 ἴνα
1564 5224 1678 5285 τοίς
1713 5222 1903 5293 ὑμετέ-

332 5332 451 5388 ροις
475 5317 568 5369 καὶ
594 5318 737 5369 κατά
758 5315 827 5367 τά
852 5313 1095 5386 ὑμέτερα
1125 5315 1374 5384 νοήματα
1394 5313 1731 5387 χρησώμεθα
1757 5356 1773 5380 ,
1809 5316 1904 5370 καὶ

329 5408 392 5462 τὸ
416 5407 644 5461 αὐτόθεν
675 5406 776 5478 ἤδη
802 5406 983 5475 λέγειν
1008 5405 1103 5460 δύο
1124 5405 1217 5459 τοῦ
1251 5405 1542 5478 ἀνθρώπου
1577 5407 1677 5471 τὰς
1716 5408 1910 5477 φύσεις

331 5496 494 5567 εἶναι,
528 5500 658 5571 μίαν
684 5501 736 5553 δὲ
761 5499 855 5552 τοῦ
877 5501 1050 5569 Λόγου
1079 5518 1092 5533 ·
1118 5501 1193 5564 ὠς
1216 5497 1355 5554 εἶναι
1389 5500 1575 5585 λοιβπδν
1604 5504 1910 5574 συναγομέ-

332 5610 432 5664 νην
484 5590 577 5643 τοῦ
612 5591 884 5661 ὑμετέρου
920 5591 1188 5661 δόγματος
1232 5591 1332 5662 τὴν
1365 5591 1561 5662 όμάδα,
1594 5594 1674 5655 εἰς
1701 5592 1761 5658 ἓξ
1789 5610 1913 5647 τινα

331 5684 423 5737 τὸν
498 5683 730 5755 ἀριθμὸν
798 5682 903 5735 τῶν
955 5682 1048 5735 ἐπὶ
1106 5681 1345 5754 Χριστοῦ
1396 5683 1702 5755 νοουμένων
1748 5686 1915 5756 ἡγουν

332 5775 501 5847 τριῶν
537 5777 772 5845 φύσεων,
793 5773 962 5844 τριῶν
995 5773 1052 5826 δὲ
1095 5774 1468 5843 ὑποστάσεων,
1497 5768 1542 5831 ὦ
1565 5774 1866 5847 σοφώτατοι
1898 5790 1916 5809 ·

406 5940 429 5970 ⁹
460 5940 605 5996 Psal.
637 5955 711 6005 Ix,
736 5939 823 5993 i7.
899 5940 943 5972 ¹⁰
971 5939 1109 5997 ibid.

2008 3398 2138 3453 erit.

2081 3662 2238 3730 Quod
2260 3671 2440 3719 tamen
2457 3677 2582 3717 cum
2610 3660 2842 3732 reliquis
2862 3660 3022 3717 vobis
3044 3660 3402 3717 concedatur.
3425 3659 3589 3715 Aliud

2008 3771 2141 3810 vero
2163 3772 2193 3811 a
2225 3756 2386 3811 vobis
2422 3755 2585 3810 nobis
2641 3754 2808 3809 modo
2857 3754 3103 3810 oblatum
3128 3771 3277 3810 nunc
3333 3755 3589 3825 accipite,

2008 3860 2207 3913 nempe
2263 3860 2385 3914 quae
2416 3844 2483 3899 sit
2514 3853 2697 3899 vestra
2717 3845 2992 3899 sententia
3025 3844 3091 3899 de
3126 3844 3378 3915 corporis
3400 3859 3593 3914 person

2009 3951 2100 3999 na,
2134 3935 2413 4004 quomodo
2452 3945 2512 3989 ut
2534 3935 2671 3989 duas
2693 3944 2942 4000 naturas,
2969 3935 3050 3990 sic
3081 3935 3220 3997 duas
3252 3936 3590 4005 personasin

2012 4026 2131 4097 ipso
2166 4027 2500 4091 admittatis,
2526 4036 2759 4097 propter
2805 4028 2955 4098 quod
2992 4044 3093 4083 nos
3130 4029 3326 4084 eodem
3368 4028 3593 4083 ratioci-

2010 4120 2104 4175 nio
2156 4121 2294 4174 duas
2334 4129 2562 4174 naturas
2623 4131 2680 4176 et
2742 4136 2903 4175 unam
2944 4135 3236 4190 personam
3264 4122 3315 4175 in
3357 4123 3593 4179 Domino

2009 4222 2320 4268 astruentes
2342 4214 2532 4268 audire
2560 4210 2671 4268 non
2705 4213 2891 4268 vultis.
2911 4214 3086 4269 Porro
3111 4214 3391 4270 Christum
3416 4216 3591 4272 Deum

2008 4317 2065 4360 et
2096 4307 2380 4361 hominem
2411 4306 2649 4362 confessi
2678 4348 2693 4371 ,
2728 4307 2831 4375 ipsi
2874 4307 3012 4363 duas
3052 4309 3297 4363 hominis
3323 4325 3591 4379 personas

2008 4408 2066 4455 et
2115 4400 2343 4454 alteram
2374 4400 2539 4455 Verbi
2581 4407 2838 4470 patenter
2860 4401 3155 4456 admittitis
3192 4403 3248 4456 in
3273 4418 3341 4457 eo
3400 4404 3592 4471 sicque

2012 4502 2125 4548 tres
2154 4509 2420 4563 personas
2449 4492 2655 4549 Christi
2682 4510 2813 4548 vere
2840 4495 3090 4561 creditis,
3114 4511 3224 4549 non
3248 4496 3385 4550 duas
3404 4496 3591 4559 modo,

2012 4600 2209 4654 nempe
2243 4602 2404 4639 unam
2429 4602 2497 4639 ex
2526 4594 2681 4654 parte
2732 4585 2971 4639 hominis
3003 4598 3058 4641 et
3084 4588 3307 4641 alteram
3338 4603 3403 4641 ex
3435 4598 3591 4657 parte

2015 4678 2133 4743 Dei,
2168 4678 2316 4747 quod
2349 4678 2533 4732 dicere
2580 4678 2844 4732 hactenus
2874 4679 3272 4743 consuevistis;
3300 4696 3430 4735 sane
3458 4696 3591 4735 vero

2015 4770 2153 4824 duas
2207 4783 2275 4823 ex
2322 4767 2544 4822 homine
2586 4776 2641 4821 et
2677 4782 2844 4820 unam
2883 4783 2950 4821 ex
2996 4769 3174 4823 Verbo
3221 4772 3491 4841 accipitis.
3525 4775 3592 4827 Et

2013 4861 2268 4916 similiter
2303 4868 2415 4914 tres
2436 4868 2660 4913 naturas
2689 4860 2809 4929 ejus
2837 4859 3128 4916 admittere
3151 4863 3431 4932 cogimini,
3461 4867 3591 4934 quia

2015 4969 2248 5024 persona
2279 4969 2390 5008 non
2419 4962 2504 5008 est
2529 4952 2735 5021 absque
2765 4954 3073 5014 substantia
3112 4956 3331 5021 \vestris
3365 4967 3587 5011 senten-

2018 5045 2109 5099 tiis
2160 5043 2394 5099 invicem
2454 5044 2870 5117 pugnantibus),
2900 5057 2957 5100 et
2985 5047 3113 5115 quia
3162 5046 3365 5102 ibidem
3408 5049 3594 5105 dicitis

2016 5137 2155 5191 duas
2184 5151 2307 5200 esse
2338 5136 2578 5191 hominis
2604 5147 2831 5192 naturas
2861 5146 2917 5192 et
2949 5153 3112 5193 unam
3148 5140 3337 5195 Verbi.
3370 5142 3452 5195 Ad
3488 5143 3593 5198 hoc

2015 5244 2146 5300 ergo
2195 5227 2419 5283 devenit
2448 5226 2583 5282 ﬁdes
2627 5237 2830 5293 vestra,
2862 5244 2896 5283 ο
2935 5228 3350 5299 sapientissimi,
3385 5241 3447 5287 ut
3496 5248 3592 5289 sex

2016 5319 2071 5373 in
2104 5318 2325 5374 Christo
2362 5318 2715 5388 computetis,
2747 5334 2945 5389 nempe
2982 5330 3096 5375 tres
3124 5331 3373 5382 naturas.
3403 5333 3458 5379 et
3479 5334 3591 5380 tres

2016 5426 2295 5481 personas.
2318 5410 2385 5464 Et
2412 5410 2515 5463 nisi
2536 5409 2680 5463 idem
2704 5411 2896 5467 sithoc
2920 5422 3083 5482 atque
3104 5413 3273 5477 istud,
3293 5432 3438 5472 nunc
3466 5419 3590 5484 tria,

2014 5517 2161 5557 nunc
2182 5502 2290 5556 duo
2314 5502 2382 5555 de
2403 5500 2620 5556 Christo
2645 5502 2951 5572 loquimini.
2990 5503 3102 5560 Cur
3123 5508 3355 5563 mediam
3381 5520 3591 5580 partem
3680 5534 3689 5541 -

2017 5598 2284 5669 dogmatis
2330 5597 2572 5651 celatis?
2603 5597 2657 5652 Si
2708 5614 2838 5652 vero
2892 5609 3089 5675 natura
3143 5601 3286 5655 idem
3317 5613 3401 5657 est
3444 5605 3591 5673 quod

2019 5700 2272 5756 persona,
2304 5683 2449 5753 quod
2474 5701 2505 5738 a
2537 5685 2690 5739 vobis
2729 5702 2873 5756 saepe
2929 5690 3172 5757 ponitur,
3200 5706 3292 5744 sex
3344 5676 3593 5760 persona:

2022 5776 2234 5846 in-ipso
2261 5794 2292 5831 a
2321 5778 2474 5833 vobis
2496 5788 2840 5849 astruuntur,
2876 5781 3129 5851 personis
3181 5782 3385 5839 additis
3432 5794 3593 5842 natu-
