3916 6562
211 512 351 578 1573

1163 498 2147 574 ΛΙΝΕΒΞΗΒΝΕΞΤΟΒΙΛΝΟΞ.
2186 529 2257 545 ο-
2285 509 2433 569 LI‘B.
2472 506 2553 569 II.

3355 509 3495 575 1576

201 628 564 701 διαγράφεται
600 642 615 660 ·
656 626 956 690 ὑπόστασις
985 620 1081 681 οῦν
1114 631 1210 681 καὶ
1246 629 1307 683 τὸ
1341 629 1550 698 ταύτης
1579 647 1789 700 σημανο

1908 630 2022 701 ejus
2066 636 2153 684 est
2202 628 2492 693 indicium,
2518 643 2741 698 semper
2770 626 2932 683 unica
2973 634 3030 683 et
3061 626 3497 702 uniuscujusque

200 723 354 775 στικὸν
384 721 705 791 πρόσωπον,
739 718 797 771 ἓν
828 718 1066 771 ἑκάστου
1118 718 1238 771 ἐστὶ
1272 719 1593 792 προσώπου,
1623 720 1803 789 ὅψεως

201 812 704 885 σημαντικῆς,εῐτε
753 809 919 879 οὔσης
941 851 956 875 ,
981 809 1088 864 εἴτε
1122 812 1216 864 καὶ
1274 814 1349 882 μὴ
1383 810 1551 883 οὔσης
1588 828 1600 841 ·
1636 812 1805 883 πρόσ-

204 924 357 961 ωπον
403 906 461 959 δὲ
492 905 553 959 τὸ
580 904 654 966 ὡς
688 904 831 973 ὄψις,
864 904 925 957 οὐ
958 904 1172 967 πάντως
1197 904 1289 957 δύο
1319 906 1532 977 ἑκάστῳ
1554 907 1720 960 εἰσίν⁸
1744 906 1803 959 οῦ

200 999 295 1051 δύο
323 998 416 1052 οὖν
433 998 699 1069 πρόσωπα
721 998 887 1068 ηγουν
912 996 1239 1061 ὑποστάσεις
1266 997 1360 1050 τοῦ
1387 998 1562 1067 Λόγου
1591 1001 1684 1051 καὶ
1707 999 1807 1070 τῆς

201 1091 468 1160 ἐνβάρκου
508 1089 672 1142 αὑτοῦ
707 1089 922 1158 μορφῆς
956 1089 1161 1159 δηλαδὴ
1198 1088 1448 1142 ἐντεῦθεν
1481 1090 1755 1143 δεικνύετε
1788 1106 1803 1121 ο

205 1183 340 1235 διότι
355 1182 482 1237 ἄλλο
499 1176 566 1252 ἦν
586 1180 647 1233 τὸ
666 1182 762 1250 τῆς
787 1181 1137 1244 ὑποστάσεως
1158 1181 1397 1252 Χριστοῦ
1424 1181 1519 1235 τοῦ
1538 1184 1807 1252 ἐνσάριου

205 1277 383 1345 Λόγου
412 1276 726 1345 πρόσωπον,
742 1274 837 1327 καὶ
858 1273 985 1328 ἄλλο
1007 1275 1107 1345 τῆς
1130 1276 1395 1346 αἰσθητῆς
1412 1275 1577 1328 αὑτοῦ
1599 1276 1805 1347 σαρκὸς

209 1370 394 1440 μέλος,
439 1368 733 1439 πρόσωπον
796 1366 1124 1437 λεγόμενον⁶
1179 1369 1227 1420 εί
1274 1368 1382 1438 γὰρ
1447 1369 1604 1423 τοῦτο
1665 1369 1814 1423 δοκεῖ

211 1462 365 1531 ὑμῖν,
414 1462 632 1523 πάντως
667 1461 760 1514 καὶ
814 1459 1227 1530 ὐμῶνόκαθεὶς
1284 1462 1377 1513 ἐπί
1423 1461 1543 1530 ἃψιν
1585 1478 1644 1514 τε
1700 1460 1813 1531 ἔχει

207 1554 307 1624 τὴν
367 1553 666 1623 λεγομένην
741 1553 1033 1622 πρόσωπον
1072 1567 1086 1582 °
1137 1552 1433 1615 ὑπόστασίς
1492 1552 1550 1605 τέ
1611 1554 1727 1606 ἐστι
1777 1555 1811 1620 ἡ

209 1644 473 1715 νοουμένη
531 1643 843 1714 πρόσωπον,
897 1642 991 1695 δύο
1046 1642 1160 1712 ἔχει
1220 1644 1291 1696 τὰ
1349 1644 1662 1714 πρόσωπαο
1734 1644 1814 1697 ἔτι

204 1736 263 1788 δὲ
335 1736 458 1789 ἐπεὶ
541 1734 788 1806 περιέχει
866 1738 974 1789 πᾶν
1064 1736 1426 1790 ὑποστατικὸν
1518 1737 1815 1808 πρόσωπον

204 1828 307 1897 τήν
360 1843 418 1878 τε
467 1818 644 1897 ψυχὴν
700 1829 901 1892 πᾶσαν,
934 1826 1029 1880 καὶ
1062 1827 1239 1880 πάντα
1290 1828 1360 1881 τὰ
1407 1825 1505 1880 τοῦ
1560 1827 1815 1898 σώματος

203 1920 313 1972 τῶν
338 1919 652 1972 καθέκαστα
672 1919 742 1972 τὰ
766 1920 930 1991 μέρη,
952 1914 1027 1973 ὧν
1052 1922 1199 1973 ἐστιν
1220 1920 1280 1973 ἒν
1304 1922 1398 1973 καὶ⁹
1421 1923 1453 1991 ἡ
1483 1920 1603 1991 ὄψις
1646 1922 1806 1991 αὑτὴ,

1906 722 2089 785 faciei,
2120 722 2237 777 sive
2290 722 2481 776 vultus
2531 722 2604 776 sit
2644 720 2947 787 sensibilis,
2978 722 3094 777 sive
3137 738 3289 789 non;
3329 724 3498 781 facies

1908 824 2114 881 autem,
2157 826 2217 869 ut
2240 816 2449 879 vultus,
2478 831 2586 870 non
2614 803 2834 885 semper
2861 825 2943 870 est
2979 816 3183 886 duplex
3217 834 3321 873 nec
3366 818 3495 872 uni-

1909 907 2110 977 cuique
2134 907 2441 962 individuo.
2461 908 2591 962 Due:
2608 923 2739 977 ergo
2754 923 3005 977 persona:
3020 910 3213 973 Verbi,
3234 918 3289 964 et
3307 910 3497 966 forma:

1909 1002 2030 1070 ejus
2072 1000 2401 1063 incarnatze,
2445 1016 2555 1054 non
2601 999 2731 1054 inde
2780 1000 3073 1055 evidenter
3104 1002 3495 1068 deducuntur,

1910 1100 1966 1144 et
2013 1091 2139 1146 ideo
2171 1092 2278 1145 alia
2308 1100 2429 1146 erat
2472 1106 2710 1160 persona
2740 1088 2949 1144 Christi
3012 1090 3178 1145 Verbi
3208 1092 3509 1156 incarnati,‘

1912 1183 2060 1237 aliud
2096 1185 2405 1239 membrum
2438 1184 2622 1239 carnis
2643 1183 2904 1249 visibilis,
2927 1192 3179 1238 vocatum
3205 1184 3397 1239 facies.
3430 1180 3501 1239 Et

1913 1275 1959 1328 si
2018 1276 2191 1329 vultis
2221 1275 2439 1341 audire,
2473 1275 2568 1344 qui
2605 1274 2759 1328 visus
2813 1284 2899 1327 est
2942 1289 2972 1327 a
3012 1274 3169 1328 vobis
3198 1290 3496 1343 personam

1915 1364 2109 1418 habuit
2136 1380 2258 1433 quae
2288 1372 2515 1417 vocatur
2561 1363 2753 1426 facies,
2790 1363 3012 1417 aliunde
3058 1379 3294 1433 persona
3330 1364 3497 1419 intel-

1914 1456 2141 1525 ligibilis
2190 1466 2274 1511 est
2324 1468 2380 1510 et
2426 1456 2620 1520 facies,
2649 1472 2748 1512 seu
2819 1457 3136 1527 πρόσωπον,
3178 1457 3284 1512 hoc
3331 1472 3499 1511 sensu

1915 1548 2054 1603 duas
2084 1549 2280 1602 habuit
2303 1549 2672 1618 personas.Et
2706 1549 2909 1603 iterum
2947 1552 3207 1618 quoniam
3239 1550 3500 1618 quaelibet

1915 1642 2221 1711 personalis
2271 1641 2442 1696 facies
2491 1652 2663 1695 totam
2698 1643 2938 1695 animam
2976 1649 3032 1696 et
3059 1642 3249 1695 onmia
3299 1656 3499 1711 corpo-

1917 1734 2050 1801 ralia
2076 1734 2343 1798 membra,
2373 1750 2608 1802 quorum
2633 1750 2803 1788 unum
2851 1746 2937 1789 est
2982 1734 3198 1791 oculus.
3258 1735 3501 1803 complc-

1918 1827 2107 1891 ctitur,
2144 1826 2252 1881 erit
2278 1843 2384 1881 una
2422 1836 2605 1881 vestra
2651 1826 2822 1882 facies
2847 1827 3018 1881 altera
3052 1828 3452 1896 comprehensa
3482 1842 3497 1880 :

1916 1937 2200 1991 nunquam
2260 1937 2395 1975 vero
2458 1921 2923 1989 comprehensum
2982 1920 3128 1975 idem
3191 1929 3275 1975 est
3335 1929 3499 1989 atque

208 2013 364 2066 ἔσται
397 2012 552 2082 ὑμῶν
588 2013 649 2065 τὸ
680 2011 736 2065 ἐν
767 1986 1060 2084 πρόσωπον
1080 2014 1188 2083 ἄρα
1209 2011 1287 2084 τῷ
1328 1986 1504 2084 ἑτέρῳ
1528 1986 1802 2085 προσώπω

1913 2012 2391 2082 comprehendens
2418 2030 2429 2066 :
2468 2028 2579 2067 non
2610 2028 2742 2083 ergo
2774 2028 2881 2067 una
2917 2013 3100 2067 eritet
3131 2012 3324 2067 eadem
3370 2012 3498 2066 uni-

209 2105 237 2157 ὑ
246 2104 363 2174 μῶν
392 2106 797 2175 περιεχόμενον
822 2106 882 2157 οὐ
905 2106 1098 2158 ταυτὸν
1117 2104 1172 2158 δὲ
1197 2104 1416 2158 πώποτε
1433 2105 1510 2176 τῷ
1528 2106 1812 2177 περιέχον-

207 2213 264 2247 τι
283 2196 417 2249 αὐτὸ
441 2196 500 2249 τὸ
521 2196 911 2266 περιεχόμενον
936 2212 949 2226 ·
984 2196 1092 2267 ἄρα
1120 2198 1215 2249 οῦν
1237 2196 1333 2266 οὐχ
1376 2196 1432 2249 ἓν
1463 2196 1559 2249 καὶ
1588 2198 1806 2261 ταυτὸν,

210 2288 330 2341 οὐδὲ
361 2287 454 2342 τοῦ
500 2287 704 2340 καθένα
754 2286 915 2357 ὑμῶν
942 2287 1002 2340 τὸ
1039 2288 1355 2358 πρόσωπον,
1385 2288 1540 2354 ἀλλὰ.
1565 2288 1659 2341 δύο
1711 2288 1807 2342 καὶ

216 2380 400 2451 μεῖζον
429 2380 675 2451 θάτερον·
706 2380 799 2433 καὶ
826 2379 1000 2449 βραχὺ
1030 2378 1090 2432 τὸ
1117 2378 1323 2451 ἕτερον·
1350 2379 1452 2433 ποῦ
1481 2380 1537 2433 δὲ
1563 2379 1806 2450 μεγάλην

210 2475 309 2528 καὶ
343 2473 546 2544 μικρὰν
575 2474 671 2525 καὶ
702 2472 876 2526 ταῦτα
901 2473 993 2525 τοῦ
1022 2472 1187 2526 αὐτοῦ
1236 2472 1535 2526 ὑπόστασιν
1564 2473 1803 2543 ἡκούσα-

210 2583 306 2632 τε;
347 2567 427 2618 ἑτι
461 2564 565 2635 μὴν
589 2563 733 2617 οὕτω
757 2563 862 2615 τῶν
894 2561 1285 2631 πολυκεφάλων
1314 2563 1445 2615 δέκα
1470 2563 1628 2632 τυχὸν
1654 2563 1803 2616 ἔσον-

212 2676 304 2712 ται
334 2652 703 2721 ὑποστάσεις,
740 2658 787 2709 εί
822 2656 867 2709 δ’
901 2652 993 2709 οὖν
1031 2660 1127 2709 καὶ
1171 2655 1329 2727 ὑμεῖς
1357 2656 1676 2726 ἐδιχάσθητε
1728 2656 1805 2727 τῷ

212 2751 358 2822 λόγῳ
392 2750 482 2803 τὸν
511 2748 669 2816 λόγον
704 2750 802 2817 τῆς
833 2748 968 2811 ιδίας
997 2748 1199 2818 σαρκὸς
1224 2748 1282 2800 οὐ
1323 2748 1663 2818 διχάσαντες.

298 2841 437 2895 Ἀλλ’
469 2842 638 2905 ἐστιν,
664 2834 708 2893 ὧ
735 2836 901 2905 οὗτοι,
935 2841 1062 2895 τάδε
1094 2840 1429 2911 πανουργίας
1456 2841 1803 2913 ἀνθρωπίνης

223 2936 364 3005 πρὸς
399 2933 682 3004 μεθοδείαν
743 2932 951 3001 πλάνης
996 2933 1062 2985 τὰ
1114 2932 1454 3002 σοφίσματα,
1581 2951 1746 3004 φησιν
1774 2938 1802 2988 6

217 3028 540 3100 θεορῤήμων
576 3042 588 3054 ·
636 3024 873 3097 ἐροῦμεν
919 3024 1027 3095 γὰρ
1063 3022 1192 3095 ὑμῖν
1231 3025 1431 3079 τοιόνδε
1462 3042 1476 3056 ο
1507 3026 1619 3079 Καὶ
1642 3028 1802 3097 ἡμεῖς

218 3118 469 3175 ὁπωσοῦν
496 3118 632 3182 ὅλως
660 3118 998 3189 ἐνεργεῖσθαι
1019 3118 1094 3187 τῷ
1109 3117 1239 3190 θείῳ
1259 3119 1418 3189 Λόγῳ
1445 3122 1536 3173 τὸν
1564 3120 1801 3191 Χριστὸν

216 3210 424 3264 διδοῦσι
458 3211 598 3264 κατὰ
628 3210 695 3263 τὰ
719 3210 811 3262 ὑπ’
841 3209 1008 3264 αὐτοῦ
1050 3209 1322 3280 λεγόμενα
1356 3210 1389 3281 ἢ
1421 3212 1680 3283 γινόμενα
1703 3253 1716 3277 ,
1745 3214 1797 3265 τί

214 3321 352 3374 φατε
376 3303 466 3370 ;Ὀ
480 3304 651 3371 Λόγος
670 3305 699 3356 6
718 3304 892 3373 φήσας
914 3304 1048 3372 πρὸς
1068 3303 1157 3357 τὸν
1178 3302 1398 3374 λεπρὸν,
1422 3305 1601 3358 «Θέλω
1624 3307 1795 3360 καθα-
1822 3344 1866 3402 C

213 3396 484 3470 ρίσθητι,ι
520 3392 586 3467 ἦν
621 3395 747 3465 χθὲς
776 3396 1079 3466 καὶτρίτην
1106 3396 1202 3449 καὶ
1226 3397 1332 3467 πρὸ
1362 3397 1596 3464 αἰώνων,
1634 3400 1665 3470 ἢ
1707 3401 1797 3453 οὺ-

212 3488 269 3559 χί
295 3504 309 3552 ;
338 3488 401 3540 Εἰ
438 3488 536 3557 μὲν
564 3486 671 3557 γὰρ
693 3488 795 3540 οὐκ
822 3481 913 3557 ἦν,
931 3487 1049 3549 πῶς
1077 3488 1207 3551 Θεὸς
1230 3490 1257 3541 6
1288 3490 1603 3559 πρόσφατος
1626 3490 1796 3553 δοκεῖ,

211 3579 319 3633 κᾶν
351 3579 431 3632 ὅτι
461 3578 531 3632 τὰ
552 3579 787 3648 μέγιστα
815 3578 904 3631 διὰ
928 3578 1167 3647 Χριστοῦ
1198 3579 1230 3649 ἢ
1265 3574 1477 3643 οὗτινος
1504 3581 1796 3653 ἀνθρώπου

211 3670 467 3742 ἐνεργοίη
488 3685 501 3699 ·
532 3671 581 3723 εί
612 3670 667 3723 δὲ
689 3665 781 3741 ἦν,
810 3670 926 3733 πῶς
962 3670 1132 3723 θέλων
1160 3671 1260 3724 οὐκ
1290 3672 1617 3743 ἐκαθάριζεν
1648 3675 1695 3726 εί
1724 3674 1799 3745 μὴ

208 3761 338 3815 τότε
369 3764 461 3816 τὸν
495 3761 733 3833 λεπρόν;
772 3763 983 3834 ’Ὠσπερ
1012 3760 1106 3817 οὖν
1140 3764 1308 3834 σαφὲς
1340 3765 1434 3818 ἐπὶ
1484 3765 1638 3819 τοῦδε
1662 3806 1677 3830 ,
1716 3767 1798 3818 ὅτι

211 3852 547 3925 προαιώνιος
571 3852 665 3904 τοῦ
696 3852 830 3904 Θεοῦ
863 3853 891 3904 6
934 3851 1044 3916 ζῶν
1072 3870 1131 3905 τε
1162 3853 1256 3905 καὶ
1290 3852 1521 3923 ἐνεργὴς
1572 3853 1660 3906 ἀεὶ
1697 3853 1798 3905 Λόο

213 3943 334 4017 γος,
365 3944 485 3997 τότε
508 3944 585 4011 τῷ
614 3943 938 4015 προφορικῷ
969 3943 1137 3997 αὑτοῦ
1185 3943 1328 4013 λόγῳ
1358 3943 1456 4014 τὴν
1492 3943 1633 3997 κατὰ
1678 3961 1801 3996 και-

218 4035 313 4107 ρὸν
343 4036 436 4089 καὶ
465 4035 652 4106 χρείαν
707 4034 903 4089 ἑαυτοῦ
936 4035 1157 4106 θέλησιν
1202 4035 1541 4103 ἐξαγγέλλει,
1572 4034 1688 4098 πῶς
1736 4036 1799 4089 οῦ

217 4126 382 4196 δῆλον
404 4127 478 4191 ὡς
509 4128 690 4180 καὶτὸ
745 4127 954 4190 ἀπαθὲς
1006 4127 1173 4180 αὑτοῦ
1227 4128 1321 4183 καὶ
1363 4128 1593 4198 ἀόρατον
1629 4127 1801 4198 πρόσ-

216 4235 371 4273 ωπον
401 4218 489 4272 διὰ
532 4218 628 4272 τοῦ
662 4218 923 4288 αἰσθητοῦ
948 4220 1041 4273 καὶ¹
1074 4219 1273 4291 μέρους
1301 4219 1397 4273 τοῦ
1425 4220 1673 4290 σώματος
1698 4220 1799 4273 αὐ-

213 4312 311 4366 τοῦ
352 4312 1037 4384 ὑπάρχοντοςπροσώπου,
1070 4314 1171 4384 τὴν
1222 4313 1449 4383 ἀτιμίαν
1484 4315 1592 4365 τῶν
1641 4316 1802 4385 6am-

114 4472 119 4475 γ
217 4405 373 4476 σμῶν
395 4405 460 4458 δι’
488 4405 802 4476 ἐλευθερίαν
829 4405 987 4474 ἡμῶν
1016 4405 1412 4474 καταδέχεται;
1447 4406 1571 4459 Ἔτι
1606 4405 1732 4476 μὴν,
1756 4400 1800 4458 ὦ

218 4496 637 4565 συλλογιστικοὶ,
671 4497 838 4565 τριῶν
868 4495 1036 4549 ὄντων
1062 4498 1167 4548 τῶν
1192 4496 1293 4565 τῆς
1355 4497 1517 4564 ἁγίας
1571 4497 1801 4567 Τριὰδος

214 4584 516 4657 ὁμοουσίων
544 4587 849 4657 προσώπων
870 4586 929 4639 τὸ
960 4585 1078 4638 καθ’
1101 4585 1243 4654 ὑμᾶς
1265 4588 1442 4655 πάντη
1467 4586 1802 4657 ἐτεροούσιον

215 4680 401 4741 αὐτοῖς
452 4678 738 4748 πρόσωπον
792 4676 1031 4749 Χριστοῦ
1093 4676 1235 4729 θεῖον
1264 4677 1526 4746 λέγετε,ἢ
1555 4678 1709 4746 οὐχί;
1739 4677 1801 4728 Εἰ

221 4771 325 4844 μὲν
358 4771 451 4826 οὖν
483 4771 603 4841 οὐχὶ
628 4812 641 4836 ,
670 4771 802 4833 ὅλως
834 4771 867 4841 ἢ
899 4771 997 4839 οὐχ
1045 4769 1246 4839 ὁμοίως
1269 4769 1328 4820 οὐ
1364 4768 1591 4822 δύνασθε
1620 4769 1797 4836 λέγειν

216 4864 351 4920 Θεὸν
378 4866 470 4918 τὸν
526 4864 851 4936 Χριστόνοῆ
882 4865 964 4917 ὅτι
1024 4861 1172 4933 αὐτῷ
1201 4862 1462 4933 ἐχαρίσθη
1514 4860 1576 4914 τὸ
1628 4862 1800 4932 ὄνομα

215 4958 278 5012 τὸ
350 4957 489 5028 ὑπὲρ
574 4959 681 5011 πᾶν
742 4956 934 5026 ὄνομα,
1004 4955 1253 5010 τουτέστι
1326 4954 1385 5009 τὸ
1471 4953 1641 5018 Θεόςο
1708 4953 1801 5007 καὶ

216 5054 422 5124 ταύτην
495 5048 634 5108 εἶναι
693 5052 791 5123 τὴν
834 5053 942 5105 ἀπὸ
997 5051 1095 5121 τῆς
1155 5050 1292 5121 πρὸς
1358 5049 1491 5102 Θεὸν
1542 5049 1799 5120 σχετικῆς

220 5147 467 5211 ἐνώσεως
500 5146 667 5200 αὑτοῦ
710 5145 953 5217 μεγάλην
983 5144 1139 5209 ἀξίαν
1171 5161 1229 5197 τε
1262 5144 1355 5195 καὶ
1379 5142 1589 5213 δωρεάν
1610 5158 1625 5172 ·
1658 5146 1707 5196 εἰ
1740 5143 1797 5197 δὲ

220 5241 363 5296 θεῖον
399 5241 500 5312 μὲν
526 5240 715 5307 λέγετε
756 5238 853 5291 καὶ
880 5238 1022 5303 τόδε,
1058 5236 1404 5308 ἐτεροούσιον
1434 5236 1490 5290 δὲ
1525 5236 1676 5307 παρὰ
1731 5236 1800 5291 τὰ

217 5336 383 5406 ἔτερα
426 5335 552 5405 τρία
609 5332 870 5402 ὁμοούσια
915 5332 1031 5383 θεῖα
1082 5329 1358 5400 πρόσωπά
1420 5345 1593 5397 φατε,
1627 5329 1798 5400 τριῶν

218 5425 541 5499 όμοουσίων,
575 5422 673 5477 καὶ
705 5421 823 5485 ἐνὸς
881 5420 1249 5491 ἐτεροουσίου,
1279 5418 1396 5482 πῶς
1445 5418 1546 5471 οὐκ
1595 5417 1661 5474 ἂν
1712 5419 1797 5495 εῐη

218 5521 463 5590 τέσσαρα
496 5514 768 5587 πρόσωπα
806 5512 923 5566 θεῖα
957 5513 1085 5583 ὑμῖν
1118 5511 1473 5582 συναγόμενα
1499 5529 1518 5578 ;

822 5602 1075 5656 ΚΕΦΛΛ.
1100 5602 1198 5655 ΙΖ’.

290 5701 355 5756 Εἰ
382 5703 411 5755 6
432 5699 563 5763 Θεὸς
592 5698 785 5768 Λόγος,
819 5697 975 5767 φησὶ,
1008 5695 1077 5748 τὰ
1104 5694 1280 5749 πάντα
1312 5694 1529 5766 πληροῖ,
1560 5696 1657 5749 καὶ
1688 5697 1800 5759 τοῖς

220 5797 355 5851 πᾶσι
389 5794 653 5864 πάρεστιν
683 5789 925 5861 ἀοράτως
947 5790 1014 5859 τῇ
1048 5787 1341 5842 ὑποστάσει
1364 5803 1377 5816 ο
1400 5788 1428 5840 ὁ
1454 5786 1508 5839 δὲ
1528 5779 1803 5858 ὁρώμενὀς

220 5889 455 5963 Χριστὸς
483 5888 666 5959 μήτρᾳ
717 5901 777 5938 τε
824 5883 918 5937 καὶ
955 5882 1135 5952 ςάτνῃ
1165 5880 1259 5933 καὶ
1298 5880 1432 5949 οἴκῳ
1471 5878 1802 5950 περιώριστο

218 5962 319 6057 τὴν
369 5981 669 6037 ὑπόστασιν
703 5977 811 6049 πρὸ
865 5974 964 6045 τῆς
1002 5973 1159 6041 ἁγίας
1208 5962 1561 6035 ἀναστάσεως
1590 5970 1756 6025 αὐτοῦ
1784 5989 1798 6003 ·

1913 2104 2113 2173 cuique
2138 2115 2385 2160 vestrum
2421 2105 2610 2169 facies,
2644 2104 2743 2159 sed
2787 2106 2910 2159 duae
2936 2113 3120 2169 erunt,
3156 2120 3264 2159 una
3299 2105 3494 2175 major,

1911 2194 2093 2248 minor
2148 2195 2339 2249 altera.
2374 2194 2621 2265 Magnam
2660 2210 2793 2249 vero
2840 2204 2896 2249 et
2920 2211 3145 2264 parvam
3176 2210 3496 2264 personam,

1908 2295 1964 2340 et
1992 2287 2115 2341 illas
2144 2288 2201 2341 in
2238 2303 2345 2340 una
2376 2303 2434 2340 re
2464 2287 2557 2341 ubi
2582 2286 2846 2341 vidiStis?
2874 2297 3042 2357 atque
3072 2288 3301 2356 insuper
3331 2303 3491 2341 num-

1908 2379 2041 2450 quid
2078 2380 2301 2433 animali
2332 2380 2575 2450 plurium
2609 2380 2851 2450 capitum
2872 2379 3063 2435 decem
3090 2380 3275 2434 forsan
3304 2394 3500 2450 perso~

1908 2487 1998 2526 na:
2030 2481 2216 2536 erunt,
2245 2472 2314 2535 si,
2348 2472 2573 2526 nomina
2608 2472 2846 2542 propriae
2890 2471 3075 2527 carnis
3104 2488 3217 2527 non
3244 2471 3499 2527 dividen-

1909 2572 2012 2629 tes,
2050 2564 2154 2635 ipsi
2190 2573 2427 2635 pr0pter
2456 2566 2684 2620 nomina
2714 2565 3052 2621 dividimini.

1976 2831 2105 2886 Haec
2135 2841 2286 2898 sunt,
2313 2848 2346 2887 ο
2373 2832 2647 2898 homines,
2678 2833 3021 2903 SOphismata
3050 2834 3259 2905 quibus
3303 2834 3497 2891 dolose

1907 2924 2082 2977 utitur
2130 2924 2418 2995 theologus
2460 2924 2527 2979 ad
2574 2941 2824 2980 errorem
2867 2926 3263 2981 inducendum.
3293 2927 3361 2982 Et
3391 2944 3496 2983 nos

1903 3014 1984 3069 sic
2005 3015 2291 3071 vobiscum
2320 3032 2545 3086 agemus
2575 3035 2586 3069 :
2608 3016 2875 3083 Quoniam
2900 3017 3157 3075 Christus
3176 3020 3383 3075 dicitur
3397 3036 3497 3091 per

1902 3109 2147 3164 Verbum
2202 3110 2451 3164 divinum
2513 3122 2775 3179 operatus
2824 3126 2947 3165 esse
2989 3112 3152 3181 juxta
3217 3112 3364 3167 dicta
3399 3122 3496 3167 aut

1901 3200 2041 3256 facta
2081 3202 2150 3256 ab
2184 3203 2322 3272 ipso,
2360 3218 2458 3257 vos
2502 3202 2638 3272 quid
2670 3201 2891 3257 dicitis?
2928 3203 3169 3259 Verbum
3228 3206 3375 3274 quod
3410 3206 3493 3259 le-

1902 3308 2067 3361 proso
2104 3294 2241 3348 dixit
2272 3311 2284 3348 :
2328 3313 2344 3343 ε
2381 3293 2539 3357 Volo,
2570 3293 2891 3360 mundare,»
2928 3303 3118 3351 eratne
3147 3296 3289 3364 heri,
3318 3297 3495 3367 pridie

1899 3395 1955 3440 et
1980 3394 2108 3439 ante
2141 3387 2357 3453 szccula,
2386 3388 2470 3441 vel
2498 3388 2643 3441 non?
2670 3387 2727 3442 Si
2756 3388 3055 3456 posterius,
3084 3390 3494 3458 quomodonam

1901 3478 2047 3532 Deus
2086 3478 2320 3533 habetur
2375 3480 2479 3532 iste
2526 3480 2845 3546 crucifixus,
2873 3482 3005 3537 licet
3050 3498 3213 3552 quam
3257 3484 3491 3540 maxima

1900 3572 2167 3627 miracula
2215 3588 2315 3641 per
2347 3571 2631 3627 Christum
2693 3583 2785 3629 aut
2842 3576 3147 3642 quemlibet
3209 3576 3493 3634 hominem

1902 3673 2163 3734 operatus
2190 3665 2300 3718 sit?
2325 3664 2380 3720 Si
2406 3668 2582 3735 prius,
2619 3683 2718 3721 cur
2754 3668 3058 3737 leprosum,
3089 3684 3253 3738 quem
3282 3670 3491 3725 dudum

1900 3757 2143 3821 volebat,
2190 3759 2414 3811 nonnisi
2449 3758 2555 3812 hoc
2596 3768 2844 3828 tempore
2881 3760 3219 3815 inundavit?
3256 3764 3363 3818 Sed
3432 3776 3495 3821 ut

1904 3847 2039 3901 illud
2086 3858 2369 3913 aeternum
2401 3866 2617 3920 semper
2646 3851 2841 3905 vivens
2891 3860 2947 3905 et
2974 3868 3211 3922 operans
3240 3855 3491 3911 Verbum

1903 3941 1999 3995 Dei
2032 3951 2165 3996 tunc
2199 3956 2458 3996 sermone
2494 3943 2711 4011 prolato
2736 3959 2893 3998 suam
2918 3945 3258 4001 voluntatem
3285 3962 3495 4019 oppor-

1904 4040 2035 4085 tune
2068 4039 2124 4086 et
2148 4031 2363 4095 utiliter
2396 4032 2744 4113 manifestat,
2773 4034 2853 4089 sic
2881 4036 3060 4105 liquet
3093 4037 3493 4107 impassibilem

1901 4131 1957 4175 et
1983 4122 2320 4177 invisibilem
2342 4124 2463 4193 ejus
2485 4139 2778 4193 personam
2798 4142 2897 4194 per
2916 4128 3237 4183 sensibilem
3266 4129 3488 4196 faciem,

1902 4231 2024 4285 qua:
2075 4231 2204 4285 pars
2259 4215 2511 4285 corporis
2560 4227 2702 4281 erat,
2733 4220 3133 4274 contumeliosa
3165 4221 3396 4276 verbera
3422 4222 3492 4277 ab

1904 4304 2225 4359 hominibus
2269 4305 2556 4359 effrenatis
2598 4308 2896 4377 accepisse.
2925 4309 3021 4363 Vel
3069 4310 3294 4369 iterum.
3328 4327 3361 4365 ο
3398 4328 3491 4367 so-

1902 4397 2121 4467 phistae,
2160 4406 2271 4451 tres
2302 4414 2428 4453 cum
2471 4400 2583 4453 sint
2640 4414 2893 4469 personae
2943 4413 3147 4458 sanctae
3202 4404 3492 4461 Trinitatis

1903 4489 2424 4553 consubstantiales,
2453 4489 2600 4544 illam
2631 4491 2839 4545 Christi
2872 4492 3067 4546 faciem
3103 4502 3308 4549 nostra:
3336 4495 3487 4549 simi-

1903 4580 2035 4646 lem,
2083 4591 2139 4635 et
2182 4581 2251 4635 ab
2291 4582 2418 4635 aliis
2472 4582 2697 4636 omnino
2749 4584 3117 4650 distinctam,
3171 4587 3489 4644 d'rvinamne

1835 4703 1877 4757 υ
1906 4673 2110 4738 dicitis,
2138 4674 2356 4727 annon?
2378 4673 2434 4727 Si
2462 4690 2573 4729 non
2600 4674 2865 4742 divinam,
2901 4693 3033 4748 ergo
3059 4679 3250 4734 eadem
3275 4681 3487 4737 ratione

1905 4781 2008 4821 nec
2067 4767 2242 4836 magis
2294 4766 2475 4836 ipsum
2529 4767 2813 4823 Christum
2843 4771 3016 4824 Deum
3083 4788 3205 4828 esse
3256 4776 3487 4844 potestis

1901 4861 2109 4927 dicere,
2151 4876 2328 4931 neque
2366 4862 2443 4915 illi
2474 4862 2663 4916 datum
2686 4863 2860 4919 fuisse
2894 4882 3095 4921 nomen
3122 4884 3292 4938 super
3321 4886 3485 4927 omne

1901 4971 2126 5019 nomen,
2167 4971 2264 5010 seu
2319 4955 2686 5022 divinitatem,
2716 4974 2820 5013 nec
2850 4959 3009 5014 talem
3040 4976 3161 5016 esse
3184 4963 3306 5033 ejus
3330 4981 3485 5036 mag-

1900 5064 2026 5103 nam
2061 5048 2384 5119 dignitatem
2416 5058 2473 5103 et
2511 5051 2842 5117 mercedem,
2869 5068 2967 5121 pro
3001 5054 3338 5125 bypostatica
3357 5073 3482 5113 cum

1900 5140 2012 5195 Deo
2071 5139 2297 5193 unione.
2332 5138 2388 5192 Si
2425 5154 2557 5193 vero
2584 5138 2828 5195 divinam
2864 5141 3076 5209 dicitis,
3106 5144 3203 5198 sed
3252 5147 3484 5203 alterius

1900 5240 2115 5285 natura:
2145 5240 2313 5299 atque
2348 5238 2461 5283 tres
2494 5229 2712 5285 divinas
2738 5242 2794 5286 et
2826 5235 3329 5294 eonsubstantialcs
3355 5256 3483 5310 per-

1900 5338 2085 5387 sonas,
2116 5331 2247 5376 tunc
2279 5331 2390 5375 tres
2420 5337 2545 5375 cum
2571 5322 2681 5377 sint
2716 5325 3238 5395 consubstantiales,
3265 5341 3321 5385 et
3353 5332 3485 5387 alte-

1900 5430 1960 5470 ra
1984 5414 2294 5479 dissimilis,
2319 5428 2503 5469 nonne
2532 5414 2599 5468 ad
2635 5415 2978 5475 confitendas
3011 5432 3251 5492 quatuor
3284 5440 3482 5496 perso-

1900 5526 2000 5564 nas
2027 5509 2244 5564 divinas
2274 5508 2617 5564 adducimini
2645 5510 2667 5564 ἳ

2514 5600 2666 5657 CAP.
2705 5602 2867 5659 XVII.

1975 5694 2081 5751 Sed
2113 5693 2355 5751 Verbum
2398 5693 2517 5761 Dei,
2548 5694 2746 5765 inquit,
2783 5699 2967 5754 omnia
3006 5699 3231 5773 implet,
3270 5712 3328 5759 et
3360 5719 3479 5759 om—

1901 5786 2067 5842 nibus
2108 5783 2461 5840 invisibiliter
2495 5793 2551 5839 et
2597 5788 2961 5855 personaliter
3006 5792 3200 5859 adest;
3252 5795 3476 5852 aliunde

1901 5876 2154 5933 Christus
2183 5874 2335 5928 visus
2352 5881 2434 5928 est
2466 5888 2755 5944 personam
2786 5889 3001 5946 ventre,
3044 5884 3279 5950 stabulo,
3312 5886 3477 5940 domo

1905 5968 2183 6027 includere
2208 5973 2332 6021 ante
2359 5980 2514 6021 suam
2537 5979 2779 6027 sanctam
2815 5975 3309 6045 resurrectionem;
3345 5980 3480 6050 quin
