3916 6564
393 500 530 569 1575
1689 487 2006 556 LEONTII
2046 487 2454 555 BYZANTINI
3523 494 3676 565 1576.

386 623 554 682 etiam
571 627 763 691 postea
780 613 1258 680 locisincluditur,
1280 607 1425 670 sicut
1443 610 1712 685 legimus:
1737 611 1972 667 oAscen-
2002 662 2004 669 .

2110 608 2212 663 λλὰ
2229 611 2327 664 καὶ
2361 610 2501 680 μετὰ
2526 609 2688 682 τήνδε
2717 607 3122 683 περιγράφεται
3147 611 3356 678 τόποις,
3386 616 3530 669 κατὰ
3576 616 3654 678 τὺ,

387 711 470 768 dit
501 713 562 768 in
590 710 780 774 caelos,
810 725 831 760 ι
866 717 958 764 et:
1012 725 1032 758 ι
1071 705 1244 774 Quem
1294 711 1514 776 oportet
1556 703 1759 760 oculum
1794 701 1971 758 susci-

2119 693 2423 774 Ὲπορεύθη
2440 704 2518 767 εἰς
2532 702 2816 774 οὐρανούς·
2844 702 2865 756 5
2889 704 3005 768 καὶ,
3017 723 3036 756 ι
3051 704 3149 759 Ὀν
3165 704 3249 758 δεῖ
3260 699 3495 776 οὑρανδν
3511 707 3659 772 δέξαι

387 818 522 877 pere
541 803 615 856 ⁸³»
641 808 732 856 et:
760 817 778 852 ι
813 785 1128 863 Sicveniet,
1146 795 1612 868 quemadmodum
1629 793 1816 849 vidisti
1842 807 1971 848 eum

2110 792 2218 848 θαι·
2233 810 2253 845 ι
2270 793 2364 847 καὶ
2375 811 2420 860 ,ι
2439 785 2628 857 Οὑτως
2643 791 2944 861 ἐλεύσεται,
2966 792 3026 847 δν
3039 793 3241 865 τρόπον
3252 793 3552 851 ιθεάσασθε
3567 799 3633 851 αὑ
3647 831 3659 842 ι

387 903 612 951 euntem
668 893 725 948 in
773 892 977 946 caelum
1005 890 1072 943 ⁸⁸.
1106 907 1126 941 ι
1184 887 1472 956 Quomodo
1507 902 1641 958 ergo
1697 900 1808 941 una
1865 885 1974 940 erit

2110 884 2166 940 δν
2189 885 2559 957 πορευόμενον
2579 890 2658 950 είς
2677 885 2772 941 τδν
2791 887 3044 958 οὐρανὸν,
3079 906 3100 940 ι
3116 887 3232 951 πῶς
3256 889 3316 943 οὑ
3341 890 3545 959 θατέρα
3566 894 3660 961 μὲν

391 999 625 1056 persona
655 981 894 1038 visibilis
919 988 976 1036 et
1015 979 1454 1050 circumscripta,
1480 979 1651 1033 altera
1702 991 1836 1032 vero
1871 989 1975 1030 nec

2110 980 2246 1051 ρατὴ
2273 979 2369 1034 καὶ
2396 980 2754 1053 περιγραπτὴ
2771 979 3094 1046 ὑπόστασις,
3109 981 3316 1054 θατιρα
3345 982 3403 1036 δὲ
3433 985 3661 1054 ἀόρατος

391 1075 629 1132 visibilis
665 1089 771 1130 nec
801 1072 1260 1142 circumscripta?
1283 1072 1422 1126 Dato
1453 1070 1600 1141 quod
1630 1083 1976 1141 quaecunque

2110 1075 2176 1148 :al.
2195 1071 2610 1145 ἀπερίγραπτός
2639 1075 2819 1141 ὲστινς
2854 1071 2994 1127 Ἀλλ’
3021 1076 3072 1128 εἰ
3091 1077 3340 1139 τοπικοῖς
3364 1076 3662 1148 διορισμοῖς

393 1183 648 1240 persona:
693 1166 944 1222 deﬁnitio
997 1164 1091 1220 ﬁat
1139 1164 1410 1218 localibus
1454 1163 1758 1227 limitibus.
1823 1171 1974 1215 tunc.

2110 1169 2231 1220 πᾶσα
2251 1167 2606 1230 ὑποστάσεως
2626 1167 2948 1238 περιγραφή
2979 1169 3151 1234 ἐστιν,
3186 1163 3298 1238 ἆρᾶ
3325 1185 3388 1237 γε
3426 1171 3662 1234 τοπικῶς

394 1260 560 1317 Verbi
594 1274 828 1331 persona
857 1273 887 1312 a
909 1257 1072 1312 Patre
1097 1264 1154 1310 et
1174 1255 1383 1326 Spiritu
1411 1264 1602 1310 saneto
1622 1253 1760 1310 locis
1780 1253 1981 1309 distin-

2110 1257 2178 1312 ;a\
2211 1258 2307 1312 τοῦ
2338 1259 2550 1330 Πατρός
2585 1258 2681 1312 καὶ
2715 1259 2811 1313 τοῦ
2852 1258 3010 1326 ἁγίου
3044 1258 3366 1328 Πνεύματος
3410 1260 3441 1313 δ
3499 1260 3667 1329 Λόγος

396 1365 687 1422 gueretur.
716 1351 782 1407 Et
810 1365 934 1404 cum
964 1362 995 1401 a
1025 1347 1181 1402 vobis
1209 1346 1466 1402 similiter
1493 1335 1711 1402 dicatur
1734 1345 1978 1401 Verbum

2114 1349 2360 1420 ιώρισται
2389 1351 2490 1422 τὴν
2516 1350 2815 1404 ὑπόστασιν
2841 1366 2856 1382 ·
2889 1350 2938 1403 ει
2967 1349 3013 1404 δ’
3035 1345 3130 1404 οὖν
3156 1348 3335 1414 οὑτως
3369 1352 3469 1404 καὶ
3499 1352 3560 1404 ὲν
3590 1351 3667 1414 τῷ

396 1441 454 1496 in
487 1441 640 1496 omni
680 1457 740 1496 re
774 1455 894 1496 esse
924 1440 1197 1504 localiter,
1235 1439 1489 1509 sequitur
1519 1453 1906 1509 quamcunque
1947 1453 1980 1492 e

2110 1445 2243 1496 rath
2293 1437 2539 1505 τοπικῶς
2589 1430 2728 1495 εἴναι
2769 1436 2900 1512 ὑμῖν
2936 1445 3154 1512 εἴρηται
3185 1443 3216 1495 ό
3243 1442 3440 1510 Λόγος,
3471 1444 3581 1513 ἄρα
3611 1443 3668 1496 ai

396 1533 616 1588 duabus
666 1533 896 1602 reliquis
944 1531 1199 1603 personis
1227 1531 1432 1587 divinis
1468 1530 1710 1586 futuram
1757 1545 1879 1585 esse
1924 1529 1981 1584 in

396 1635 506 1691 alio
565 1633 847 1698 universo,
893 1648 1004 1687 non
1054 1631 1110 1686 in
1160 1631 1288 1697 isto,
1339 1631 1424 1686 vel
1464 1631 1521 1686 in
1551 1631 1747 1687 nullo:
1787 1630 1841 1684 in
1874 1629 1984 1686 isto

398 1729 546 1786 enim
590 1730 774 1784 locum
814 1743 925 1783 non
957 1727 1126 1782 habet
1157 1726 1226 1781 ad
1248 1726 1628 1783 exsistendum
1659 1726 1982 1797 separatim,

398 1820 546 1891 quod
579 1819 761 1877 Verbo
777 1821 891 1890 jam
929 1819 1214 1889 impletum
1248 1827 1354 1875 est.
1379 1819 1450 1875 Et
1479 1818 1758 1890 quomodo
1783 1819 1840 1874 in
1867 1833 1988 1873 omo

399 1913 567 1969 nibus
610 1913 720 1967 erit
757 1925 994 1983 persona
1037 1909 1186 1966 illius
1211 1912 1308 1982 qui
1343 1912 1457 1983 jam
1507 1912 1564 1966 in
1607 1911 1757 1966 omni
1806 1920 1982 1982 parte,

402 2005 630 2061 omnino
663 2004 946 2074 impletur,
983 2019 1182 2074 nempe
1213 2003 1504 2059 divinitate
1536 2021 1549 2057 :
1588 2004 1696 2059 hoc
1727 2004 1875 2059 enim
1899 2013 1985 2060 est

403 2096 745 2166 impOssibile
781 2094 1070 2151 Christum
1107 2097 1290 2150 [conm
1323 2111 1446 2151 esse
1488 2096 1848 2166 quarumdam
1902 2111 1987 2151 re-

404 2199 549 2248 rum,
576 2192 632 2239 et
659 2199 781 2239 esse
821 2183 878 2238 in
909 2185 1043 2254 ipsis
1084 2185 1233 2239 velut
1270 2185 1494 2242 inloco.
1529 2185 1584 2242 Si
1619 2203 1752 2258 ergo
1778 2187 1880 2242 ista
1917 2187 1987 2242 de

403 2275 628 2332 Christo
662 2291 771 2331 non
813 2276 1077 2331 dicuntur
1116 2277 1424 2332 secundum
1468 2279 1698 2333 localem
1749 2279 1990 2334 circum-

406 2368 786 2437 scriptionem,
817 2367 953 2437 quid
976 2367 1236 2436 prohibet
1265 2368 1418 2423 illum
1450 2379 1826 2425 remanentem
1853 2371 1992 2428 Ver-

407 2460 539 2514 bum
566 2459 837 2525 divinum,
872 2468 928 2513 et
953 2469 1206 2514 naturam
1239 2474 1560 2531 corpoream
1596 2470 1988 2530 assumentem,

410 2552 465 2606 in
492 2567 601 2606 una
626 2567 725 2606 sua
749 2567 983 2620 persona
997 2551 1214 2606 'habere
1237 2551 1479 2606 divinam
1508 2552 1908 2621 deﬁnitionem,
1937 2564 1994 2611 et

409 2641 691 2696 carnalem
744 2639 1140 2710 acquisivisse?
1196 2640 1353 2696 Sicut
1403 2642 1550 2696 enim
1598 2659 1666 2697 ex
1712 2659 1780 2699 eo
1843 2647 1991 2716 quod

410 2739 705 2803 generetur
746 2738 804 2786 et
827 2746 937 2785 non
964 2739 1212 2801 generet,
1237 2731 1383 2802 quod
1420 2732 1492 2787 sit
1517 2732 1572 2786 in
1614 2735 1774 2789 Patre
1811 2744 1872 2790 ut
1904 2753 1995 2792 sa-

412 2827 622 2898 pientia
643 2824 909 2896 sapientis
933 2834 990 2881 et
1039 2824 1268 2880 verbum
1298 2824 1594 2894 loquentis,
1617 2825 1762 2894 quod
1788 2842 1896 2880 non
1925 2827 1998 2882 sit

307 2949 310 2952 ~
415 2916 727 2989 procedens
752 2915 882 2988 quia
907 2932 974 2970 ex
1001 2915 1122 2986 ipso
1136 2915 1221 2971 ad
1261 2915 1366 2970 alia
1401 2931 1511 2969 non
1537 2916 1809 2986 procedit,
1844 2919 1993 2988 quod

415 3008 668 3080 proprias
714 3006 1068 3078 operationes
1105 3006 1327 3068 habeat,
1373 3015 1428 3061 et
1471 3022 1540 3062 ex
1589 3007 1846 3062 omnibus
1877 3009 2000 3065 aliis

413 3097 868 3171 proprietatibus,
918 3098 1122 3168 quibus
1153 3114 1183 3152 a
1220 3113 1455 3168 persona
1482 3099 1661 3153 Patris
1686 3109 1742 3153 et
1763 3099 2003 3170 Spiritus

417 3191 595 3246 sancti
627 3189 988 3261 distinguitur
1024 3189 1216 3254 Filius,
1255 3189 1440 3258 plures
1467 3203 1735 3259 personas
1763 3190 1867 3245 sibi
1890 3207 2001 3246 non

2081 1532 2175 1587 δύο
2187 1533 2344 1588 ἄλλαι
2371 1531 2702 1595 ὑποστάσεις
2727 1531 2830 1600 τῆς
2867 1530 3154 1600 Θεότητος,
3186 1529 3219 1602 ἢ
3248 1531 3308 1583 ὲν
3336 1531 3514 1602 ἑτέρῳ
3537 1547 3672 1584 παν-

2083 1625 2138 1679 τὶ
2169 1625 2436 1697 ἑκατέρα,
2466 1623 2564 1678 καὶ
2605 1623 2706 1677 ούκ
2735 1623 2793 1676 ἑν
2842 1622 3003 1692 τῷδε,
3028 1622 3062 1693 ἢ
3088 1623 3148 1675 εν
3171 1621 3347 1676 ούδενί
3393 1625 3545 1684 ἐστιν
3564 1639 3581 1653 ·
3616 1626 3672 1677 ὲν

2085 1716 2194 1789 γὰρ
2225 1715 2365 1788 τῷδε
2403 1715 2592 1788 χώραν
2619 1717 2721 1770 οὑκ
2752 1713 2866 1786 ἔχει
2893 1713 3274 1786 διωρισμένως
3297 1710 3461 1779 εἶναι,
3493 1715 3674 1769 πάντα

2086 1809 2194 1880 πλη
2203 1809 2424 1879 ροῦντος
2444 1809 2512 1864 τὰ
2531 1810 2659 1880 τῇδε
2681 1808 2778 1862 τοῦ
2806 1807 3002 1876 Λόγου·
3034 1808 3152 1871 πῶς
3167 1807 3223 1861 δὲ
3249 1819 3346 1861 και
3366 1809 3424 1861 ἑν
3443 1810 3619 1862 πᾶσιν
3640 1810 3673 1879 ἠ

2089 1901 2212 1956 θεία
2236 1903 2537 1965 ὑπόστασις
2563 1901 2659 1955 τοῦ
2686 1900 2757 1954 τὰ
2781 1898 2968 1956 πάντα
2996 1903 3054 1955 ὲν
3091 1902 3228 1954 πᾶσι
3263 1900 3674 1970 πληρουμένου,

2088 1993 2273 2058 καθὼς
2331 1994 2548 2064 εἴρηται
2579 2011 2596 2060 ;
2637 1994 2697 2046 οὑ
2755 1992 2866 2064 γὰρ
2904 1991 2966 2045 τὸ
2999 1991 3134 2046 αὑτό
3170 2009 3222 2045 τι
3252 1992 3418 2055 τόπος
3462 1993 3524 2044 τέ
3558 1992 3680 2044 ἐστι

2088 2101 2272 2151 τινων,
2305 2083 2402 2137 καὶ
2436 2083 2596 2147 ὡς’ἐν
2623 2085 2776 2154 τόπῳ
2797 2082 2948 2136 ἐστὶν
2969 2083 3028 2136 ὲν
3057 2082 3244 2146 αὑτοῖς
3276 2081 3541 2134 ἀδύνατον
3576 2097 3592 2110 ο
3631 2083 3680 2135 εἰ

2089 2172 2193 2229 οὖν’
2217 2175 2390 2230 ταῦτα
2429 2173 2505 2245 μὴ
2532 2174 2676 2228 κατὰ
2719 2174 2953 2242 τοπικὴν
2997 2174 3351 2244 περιγραφὴν
3394 2176 3499 2244 τῆς
3544 2174 3684 2226 ὑποο

2092 2267 2339 2331 στάσεώς
2361 2267 2477 2320 ἐστι
2497 2266 2593 2320 τοῦ
2638 2266 2810 2335 Λόγου
2828 2307 2844 2331 ,
2873 2265 2928 2319 τί
2977 2265 3178 2320 κωλύει
3227 2266 3490 2336 μείναντα
3517 2266 3687 2321 αὑτὸν

2093 2359 2236 2413 θεῖον
2261 2360 2458 2428 Λόγον,
2485 2357 2583 2412 καὶ
2614 2359 2819 2428 σαρκὸς
2851 2357 3016 2426 φύσιν
3048 2356 3523 2428 προσλαϐόμενον,
3553 2359 3688 2422 τούς

2092 2469 2154 2504 τε
2177 2450 2253 2515 ὡς
2276 2451 2454 2520 Λόγον
2477 2451 2614 2504 Θεοῦ
2640 2451 2959 2521 διορισμοὺς
2988 2450 3154 2522 ἔχειν,
3169 2454 3264 2504 καὶ
3288 2452 3594 2524 σαρκικούς
3627 2470 3688 2506 τι

2095 2544 2236 2616 προς
2293 2545 2506 2607 τούτοις
2561 2543 2973 2614 ἐπικτήσασθαι
3027 2544 3340 2616 διορισμοὺς
3376 2548 3519 2599 κατὰ
3553 2546 3690 2616 μίαν

2095 2637 2194 2708 τὴν
2239 2637 2541 2692 ὑπόστασιν
2591 2637 2791 2706 autat");
2823 2637 3037 2709 Ὠσπερ
3064 2638 3174 2710 γὰρ
3201 2637 3281 2710 τῷ
3329 2640 3690 2710 γεννηθῆναι,

2098 2732 2192 2784 καὶ
2217 2730 2297 2802 τῷ
2331 2731 2406 2801 μὴ
2446 2732 2663 2802 γεννᾷν,
2695 2731 2791 2787 καὶ
2825 2730 2904 2800 τῷ
2950 2731 3008 2784 ἑν
3033 2730 3184 2803 αὑτῷ
3210 2727 3349 2785 εἶναι
3389 2729 3470 2802 τῷ
3509 2733 3695 2804 Ila-:91

2099 2820 2174 2887 ὡς
2209 2821 2403 2894 βουλὴν
2434 2823 2529 2876 καὶ
2549 2822 2705 2890 λόγον
2730 2810 3080 2892 βουλευτικοῦ
3104 2823 3199 2876 καὶ
3222 2823 3462 2891 λογικοῦ,
3489 2825 3587 2876 καὶ
3613 2826 3697 2894 τῷ

2103 2916 2180 2988 μὴ
2211 2917 2308 2970 καὶ
2333 2916 2493 2978 ἐκτὸς
2521 2915 2688 2969 αὑτοῦ
2723 2917 2803 2979 εἰς
2835 2914 3001 2982 ἕτερα
3031 2914 3359 2987 πορεύεσθαι
3404 2915 3480 2987 μὴ
3523 2917 3699 2969 ἐκπο-

2107 3006 2298 3078 ρευτδν
2337 3000 2500 3069 εἶναι,
2527 3005 2621 3060 καὶ
2644 3005 2724 3075 τῷ
2749 2991 3113 3076 δημιουργεῖν
3147 3005 3292 3068 ἰδίως
3319 3005 3547 3070 καὶτοῖς
3575 3005 3701 3060 λοι·

2103 3100 2229 3162 ποϊς
2295 3097 2582 3168 ἰδιώμασιν
2642 3100 2811 3150 αὐτου
2845 3099 2874 3151 ό
2904 3097 3097 3167 Λόγος,
3131 3097 3198 3150 δι’
3225 3089 3303 3151 ὧν
3344 3097 3701 3168 διακρίνεται

2109 3190 2330 3244 πάντων
2383 3190 2485 3260 τῆς
2526 3189 2811 3262 Πατρικῆς
2851 3191 2956 3244 καὶ
2985 3187 3086 3261 τῆς
3111 3188 3206 3244 τοῦ
3244 3190 3565 3263 Πνεύματος
3592 3192 3702 3245 τοῦ

423 3279 592 3346 facit;
629 3281 709 3335 sic
738 3294 920 3350 neque
963 3278 1332 3348 proprietates
1366 3278 1554 3333 multa:
1576 3288 1631 3334 et
1658 3281 1923 3350 appositae
1947 3282 1998 3336 ei

2111 3283 2270 3351 ἁγίου
2323 3283 2696 3344 ὑποστάσεως,
2726 3283 2790 3334 οὑ
2831 3281 3052 3346 πλείους
3098 3285 3336 3338 ποιεῖται
3363 3283 3705 3348 ὑποστάσεις

420 3371 696 3442 adjuncta:
716 3370 837 3440 ejus
859 3384 1153 3439 personam
1183 3369 1572 3438 multiplicant.
1603 3369 1685 3426 Ob
1723 3371 1775 3425 id
1809 3387 2002 3444 unum,

419 3478 477 3518 se
519 3460 824 3532 ingenitum
846 3475 990 3524 esse,
1011 3474 1246 3530 persona
1279 3460 1460 3514 Patris
1479 3475 1510 3513 a
1538 3459 1679 3514 Filio
1711 3471 1768 3516 et
1795 3461 2008 3532 Spiritu

421 3563 615 3610 sancto
653 3553 899 3625 perfecte
930 3551 1324 3623 distinguitur;
1365 3561 1420 3607 et
1455 3553 1655 3608 deinde
1684 3555 1756 3609 ob
1779 3571 2012 3626 genera-

431 3647 638 3701 tionem
669 3645 794 3701 Filii
825 3644 1024 3700 iterum
1047 3644 1426 3714 distinguitur,
1457 3645 1554 3701 sed
1576 3646 1876 3716 perfectior
1899 3665 2010 3707 non

431 3750 516 3796 est
567 3755 826 3812 persona,
875 3755 1056 3809 neque
1102 3754 1232 3794 vere
1276 3737 1556 3792 diceretur
1603 3737 1838 3795 duarum
1890 3757 2012 3799 esse

423 3849 806 3904 personarum.
853 3831 1114 3898 Quinimo
1155 3829 1288 3900 quid
1331 3829 1590 3885 diceretis
1631 3831 1699 3886 de
1746 3833 1918 3888 solius
1957 3844 2014 3889 et

423 3925 693 3996 simplicis
716 3925 955 3980 hominis
977 3939 1238 3995 persona,
1276 3923 1432 3978 verbi
1457 3924 1629 3994 gratia
1652 3925 1842 3980 Pauli?
1862 3927 2015 3982 Nun-

428 4018 561 4088 quid
592 4018 852 4073 omnibus
879 4017 1196 4072 visibilihus
1223 4025 1280 4071 et
1305 4015 1576 4072 localibus
1597 4017 2015 4075 characteribus

429 4118 544 4165 tota
581 4111 702 4180 ejus
736 4125 973 4180 persona
1009 4107 1403 4180 dignoscitur?
1428 4109 1690 4179 Nunquid
1730 4109 1913 4165 anima
1958 4120 2016 4166 et

429 4201 700 4269 corpore?
726 4199 984 4270 Nunquid
1021 4214 1130 4253 non
1160 4198 1436 4255 diversis?
1463 4198 1719 4253 Attamen
1753 4213 1865 4254 non
1891 4199 2016 4255 ideo

432 4289 573 4345 duas
615 4290 784 4346 habet
823 4289 1131 4360 personas?
1173 4289 1436 4355 Quamvis
1460 4288 1608 4344 enim
1633 4297 1786 4343 extra
1817 4304 2018 4359 corpus

435 4389 627 4450 raptus
677 4379 749 4435 sit
795 4396 970 4450 usque
1001 4380 1068 4434 ad
1108 4379 1332 4435 tertium
1364 4380 1589 4446 coelum,
1625 4380 1900 4450 verbaque
1932 4381 2018 4436 in-

431 4472 621 4528 audita
648 4481 832 4527 mente
879 4471 1142 4534 audierit,
1189 4471 1414 4527 eosdem
1444 4471 1648 4528 locales
1675 4481 1733 4527 et
1773 4471 2019 4528 visibiles

432 4567 640 4622 limites
665 4565 938 4636 corporis,
969 4573 1025 4619 et
1052 4565 1369 4635 spirituales
1402 4563 1600 4620 anima:
1627 4563 1842 4630 habuit,
1879 4579 2019 4635 quos

2113 3373 2315 3444 ἑαυτῷ,
2362 3374 2532 3439 οὑτως
2579 3375 2702 3428 οὑδὲ
2744 3374 2950 3445 ἑτέρων
3003 3373 3315 3445 ἰδιωμάτων
3363 3374 3704 3446 προσθέσεις

2112 3466 2376 3521 πλειόνων
2407 3469 2501 3522 καὶ
2529 3467 2925 3538 ἀντικειμένων
2954 3464 3292 3537 πληθύνουσι
3317 3467 3418 3537 τὴν
3447 3465 3706 3522 ὑπόστα-

2114 3578 2201 3614 σιν
2231 3562 2400 3616 αὑτοῦ
2425 3577 2440 3592 ο
2471 3561 2567 3615 καὶ
2592 3560 2671 3632 τῷ
2698 3560 2808 3630 γὰρ
2831 3561 3112 3633 άγεννήτῳ
3141 3561 3472 3632 διαφέρουσα
3504 3561 3702 3632 μόνον,

2113 3653 2334 3717 τελείως
2369 3652 2657 3723 διώρισται
2691 3655 2724 3724 ή
2753 3654 3054 3717 ὑπόστασις
3084 3654 3178 3707 τοῦ
3218 3654 3428 3724 Πατρὸς
3465 3654 3568 3724 τῆς
3592 3654 3704 3708 τοῦ

2115 3743 2252 3798 Υἱοῦ
2288 3743 2500 3799 καὶτοῦ
2537 3744 2693 3813 ἁγίου
2723 3744 3088 3815 Πνεύματος··
3127 3746 3219 3798 κα)⁵
3257 3743 3335 3816 τῷ
3382 3745 3704 3818 γεννητικῷ

2114 3837 2172 3891 δὲ
2235 3837 2801 3909 προσδιακεκριμένη,
2832 3836 2958 3890 οὔτε
3020 3837 3330 3909 τελεωτέρα
3363 3838 3512 3911 ἐστὶν
3563 3838 3707 3892 ὑπό-

2118 3941 2330 3988 στασις,
2359 3924 2484 3980 οὕτε
2515 3926 2610 3980 δύο
2644 3927 2974 3990 ὑποστάσεις
2995 3926 3206 3992 λέγοιτο
3233 3927 3298 3980 άν
3324 3945 3429 3982 τινι
3451 3928 3704 4000 άληθῶς.

2130 4017 2292 4071 Ἀλλὰ
2324 4019 2458 4090 πρὸς
2484 4021 2719 4082 τούτοις,
2749 4018 2801 4071 τι
2827 4017 2894 4072 ἂν
2925 4018 3131 4072 εῐποιτε
3163 4021 3258 4074 καὶ
3289 4020 3422 4090 περὶ
3458 4022 3560 4091 τῆς
3599 4022 3708 4075 άν-

2119 4107 2344 4180 θρώπου
2403 4111 2569 4181 μόνου
2615 4111 2776 4182 ψιλοῦ
2830 4111 3206 4178 ὑποστάσεως,
3242 4113 3460 4167 Παύλου
3484 4115 3650 4185 τυχόν
3685 4131 3702 4181 ;

2119 4197 2229 4272 ἆρα
2286 4203 2398 4274 γὰρ
2451 4204 2668 4274 ὁρατοῖς
2721 4203 2856 4258 πᾶσι
2885 4203 2982 4258 καὶ
3013 4207 3260 4268 τοπικοῖς
3318 4211 3710 4278 περιορισμοϊς

2118 4298 2233 4359 τοῖς
2264 4294 2431 4350 αὑτοῦ
2467 4297 2500 4367 ἡ
2535 4293 2835 4361 ὑπόστασις
2865 4296 3032 4350 αὑτοῦ
3059 4298 3208 4350 πᾶσα
3237 4297 3704 4367 διαγινώσκεταις

2118 4386 2264 4458 ψυχῇ
2288 4403 2346 4442 τε
2377 4387 2494 4458 ἅμα
2524 4389 2620 4442 καὶ
2649 4387 2726 4459 τῷ
2759 4387 3009 4460 σώματι;
3041 4390 3075 4462 ἢ
3099 4389 3260 4460 δῆλον
3277 4389 3353 4454 ὡς
3383 4391 3708 4464 διαφόροιςς

2120 4479 2232 4533 Καὶ
2257 4480 2406 4549 ὅμως
2438 4479 2500 4532 οὑ
2531 4479 2682 4550 παρὰ
2710 4480 2829 4533 τόδε
2855 4479 3104 4550 διάφοροι
3130 4481 3459 4546 ὑποστάσεις
3493 4482 3668 4536 αὑτοῦ
3691 4500 3709 4516 ο

2123 4568 2228 4636 κᾶν
2267 4569 2376 4640 γὰρ
2409 4569 2570 4632 ἐκτὸς
2594 4569 2687 4622 τοῦ
2712 4568 2969 4640 σώματος
3007 4571 3234 4642 ἡρπάγη
3257 4571 3361 4634 ἕως
3396 4573 3583 4642 τρίτου
3611 4575 3713 4627 οὑ-

437 4659 662 4720 Petrus,
703 4665 760 4711 et
807 4653 1004 4725 reliqui
1054 4654 1332 4719 homines,
1382 4653 1617 4709 alterum
1664 4652 2004 4724 privilegium

2124 4663 2289 4737 ρανοῦ
2350 4664 2445 4716 καὶ
2492 4664 2729 4734 ἦκουσεν
2752 4662 2972 4736 ἄρρητα
3032 4664 3253 4734 ῥήματα
3276 4665 3341 4733 τῇ
3369 4664 3544 4734 ψυχῇ,
3576 4665 3715 4730 τούς

389 4823 392 4826 ἢ
435 4762 544 4802 non
570 4745 782 4810 habuit,
817 4744 914 4801 sed
943 4744 997 4800 in
1029 4744 1221 4801 eadem
1252 4759 1486 4815 persona
1517 4744 1847 4814 permansit,
1882 4743 2015 4798 [uit-

437 4853 546 4909 que
577 4852 761 4892 umus.

1044 5155 1196 5211 CAP.
1232 5154 1418 5211 XVIII.

509 5245 648 5302 Cum
671 5248 1020 5318 agnoscimus
1044 5248 1348 5303 bonitatem
1376 5247 1497 5311 Dei,
1528 5247 1624 5318 qui
1648 5246 1812 5304 docet
1838 5247 1989 5303 homi
2008 5275 2024 5291 ο

441 5349 570 5394 nem
614 5338 923 5405 scientiam,
967 5339 1062 5410 qui
1098 5340 1282 5394 erudit
1321 5339 1672 5409 insipientes,
1718 5339 1826 5394 hoc
1873 5354 2023 5394 som-

443 5431 599 5486 nium
644 5430 944 5485 obscurum
982 5444 1374 5501 proponemus.
1421 5428 1719 5484 Nobiscum
1756 5428 1902 5483 enim
1937 5429 2024 5484 lo-

445 5531 608 5578 cutus
635 5531 719 5576 est
743 5522 943 5591 aliquis
966 5522 1140 5576 forma
1169 5522 1404 5592 nigrior,
1431 5521 1634 5576 vestitu
1658 5521 1747 5590 pie
1774 5519 2024 5585 indutus,

447 5631 702 5686 quaerens
750 5631 818 5668 an
861 5615 1129 5669 Dominus
1176 5614 1248 5668 sit
1287 5614 1431 5668 Deus
1476 5615 1653 5668 solum
1692 5621 1907 5673 natura,
1955 5627 2027 5666 an

445 5717 505 5766 et
529 5706 930 5765 subsistentia?
969 5705 1026 5762 Si
1059 5707 1174 5762 sola
1199 5717 1396 5762 natura
1427 5714 1511 5761 est
1535 5706 1699 5766 Deus,
1720 5704 1805 5759 vel
1837 5703 2023 5770 homo,

446 5803 534 5860 vel
554 5801 762 5872 aliquid
780 5797 929 5854 aliud
953 5799 1060 5856 erit
1089 5813 1344 5870 persona,
1363 5797 1449 5854 vel
1483 5795 1865 5869 impersonalis
1883 5794 2015 5851 erit.

518 5947 565 5984 “
589 5949 711 6005 Act.
741 5963 824 6016 tu,
853 5947 944 6003 21.
1021 5946 1064 5980 ¹³
1095 5947 1216 6003 Act.
1241 5946 1385 6013 1,“.

2119 4773 2179 4810 τε
2217 4757 2480 4819 τοπικοὺς
2527 4756 2623 4809 xal.
2655 4757 2887 4827 όρατοὺς
2930 4755 3252 4829 διορισμοὺς
3291 4754 3386 4808 τοῦ
3425 4757 3712 4826 σώματος,

2121 4849 2217 4900 καὶ
2240 4847 2369 4910 τοὺς
2395 4847 2620 4914 νοητοὺς
2641 4846 2744 4917 τῆς
2769 4845 2950 4917 ψυχῆς
2969 4845 3232 4909 ὡσαύτως
3260 4846 3398 4917 ἔχων
3427 4847 3565 4915 πρὸς
3605 4849 3713 4902 Πέ-

2120 4955 2250 5010 τρον
2270 4939 2365 4993 καὶ
2387 4939 2512 5002 τοὺς
2561 4938 2802 5002 λοιποὺς,
2839 4939 2939 5009 οὑχ
2977 4939 3172 5010 ἑτέραν
3209 4937 3334 5009 ἔσχε
3388 4937 3708 5011 διαστολὴν,

2122 5032 2259 5087 ἀλλὰ
2294 5033 2396 5104 τῆς
2415 5032 2586 5102 αὑτῆς
2609 5035 2726 5086 ἐστι
2752 5033 2847 5086 καὶ
2865 5031 3040 5096 οὑτως
3067 5033 3416 5096 ὑποστάσεως
3442 5034 3598 5102 μιις.

2727 5148 2978 5202 ΚΕΦΛΛ.
3009 5149 3113 5204 lH'.

2207 5235 2370 5291 Ἄλλὰ
2417 5235 2514 5291 τοῦ
2573 5236 2918 5302 διδάσκοντος
2975 5237 3262 5309 ἄνθρωπον
3319 5240 3525 5303 γνῶσιν
3545 5282 3563 5307 ,
3615 5242 3714 5295 καὶ

2126 5328 2339 5402 ἄφρονα
2371 5329 2740 5396 συνετίζοντος
2791 5329 2927 5384 Θεοῦ
2958 5332 3059 5402 τὴν
3101 5330 3414 5402 ἁγαθότητα
3450 5333 3711 5404 ἐξομολο-

2125 5421 2402 5494 γούμενοι,
2441 5425 2534 5478 καὶ
2557 5422 2619 5476 τδ
2644 5421 2765 5476 κατ’
2790 5421 2924 5494 δναρ
2947 5423 3080 5498 ἡμῖν
3124 5423 3404 5496 nomen
3430 5425 3713 5497 προθήσο-

2130 5533 2251 5587 μεν.
2295 5517 2440 5587 Ἔφη
2469 5516 2579 5587 γάρ
2628 5533 2714 5580 τις
2741 5517 2905 5588 ἡμῖν,
2936 5516 2997 5570 τὸ
3052 5515 3152 5588 μὲν
3197 5508 3334 5581 εἶδος
3383 5517 3715 5589 μελάντερός

2127 5625 2266 5674 πως,
2303 5607 2363 5661 τὸ
2391 5609 2447 5661 δὲ
2499 5607 2682 5678 σχῆμα
2728 5607 2972 5672 εὐλαϐῶς
3007 5608 3578 5681 ἑπιστολιζόμενος,⁹0
3604 5609 3716 5665 Κύι-

2131 5718 2244 5772 ριρς
2277 5700 2409 5766 Θεὸς
2429 5703 2492 5772 τῇ
2535 5702 2716 5770 φύσει,
2751 5701 2783 5773 ἢ
2827 5701 2921 5756 καὶ
2950 5703 3016 5771 τῇ
3069 5701 3388 5756 ὑποστάσει.
3436 5702 3714 5769 συνάγων,

2127 5799 2204 5858 (υς
2238 5792 2286 5846 εἰ
2329 5792 2427 5863 μὲν
2471 5793 2632 5863 μόνον
2657 5794 2724 5864 τῇ
2769 5792 2928 5862 φύσει
2957 5794 3078 5848 ἐστὶ
3121 5793 3272 5860 Θεὸς,
3309 5795 3378 5866 τῇ
3412 5794 3714 5849 ὑποστάσει
