3916 6564
233 454 368 522 15Π

1146 524 1149 527 _
1190 455 1588 519 ADVERSUS
1626 453 2428 535 NESTORIANOS.—IJB.
2460 460 2545 521 II.
2608 470 2613 476 '

3336 463 3502 531 ’1578

227 568 262 638 ἢ
284 566 574 638 ἄνθρωπος
604 566 639 638 ἢ
659 552 845 639 ἕτερόν
872 581 925 619 τι
940 564 977 635 ἢ
998 562 1371 648 ἀνυπόστατος
1392 562 1527 626 ὅλως
1555 562 1703 624 ἐστίν
1724 578 1739 592 ο
1766 562 1816 614 εἰ

1938 563 1979 619 5i
2013 580 2147 621 vero
2170 575 2229 621 et
2256 581 2494 637 persona
2522 576 2610 623 est
2644 568 2821 655 .Dcus,
2871 570 2957 626 vel
2996 570 3103 627 ista
3138 572 3254 627 erit
3293 580 3407 626 tota
3446 582 3504 627 et

226 659 284 713 δὲ
309 659 404 713 καὶ
437 657 736 713 ὑποστάσει
781 658 903 711 ἐστὶ
932 654 1150 724 Θεὸς,οῆ
1172 654 1271 726 ὅλῃ
1312 655 1423 708 τινὶ
1474 654 1569 711 καὶ
1594 653 1781 724 τελείᾳ
1800 668 1815 681 ·

229 753 327 807 καὶ
370 751 481 805 ἰδοῦ
503 750 599 805 δύο
626 749 796 805 αὑτοῦ
831 751 889 805 αἱ
920 749 1271 813 ὑποστάσεις,
1298 746 1489 819 ὥσπερ
1522 742 1617 803 οῦν
1645 747 1738 802 καὶ
1760 747 1819 801 αἱ

228 846 462 915 φύσεις·
527 844 685 915 είπερ
718 842 873 915 ,μηδὲ
920 843 956 914 ἠ
1009 841 1368 912 ἁνθρωπότης
1405 840 1571 910 αὐτοῦ
1616 839 1823 894 ἀνυπό-

232 954 447 999 στατος·
477 936 512 1006 ἢ
542 938 610 991 ἐκ
636 936 840 1008 μέρους
867 934 1040 1004 αὐτῆς
1074 933 1173 1003 τῆς
1226 934 1356 1003 μιᾶς
1384 931 1551 986 αὑτοῦ
1578 932 1822 986 ὑποστά-

231 1045 393 1094 σεως,
422 1028 536 1082 ἔστι
565 1027 698 1090 Θεὸς
728 1027 822 1087 καὶ
852 1028 921 1097 τῇ
956 1025 1257 1079 ὑποστάσει
1278 1041 1292 1055 ·
1328 1026 1482 1078 {erat
1505 1021 1597 1097 οὖν
1624 1022 1658 1093 ἢ
1690 1024 1819 1077 ἅτε-

230 1122 327 1195 m
361 1093 503 1178 »ξατά
521 1122 619 1193 τὴν
645 1121 724 1185 ὡς
771 1093 1126 1184 ὑποστάσεως
1172 1118 1275 1188 τῆς
1308 1093 1661 1187 ἀνθρωπίνης
1706 1114 1821 1169 eus.

171 1275 187 1290 .
208 1195 417 1285 ’τηταὸ
452 1213 707 1286 Χριστὸς,
736 1210 771 1283 ἦ
803 1210 1154 1283 ὑπερτέλειος
1187 1210 1283 1263 καὶ
1325 1208 1595 1280 ὑπέρθεος
1623 1207 1658 1278 ἡ
1696 1205 1825 1261 ὑπό-

232 1323 426 1369 στασις
458 1299 721 1374 Χριστοῦ,
758 1302 899 1374 ὑπὲρ
927 1301 1022 1357 τὸν
1062 1301 1284 1371 Πατέρα
1316 1316 1378 1353 τε
1408 1300 1503 1354 καὶ
1517 1298 1581 1355 τὸ
1598 1296 1823 1368 Πνεῦμα

233 1398 331 1455 καὶ
385 1398 478 1469 τὸν
514 1396 687 1463 Λόγον
726 1394 1027 1465 νοουμιενη⁸
1081 1393 1178 1447 τοῦ
1223 1390 1333 1462 γὰρ
1374 1390 1506 1446 ίδίου
1556 1389 1753 1460 μόρους
1793 1387 1824 1441 ὃ

230 1485 301 1560 ἦν
356 1490 565 1552 τέλειος
610 1486 769 1552 Θεὸς,
806 1484 994 1557 μεῖζον
1021 1481 1196 1553 αὐτῆς
1244 1484 1280 1555 η
1322 1480 1517 1552 ὁλότης
1551 1480 1671 1535 ἐστὶ
1700 1477 1823 1533 καθ’

232 1582 553 1638 ὑπόστασιν.

301 1674 443 1728 Ἀλλ’
487 1676 692 1735 ἐκεῖνος
722 1671 822 1742 μὲν
870 1669 1043 1725 ταῦτα
1096 1667 1293 1732 εἰπὼν,
1335 1667 1431 1723 καὶ
1488 1664 1825 1737 συνταράξας

234 1766 385 1835 ἡμᾶς
419 1762 497 1833 τῷ
527 1762 739 1832 ἀπόρῳ,
763 1761 981 1828 ἀπέστη
1007 1759 1321 1830 σκοτοδινία
1346 1755 1659 1828 περιϐαλών
1677 1771 1693 1786 ο
1729 1755 1824 1826 ὁρ-

238 1859 375 1930 θρου
432 1844 489 1910 at
520 1856 655 1928 πρὸς
716 1855 774 1908 τὸ
801 1852 919 1923 φῶς
944 1853 1009 1906 τὸ
1064 1852 1316 1922 ἀληθινὸν
1337 1850 1826 1920 ἀποποπὴσαντες

1920 657 2189 727 perlecta,
2230 668 2287 714 et
2328 660 2428 730 ipsi
2465 659 2591 715 dua:
2619 670 2784 717 erunt
2819 676 3089 731 personae,
3120 662 3347 718 totidem
3368 670 3505 732 quot

1922 758 2154 815 natum,
2183 756 2310 806 eum
2346 753 2655 823 personalis
2676 764 3021 824 supponatur
3042 738 3392 819 humanitas;
3418 755 3503 809 vel

1922 841 2090 896 etiam
2126 843 2181 897 in
2212 859 2446 913 persona
2475 845 2621 901 Deus
2658 845 2788 912 erit,
2827 845 2926 901 sed
2961 842 3061 917 pro
3098 856 3255 918 parte
3292 853 3505 901 tantum

1923 933 2092 1005 hujus
2130 936 2297 991 unius
2333 952 2606 1008 personae,
2655 937 2847 1008 sicque
2881 939 3135 995 Christus
3174 938 3511 1008 imperfectae

1925 1027 2237 1084 divinitatis
2266 1029 2585 1097 habebitur,
2614 1045 2714 1099 per
2740 1031 3038 1085 humanam
3063 1046 3357 1102 personam
3380 1029 3512 1086 sub-

1925 1120 2212 1187 sistentis;
2265 1132 2363 1188 aut
2419 1122 2713 1193 plusquam
2760 1123 3007 1194 perfecta
3052 1134 3111 1179 et
3154 1124 3343 1179 divina
3403 1124 3512 1179 erit

1925 1210 2135 1267 Christi
2163 1228 2401 1284 persona
2430 1229 2599 1279 supra
2630 1214 2849 1270 Patrem
2892 1198 2949 1269 et
2985 1215 3255 1287 Spiritum
3293 1226 3350 1271 ct
3377 1216 3512 1271 Ver-

1926 1302 2056 1357 bum
2098 1306 2465 1361 aestimanda:
2507 1322 2699 1362 revera
2747 1322 2962 1362 summa
3012 1310 3134 1380 ejus
3178 1311 3352 1381 major
3386 1326 3512 1380 per-

1926 1410 2061 1451 sona
2082 1407 2170 1452 est
2208 1407 2364 1482 parte
2403 1399 2753 1468 particulari,
2787 1415 2909 1470 quae
2924 1401 3039 1472 jam
3065 1402 3344 1471 perfectus
3364 1402 3511 1458 Deus

1926 1489 2250 1545 exsistebat.

1996 1670 2128 1738 Qum
2156 1688 2282 1727 cum
2309 1673 2561 1739 dixisset,
2595 1678 2808 1745 noSque
2847 1673 3185 1729 obscuritate
3228 1666 3509 1729 turbavis-

1929 1770 2036 1827 set,
2070 1771 2128 1818 et
2155 1763 2427 1834 vertigine
2455 1764 2801 1830 involvisset,
2840 1764 2998 1820 abiit.
3040 1764 3109 1820 Et
3142 1763 3323 1834 primo
3348 1778 3509 1819 mane

1928 1854 1997 1909 ad
2025 1854 2211 1909 lumen
2237 1869 2430 1910 verum
2474 1855 2809 1925 aspicientes
2843 1855 2977 1925 quid
3018 1855 3244 1910 daretur
3278 1864 3333 1911 et
3370 1854 3511 1924 adji-

233 1948 593 2019 τίδοθήσεται
628 1946 723 1999 καὶ
754 1945 807 1998 τί
844 1943 1277 2017 προστεθήσεται
1314 1943 1447 2013 ἡμῖν
1477 1940 1615 2011 πρὸς
1654 1938 1829 2006 γλῶσ-

1938 1955 2155 2000 teretur
2203 1946 2470 2000 adversus
2526 1946 2771 2016 linguam
2822 1945 3093 2005 dolosam.
3133 1938 3513 2015 cogitabathus

235 2060 338 2098 σαν
364 2041 564 2106 δολίαν,
598 2036 964 2108 ἰθεωροῦμεν,
992 2036 1071 2102 ὡς
1090 2034 1152 2088 τὸ
1174 2033 1319 2100 Θεὸς
1344 2031 1561 2104 πρῶτον
1592 2030 1689 2102 μὲν
1717 2040 1822 2098 φυ-

241 2136 396 2189 σικὸν
423 2133 596 2203 ὁνομά
625 2134 795 2194 ἐστιν,
827 2130 1020 2183 οὐσίαν
1054 2125 1288 2197 πρώτως
1323 2127 1416 2180 καὶ¹
1438 2124 1500 2179 οὑ
1532 2121 1825 2193 πρόσωπον

234 2224 501 2298 σημαῖνον
520 2240 534 2254 ο
563 2221 756 2292 ὥσπερ
785 2220 879 2274 καὶ
904 2220 966 2273 τὸ
1004 2219 1334 2287 ἀντρωπος,
1364 2216 1427 2269 οὐ
1462 2215 1561 2286 τὴν
1586 2206 1825 2269 ὑπόστα-

238 2336 325 2373 σιν
360 2315 597 2377 Παύλου,
630 2313 768 2368 ἀλλὰ
811 2312 911 2383 τὴν
941 2312 1107 2381 φύσιν
1125 2311 1299 2379 λέγει,
1329 2308 1410 2363 ἐνί
1436 2325 1496 2361 τε
1526 2307 1622 2361 καὶ
1660 2304 1827 2358 παντὶ

236 2412 330 2464 καὶ
358 2408 463 2479 ίδξεξ⁴
495 2407 730 2478 ἑκάστῳ,
761 2404 858 2459 διαὶ
882 2406 1039 2476 κοινῇ
1064 2405 1233 2458 πᾶσιν
1253 2400 1563 2472 ἀνθρώποις
1598 2415 1825 2469 προστιο

234 2502 466 2573 θέμενόν
499 2502 668 2562 ἔστιν,
697 2500 837 2570 ὅπερ
861 2497 923 2553 τὸ
953 2496 1161 2557 Παῦλος
1182 2495 1217 2566 ἢ
1268 2493 1476 2563 Πέτρος
1498 2491 1667 2561 ὁνομα
1694 2491 1828 2544 ὑπο-

238 2598 480 2658 στάσεως
501 2595 602 2648 οὐκ
633 2594 776 2664 ἔχει’
819 2590 937 2655 πῶς
987 2588 1082 2642 οὖν
1109 2587 1337 2641 δυνατὸν
1365 2586 1429 2640 τὸ
1486 2584 1623 2637 αὐτὸ
1674 2583 1738 2635 ἐκ
1766 2598 1825 2634 τε

239 2688 333 2742 τοῦ
376 2688 538 2756 λόγου
577 2686 677 2756 τῆς
731 2683 971 2754 φύσεως,
1003 2682 1101 2736 καὶ
1122 2682 1188 2733 ἐκ
1222 2678 1320 2737 τοῦ
1348 2678 1508 2746 λόγου
1564 2675 1666 2745 τῆς
1696 2675 1830 2728 ὑπο-

240 2782 484 2843 στάσεως
513 2778 792 2849 διαφόρως
827 2776 924 2829 τοῦ
986 2773 1156 2828 αὐτοῦ
1210 2768 1671 2842 κατηγοριίσθαι;
1707 2766 1829 2819 Ἔτι

242 2873 354 2945 μὴν
409 2872 552 2925 κατὰ
585 2869 648 2923 τὸ
690 2868 920 2939 φυσικὸν
954 2867 1150 2936 ὄνομα,
1196 2863 1455 2935 ὁμοιότης
1508 2860 1655 2923 τινὸς
1692 2858 1830 2928 πρός

239 2965 364 3019 τινά
398 2963 514 3016 ἐστί
555 2975 722 3015 ποτεο
766 2960 910 3014 κατὰ
950 2956 1090 3012 δὲτὸ
1139 2953 1523 3017 ὑποστατικὸν,
1570 2948 1827 3020 ἑτερότης

242 3058 405 3129 μόνον
426 3072 441 3087 ο
474 3057 523 3108 εί
556 3049 648 3108 οῦν
674 3053 735 3106 τὸ
767 3051 914 3119 Θεὸς
950 3051 1047 3104 καὶ
1093 3046 1327 3119 φυσικὸν
1354 3045 1453 3099 καὶ
1481 3040 1834 3113 προσωπικὸν

239 3151 413 3221 ὄνομα
460 3147 539 3219 τῷ
595 3145 839 3218 Χριστῷ,
888 3144 1032 3200 κατὰ
1061 3141 1123 3196 τὸ
1151 3140 1284 3196 αὐτὸ
1329 3138 1439 3210 ἄρα
1482 3136 1653 3205 ὄνομα
1695 3133 1732 3203 ἠ
1771 3148 1833 3185 τε

239 3241 496 3312 ὁμοιότης
528 3238 678 3309 αὑτῷ
734 3240 831 3292 καὶ
888 3234 1170 3307 ἑτερότης,
1202 3234 1238 3303 ἢ
1274 3231 1417 3303 πρὸς
1444 3228 1517 3283 τὰ
1542 3225 1708 3281 λοιπὰ
1740 3223 1834 3279 δύο

250 3336 372 3388 θεῖα
404 3335 606 3387 νοεῖται
632 3348 647 3365 ο
676 3331 758 3384 ἔτι
814 3328 920 3401 μὴν
959 3329 1007 3381 εί
1050 3327 1126 3398 μὴ
1186 3324 1276 3378 διὰ
1329 3323 1431 3393 τὴν
1460 3318 1621 3391 φύσιν
1679 3317 1831 3388 καὶὴ

243 3429 543 3491 ὑπόστασις
572 3424 728 3491 Θεὸς,
766 3422 905 3478 ἀλλὰ
947 3421 1043 3477 καὶ
1090 3418 1179 3473 διὰ
1203 3418 1295 3474 τὸν
1348 3416 1479 3471 ίὸιον
1506 3414 1664 3483 λόγον
1692 3412 1833 3477 ἐστὶ,

241 3518 339 3573 δύο
363 3519 584 3588 Οεὸτησι
608 3514 741 3580 Θεὸς
771 3516 800 3569 ὁ
824 3510 1062 3584 Χριστός
1082 3526 1099 3543 ο
1137 3506 1339 3579 ὁμοίως
1369 3505 1426 3558 δὲ
1465 3505 1559 3557 καὶ
1579 3503 1609 3555 ὁ
1646 3498 1834 3569 Πατὴρ

245 3611 342 3665 καὶ
361 3611 424 3662 τὸ
450 3607 676 3679 Πνεῦμα
704 3605 771 3660 τὸ
797 3604 985 3673 ἆγιονο
1014 3602 1097 3655 ἔτι
1122 3600 1180 3654 δὲ
1210 3600 1261 3653 εί
1291 3599 1327 3668 ἡ
1348 3614 1408 3650 τε
1437 3594 1619 3660 οὐσία,
1648 3591 1744 3647 καὶ
1778 3590 1835 3643 ai

248 3694 400 3775 τρεῖς
428 3700 759 3761 ὑποστάσεις
780 3697 881 3767 τῆς
906 3694 1069 3764 ἁγίας
1091 3680 1321 3764 Τριάδος
1351 3688 1560 3757 ἑκάστη
1592 3684 1686 3755 ἀφ’
1706 3685 1837 3737 ἑαυ-

245 3799 345 3868 τῆς
373 3794 593 3863 λέγεται
614 3790 771 3857 Θεὸς,
796 3790 1067 3859 τέσσαρες
1097 3785 1214 3839 Osci
1237 3779 1349 3838 εἷεν
1370 3782 1506 3851 ἡμῖν
1525 3776 1833 3843 συναγόμε-

246 3904 328 3940 νοι
360 3885 547 3954 σαφῶς
566 3900 581 3916 ο
619 3881 756 3952 πρὸς
780 3880 839 3934 δὲ
869 3878 1103 3940 τούτοις,
1132 3874 1257 3930 επεὶ
1306 3874 1340 3942 ἡ
1376 3870 1540 3939 φύσις
1563 3882 1839 3939 περιεκτιο

249 3978 471 4050 κωτέρα
499 3993 562 4029 τε
598 3975 693 4028 καὶ
715 3972 1001 4041 κοινοτέρα
1024 3968 1133 4021 τῶν
1174 3960 1527 4018 ὑποστάσιών
1556 3961 1674 4013 ἔστι
1692 3973 1707 3991 ·
1743 3960 1839 4011 καὶ

251 4074 286 4143 ἡ
314 4049 455 4123 κατὰ
483 4066 713 4135 φυσικὸν
738 4063 899 4132 λόγον
921 4061 1137 4130 θεότης,
1170 4059 1373 4130 μείζων
1401 4053 1581 4109 ἔσται’
1610 4049 1721 4124 ἄρα
1745 4049 1839 4143 οῦν

256 4142 458 4232 μείζων
507 4159 640 4221 Θεὸς
702 4159 768 4209 εκ
804 4154 907 4225 τῆς
944 4153 1183 4224 φύσεως,
1234 4149 1329 4204 καὶ
1360 4147 1707 4206 exactura
1740 4142 1842 4213 τῆς

251 4251 607 4312 ὑποστάσεως
636 4249 670 4302 ὁ
690 4246 926 4318 Χριστὸς
950 4244 1111 4308 αὐτὸς
1144 4239 1342 4299 ἑαυτοῦ
1366 4238 1725 4310 νοηθήσεταις
1749 4232 1842 4286 ἐπὶ

248 4345 315 4399 δὲ
340 4346 505 4397 πᾶσιν
535 4344 583 4395 ει
607 4344 634 4394 ὁ
661 4341 835 4409 Λόγος
870 4339 1040 4409 ἦγουν
1066 4336 1101 4407 ἡ
1128 4336 1427 4397 ὑπόστασις
1479 4328 1572 4384 τοῦ
1604 4325 1841 4401 Χριστοῦ

252 4438 350 4493 καὶ
379 4435 517 4490 καθὸ
542 4434 713 4502 Λόγος
734 4433 855 4487 ἐστὶ
892 4431 988 4485 καὶ
1017 4431 1166 4497 Υἱὸς,
1217 4428 1351 4490 Θεὸς
1379 4423 1603 4495 νοηθείη
1632 4420 1842 4486 ἁπλῶς,

252 4537 343 4586 καὶ
376 4531 438 4583 οὐ
472 4531 540 4598 τῇ
571 4524 986 4596 ὲνθεωρουμένῃ
1037 4520 1185 4591 αὐτῷ
1228 4519 1389 4589 οὐσίᾳ
1416 4516 1581 4571 αὑτοῦ
1641 4513 1843 4568 τοιόνδε

1924 2037 2031 2092 hoc
2046 2038 2274 2101 nomen,
2304 2039 2473 2103 Deus,
2493 2038 2561 2093 de
2585 2045 2785 2092 natura
2808 2037 3327 2103 esse,substantiam
3358 2037 3514 2108 prius

1926 2145 2035 2183 non
2077 2145 2371 2199 personam
2413 2131 2726 2201 designare,
2755 2131 2901 2186 sicut
2922 2146 3025 2185 vox
3056 2128 3221 2185 homo
3242 2145 3354 2183 non
3383 2144 3514 2198 per-

1926 2236 2118 2275 sonam
2148 2222 2326 2286 Pauli,
2351 2222 2449 2277 sed
2476 2233 2729 2278 naturam
2773 2224 2892 2294 ejus
2925 2218 3107 2287 vocat,
3149 2228 3206 2276 et
3239 2221 3359 2287 uni,
3397 2220 3515 2275 cui-

1924 2309 2083 2375 libet,
2148 2310 2352 2381 cuique
2403 2311 2693 2367 individuo
2751 2322 2809 2367 et
2860 2312 3137 2366 universis
3195 2310 3515 2379 hominibus

1927 2409 2111 2471 potest
2152 2401 2352 2471 aptari,
2381 2401 2529 2472 quod
2554 2416 2665 2457 non
2696 2408 2782 2457 est
2803 2416 2958 2471 asque
2985 2400 3281 2456 dicendum
3322 2400 3393 2455 de
3428 2400 3516 2455 bis

1928 2500 2183 2563 vocibus,
2222 2501 2441 2566 Petrus,
2477 2501 2702 2566 Paulus,
2727 2515 3019 2570 personam
3049 2479 3515 2571 signiﬁcantibus.

1929 2592 2047 2658 Qua
2057 2607 2193 2666 ergo
2208 2595 2421 2649 ratione
2439 2594 2545 2650 hoc
2564 2594 2759 2649 eodem
2779 2592 2950 2649 verbo
2964 2593 3083 2648 sive
3106 2602 3378 2657 naturam,
3400 2591 3518 2647 sive

1929 2702 2227 2761 personam
2269 2686 2569 2756 appellanti
2604 2686 2751 2740 idem
2788 2686 3099 2756 subjectum
3132 2684 3300 2740 variis
3338 2683 3517 2738 modis

1931 2781 2137 2853 poterit
2170 2777 2443 2851 designari
2463 2778 2585 2852 {Et
2613 2778 2837 2833 aliunde
2870 2787 3082 2833 natura:
3114 2792 3319 2831 nomen
3363 2775 3521 2831 simi-

1932 2873 2225 2929 litudinem
2268 2870 2440 2925 unius
2466 2885 2590 2925 cum
2624 2870 2798 2925 altero
2838 2869 3068 2935 indicat,
3102 2866 3391 2937 personale
3418 2882 3519 2921 au-

1933 2973 2045 3021 tem
2085 2962 2306 3019 nonnisi
2342 2960 2736 3018 diﬂ‘erentiam.
2779 2960 2840 3015 Si
2876 2975 3009 3031 ergo
3039 2970 3173 3013 voce
3198 2958 3344 3013 Deus
3373 2956 3522 3012 desi-

1935 3066 2173 3128 gnantur
2203 3063 2401 3109 natura
2436 3062 2494 3110 et
2518 3068 2755 3125 persona
2788 3052 3019 3118 Christi,
3050 3052 3156 3107 hac
3190 3067 3297 3107 una
3323 3049 3521 3106 similis

1935 3144 2154 3199 duabus
2186 3143 2314 3198 aliis
2348 3143 2603 3213 personis
2648 3140 2874 3206 divinis,
2913 3149 2970 3195 et
3019 3139 3281 3195 diﬂ’erens
3322 3137 3393 3193 ab
3430 3136 3522 3194 eis

1937 3232 2282 3304 intelligitur.
2333 3230 2392 3287 Si
2435 3246 2547 3285 non
2592 3232 2768 3287 solum
2822 3239 3047 3301 propter
3097 3238 3374 3293 naturam.
3422 3226 3520 3282 sed

1936 3326 2103 3381 etiam
2148 3333 2376 3395 propter
2413 3322 2705 3399 proprium
2751 3339 2954 3379 nomen
2987 3324 3078 3379 illa
3109 3337 3346 3394 persona
3373 3322 3523 3378 Deus

1933 3426 2042 3480 est,
2080 3432 2215 3487 ergo
2247 3415 2466 3471 duabus
2498 3414 2889 3471 divinitatibus
2937 3414 3082 3471 Deus
3129 3414 3422 3481 Christus;
3464 3422 3524 3469 et

1936 3509 2082 3563 idem
2121 3508 2419 3563 dicendum
2445 3507 2513 3562 de
2540 3508 2701 3563 Patre
2731 3518 2789 3564 et
2830 3505 3039 3578 Spiritu
3076 3516 3289 3562 sancto.
3315 3505 3373 3561 Si
3405 3506 3525 3576 ipsa

1938 3599 2276 3665 substantia,
2318 3610 2376 3655 et
2413 3608 2526 3656 tres
2559 3614 2809 3670 personae
2832 3608 3035 3654 sanctae
3059 3598 3349 3653 Trinitatis
3376 3598 3524 3653 Deus

1938 3694 2221 3759 dicuntur,
2262 3706 2497 3763 quaeque
2544 3699 2772 3762 propter
2816 3705 2878 3746 se
2903 3689 3097 3760 ipsam,
3128 3697 3244 3742 tum
3277 3688 3525 3759 profecto

1937 3798 2179 3856 quatuor
2221 3783 2357 3839 deos
2402 3783 2695 3839 habemus.
2744 3781 2814 3836 Et
2871 3781 3097 3851 insuper
3146 3795 3275 3835 cum
3326 3791 3527 3835 natura

1939 3878 2207 3949 majorem
2238 3876 2441 3931 habeat
2466 3873 2849 3930 extensionem
2883 3882 2943 3950 et
2967 3870 3526 3944 comprehensionem

1940 3983 2105 4038 quam
2157 3980 2415 4040 persona,
2466 3964 2641 4035 major
2682 3954 2790 4018 erit
2832 3961 2924 4016 illa
2954 3960 3220 4016 divinitas
3258 3976 3380 4032 quae
3429 3975 3529 4033 per

1942 4072 2196 4114 naturam
2226 4057 2549 4129 designatur
2584 4074 2597 4110 :
2628 4054 2879 4125 nunquid
2903 4069 3038 4126 ergo
3065 4050 3320 4107 Christus
3346 4051 3530 4121 seipso

1944 4152 2129 4223 major
2173 4150 2317 4205 Deus
2363 4164 2431 4203 ex
2482 4156 2705 4214 natura,
2737 4158 2794 4202 et
2833 4146 3013 4202 minor
3053 4161 3122 4200 ex
3151 4144 3429 4217 persona?
3462 4143 3532 4198 Et

1943 4244 2181 4300 maxime
2223 4242 2269 4299 si
2312 4242 2574 4308 Verbum,
2616 4257 2712 4296 seu
2755 4255 2992 4311 persona
3028 4236 3235 4294 Christi
3267 4235 3412 4291 Deus
3443 4234 3531 4289 in«

1947 4338 2212 4407 telligitur
2267 4335 2597 4404 simpliciter
2640 4332 2769 4404 quia
2814 4332 3059 4387 Verbum
3101 4339 3186 4387 est
3232 4337 3291 4387 et
3336 4327 3529 4388 Filius,

1944 4443 2126 4499 neque
2164 4443 2232 4482 ex
2275 4425 2584 4482 substantia
2616 4423 2671 4480 in
2701 4440 2768 4479 eo
2790 4423 2978 4478 habita
3015 4421 3122 4477 hoc
3147 4435 3347 4476 nomen
3374 4432 3533 4473 acce—

1944 4520 2027 4591 pit
2051 4537 2066 4587 ;
2104 4529 2160 4574 et
2191 4535 2316 4573 cum
2348 4519 2511 4575 Pater
2540 4532 2720 4587 neque
2746 4515 3009 4578 Verbum.
3038 4528 3219 4584 neque
3242 4510 3414 4566 Filius
3437 4511 3535 4572 sit,

252 4626 429 4694 ὁνομα
457 4620 617 4690 μόνον
644 4616 1051 4688 σφετερίζεται·
1082 4616 1203 4667 ἐπεὶ
1220 4614 1250 4666 ὁ
1274 4612 1466 4681 Πατὴρ
1480 4607 1761 4681 προδήλως
1783 4607 1833 4658 οἱ

1953 4615 2060 4669 erit
2111 4611 2279 4683 igitur
2328 4627 2439 4666 non
2492 4612 2661 4673 Deus.
2707 4609 2795 4664 vel
2847 4623 2959 4663 non
3011 4606 3246 4670 similis;
3288 4612 3345 4657 et
3398 4602 3532 4657 item

254 4715 428 4782 Λόγος
455 4708 578 4764 οὐδὲ
610 4708 762 4772 Υἱὸς,
799 4706 957 4759 ἔσται
983 4704 1094 4777 ἄρα
1124 4704 1247 4758 οὐδὲ
1273 4701 1427 4764 Θεὸς,
1450 4702 1485 4772 ἢ
1518 4700 1578 4753 οὐ
1602 4697 1839 4752 τοιόσδεο
1893 4694 1902 4705 ’

253 4804 457 4876 ὁμοίως
481 4801 578 4855 καὶ
603 4800 667 4854 τὸ
701 4797 926 4868 Πνεῦμα
954 4797 1016 4852 τὸ
1040 4798 1198 4865 ἆγιον
1218 4811 1232 4824 ⁸
1285 4795 1383 4865 μία
1414 4789 1507 4846 οῦν
1536 4791 1720 4862 ὁμοία,
1753 4790 1846 4842 καὶ

264 4900 413 4970 τρεῖς
442 4896 694 4966 διάφοροι
753 4891 1009 4962 θεότητες
1029 4904 1045 4920 ο
1093 4888 1192 4944 καὶ
1219 4888 1452 4951 ἕκαστον
1481 4885 1625 4939 θεῖον
1674 4882 1846 4953 πρόσ-

255 5008 426 5054 ωπον,
457 4988 712 5041 σύνθετον
735 4986 800 5038 ἐκ
826 4984 922 5037 δύο
948 4982 1220 5053 θεοτήτων
1246 4979 1540 5051 διαφόρων,
1587 4975 1715 5047 μιᾶς
1749 4973 1848 5044 μὲν

259 5083 477 5155 ὁμοίας,
537 5081 730 5152 ἑτέρας
792 5076 850 5131 δὲ
904 5074 1192 5147 ἀνομοίου·
1250 5074 1299 5126 εί
1355 5072 1411 5125 δὲ
1452 5069 1625 5124 ταῦτα
1666 5064 1850 5145 πάντα

256 5178 460 5237 ἄτοπα,
485 5173 645 5243 δῆλον
674 5172 751 5233 ὼς
785 5172 850 5224 ἐκ
895 5168 1112 5239 φύσεως
1151 5167 1312 5239 μόνον
1350 5162 1483 5227 Θεὸς
1511 5180 1570 5216 τε
1621 5164 1651 5215 ὁ
1677 5162 1849 5230 Λόγος

260 5271 425 5341 ῆγουν
456 5270 486 5323 ὁ
518 5267 776 5339 Χριστὸς,
810 5268 906 5318 καὶ
929 5267 957 5319 ὁ
986 5263 1200 5335 Πατὴρ,
1226 5261 1319 5316 καὶ
1346 5260 1405 5312 τὸ
1431 5258 1587 5326 ἅγιον
1619 5256 1841 5326 Πνεῦμα

256 5362 512 5429 λέγεταιο
538 5359 727 5431 ὥσπερ
754 5355 850 5413 οῦν
906 5357 1001 5411 καὶ
1050 5355 1339 5427 ἅνθρωπος
1392 5352 1422 5406 ὁ
1472 5368 1531 5404 τε
1560 5349 1723 5404 Δασὶδ
1752 5349 1846 5403 καὶ

260 5452 514 5525 Σολομῶν
534 5470 549 5484 ο
572 5449 699 5506 οῦτε
729 5452 837 5522 γὰρ
864 5450 900 5522 ἢ
926 5450 1181 5521 Χριστὸς,
1207 5447 1241 5519 ἢ
1269 5446 1457 5511 Δαειδ,
1491 5445 1525 5517 ἢ
1558 5444 1846 5515 προφήτης

1946 4704 2189 4776 Spiritus
2233 4711 2476 4759 sanctus.
2521 4702 2640 4759 Una
2670 4716 2805 4773 ergo
2840 4697 3153 4755 communis
3192 4704 3250 4752 et
3286 4706 3400 4751 tres
3448 4692 3533 4748 di-

1945 4812 2120 4853 versa:
2148 4795 2402 4853 essentia:
2446 4796 2678 4862 divinat;
2724 4807 2956 4864 quaeque
3000 4805 3236 4863 persona
3279 4787 3467 4843 divina
3502 4801 3535 4840 e

1947 4889 2164 4945 duabus
2206 4889 2443 4946 diversis
2486 4886 2875 4943 divinitatibus
2916 4883 3215 4948 constabit,
3246 4898 3355 4937 una
3384 4896 3536 4936 com-
3566 4942 3571 4947 Α

1950 4983 2129 5048 muni,
2169 4990 2225 5038 et
2267 4984 2441 5037 altera
2467 4980 2811 5052 particulari.
2846 4978 2979 5045 Quae
3006 4978 3053 5032 si
3076 4974 3316 5031 absurda
3342 4972 3536 5026 viden-

1950 5086 2062 5140 tur,
2096 5084 2249 5147 patet
2272 5076 2388 5131 sola
2412 5084 2613 5130 natura
2640 5074 2812 5131 Deum
2835 5087 2959 5128 esse
2982 5069 3225 5126 Verbum
3252 5082 3350 5125 seu
3375 5064 3536 5147 Chri-

1952 5144 2112 5223 stum“
2149 5177 2206 5223 et
2251 5168 2469 5223 Patrem
2500 5176 2558 5222 et
2585 5166 2877 5238 Spiritum,
2908 5173 2970 5218 ut
2998 5161 3187 5217 videre
3219 5168 3303 5215 est
3331 5144 3504 5213 σθ’οσ
3530 5184 3537 5191 -

1951 5258 2066 5325 vid,
2115 5257 2183 5313 de
2240 5258 2533 5313 Salentone
2576 5256 2941 5313 hominibus:
2974 5268 3085 5307 non
3115 5251 3391 5314 Christus,
3424 5264 3533 5303 non

1951 5347 2143 5412 David.
2185 5363 2295 5403 non
2339 5348 2611 5418 propheta
2661 5353 2845 5401 estex
2884 5354 3117 5409 natura;
3149 5350 3328 5411 neque
3370 5339 3537 5393 homo

1954 5454 2130 5501 estex
2165 5460 2423 5516 persona,
2456 5445 2563 5500 nisi
2585 5443 2727 5499 forte
2760 5440 3099 5514 speculalive
3130 5437 3428 5510 loquendo.

263 5550 371 5604 ᾶτπὸ
396 5551 495 5622 τῆς
522 5548 761 5622 φύσεως,
794 5547 920 5603 οὑτε
947 5547 1236 5619 ἄνθρωπος
1258 5546 1367 5601 ἀπὸ
1381 5544 1482 5615 τῆς
1500 5542 1856 5607 ὑποστάσεως
1892 5542 2212 5615 ὀνομάζοιτο
2240 5544 2306 5598 ἂν
2340 5542 2551 5608 ἁπλῶς,
2614 5542 2664 5597 εί
2729 5539 2808 5614 μὴ
2840 5538 2948 5612 ἄρα
2987 5535 3067 5610 τῷ
3094 5535 3193 5608 τῆς
3223 5537 3282 5589 ὲν
3305 5530 3540 5604 Θεωρίας

259 5648 419 5718 λόγῳ.

866 5738 1118 5796 ΚΕΦΑΛ.
1151 5738 1253 5794 Ιθ’.

332 5832 491 5887 Πᾶσα
531 5830 716 5903 φύσις,
762 5831 929 5900 φασὶ,
984 5831 1073 5885 διὰ
1120 5830 1231 5884 τῶν
1283 5830 1637 5887 ὑποστάσεων
1679 5828 1849 5901 αὐτῆς

262 5938 562 5995 ιγνωσταιο
592 5922 770 5986 οὐδεὶς
807 5923 918 5992 γὰρ
950 5916 1092 5976 οἶδεν
1123 5922 1418 5993 ίππότητα,
1457 5922 1531 5995 μὴ
1560 5922 1723 5993 γνοὺς
1750 5922 1850 5976 ίδιο

588 6022 865 6083 Pn'uoc.
915 6021 1034 6085 Gtt.
1080 6021 1384 6085 LXXXVI

2576 5732 2727 5789 CAP.
2759 5728 2903 5788 XIX.

2030 5826 2138 5883 Sed
2171 5825 2352 5883 omnis
2380 5835 2604 5893 natura,
2639 5827 2920 5898 inquiunt,
2958 5840 3025 5879 ex
3055 5836 3153 5878 sua
3180 5828 3417 5890 persona
3444 5826 3541 5866 co-

1957 5919 2282 5992 gnoscitur:
2318 5918 2563 5990 equitem
2603 5933 2767 5975 nemo
2800 5915 3063 5988 cognovit
3093 5910 3201 5967 nisi
3233 5907 3398 5979 prius
3438 5902 3541 5958 ho-
3626 5928 3671 5941 -

3104 6008 3184 6067 50
