4032 6544
444 454 580 520 1579
627 465 646 482 ⁶

1694 447 2006 510 LEONTII
2044 447 2450 510 BYZANTINI

3570 453 3710 520 1580

436 577 645 625 minem
682 576 742 624 et
783 580 989 638 equum
1022 562 1281 637 privatim
1328 558 1670 640 cognoverit,
1709 546 1888 629 neque
1921 573 2015 628 pa-

2125 559 2238 625 κῶς
2276 561 2426 616 τάνδε
2455 579 2578 616 τινα
2609 565 2704 617 καὶ
2763 563 2857 618 τὸν
2889 565 3055 637 ἵππον
3077 583 3090 596 ·
3146 567 3352 638 ὁμοίως
3383 568 3505 624 οὑδὲ
3562 572 3711 640 ιιιγό⁴

437 661 577 718 riter
607 660 942 733 caprarium,
967 667 1062 714 aut
1091 657 1254 712 aliam
1287 655 1520 712 formam
1550 665 1901 736 communem
1924 666 2022 707 seu

436 749 833 806 individualcm
862 767 875 802 :
909 757 966 803 ct
1005 747 1131 803 ideo
1164 747 1303 801 duas
1339 741 1542 800 Christi
1580 750 1808 796 naturas
1837 740 1883 796 si
1922 755 2023 795 no-

435 841 650 908 veritis,
681 850 831 913 patet
854 834 1044 897 carum
1067 852 1334 910 personas
1372 836 1526 908 prius
1559 835 1731 890 fuisse
1751 833 2020 905 cognitas.

436 932 528 989 Sic
565 933 889 1004 responderi
924 939 1106 1002 potest
1137 929 1312 986 :Visis
1349 927 1558 984 Phidite
1597 926 1882 998 operibus,
1922 941 2021 980 na-

435 1035 618 1080 turam
655 1025 776 1096 ejus
833 1023 1214 1094 intelligimus,
1261 1021 1535 1090 siquidem
1585 1021 1768 1089 neqitc
1813 1017 2016 1089 angeli,

433 1133 617 1188 neque
659 1113 1072 1194 irrationabilis
1097 1113 1352 1167 animalis
1386 1119 1516 1166 sunt
1549 1109 1788 1165 humana
1819 1122 2016 1178 opera;

435 1224 728 1279 personam
759 1215 942 1262 autem
982 1204 1027 1260 si
1067 1203 1412 1274 conjicimus,
1451 1201 1615 1268 eheu,
1657 1199 1824 1271 verba
1845 1198 2020 1270 magis

435 1317 600 1370 quam
645 1299 929 1371 hominem
982 1297 1346 1353 fabricamus!
1395 1293 1501 1350 Sed
1542 1294 1670 1364 quia
1723 1292 1912 1348 Edoch
1959 1302 2017 1348 et

432 1393 551 1448 Noe
595 1408 664 1448 ex
693 1382 1024 1447 substantia
1047 1388 1464 1461 cognoscimus,
1496 1399 1834 1457 personasne
1869 1385 2016 1457 ipsas

434 1501 600 1540 nosse
635 1483 1069 1540 aliirmabimus?
1093 1481 1201 1538 Sed
1232 1481 1381 1536 dicet
1409 1479 1612 1551 aliquis
1633 1495 1812 1550 neque
1838 1479 2011 1550 ipsam

437 1585 693 1633 naturam
744 1576 860 1632 Noe
935 1575 1215 1647 propriam
1259 1590 1289 1629 a
1350 1573 1512 1641 nobis
1568 1573 1860 1652 cognosci,
1915 1572 2012 1626 sed

435 1668 637 1739 conjici
690 1683 760 1722 ex
809 1667 1140 1738 quibusdam
1193 1666 1470 1722 similibus
1522 1666 1891 1737 praecognitis.
1945 1666 2014 1722 Et

435 1759 584 1816 istud
625 1760 986 1815 concedatur.
1026 1759 1289 1814 Naturam
1347 1767 1530 1814 autem
1568 1758 1684 1813 Noe
1735 1756 2012 1827 quomodo

435 1851 842 1923 cognoscimus,
889 1851 936 1904 si
980 1859 1181 1905 natura
1224 1848 1448 1920 quidem
1502 1866 1570 1904 ex
1607 1848 1880 1904 similibus
1909 1862 2012 1918 po-

436 1923 1178 2012 tuit'éognosciz'persona
1227 1949 1412 1995 autem
1461 1955 1528 1994 ex
1577 1939 1744 1994 simili
1779 1954 2016 2010 persona

435 2047 548 2087 non
579 2032 782 2102 potuit,
815 2031 967 2086 nulla
987 2032 1136 2086 enim
1173 2046 1414 2100 unquam
1442 2045 1676 2101 persona
1703 2030 1862 2086 alteri
1887 2027 2017 2100 per-

435 2122 580 2177 fecte
619 2121 816 2176 similis
841 2129 947 2186 est,
975 2129 1032 2174 et
1063 2121 1164 2176 ista
1197 2121 1312 2175 Noe
1334 2135 1568 2190 persona
1592 2119 1703 2191 jam
1731 2137 1842 2175 non
1870 2120 2017 2176 exsi-

435 2213 556 2276 stit,
599 2227 702 2267 nec
725 2211 952 2266 alteram
982 2211 1152 2265 habet
1177 2211 1437 2275 similem,
1475 2217 1542 2270 ut
1572 2210 1673 2280 ipsi
1707 2209 1913 2266 dicitis.
1958 2209 2014 2266 Si

433 2317 569 2357 vero
588 2302 994 2373 cognoscimus,
1019 2316 1152 2372 ergo
1175 2312 1430 2356 naturam
1461 2317 1793 2373 cognoscere
1823 2301 1906 2358 las
1930 2310 2018 2358 est

436 2407 681 2462 persona
711 2400 1015 2454 carentem,
1056 2391 1142 2446 vel
1182 2391 1366 2462 ignota
1415 2393 1535 2463 ejus
1571 2408 1825 2463 persona.
1871 2393 2015 2460 Quid

436 2481 565 2544 hoc,
600 2479 718 2534 ait?
757 2478 950 2534 Nonne
1001 2479 1116 2534 Noe
1158 2479 1582 2550 impersonalem
1631 2480 2018 2552 arbitramini?

436 2571 661 2627 Minime
700 2569 972 2640 profecto,
1011 2585 1194 2641 neque
1235 2571 1342 2626 hoc
1367 2571 1708 2636 dicebamus,
1740 2573 1835 2628 sed
1866 2573 2014 2643 quod

436 2669 692 2723 naturam
745 2673 814 2713 ex
857 2673 1093 2729 persona
1131 2673 1468 2730 cognoscere
1521 2655 1631 2714 non
1677 2670 1764 2716 est
1800 2677 2030 2733 semper

437 2763 544 2804 nec
571 2747 826 2802 absolute
859 2747 1261 2813 necessarium,
1291 2748 1456 2817 quod
1490 2748 1798 2818 ponebatis,
1843 2750 1918 2806 ita
1957 2760 2016 2806 ut

437 2834 730 2891 deﬁciente
769 2832 1020 2905 personae
1063 2835 1285 2901 notitia,
1315 2835 1579 2902 delice'ret
1601 2846 1654 2893 et
1684 2847 1911 2894 naturae.
1948 2839 2018 2895 Et

438 2925 534 2980 ubi
577 2935 774 2980 natura
814 2939 883 2980 cx
915 2939 1151 2996 persona
1195 2925 1436 2996 perfecte
1470 2927 1842 2999 cognoscitur,
1882 2930 2016 3000 quid

435 3017 698 3088 prohibet
734 3032 842 3071 una
873 3032 1108 3087 persona
1144 3017 1333 3088 plures
1377 3027 1605 3075 naturas
1656 3035 1841 3076 rerum
1875 3037 2018 3093 prae-

437 3108 780 3181 cognitarum
807 3109 1148 3180 agnoscere?
1181 3109 1275 3165 Sic
1310 3110 1430 3167 viso
1456 3110 1698 3176 Andrea,
1727 3112 2017 3170 distinctas

435 3200 640 3256 mentis
669 3209 727 3256 et
765 3201 1017 3271 corporis
1059 3201 1383 3273 hypostases
1423 3219 1535 3258 non
1578 3203 1868 3272 videmus;
1913 3207 2008 3262 sed

437 3287 672 3344 Andreae
691 3303 981 3358 personam
1006 3289 1281 3358 novimus,
1308 3300 1366 3348 et
1388 3291 1526 3348 duas
1548 3302 1777 3350 naturas
1802 3296 2010 3352 intelli-

436 3379 638 3450 gimus,
669 3381 917 3450 corporis
945 3390 1002 3437 et
1030 3382 1248 3440 animae.
1277 3411 1284 3416 -

1070 3472 1222 3530 CAP.
1251 3474 1370 3531 xx.
1845 3541 1852 3548 ,

512 3561 627 3617 lloc
663 3560 834 3617 etiam
869 3561 978 3618 dici
1021 3573 1246 3634 posset:
1278 3564 1416 3620 Cum
1450 3575 1562 3622 tota
1603 3576 1791 3623 nostra
1818 3578 2010 3624 natura

437 3649 495 3705 in
521 3648 742 3704 Christo
771 3649 1046 3716 videatur,
1066 3652 1162 3722 qui
1187 3653 1384 3708 similis
1409 3653 1572 3709 nobis
1600 3654 1779 3710 lactus
1803 3663 1888 3712 εει
1913 3672 2012 3726 per

436 3737 621 3792 omnia
664 3736 874 3807 absque
916 3748 1187 3808 peccato;
1227 3749 1283 3794 et
1327 3755 1452 3795 cum
1501 3750 1688 3797 nostra
1731 3743 2012 3814 generatio

437 3823 742 3892 secundum
780 3838 1007 3880 carnem
1055 3825 1258 3882 habeat
1304 3826 1692 3885 lorunatioaem
1737 3831 2014 3902 antiquio-

437 3925 553 3964 rem
588 3910 792 3966 unione
828 3912 1070 3982 partium
1105 3912 1176 3968 ad
1211 3913 1474 3980 animam,
1507 3932 1732 3974 necesse
1769 3928 1854 3972 est
1892 3934 2013 3973 cor-

437 4015 542 4070 pus
566 4000 914 4078 Dominicum
956 4009 1082 4057 ante
1111 4003 1350 4058 animam
1383 4005 1676 4073 exsistens;
1731 4009 2009 4078 propriam

436 4092 642 4148 habere
662 4109 978 4164 personam,
997 4095 1290 4163 etdeinde,
1313 4097 1497 4152 anima
1520 4099 1622 4170 ipsi
1656 4100 1858 4165 indita,
1885 4116 2010 4156 cum

437 4179 618 4235 tribus
638 4180 738 4251 ('5),
769 4180 826 4235 in
859 4197 1094 4253 persona
1125 4185 1290 4240 Verbi
1317 4185 1530 4240 unitum
1574 4187 1769 4253 fuisse,
1799 4200 1855 4245 et
1889 4203 2011 4244 sese

436 4267 677 4324 invicem
731 4271 1108 4342 penetravisse
1160 4271 1296 4327 duas
1347 4289 1631 4344 personas.
1685 4275 1840 4342 Quod
1871 4293 2011 4348 quo-

436 4355 602 4411 modo
654 4354 771 4423 liat,
822 4371 932 4428 qua
982 4357 1194 4414 ratione
1251 4375 1420 4414 unum
1474 4361 1770 4417 formatum
1822 4363 2010 4430 fuerit,

435 4447 796 4517 qumrendum
825 4455 946 4516 est;
975 4465 1086 4505 non
1119 4451 1266 4506 enim
1297 4451 1402 4507 alia
1439 4463 1637 4524 praeter
1666 4455 2010 4514 charitatem.
2049 4487 2052 4490 ~

433 4539 532 4595 Vel
562 4541 728 4596 etiam
758 4539 1001 4596 Verbum
1024 4543 1240 4614 corpori
1263 4545 1420 4628 prius
1449 4547 1661 4604 unitum
1691 4547 1818 4616 fuit,
1849 4549 2010 4621 eique
2042 4581 2087 4639 Β

434 4631 670 4700 et_carni
696 4631 938 4687 animam
967 4625 1267 4691 viventem
1289 4646 1480 4708 postea
1523 4638 1862 4696 insuliiavit:
1898 4658 2010 4698 non

434 4724 714 4780 mediante
742 4725 947 4793 anima,
992 4727 1233 4783 Verbum
1273 4729 1426 4785 carni
1471 4731 1678 4799 unitur,
1716 4749 1849 4789 sane
1880 4750 2011 4790 vero

433 4815 655 4883 animae,
708 4831 874 4874 carne
927 4819 1152 4888 media;
1192 4822 1340 4893 quod
1397 4817 1686 4897 repugnat,
1736 4827 2008 4899 siquidem

435 4918 646 4966 remota
672 4910 921 4982 cognatis
950 4920 1006 4967 ct
1037 4913 1303 4983 proximis
1335 4916 1501 4973 rebus
1520 4919 1849 4991 junguntur.

467 5121 471 5125 “
505 5112 613 5168 Sed
628 5113 683 5185 in
702 5113 806 5170 hoc
820 5116 1170 5182 convenitur,
1190 5116 1482 5173 Dominum
1497 5129 1740 5177 nostram
1759 5133 2012 5184 naturam

433 5217 829 5274 assumentem,
855 5221 920 5264 ca
943 5224 1065 5279 qua:
1099 5224 1264 5280 supra
1298 5224 1419 5265 eam
1441 5219 1573 5267 sunt
1603 5229 1715 5270 non
1755 5218 2012 5288 repudia-

432 5299 603 5355 visse.
637 5300 752 5356 lloc
781 5300 1134 5356 manifestam
1157 5311 1210 5358 et
1236 5302 1356 5375 ejus
1389 5307 1678 5378 conceptio
1708 5308 2010 5382 virginalis,

432 5402 636 5479 nostra:
665 5395 1008 5467 generationi
1030 5395 1346 5479 dissimilist
1370 5408 1428 5456 et
1464 5411 1658 5471 partus
1695 5402 2004 5476 integritas,

431 5477 649 5540 necnon
671 5493 727 5541 et
746 5485 1017 5559 jejunium
1048 5477 1410 5562 quadraginta
1445 5491 1662 5549 dierum
1691 5495 1812 5551 sine
1840 5496 2004 5563 fame,

427 5590 484 5637 et
506 5568 613 5638 alia
639 5583 936 5655 ejusmodi.
970 5585 1047 5642 De
1075 5586 1297 5644 Christo
1326 5589 1494 5660 igitur
1516 5590 1662 5647 istud
1706 5609 1875 5664 supra
1908 5612 2007 5651 na-

426 5687 609 5734 turam
647 5677 756 5736 hoc
795 5681 1074 5740 credimus
1099 5683 1270 5742 fuisse
1301 5686 1605 5758 provisum,
1649 5706 1873 5750 carnem
1916 5696 2002 5752 vix

435 5768 793 5828 exsistentem
843 5781 902 5830 et
937 5773 1233 5832 animatam
1264 5775 1432 5833 fuisse
1459 5765 1528 5834 ἐι
1575 5779 1746 5838 fuisse
1782 5800 2004 5843 carnem

2124 666 2286 723 τητα,
2320 652 2353 724 ἦ
2384 651 2574 722 ἕτερον
2607 651 2748 719 εἶδος
2771 657 2952 710 κοινὸν
2980 657 3014 729 ἢ
3047 657 3214 712 ίδικόν
3236 677 3250 692 ο
3280 662 3328 713 εἰ
3361 660 3454 714 οὖν
3478 660 3576 716 δύο
3613 664 3712 727 τὰς

2125 740 2316 810 φύσεις
2345 744 2458 798 ἴστε
2485 745 2748 816 Χριστοῦ,
2778 747 2938 817 δῆλον
2963 745 3040 811 ὥς
3073 751 3171 812 τὰς
3222 752 3555 816 ὑποστάσεις
3586 755 3710 807 τού-

2123 848 2232 885 των
2280 834 2686 905 προεγνώκατε.
2721 837 2867 908 Ἀρα
2886 837 2980 892 οὖν
3010 841 3290 911 εἴποιμεν
3319 841 3474 896 Ἐπεὶ
3501 844 3712 899 Φειδίου

2121 923 2191 978 τὰ
2241 924 2378 996 ἔργα
2406 925 2663 995 ὁρῶντες,
2693 927 2794 1000 τὴν
2836 928 3002 998 φύσιν
3048 927 3390 1004 συνήκαμεν,
3436 933 3563 988 οὔτε
3604 937 3713 1007 γὰρ

2121 1016 2360 1086 ἀγγέλου
2394 1009 2515 1072 οὑδὲ
2567 1019 2767 1089 ἀλόγου
2806 1022 2877 1075 τὰ
2927 1023 3422 1094 άνδρειοπλαστικά
3450 1027 3600 1081 ἐστίν
3620 1047 3632 1059 ·
3665 1031 3713 1082 εἰ

2121 1108 2179 1162 δὲ
2210 1109 2313 1167 ’καὶ
2331 1110 2430 1180 τὴν
2470 1110 2973 1190 ὑπόστασινηαὺτοῦ
3015 1115 3381 1187 γνωρίζομεν,
3407 1116 3577 1188 βαϐαὶ
3602 1119 3713 1174 τῶν

2119 1201 2503 1271 λόγοπλαστῶν
2528 1203 2730 1274 μᾶλλον
2753 1206 2785 1272 ἢ
2827 1205 2925 1260 τοῦ
2958 1207 3404 1279 άνδροπλάστουι
3450 1210 3624 1281 Ἑνὼχ
3653 1211 3712 1266 δὲ
3791 1269 3805 1280 ,

2118 1295 2214 1348 καὶ
2243 1293 2368 1348 Νῶε
2397 1295 2535 1350 διότι
2563 1295 2665 1367 τὴν
2687 1295 2878 1350 οὑσίαν
2898 1299 3001 1353 οὑκ
3028 1301 3355 1371 ἀγνοοῦμεν,
3378 1297 3487 1374 ἆρα
3515 1305 3614 1357 καὶ
3643 1306 3712 1359 τά

2116 1385 2384 1458 πρόσωπα
2446 1387 2645 1442 εἰδέναι
2706 1389 3252 1462 διαδεδαιωσόμεθαῖ
3309 1393 3427 1448 ἀλλ’
3499 1397 3710 1465 ετπριτε

2117 1477 2268 1543 ἴσως,
2299 1478 2383 1532 ὄτι
2399 1477 2534 1532 Οὑδὲ
2556 1478 2658 1553 τὴν
2677 1480 2840 1549 φύσιν
2862 1481 3034 1553 αὑτὴν
3053 1465 3178 1536 Νῶε
3201 1474 3302 1555 τὴν
3325 1485 3500 1557 ἰδικὴν
3519 1487 3703 1558 ῐσμεν,

2113 1571 2227 1626 ἀλλ’
2259 1569 2320 1638 ἐξ
2340 1573 2543 1643 ὁμοίων
2570 1573 2733 1629 τινῶν
2753 1591 2830 1628 ων
2863 1573 3207 1650 γινώσκομεν
3249 1578 3704 1652 ἀναλογιζόμεθα.

2113 1663 2361 1718 Δεδόσθω
2388 1663 2483 1719 οὖν
2504 1664 2643 1719 τόδεο
2677 1665 2795 1730 πῶς
2821 1663 2917 1719 οὖν
2941 1669 2988 1720 εί
3007 1667 3106 1738 τὴν
3135 1667 3234 1739 μὲν
3255 1669 3418 1738 φύσιν
3433 1667 3494 1735 ὲξ
3510 1672 3710 1741 ὁμοίων

2113 1755 2520 1828 εὐπορήσαντες
2578 1756 3040 1828 άνελογισάμεθα,
3071 1758 3169 1828 τὴν
3218 1758 3274 1812 δὲ
3315 1759 3616 1814 ὑπόστασιν
3648 1762 3710 1829 ἐξ

2118 1845 2311 1915 ὁμοίας
2352 1846 2705 1915 ὑποστάσεως
2745 1847 2849 1900 οὑκ
2894 1847 3398 1916 ὲπεγνωκότες;ού
3415 1849 3526 1921 γάρ
3563 1853 3710 1904 ἔστιν

2130 1935 2432 2001 ὑπόστασις
2463 1937 2757 1993 ὑποστάσει
2799 1938 2978 2009 πάντη
3010 1939 3174 2011 ὁμοία
3220 1939 3464 2007 πώποτε,
3497 1921 3586 1996 aia
3611 1943 3711 2013 τῆς

2123 2029 2198 2099 μὴ
2251 2026 2421 2100 οὑσης
2456 2028 2595 2099 μηδὲ
2627 2030 2823 2100 ὁμοίαν
2873 2031 3108 2102 ἐχούσης
3139 2031 3496 2097 ὑποστάσεως
3519 2033 3705 2102 αὑτοῦ,

2117 2115 2302 2181 καθώς
2321 2135 2484 2188 φατε,
2509 2119 2758 2191 συνῶμεν
2782 2119 2877 2174 τοῦ
2901 2121 3026 2175 Νῶε
3047 2121 3148 2193 τὴν
3163 2121 3325 2193 φύσιν
3345 2139 3360 2155 ο
3390 2125 3438 2176 εί
3455 2123 3514 2177 δὲ
3534 2126 3705 2196 συνή-

2116 2209 2440 2278 καμεν,⁸καὶ
2486 2209 2617 2264 ἄνευ
2653 2204 3144 2281 ὑποστάσεωςάρα
3198 2226 3261 2280 γε
3295 2209 3444 2265 ἔστιν
3500 2211 3703 2266 εἰδέναι

2116 2299 2300 2370 φύσιν,
2359 2302 2454 2355 καὶ
2480 2301 2610 2356 ἄνευ
2659 2299 2756 2355 τοῦ
2801 2301 2997 2356 εἰδέναι
3047 2301 3220 2372 αὐτῆς
3265 2303 3362 2356 καὶ⁸
3416 2303 3518 2374 τὴν
3570 2303 3708 2359 ὑπό-

2121 2408 2328 2446 στασιν.
2387 2392 2454 2446 Τί
2517 2387 2646 2460 οὗν;
2705 2391 2870 2462 φησιν
2900 2410 2916 2425 ο
2975 2393 3349 2449 ἀνυπόστατον
3422 2396 3522 2466 τὴν
3582 2395 3707 2450 Νῶε

2117 2482 2280 2555 φύσιν
2313 2485 2579 2550 ἐννοεῖτε;
2612 2477 2689 2538 Οὑ
2737 2484 2894 2554 δῆταο
2939 2485 3001 2538 οὑ
3049 2485 3160 2557 γὰρ
3206 2485 3367 2540 τοῦτο
3418 2487 3706 2559 ἐλέγομεν,

2114 2576 2230 2630 ἀλλ’
2245 2577 2327 2630 ὅτι
2349 2575 2450 2630 οὑκ
2474 2575 2691 2646 ἀνάγκη
2706 2575 2776 2630 δι’
2803 2576 3158 2640 ὑποστάσεως
3185 2578 3297 2642 ἀεὶ,
3318 2578 3399 2642 ῶς
3417 2596 3580 2647 φατε,
3605 2581 3708 2636 καὶ

2115 2669 2334 2732 πάντως
2352 2666 2470 2739 τὴν
2501 2666 2666 2737 φύσιν
2693 2666 3095 2736 γινώσκεσθαι·
3119 2668 3206 2723 ἵνα
3232 2671 3261 2724 ὁ
3303 2671 3379 2742 μὴ
3406 2670 3706 2741 λαμϐάνων

2115 2759 2317 2828 γνῶσιν
2348 2758 2699 2822 ὑποστάσεως
2725 2758 2966 2832 πρῶτον,
3022 2759 3161 2831 μηδὲ
3193 2759 3442 2828 φύσεως·
3467 2762 3606 2816 ὅπου
3639 2779 3706 2831 γι

2115 2853 2166 2905 εί
2196 2851 2292 2905 καὶ
2347 2849 2415 2904 δι’
2442 2850 2796 2914 ὑποστάσεως
2827 2852 2863 2921 ἡ
2891 2849 3093 2919 γνῶσις
3113 2850 3214 2922 τῆς
3237 2851 3451 2922 φύσεως
3481 2854 3707 2919 πάντως

2115 2942 2255 3006 ἐστὶ,
2287 2941 2340 2996 τί
2363 2940 2566 2996 κωλύει
2593 2943 2659 2996 ὲκ
2706 2943 2836 3014 μιᾶς
2863 2942 3217 3008 ὑποστάσεως
3245 2944 3465 3008 πλείους
3495 2946 3712 3017 Θεωρῆο

2118 3051 2208 3089 σαι
2247 3034 2438 3104 φύσεις
2463 3034 2576 3089 τῶν
2621 3034 3134 3106 προεγνωσμένων;
3173 3035 3269 3089 καὶ
3303 3036 3417 3107 γὰρ
3443 3036 3707 3109 ’Δνδρὲαν

2115 3128 2373 3202 ὁρῶντες,
2407 3127 2471 3182 ού
2511 3130 2611 3200 τῆς
2649 3126 2832 3198 ψυχῆς
2869 3125 3035 3182 αὑτοῦ
3064 3129 3159 3181 καὶ
3200 3127 3296 3181 τοῦ
3344 3127 3601 3198 σώματος
3632 3130 3706 3182 διο

2038 3245 2084 3305 C
2115 3220 2426 3292 ωρισμένας
2450 3218 2719 3291 βλέπομεν
2753 3219 3102 3286 ὑποστάσεις,
3127 3219 3263 3274 ἀλλὰ
3291 3221 3420 3290 μίαν
3448 3220 3704 3290 Ἀνδρέου

2115 3313 2236 3369 ὅλου
2256 3313 2357 3386 τὴν
2383 3313 2686 3368 ὑπόστασιν
2702 3312 2756 3366 ia
2765 3330 2864 3384 μεν
2887 3328 2903 3344 ο
2929 3315 3026 3367 καὶ
3046 3313 3197 3384 ὅμως
3215 3311 3308 3367 δύο
3331 3313 3524 3382 φύσεις
3549 3313 3706 3367 V605-

2115 3423 2215 3479 μεν
2241 3403 2434 3471 αὑτοῦ,
2469 3404 2566 3477 τῆς
2601 3403 2784 3476 ψυχῆς
2799 3403 2897 3458 καὶ
2933 3403 3030 3462 τοῦ
3066 3404 3342 3476 σώματος.
3554 3416 3557 3419 ’

2726 3499 2978 3553 ΚΕΦΑΛ.
3011 3496 3106 3565 Κέ

2180 3592 2336 3663 Τάχα
2364 3592 2423 3646 δὲ
2456 3591 2525 3646 ἂν
2551 3591 2647 3645 καὶ
2673 3589 2792 3643 τόδε
2820 3589 3030 3642 εἴποιεν
3049 3629 3067 3654 ,
3099 3589 3183 3644 ὅτι
3208 3589 3405 3645 Πάντα
3444 3590 3516 3645 τὰ
3555 3591 3704 3646 κατά

2112 3682 2273 3752 φύσιν
2304 3684 2437 3753 ἡμῖν
2490 3681 2587 3734 καὶ
2615 3670 2677 3733 ὲν
2703 3680 2928 3752 Χριστῷ
2975 3680 3214 3751 ὁρῶνται
3240 3695 3254 3711 ’
3302 3681 3563 3754 ὡμοιώθη
3588 3687 3703 3752 γὰρ
3735 3690 3744 3697 ’

2111 3776 2244 3846 ἡμῖν
2274 3772 2417 3828 κατὰ
2443 3772 2623 3826 πάντα
2643 3772 2812 3842 χωρὶς
2840 3771 3154 3843 ἁμαρτίαςο
3201 3774 3235 3842 ἠ
3267 3771 3326 3827 δὲ
3357 3773 3504 3827 κατὰ
3533 3775 3704 3842 ςύσιν

2113 3867 2363 3935 γέννησις
2394 3862 2575 3934 ἡμῶν,
2603 3861 3063 3934 προϋπάρχουσαν
3107 3860 3223 3931 ἔχει
3257 3860 3357 3932 τὴν
3386 3861 3700 3926 διάπλασιν,

2110 3956 2211 4028 τῆς
2239 3952 2486 4016 ὲνώσεως
2543 3950 2726 4005 αὑτῶν
2776 3951 2876 4021 τῆς
2908 3950 3047 4020 πρὸς
3084 3950 3298 4021 ψυχάςο
3333 3953 3550 4022 ἀνάγκη
3601 3949 3700 4008 οὖν

2113 4045 2446 4107 ὑποστάντος
2471 4040 2566 4096 τοῦ
2597 4041 2848 4112 σώματος
2876 4042 2972 4096 τοῦ
3009 4043 3292 4114 Κυριακοῦ
3319 4043 3426 4115 πρὸ
3465 4047 3566 4115 τῆς
3594 4047 3700 4114 ψυ-
3797 4088 3805 4094 .

2112 4139 2238 4209 χῆς,
2261 4137 2295 4208 ἢ
2315 4135 2449 4199 ἰδίαν
2470 4134 2614 4206 ἔχειν
2628 4134 2951 4199 ὑπόστασιν,
2969 4128 3088 4187 εἶτα
3111 4135 3524 4209 ὲμπνευσθείσῃ
3543 4137 3700 4204 αὐτῷ

2111 4229 2256 4300 ψυχῇ
2290 4229 2350 4281 ὲν
2369 4225 2574 4298 τρίτοις
2606 4227 2702 4281 καὶ
2721 4227 2802 4299 τῷ
2830 4226 2974 4298 λόγῳ
2996 4226 3123 4280 καθ’
3153 4229 3454 4283 ὑπόστασιν
3487 4229 3702 4298 ἑνιοθῆ-

2112 4339 2224 4385 ναι,
2271 4319 2366 4376 δύο
2417 4321 2772 4375 ὑποστάσεων
2817 4320 3194 4390 συναφθεισῶν
3220 4321 3483 4393 ἀλλήλαις
3511 4338 3524 4350 ·
3554 4319 3701 4395 ὅπερ

2115 4413 2376 4485 ζητητέον
2394 4412 2514 4476 πῶς
2547 4412 2722 4478 ἔσται,
2755 4413 2852 4467 καὶ
2867 4413 2975 4467 τίνι
3023 4413 3222 4485 πρόπῳ
3256 4415 3418 4485 μόνον
3439 4416 3658 4485 γίνεται
3681 4433 3696 4448 °

2114 4505 2175 4559 οὑ
2205 4505 2313 4576 γὰρ
2359 4503 2505 4576 ἄλλῳ
2534 4503 2678 4576 πλὴν
2736 4503 2816 4573 τῷ
2841 4503 2962 4558 κατ’
3020 4503 3271 4558 εὐδοκίαν
3311 4506 3482 4575 μόνην
3504 4519 3518 4534 ⁶
3554 4505 3586 4575 ἢ
3613 4506 3698 4576 τῷ

2115 4594 2327 4666 σώματι
2357 4596 2643 4667 προήνωτο
2669 4597 2698 4648 ὁ
2731 4595 2926 4664 Λόγος,
2950 4595 3044 4650 καὶ
3093 4594 3324 4668 ὕστερον
3355 4597 3696 4651 ὲπέπνευσεν

2080 4686 2092 4700 ’
2115 4685 2294 4757 ἑαυτῷ
2322 4688 2419 4741 καὶ
2439 4689 2507 4759 τῇ
2561 4688 2726 4758 σαρκὶ
2773 4687 2871 4759 τὴν
2890 4686 3069 4759 ψυχὴν
3094 4685 3194 4759 τὴν
3247 4686 3458 4753 ζῶσανο
3490 4689 3552 4741 οὑ
3599 4690 3698 4747 διὰ

2117 4779 2290 4851 μέσης
2318 4778 2496 4851 ψυχῆς
2526 4780 2691 4853 σαρκὶ
2721 4781 2751 4834 ὁ
2777 4780 2950 4849 Λόγος
2978 4781 3213 4851 ἥνωται,
3239 4780 3376 4834 ἀλλὰ
3401 4781 3489 4834 διὰ
3516 4780 3696 4851 μέσης

2114 4869 2320 4942 σαρκὸς
2355 4871 2556 4943 μᾶλλον
2607 4874 2676 4944 τῇ
2705 4869 2851 4944 ψυχῇ
2878 4870 3084 4943 ήνώθη,
3129 4871 3265 4943 ὅπερ
3294 4873 3534 4942 ἄθεσμον
3554 4887 3570 4904 ο
3600 4874 3696 4928 διὰ

2113 4964 2226 5036 γὰρ
2252 4963 2362 5019 τῶν
2385 4964 2727 5038 οἱκειοτέρων
2739 4965 2837 5020 καὶ
2855 4965 3170 5035 ὲγγυτέρων
3206 4966 3322 5028 τοῖς
3350 4966 3704 5036 πορρωτέρω,

2111 5054 2444 5111 συνάπτεται
2464 5072 2539 5110 τι.

2193 5145 2333 5199 Ἀλλ’
2350 5143 2499 5202 ἔστιν
2527 5144 2982 5217 ὁμολογούμενον,
3005 5145 3092 5199 δτι
3114 5147 3210 5201 καὶ
3248 5147 3692 5218 καταδεξάμενος

2107 5234 2179 5289 τὰ
2199 5235 2405 5306 φυσικὰ
2423 5235 2580 5307 ἡμῶν
2601 5237 2630 5288 ὁ
2653 5235 2884 5307 Κύριος,
2905 5235 3016 5290 τῶν
3038 5236 3181 5309 ὑπὲρ
3227 5238 3391 5307 φύσιν
3408 5241 3692 5311 ἡμετέραν

2107 5327 2170 5392 οὑ
2225 5326 2480 5399 χηρεύει·
2512 5327 2666 5395 πολὺ
2713 5331 2823 5400 γὰρ
2882 5328 3036 5384 τοῦδε
3089 5329 3289 5400 μᾶλλον
3322 5331 3689 5402 άπεμφαίνει,

2110 5419 2248 5491 πρὸς
2281 5419 2373 5473 τὸν
2420 5419 2688 5492 ἡμέτερον
2729 5421 2828 5491 τῆς
2861 5421 3172 5492 γεννήσεως
3201 5423 3403 5494 τρόπον
3444 5424 3692 5496 ἄσπορος

2110 5511 2275 5567 αὑτοῦ
2303 5511 2518 5584 κύησις,
2543 5513 2638 5568 καὶ
2658 5513 2894 5586 ἄφθορος
2923 5514 3200 5582 άπότεξις,
3227 5515 3367 5570 ἀλλὰ
3390 5516 3484 5570 καὶ
3510 5519 3546 5588 ἠ
3572 5518 3692 5572 ἄλι-

2113 5621 2211 5674 μσς
2233 5603 2398 5657 αὑτοῦ
2423 5605 2950 5676 τεσσαρακοντοῦτις
2979 5606 3204 5677 νηστεία
3237 5607 3331 5661 καὶ
3374 5608 3443 5661 τά
3467 5610 3648 5663 τοιάδε
3670 5627 3686 5642 ο

2107 5699 2200 5753 ἐπὶ
2222 5693 2314 5752 οὖν
2333 5699 2570 5771 Χριστοῦ
2601 5701 2697 5756 καὶ
2735 5701 2855 5754 τόδε
2881 5701 3022 5774 ὑπὲρ
3073 5701 3171 5775 τὴν
3194 5703 3468 5775 ἡμετέραν
3517 5705 3691 5776 ⁴φύσιν

2109 5787 2439 5861 πιστεύομεν
2490 5778 2937 5865 οἰκονομήθῆναι,
2998 5792 3075 5858 ὡς
3119 5792 3238 5862 ἅμα
3287 5811 3346 5849 τε
3393 5790 3534 5849 εἶναι
3587 5798 3691 5866 τὴν

505 5885 730 5958 (5)1ltec
755 5890 856 5948 tria
894 5907 1016 5964 qum
1041 5893 1308 5951 uniuntur
1337 5885 1466 5951 sunt
1490 5914 1502 5954 :
1525 5911 1677 5964 caro,
1712 5897 1918 5971 anima,
1943 5902 2202 5959 Verbum.
2269 5927 2281 5939 -
