4032 6556
354 422 483 489 1581
554 418 559 422 ’

1272 423 1666 488 ADVERSUS
1705 423 2252 487 NESTORIANOS.
2291 448 2363 461 -··
2395 426 2544 487 LIB.
2587 423 2671 487 II.

3467 417 3604 487 158:2
3677 445 3681 449 ’

353 538 533 609 σάρκα
561 538 748 604 αὐτοῦ,
792 538 884 597 καὶ
931 539 1293 611 ἐψυχωμένην
1312 535 1475 603 εἶναι,
1527 538 1748 593 καὶτοῦ
1783 538 1929 593 θείου

2055 536 2203 591 i'erbi
2233 536 2329 592 Dei
2381 537 2564 592 anima
2616 536 2873 592 rationali
2919 544 2977 592 et
3013 535 3289 607 cogitante
3318 532 3602 606 praeditam

351 630 527 698 Λόγου
559 631 739 702 σάρκα
776 628 915 684 εἶναι
944 631 1304 703 ἐψυχωμένην
1336 632 1481 702 ψυχῇ
1512 631 1704 702 λογικῇ
1752 648 1811 683 τε
1837 630 1930 683 καὶ

352 722 517 792 νοερᾷ
539 739 554 754 ο
587 722 709 774 οὔτε
752 723 859 793 γάρ
910 710 1101 793 χρόνοῦ
1140 723 1278 793 πρὸς
1309 722 1659 794 κατάπραξιν
1686 721 1796 776 τῶν
1827 722 1929 790 τῆς

350 814 597 877 εὐδοκίας
640 815 805 868 αὑτοῦ
835 816 1005 869 δεῖται
1052 818 1081 869 ὁ
1124 815 1563 887 Παντοδύναμος,
1600 814 1724 869 οὔτε
1769 814 1930 883 λόγον

352 908 497 977 ἔχειν
523 906 620 977 τὴν
647 909 709 960 ὲκ
735 908 968 972 πίστεως
995 908 1157 978 λόγου
1193 908 1457 978 σύλληψιν
1486 908 1580 961 καὶ
1604 906 1800 978 κύησιν
1827 907 1929 977 τῆς

356 997 634 1068 μακαρίας
662 998 937 1069 Παρθένου
960 1003 1332 1071 πιστευσάσης
1388 1002 1469 1054 δτι
1503 1000 1695 1053 Ἔσται
1717 1000 1931 1053 τελείω-

354 1107 438 1153 σις
454 1091 565 1152 τοῖς
590 1089 977 1161 λελαλημένοις
998 1093 1135 1163 αὐτῇ
1159 1094 1311 1163 παρὰ
1334 1093 1562 1163 Κυρίου,
1596 1092 1738 1162 ὑπὲρ
1751 1092 1931 1145 πᾶσαν

352 1180 546 1235 ὲλπίδα
574 1183 668 1234 καὶ
700 1181 909 1236 ἔννοιαν
932 1184 1025 1237 καὶ
1051 1182 1215 1253 φύσιν
1243 1182 1413 1249 οὖσιν,
1446 1183 1650 1253 ὁμοίως
1680 1181 1927 1251 προϊέναι

352 1272 473 1331 ταῖς
521 1272 628 1325 τῶν
660 1273 991 1342 σωματικῶν
1050 1273 1383 1344 σπερμάτων
1440 1271 1808 1327 τελειώσεσιν.
1862 1271 1931 1327 Ἦ

357 1364 456 1431 μὲν
476 1364 583 1434 γάρ
621 1367 700 1429 είς
735 1365 914 1437 σάρκα
935 1368 1135 1437 σπορὰ,
1168 1368 1233 1421 ἐκ
1259 1366 1563 1438 θελήματος
1588 1366 1789 1436 σαρκός
1816 1366 1931 1418 ἐστι

354 1454 683 1525 διιυθηθείσα
735 1458 871 1528 σάρξ
916 1458 1142 1528 δυνάμει
1173 1461 1410 1529 φυσικῇ*
1469 1460 1503 1529 ὴ
1533 1458 1591 1511 δὲ
1620 1459 1700 1521 είς
1752 1457 1931 1527 ψυχὴν

355 1547 538 1608 πίστις
570 1547 720 1600 ἐστὶν
763 1548 820 1614 ἐξ
852 1548 1098 1614 εὐδοκίας
1147 1547 1279 1602 Θεοῦ
1352 1548 1801 1618 σπινθηρισθεῖσα
1839 1547 1932 1600 καὶ

360 1654 460 1706 μετ
471 1639 721 1693 αδοθεῖσα
745 1641 871 1705 δόξα
896 1641 986 1694 διὰ
1014 1642 1187 1709 Λόγου
1222 1641 1422 1706 ζῶντος
1444 1640 1580 1693 Θεοῦ
1617 1640 1712 1694 καὶ
1747 1638 1934 1709 μένον-

357 1747 468 1793 τος.
513 1733 757 1800 γεννῶσα
810 1734 1253 1804 όμοιογνὼμονας
1301 1734 1403 1804 τῆς
1449 1734 1586 1797 ἰδίας
1627 1730 1930 1785 ἐνδιαθέτου

358 1826 595 1893 κρίσεως
621 1824 758 1894 τῷδε
778 1826 855 1897 τῷ
877 1829 1120 1896 εἰρηκότι
1139 1827 1273 1896 πρὸς
1292 1826 1383 1880 τὸν
1408 1826 1578 1894 Λόγον
1599 1822 1814 1889 ἑαυτοῦ,
1829 1825 1934 1878 Ἐν

2033 628 2164 697 (non
2195 628 2343 682 enim
2372 637 2618 699 tempore
2642 629 2850 699 indiget
2868 628 3219 699 omnipotens
3240 627 3309 682 ad
3329 626 3603 696 implenda

2030 734 2142 773 sua:
2173 720 2458 775 cbaritatis
2495 720 2787 790 consilia);
2824 736 2936 775 non
2974 722 3136 790 posse
3168 718 3415 774 enarrari
3445 717 3605 773 Verbi

2030 813 2447 882 conceptionem
2490 828 2559 867 ex
2584 812 2713 879 ﬁde,
2769 821 2826 866 et
2874 812 3115 882 denique
3156 818 3377 881 partum
3433 808 3607 877 beattr

2030 906 2270 976 Virginis
2292 906 2575 961 credentis
2598 906 2874 977 implenda
2897 920 3019 960 esse
3040 920 3161 974 quas
3181 903 3286 960 sibi
3316 918 3347 957 a
3376 902 3609 957 Domino

2032 997 2178 1052 dicta
2208 997 2448 1062 fuerant,
2475 1012 2642 1067 super
2670 1011 2889 1052 onmem
2930 1009 3107 1064 spem,
3141 1003 3198 1048 et
3221 990 3608 1062 cogitationem

2031 1068 2100 1147 et.
2120 1095 2399 1150 naturam,
2436 1085 2692 1142 similiter
2736 1090 3001 1153 praestare
3039 1078 3343 1149 corporalis
3386 1076 3612 1132 seminis

2033 1176 2360 1249 operationi.
2394 1173 2612 1230 Etenim
2660 1171 2845 1251 carnis
2887 1168 3215 1231 seminatio,
3257 1182 3388 1221 caro
3422 1172 3509 1220 est
3543 1178 3612 1219 ex

2033 1269 2215 1324 carnis
2244 1265 2550 1337 cupiditate
2573 1262 2809 1318 naturali
2842 1258 3089 1331 potentia
3122 1256 3323 1313 emissa
3349 1272 3363 1322 ;
3390 1264 3447 1310 et
3475 1253 3613 1310 ﬁdes

2032 1369 2228 1423 anima:
2270 1365 2542 1437 sapientia
2589 1374 2674 1420 est
2702 1379 2769 1417 ex
2797 1360 3065 1417 charitale
3092 1357 3213 1424 Dei,
3244 1372 3342 1427 per
3369 1355 3613 1411 Verbum

2031 1458 2127 1513 Dei
2146 1459 2337 1512 vivens
2358 1465 2412 1512 et
2432 1469 2785 1527 permanens.
2808 1452 3080 1522 fulgurata
3103 1457 3160 1504 et
3185 1444 3609 1508 communicata,

2033 1565 2155 1619 qure
2208 1548 2509 1619 participes
2552 1546 2683 1601 favit
2735 1542 3019 1614 sapientiae
3066 1539 3303 1611 prOpriaa
3325 1547 3382 1592 et
3412 1537 3613 1591 innata:

2034 1641 2213 1697 Patris
2243 1639 2481 1695 dicentis
2509 1637 2576 1692 ad
2637 1637 2863 1691 Verbum
2909 1649 3071 1688 suum
3104 1649 3117 1684 :
3146 1630 3211 1684 In
3241 1638 3289 1682 te
3320 1626 3446 1683 mihi
3474 1643 3617 1680 com-

2034 1732 2234 1802 placui.
2286 1732 2390 1786 Per
2426 1724 2592 1784 'lianc
2635 1725 2981 1798 spiritualem
3024 1720 3499 1793 regenerationem
3545 1729 3614 1771 ex

2034 1840 2174 1893 aqua
2209 1833 2265 1878 et
2300 1822 2520 1893 Spiritu,
2555 1820 2874 1890 quicunque
2917 1814 3097 1871 credit
3131 1814 3187 1867 in
3217 1811 3498 1867 Christum
3531 1806 3617 1862 in-

357 1915 457 1969 σοὶ
492 1915 799 1982 εὐδόκησα
824 1932 845 1953 ἰ
872 1921 1012 1973 κατὰ
1034 1919 1166 1988 γοῦν
1188 1919 1288 1987 τὴν
1315 1918 1523 1971 τοιάνδε
1553 1915 1929 1986 πνευματικὴν

2055 1912 2342 1979 rarnatum,
2385 1922 2639 1968 naturam
2674 1910 2859 1966 carnis
2882 1917 3058 1963 mutat
3088 1907 3144 1960 in
3172 1903 3464 1974 Spiritum,
3492 1900 3618 1954 abs-

357 2010 714 2080 ἀναγέννησιν
737 2011 829 2064 καὶ
850 2010 915 2063 δι’
937 2010 1128 2091 ῦδατος
1157 2013 1251 2066 καὶ
1276 2010 1415 2065 Πνεύ
1424 2028 1589 2081 ματος
1616 2010 1814 2071 πάντες
1834 2007 1934 2078 τὴν

360 2102 522 2171 φύσιν
548 2104 649 2175 τῆς
675 2106 874 2177 σαρκὸς
902 2109 982 2172 είς
1016 2105 1232 2177 πνεῦμα
1253 2106 1496 2176 άχρόνως
1516 2100 1939 2171 άναγεννώμεθα

359 2191 410 2246 oi
444 2196 790 2259 πιστεύοντες
834 2196 911 2267 τῷ
959 2195 1136 2260 οὕτως
1198 2195 1339 2249 κατὰ
1388 2194 1567 2262 σάρκα
1622 2188 1936 2260 γεννηθέντι

257 2306 263 2311 -
361 2283 582 2355 Χριστῷ
605 2301 618 2314 ·
652 2285 739 2340 διά
770 2286 828 2339 τὸ
857 2287 914 2339 ἐν
952 2286 1116 2356 σαρκὶ
1135 2280 1302 2340 οὖσαν
1334 2283 1433 2356 τὴν
1458 2282 1659 2353 ψυχὴν,
1692 2296 1940 2349 πνευμα-

362 2372 524 2443 τικὴν
549 2375 700 2444 ὅμως
722 2374 890 2445 τήνδε
926 2375 1156 2445 σπορὰν,
1198 2374 1294 2427 καὶ
1327 2371 1713 2444 πνευματικῶς
1766 2386 1938 2423 κατα-

363 2463 664 2535 δεξαμένην
687 2468 1040 2537 ὲνωθῆναιτῇ
1071 2466 1273 2537 κρίσει,
1320 2466 1699 2536 πνευματικῆς
1728 2462 1943 2532 φύσεως

288 2558 291 2559 ⁷
364 2557 663 2628 ἀξιωθῆναι
683 2575 696 2589 ⁸
729 2559 810 2613 διὸ
830 2559 1000 2631 καὶτῇ
1026 2561 1187 2631 φύσει
1206 2575 1220 2592 ο
1245 2558 1337 2612 τὸν
1365 2558 1473 2631 γὰρ
1494 2557 1653 2624 λόγον
1686 2574 1800 2621 σου,
1826 2554 1943 2608 K6-

369 2669 472 2722 ριε,
492 2645 665 2708 είτουν
690 2673 709 2707 ι
744 2655 931 2723 φόϐον,
958 2656 1016 2708 ὲν
1032 2654 1234 2725 γαστρὶ
1248 2653 1534 2724 ἐλάϐομεν,
1562 2651 1659 2706 καὶ
1682 2651 1946 2720 ὼδινήσα-

369 2762 470 2817 μεν
513 2765 532 2797 ι
572 2750 637 2818 τῇ
674 2746 854 2800 πίστει
883 2747 1063 2813 αὐτὸν,
1091 2748 1147 2801 ὲν
1168 2747 1383 2811 ἑαυτοῖς
1405 2744 1657 2817 ὲργωδῶς
1688 2742 1949 2811 τελεσφο-

373 2840 619 2910 ροῦντες,
663 2859 682 2891 ‹
723 2841 818 2894 καὶ
851 2841 1113 2911 ἐτέκομεν
1144 2839 1362 2909 πνεῦμα
1404 2837 1680 2909 σωτηρίας
1711 2836 1738 2890 ὃ
1764 2836 1950 2903 ἐποιή-

377 2947 552 3000 σαμεν
578 2931 669 2984 ἐπὶ
694 2933 791 3002 τῆς
820 2930 943 3001 γῆς.
980 2949 1000 2982 ι
1032 2929 1090 2984 Ὀ
1117 2929 1225 3000 γὰρ
1252 2931 1308 2983 ὲν
1332 2928 1496 2999 σαρκὶ
1512 2926 1609 2991 ὢν,
1627 2926 1722 2980 καὶ⁵
1747 2924 1822 2997 μὴ
1840 2926 1950 2988 τοῖς

370 3023 513 3076 κατά
567 3028 743 3095 σάρκα
776 3022 1144 3092 φαινομένοις,
1195 3020 1333 3075 ἀλλὰ
1374 3023 1489 3083 τοῖς
1543 3018 1685 3073 κατὰ
1735 3016 1954 3086 πνεῦμα

372 3114 671 3183 τιθέμενος,
724 3115 916 3169 ἑαυτοῦ
955 3132 1073 3178 πως
1126 3114 1224 3184 τὴν
1268 3113 1519 3168 σύνθεσιν
1575 3108 1940 3183 μεταμείϐειο

373 3205 495 3260 ἀντὶ
520 3208 620 3288 τῆς
648 3210 714 3279 τῇ
752 3208 915 3281 σαρκὶ
951 3210 1185 3280 φυσικῆς
1218 3205 1615 3277 συμφορήσεως
1644 3199 1950 3271 ἀποσχίσας

2037 2026 2144 2080 que
2178 2017 2459 2079 tempore;
2487 2022 2609 2062 nam
2642 2005 2824 2058 anima
2849 2017 2971 2071 quae
2995 2000 3049 2053 in
3088 2012 3253 2060 carne
3284 2003 3391 2057 est,
3426 2001 3482 2047 et
3512 1991 3619 2046 hoc

2038 2116 2227 2157 semen
2280 2098 2573 2170 spirituale
2624 2094 2992 2165 spiritualiter
3046 2089 3286 2159 accipit,
3335 2082 3621 2154 sapientia:

2040 2188 2250 2251 unitur,
2303 2184 2577 2256 spirituali
2623 2193 2823 2237 natura
2853 2180 3017 2251 digna
3042 2178 3348 2249 iudicatur,
3384 2173 3621 2241 ideoque

2040 2288 2097 2335 ct
2126 2287 2337 2333 natura:
2374 2277 2585 2331 unitur.
2618 2274 2836 2329 Etenim
2865 2272 3095 2326 verbum
3134 2279 3313 2333 tuum,
3364 2263 3620 2322 Domine,

2045 2387 2142 2427 seu
2183 2390 2200 2422 ι
2239 2372 2491 2424 timorem
2525 2369 2582 2422 in
2637 2375 2794 2420 utero
2839 2363 3175 2432 accepimus,
3217 2366 3275 2414 et
3328 2354 3626 2426 parturivi-

2044 2478 2212 2518 mus»
2274 2461 2381 2516 ﬁde
2435 2469 2491 2515 et
2529 2458 2793 2529 operibus
2842 2457 2900 2511 in
2950 2452 3114 2509 nobis
3159 2448 3517 2522 protulimus,
3571 2454 3631 2500 et

2032 2572 2069 2627 ¹ι
2109 2552 2427 2624 peperimus
2457 2549 2712 2621 spiritum
2757 2546 2953 2602 salutis
3006 2553 3132 2608 ture,
3182 2557 3347 2614 quem
3396 2541 3631 2596 fecimus

2049 2663 2216 2717 super
2247 2645 2532 2700 terram”.
2565 2661 2582 2694 ›
2612 2642 2717 2709 Qui
2743 2640 2892 2697 enim
2920 2638 3194 2695 exsistens
3225 2637 3279 2692 in
3311 2652 3496 2702 carne,
3517 2650 3631 2690 non

2049 2742 2185 2795 vivit
2212 2738 2517 2793 secundum
2560 2750 2809 2801 carnem,
2860 2733 2956 2789 sed
3003 2731 3310 2787 secundum
3346 2728 3632 2799 spiritum,

2052 2850 2207 2890 suam
2254 2830 2631 2889 conditionem
2684 2827 2871 2897 aliquo
2903 2824 3069 2879 modo
3095 2820 3388 2877 convertit.
3418 2818 3635 2874 Nedum

2055 2924 2376 2996 temporalia
2407 2920 2561 2977 carni
2610 2927 2927 2990 congreget,
2984 2914 3227 2986 seipsum
3276 2912 3534 2982 abnegat,
3581 2917 3642 2966 et

2054 3017 2317 3076 Ecclesia:
2353 3013 2628 3086 spirituali
2666 3026 2789 3082 quae
2836 3008 3019 3065 tendit
3070 3007 3136 3062 ad
3193 3005 3484 3076 Spiritum,
3541 3018 3641 3058 seu

2056 3111 2301 3167 Verbum
2334 3108 2455 3173 Dei,
2490 3106 2550 3161 ﬁt
2584 3105 2790 3160 socius.
2823 3101 2927 3169 Qui
2959 3100 3128 3172 igitur
3173 3098 3415 3153 Domino
3446 3096 3527 3151 sic
3560 3110 3647 3165 ag-

2060 3199 2387 3272 glutinetur,
2428 3211 2574 3251 unus
2603 3193 2832 3264 spiritus
2863 3200 2947 3247 est
2984 3204 3109 3245 cum
3140 3203 3229 3245 eo.

374 3276 595 3369 ἑαυτὸν,
637 3276 732 3358 καὶ
775 3276 873 3374 της
915 3276 1053 3373 πρὸς
1102 3276 1163 3354 τί)
1225 3298 1450 3369 Πνεῦμα
1487 3299 1516 3352 ὅ
1575 3298 1724 3350 ἐστιν
1792 3295 1821 3347 ό
1857 3292 1990 3357 Θεὸς
2022 3290 2193 3361 Λόγος
2246 3291 2541 3361 γενόμενος
2599 3286 2886 3358 γνωμικῆς
2939 3282 3327 3345 συνελεύσεως.
3401 3280 3460 3334 Ὀ
3516 3276 3650 3349 γοῦν

375 3399 519 3455 οὕτω
561 3396 903 3473 κολλώμενος
935 3398 1013 3469 τῷ
1060 3395 1271 3467 Κυρίῳ,
1307 3394 1365 3447 ἓν
1416 3389 1636 3445 πνεῦιιά
1674 3389 1792 3442 ἐστι
1830 3387 1927 3441 σὺν
1964 3384 2132 3455 αύτῷ.
2763 3407 2771 3415 -

955 3507 1208 3564 ΚΕΦΔΛ.
1242 3503 1374 3561 KA'.

449 3604 620 3659 Πάλιν
655 3597 749 3657 οῦν
778 3617 973 3671 φασινή
1000 3601 1064 3654 El
1091 3600 1205 3663 τοῖς
1232 3596 1517 3668 ίδιώμασιν
1558 3592 1723 3649 αὐτοῦ
1764 3593 1794 3648 δ
1823 3582 1956 3656 Θέδς

377 3698 552 3767 Λόγος
603 3696 1012 3766 διακρινόμενος
1064 3691 1159 3745 τοῦ
1189 3690 1474 3761 όμοουσίου
1540 3685 1705 3741 αὑτοῦ
1745 3684 1959 3756 Πατρὺς

381 3790 476 3843 καὶ
521 3784 1208 3857 Πνεῦματος,νὺπόστασις
1254 3781 1415 3845 εὐθὺς
1451 3782 1672 3843 νοεῖται,
1727 3775 1961 3839 καὶτοῖς

387 3882 669 3954 ίδιὼμασιν
719 3879 889 3948 αὐτῆς
917 3878 1025 3949 ἄρα
1060 3878 1094 3945 ἡ
1131 3875 1266 3947 σάρξ
1305 3872 1469 3927 αὑτοῦ
1501 3870 1662 3940 τυχόν
1692 3868 1770 3940 τῷ
1833 3867 1960 3919 ἄνευ

381 3975 658 4045 ἁμαρτίας
682 3975 746 4026 ὲκ
766 3968 1042 4041 Παρθένου
1061 3958 1343 4038 προελθεῖν
1363 3964 1583 4027 καὶτοῖς
1610 3959 1837 4014 τοιοῖσδε
1854 3958 1964 4011 τῶν

382 4067 683 4139 ὁμοουσίων
713 4065 852 4133 αὑτὴ
880 4063 1099 4117 πάντων
1130 4058 1526 4130 διακεκριμένη
1557 4054 1719 4116 εὐθὺς
1748 4052 1843 4105 καὶ
1869 4050 1963 4121 ἥδε

385 4161 681 4221 ὑπόστασις
699 4157 917 4226 νοηθείη
934 4173 947 4187 ·
982 4155 1103 4207 ἐπεὶ
1119 4149 1211 4206 οὖν
1246 4154 1319 4222 μὴ
1344 4149 1413 4202 τά
1432 4147 1575 4202 αὐτὰ
1594 4145 1689 4199 τοῦ
1710 4146 1883 4212 Λόγου
1903 4159 1963 4196 τε

385 4255 479 4310 καὶ
500 4253 600 4320 τῆς
619 4250 822 4321 σαρκὸς
837 4247 905 4300 τὰ
931 4244 1216 4315 ἰδιώματα,
1246 4242 1364 4296 οὐδὲ
1382 4242 1438 4294 αἱ
1465 4237 1795 4297 ὑποστάσεις
1822 4234 1929 4306 ἄρα
1947 4249 1962 4263 ·

387 4348 502 4411 πῶς
530 4343 623 4401 οὖν
660 4346 756 4416 μία
785 4341 1081 4401 ὑπόστασις
1131 4337 1261 4407 ὑμῖν
1300 4337 1334 4406 ὴ
1365 4334 1474 4387 τῶν
1521 4332 1616 4385 δύο
1658 4347 1716 4382 τε
1749 4327 1966 4398 φύσεων

386 4442 481 4497 καὶ
514 4440 706 4501 διττῶς
728 4432 1160 4503 διακεκριμένων
1205 4431 1269 4483 ὲκ
1298 4428 1408 4481 τῶν
1452 4422 1711 4496 ὁμοφυῶν
1754 4418 1966 4484 λελόγι-

389 4551 541 4598 σται;
578 4530 719 4584 Ἀλλ’
754 4527 975 4596 εὔδηλόν
1008 4526 1125 4578 ἐστι
1164 4522 1242 4591 τῷ
1291 4514 1795 4591 προσεκτικώτερον
1846 4512 1967 4563 ὲπι-

389 4626 656 4695 ϐάλλοντι,
692 4622 766 4685 ὡς
816 4620 885 4673 τὰ
933 4618 1034 4687 τῆς
1070 4614 1268 4683 σαρκὸς
1300 4612 1392 4665 τοῦ
1448 4608 1653 4678 Κυρίου
1700 4604 1971 4674 ἰδιώματα

388 4720 585 4779 πάντα,
613 4718 695 4768 ἐνὶ
726 4708 1140 4779 καθολικωτέρῳ
1160 4704 1319 4774 αἰτίῳ
1368 4700 1549 4756 αὐτῶν
1576 4699 1795 4752 πάντων
1831 4692 1972 4748 ἰδιώ-

391 4829 520 4882 ματι
558 4808 727 4877 αὐτῆς
770 4803 1118 4873 περιέχεται·
1176 4798 1204 4850 δ
1246 4797 1362 4848 ἔστι
1395 4792 1527 4846 αὐτὸ
1575 4789 1734 4843 τοῦτο
1774 4787 1836 4841 τὺ
1895 4785 1969 4856 μὴ

387 4855 541 4954 ans.
588 4855 755 4966 abtlhv
788 4855 880 4947 καὶ
1036 4886 1163 4941 καθ’
1193 4883 1362 4954 αὐτὴν
1421 4879 1583 4949 φύσιν
1617 4876 1791 4945 αὐτῆς
1829 4855 1964 4945 ψιλῇ
1998 4855 2041 4910 θ

388 4990 689 5060 ὑποστῆναι
725 4984 896 5055 αὐτὴν
948 4980 1166 5039 πώποτε
1189 4993 1205 5008 ·
1231 4975 1311 5030 διὸ
1341 4972 1437 5026 καὶ
1463 4971 1564 5023 ὅσα
1605 4966 1787 5029 ίδικῶς
1819 4961 1970 5032 αὐτῷ

390 5056 714 5154 ἐμφαίνεται
731 5078 895 5148 ἕτερα
918 5073 1185 5142 ἰδιώματα
1206 5065 1361 5137 παρὰ
1384 5063 1593 5124 πάντας
1626 5056 1967 5129 ἀνθρώπους,

387 5148 563 5229 ταῦτά
598 5174 713 5224 ἐστι
747 5164 1051 5238 θεοπρεπῆ,
1078 5158 1190 5215 οἷον
1229 5160 1263 5229 ἡ
1285 5154 1670 5225 ἀναμάρτητος
1691 5148 1968 5238 γέννησις,

389 5267 484 5319 καὶ
512 5266 808 5324 ἄπταιστος
848 5259 1026 5327 πάντη
1050 5252 1332 5312 διαδίωσις
1363 5244 1551 5309 αὑτοῦ,
1582 5244 1616 5313 ἡ
1658 5236 1970 5305 πανάγαθος

393 5359 646 5428 πρόθεσις
676 5357 784 5421 ἀεὶ,
820 5356 853 5422 ἡ
913 5349 1290 5423 ὐπερδύναμος
1338 5340 1483 5425 πρὸς,
1526 5326 1971 5428 θαυματουργίαν

398 5450 552 5523 ἰσχὺς
600 5448 790 5517 αὐτῆς,
824 5446 1130 5516 ὑπέρσοφος
1161 5436 1386 5508 γνῶσις,
1429 5432 1465 5501 ἡ
1527 5423 1848 5483 παντέλειος
1878 5418 1973 5472 καὶ

394 5512 679 5612 ὑπερφυὴς
726 5512 1049 5608 άρετὴξκαι
1079 5532 1149 5585 τά
1185 5528 1363 5584 τοιάδε
1400 5525 1547 5577 θεῖα’
1578 5520 1626 5573 εί
1672 5516 1731 5569 δὲ
1761 5512 1979 5612 τάήθεῖα

395 5636 496 5689 οὐκ
524 5633 653 5688 ἄνευ
676 5631 823 5694 θείας
860 5626 1073 5697 φύσεώς
1106 5640 1239 5677 ποτε
1287 5618 1562 5691 φαίνεται,
1599 5610 1693 5665 καὶ⁴
1740 5605 1807 5660 τὰ
1834 5600 1979 5658 ἰδιώ-

401 5745 547 5799 ματα
595 5724 779 5793 πάσης
805 5720 1157 5782 ὑποστάσεως
1198 5713 1370 5785 αὐτῆς
1414 5708 1557 5772 ἰδίως
1594 5698 1733 5758 εἶναι
1768 5699 1867 5753 δεῖ.
1903 5695 1980 5748 Οὐ

471 5875 519 5910 ⁸⁵
541 5875 643 5931 lsa.
679 5884 825 5935 xxvu,
865 5865 953 5921 l8.

2681 3492 2836 3549 CAP.
2868 3490 2989 3547 XXI
3000 3533 3011 3546 .

2136 3589 2206 3644 Et
2229 3602 2422 3643 rursus
2441 3586 2702 3657 inquiunt
2736 3602 2750 3638 :
2780 3583 3019 3640 Verbum
3046 3579 3144 3636 Dei
3183 3578 3301 3635 suis
3328 3577 3651 3634 notionibus

2064 3698 2096 3738 a
2140 3683 2302 3737 Patre
2329 3688 2386 3735 et
2440 3677 2651 3748 Spiritu
2700 3671 3266 3731 consubstantialibus
3307 3669 3652 3733 distinctum,

2066 3787 2305 3844 persona
2329 3786 2449 3827 esse
2471 3769 2655 3824 statim
2691 3765 3024 3836 intelligitur
3046 3781 3062 3818 :
3084 3764 3162 3820 sic
3183 3762 3359 3833 ipsius
3383 3777 3513 3816 caro
3535 3778 3658 3832 quae

2069 3865 2186 3919 suis
2242 3860 2672 3934 proprietatibus
2726 3873 2923 3926 nempe
2981 3864 3108 3909 ortu
3178 3853 3529 3908 immaculato
3589 3867 3656 3907 ex

2070 3955 2315 4025 Virgine.
2363 3961 2419 4008 et
2456 3950 2580 4006 aliis
2634 3944 2911 4005 similibus
2938 3944 3316 4015 {distinguitur
3359 3942 3429 3998 ab
3476 3942 3660 3996 homi-

2070 4028 2234 4100 nibus
2261 4042 2513 4115 ejusdem
2546 4050 2783 4102 naturte,
2811 4052 3046 4110 persona
3071 4034 3347 4091 censenda
3376 4044 3497 4100 est;
3534 4049 3659 4088 cum

2072 4152 2203 4207 ergo
2231 4135 2437 4191 eaedem
2485 4148 2595 4188 non
2634 4131 2746 4187 sint
2772 4130 2941 4187 Verbi
2970 4137 3026 4183 et
3056 4127 3239 4205 carnis
3270 4127 3659 4197 proprietates.

2072 4244 2253 4299 neque
2282 4227 2487 4282 eaedem
2531 4238 2815 4295 personat;
2864 4220 3011 4276 unde
3044 4235 3174 4290 ergo
3222 4235 3331 4273 una
3369 4232 3602 4288 persona
3629 4232 3659 4271 a

2072 4322 2232 4377 vobis
2264 4321 2574 4391 assignatur
2594 4358 2608 4383 ,
2640 4333 2762 4387 qua:
2811 4313 3023 4370 naturis
3054 4312 3270 4367 duabus
3323 4320 3559 4375 constat,
3606 4317 3666 4361 et

2021 4426 2027 4437 ‘
2076 4417 2269 4471 iisdem
2293 4414 2590 4483 dupliciter
2614 4408 2850 4465 diversis
2870 4423 2900 4461 a
2920 4413 3117 4460 natura
3145 4402 3392 4473 ejusdem
3422 4398 3664 4470 speciei?

2075 4509 2407 4579 Diligentius
2438 4503 2748 4561 attendenti
2772 4508 2987 4556 certum
3015 4498 3107 4551 ﬁet
3128 4510 3323 4550 omnes
3349 4491 3531 4545 (aruis
3551 4489 3666 4544 bo-

2077 4602 2295 4657 miuica:
2328 4598 2704 4669 proprietates
2741 4593 2836 4647 uni
2880 4590 3097 4645 cuidam
3137 4587 3311 4656 magis
3360 4581 3664 4639 universali

2079 4691 2429 4765 proprietati,
2484 4697 2541 4743 et
2591 4695 2915 4742 casterarum
2969 4680 3264 4737 causativa:
3323 4676 3664 4741 incumbere,

2082 4802 2204 4857 qum
2259 4783 2382 4838 talis
2429 4790 2514 4836 est
2548 4798 2564 4834 :
2597 4793 2725 4833 caro
2752 4776 2871 4831 sine
2904 4774 3040 4837 Deo,
3074 4782 3130 4826 et
3185 4771 3241 4825 in
3288 4785 3384 4825 sua
3432 4767 3665 4825 naturali

2072 4890 2308 4948 persona
2366 4885 2652 4940 nunquam
2688 4865 2959 4922 substitit.
3010 4863 3081 4919 Et
3129 4862 3255 4917 ideo
3319 4872 3666 4930 quacunque

2073 4967 2193 5020 aliae
2243 4962 2613 5034 preprietatcs
2649 4959 2705 5012 in
2752 4955 2983 5010 Domino
3014 4951 3240 5023 proprie
3279 4950 3665 5011 inveniuntur,

2072 5064 2129 5110 et
2162 5054 2217 5109 in
2256 5052 2489 5121 reliquis
2528 5046 2849 5102 hominibus
2866 5041 3153 5106 deﬁciunt,
3181 5055 3261 5096 ea:
3299 5038 3501 5107 divinae
3540 5044 3671 5090 sunt

2073 5150 2217 5205 sicut
2247 5144 2506 5201 nativitas
2551 5137 2940 5201 immaculata,
2996 5132 3262 5189 sanctitas
3296 5130 3467 5185 totius
3518 5127 3670 5199 vitae,

2074 5236 2293 5292 bonitas
2319 5231 2557 5297 consilii,
2586 5230 2643 5283 in
2668 5226 2950 5282 miraculis
2988 5222 3417 5293 omnipotentia,
3448 5218 3674 5288 sapicn~

2076 5327 2153 5383 tia
2197 5324 2487 5389 doctrinae,
2513 5320 2755 5391 perfecta
2796 5328 2852 5372 et
2887 5312 3327 5386 supernaturalis
3361 5311 3560 5372 virtus,
3609 5314 3669 5361 et

2078 5426 2274 5475 caetera
2301 5416 2508 5470 divina.
2543 5412 2600 5467 Si
2626 5426 2793 5482 opera
2843 5408 3029 5464 divina
3074 5407 3192 5461 sine
3232 5403 3419 5459 divina
3461 5411 3661 5456 natura

2080 5523 2363 5578 nunquam
2406 5512 2757 5565 exercentur,
2790 5509 2847 5557 et
2871 5500 3236 5571 proprietates
3262 5496 3390 5566 ipsa:
3413 5492 3510 5548 toti
3540 5506 3669 5561 per-

2082 5616 2229 5655 sona:
2279 5597 2502 5669 proprie
2554 5593 2863 5649 tribuenda:
2930 5599 3107 5657 sunt;
3156 5603 3279 5659 quae
3333 5585 3480 5641 enim
3529 5588 3659 5636 sunt

2085 5692 2247 5747 unius
2272 5704 2539 5761 personae,
2579 5684 2744 5751 vel‘in
2772 5698 2879 5740 una
2898 5682 3178 5747 videntur,
3207 5676 3369 5734 alteri
3408 5684 3658 5746 peream:
