3916 6562
395 477 535 548 1587
1327 498 1344 512 ⁴
1656 502 1970 565 LEONTII

2091 505 2415 568 'ZANTINI
3523 509 3669 577 1588
3756 511 3766 526 ⁸

394 602 575 658 cimus
597 602 838 660 animam
867 611 1231 679 pmnitentem
1277 614 1344 670 ad
1375 615 1542 672 vitam
1587 618 1970 691 emigravisse,

2091 622 2158 694 νῷ
2186 639 2285 694 την
2339 622 2438 693 μὲν
2466 619 2644 694 ψυχὴν
2674 622 2764 677 διὰ
2813 625 3104 695 μετανοίας
3141 625 3282 698 πρὸς
3311 626 3459 700 ζωὴν
3495 647 3666 701 μετα-

392 705 598 763 corpus
623 710 756 752 vero
786 714 1007 769 passum
1049 706 1117 761 ad
1148 717 1404 775 mortem,
1434 711 1696 767 cruribus
1717 713 1838 783 ejus
1862 728 1994 768 non-

393 786 594 855 ruptis,
629 805 740 844 non
772 789 947 848 fracto
977 797 1180 866 capite,
1213 801 1357 869 pelle
1396 817 1506 856 non
1545 803 1811 869 detracta,
1859 819 1976 875 pec

392 876 571 934 divisa
599 880 932 941 substantia.
973 887 1113 954 Quia
1141 906 1273 946 vero
1304 890 1596 950 id'acci'dit
1645 898 1741 952 nni
1777 899 1860 953 vel
1893 899 1976 953 al-

391 970 496 1024 teri
529 980 764 1042 naturae,
799 978 892 1032 uni
921 987 978 1033 et
1011 981 1169 1036 alteri
1218 985 1489 1050 membro,
1533 987 1664 1044 huic
1703 999 1760 1044 et
1792 991 2001 1057 alteri,~

389 1075 503 1118 non
532 1063 660 1122 ideo
691 1065 832 1125 duas
868 1085 992 1128 esse
1024 1088 1290 1144 personas
1316 1078 1562 1134 cruciﬁxi
1593 1079 1971 1154 intelligimus.

990 1362 1146 1418 CAP.
1179 1363 1368 1422 XXVI.
1979 1415 1984 1420 .

463 1445 522 1504 Si
541 1463 791 1519 personae
823 1452 980 1523 juxta
1017 1465 1246 1512 naturas
1263 1473 1374 1513 non
1405 1457 1842 1531 distinguuntur,
1877 1460 1974 1517 sed

392 1536 449 1593 in
468 1555 574 1594 ulla
596 1555 830 1610 persona
857 1544 1144 1610 uniuntur,
1161 1547 1577 1604 cumChrSstum
1605 1566 1774 1605 unum
1799 1551 1996 1607 homi-

392 1642 519 1682 nem
573 1640 733 1685 vocat
765 1630 1073 1703 Scriptura,
1105 1635 1238 1704 quid
1281 1637 1702 1708 intelligendum
1725 1649 1829 1705 est,
1867 1624 1976 1696 una

392 1717 739 1786 substantia,
787 1726 857 1777 et‘
889 1740 999 1780 una
1046 1741 1302 1796 persona,
1351 1729 1440 1784 vel
1488 1729 1778 1785 dimidium
1812 1731 1977 1800 unius

392 1809 716 1867 substantia:
748 1823 805 1868 et
829 1832 1080 1886 personae
1114 1819 1316 1876 unius?
1347 1821 1427 1889 Si,
1452 1823 1600 1892 quod
1628 1824 1744 1894 ipse
1766 1825 1974 1892 fateris,

391 1899 651 1959 Christus
684 1921 795 1960 non
843 1917 930 1963 est
962 1911 1142 1965 solum
1193 1912 1360 1967 homo
1391 1913 1708 1970 ordinarius
1753 1924 1809 1971 et
1842 1918 1978 1971 sim-

335 1984 354 2002 ’
390 1995 536 2064 plex,
563 1999 666 2052 sed
697 2008 753 2054 et
783 2001 948 2068 Deus,
990 2004 1094 2075 ipsi
1144 2021 1175 2059 a
1216 2016 1270 2060 te
1298 2007 1442 2061 idem
1471 2023 1802 2078 quaaremus.
1839 2009 1976 2064 Cum

391 2086 710 2158 Scripturas
743 2094 1033 2151 audiemus
1051 2097 1328 2152 Christum
1363 2114 1533 2153 unum
1575 2100 1854 2156 hominem
1882 2118 1980 2157 vo-

391 2190 603 2248 cantes,
627 2184 761 2254 quid
792 2185 1101 2260 intelligere
1131 2190 1396 2247 debemus
1416 2193 1441 2244 ?
1470 2208 1640 2248 unum
1673 2191 1975 2262 Christum,-

389 2273 498 2337 vel,
535 2277 772 2332 mediam
813 2290 1022 2349 partem
1055 2281 1309 2337 Christi?
1343 2279 1539 2355 Liquet
1588 2301 1720 2357 ergo
1766 2302 1833 2342 ex
1868 2303 1978 2343 una

389 2364 631 2432 partium
666 2368 972 2434 nominata,
1018 2379 1194 2426 totum
1222 2375 1520 2442 nominari,
1572 2376 1859 2430 sicutcnm
1885 2376 1975 2431 di-

389 2464 540 2510 ctum
561 2456 666 2512 fuit
691 2475 704 2512 :
736 2477 754 2510 ι
791 2459 872 2514 Ad
897 2469 950 2516 te
965 2463 1146 2518 omnis
1173 2480 1302 2520 caro
1325 2467 1538 2534 veniet;
1574 2486 1592 2518 ›
1623 2474 1679 2522 et
1709 2486 1727 2518 ι
1753 2468 1976 2525 Animas

388 2562 696 2621 pauperum
733 2559 965 2608 tuorum‘
978 2571 1047 2610 ne
1071 2556 1416 2615 obliviscaris
1446 2558 1502 2614 in
1533 2557 1696 2615 linem
1720 2561 1786 2615 ".
1828 2579 1848 2614 ι

977 2751 1130 2808 CAP.
1154 2751 1383 2808 xxvn.
1614 2817 1630 2834 ,

461 2839 519 2895 Si
567 2856 677 2896 non
713 2848 843 2896 sunt
888 2841 1164 2898 distincta:
1195 2845 1289 2899 Dei
1343 2854 1400 2900 et
1434 2844 1680 2901 hominis
1702 2861 1973 2917 personar,

383 2930 539 3002 juxta
583 2940 861 3006 naturam,
910 2941 1060 3003 patet
1084 2935 1234 3004 quod
1265 2936 1412 2991 Deus
1439 2952 1548 2991 non
1585 2937 1656 2992 sit
1682 2938 1828 2993 Deus
1857 2939 1975 2994 sine

366 3021 634 3089 homine,
662 3039 844 3095 neque
874 3025 1040 3080 homo
1069 3026 1141 3082 sit
1191 3027 1358 3082 homo
1403 3028 1524 3085 sine
1551 3030 1683 3084 Deo.
1736 3030 1856 3085 Non
1891 3027 2000 3087 est
2034 3021 2052 3038 ⁶

388 3131 583 3170 revera
639 3115 694 3171 in
745 3115 973 3172 Christo
1019 3134 1036 3173 :
1087 3118 1277 3190 sicque
1320 3121 1558 3176 efﬁcitur
1607 3123 1973 3192 Emmanuel,

388 3206 518 3277 quia
550 3206 813 3281 deinceps
843 3209 992 3266 Deus
1015 3225 1236 3282 semper
1257 3220 1344 3266 est
1380 3214 1689 3270 nobiscum.

976 3398 1130 3456 CAP.
1165 3400 1414 3458 XXVIII.

459 3489 564 3558 Ubi
611 3505 864 3562 personae
894 3530 910 3554 .
964 3502 1164 3574 natura
1212 3492 1506 3559 distinctae,
1545 3492 1602 3548 in
1636 3493 1856 3550 unione
1889 3493 1979 3570 di-

389 3573 606 3642 stinctae
633 3600 743 3640 non
790 3573 1170 3656 perseverant,
1203 3600 1392 3640 earum
1433 3584 1566 3640 unio
1594 3599 1706 3640 non
1744 3593 1829 3640 est
1870 3585 1978 3640 nisi

389 3686 601 3734 naturae
635 3678 908 3733 alteratio.
939 3678 1086 3749 Ergo
1124 3679 1386 3734 alteratur
1418 3686 1475 3733 et
1525 3677 1666 3750 ignis
1691 3686 1889 3733 natura
1921 3678 1978 3734 in

389 3771 540 3828 ferro
575 3771 855 3839 candenti,
887 3772 1162 3843 siquidem
1199 3773 1341 3844 ignis
1367 3789 1603 3844 persona
1642 3789 1673 3828 a
1705 3772 1834 3828 ferri
1867 3789 1979 3832 non

390 3865 759 3932 discernitur;
797 3865 873 3920 ita
895 3865 1061 3921 etiam
1099 3873 1155 3921 et
1187 3865 1385 3922 anima:
1431 3863 1741 3923 substantia
1767 3864 1823 3918 in
1854 3879 1980 3920 cor-

390 3971 548 4030 pore.

996 4047 1148 4104 CAP.
1190 4045 1384 4102 XXIX.

465 4138 571 4194 Ubi
627 4141 876 4210 quaedam
928 4138 1170 4192 libenter
1225 4136 1536 4199 uniuntur,
1596 4134 1729 4190 huic
1783 4134 1980 4190 uniuni

395 4246 682 4301 nunquam
742 4231 901 4286 obest
972 4243 1333 4300 personarum
1411 4227 1717 4284 distinctio.
1788 4227 1979 4296 Neque

394 4339 530 4396 ergo
555 4324 609 4378 in
646 4340 754 4380 una
791 4337 1027 4394 persona
1063 4323 1354 4388 uniuntur,
1406 4322 1499 4376 illa
1531 4321 1769 4376 libenter
1791 4321 1983 4392 juncta

395 4416 580 4472 oberit
652 4429 1018 4488 personarum
1087 4413 1395 4469 distinctio.
1457 4412 1750 4468 Distinctio
1814 4412 1982 4482 igitur

395 4508 593 4563 nnioni
617 4524 728 4563 non
755 4507 1104 4571 adversatur,
1137 4506 1234 4560 ubi
1257 4504 1368 4560 duo
1393 4505 1448 4559 in
1474 4519 1607 4569 uno,
1643 4504 1700 4559 in
1723 4519 1830 4557 una
1862 4500 1985 4572 per-

394 4615 530 4655 sona
567 4600 898 4672 junguntur.
925 4597 1215 4655 Contraria
1240 4589 1402 4652 isimul
1428 4596 1736 4652 subsistere
1765 4603 1851 4650 est
1881 4593 1983 4675 im:

2006 3338 2048 3396 ρ
2081 3315 2241 3372 Θεοῦ.

2067 715 2392 786 βεϐηκέναι,
2419 715 2482 768 τὸ
2514 715 2570 768 δὲ
2600 716 2759 787 σῶμα
2795 716 2886 771 διά
2913 718 3210 790 παθήσεως
3240 721 3380 792 πρὸς
3410 721 3663 786 θάνατον.

2077 806 2194 862 ἀλλ’
2221 807 2342 860 οὐδὲ
2374 807 2712 862 θλασθέντων
2745 808 2912 864 αὑτοῦ
2941 810 3052 867 τῶν
3084 811 3315 879 σκελῶν,
3346 814 3424 886 μὴ
3459 833 3663 871 κατεα-

2077 899 2268 970 γείσης
2306 899 2364 953 δὲ
2407 899 2573 953 αὐτοῦ
2604 899 2704 971 τῆς
2731 902 3035 974 κεφαλῆςῆ
3063 903 3456 977 άλλοιωθείσης
3494 907 3663 963 αὑτοῦ

2068 989 2410 1058 ,τῆς-χροιᾶς,
2443 988 2566 1059 οὐχὶ
2594 990 2654 1043 δὲ
2688 991 2783 1044 καὶ
2812 991 2907 1045 τοῦ
2933 993 3218 1064 σχήματος
3239 1010 3253 1024 ·
3284 995 3364 1064 τῷ
3395 997 3504 1067 γάρ
3529 999 3664 1069 civi}-

2078 1098 2195 1135 κειν
2220 1081 2383 1152 ἑτέρᾳ
2412 1081 2504 1135 καὶ
2530 1081 2696 1153 ἑτέρᾳ
2729 1082 2914 1152 φύσει,
2945 1085 2982 1156 ἢ
3025 1086 3199 1158 ἑτέρῳ
3235 1087 3332 1141 καὶ
3359 1088 3532 1160 ἑτέρῳ
3567 1090 3666 1160 μέςο
3757 1117 3768 1126 -

2081 1189 2185 1244 ρει,
2227 1173 2261 1244 ἢ
2303 1172 2447 1244 ἄλλῳ
2487 1175 2582 1227 καὶ
2627 1175 2776 1246 ἄλλῳ
2815 1175 2992 1249 ποιῷ,
3041 1178 3166 1233 τάδε
3204 1179 3298 1234 δύο
3329 1180 3663 1246 ὑποστάσεις

2079 1259 2220 1319 εἶναι
2244 1264 2340 1318 τοῦ
2371 1265 2782 1337 σταυρουμένου
2823 1269 2886 1322 οὑ
2919 1269 3196 1338 νοοῦμεν.’

2644 1381 2898 1437 ΚΕΦΔΛ.
2930 1381 3077 1451 Kq'.

2151 1473 2214 1527 El
2249 1475 2350 1528 οὑκ
2381 1475 2521 1529 εἰσὶν
2543 1477 2608 1528 ἀί
2639 1475 2969 1541 ὑποστάσεις
3013 1476 3155 1530 κατὰ
3197 1477 3361 1547 φύσιν
3400 1479 3664 1554 διῃρημέ-

2078 1585 2188 1633 ναι,
2224 1568 2360 1622 ἀλλὰ
2384 1568 2510 1623 καθ’
2536 1568 2834 1622 ὑπόστασιν
2875 1569 3174 1639 ἡνωμέναι,
3206 1571 3335 1624 ὅταν
3359 1573 3545 1627 ἀκούω
3565 1578 3666 1646 τῆς

2080 1659 2306 1730 Γραφῆς
2333 1659 2600 1730 λεγούσης
2624 1659 2717 1713 τὸν
2746 1660 2984 1730 Χριστὸν
3021 1660 3118 1714 ἕνα
3165 1661 3478 1733 ἄνθρωπον,
3508 1666 3565 1718 τί
3595 1684 3664 1736 με

2080 1750 2185 1823 χρὴ
2212 1754 2363 1812 ζνοεῖν
2397 1751 2526 1821 μίαν
2551 1751 2739 1805 οὐσίαν
2773 1751 2872 1804 καὶ
2906 1751 3036 1823 μίαν
3074 1742 3456 1828 ὑπόστασιν,’ἧ
3489 1757 3664 1829 ἥμισυ

2083 1844 2215 1914 μιᾶς
2246 1843 2436 1907 οὐσίας
2469 1843 2564 1896 καὶ
2595 1831 3149 1914 ὑποστάσεωξμιᾶῃ
3184 1847 3247 1900 El
3269 1847 3326 1900 δὲ
3355 1846 3546 1919 ῶσπερ
3573 1850 3667 1903 καὶ

2083 1935 2246 1998 αὑτὸς
2285 1933 2461 2001 λέγεις
2487 1935 2561 1987 Οὑ
2603 1934 2765 2006 μόνον
2800 1934 3088 2006 ἄνθρωπος
3132 1937 3311 2000 κοινὸς
3353 1939 3450 1991 καὶ
3484 1939 3664 2010 ψιλὸς,

2082 2025 2216 2081 ἀλλὰ
2249 2027 2342 2079 καὶ
2376 2026 2509 2089 Θεὸς
2541 2028 2568 2079 ὁ
2593 2027 2847 2096 Χριστὸς,
2881 2027 2942 2080 τὸ
2972 2027 3106 2082 αὑτό
3133 2044 3216 2082 σοι
3243 2031 3334 2082 καὶ
3366 2032 3528 2101 ἡμεῖς
3560 2050 3665 2101 φα·

2081 2125 2200 2189 μενο
2234 2117 2360 2172 ὅταν
2388 2118 2714 2189 ἀκούσωμεν
2749 2120 2852 2190 τῆς
2883 2120 3107 2191 Γραφῆς
3142 2121 3411 2194 λεγούσης
3437 2123 3536 2176 ἕνα
3575 2126 3669 2178 ἄν·

2078 2209 2297 2282 θρωπον
2335 2211 2424 2264 τὸν
2456 2210 2714 2281 Χριστὸν,
2745 2212 2798 2264 τί
2832 2213 2980 2282 ἡμᾶς
3026 2213 3147 2267 δέον
3192 2217 3370 2280 νοεῖν;
3399 2216 3496 2269 ἕνα
3532 2217 3669 2288 Χρι-

2078 2303 2204 2355 στὸν
2251 2301 2283 2372 ἢ
2322 2302 2494 2372 ἥμισυ
2524 2302 2763 2373 Χριστοῦ
2778 2319 2796 2380 νς
2826 2304 2996 2374 Δῆλον
3031 2302 3125 2359 οὖν
3168 2307 3245 2370 ὠς
3279 2305 3340 2373 ἐξ
3369 2308 3670 2380 ὀνομασίας

2075 2394 2168 2448 τοῦ
2213 2395 2330 2459 ἐνὸς
2371 2395 2481 2448 τῶν
2518 2395 2720 2466 μερῶν,
2752 2379 2812 2449 τὸ
2840 2396 2960 2450 ὅλον
2993 2398 3342 2469 ὀνομάζεται,
3370 2401 3564 2472 ὥσπερ
3592 2404 3667 2457 εί-

2080 2503 2260 2558 ρηται·
2285 2487 2380 2541 καὶ
2405 2487 2483 2552 τὸ,
2513 2505 2531 2538 ι
2551 2487 2694 2558 Πρὸς
2723 2487 2780 2540 σὲ
2798 2489 2946 2542 πᾶσα
2966 2489 3102 2560 σὰρξ
3132 2489 3285 2568 seu:
3310 2511 3328 2543 ι
3347 2493 3464 2558 καὶ,
3493 2512 3512 2543 ι
3547 2495 3668 2548 Τῶν

2074 2577 2261 2656 ψυχῶν
2285 2577 2396 2657 τῶν
2426 2581 2673 2650 πενήτων
2703 2597 2796 2633 σου
2832 2581 2908 2653 μὴ
2943 2581 3181 2654 ἐπιλάθῃ
3213 2583 3296 2648 εἰς
3329 2584 3540 2650 τέλος,»
3577 2587 3670 2640 καὶ

2075 2671 2143 2725 τὰ
2158 2741 2164 2747 ἱ
2181 2670 2384 2726 τοιάδε.

2632 2811 2637 2817 .
2661 2766 2918 2820 ΚΕΦΑΛ.
2948 2767 3075 2821 KZ'.

2149 2854 2212 2907 Ei
2242 2853 2342 2908 οὑκ
2372 2854 2479 2908 είσὶ
2522 2854 2849 2927 διῃρημέναι
2889 2857 3026 2911 Θεοῦ
3067 2859 3161 2913 καὶ
3190 2858 3484 2932 ἀνθρώπου
3526 2863 3670 2916 κατὰ

2079 2946 2241 3016 φύσιν
2267 2950 2321 3002 αί
2354 2949 2702 3014 ὑποστάσεις,
2732 2951 2892 3019 δῆλον
2920 2953 3001 3006 ὄτι
3022 2952 3146 3006 οὔτε
3173 2953 3344 3027 χωρὶς
3374 2954 3671 3025 ἀνθρώπου

2078 3040 2211 3105 Θεὸς
2234 3042 2263 3095 ὁ
2289 3041 2445 3108 Θεὸς,
2467 3041 2595 3096 οὑτε
2621 3044 2793 3115 χωρὶς
2822 3044 2958 3098 Θεοῦ
2984 3045 3272 3119 ἄνθρωπος
3303 3051 3332 3102 ὁ
3360 3049 3671 3121 ἄνθρωπος.

2081 3131 2290 3197 Ὄντως
2316 3133 2424 3206 γὰρ
2469 3137 2527 3187 ἐν
2563 3136 2787 3206 Χριστῷ
2818 3135 2959 3207 οὐχί·
2985 3136 3129 3191 οὑτω
3154 3138 3264 3210 γάρ
3293 3139 3388 3194 καὶ
3414 3140 3672 3194 συνίστα-

2077 3242 2168 3277 ται
2202 3225 2264 3279 τὸ
2301 3223 2676 3298 Ἐμμανουὴλ,
2710 3227 2832 3297 μεθ’
2868 3229 3027 3298 ἡμῶν
3063 3229 3150 3283 ἀεὶ
3179 3229 3334 3294 ὄντος
3358 3230 3550 3286 λοιπὸν
3579 3229 3671 3286 τοῦ

2647 3411 2901 3467 ΚΕΦΑΔ.
2951 3411 3088 3468 κη’.

2151 3493 2252 3554 Ὧν
2279 3501 2337 3554 ὲν
2366 3503 2434 3573 τῇ
2477 3502 2667 3556 ἐνὼσει
2701 3505 2763 3558 οὑ
2802 3503 3056 3574 μένουσιν
3101 3505 3157 3559 αἱ
3189 3505 3523 3571 ὑποστάσεις
3575 3525 3675 3578 φυο

2082 3594 2248 3658 σικῶς
2271 3594 2622 3667 διῃρημέναι,
2649 3595 2853 3650 τούτων
2875 3600 2908 3669 ἡ
2933 3598 3143 3664 ἓνωσις,
3171 3599 3390 3668 φύσεώς
3404 3603 3555 3654 ἐστιν
3578 3601 3676 3654 ἀλ-

2079 3685 2320 3750 λοίωσις.
2361 3689 2507 3759 ’Λρα
2536 3687 2630 3742 οὖν
2668 3688 2936 3761 ἠλλοιώθη
2980 3693 3014 3762 ὴ
3072 3691 3234 3762 φύσις
3276 3691 3372 3745 τοῦ
3405 3693 3586 3763 πυρὸς
3616 3693 3674 3746 ὲν

2080 3779 2159 3850 τῷ
2197 3780 2408 3852 μύδρῳ,
2438 3781 2561 3834 ἐπεὶ
2589 3781 2665 3853 μὴ
2702 3778 3042 3852 διακέκριται
3077 3785 3113 3850 ὴ
3147 3784 3447 3848 ὑπόστασις
3476 3784 3671 3849 αὑτοῦ,

2081 3874 2182 3945 τῆς
2220 3871 2313 3928 τοῦ
2362 3874 2608 3947 σιδήρου,
2651 3874 2745 3928 καὶ
2779 3872 2956 3947 ψυχῆς
2982 3878 3017 3948 ἡ
3047 3876 3205 3931 οὐσία
3231 3879 3290 3931 ἐν
3320 3876 3400 3950 τῷ
3431 3876 3666 3949 σώματι.

2649 4053 2904 4107 ΚΕΦΑΛ.
2960 4053 3090 4108 ΚΘ’.

2169 4144 2293 4198 Ἐπὶ
2313 4143 2424 4198 τῶν
2458 4145 2726 4208 ἑκουσίως
2755 4145 3075 4215 ήνωμένων,
3111 4144 3366 4216 οὐδαμῶς
3393 4145 3670 4201 ἐναντιοῦ-

2082 4220 2174 4290 ται
2210 4237 2287 4306 τῷ
2321 4237 2509 4308 τρόπῳ
2544 4237 2644 4307 τῆς
2684 4236 2931 4301 ὲνώσεως
2980 4239 3014 4307 ή
3069 4237 3336 4310 διαίρεσις
3381 4238 3495 4290 τῶν
3539 4238 3671 4291 ὑπο-

2087 4328 2350 4383 στάσεων.
2391 4329 2535 4400 Ἀρα
2581 4327 2676 4381 οὖν
2701 4327 2821 4381 οὑδὲ
2851 4330 2901 4382 εί
2941 4327 3063 4381 καθ’
3093 4328 3392 4382 ὑπόστασιν
3425 4328 3554 4397 μίαν
3586 4327 3670 4399 εἴη

2084 4423 2116 4476 ὁ
2165 4423 2369 4494 τρόπος
2417 4422 2517 4491 τῆς
2565 4421 2816 4486 ἐνώσεως
2862 4421 2974 4475 τῶν
3024 4417 3290 4485 ἑκουσίως
3336 4421 3667 4484 ἑνωθέντων,

2091 4514 2429 4569 ἐναντιοῦται
2462 4516 2496 4584 ἡ
2539 4514 2808 4586 διαίρεσις
2840 4515 2951 4568 τῶν
2991 4515 3366 4569 ὑποστάσεων·
3403 4514 3602 4568 οὐκοῦν
3637 4515 3669 4584 ἡ

2088 4606 2376 4679 διαίρεσις,
2414 4607 2533 4678 οὑκ.
2566 4607 2784 4660 ἐναντία
2829 4609 2896 4679 τῇ
2935 4607 3150 4669 ἑνώσει,
3199 4607 3405 4676 ἀμφοῖν
3433 4605 3669 4677 θεωρουο

400 4691 685 4767 ροεεὶὺίιθ.
715 4691 772 4747 δῖ
806 4705 938 4746 vero
970 4690 1186 4745 diceres
1216 4689 1363 4759 (ιυοά
1389 4689 1532 4743 inter
1564 4688 1754 4760 Ῐυηοιῧ
1787 4701 1981 4757 Ρθτε⁰’
2017 4703 2061 4759 D
2091 4699 2354 4771 μένων-ὲν
2390 4699 2575 4770 ταυτῷ
2626 4687 2768 4754 κατὰ
2811 4699 2911 4772 τὴν
2967 4700 3284 4753 ὑπόστασιν·
3327 4697 3590 4752 τάναντία
3617 4697 3670 4749 δὲ

399 4781 618 4844 naliter,
644 4781 796 4836 nulla
825 4781 1067 4835 libenter
1097 4780 1387 4844 uniuntur,
1428 4787 1563 4834 tunc
1605 4779 1806 4833 falsum
1835 4783 1983 4832 esset

401 4874 505 4929 hoc
541 4873 751 4929 dictum
791 4890 804 4928 :
857 4892 876 4924 ι
909 4873 1084 4928 Nemo
1114 4887 1358 4942 unquam
1386 4871 1633 4926 'carnem
1660 4886 1816 4925 suam
1852 4869 1980 4924 odio

398 4965 594 5021 habuit
618 4965 680 5019 “.
712 4985 732 5018 ι
768 4965 836 5019 Et
865 4981 878 5018 :
912 4964 1182 5019 Nolumus
1231 4962 1528 5034 exspoliari
1560 4976 1793 5032 corpore
1818 5002 1832 5027 ,
1870 4976 1980 5030 quo

397 5057 609 5129 gravati
639 5039 1177 5128 ingemiscimus".p
1214 5054 1347 5122 Quae
1377 5053 1423 5110 si
1449 5069 1579 5109 vera
1614 5061 1766 5117 sunt,
1791 5052 1978 5106 veriti-

398 5153 520 5200 cata
539 5153 624 5200 est
649 5155 840 5204 nostra
862 5145 1132 5202 sententia
1158 5164 1171 5198 :
1196 5145 1423 5201 libentia
1446 5143 1811 5217 personaliter
1834 5143 1981 5198 uniri

399 5250 585 5313 posse.

1027 5443 1180 5500 CAP.
1212 5442 1380 5497 XXX.

471 5531 576 5600 Qui
603 5546 870 5606 personas
903 5532 1111 5589 Christi
1139 5535 1294 5605 juxta
1321 5541 1546 5586 naturas
1569 5545 1679 5585 non
1716 5527 1984 5597 multipli-

400 5635 510 5692 cat,
544 5641 710 5680 unam
743 5623 867 5679 Filii
913 5641 944 5680 e
997 5625 1272 5680 Trinitate
1305 5624 1564 5680 deturbat
1609 5641 1621 5676 :
1653 5621 1984 5676 Trinitatem

398 5720 607 5791 quippe
632 5718 961 5774 confitemur
1005 5718 1171 5772 trium
1221 5717 1552 5788 simplicium
1600 5728 1984 5797 personarum,

400 5827 512 5870 non
544 5812 684 5889 duas
723 5811 1050 5868 medietates
1074 5826 1460 5882 personarum.
1507 5808 1615 5866 Sed
1648 5807 1986 5864 contrarium

2091 4793 2479 4863 συνυπάρχειν,
2503 4791 2765 4848 ἀδύνατον
2791 4808 2805 4823 ·
2840 4794 2889 4846 εί
2920 4793 2977 4847 δὲ
3001 4793 3203 4862 λέγοις,
3231 4791 3312 4844 ὅτι
3339 4790 3488 4844 Ἀλλ’
3519 4791 3670 4844 οὐδὲν

2089 4883 2197 4937 τῶν
2237 4878 2359 4938 καθ’
2411 4883 2712 4938 ὑπόστασιν
2779 4883 3076 4956 ἡνωμὲνων
3117 4885 3383 4946 ἑκουσίως
3441 4882 3667 4953 ἧνωται,

2087 4977 2195 5047 ἄρα
2222 4992 2286 5045 γε
2315 4975 2508 5054 ψευδὲς
2538 4975 2624 5041 τὸ,
2668 4994 2686 5028 ι
2722 4976 2910 5040 Οὐδείς
2947 4992 3079 5030 ποτε
3107 4975 3208 5046 τὴν
3243 4973 3438 5028 ἑαυτοῦ
3491 4975 3669 5044 σάρκα

2087 5069 2338 5141 ἐμίσησε·
2366 5088 2384 5120 ι
2404 5069 2519 5135 καὶ,
2551 5070 2631 5123 ὃτι
2663 5089 2680 5122 ι
2705 5071 2779 5124 υὺ
2805 5070 3035 5140 θέλομεν
3059 5055 3387 5122 ἐκδύσασθαι
3406 5067 3468 5119 τὸ
3493 5067 3670 5136 σῶμα,

2087 5159 2172 5228 ἐφ’
2197 5151 2240 5226 ᾧ
2270 5159 2652 5230 στενάζομενοι
2677 5159 2798 5213 εἰδὲ
2821 5160 3000 5231 ἀληθῆ
3020 5152 3294 5230 τάδέ,ἄρα
3309 5175 3372 5229 γε
3401 5157 3668 5221 ἑκούσιον,

2087 5250 2264 5303 καίτοι
2305 5251 2427 5303 καθ’
2470 5251 2770 5305 ὑπόστασιν
2816 5249 2974 5319 οὖσα,
3009 5255 3041 5324 ἡ
3083 5251 3284 5322 γνῶσις
3324 5249 3484 5320 ἡμῶν
3540 5251 3670 5302 ἀπο-

2088 5343 2378 5397 δέδεικται.
3011 5356 3020 5366 ⁸

2689 5436 2939 5491 ΚΕΦΑΛ.
2986 5439 3067 5489 A'.

2177 5523 2236 5578 Ὀ
2263 5524 2337 5596 μὴ
2364 5525 2589 5597 διαιρῶν
2618 5527 2713 5580 τοῦ
2749 5527 2988 5599 Χριστοῦ
3023 5527 3165 5581 κατὰ
3197 5525 3372 5595 φύσιν
3407 5525 3506 5588 τὰς
3542 5523 3665 5575 ﬁm-

2098 5617 2337 5682 στάσεις,
2372 5619 2437 5672 ἐκ
2475 5619 2577 5689 τῆς
2607 5619 2836 5690 Τριάδος
2879 5619 3080 5690 διαιρεί
3125 5617 3220 5672 τοῦ
3269 5617 3400 5672 Υίοῦ
3442 5616 3540 5687 τὴν
3577 5631 3665 5683 μο-

2095 5709 2251 5765 νάδα·
2287 5710 2495 5782 Τριάδα
2539 5712 2646 5786 γὰρ
2681 5711 3075 5785 ὁμολογοῦμεν,
3102 5711 3269 5785 τριῶν
3306 5707 3492 5764 ἁπλῶν
3539 5707 3666 5758 ὑποο

2099 5805 2381 5872 στάσεων,
2436 5804 2506 5876 οὐ¹
2559 5804 2656 5860 δύο
2713 5806 2885 5878 ἥμισυ
2944 5803 3318 5861 ὑποστάτεων.
3371 5797 3564 5855 Καίτοι
3608 5792 3662 5846 ἐδ

475 5961 518 6034 Ϋδ
544 5961 685 6021 Psal.
714 5980 908 6034 LXXIII,
947 5964 1028 6022 19.
1110 5964 1153 5996 ³⁸
1181 5963 1384 6034 Ephes.
1420 5979 1472 6030 ι’,
1511 5961 1600 6019 29.
1672 5963 1712 5993 ¹⁷
1748 5962 1767 6016 l
1812 5958 1932 6016 Cor.
1976 5975 2029 6026 v,
2072 5959 2126 6015 4.
