3916 6604
359 490 493 557 I589

1264 488 1659 565 ADVERSUS
1693 489 2239 557 NESTURIANOS.
2276 516 2346 534 ··’·
2382 496 2529 557 LIB.
2569 496 2652 557 II.

3450 499 3586 568 1590

348 599 593 655 ἐναντίον
619 597 725 652 ἔδει
745 596 1022 666 συνάγειν,
1046 588 1094 651 ὧ
1117 596 1395 669 ἄνθρωπε·
1430 598 1458 652 ὁ
1486 598 1793 669 προστιθεὶς
1812 599 1920 668 γάρ

2030 618 2057 658 ο
2085 603 2269 670 homo,
2292 604 2732 660 concludendum
2757 610 2897 661 erat.
2930 604 3179 679 Simplici
3201 606 3348 665 enim
3370 610 3416 665 si
3451 612 3584 681 quid

334 693 508 764 τιτῷ
539 692 733 762 ἁπλῷ,
764 692 825 746 ού
858 693 920 744 rb
948 690 1119 763 ήμισυ
1145 688 1309 743 αὑτοῦ
1338 690 1579 759 ἀφαιρεῖ,
1609 689 1723 743 ἀλλ’
1750 690 1919 744 ἐπαύ-

349 786 433 853 ξει
464 785 587 839 τόδε
633 784 833 856 μᾶλλον
872 782 959 837 διὰ
987 782 1088 851 τῆς
1118 780 1448 844 συνθέσεωςο
1474 776 1681 852 Τριάδα
1718 780 1813 835 οὖν
1838 780 1917 835 εἴ·

350 895 439 933 ναι
467 875 837 947 ὁμολογοῦμεν
886 873 1083 946 ὀρθῶς,
1122 873 1251 942 μιᾶς
1280 889 1341 925 τε
1392 871 1557 926 οὖσαν
1602 874 1696 925 καὶ
1739 872 1919 942 ἀπλῆς

351 968 590 1038 φύσεωςο
621 967 974 1022 ὑποστάσεων
995 965 1053 1020 δὲ
1080 965 1250 1021 πάλαι
1288 965 1384 1035 μὲν
1417 964 1525 1018 τῶν
1560 964 1726 1034 τριῶν
1757 966 1920 1018 ἀσυν-

352 1063 524 1127 θέτως
554 1064 651 1117 καὶ
686 1061 903 1132 ἀμιγῶς
926 1061 1164 1132 ἐχουσῶν
1192 1061 1348 1129 τήνδε
1392 1059 1571 1113 αὑτῶν
1612 1059 1919 1115 ἁπλουστά-

352 1173 453 1226 την
485 1154 648 1224 φύσιν
701 1156 763 1209 ὲν
809 1155 1048 1217 ἑαυταῖς,
1081 1152 1202 1207 νυνὶ
1226 1152 1285 1206 δὲ
1326 1151 1427 1222 τῆς
1459 1153 1588 1222 μιᾶς
1615 1151 1793 1205 αὐτῶν
1818 1151 1920 1222 τὴν

353 1227 591 1317 φυσικήν
626 1246 910 1315 ἁπλότητα
936 1245 1041 1313 τῆς
1085 1244 1222 1308 ἰδίας
1249 1242 1500 1313 θεότητος
1534 1243 1677 1313 ἔχειν
1702 1245 1761 1296 ὲν
1790 1259 1917 1297 συν-

355 1334 503 1392 θέσει
533 1340 600 1407 τῇ
648 1335 783 1407 πρὸς
827 1336 926 1406 τὴν
960 1335 1235 1405 ἡμετέραν
1274 1332 1436 1418 φύσιν
1480 1332 1797 1418 όρωμένηςο
1830 1333 1920 1385 ἵνα

345 1427 905 1501 γάρηὲγκολπώσηται
936 1426 1004 1480 τὰ
1031 1425 1139 1479 τδια
1162 1412 1523 1497 προϐλήματα
1540 1424 1574 1494 ή
1605 1412 1826 1491 Θεότὴς,
1857 1422 1921 1493 ἥ-

352 1539 436 1585 τις
461 1521 618 1591 Λόγῳ
649 1518 903 1590 ἀληθείας
937 1512 1252 1587 ἀπεκύησεν
1293 1517 1443 1586 ἡμᾶς
1471 1515 1639 1585 ήγουν
1672 1514 1752 1584 τῷ
1779 1511 1915 1584 Υιῷ,

356 1611 573 1683 μακρὰν
606 1610 775 1680 αὐτῆς
808 1607 1268 1678 ἀπεσχοινισμένα
1288 1646 1304 1673 ,
1350 1604 1437 1660 διὰ
1479 1605 1581 1675 τῆς
1614 1604 1784 1674 αὐτῆς
1811 1602 1920 1657 τῶν

354 1703 523 1773 τριῶν
556 1702 685 1772 μιᾶς
715 1701 1066 1764 ὑποστάσεως
1092 1700 1315 1770 ἑαυτῆς,
1342 1699 1411 1752 δι’
1442 1691 1511 1770 ἦς
1542 1697 1638 1751 καὶ
1684 1694 1921 1767 προεϐά-

354 1794 477 1847 λετο
498 1793 565 1846 τὰ
588 1794 722 1847 ὅντα
760 1793 841 1856 εις
868 1791 928 1846 τὸ
954 1786 1127 1855 εἶναι,
1161 1789 1457 1844 ἀνελάϐετο
1487 1787 1650 1842 πάλιν
1676 1787 1813 1841 αὑτά
1841 1787 1922 1849 εἰς

355 1887 582 1955 ἑαυτήν·
606 1886 685 1957 τῷ
726 1884 802 1956 μὴ
849 1883 1245 1955 ὲκφοιτητικῶς
1271 1881 1462 1952 ἔχοντα
1487 1880 1625 1951 πρὸς
1649 1878 1739 1933 τὸν
1770 1877 1918 1941 ὄντα,

2019 688 2317 759 addideris,
2341 711 2453 749 non
2482 706 2688 779 partem
2720 695 3017 769 dimidiam‘
3034 697 3207 768 ipsius
3228 700 3464 766 auferes,
3491 701 3587 756 sed

2018 784 2192 853 magis
2247 784 2382 839 illud
2439 784 2719 839 additione
2780 787 3023 856 augebis.
3084 788 3410 845 Trinitatem
3456 806 3588 861 ergo

2018 887 2165 931 recte
2198 877 2555 942 conﬁtemur,
2591 885 2800 933 naturae
2847 881 3012 935 unius
3047 888 3104 935 et
3136 881 3419 952 simplicis.
3474 884 3590 938 Ilu-

2014 967 2104 1037 jus
2129 975 2313 1021 autem
2357 976 2468 1021 tres
2497 982 2743 1037 persona:
2793 968 2950 1022 istam
2981 970 3442 1040 simplicissimam
3488 988 3588 1027 nae-

2018 1065 2197 1111 turam
2239 1057 2295 1112 in
2347 1073 2405 1114 se
2459 1057 2592 1127 ipsis
2641 1059 2760 1114 sine
2816 1059 3072 1116 mistione
3116 1072 3173 1116 et
3219 1062 3590 1118 additamento

2017 1148 2287 1203 hactenus
2311 1148 2622 1213 servabant,
2639 1159 2695 1203 et
2722 1164 2869 1203 nunc
2902 1165 3006 1204 una
3041 1166 3107 1205 ex
3133 1150 3266 1221 ipsis
3284 1152 3425 1208 hanc
3454 1153 3592 1207 sim-

2017 1240 2215 1311 plicem
2239 1249 2492 1295 naturam
2522 1240 2759 1310 proprize
2799 1242 3108 1297 divinitatis
3148 1244 3357 1298 unitam
3388 1253 3592 1301 nostra:

2018 1342 2229 1389 natura:
2278 1333 2481 1388 habere
2508 1332 2623 1387 visa
2665 1343 2770 1388 est.
2818 1335 3088 1391 Divinitas
3129 1337 3278 1390 enim
3322 1353 3444 1407 qua:
3491 1354 3592 1408 per

2018 1422 2261 1479 Verbum
2305 1423 2574 1488 veritatis,
2623 1424 2737 1478 sive
2769 1424 2997 1491 Filium,
3031 1440 3132 1480 nos
3170 1434 3472 1491 creaverat,
3522 1435 3585 1480 ut

2018 1529 2146 1570 suas
2182 1524 2465 1571 creaturas
2501 1515 2661 1584 longe
2711 1516 3027 1593 aberrantes
3064 1517 3132 1571 ad
3191 1533 3251 1573 se
3284 1530 3589 1582 revocaret,

2019 1623 2119 1677 per
2136 1607 2385 1663 eamdem
2408 1623 2476 1663 ex
2508 1608 2689 1663 tribus
2714 1625 3004 1679 personam
3035 1626 3133 1680 per
3157 1627 3321 1691 quam
3346 1612 3501 1667 entia
3535 1613 3590 1667 in

2018 1709 2141 1750 esse
2170 1694 2496 1765 proiecerat,
2528 1712 2593 1751 ea
2623 1696 2689 1751 ad
2735 1713 2794 1752 se
2825 1714 3019 1765 rursus
3059 1699 3311 1762 reduxit,
3347 1718 3415 1756 ne
3448 1703 3593 1772 aspi-

2020 1795 2205 1842 rantes
2236 1786 2303 1842 ad
2341 1788 2511 1842 vitam
2561 1789 2883 1844 deciderent
2928 1791 2983 1845 in
3032 1802 3267 1847 mortem
3308 1801 3592 1850 :eternam.

2022 1877 2139 1934 Hoc
2162 1895 2291 1950 ergo
2328 1896 2493 1935 unam
2523 1890 2794 1942 naturam,
2826 1897 2923 1936 seu
2950 1897 3239 1952 personam
3280 1901 3390 1939 non
3421 1886 3593 1941 dedo—
3683 1946 3697 1962 ἢ,

356 1977 573 2032 ἀπιέναι
628 1976 709 2039 εἰς
760 1976 848 2029 ἀεὶ
897 1975 1033 2045 πρὸς
1073 1973 1136 2027 rb
1188 1973 1264 2042 μὴ
1296 1970 1436 2024 εἶναι
1459 1967 1666 2023 ’.τοῦτο
1704 1962 1797 2029 οὑν
1821 1965 1921 2036 τὴν

2030 1977 2127 2033 cet,
2158 1970 2259 2025 sed
2303 1980 2492 2026 contra
2521 1972 2679 2026 valde
2718 1972 2969 2037 honorat,
3002 1973 3048 2028 si
3091 1974 3381 2045 diligenter
3431 1967 3596 2046 inspi-

360 2070 489 2140 μίαν
511 2067 673 2137 φύσιν
692 2067 727 2137 ἢ
749 2066 1046 2120 ὑπόστασιν
1074 2064 1135 2118 οὑ
1162 2061 1503 2130 καθυσρίζει·
1529 2058 1837 2113 τούναντίον
1858 2057 1917 2110 δὲ

2030 2057 2154 2112 cias.
2188 2057 2343 2113 Sicut
2358 2060 2504 2114 enim
2536 2060 2590 2114 in
2610 2062 2953 2130 simplicibus
2971 2064 3240 2133 personis,
3263 2080 3372 2119 non
3389 2067 3591 2135 genita,

360 2158 504 2230 τῷγε
536 2157 739 2228 νοερῶς
790 2156 1142 2230 προσέχοντι,
1183 2152 1277 2207 καὶ
1324 2149 1700 2219 ὑπερδοξάζει·
1732 2146 1921 2216 ῶσπερ

2030 2158 2075 2203 et
2096 2151 2300 2220 genita,
2335 2160 2393 2206 et
2416 2152 2720 2223 procedens
2747 2155 2955 2224 seipsas
2980 2156 3241 2212 exsistere
3278 2145 3435 2226 posse
3464 2173 3598 2212 con-

358 2227 469 2321 γάρ
499 2248 589 2302 διά
612 2227 672 2302 τε
710 2227 1039 2318 ἀγεννησιας
1066 2244 1161 2298 καὶ
1198 2243 1501 2313 γεννήσεως
1536 2240 1628 2292 καὶ
1654 2235 1923 2307 ἐκπορεύ-

2030 2241 2151 2296 scite
2175 2240 2359 2309 erant,
2393 2243 2467 2297 ita
2498 2259 2596 2313 per
2639 2244 2898 2299 unionem
2929 2246 3326 2316 hypostaticam
3364 2248 3595 2303 manife-

360 2357 500 2404 σεως
551 2338 810 2393 δύνασθαι
860 2326 1124 2407 ὑπάρχειν
1170 2332 1371 2401 ἑαυτὴν
1416 2328 1786 2397 συνεστήσατο
1834 2325 1925 2379 διὰ

2030 2338 2342 2398 staverunt;
2380 2340 2438 2387 et
2494 2348 2687 2389 omnes
2745 2336 3149 2404 generationis,
3204 2339 3593 2407 proccssionis,

359 2432 467 2487 τῶν
494 2431 683 2486 ἁπλῶν
721 2429 883 2498 ιὺτῆς
917 2426 1291 2484 ὑποστάσεων,
1323 2420 1465 2475 οὑτω
1488 2419 1583 2474 καὶ
1611 2418 1697 2472 διὰ
1732 2415 1923 2470 συνθέ-

2030 2422 2262 2478 actionis
2290 2425 2561 2493 potentias
2587 2424 2642 2478 in
2675 2426 2822 2480 entia
2846 2442 2875 2479 a
2904 2443 2962 2481 se
2995 2427 3310 2497 participari
3335 2429 3600 2497 probave-

351 2528 499 2585 ,σεως
522 2520 917 2588 ὑποπατικῆς,
945 2517 1143 2586 ἑαυτὴν
1167 2513 1510 2585 παρέστησεν
1550 2510 1816 2579 ὑπάρχειν
1841 2507 1924 2560 δύο

2030 2520 2177 2576 runt,
2208 2513 2501 2583 omniaque
2546 2502 2808 2569 inferiora
2852 2530 2974 2569 esse
3022 2524 3135 2569 tum
3167 2515 3296 2570 huic
3344 2516 3617 2586 ingenita"

357 2613 584 2670 νασθαι·
623 2615 718 2669 καὶ
768 2611 936 2677 ἔδειξε
980 2610 1160 2678 πάσης
1201 2609 1506 2675 γεννήσεως
1538 2603 1635 2657 καὶ⁸
1659 2601 1924 2672 ἐκπορεύ-

2030 2619 2276 2673 persona:
2300 2604 2424 2659 aliis
2448 2607 2644 2676 majori
2670 2647 2684 2671 ,
2717 2616 2831 2661 tum
2862 2606 3204 2677 simplicitati
3230 2617 3438 2662 natura:
3462 2608 3596 2663 sub-

360 2724 501 2770 σεως
539 2706 636 2759 καὶ
679 2701 1077 2774 δημιουργικῆς
1121 2697 1421 2761 συνθέσεως
1455 2695 1554 2758 τὰς
1580 2691 1925 2760 δυνάμειςὲξ

2030 2694 2301 2749 stantialis
2333 2695 2498 2749 trium
2529 2711 2909 2766 personarum.
3245 2746 3258 2755 .

358 2797 528 2867 αὐτῆς
549 2793 690 2852 εἶναι
720 2797 777 2849 ὲν
799 2796 913 2857 τοῖς
940 2788 1111 2858 οὖσιν,
1132 2789 1419 2861 ὑπερέχειν
1447 2804 1507 2840 τε
1532 2786 1750 2841 πάντων
1812 2783 1950 2852 αὐτῇ
1987 2782 2284 2856 ἀγεννησίᾳ
2330 2788 2475 2842 κατά
2534 2788 2635 2858 τήν
2686 2789 2909 2864 μεζζονα
2949 2790 3060 2845 τῶν
3105 2792 3477 2860 ὑποστάσεων,
3505 2793 3601 2849 καὶ

274 2927 278 2931 ι
359 2893 621 2967 ἁπλότητι
651 2891 868 2964 φύσεως
897 2891 1037 2946 κατὰ
1064 2888 1161 2961 τὴν
1195 2888 1305 2941 τῶν
1328 2885 1494 2956 τριῶν
1521 2880 1723 2951 ἑαυτῆς
1756 2878 2068 2950 προσώπων
2102 2880 2381 2937 οὐσίωσιν.

940 2986 1188 3040 ΚΕΦΑΔ.
1218 2984 1343 3039 AA'.

430 3087 494 3141 Ei
520 3084 619 3156 τήν
652 3083 919 3155 διαίρεσιν
955 3083 1064 3135 τῶν
1110 3076 1459 3132 ὑποστάσεων
1499 3070 1599 3125 οὑκ
1632 3066 1930 3156 ἐφύλαττεν
2097 3066 2506 3156 ξἺιειαιδιιηίὶξιο
2521 3066 2760 3156 persona

359 3180 393 3249 ή
425 3140 629 3249 φυσικὴ
661 3140 874 3239 ἕνωσις,
922 3172 1043 3226 οὑδὲ
1090 3171 1198 3242 ἄρα
1222 3168 1314 3223 τιν
1339 3165 1471 3219 Θεὸν
1500 3162 1671 3230 Λόγον
1703 3146 1926 3227 ιφύλαὶτ-

2030 3146 2203 3204 vetur,
2224 3156 2403 3211 neque
2413 3140 2650 3196 Verbum
2669 3142 2763 3197 Dei
2776 3142 2918 3212 quod
2936 3153 3074 3210 erat,
3089 3159 3265 3215 neque
3279 3145 3598 3215 nomoquod

358 3228 452 3325 τεύ
654 3228 892 3340 ἦν,ῒοὺδλ
914 3270 1008 3321 τὸν
1035 3228 1317 3335 ἄνθρωπον
1344 3260 1479 3328 ὅπερ
1509 3228 1755 3325 γέγονεν.
1775 3250 1926 3342 γᾊρα

2030 3228 2202 3288 factus
2224 3240 2308 3286 est
2334 3232 2591 3287 servavit.
2611 3231 2716 3287 Sed
2744 3234 3001 3303 nunquid-
3019 3234 3298 3290 ferrumet
3315 3236 3453 3306 ignis
3471 3237 3600 3306 jun-

359 3310 454 3414 ὧν
1035 3310 1173 3425 ἕπερ
1212 3352 1351 3419 ἐστὶ,
1386 3310 1479 3402 καλ⁷
1507 3310 1573 3404 rb.
1590 3310 1729 3414 ’πῦρ
1756 3341 1785 3394 ὅ
1806 3341 1925 3393 ἐστι

2030 3332 2112 3380 cta
2139 3320 2207 3378 in'
2226 3339 2402 3378 massa
2430 3322 2685 3378 candenti
2712 3339 2866 3379 suam
2886 3332 3136 3382 naturam
3148 3327 3438 3381 amittunt?
3459 3344 3602 3382 nun-

1235 3405 1592 3507 Evm'atcdll'
1629 3405 1750 3491 οὑδὶ
1784 3430 1925 3521 κατά

2030 3414 2161 3487 quid
2190 3430 2280 3470 ros
2306 3422 2364 3469 et
2388 3414 2565 3469 vellus
2585 3414 2614 3467 ἓ
2643 3414 2761 3470 Non
2799 3428 3121 3486 separantur
3148 3434 3428 3488 persona},
3470 3432 3599 3472 cum

360 3505 459 3615 τὴν
503 3544 693 3616 δρόσον
729 3542 823 3597 καὶ
868 3505 961 3596 rbi:
1002 3505 1198 3595 nbxov:
1231 3539 1354 3592 ὲπεὶ
1389 3505 1465 3606 μή
1496 3529 1816 3602 διορίζονται
1862 3520 1922 3576 αι

2031 3513 2105 3570 sit
2138 3510 2259 3583 sine
2282 3505 2451 3562 dubio
2473 3506 2697 3576 physica
2724 3507 2853 3562 unio
2890 3509 3100 3563 harum.
3122 3516 3461 3564 naturarum.

2610 2979 2763 3036 CAP.
2802 2980 2996 3037 xxxi.
3252 3041 3262 3050 _

2097 3046 2212 3103 Nisi
2228 3046 2506 3104 distinctio
2523 3065 2879 3119 personarum
2893 3066 3017 3106 cum
3034 3046 3474 3122 pltysica'unione
3486 3069 3602 3109 ser-

362 3604 701 3712 ὑποστάσεις,
741 3640 973 3713 φυσικῆς
1013 3636 1309 3709 προδήλως,
1352 3604 1519 3703 ήγουν
1564 3626 1672 3681 τῶν
1714 3622 1929 3693 φύσεων
1965 3608 2170 3706 αὐτῶν,
2195 3605 2361 3676 οὔσης
2387 3604 2484 3675 τῆς
2512 3608 2774 3713 Evclio-52;.

926 3727 1180 3783 ΚΕΦΑΔ.
1240 3723 1363 3778 AB’.

434 3827 496 3879 Et
530 3825 683 3895 μένει
711 3825 746 3895 ή
776 3821 978 3891 γνῶσις
1014 3820 1111 3890 τῆς
1148 3817 1297 3880 θείας
1327 3813 1675 3874 ὑποστάσεως
1699 3812 1766 3882 τῇ
1810 3806 1929 3861 θεό-

362 3935 508 3987 τητι,
539 3916 635 3969 καὶ
669 3914 818 3982 μένει
844 3915 878 3980 ή
910 3913 1101 3979 ἄγνοια
1146 3910 1241 3963 τοῦ
1284 3905 1570 3977 ἀνθρώπου
1622 3905 1691 3973 τῇ
1742 3899 1929 3971 σαρκὶ,

371 4008 487 4070 πῶς
518 4008 587 4061 τὰ
618 4004 725 4060 τῶν
771 4003 1125 4059 ὑποστάσεων
1174 4001 1326 4069 μένει
1379 3994 1703 4068 διῃρημένα,
1747 3990 1929 4063 καὶαι

365 4097 688 4159 ὑποστάσεις
723 4094 786 4149 οὑ
829 4094 1049 4165 μένουσι
1077 4089 1436 4162 διῃρημέναι;
1501 4084 1640 4139 Ἀλλ’
1684 4086 1720 4155 ἠ
1770 4081 1931 4151 φύσις

365 4192 512 4244 ἐστὶν
548 4189 582 4254 ἢ
615 4185 893 4259 γνωστική
922 4184 957 4255 ἢ
989 4182 1258 4253 ἀγνοοῦσα
1288 4179 1433 4234 κατά
1469 4178 1567 4249 τὴν
1598 4176 1927 4231 ὑπόστασινο

363 4282 425 4335 οὑ
453 4281 561 4351 γὰρ
594 4277 783 4342 ἁπλῶς
823 4278 857 4348 ή
907 4276 1206 4337 ὑπόστασις
1226 4269 1503 4341 γινώσκειο
1528 4268 1623 4322 καὶ
1650 4266 1758 4337 γὰρ
1792 4263 1931 4320 πάν-

364 4390 473 4426 των
503 4366 577 4426 ὧν
609 4370 821 4426 Παύλου
848 4369 883 4440 ἠ
912 4368 1210 4428 ὑπόστασις
1256 4360 1535 4433 γινώσκει,
1566 4358 1718 4413 οὐδέν
1750 4373 1930 4427 φαμεν

362 4464 457 4518 τὸν
498 4465 664 4535 ὑνυχα
712 4459 897 4524 αὑτοῦ,
951 4460 986 4530 ἡ
1011 4476 1064 4511 τι
1109 4456 1219 4511 τῶν
1262 4456 1363 4525 τῆς
1414 4451 1730 4523 σωματικῆς
1764 4448 1930 4504 αὑτοῦ

366 4555 581 4624 φύσεως
611 4553 920 4621 γινώσκειν,
953 4548 1090 4604 ἀλλὰ
1122 4548 1278 4619 μόνον
1306 4546 1404 4618 τήν
1436 4541 1671 4613 φυσικὴν
1701 4541 1930 4610 δύναμιν

259 4669 263 4673 ’
365 4644 552 4706 αὑτοῦ,
582 4645 676 4698 καὶ
706 4642 862 4697 τοῦτο
892 4642 991 4711 τῆς
1013 4640 1253 4710 ψυχικῆς
1289 4637 1446 4708 μόνον
1466 4636 1633 4706 ήγουν
1660 4632 1750 4686 τὸν
1783 4632 1929 4685 νοῦνο

364 4735 489 4790 οὐδὲ
518 4734 624 4817 γὰρ
660 4735 840 4787 πᾶσαν
872 4730 1039 4801 αὐτῆς
1072 4728 1305 4799 πρώτως
1348 4727 1449 4796 τήν
1487 4724 1667 4793 φύσιν·
1693 4722 1811 4786 πῶς
1838 4715 1931 4774 οὖν

364 4828 431 4883 ἂν
455 4823 567 4881 εἷεν
601 4826 651 4880 οἱ
677 4825 777 4894 τῆς
806 4821 1021 4893 φύσεως
1066 4819 1215 4897 λόγοι
1238 4822 1338 4887 τῆς
1364 4817 1717 4876 ὑποστάσεως
1744 4831 1759 4878 ;

942 4912 1194 4967 ΚΕΦΑΛ.
1225 4910 1344 4965 Al".

2592 3696 2744 3753 CAP.
2795 3696 3011 3752 XXXII.

2102 3787 2403 3845 Scientiam
2425 3787 2623 3843 divina:
2648 3804 2897 3859 persona:
2913 3791 2959 3843 si
2988 3784 3249 3846 divinitas
3277 3793 3599 3859 servaverit,

2029 3889 2087 3937 et
2116 3896 2245 3936 caro
2268 3880 2628 3952 ignorantiam
2662 3881 2865 3944 carnis,
2897 3896 2994 3937 cur
3023 3881 3281 3954 distincte
3324 3885 3600 3940 manenti—
3685 3892 3702 3907 '

2030 3972 2135 4028 bus
2163 3987 2519 4042 personarum
2560 3957 3008 4042 pr0prietatibus,
3061 3973 3193 4043 ipsae
3233 3989 3478 4045 persona;
3519 3976 3601 4031 di-

2031 4064 2395 4121 stinctaamon
2435 4062 2781 4118 manebunt?
2834 4062 2941 4118 Sed
2991 4074 3188 4119 natura
3232 4080 3480 4135 personae
3515 4068 3599 4122 vel

2029 4155 2331 4227 cognoscit,
2383 4155 2470 4208 vel
2532 4167 2639 4208 non
2697 4153 2980 4223 cognoscit
3034 4171 3049 4208 :
3092 4169 3204 4208 non
3229 4156 3375 4210 enim
3420 4156 3601 4211 omnis

2030 4262 2263 4318 persona
2296 4246 2593 4316 cognoscit.
2636 4243 2891 4300 Omnium
2923 4262 3046 4315 qum
3084 4246 3234 4301 novit
3261 4247 3414 4302 Pauli
3471 4264 3599 4318 per-

2031 4355 2188 4402 sona,
2227 4339 2486 4409 ungulam
2525 4337 2610 4393 vel
2658 4337 2896 4407 aliquam
2952 4338 3036 4392 sui
3086 4338 3333 4408 corporis
3384 4349 3597 4409 partem

2030 4428 2265 4499 dicimus
2296 4429 2434 4483 nihil
2458 4428 2797 4499 cognovisse,
2832 4428 2928 4483 sed
2960 4443 3126 4489 unam
3168 4431 3483 4484 naturalem
3511 4429 3598 4484 fa-

2030 4520 2311 4582 cultatem,
2345 4527 2401 4572 ct
2436 4518 2583 4572 illam
2615 4517 2976 4587 spiritualem,
3007 4517 3061 4572 id
3084 4525 3169 4572 est
3202 4519 3539 4573 intellectum
3569 4539 3587 4576 :

2030 4621 2140 4660 non
2174 4604 2317 4659 enim
2360 4612 2472 4658 tota
2513 4613 2705 4657 natura
2738 4605 2858 4673 ejus
2895 4604 3281 4672 cognoscebat.
3317 4605 3429 4662 Cur
3467 4622 3598 4676 ergo

2031 4695 2105 4753 de
2130 4708 2364 4765 persona
2398 4692 2698 4756 diceretur,
2731 4692 2876 4761 quod
2905 4692 2974 4747 de
3003 4701 3197 4747 natura
3237 4692 3443 4749 dictum
3473 4696 3598 4750 est?

2601 4905 2750 4963 CAP.
2781 4906 3021 4964 XXXIII.

440 5011 536 5063 'Ev
565 5008 853 5079 πρόσωπον
872 5005 1169 5076 ἀπρόσιτον
1187 5001 1318 5056 Θεοῦ
1334 5003 1397 5055 ἐκ
1423 5001 1657 5070 φύσεως·
1694 5020 1713 5054 ι
1743 4999 1926 5063 Οὐδεὶς

2108 4999 2223 5056 Una
2242 5006 2327 5054 est
2355 4997 2451 5054 Dei
2477 4995 2645 5053 facies
2674 4997 2988 5064 invisibilis,
3007 4998 3141 5055 dicit
3166 5014 3313 5055 enim
3346 5018 3403 5055 τι
3426 5008 3601 5059 Nemo

367 5104 493 5173 γὰρ,
512 5101 665 5172 φησὶ,
688 5099 877 5170 ὄψεται
902 5096 963 5152 rb
978 5095 1274 5168 ’πρόσωπόν
1292 5112 1390 5165 μου
1408 5096 1503 5149 καὶ
1523 5093 1776 5165 ζήσεταιι-
1797 5110 1817 5145 ι
1840 5092 1926 5147 καὶ

2035 5092 2241 5148 videbit
2273 5093 2465 5149 faciem
2485 5108 2681 5158 meam,
2713 5100 2769 5148 et
2785 5093 2931 5149 vivet
2952 5094 3038 5160 ης
3067 5112 3085 5146 ι
3116 5102 3172 5149 et
3190 5110 3296 5148 una
3317 5102 3401 5149 est
3431 5095 3601 5152 facies

365 5195 424 5248 ἓν
441 5195 727 5264 πρόσωπον
744 5189 1118 5261 ὲμπτυόμενον
1130 5185 1437 5256 ἀνθρώπου·
1462 5205 1480 5238 ι
1506 5186 1613 5239 Καὶ
1633 5185 1933 5238 ἐνέπτυσαν
1964 5228 1969 5234 .

366 5287 496 5358 γὰρ,
516 5285 668 5354 φησὶ,
696 5284 774 5345 εἰς
795 5283 855 5335 rb
878 5280 1168 5352 πρόσωπον
1194 5278 1381 5332 αὑτοῦ.
1418 5296 1436 5329 ι
1466 5279 1526 5331 El
1555 5277 1613 5330 ἓν
1639 5276 1931 5346 πρόσωπον

260 5438 263 5441 ν
366 5375 601 5448 Χριστοῦ
634 5377 782 5428 ἐστιν
832 5373 891 5438 ἐξ
931 5371 1195 5436 ἐνώσεως,
1225 5370 1334 5441 ἄρα
1385 5369 1506 5439 ἔχον
1554 5374 1612 5421 ἐν
1664 5367 1839 5440 ἑαυτῷ
1866 5369 1930 5422 rb

366 5469 656 5538 ἀπρόσιτον
709 5465 999 5536 πρόσωπον
1026 5504 1041 5530 ,
1094 5463 1188 5517 καὶ
1241 5462 1301 5516 rb
1358 5461 1731 5532 ἐμπτυόμενον
1763 5457 1932 5530 πρόσ-

367 5575 532 5613 ωπον.
569 5555 708 5609 Ἀλλ’
738 5554 863 5607 οὕτε
895 5554 955 5608 rb
977 5553 1071 5607 ἐπὶ
1096 5552 1232 5606 Θεοῦ
1256 5551 1543 5621 εἰρημένον
1570 5550 1665 5602 τοῦ
1694 5550 1927 5621 ἀοράτου

367 5651 678 5720 πρόσωπον,
721 5647 796 5710 ώς
830 5646 1126 5709 ὑπόστασις
1160 5644 1395 5711 ἐλέγετο,
1450 5643 1577 5712 περὶ
1628 5636 1689 5695 οὗ
1739 5640 1834 5693 νῦν
1866 5640 1928 5693 rb

370 5742 720 5815 ζητούμενον·
751 5740 813 5794 οὑ
843 5740 951 5809 γὰρ
981 5739 1038 5791 ἓν
1074 5739 1231 5809 μόνον
1251 5736 1313 5790 τὸ
1339 5735 1432 5789 τοῦ
1462 5734 1597 5788 Θεοῦ
1631 5733 1929 5805 πρόσωπόν

440 5884 482 5917 ⁸⁸
510 5884 679 5941 Exod.
717 5898 907 5948 xxxnl,
934 5880 1022 5936 20.
1098 5882 1140 5912 ¹⁹
1172 5878 1361 5935 Matth.
1390 5894 1530 5943 xxvi,
1558 5878 1638 5934 67.

2035 5184 2275 5240 hominis
2290 5184 2592 5254 passibilis;
2622 5184 2885 5253 scriptum
2898 5192 2984 5239 est
3008 5185 3193 5239 enim:
3224 5185 3321 5239 ιΕι
3346 5194 3476 5241 tunc
3500 5202 3600 5241 ex-

2034 5283 2271 5345 puerunt
2303 5274 2357 5329 in
2385 5273 2579 5330 faciem
2607 5274 2803 5345 ejus".
2829 5292 2848 5326 ι
2880 5274 2937 5330 Si
2965 5289 3095 5345 ergo
3124 5289 3230 5328 una
3254 5284 3337 5330 est
3366 5291 3601 5345 persona

2031 5366 2234 5425 Christi
2255 5366 2978 5437 postincarnationem,huic
2989 5366 3097 5421 erit
3110 5366 3394 5422 unal‘acies
3410 5368 3601 5422 invisi-

2036 5457 2185 5522 bilis,
2203 5456 2372 5511 altera
2398 5455 2691 5525 passibilis.
2714 5455 2821 5510 Sed
2850 5456 2953 5510 ista
2973 5456 3140 5512 fa’cics
3160 5457 3255 5511 Dei
3279 5457 3596 5521 invisibilis,

2034 5548 2104 5603 de
2122 5563 2229 5619 qua
2244 5546 2472 5617 quaestio
2484 5553 2588 5611 est,
2612 5561 2710 5615 pro
2735 5562 2966 5616 persona
2984 5547 3253 5618 accipitur
3278 5565 3291 5603 :
3315 5565 3424 5603 non
3448 5550 3596 5605 enim

2034 5639 2192 5694 unica
2216 5646 2301 5693 est
2336 5637 2431 5692 Dei
2465 5652 2718 5707 persona,
2743 5637 2840 5693 sed
2866 5638 3082 5709 triplex.
3110 5639 3204 5695 llla
3234 5641 3379 5695 enim
3405 5640 3598 5697 invisi—

2032 5732 2159 5788 bilis
2178 5732 2344 5788 facics
2364 5746 2473 5787 non
2486 5730 2628 5787 dicta
2654 5739 2738 5787 cst
2764 5746 2870 5787 una
2886 5722 3014 5788 esse
3038 5747 3068 5788 e
3088 5732 3393 5797 Trinitate;
3418 5749 3594 5803 neque
