4042 6582
376 436 510 506 1591

1652 433 1962 514 LEONTII
2006 433 2410 498 BYZANTINI

3508 425 3645 493 1592

371 567 500 609 cum
538 549 887 626 oppositione
937 559 1201 622 usurpata
1246 559 1331 609 est
1373 550 1443 608 ab
1489 566 1597 606 una
1644 544 1955 608 divinarum

2069 554 2191 615 ιστι,
2225 550 2362 606 ἀλλὰ
2409 546 2556 618 τρια·
2609 545 2712 600 οὐκ
2749 544 2816 600 ἂν
2849 543 3192 624 ἠριναῖς
3243 535 3384 600 εἶναι
3430 543 3644 615 ἐρρήθη

371 655 760 712 personarum,
806 643 964 714 quasi
990 642 1111 698 alia;
1144 642 1266 700 dum
1295 643 1791 700 consubstantiales
1819 643 1958 698 divi-

370 747 500 785 nam
550 730 748 787 faciem
774 732 1050 789 visibile‘m
1085 727 1198 804 pra:
1246 750 1305 790 se
1344 734 1559 801 ferant',
1598 743 1656 790 et
1694 750 1802 791 una
1836 751 1960 804 quae

373 822 622 894 loquitur
648 823 984 882 invisibilem
1015 826 1252 894 habeat;
1292 827 1387 883 sed
1420 828 1644 882 nomine
1677 826 1836 882 faciei
1870 827 1957 882 in-

375 913 667 970 dicebatur
695 926 907 973 naturae
923 919 1043 989 ejus
1061 917 1224 982 visio,
1254 926 1311 974 et
1331 917 1602 974 naturalis
1633 918 1732 974 Dei
1760 918 1958 981 forma,

375 1003 521 1073 quod
571 1003 717 1061 idem
758 1021 868 1060 non
915 1015 1001 1062 est
1034 1023 1099 1063 ac
1135 1022 1392 1078 persona.
1443 1006 1534 1061 Sic
1581 1007 1780 1062 iterum
1812 1007 1959 1076 quod

375 1111 632 1166 persona,
679 1097 782 1153 hoc
812 1114 922 1156 non
951 1108 1036 1155 est
1083 1098 1254 1155 facies
1297 1097 1660 1169 Christiquac
1691 1109 1960 1170 eonsputa

381 1184 513 1253 fuit;
563 1187 665 1242 ista
717 1188 865 1243 enim
911 1205 1041 1259 pars
1070 1188 1174 1244 fuit
1215 1204 1328 1244 non
1371 1189 1536 1244 modo
1568 1187 1808 1254 Christi,
1861 1189 1958 1246 sed

377 1276 545 1331 etiam
587 1277 827 1334 hominis
850 1279 906 1334 in
933 1279 1077 1349 ipso,
1124 1290 1180 1336 et
1208 1296 1404 1335 rursus
1443 1295 1613 1335 unum
1647 1281 1962 1356 membrum

377 1369 627 1438 corporis
661 1371 802 1442 ejus,
857 1379 1054 1440 caput;
1105 1386 1210 1426 nec
1239 1379 1414 1428 totum
1463 1378 1659 1443 caput,
1695 1372 1794 1428 sed
1831 1357 1962 1443 pars

375 1460 498 1529 ejus
527 1461 798 1526 anterior,
827 1472 962 1517 etca
993 1461 1230 1532 denique
1257 1479 1381 1534 qua:
1397 1471 1484 1518 est
1505 1463 1720 1519 circum
1747 1463 1959 1520 oculos.

377 1549 435 1605 Si
463 1566 595 1622 ergo
631 1552 736 1607 hoc
773 1569 884 1607 uno
912 1553 1083 1609 verbo
1107 1554 1448 1626 signiﬁcatur
1473 1547 1677 1614 Christi
1700 1572 1962 1626 persona,

375 1657 488 1697 non
528 1653 708 1698 autem
739 1660 802 1698 ea
828 1661 956 1715 qua
985 1653 1181 1720 peetus
1206 1646 1572 1711 circumdant,
1600 1663 1706 1704 nec
1741 1664 1962 1715 manus,

375 1748 477 1788 nec
525 1733 717 1805 pedes.
760 1735 958 1805 neque
986 1744 1181 1793 caetera
1231 1737 1479 1794 membra
1524 1740 1774 1809 corporis
1818 1741 1958 1812 ejus,

377 1826 492 1881 sive
524 1827 649 1898 puri
687 1829 952 1894 hominis,
1003 1828 1120 1885 sive
1163 1828 1260 1884 Dei
1291 1829 1363 1885 sit
1391 1844 1629 1900 persona
1668 1838 1726 1887 et
1767 1831 1959 1898 facies,

376 1916 676 1972 dicendum
732 1920 841 1975 erit
887 1922 1206 1976 necessario
1254 1937 1376 1978 esse
1417 1930 1680 1979 extranea
1713 1939 1966 1993 personae

375 2007 588 2078 reliqua
618 2011 740 2080 ejus
787 2013 1036 2069 membra
1066 2028 1189 2082 quae
1210 2012 1408 2077 oculis,
1450 2022 1549 2067 aut
1579 2028 1677 2068 ore
1715 2029 1825 2069 non
1856 2014 1965 2069 cir-

372 2099 845 2161 cumscribuntur.
879 2101 1038 2168 Quod
1073 2101 1283 2158 dictum
1317 2101 1606 2158 manifeste
1638 2110 1724 2159 est
1750 2103 1964 2174 puerile

372 2190 461 2246 vel
493 2191 882 2263 sophisticum.

2063 645 2168 701 ὑπὸ
2185 644 2288 713 τῆς
2313 641 2600 712 Θεότητος,
2620 637 2747 694 οὔτε
2775 637 2918 692 κατὰ
2940 635 3369 706 ἀντιδιαστολὴν,
3399 635 3507 689 ὑπὸ
3526 635 3666 700 ne;

2060 736 2170 790 τῶν
2207 735 2384 791 θείων·
2415 731 2726 804 προσώπων
2779 730 2898 784 ἐστὶ
2943 724 3242 799 λεγόμενον
3277 724 3342 780 τὸ
3387 727 3645 798 ἀόρατον,

2061 827 2140 893 ὡς
2169 827 2277 881 τῶν
2307 824 2609 897 όμοουσὶων
2635 823 2838 894 ἐτέρων
2881 819 2996 886 δύο,
3041 818 3258 891 ὁρατῶν
3284 818 3456 872 όντων
3485 818 3634 874 Θεία*

2064 921 2374 992 προσώπων
2397 963 2414 987 ,
2455 919 2550 974 τοῦ
2587 916 3024 990 χρηματέζοντος
3072 913 3132 969 δὲ
3191 911 3360 985 μόνου
3407 913 3646 983 ἀοράτου

2061 1015 2439 1085 τυγχάνοντος·
2472 1011 2590 1068 ἀλλ’
2621 1012 2656 1082 ἡ
2685 1010 2788 1080 τῆς
2819 1007 3039 1079 φύσεως
3082 1004 3250 1060 αὑτοῦ
3284 1003 3650 1066 κατόπτεοσις

2059 1108 2316 1178 ἐδηλοῦτο
2349 1106 2438 1162 διὰ
2465 1103 2561 1160 τοῦ
2610 1100 2907 1175 προσώπου
2929 1140 2947 1166 ,
2996 1099 3092 1154 καὶ
3122 1097 3189 1153 τὸ
3237 1095 3472 1169 φυσικὸν
3507 1090 3649 1158 εἶδος

2062 1199 2158 1253 τοῦ
2185 1197 2345 1264 Θεοῦ,
2375 1198 2517 1268 ὅπερ
2561 1196 2622 1250 οὔ
2648 1193 2845 1250 ταυτὸν
2888 1194 3090 1246 νοεῖται
3115 1192 3190 1262 τῇ
3219 1187 3518 1242 ὑποστάσει
3545 1185 3646 1246 ,όνο

2062 1290 2146 1344 ἔτι
2189 1291 2248 1345 δὲ
2292 1291 2358 1345 οὐ
2397 1291 2594 1346 ταυτόν
2625 1293 2742 1344 ἔστι
2783 1290 2852 1359 τῇ
2885 1284 3184 1340 ὑποστάσει
3226 1279 3394 1336 αὐτοῦ
3439 1278 3564 1333 οὐδὲ
3586 1277 3651 1331 th

2063 1381 2377 1452 ὲμπτυσθὲν
2405 1379 2648 1453 Χριστοῦ
2671 1378 2991 1451 πρόσωπονο
3019 1375 3186 1446 μέρος
3219 1373 3330 1443 γάρ
3360 1373 3479 1426 ἐστι
3509 1371 3664 1444 sub.

2064 1489 2142 1537 νο,
2183 1472 2246 1526 οὐ
2292 1471 2454 1544 μόνον
2500 1469 2765 1543 Χριστοῦ,ι
2791 1467 2933 1522 ἀλλὰ
2959 1467 3058 1522 καὶ
3081 1463 3179 1518 τοῦ
3208 1463 3328 1516 κατ’
3363 1459 3531 1516 αὐτὸν
3555 1460 3652 1512 ἀν-

2065 1563 2309 1636 θρώπου·
2340 1564 2439 1618 καὶ
2466 1564 2656 1618 τούτου
2681 1562 2790 1616 τῶν
2817 1555 3152 1630 σωματικῶν
3174 1554 3360 1627 μερῶν
3381 1553 3464 1618 ἓν,
3483 1553 3653 1624 {now

2061 1659 2098 1729 ἠ
2133 1655 2342 1727 κεφαλή
2369 1671 2388 1688 ο
2411 1655 2507 1709 καὶ
2553 1655 2692 1725 αὑτὴ
2717 1653 2776 1707 δὲ
2819 1652 2917 1722 οὐχ
2956 1650 3088 1722 ὅλη,
3121 1648 3258 1704 ἀλλὰ
3287 1647 3354 1700 τὸ
3384 1645 3444 1698 ἐν
3480 1645 3652 1715 αὐτῆς

2063 1748 2301 1820 πλευρὸν
2336 1746 2523 1811 ἁπλῶς
2554 1746 2630 1800 τὸ
2659 1743 3017 1816 ὲμπρόσθιον,
3042 1741 3138 1798 καὶ
3162 1737 3302 1811 πρὸς
3326 1738 3461 1799 τοῦς
3495 1729 3653 1798 ὦπας

2067 1841 2235 1914 μέρος
2257 1841 2447 1911 αὐτῆς·
2486 1839 2538 1894 ei.
2564 1834 2662 1894 οὖν
2692 1837 2830 1906 τῷδε
2857 1837 2890 1891 ὁ
2911 1835 3012 1906 τῆς
3033 1832 3390 1904 ὑποστάσεως
3407 1826 3509 1882 τοῦ
3528 1827 3654 1899 Χριο

2066 1931 2191 1986 στοῦ
2238 1930 2397 2003 λόγος
2427 1929 2682 2003 δηλοῦται
2721 1929 2892 2000 μόνῳ,
2924 1927 3049 1981 ἐπεὶ
3093 1924 3174 1997 μὴ
3212 1920 3652 1995 ὲμπεριώρισται

2067 2023 2220 2094 αὐτῷ
2247 2023 2496 2096 στέρνον,
2535 2022 2630 2078 καὶ
2661 2023 2723 2077 αἱ
2769 2023 2976 2092 χεῖρες,
3019 2020 3115 2073 καὶ
3147 2019 3202 2071 οἱ
3241 2016 3425 2080 πόδες,
3460 2014 3558 2067 καὶ

2065 2109 2228 2165 λοιπὰ
2259 2095 2354 2163 τοῦ
2397 2111 2670 2180 σώματος,
2715 2107 2825 2162 εἴτε
2855 2105 3016 2170 ψιλοῦ
3057 2102 3348 2175 ἀνθρώπου
3369 2142 3386 2168 ,
3420 2103 3533 2156 εἴτε
3560 2095 3655 2155 οὖν

2063 2195 2203 2252 Θεοῦ
2234 2179 2402 2251 ’ἔστιν
2425 2199 2462 2269 ἡ
2485 2179 2791 2260 ὑπόστασις
2827 2193 3074 2267 Χριστοῦ
3125 2193 3220 2246 καὶ
3257 2191 3318 2256 τὸ
3357 2191 3658 2260 πρόσωπον

375 2286 589 2359 ἀνάγκη
621 2285 780 2350 ἐκτὸς
808 2285 946 2340 εἶναι
981 2286 1142 2358 τῆσδε
1167 2287 1267 2357 τῆς
1289 2286 1644 2352 ὑποστάσεως
1686 2287 1864 2342 πάντα
1892 2289 1962 2346 τὰ
1986 2290 2123 2346 ἄλλα
2169 2291 2306 2364 μέλη
2340 2291 2536 2362 αὐτῆς,
2575 2292 2677 2347 ὅσα
2711 2290 2790 2363 μὴ
2838 2293 2872 2362 ἡ
2909 2289 3056 2360 ὄψις,
3088 2287 3257 2359 ἧγουν
3282 2286 3313 2339 6
3344 2282 3656 2358 χαρακτὴρ.

373 2382 712 2454 περιγράφει
741 2379 1023 2454 ταύτης·ἢ
1068 2381 1163 2436 οὖν
1194 2382 1504 2450 παιδιῶδες,
1531 2383 1569 2456 ἥ
1598 2383 1910 2454 σοφιστικὸν
1964 2385 2028 2441 τὸ
2082 2388 2372 2461 εἰρημόνον
2400 2388 2530 2460 ὑμῖν
2552 2378 2763 2458 σαφῶς.

937 2476 1094 2534 CAP.
1140 2476 1381 2536 XXXIV.

442 2567 612 2625 Verbi
648 2569 745 2626 Dei
778 2584 1017 2640 persona
1051 2585 1159 2625 una
1183 2578 1268 2625 est
1290 2585 1400 2626 non
1424 2585 1493 2626 ex
1527 2569 1758 2638 unione,
1775 2572 1872 2628 sed
1893 2587 1963 2627 ex

375 2671 594 2728 natura;
612 2661 818 2736 Christi
840 2677 1077 2732 persona
1100 2677 1210 2718 una
1241 2669 1329 2720 est
1353 2677 1422 2718 ex
1452 2661 1691 2729 unione;
1718 2662 1964 2732 atquisi,

377 2764 439 2810 ut
471 2753 798 2821 Christi,-ita
816 2764 874 2812 et
901 2755 1066 2812 Verbi
1090 2769 1326 2825 persona
1345 2770 1454 2810 una
1482 2763 1629 2810 esset
1646 2770 1711 2810 ex
1733 2756 1960 2822 unione,

378 2855 592 2901 certum
623 2856 772 2902 esset
813 2847 1055 2902 Verbum
1097 2846 1194 2901 Dei
1242 2839 1538 2917 antequam
1574 2863 1746 2902 unam
1774 2861 1968 2917 pereo.

378 2954 508 2994 nam
543 2938 827 3006 habuerit,
859 2955 980 2994 eam
1019 2956 1133 2995 non
1164 2939 1451 3005 habuisse,
1484 2940 1632 2995 haud
1665 2956 1846 3006 secus,
1899 2956 1965 2996 ac

377 3029 658 3088 Christus.
684 3031 790 3088 Sed
826 3032 920 3087 illa
947 3047 1056 3090 una
1089 3032 1360 3088 naturalis
1401 3047 1634 3103 persona
1666 3035 1832 3089 unius
1865 3049 1966 3088 na-

381 3134 521 3180 tura:
548 3124 718 3181 Verbi
771 3124 892 3190 Dei,
921 3125 1086 3180 etiam
1119 3133 1247 3195 post
1289 3126 1755 3192 incarnationem,
1807 3126 1964 3181 unita

2649 2483 2901 2538 ΚΕΦΔΛ.
2932 2482 3057 2538 ΛΔ’.

2137 2579 2212 2633 Τὸ
2224 2579 2518 2652 πρόσωπον
2543 2575 2640 2632 τοῦ
2657 2574 2796 2630 Θεοῦ
2819 2574 2998 2644 Λόγου
3013 2576 3114 2629 οὐκ
3133 2573 3283 2630 ἔστιν
3310 2573 3380 2628 ὲκ
3394 2570 3497 2642 τῆς
3519 2567 3657 2625 ἑνώ-

2069 2674 2208 2733 σεως
2237 2668 2316 2734 ἓν,
2343 2669 2484 2723 ἀλλὰ
2512 2671 2578 2722 ὲκ
2609 2667 2826 2739 φύσεως
2842 2681 2858 2697 ·
2880 2669 2946 2719 τὸ
2971 2666 3266 2738 πρόσωπον
3290 2664 3388 2720 τοῦ
3416 2661 3657 2735 Χριστοῦ

2073 2763 2140 2816 in
2167 2760 2270 2832 τῆς
2291 2759 2540 2825 ἑνώσεώς
2562 2762 2711 2814 ἐστιν
2732 2759 2794 2812 ἓν
2813 2777 2832 2792 ο
2868 2758 2916 2812 εξ
2940 2758 3052 2829 γὰρ
3083 2758 3148 2812 ἐκ
3184 2758 3286 2827 τῆς
3317 2755 3566 2818 ἑνώσεως
3578 2750 3660 2832 ἦν

2067 2852 2132 2906 τὸ
2159 2851 2221 2906 ὃν
2245 2851 2537 2923 πρόσωπον
2559 2850 2653 2906 τοῦ
2683 2848 2820 2906 Θεοῦ
2843 2848 3046 2918 Λόγου,
3076 2848 3274 2920 ὥσπερ
3316 2847 3379 2900 τὸ
3401 2845 3500 2901 τοῦ
3520 2848 3661 2918 Χρισ-

2071 2945 2221 3008 στοῦ,
2245 2944 2404 3016 δῆλον
2444 2945 2526 2999 ὅτι
2557 2945 2688 3016 πρὶν
2719 2943 2948 3013 γένηται
2973 2945 3005 2996 ό
3037 2942 3167 3005 Θεὸς
3196 2941 3370 3009 Λόγος
3403 2939 3462 2993 ἓν
3488 2937 3661 3010 πρόσ-

2069 3053 2243 3101 ωπον,
2265 3035 2368 3090 οὐκ
2396 3029 2512 3105 εἶχε
2532 3034 2594 3088 τὸ
2613 3032 2674 3089 ἓν
2698 3032 3010 3105 πρόσωπον,
3034 3031 3226 3103 ὥσπερ
3254 3028 3379 3084 οὐδὲ
3399 3025 3660 3098 Χριστός.

2071 3121 2216 3182 Ἀλλ’
2240 3127 2371 3182 αὐτὸ
2394 3127 2456 3180 τὸ
2481 3119 2555 3182 ’ὲκ
2581 3125 2794 3197 φύσεως
2826 3124 2885 3178 ἓν
2921 3123 3217 3200 πρόσωπον
3266 3122 3368 3201 τῆς
3398 3120 3527 3191 μιᾶς
3552 3116 3664 3188 φύ-

379 3215 565 3271 Verbo
593 3216 649 3271 in
681 3216 802 3287 ipso
829 3224 1026 3271 natura
1057 3216 1263 3280 carnis,
1300 3231 1410 3271 una
1451 3228 1702 3274 remanet
1737 3233 1966 3289 persona

2075 3235 2214 3283 σεως
2237 3219 2333 3278 τοῦ
2360 3218 2561 3288 Λόγου,
2592 3215 2754 3271 τοῦτο
2781 3215 2876 3270 καὶ
2898 3215 2992 3268 ἐπὶ
3020 3215 3091 3286 τῇ
3131 3208 3324 3266 iteca;
3353 3209 3458 3280 τῆς
3489 3225 3666 3277 προσ-

382 3306 623 3362 duarum
659 3315 987 3363 naturarum
1019 3307 1230 3364 Christi
1261 3324 1275 3362 :
1307 3323 1375 3362 ex
1404 3308 1611 3364 unione
1661 3297 1832 3380 igitur
1863 3325 1965 3365 na-

381 3412 654 3469 turarum,
680 3419 794 3458 non
822 3417 1211 3474 personarum,
1237 3417 1344 3458 una
1381 3403 1442 3458 lit
1467 3403 1674 3459 Christi
1705 3411 1966 3474 persona,

380 3509 505 3564 quae
550 3508 716 3547 unam
763 3493 947 3548 adhuc
993 3493 1200 3548 retinet
1249 3501 1526 3560 naturam,
1558 3503 1615 3550 et
1668 3493 1831 3550 unica
1881 3501 1969 3550 est

380 3600 617 3656 persona
670 3583 897 3641 Christi.
957 3584 1101 3652 Quid
1163 3587 1338 3658 ergo?
1374 3585 1630 3641 Christus
1679 3587 1969 3656 accepitne

380 3689 676 3745 personam
710 3689 778 3729 ex
825 3684 1048 3740 natura,
1107 3683 1309 3746 prater
1361 3677 1593 3730 alteram
1625 3691 1694 3730 ex
1735 3675 1964 3740 unione,

381 3765 609 3824 annon?
642 3765 700 3822 Si
733 3781 848 3822 non
892 3769 1142 3837 accepit,
1172 3781 1468 3837 personam
1498 3781 1609 3821 non
1638 3765 1771 3821 fecit
1801 3766 1964 3831 uuio;

316 3877 333 3894 -
381 3858 502 3924 sed,
549 3866 610 3916 ut
636 3857 879 3917 diximus
901 3900 920 3926 ,
954 3859 1098 3914 facta
1130 3868 1215 3914 est
1250 3860 1308 3914 in
1354 3858 1592 3914 naturali
1629 3858 1798 3914 Verbi
1835 3867 1977 3929 per-‘

381 3965 516 4006 sena
547 3951 682 4007 unio
723 3960 1073 4010 naturarum.
1103 3950 1161 4006 Si
1204 3942 1396 4006 autem
1424 3950 1738 4006 naturalem
1770 3964 1968 4021 perso-

382 4057 548 4108 nam,
580 4049 782 4110 pmter
835 4041 1001 4097 aliam
1057 4056 1126 4096 ex
1178 4041 1412 4106 unione,
1461 4041 1658 4097 habuit
1690 4040 1968 4108 Christus,

381 4135 532 4190 sicut
549 4133 822 4198 Verbum,
847 4147 976 4188 eum
1004 4133 1202 4189 dicatis
1220 4133 1406 4188 Verbo
1435 4149 1559 4189 esse
1582 4148 1875 4204 personam
1901 4149 1970 4189 ex

383 4235 602 4288 natura,
631 4234 691 4280 et
722 4224 884 4280 aliam
907 4239 977 4280 ex
997 4225 1227 4290 unione,
1249 4225 1387 4280 duas
1414 4240 1548 4297 ergo
1576 4239 1842 4295 personas
1872 4225 1970 4279 ha-

380 4318 596 4374 bebunt
637 4317 885 4373 Verbum
941 4326 998 4372 et
1032 4331 1182 4375 caro.
1232 4317 1314 4372 Ad
1357 4333 1654 4388 quamnam
1693 4317 1866 4388 igitur
1901 4333 1970 4372 ex

383 4417 624 4481 quatuor
661 4408 914 4480 personis
960 4407 1267 4464 referenda.
1289 4416 1379 4464 est
1414 4408 1509 4462 illa
1537 4415 1866 4462 naturarum
1914 4413 1972 4461 et

383 4517 749 4574 personarum
779 4501 917 4556 unto
944 4501 1002 4555 in
1039 4516 1149 4555 una
1179 4500 1461 4571 persona?
1494 4498 1550 4554 Si
1577 4497 1646 4553 ad
1677 4511 1970 4566 personam

2065 3311 2368 3385 ληφθείσης
2412 3313 2552 3382 αὐτῇ
2599 3311 2658 3366 ὲν
2690 3307 2841 3379 αὐτῷ
2890 3306 3108 3377 φύσεως
3151 3304 3358 3375 σαρκὸς
3397 3303 3535 3376 πρὸς
3578 3303 3668 3373 τῷ

2065 3407 2246 3478 Λάγῳ,
2276 3405 2337 3459 ἓν
2366 3405 2518 3478 ἐστιν
2545 3402 2840 3477 πρόσωπον
2863 3401 2982 3454 τῶν·
3000 3397 3096 3455 δύο
3127 3388 3347 3468 φῦσεων
3375 3395 3619 3468 Χριστοῦ
3646 3412 3665 3426 ο

2067 3502 2135 3555 ὲκ
2150 3500 2250 3572 τῆς
2299 3497 2398 3553 οῦν
2427 3495 2674 3559 ἑνώσεως
2725 3493 2838 3548 τῶν
2885 3491 3108 3562 φύσεων
3130 3489 3194 3544 οὑ
3227 3489 3568 3562 προσώπων,
3599 3488 3668 3541 ἒν

2067 3594 2186 3646 ἐστι
2213 3591 2277 3646 τὸ
2301 3578 2594 3663 πρόσωπον
2612 3585 2880 3658 Χριστοῦ,
2915 3587 2946 3641 ὅ
2968 3588 3116 3640 ἐστιν
3145 3587 3212 3640 ὲκ
3247 3584 3380 3656 μιᾶς
3418 3581 3665 3652 φύσεως,

2068 3683 2127 3737 ἓν
2148 3683 2443 3755 πρόσωπον
2465 3679 2559 3734 τοῦ
2575 3675 2790 3749 Λόγου·
2821 3679 2947 3732 ἐπεὶ
2965 3677 3018 3732 τί
3039 3677 3214 3748 (pars;
3237 3675 3265 3730 ό
3281 3674 3514 3746 Χριστὸς
3547 3672 3669 3742 ἔχει

2069 3776 2364 3846 πρόσωπον
2429 3774 2497 3828 ἐκ
2531 3771 2770 3843 φύσεως,
2802 3769 2941 3842 πρὸς
2984 3768 3063 3842 τῷ
3097 3769 3382 3842 προσώπῳ
3423 3766 3543 3820 τόδε
3579 3765 3668 3834 τῷ

2068 3870 2134 3926 ὲκ
2162 3867 2267 3937 τῆς
2293 3866 2563 3930 ἐνώσεως,
2610 3865 2648 3936 ἢ
2676 3863 2838 3935 οὐχις
2868 3864 2917 3917 εἰ
2947 3863 3047 3934 μὲν
3079 3862 3176 3917 οὖν
3211 3860 3358 3931 οὐχὶ,
3387 3858 3498 3913 οὐδ’
3550 3857 3669 3928 ἄρα

2071 3959 2367 4033 πρόσωπόν
2401 3960 2548 4016 ἔστιν
2573 3959 2608 4029 ἡ
2631 3958 2846 4022 ἒνωσις,
2879 3955 2994 4012 ἀλλ’
3018 3942 3096 4022 ὥς
3129 3955 3346 4026 ἔφημεν
3367 3954 3426 4005 ὲν
3450 3949 3532 4022 τῷ
3559 3968 3668 4020 φυτ

2071 4043 2208 4123 σικῷ
2243 4033 2525 4124 προσώπῳ
2545 4048 2640 4104 τοῦ
2681 4049 2882 4118 Λόγου,
2917 4034 3148 4116 φύσεώς
3180 4047 3330 4102 ἔστιν
3363 4045 3399 4115 ἡ
3424 4042 3627 4104 Evam;
3648 4054 3663 4069 '

2069 4144 2118 4197 ei
2134 4141 2190 4196 δὲ
2209 4140 2367 4212 ἔχειὸ
2388 4138 2624 4211 Χριστὸς
2639 4138 2867 4209 φυσικὸν
2889 4135 3205 4208 πρόσωπον,
3229 4133 3420 4203 ὥσπερ
3447 4132 3669 4200 όΛόγος

2071 4233 2208 4304 πρὸς
2237 4230 2315 4304 τῷ
2345 4234 2444 4302 τῆς
2470 4229 2720 4293 ἑνώσεως
2745 4227 3026 4299 προσώπῳ
3054 4227 3296 4298 πᾴντως,
3321 4225 3406 4280 ὅτι
3451 4223 3667 4277 καὶτὸν

2070 4314 2245 4394 Λόγον
2260 4324 2400 4396 φατὲ.
2416 4323 2564 4394 ἔχειν
2586 4322 2682 4376 καὶ
2713 4321 2879 4381 αὑτὸν
2906 4318 3492 4390 ἐνώσεωςπρόσωπον,
3524 4315 3668 4386 πρὸς

2071 4416 2150 4487 τῷ
2171 4417 2269 4488 τῆς
2301 4416 2518 4487 φύσεως
2553 4413 2853 4486 προσώπῳ,
2884 4412 2990 4468 ἀνὰ
3013 4410 3106 4465 δύο
3153 4406 3246 4466 οὖν
3275 4409 3462 4480 έχουσι
3491 4407 3665 4478 πρόσ-

2072 4522 2194 4562 ωπα
2240 4490 2522 4575 σαφῶς,’ὃ
2541 4521 2602 4559 τε
2622 4505 2817 4568 Λόγος,
2844 4503 2941 4558 καὶ
2965 4504 3000 4574 ἡ
3037 4499 3204 4572 σάρξ·
3249 4502 3332 4563 εἰς
3373 4501 3528 4552 ποῖον
3567 4492 3664 4550 οὖν

383 4573 590 4651 Christi
615 4602 900 4664 acceptam
935 4605 1005 4648 ex
1025 4592 1265 4658 'unione,
1295 4590 1507 4646 inutilis
1531 4598 1616 4645 est
1645 4587 1814 4644 Verbi
1837 4601 1966 4660 per-

2069 4599 2178 4654 τῶν
2201 4573 2483 4670 τεσσάρων
2539 4595 2852 4669 προσώπων
2879 4573 3066 4664 λέγετε
3107 4590 3436 4668 θεωρεῖσθαι
3456 4591 3556 4661 τὴν
3581 4591 3662 4651 εἰς

385 4699 556 4753 sena;
611 4686 656 4742 si
702 4685 775 4741 ad
824 4685 1016 4749 Verbi,
1049 4700 1192 4740 vana
1221 4692 1308 4741 est
1337 4683 1546 4740 Christi
1592 4695 1854 4754 persona.
1898 4683 1968 4738 Et

384 4779 665 4850 quomodo
694 4778 950 4834 subsistit
967 4779 991 4832 2
1010 4778 1114 4835 Ubi
1138 4786 1223 4833 est
1251 4777 1342 4832 illa
1366 4793 1434 4831 ex
1468 4776 1672 4832 unione
1692 4775 1970 4848 persona?

385 4873 443 4929 Si
472 4881 628 4929 extra
674 4873 954 4928 naturales
987 4885 1275 4943 personas,
1307 4870 1476 4928 habet
1496 4869 1734 4940 propria
1769 4867 1971 4924 nativi-

385 4976 579 5032 tatem,
611 4967 976 5032 lineamenta,
1009 4975 1070 5024 et
1091 4973 1330 5031 motum;
1367 4965 1415 5022 si
1447 4965 1506 5020 in
1533 4963 1818 5028 alterutra,
1859 4978 1971 5018 non

315 5071 319 5075 ·
385 5059 496 5114 erit
525 5059 582 5114 in
613 5060 791 5116 altera
823 5074 933 5114 una
978 5074 1254 5132 persona;
1292 5058 1338 5114 si
1375 5057 1433 5112 in
1458 5065 1712 5126 utraque,
1745 5069 1972 5120 necesse

385 5160 472 5206 est
509 5152 680 5221 ipsam
710 5149 768 5205 in
802 5149 1093 5206 distinctas
1121 5158 1180 5206 et
1211 5148 1458 5206 diversas
1491 5161 1760 5219 personas
1798 5146 1972 5203 fuisse

385 5241 646 5308 divisam,
670 5245 786 5302 sive
809 5245 867 5299 in
894 5243 1184 5300 dimidiam
1230 5251 1443 5316 partem
1467 5242 1584 5298 sive
1611 5241 1665 5296 in
1688 5240 1975 5312 quodlibet

388 5336 705 5394 membrum
754 5336 1012 5404 visibile;
1041 5337 1200 5392 verbi
1236 5338 1415 5407 gratia
1449 5351 1621 5391 unum
1667 5333 1865 5405 pedem
1915 5331 1973 5388 in

387 5425 572 5484 Verbo
599 5435 657 5484 et
685 5428 740 5491 in
789 5445 954 5488 carne
1001 5428 1276 5500 intelligi;
1330 5428 1388 5486 in
1441 5442 1680 5498 persona
1708 5424 1979 5484 invisibili

387 5522 588 5594 pedem
647 5522 1004 5582 invisibilem.
1052 5522 1109 5578 in
1156 5521 1374 5601 .visibili
1420 5519 1720 5575 visibilem.
1782 5518 1976 5576 Vestra

390 5615 564 5687 igitur
595 5616 872 5672 sententia
903 5623 1019 5672 tres
1051 5613 1224 5685 pedes
1257 5613 1542 5670 invisibili
1590 5613 1813 5669 Christo
1844 5627 1978 5668 con-

390 5706 726 5777 spiciuntur,
758 5715 816 5762 et
837 5706 982 5762 idem
1015 5705 1084 5760 de
1119 5704 1349 5775 reliquis
1377 5705 1662 5761 membris.
1699 5703 1832 5771 Quae
1847 5718 1974 5758 cum

391 5798 504 5853 sint
532 5814 700 5870 supra
731 5798 904 5855 aniles
920 5796 1134 5853 fabulas
1155 5795 1422 5861 absurda;
1459 5811 1586 5851 cum
1614 5810 1794 5865 neque
1823 5803 1976 5850 extra

395 5886 532 5945 duas
560 5890 840 5947 naturales
877 5881 1164 5962 personas,
1201 5902 1382 5959 neque
1426 5887 1483 5942 in
1520 5885 1825 5964 ambabus,
1872 5901 1971 5943 nc-

2071 4689 2370 4759 πρόσωπον
2403 4688 2575 4743 τῶνδε
2595 4687 2705 4742 τῶν
2729 4686 2946 4756 φύσεων
2974 4686 3068 4738 καὶ
3092 4682 3398 4754 προσώπων
3428 4680 3663 4746 ἓνωσινς

2070 4781 2120 4832 εἰ
2159 4781 2258 4849 μὲν
2287 4777 2396 4850 γὰρ
2447 4776 2636 4840 εἰς.τὺ
2662 4773 2906 4849 Χριστοῦ
2947 4772 3010 4840 ἐξ
3046 4773 3293 4835 ὲνώσεως
3344 4770 3661 4844 πρόσωπον.

2073 4869 2326 4940 περιττὸν
2351 4869 2411 4922 τὸ
2431 4867 2530 4921 τοῦ
2565 4867 2740 4937 Λόγου
2760 4884 2776 4899 ο
2801 4869 2850 4920 ei
2885 4865 2942 4920 δὲ
2975 4867 3056 4932 εἰς
3082 4866 3143 4918 τὺ
3168 4865 3264 4932 τοῦ
3286 4864 3482 4932 Λόγου,
3518 4880 3666 4933 παρ-

2072 4961 2230 5017 έλκον
2248 4961 2310 5018 τὸ
2335 4959 2608 5036 Χριστοῦ*
2648 4959 2766 5032 πῶς
2800 4959 2860 5012 δὲ
2881 4959 2974 5016 καὶ
2991 4958 3298 5028 ὑφέστηκεν
3320 4955 3388 5027 ,ἢ
3405 4952 3511 5010 ποῦ
3539 4955 3665 5008 τόδε

2072 5057 2136 5116 τὸ
2161 5055 2224 5122 ἐξ
2245 5055 2493 5120 ἑνώσεως
2515 5054 2810 5125 πρόσωπον
2831 5055 2910 5120 ςει
2938 5053 3037 5124 μὲν
3065 5050 3174 5122 γὰρ
3195 5050 3355 5114 ὲκτὺς
3381 5048 3489 5102 τῶν
3506 5065 3670 5117 φυσι-

2056 5147 2212 5212 κῶν,
2243 5147 2382 5203 ἰδίαν
2418 5164 2476 5201 τε
2504 5145 2762 5217 γέννησιν
2784 5146 2880 5200 καὶ
2904 5142 3253 5216 περιγραφὴν
3310 5143 3409 5197 καὶ
3451 5141 3668 5213 κίνησιν

2075 5240 2208 5312 ἔχει·
2225 5239 2277 5294 εἰ
2295 5239 2352 5292 δὲ
2364 5241 2421 5294 ὲν
2441 5237 2660 5309 θατέρῳ
2679 5238 2848 5309 μόνῳ,
2861 5238 2961 5308 οὐχ
2979 5236 3170 5291 ὲνώσει
3185 5235 3447 5307 τοέτερον
3457 5234 3537 5305 τῷ
3554 5235 3670 5288 ἐτέδ

2079 5351 2160 5405 ρῳ
2177 5333 2472 5405 προσώπῳ’
2499 5335 2547 5386 si
2567 5332 2626 5386 δὲ
2642 5332 2852 5404 ἁμφοτέ
2861 5349 3000 5404 ροις,
3013 5331 3225 5402 ἀνάγκη
3242 5327 3668 5400 διαμεμερίσθαι

2077 5425 2211 5480 αὐτὸ
2236 5427 2316 5490 εἰς
2346 5426 2414 5480 τὰ
2459 5424 2856 5496 διακεκριμένα
2885 5425 2980 5478 καὶ
3011 5420 3342 5494 διωρισμένα
3378 5421 3666 5491 πρόσωπα,

2077 5519 2149 5575 ἂν
2189 5519 2391 5590 ἣμισυ,
2425 5520 2530 5574 ὅσα
2566 5535 2631 5574 τε
2660 5514 2756 5574 οὖν
2788 5517 3022 5589 αἰσθητὰ
3065 5515 3204 5587 μέλη
3231 5513 3398 5568 αὐτοῦ
3440 5514 3613 5574 ἐστιν,
3639 5511 3670 5564 ὀ

2080 5607 2163 5676 εἷς
2191 5612 2327 5678 ποῦς
2357 5613 2525 5684 τυχὸν
2570 5613 2629 5666 ὲν
2654 5611 2734 5682 τῷ
2761 5611 2943 5681 Λόγῳ,
2981 5610 3012 5664 6
3043 5609 3102 5662 δὲ
3135 5608 3294 5670 ἄλλος
3320 5609 3380 5662 ὲν
3400 5609 3468 5677 τῇ
3501 5605 3669 5676 σαρκὶ

2081 5703 2407 5775 νοηθήσεται
2428 5721 2440 5734 ·
2472 5705 2571 5759 καὶ
2601 5706 2630 5759 6
2655 5704 2755 5776 μὲν
2785 5705 2844 5757 ὲν
2869 5701 2951 5772 τῷ
2974 5701 3193 5774 ἀοράτῳ
3229 5700 3536 5771 προσώπῳ,
3569 5696 3669 5752 ἀό-

2082 5813 2246 5868 ρατος
2278 5799 2410 5863 πούς
2432 5815 2447 5829 ο
2498 5799 2526 5851 ό
2558 5797 2615 5852 δὲ
2647 5799 2705 5850 ἐν
2761 5795 2837 5868 τῷ
2892 5794 3098 5868 ὁρατῷ,
3125 5791 3320 5864 ὁρατός
3340 5808 3353 5821 ’
3384 5793 3535 5860 τρεῖς
3574 5785 3670 5841 οὖν

2084 5887 2228 5944 κατὰ
2269 5888 2360 5945 τὸν
2391 5889 2592 5958 ὁρατὸν
2650 5873 2907 5958 Χριστὸν
2937 5887 2986 5940 οἱ
3045 5882 3206 5948 πόδες
3258 5879 3494 5950 ὁρῶνται
3542 5874 3669 5931 καθ’
