4042 6552
319 452 456 521 1593

1271 448 1668 531 ADVERSUS
1705 468 2258 533 NES'I‘ORIANOS.
2290 498 2361 507 —-
2388 472 2536 533 LIB.
2580 471 2661 533 ιι.

318 570 493 641 ὑμᾶς’
531 571 625 627 καὶ
673 571 767 628 ἐπὶ
802 573 914 629 τῶν
945 575 1124 633 ἄλλων
1172 581 1353 651 μελῶν
1385 585 1455 637 τά
1508 584 1706 655 ὃμοιαο
1750 584 1798 636 εἰ
1852 582 1910 636 δὲ

2013 600 2122 654 que
2171 585 2227 639 in
2286 585 2555 640 alterutra
2612 585 2792 639 solum
2845 583 3150 641 subsistere
3201 582 3401 640 dicatis
3444 582 3592 637 illam

216 696 219 699 ~
314 663 492 720 ταῦτα
515 665 609 721 καὶ
627 666 685 720 tv
705 668 893 740 γραῶν
914 670 1277 743 ληρφδήμασι
1294 674 1580 746 βδελυκτὰ,
1611 676 1735 729 ἐπεὶ
1763 677 1901 747 μήτε

318 757 473 821 ἐκτὸς
487 756 599 813 τῶν
624 758 717 812 δύο
742 760 988 829 φυσικῶν
1015 764 1347 835 προσώπων,
1370 768 1509 838 μήτε
1542 770 1601 821 ὲν
1616 770 1731 830 τοῖς
1756 767 1900 832 δυσὶ,

320 849 459 919 μήτε
487 849 630 904 κατὰ
649 850 877 924 θάτερον
895 854 1075 921 αὑτῶν
1099 857 1260 928 μόνον
1291 859 1663 929 ὑφεστηκέναι
1690 858 1825 921 ὂλως
1841 859 1901 912 τὸ

328 940 387 993 ἔν
408 941 501 1010 τῆ;
530 941 779 1008 ὲνώσεως
792 945 1079 1017 πρόσωπόν
1102 966 1262 1019 φατε,
1288 951 1571 1023 προδήλως
1598 953 1680 1005 δτι
1697 951 1901 1005 ἀνυπό-

318 1033 513 1094 στατόν
523 1051 575 1087 τι
594 1036 687 1088 καὶ
702 1036 1053 1109 άνάπλασμα,
1076 1044 1170 1095 καὶ
1186 1042 1343 1110 Λόγῳ
1362 1043 1522 1113 μόνον
1536 1042 1592 1094 ἓν
1609 1044 1903 1114 πρόσωπον
1935 1086 1943 1093 .

317 1125 379 1189 ἐξ
400 1126 644 1191 ἑνώσεως
670 1129 919 1196 φυσικῶν
950 1133 1263 1204 προσώπων
1293 1131 1432 1190 εἶναι
1453 1135 1828 1206 δογματίζετε·
1846 1136 1903 1190 ὂ-

320 1234 429 1291 περ
480 1220 604 1277 οὕτε
647 1225 726 1296 τῷ
754 1224 991 1297 Χριστοῦ
1036 1228 1256 1299 φυσικῷ
1278 1229 1462 1300 ὅμοιον
1488 1228 1568 1295 ὃν,
1596 1228 1702 1281 τίνι
1751 1228 1902 1283 ἔσται

319 1314 505 1385 ὅμοιον
522 1317 734 1386 εἴπατε,
752 1320 801 1374 sl
830 1321 923 1377 καὶ
938 1310 1302 1392 ὑφεστηκέναι
1321 1322 1448 1394 δοθῇ
1463 1322 1604 1377 κατά
1615 1309 1904 1393 συγχώῥη-

322 1426 409 1463 σιν
431 1425 446 1440 ο
466 1411 514 1463 εἰ
539 1410 594 1464 δὲ
626 1412 828 1465 εἴποιτε
844 1414 973 1477 ἴσως
997 1413 1058 1467 τὸ
1072 1415 1298 1483 φυσικὸν
1330 1414 1565 1485 Χριστοῦ
1608 1396 1903 1486 πρόσωπον

321 1495 460 1555 εἶναι
496 1501 555 1555 τὸ
582 1504 639 1571 te
670 1504 917 1570 ὲνώσεως
935 1506 993 1560 ἓν
1019 1505 1080 1581 ὃν
1111 1508 1402 1579 εἰρημένον
1451 1508 1607 1579 ἡμῖν,
1641 1507 1688 1559 εξ
1711 1508 1775 1559 ἐκ
1798 1505 1901 1577 τῆς

319 1594 431 1648 τῶν
450 1590 877 1667 δὺοιπροσώπων
903 1601 1149 1670 φυσικῶν
1189 1599 1438 1664 ἐνώσεως
1486 1600 1656 1663 ὄντως
1686 1598 1898 1667 γέγονεν

317 1684 405 1749 τίς
438 1688 466 1740 6
484 1686 579 1739 τοὺ
604 1688 897 1753 ὲνωθέντος
933 1692 1057 1746 κατ’
1078 1691 1213 1747 αὑτὸ
1233 1690 1465 1761 φυσικοῦ
1495 1692 1789 1763 προσώπου
1807 1690 1900 1744 άν-

322 1774 571 1845 θρωπος;
611 1780 641 1833 6
666 1780 821 1849 παρὰ
857 1782 975 1838 τόν.
998 1821 1013 1836 .
1031 1821 1046 1837 .
1080 1777 1190 1855 ἆρα
1215 1783 1272 1837 6t
1295 1777 1390 1837 οὖν
1418 1782 1516 1837 καὶ
1540 1783 1601 1836 τὸ
1624 1781 1756 1835 αὑτὸ
1778 1782 1902 1834 ἑαυ-

2003 689 2295 744 personam
2322 691 2386 729 ex
2423 674 2651 739 unione,
2686 683 2836 745 patet
2864 691 2964 731 vos
2994 691 3112 731 rem
3138 690 3250 730 non
3281 673 3592 730 subsisten-

2006 774 2139 830 tem,
2168 778 2416 819 errorem
2447 765 2669 831 docere,
2697 774 2756 820 et
2788 766 2932 821 banc
2966 782 3257 837 personam
3291 781 3359 821 ex
3387 766 3592 819 unione

2003 860 2344 916 naturalium
2366 876 2727 931 personarum
2751 861 2981 917 credere
3013 877 3120 916 non
3147 862 3253 915 nisi
3286 861 3341 915 in
3365 860 3587 925 verbis;

2004 970 2127 1025 qua:
2168 969 2293 1008 cum
2325 953 2396 1007 sit
2440 952 2724 1008 dissimilis
2758 969 3009 1023 personae
3059 953 3299 1007 naturali
3343 950 3589 1015 Christi,

2004 1062 2105 1101 cur
2134 1048 2207 1101 sit
2258 1045 2453 1101 similis
2517 1046 2622 1116 ipsi
2685 1044 2960 1114 proferte,
3014 1044 3231 1098 etiarnsi
3286 1044 3591 1098 subsistere

2004 1140 2248 1210 gratuito
2276 1137 2634 1193 concedatur.
2663 1137 2819 1203 Quod
2848 1136 2893 1191 si
2925 1134 3261 1191 contenditis
3286 1134 3589 1191 naturalem

2004 1231 2209 1287 Christi
2233 1246 2528 1302 personam
2555 1246 2676 1285 eam
2710 1244 2853 1293 esse,
2890 1243 3014 1298 qua:
3046 1243 3153 1281 una
3179 1242 3247 1281 ex
3271 1226 3477 1280 unione
3501 1224 3584 1279 dt-

2004 1323 2262 1383 cebatur,
2312 1320 2461 1390 quod
2503 1320 2549 1375 si
2589 1334 2655 1374 ex
2702 1318 2921 1373 duabus
2956 1302 3306 1371 naturalibus
3338 1313 3591 1385 personis

2001 1414 2212 1486 junctis
2238 1412 2434 1471 eﬂ'ecta
2460 1421 2566 1477 est,
2599 1412 2725 1481 quis
2751 1419 2836 1466 est
2863 1411 2956 1465 ille
2979 1411 3145 1463 homo
3175 1406 3334 1478 cuius
3368 1414 3593 1461 natura.

2006 1507 2077 1562 lis
2103 1521 2336 1576 persona
2366 1521 2489 1559 cum
2543 1506 2723 1574 seipse
2773 1503 3006 1557 unitur?
3059 1500 3239 1556 Homo
3273 1507 3565 1554 contra....

2006 1594 2075 1649 Et
2105 1595 2184 1663 sic
2212 1594 2401 1649 eadem
2418 1609 2655 1664 persona
2686 1593 3010 1657 exsistebat,
3035 1600 3233 1647 etnata
3260 1600 3349 1646 est
3378 1600 3589 1661 postea,
3636 1592 3640 1597 ’

2007 1686 2137 1757 quia
2168 1696 2330 1740 antea
2358 1685 2645 1743 existebat
2680 1694 2741 1739 ut
2789 1684 3098 1751 naturalis,
3126 1693 3184 1739 et
3234 1691 3363 1738 nata
3402 1692 3489 1739 est
3524 1698 3592 1737 ex

2008 1777 2213 1833 unione
2238 1786 2364 1848 post
2391 1788 2711 1831 naturarum
2738 1776 3084 1847 junctionem

318 1870 415 1924 τοῦ
436 1873 758 1945 προϋπῆρχὲ
792 1893 850 1930 τε
884 1876 980 1931 καὶ
1010 1876 1400 1948 μεταγέγονεν,
1430 1879 1589 1951 εἴπερ
1627 1878 1703 1943 ὡς
1737 1873 1966 1949 φυσικὸν
1994 1873 2192 1945 προῆν,
2244 1872 2320 1938 ὡς
2349 1873 2410 1927 δὲ
2464 1873 2528 1938 ἐξ
2585 1871 2833 1935 ἑνώσεως
2907 1872 3051 1943 μετὰ
3102 1872 3203 1944 τὴν
3237 1871 3455 1926 σύνοδον
3484 1871 3593 1926 τῶν

319 1961 569 2029 φυσικῶν
598 1964 824 2033 γέγονεν
840 1983 856 2035 ;
926 2034 940 2047 ο
1137 2003 1142 2006 -

912 2061 1163 2117 ΚΕΦΑΛ.
1190 2062 1297 2119 ΛΕ¹

394 2149 457 2204 Et
478 2152 670 2207 ἔστινό
697 2153 869 2220 Λόγος
892 2153 920 2207 6
958 2149 1048 2226 ἦν,
1074 2157 1172 2209 καλ⁸
1215 2155 1365 2209 ἐστιν
1387 2153 1416 2209 ὃ
1434 2154 1681 2225 γέγονεν,
1711 2150 1782 2228 ἦν
1804 2157 1906 2229 μὲν

321 2232 477 2304 Θεὸς,
507 2240 699 2309 γέγονε
733 2242 790 2295 δὲ
808 2243 1091 2314 ἄνθρωπος
1113 2246 1169 2299 tv
1188 2244 1271 2298 ἐνὶ
1291 2244 1570 2317 προσώπῳ
1592 2246 1685 2301 τοῦ
1708 2247 1904 2316 Λόγου,

320 2332 384 2384 οὑ
410 2332 633 2387 δύναται
659 2328 796 2389 εἶναι
819 2337 1127 2408 ἀμφότερα⁹
1160 2337 1281 2402 ὅλος
1308 2338 1417 2409 γὰρ
1450 2338 1673 2409 γέγονεν
1702 2338 1909 2409 ἅνθρω-

326 2439 450 2487 πος,
488 2423 663 2493 οφύσιν
688 2425 824 2497 ἔχων
882 2427 1173 2499 ἀνθρώπου
1208 2430 1302 2482 καὶ
1331 2431 1648 2500 πρόσωπον.
1682 2414 1827 2484 Ἀλλ’
1857 2432 1906 2485 εἰ

323 2513 420 2566 καὶ
449 2517 513 2585 τῇ
538 2516 892 2587 ὲμπροσώπῳ
930 2517 1068 2571 Θεοῦ
1107 2517 1266 2586 φύσει
1297 2520 1429 2583 Θεὸς
1462 2516 1531 2592 ἦν
1560 2523 1588 2574 6
1620 2520 1795 2589 Κόγος
1830 2521 1907 2586 ὡς

324 2606 539 2678 φύσεως
563 2608 716 2673 Θείας
739 2609 815 2663 ὢν
843 2610 1068 2681 δηλαδὴ,
1105 2610 1202 2683 τὴν
1232 2611 1530 2666 ὑπόστασιν
1574 2598 1763 2673 αὑτοῦ,
1807 2614 1907 2685 οὑχ

322 2697 401 2763 ὼς
426 2700 610 2765 ἁπλῶς
633 2702 934 2765 ὑπόστασις
952 2699 1020 2773 ἦν
1037 2704 1190 2768 Θεὸς,
1221 2705 1335 2757 ἁλλ’
1358 2705 1433 2768 ώς
1450 2688 1665 2758 τοιᾶσδε
1692 2704 1909 2777 φύσεως

326 2795 496 2866 οὗσης
527 2796 679 2868 αὑτῷ
700 2798 798 2868 τῆς
818 2798 1173 2863 ὑποστάσεως
1193 2816 1209 2830 °
1232 2800 1358 2853 ἐπεὶ
1381 2802 1408 2855 6
1424 2801 1613 2873 Πατὴρ
1638 2803 1737 2855 οὑκ
1754 2801 1907 2855 ἔσται

323 2889 480 2953 Θεὸς,
509 2890 631 2943 ἐπεὶ
687 2890 764 2960 μὴ
794 2890 1007 2945 τοιᾶσδε
1037 2891 1159 2955 οἵας
1211 2892 1240 2945 6
1280 2891 1455 2960 Λόγος
1484 2893 1632 2946 ἐστὶν
1667 2893 1906 2947 ὑποστά-

326 2996 499 3046 σεως’
551 2981 646 3034 καὶ
676 2981 964 3052 ἄνθρωπος
1000 2982 1110 3054 ἄρα
1160 2983 1388 3051 γέγονεν
1444 2985 1512 3054 τῇ
1542 2984 1643 3052 τῆς
1690 2984 1907 3053 φύσεως

323 3073 426 3144 τῆς
458 3074 810 3146 ἀνθρωπίνης
874 3075 1204 3148 προσλήψει,
1258 3076 1308 3129 ει
1366 3076 1463 3130 καὶ
1503 3074 1819 3149 ἀπροσώπῳ
1872 3079 1906 3149 ή

328 3165 469 3238 αὑτὴ
498 3166 795 3232 ὑπόστασις
827 3167 922 3221 τοῦ
950 3168 1127 3237 Λόγου
1146 3184 1162 3200 ⁶
1187 3169 1237 3222 εἰ
1266 3168 1370 3239 μὲν
1402 3169 1511 3239 γὰρ
1542 3170 1636 3224 καὶ
1663 3170 1906 3223 ὑπόστα-

328 3277 416 3315 σιν
460 3261 663 3332 σαρκὸς
697 3259 1065 3333 προσελάϐετο
1097 3263 1133 3333 ή
1159 3256 1457 3326 ὑπόστασις
1485 3260 1579 3316 τοῦ
1610 3262 1811 3330 Λόγου,
1844 3262 1905 3317 ού

328 3351 553 3421 γέγονεν
574 3354 601 3407 6
622 3354 791 3423 Λόγος
821 3352 979 3425 σὰρξ,
1010 3353 1122 3406 ἀλλ’
1149 3353 1420 3425 ἐκτήσατο
1452 3353 1629 3423 σάρκα
1658 3354 1689 3407 ό
1712 3354 1903 3423 Λόγος·

1937 2068 1985 2127 Β

2118 2120 2131 2134 ,
2442 2100 2450 2109 .
2609 2058 2767 2114 CAP.
2806 2056 3030 2119 xxxv.

2080 2151 2136 2209 Si
2167 2152 2410 2209 Verbum
2441 2159 2526 2207 est
2557 2150 2723 2205 simul
2761 2149 2909 2221 quod
2942 2157 3082 2217 erat,
3119 2157 3179 2204 et
3204 2149 3352 2220 quod
3385 2150 3590 2206 factum

2006 2252 2112 2308 est,
2144 2252 2202 2299 et
2230 2253 2349 2299 erat
2377 2244 2542 2309 Deus,
2569 2242 2747 2299 factus
2788 2252 2874 2299 est
2915 2242 3082 2297 homo
3116 2241 3172 2296 in
3200 2258 3308 2297 una
3351 2258 3592 2313 persona

2006 2334 2196 2401 Verbi,
2225 2345 2525 2405 utrumque
2548 2349 2659 2389 non
2687 2340 2873 2405 potest
2897 2333 3125 2414 salvari,
3144 2332 3417 2401 siquidem
3443 2342 3593 2390 totus

2010 2424 2174 2480 homo
2208 2425 2389 2481 factus
2414 2432 2519 2491 est,
2557 2440 2681 2479 cum
2713 2431 2912 2479 natura
2951 2432 3009 2479 et
3045 2418 3299 2493 person!
3326 2424 3589 2479 hominis.
3636 2498 3641 2503 .

2010 2517 2067 2573 Si
2097 2528 2292 2572 natura
2320 2519 2489 2574 Deum
2522 2518 2733 2573 ferente
2764 2518 2909 2572 Deus
2940 2526 3062 2573 erat
3093 2515 3357 2582 Verbum,
3392 2529 3593 2586 nempe

2008 2618 2202 2663 natura
2245 2609 2431 2663 divina
2480 2609 2798 2680 praeditum,
2834 2623 2990 2662 suam
3038 2621 3332 2677 personam
3370 2605 3589 2669 habu.t,

2009 2715 2118 2755 non
2165 2700 2313 2769 quod
2348 2698 2439 2754 illa
2474 2715 2711 2769 persona
2743 2699 3001 2754 absolute
3031 2698 3179 2752 Deus
3199 2698 3293 2762 sit,
3331 2696 3429 2751 sed
3459 2696 3591 2767 quia

2010 2790 2135 2845 talis
2173 2798 2381 2844 natura:
2429 2798 2551 2845 erat
2585 2789 2701 2843 haec
2746 2803 3004 2857 persona.
3038 2786 3213 2842 Secus
3242 2787 3392 2841 enim
3446 2788 3594 2843 Deus

2008 2894 2119 2934 non
2150 2892 2296 2936 esset
2327 2882 2510 2947 Pater,
2546 2881 2640 2951 qui
2673 2880 2922 2935 eamdem
2961 2895 3251 2950 personam
3286 2896 3397 2933 non
3427 2881 3595 2936 habet

2008 2982 2175 3042 atque
2215 2972 2481 3029 Verbum.
2541 2974 2606 3027 Et
2645 2962 2870 3028 aliunde
2916 2972 3083 3028 Verbi
3133 2988 3367 3042 persona
3426 2973 3595 3029 homo

2006 3063 2150 3119 facta
2202 3074 2304 3130 est,
2338 3079 2626 3119 assumens
2664 3074 2920 3119 naturam
2974 3064 3292 3124 humanam,
3362 3069 3419 3115 et
3470 3076 3592 3115 eam
3684 3064 3687 3065 ⁷

2008 3155 2455 3227 impersonalem.
2487 3156 2782 3210 Personam
2819 3156 2969 3210 enim
3001 3154 3185 3209 carnis
3210 3153 3257 3207 si
3293 3151 3597 3220 accepisset

2008 3247 2174 3305 Verbi
2227 3246 2485 3318 persona,
2519 3248 2759 3303 Verbum
2802 3264 2933 3303 caro
2981 3262 3092 3302 non
3134 3244 3339 3300 factum
3370 3243 3590 3309 fuisset,

2009 3340 2107 3396 sed
2153 3356 2375 3395 carnem
2428 3340 2851 3411 acquisivissct;
2906 3348 2963 3403 et
2996 3340 3064 3403 si,
3120 3349 3178 3394 ut
3234 3350 3488 3412 persona,
3521 3336 3597 3389 ita

329 3447 379 3499 εἰ
410 3446 466 3499 δὲ
498 3446 591 3500 καὶ
623 3448 659 3518 ή
704 3447 869 3517 φύσις
903 3446 1071 3501 αὑτοῦ
1097 3447 1291 3516 γέγονε
1328 3448 1532 3517 σαρκὸς
1561 3446 1745 3524 φύσις,
1772 3448 1847 3511 ώς
1876 3448 1910 3519 ὴ

2014 3440 2209 3486 natura
2255 3430 2429 3501 ipsius
2460 3430 2603 3485 facta
2648 3430 2847 3486 fuisset
2892 3440 3089 3485 natura
3118 3431 3319 3494 carnis,
3352 3426 3595 3481 Verbum

331 3540 650 3603 ὑπόστασις,
685 3539 785 3593 οὑκ
829 3541 1144 3609 ἐσκήνωσεν
1176 3542 1236 3593 tv
1279 3542 1414 3612 ἡμῖν
1459 3542 1571 3604 tot;
1607 3544 1911 3611 σαρκικοῖς,

330 3631 498 3703 ἤγουν
518 3632 595 3694 εἰς
619 3631 820 3702 σάρκα,
852 3632 967 3684 ἀλλ’
1002 3632 1218 3703 ἐτράπη
1241 3634 1321 3695 εἰς
1350 3632 1522 3704 αὑτὴν
1548 3634 1576 3686 6
1604 3634 1797 3701 Λόγος
1824 3632 1915 3686 δύ-

330 3740 489 3777 ναται
507 3720 600 3776 οὖν
617 3722 686 3775 τὰ
704 3724 907 3792 φυσικὰ
934 3725 1175 3794 ὀνόματα
1191 3725 1478 3797 ἀμφότερα
1496 3725 1682 3795 φέρειν
1702 3725 1730 3777 6
1746 3724 1917 3793 Λόγος

330 3813 392 3866 tv
425 3811 498 3883 τῷ
529 3812 612 3866 ἐνὶ
648 3813 828 3883 διφυεῖ
855 3813 970 3879 νῦν,
1028 3812 1285 3887 πάλαιὶδὲ
1334 3817 1593 3884 μονοφυεῖ
1639 3814 1916 3885 προσώπῳ

330 3904 496 3959 αὑτοῦ
517 3924 531 3937 υ
563 3908 611 3959 εἰ
640 3906 697 3960 δὲ
725 3905 874 3974 λέγοι
920 3922 1003 3967 τις
1052 3905 1131 3975 μὴ
1182 3904 1446 3960 δύνασθαι
1478 3905 1666 3977 φέρειν
1722 3906 1917 3977 ἑτέραν

332 3997 496 4069 φύσιν
530 4000 587 4052 tv
642 3997 842 4069 ἑαυτῷ,
901 3998 1011 4051 οὐδ’
1040 3998 1148 4069 ἄρα
1185 3998 1257 4051 τά
1300 3998 1400 4067 τῆς
1443 4001 1712 4069 σαρκικῆς
1760 3998 1916 4069 ἡμῶν

333 4090 548 4160 φύσεως
572 4090 671 4161 τῆς
696 4088 791 4142 νῦν
812 4090 1083 4159 πρόσωπα
1102 4090 1201 4162 τὴν
1232 4090 1611 4162 πνευματικὴν
1628 4091 1813 4161 φύσιν,
1842 4093 1901 4144 tv

331 4187 402 4256 τῇ
431 4182 703 4256 μελλούσῃ
730 4181 1027 4236 ἁναϐιώσει
1062 4181 1456 4247 καταδέξονται
1488 4184 1628 4238 αὑτά
1650 4199 1664 4213 ·
1704 4183 1821 4237 ἀλλ’
1876 4183 1912 4254 ἢ

332 4276 430 4329 καὶ
475 4274 666 4345 ἑτέρας
696 4272 1023 4353 ὑποστάσεις
1055 4272 1290 4336 ἕξουσιν.
1347 4271 1380 4343 ἢ
1412 4272 1532 4326 οὑδὲ
1587 4271 1689 4337 τὰς
1721 4271 1913 4343 φύσεις

332 4365 591 4437 ἀμείνους
608 4382 622 4396 ·
656 4364 875 4435 φύσεως
901 4364 959 4418 δὲ
982 4364 1077 4418 καὶ
1105 4364 1455 4427 ὑποστάσεως
1478 4366 1528 4417 εἰ
1557 4364 1716 4434 μόνος
1735 4364 1765 4416 ὁ
1783 4365 1915 4429 Θεὸς

332 4458 531 4523 αἰτιος,
562 4456 617 4513 τί
646 4457 707 4511 τὸ
760 4456 969 4511 κωλύον
1016 4456 1179 4510 αὑτὸν
1214 4456 1563 4526 μετατιθέναι
1598 4456 1760 4526 φύσιν
1794 4458 1917 4512 τινὰ

332 4551 414 4614 εἰς
445 4550 638 4621 ἑτέραν
665 4549 1003 4613 ὑπόστασινς
1033 4549 1129 4620 καὶ
1164 4547 1466 4601 ὑπόστασιν
1498 4545 1805 4618 ἀλλοτρίαν,
1835 4550 1916 4613 εἰς

333 4643 527 4715 ἑτέραν
584 4642 777 4711 φύσινς
818 4642 979 4712 εἴπερ
1026 4640 1176 4712 αὑτῷ
1206 4641 1388 4695 πάντα
1433 4641 1636 4696 δυνατά
1662 4628 1913 4713 ἁλήθῶςσ

332 4740 469 4792 ὃπου
497 4753 561 4809 γε
582 4728 676 4791 καὶ
701 4735 810 4787 τῶν
840 4735 1219 4788 ὲνυποστάτων
1250 4734 1404 4798 ζώων
1430 4735 1525 4788 καὶ
1552 4734 1792 4803 βοτανῶν
1816 4736 1916 4799 τὰς

337 4830 551 4901 φύσεις,
585 4828 667 4891 εἰς
702 4826 895 4897 ὲτέρας
941 4826 1273 4886 ὑποστάσεις
1306 4825 1741 4895 μετατιθεμένας
1772 4827 1913 4897 ὁρῶ-

339 4920 681 4994 μεν’σαφῶς,
709 4920 804 4988 ἀφ’
830 4912 905 4973 ὧν
938 4918 1197 4990 τρέφεται
1218 4917 1290 4971 τά
1326 4918 1664 4989 τρεφόμενα*
1698 4918 1794 4971 καὶ
1819 4919 1919 4982 τὰς

335 5000 661 5077 ὑποστάσεις
700 5012 777 5075 εἰς
804 5011 997 5083 ἐτέρας
1032 5009 1246 5079 φύσεις,
1273 5004 1386 5063 οἷον
1413 5010 1507 5064 ἐπὶ
1540 5010 1650 5065 τῶν
1681 5010 1748 5064 ὲκ
1779 5010 1923 5066 σκώ-

335 5107 499 5179 ληκος
519 5107 598 5170 εἰς
629 5103 832 5176 πτηνὸν
863 5102 1312 5175 μεταφυομένων.

418 5228 423 5233 .
914 5193 1164 5247 κεψΑΑ.
1198 5193 1339 5262 AG".

409 5284 484 5337 Τὸ
510 5284 669 5354 φύσει
696 5284 825 5348 Υἱὸς
850 5282 942 5336 τοῦ
973 5281 1132 5346 Θεοῦ,
1169 5284 1265 5335 καὶ
1293 5283 1352 5337 τὸ
1382 5283 1545 5353 φύσει
1568 5286 1683 5351 υἱὸς
1706 5287 1917 5359 ἀνθρώ-

340 5392 467 5438 που,
496 5375 845 5439 ὑποστάσεώς
893 5376 1009 5428 ἐστι
1052 5373 1315 5445 ὀνόματα,
1347 5368 1423 5429 ὧν
1452 5378 1622 5449 χωρὶς
1641 5380 1741 5433 οὑκ
1769 5381 1917 5436 ἐνδέ-

342 5484 495 5539 χεται
521 5467 695 5540 ὀρθῶς
722 5468 1005 5538 ὁμολογεῖν
1032 5468 1125 5522 τὸν
1148 5468 1599 5545 Χριστιανισμὸν,
1628 5472 1722 5525 καὶ
1740 5473 1919 5542 ἀμφό-

338 5576 474 5631 τερα
502 5560 561 5611 tv
588 5558 664 5629 τῷ
697 5561 777 5613 ενι
806 5560 1027 5631 Χριστῷ
1056 5562 1423 5632 ὁμολογεῖται,
1450 5564 1551 5617 οὑκ
1581 5565 1638 5616 tv
1670 5565 1917 5636 ἑκατέρῳ

339 5650 650 5721 ἀμφότερα.
684 5650 1067 5715 ’Υποστάσεως
1099 5653 1221 5723 μὲν,
1254 5652 1392 5707 άλλὰ
1411 5654 1512 5723 τῆς
1550 5656 1722 5726 αὑτῆς
1749 5656 1921 5725 πρόσ-

343 5744 460 5807 θες·
502 5744 551 5796 εἰ
580 5742 687 5814 γὰρ
720 5743 897 5814 ὀρθῶς
930 5746 1217 5818 ἀμφότερα
1253 5749 1311 5801 tv
1332 5746 1410 5818 τῶ
1435 5746 1517 5801 ἑνὶ
1542 5747 1765 5819 Χριστῷ
1791 5749 1922 5820 ὀμο-

341 5834 607 5904 λογεῖται,
631 5834 701 5889 τά
720 5834 813 5889 δύο
835 5836 1074 5907 ὀνόματα
1114 5840 1208 5892 ἐπὶ
1232 5839 1331 5909 τῆς
1361 5839 1533 5911 αὑτῆς
1557 5840 1921 5903 ὑποστάσεως

342 5925 439 5983 τοῦ
488 5927 606 5995 ne;
636 5927 878 6002 Χριστοῦ
906 5930 1103 5999 κεῖται,
1131 5930 1319 6003 ὥσπερ
1350 5931 1442 5986 ἐπὶ
1494 5929 1603 5991 τῶν
1630 5930 1917 6005 διωνύμων

2018 3539 2130 3577 non
2158 3521 2460 3577 habitasset
2481 3521 2535 3575 in
2564 3521 2725 3575 nobis
2752 3520 3088 3583 carnalibus,
3124 3519 3179 3574 id
3208 3528 3292 3575 est
3326 3519 3383 3573 in
3408 3532 3594 3582 carne,

2017 3615 2115 3671 sed
2165 3616 2221 3670 in
2261 3614 2433 3685 ipsam
2485 3614 2682 3669 fuisset
2729 3629 3077 3669 conversum.
3149 3612 3381 3667 Nomina
3430 3610 3599 3681 igitur

2017 3709 2307 3779 utriusque
2367 3715 2581 3762 natura:
2610 3715 2793 3778 potest
2821 3708 3076 3775 excipere
3118 3705 3385 3767 Verbum,
3441 3702 3593 3772 quod

2018 3803 2075 3857 in
2124 3820 2231 3857 una
2271 3819 2507 3874 persona
2569 3804 2808 3873 duplicis
2860 3812 3072 3858 natura:
3107 3801 3270 3857 hodie
3321 3801 3593 3865 subsistit,

2017 3903 2176 3948 antea
2208 3895 2261 3948 in
2294 3896 2460 3950 unius
2489 3909 2723 3949 naturae.
2766 3894 2823 3949 Si
2854 3894 3039 3949 adhuc
3091 3894 3373 3948 diceretur
3406 3909 3435 3945 a
3471 3908 3597 3962 per-

2017 4002 2151 4042 sona
2190 3987 2355 4041 unius
2406 3995 2616 4041 natura:
2667 3986 2896 4041 alteram
2952 3995 3204 4039 naturam
3248 3984 3420 4053 accipi
3487 4000 3599 4038 non

2016 4092 2200 4149 posse,
2259 4092 2437 4146 neque
2514 4090 2749 4146 persona
2812 4082 3016 4129 nostra:
3074 4074 3315 4128 carnalis
3389 4080 3601 4126 natura:

1970 4202 1973 4203 ν
2017 4166 2362 4239 spiritualem
2393 4174 2647 4221 naturam
2678 4163 2733 4219 in
2772 4165 2955 4221 futura
3010 4164 3421 4219 resurrectione
3450 4163 3599 4219 acci-

2016 4276 2149 4333 pere
2175 4267 2402 4329 posset;
2439 4256 2536 4313 sed
2569 4256 2654 4313 vel
2702 4257 2874 4312 altera
2924 4272 3157 4327 persona
3188 4256 3445 4321 daretur,
3488 4272 3600 4312 non

2017 4352 2320 4408 haberetur
2371 4348 2570 4404 melior
2617 4358 2837 4403 natura.
2895 4347 3033 4403 Cum
3079 4355 3263 4402 autem
3305 4357 3515 4402 naturae
3546 4356 3604 4402 et

2017 4456 2268 4516 persona:
2299 4439 2452 4494 solus
2479 4439 2627 4493 Deus
2657 4438 2730 4493 sit
2761 4447 2991 4503 auctor,
3023 4437 3157 4507 quid
3187 4453 3314 4491 eum
3345 4438 3604 4507 prohibet

2019 4550 2186 4589 unam
2236 4542 2490 4586 naturam
2551 4531 2608 4585 in
2662 4530 2890 4584 alteram
2933 4545 3223 4599 personam
3268 4522 3603 4583 transferre?

2020 4632 2116 4678 aut
2166 4622 2403 4677 alienam
2449 4636 2744 4690 personam
2784 4620 2840 4674 in
2874 4621 3105 4674 alteram
3135 4620 3430 4673 naturam?
3465 4618 3605 4675 lluic

2022 4714 2270 4785 profecto
2315 4712 2500 4767 omnia
2536 4710 2822 4781 possibilia
2855 4717 3018 4774 sunt,
3070 4710 3331 4780 quoniam
3378 4720 3609 4765 naturas

2018 4819 2403 4876 personarum,
2426 4802 2749 4856 animalium
2771 4810 2827 4855 et
2856 4801 3190 4870 plantarum,
3221 4800 3426 4870 quibus
3447 4801 3606 4856 alun-

2020 4910 2111 4956 tur
2146 4898 2457 4953 nutriendie'
2486 4896 2606 4952 alim
2633 4912 2905 4965 personat,
2934 4895 3191 4950 videmus
3222 4895 3276 4949 in
3304 4912 3399 4950 eas
3430 4904 3607 4950 trans-

2019 4990 2290 5056 formari;
2348 4992 2437 5043 vel
2480 4987 2660 5041 adhuc
2707 5001 2972 5056 personas
3021 4985 3078 5039 in
3118 5000 3315 5041 novam
3350 4996 3606 5040 naturain

2019 5084 2281 5155 migrare,
2314 5094 2528 5137 vermes
2561 5080 2616 5133 in
2643 5077 2888 5132 volatilia
2920 5076 3147 5131 mutari.

2605 5183 2756 5241 CAP.
2793 5181 3038 5239 XXXVI.

2096 5286 2354 5341 Persona
2397 5282 2624 5339 nomina
2672 5287 2803 5338 sunt
2848 5280 2987 5345 ista,
3030 5279 3203 5335 Filius
3240 5280 3337 5336 Dei
3382 5288 3604 5348 natura,

2022 5386 2223 5433 natura
2257 5375 2403 5430 ﬁlius
2428 5373 2705 5436 hominis,
2743 5371 2864 5426 sine
2894 5369 3098 5440 quibus
3124 5370 3606 5427 Christianismum

2024 5479 2175 5526 recte
2206 5467 2458 5524 confiteri
2491 5474 2577 5522 est
2601 5463 2975 5535 impossibile;
3011 5464 3174 5518 ambo
3202 5464 3272 5519 de
3302 5481 3414 5519 uno
3440 5466 3607 5520 Chri-

2024 5572 2134 5627 sto,
2164 5578 2278 5617 non
2305 5561 2375 5616 de
2399 5561 2672 5615 alterutro
2706 5557 2867 5613 ambo
2894 5557 3178 5612 dicuntur.
3214 5558 3449 5612 Nomina
3478 5564 3609 5613 sunt

2024 5668 2310 5725 personae,
2366 5651 2465 5707 sed
2514 5650 2765 5723 ejusdem
2814 5665 3064 5721 personae
3099 5667 3112 5703 :
3145 5649 3189 5704 si
3220 5649 3369 5705 enim
3401 5650 3469 5704 de
3497 5664 3610 5705 uno

2022 5745 2246 5824 Christo
2284 5745 2450 5800 ambo
2482 5753 2631 5800 recte
2661 5750 3022 5813 usurpantur,
3054 5742 3123 5797 ad
3145 5741 3395 5796 eamdem
3424 5756 3611 5810 perso-

2023 5855 2151 5895 nam
2182 5837 2361 5895 unius.
2377 5836 2608 5903 Christi,
2646 5845 2875 5908 accepta
2903 5850 2971 5891 ex
2998 5850 3109 5890 uno
3136 5843 3193 5889 et
3219 5834 3393 5889 altero
3416 5833 3607 5899 verbo,

2026 5931 2373 6001 referuntur,
2410 5929 2879 6005 quemadmodqu
2914 5928 3102 5987 evenit
3149 5926 3241 5985 his
3278 5927 3446 5986 rebus
3486 5942 3610 5999 qua:

3461 469 3595 536 1594
3697 461 3700 466 ’
