3916 6560
465 431 606 532 1395

1744 478 2057 543 LEONTII
2098 482 2505 555 BYZANTIN—I

3598 485 3731 552 1595

463 577 685 634 duobus
728 581 1046 640 nominibus
1093 598 1381 645 vocantur.
1441 591 1648 646 Eodem
1693 593 1858 649 modo
1903 593 2044 649 idem

2156 595 2211 660 ἐξ
2228 596 2391 651 άλλου
2424 597 2520 651 καὶ
2541 596 2704 652 ἄλλου
2721 597 3028 670 εἰλημμένα
3052 597 3214 668 λόγου
3234 616 3249 631 ο
3277 597 3453 665 οὑτως
3481 597 3614 670 γοῦν
3636 603 3730 656 καὶ
3785 673 3795 684 θ

462 667 791 728 Timotheus
825 675 883 729 in
911 692 1018 731 una
1047 693 1279 748 persona
1311 683 1457 738 ﬁlius
1478 683 1632 738 Pauli
1659 693 1802 750 erat,
1822 696 1879 740 et
1901 685 2047 742 ﬁlius

461 757 661 815 Graeci.
693 761 758 817 Et
780 764 1008 822 aliunde
1033 769 1139 824 ista
1163 771 1392 827 nomina
1418 787 1709 842 personam
1732 775 2044 849 designant,

462 850 560 905 sed
595 852 786 910 habita
820 857 1034 914 ratione
1059 871 1384 917 naturarum
1415 872 1471 920 et
1497 866 1747 937 originis.

1029 1043 1181 1101 CAP.
1216 1046 1482 1103 XXXVII.

532 1130 631 1187 Vel
658 1131 794 1188 illud
816 1149 1040 1202 nomen,
1069 1137 1312 1203 Verbum,
1333 1137 1475 1194 duas
1491 1155 1758 1211 personas
1775 1142 2044 1210 nominat,

463 1237 586 1278 eam
616 1239 740 1293 qum
767 1239 878 1294 non
907 1235 993 1282 est
1023 1226 1164 1284 facta
1191 1229 1421 1286 Domina
1447 1271 1464 1296 ,
1501 1240 1557 1288 et
1585 1248 1706 1289 eam
1751 1250 1874 1304 qua:
1903 1234 2047 1292 facta

461 1321 547 1366 est
567 1330 581 1375 ;
611 1314 711 1391 vel
727 1312 865 1370 duas
886 1317 1402 1376 medietates‘unius
1419 1337 1667 1391 personae
1688 1332 1744 1378 et
1761 1323 1928 1380 unius
1944 1325 2049 1379 Do-

462 1405 596 1458 mini
620 1423 634 1471 ;
668 1389 723 1461 et
745 1422 908 1461 nemo
930 1409 989 1462 lit
1009 1411 1182 1480 gratia
1209 1411 1358 1482 quod
1379 1389 1464 1468 est
1492 1423 1706 1469 natura.
1743 1414 1798 1470 Si
1829 1415 1921 1470 illa
1941 1432 2046 1471 vox

461 1495 728 1553 Dominus
749 1515 1036 1570 personam
1059 1501 1221 1559 Verbi
1246 1521 1355 1560 non
1374 1517 1626 1562 naturain
1647 1510 1916 1576 nominat,
1940 1511 2046 1566 Pa-

466 1597 550 1644 ter
578 1600 634 1645 et
660 1584 905 1662 Spiritus
932 1609 1042 1650 non
1066 1605 1196 1650 sunt
1224 1596 1460 1666 Domini,
1484 1591 1760 1672 siquidem
1781 1619 1891 1658 non
1917 1614 2046 1659 sunt

463 1682 712 1753 ejusdem
744 1701 1025 1754 personaa;
1064 1690 1108 1743 si
1140 1704 1272 1745 vero
1302 1700 1579 1758 naturam,
1613 1703 1764 1764 patet
1788 1706 2045 1753 naturam

463 1773 761 1831 humanam
813 1777 950 1832 illud
999 1780 1174 1849 gratia
1215 1782 1553 1850 obtinuisse,
1599 1789 1745 1856 quod
1777 1789 2046 1847 Divinitas

387 1910 393 1917 .
461 1876 659 1923 natura
689 1869 874 1934 habet,
903 1886 1101 1942 nempe
1127 1874 1314 1929 vocari
1340 1875 1663 1944 Dominum;
1695 1888 1752 1936 et
1774 1881 1876 1951 ipsi
1906 1881 2045 1938 fate-

2148 691 2192 742 Τ
2198 688 2411 757 ιμόθεος
2441 690 2470 744 6
2509 689 2674 756 αὑτὸς
2706 693 2765 746 ὲν
2814 692 2916 762 μιᾷ
2948 694 3014 763 τῇ
3051 691 3360 747 ὑποστάσει.
3396 692 3580 766 αὑτοῦ,
3616 693 3730 757 υἱός

2145 799 2205 836 τε
2230 778 2297 854 ἦν
2319 782 2532 837 Παύλου
2556 783 2651 838 καὶ
2680 785 2888 856 πατρὸς
2902 785 3168 856 Ἕλληνος
3196 801 3211 816 ·
3237 786 3414 850 ἄλλως
3427 786 3485 839 δὲ
3508 785 3660 849 τάδε,
3681 787 3728 839 ει

2093 909 2099 915 ι
2147 876 2242 929 καὶ
2277 875 2419 931 κατὰ
2449 875 2824 942 ὑποστάσεως,
2854 876 2970 932 ἀλλ’
3018 879 3085 930 ὲκ
3116 877 3224 932 τῶν
3266 869 3487 949 φύσεων
3511 877 3727 950 ὠνόμα-

2149 983 2272 1018 σται
2306 965 2403 1018 καὶ
2437 966 2877 1036 τῶνγεννήσεων
2910 967 3117 1036 σαφῶς.

2729 1059 2980 1113 ΚΕΦΛΛ.
3013 1061 3134 1116 AZ'.

2215 1146 2289 1206 ,Ἦ
2307 1145 2399 1199 δύο
2422 1146 2773 1210 ὑποπάσεών
2799 1148 2946 1202 ἐστιν
2960 1149 3130 1220 ὄνομα
3153 1149 3403 1218 όΛόγος,
3419 1151 3522 1223 τῆς
3539 1151 3730 1222 ἀποιή-

2147 1254 2240 1304 του
2292 1238 2522 1309 Κυρίου,
2585 1241 2681 1292 καὶ
2733 1240 2834 1307 τῆς
2872 1242 3252 1312 πεποιημένης
3289 1242 3521 1313 Κυρίου,
3574 1243 3609 1314 ἢ
3643 1242 3731 1297 δύο

2148 1327 2393 1399 ἡμίσεων
2421 1329 2520 1399 τῆς
2554 1331 2686 1396 μιᾶς
2721 1331 3076 1398 ὑποστάσεως
3099 1331 3195 1386 τοῦ
3224 1333 3343 1398 ἑνὸς
3365 1334 3580 1405 Κυρίου
3608 1351 3625 1366 ο
3645 1331 3730 1387 οὑ-

2146 1421 2256 1484 δεὶς
2307 1421 2364 1476 δὲ
2393 1422 2604 1490 γίνεται
2634 1425 2776 1479 κατὰ
2807 1423 2986 1497 χάριν,
3024 1426 3053 1479 ὅ
3093 1426 3212 1479 ἐστι
3263 1425 3408 1480 κατὰ
3441 1425 3629 1494 φύσιν.
3669 1426 3728 1478 ΕΞ

2149 1518 2250 1585 τῆς
2277 1516 2630 1581 ὑποστάσεως
2662 1517 2756 1572 τοῦ
2783 1519 2958 1587 Λόγου
2987 1519 3142 1572 ἐστὶν
3183 1518 3356 1589 ὄνομα
3403 1518 3466 1572 τὸ
3493 1519 3725 1587 Κύριος,

2147 1609 2240 1661 καὶ
2254 1609 2314 1662 οὑ
2347 1609 2446 1677 τῆς
2472 1592 2708 1679 φύσεως,
2744 1613 2773 1665 ό
2798 1611 2987 1683 Πατὴρ
3016 1612 3128 1684 ἄρα
3162 1612 3258 1666 καὶ
3287 1612 3350 1666 τδ
3386 1611 3638 1680 Πνεῦμα,
3669 1612 3725 1664 οὑ

2147 1699 2366 1770 Κύριοι,
2400 1700 2520 1752 ἐπεὶ
2545 1699 2606 1752 οὑ
2633 1700 2939 1772 τῆςαὺτῆς
2997 1703 3139 1756 εἰσιν
3181 1701 3571 1765 ὑποστάσεως·
3600 1702 3650 1754 εἰ
3674 1700 3728 1752 δὲ

2147 1787 2364 1859 φύσεώς
2408 1792 2548 1855 ὲστι,
2583 1791 2742 1862 δῆλον
2788 1791 2930 1868 ὡςή
2983 1793 3303 1866 ἀνθρωπίνη
3334 1793 3500 1862 φύσις
3544 1793 3728 1862 γέγονε

2147 1880 2290 1935 κατά
2314 1882 2474 1958 χάριν
2497 1882 2655 1938 τοῦτο
2680 1885 2709 1938 ὃ
2741 1885 2857 1940 ἐστι
2888 1887 3030 1942 κατὰ
3061 1886 3222 1956 φύσιν
3253 1888 3288 1958 ἡ
3309 1886 3542 1956 Θεότης,
3567 1885 3728 1955 ἤγουν

462 1959 630 2025 mini,
683 1971 910 2032 propter
959 1963 1185 2019 nimiam
1230 1966 1556 2024 charitatem
1613 1971 1930 2029 Divinitatis
1985 1975 2042 2030 in

2156 1942 2500 2044 Kﬁpto'é,‘tb;
2551 1979 2648 2032 καὶ
2679 1979 2838 2050 ὑμεῖς
2865 1942 3148 2049 εἰρήκατε,
3178 1942 3397 2050 διὰοτῆς
3427 1942 3729 2049 ἄκραςτῆς

461 2048 859 2107 humanitatem
910 2052 1015 2123 ipsi
1057 2056 1308 2125 proprias
1337 2055 1560 2114 divitias
1583 2059 1649 2122 in
1678 2076 1778 2116 sua
1804 2077 2040 2132 persona

459 2143 880 2200 commodantis.

1025 2238 1180 2294 CAP.
1216 2240 1502 2298 XXXVIII.

529 2323 587 2380 Si
621 2327 864 2383 Verbum
909 2339 996 2384 est
1035 2331 1184 2402 Deus
1225 2333 1540 2397 divinitate,
1573 2335 1617 2392 si
1647 2336 1815 2403 homo
1846 2337 2043 2394 Imma-

395 2485 398 2488 .
457 2416 633 2473 nitate
653 2459 668 2480 ,
711 2403 766 2474 iii
793 2421 1012 2476 duabus
1040 2425 1294 2493 personis
1322 2438 1406 2481 est
1433 2415 1607 2483 Filius
1631 2429 1751 2495 Dei,
1786 2439 1842 2485 et
1871 2431 2044 2486 Filius

459 2507 734 2574 hominis,
786 2511 933 2567 sicut
981 2513 1200 2571 duabus
1234 2518 1448 2574 naturis
1489 2529 1575 2575 est
1604 2522 1746 2577 Deus
1773 2533 1829 2577 et
1855 2523 2042 2578 homo.

458 2600 516 2654 Si
565 2601 782 2659 duabus
829 2607 1062 2671 naturis,
1101 2617 1162 2662 ut
1195 2609 1399 2680 inquis,
1435 2612 1734 2694 «divinitate
1763 2625 1820 2671 et
1844 2616 2042 2672 huma-

457 2689 651 2755 nitate,
687 2693 832 2750 Deus
865 2703 921 2750 et
952 2696 1119 2753 homo
1143 2708 1228 2754 est
1258 2700 1402 2755 idem
1433 2703 1529 2757 Dei
1558 2689 1731 2761 Filius
1753 2747 1766 2769 ,
1819 2716 2043 2777 reputa-
2128 2705 2135 2712 ’

456 2778 612 2835 bitur
642 2789 959 2844 necessario
1004 2789 1145 2845 duas
1178 2802 1430 2859 naturas,
1465 2810 1578 2851 non
1611 2797 1750 2854 duas
1778 2814 2043 2868 personas

456 2873 688 2933 habere.

1021 3059 1186 3121 CAP.
1223 3061 1466 3120 XXXIX.

528 3148 585 3205 Si
627 3151 794 3207 unius
828 3169 1077 3223 persona:
1127 3173 1240 3213 non
1275 3160 1467 3226 factae,
1521 3153 1578 3218 et
1622 3161 2043 3232 factaavalterius

2145 2070 2286 2124 κατὰ
2314 2070 2445 2142 μίαν
2469 2070 2770 2126 ὑπόστασιν
2799 2072 2941 2144 πρὸς
2969 2072 3146 2144 αὑτὴν
3197 2072 3452 2144 εὐφυΐας,
3503 2089 3730 2144 χαρισα-

2147 2161 2318 2234 μένης
2357 2163 2497 2235 αὑτῇ
2519 2163 2591 2218 τὰ
2627 2164 2734 2218 ἴδια
2758 2165 2991 2234 φυσικά-

2729 2257 2981 2312 ΚΕΦΛΛ.
3017 2257 3150 2312 AII'.

2218 2347 2286 2402 Ei.
2320 2347 2534 2418 θεότητι
2560 2347 2694 2414 Θεδς
2719 2351 2746 2404 6
2767 2349 2961 2418 Λόγος,
2997 2352 3094 2404 καὶ
3115 2349 3502 2421 ἁνθρωπότητι
3525 2349 3751 2419 ἄνθρωί

2145 2457 2248 2504 πος
2270 2441 2298 2494 6
2319 2441 2514 2510 Λόγος,
2547 2442 2605 2496 ἐν
2631 2441 2784 2496 δυσὶν
2809 2443 2919 2514 ἄρα
2936 2442 3298 2497 ὑποστάσεσίν
3329 2445 3479 2495 ἐστιν
3505 2434 3731 2508 όΛόγος

2145 2533 2275 2597 mg
2323 2532 2422 2588 τοῦ
2465 2534 2602 2588 Θεοῦ
2642 2535 2740 2589 καὶ
2773 2535 2902 2600 Υἱὸς
2949 2533 3273 2608 ἀνθρώπουο
3325 2531 3521 2616 ῶσπερ
3554 2533 3649 2586 καὶ
3675 2534 3726 2585 ἐν

2143 2626 2266 2681 δυσὶ
2303 2625 2672 2697 φύσεσιΘεδς
2719 2631 2814 2685 καὶ
2844 2630 3153 2701 ἄνθρωπος.
3191 2629 3256 2681 Ei
3289 2628 3348 2682 ὲν
3385 2626 3590 2697 φύσεσι
3618 2627 3731 2680 δυσὶ

2144 2719 2277 2784 Θεὸς
2303 2721 2400 2775 καὶ
2431 2720 2739 2795 ἄνθρωπος,
2766 2723 2842 2786 ὼς
2890 2723 3048 2792 ἔφης,
3079 2723 3246 2795 ἐστὶν,
3269 2721 3328 2774 ἐν
3365 2720 3608 2790 Θεότητι.
3631 2720 3732 2789 ἄρα

2144 2809 2242 2863 καὶ
2288 2809 2706 2882 ἀνθρωπότητι,
2752 2811 2847 2866 δύο
2902 2813 3098 2881 φύσεις
3146 2810 3464 2880 ἀναγκαίως
3502 2811 3607 2864 καὶ
3672 2808 3730 2862 οὑ

2143 2900 2236 2956 δύο
2296 2891 2625 2967 ὑποστάσεις
2695 2905 2725 2958 6
2788 2903 2954 2970 αὑτὸς
3022 2902 3349 2976 νοηθὴσεται
3403 2896 3554 2958 εἶναι
3609 2899 3731 2964 Υἱὸς

2143 2994 2301 3049 Θεοῦ.
3258 3039 3262 3044 ,

2736 3089 2962 3142 ΚΕΦΑΛ
2973 3127 2988 3141 .
3016 3084 3142 3142 ΛΘ⁹.

2218 3179 2278 3234 Εἰ
2309 3169 2440 3252 μίαν
2462 3178 2577 3252 ἔχει
2603 3181 2630 3234 6
2651 3181 3160 3251 Λόγοςὺπόστασιν
3194 3179 3462 3252 ἀποίητον
3486 3180 3589 3236 καὶ
3611 3180 3733 3251 μίαν
3775 3229 3780 3236 .

454 3250 541 3296 est
587 3243 871 3312 Verbum,
926 3249 1021 3318 qui
1077 3251 1264 3308 aufert
1313 3269 1607 3310 numerum
1653 3272 2039 3326 personarum,

457 3333 622 3353 ετηι.
1071 3341 1092 3353 .
1161 3352 1165 3353 ν
1290 3346 1302 3353 .
1565 3347 1585 3353 -
1849 3349 1860 3353 _
1970 3351 1984 3353 _

2156 3243 2543 3345 πεποιημένην,
2564 3273 2594 3327 6
2619 3243 2863 3344 ἀναιρῶν
2882 3274 2992 3346 τῶν
3010 3243 3370 3328 ὑποστάσεων
3389 3272 3483 3327 τὸν
3499 3243 3731 3344 ἀριθμὸν

457 3333 624 3392 Verbi
657 3353 949 3407 personam
993 3341 1210 3409 aufert,
1259 3346 1377 3402 sive
1419 3363 1530 3401 non
1561 3347 1784 3413 factam,
1817 3349 1932 3406 sive
1963 3351 2044 3407 fa-

453 3433 620 3480 ctam.
666 3427 772 3482 Sed
812 3445 976 3486 nemo
1009 3433 1302 3504 religiosus
1331 3435 1470 3492 duas
1499 3454 1622 3494 esse
1649 3439 1819 3495 Verbi
1849 3456 2042 3511 perso-

455 3533 555 3573 nas
593 3513 936 3588 conﬁtetur;
994 3532 1052 3578 at
1104 3526 1325 3581 unicam
1379 3529 1500 3600 ejus
1530 3545 1825 3600 personam
1868 3533 2048 3588 credit

456 3618 627 3666 totam
694 3611 850 3682 prius
901 3631 1024 3672 esse
1077 3618 1436 3690 conspicuam
1493 3638 1561 3677 ex
1612 3625 2048 3697 proprietatibus

458 3702 738 3772 increatis,
773 3723 926 3763 nunc
956 3724 1090 3765 vero
1118 3712 1308 3769 verbis
1335 3722 1392 3769 et
1412 3715 1629 3772 actibus
1654 3733 1768 3772 suae
1795 3733 2048 3789 personae

457 3811 630 3852 novos
659 3797 1015 3858 characteres
1046 3804 1427 3863 manifestare.

1092 4007 1245 4063 CAP.
1284 4008 1400 4063 XL.

532 4090 588 4146 Si
624 4108 730 4148 non
757 4096 936 4150 solum
967 4096 1036 4151 ad
1069 4098 1310 4153 Verbum
1345 4100 1464 4165 Dei,
1499 4099 1595 4156 sed
1625 4101 1793 4157 etiam
1829 4102 1899 4158 ad
1926 4118 2049 4159 car-

461 4199 587 4240 nem
613 4187 854 4256 pertinet
879 4206 988 4245 non
1013 4207 1134 4247 esse
1157 4204 1481 4263 generatum
1510 4212 1578 4255 ex
1597 4197 1771 4254 altera
1789 4199 2048 4256 substan—

463 4277 539 4332 tia
591 4290 649 4333 et
680 4295 965 4349 persona,
1016 4301 1180 4355 quam
1230 4287 1444 4351 Patris,
1492 4290 1602 4345 erit
1649 4307 1780 4346 caro
1824 4310 1890 4348 ex
1931 4294 2048 4349 sola

464 4369 768 4425 substantia
802 4372 1000 4441 Patris,
1029 4391 1185 4446 aeque
1214 4394 1277 4433 ac
1303 4379 1569 4436 Verbum.
1611 4382 1726 4439 Hoc
1761 4401 1890 4440 vere
1921 4401 2049 4456 pro-

2147 3373 2363 3442 ὰναιρεῑ
2391 3369 2484 3424 τοῦ
2503 3370 2681 3440 Λόγου
2707 3371 2808 3442 τὴν
2833 3371 3162 3436 ὑπόστασιν,
3192 3371 3226 3444 ἢ
3258 3371 3359 3439 τὴν
3389 3371 3680 3440 ἀποίητον,
3699 3369 3734 3437 ἦ

2143 3463 2244 3533 τὴν
2267 3463 2666 3535 πεποιημένην.
2717 3461 2858 3516 Ἀλλ’
2892 3463 3071 3534 οὑδεὶς
3098 3462 3346 3516 εὑσεὸῶν
3370 3461 3466 3516 δύο
3492 3461 3733 3515 ὑποστά-

2147 3573 2260 3620 σεις
2277 3555 2422 3627 ἔχειν
2441 3556 2606 3610 αὑτόν
2627 3573 2762 3626 φησι
2781 3555 2952 3620 ὅντως
2970 3554 3061 3609 τὸν
3083 3555 3256 3624 Λόγον
3280 3570 3294 3583 ’
3329 3554 3467 3609 ἀλλὰ
3485 3552 3591 3626 τὴν
3611 3554 3734 3625 μίαν

2147 3648 2314 3706 αὑτοῦ
2367 3650 2696 3713 ὑπόστασιν,
2730 3649 2901 3704 πάλαι
2959 3641 3058 3719 μὲν
3086 3646 3147 3715 ἒξ
3193 3647 3478 3717 ἀποιήτων
3527 3648 3593 3700 τὸ
3620 3645 3733 3700 ὅλον

2148 3737 2510 3808 γνωρίζεσθαι
2540 3732 2849 3807 ἰδιωμάτων
2877 3735 3128 3800 ἐντελῶς,
3151 3735 3246 3789 νῦν
3274 3735 3330 3789 δὲ
3353 3736 3449 3789 καὶ
3474 3737 3542 3789 ἐκ
3584 3754 3735 3806 ποιη-
3803 3759 3806 3762 ~

2148 3823 2257 3886 τῶν
2275 3830 2420 3901 ἔχειν
2451 3829 2624 3899 λόγων
2649 3829 2745 3883 καὶ
2793 3829 3146 3901 πραγμάτων
3171 3830 3237 3883 ὲκ
3257 3828 3606 3903 περιουσίας
3638 3829 3728 3891 τὰς

2151 3921 2524 3986 ὑποστατικάς
2552 3922 2757 3994 ἑαυτῆς
2788 3921 3137 3994 ὑπογραφάς.

2377 4009 2386 4016 ’
2748 4015 3005 4069 ΚΕΦΛΛ.
3033 4014 3126 4069 Μ’.

2221 4103 2286 4181 Et
2316 4106 2419 4160 οὑκ
2453 4103 2602 4159 ἐστιν
2648 4104 2834 4169 ιδικῶς
2872 4105 2969 4158 τοῦ
3013 4103 3149 4157 Θεοῦ
3192 4103 3371 4173 Λόγου
3396 4105 3457 4157 τδ
3499 4102 3580 4174 μὴ
3602 4098 3734 4156 εἶναι

2148 4185 2552 4266 γεννηοέίνταὲξ
2577 4195 2771 4267 ἐτέρας
2806 4194 2998 4258 οὑσίας
3023 4192 3055 4264 ἦ
3088 4193 3444 4256 ὑποστάσεως
3477 4193 3622 4264 πλὴν
3641 4192 3735 4261 τῆς

2148 4284 2244 4339 τοῦ
2280 4284 2514 4354 Πατρός,
2547 4283 2685 4338 ἀλλὰ
2716 4284 2811 4339 καὶ
2849 4285 2949 4356 τῆς
2985 4282 3208 4353 σαρκὸς,
3243 4283 3399 4338 ἔσται
3421 4283 3533 4353 ἄρα
3588 4284 3734 4352 καὶὴ

2154 4377 2291 4450 σὰρξ
2315 4379 2378 4432 ὲκ
2408 4377 2510 4448 τῆς
2548 4376 2740 4440 οὑσίας
2767 4378 2940 4446 μόνης
2969 4374 3062 4429 τοῦ
3099 4375 3333 4446 Πατρός,
3367 4376 3621 4446 καθάπερ
3646 4376 3734 4428 καὶ

464 4463 647 4532 prium
695 4469 781 4519 es’t
831 4467 1003 4536 ipsius
1041 4469 1243 4535 Verbi,
1299 4486 1465 4528 carne
1495 4475 1740 4530 nondum
1768 4489 2044 4549 assumpta

2156 4470 2180 4523 ὑ
2209 4469 2340 4533 Θεὸς
2372 4469 2562 4538 Λόγος.
2591 4470 2751 4522 Ἐστι
2779 4468 2880 4538 μὲν
2937 4463 3032 4521 οὑν
3066 4465 3235 4521 αὑτοῦ
3281 4467 3467 4531 ίδικῶς
3493 4467 3616 4521 τόδε
3645 4465 3731 4519 τοῦ

466 4556 520 4615 in
548 4557 958 4625 incarnatione,
994 4569 1050 4616 et
1079 4563 1372 4620 character
1398 4576 1485 4622 est
1513 4571 1770 4638 proprius
1801 4587 2044 4640 persona:

2156 4563 2331 4631 Λόγου
2385 4563 2550 4628 ῐδιον,
2583 4557 2697 4616 ἀλλ’
2747 4559 2899 4614 οὑπω
2929 4560 3025 4630 μὲν
3078 4559 3259 4630 σάρκα
3290 4558 3730 4632 προσλαδομένου

461 4647 612 4732 illius
641 4650 909 4722 simplicis
937 4663 994 4709 et
1023 4656 1185 4710 unius
1211 4672 1457 4726 persona:
1482 4677 1498 4726 ;
1552 4677 1677 4723 cum
1709 4674 1895 4719 autem
1939 4680 2044 4720 no-

2156 4652 2273 4708 κοιθ’
2295 4654 2512 4717 ἕνωσιν,
2539 4653 2616 4718 ὡς
2647 4650 3005 4714 ὑποστάσεως
3038 4650 3208 4704 αὑτοῦ
3231 4661 3730 4720 χαρακτηριστικον

465 4754 592 4792 vam
644 4743 1019 4811 acceptionem
1070 4746 1266 4802 habuit
1311 4766 1512 4806 nomen
1564 4755 1815 4809 naturale
1865 4755 2042 4819 illius,

462 4838 595 4887 tunc
625 4831 724 4887 fuit
755 4835 1013 4905 proprius
1040 4854 1226 4893 rerum
1257 4839 1312 4896 in
1334 4857 1568 4912 persona
1594 4846 2042 4916 congenitarum;

461 4940 626 4980 uuam
671 4935 886 4996 partem
930 4929 1186 5002 designat
1226 4936 1480 5004 proprie,
1512 4953 1622 4993 non
1652 4947 1822 4996 totam
1851 4957 2046 5010 perso-

461 5029 589 5068 nam
636 5033 758 5086 qua:
779 5017 957 5074 ‘hodie
987 5021 1192 5090 gaudet
1228 5023 1335 5080 hoc
1358 5027 1604 5084 nomine.
1642 5029 1849 5086 Eodem
1881 5032 2047 5086 modo

460 5107 636 5162 solius
677 5111 874 5166 animae
922 5120 1004 5167 est
1044 5113 1312 5170 indicium
1347 5116 1662 5175 intellectus
1693 5129 1748 5176 et
1776 5122 2045 5186 scientiae,

436 5211 571 5250 non
603 5197 728 5252 ideo
755 5209 941 5256 autem
975 5203 1123 5258 illam
1160 5213 1314 5262 trans
1337 5207 1741 5266 humanitatem
1771 5213 2042 5279 collocat;

461 5287 635 5342 solius
664 5299 856 5360 gustus
884 5303 970 5348 est
1003 5311 1202 5353 succos
1229 5301 1681 5378 apprehendere,
1734 5304 1830 5361 sed
1878 5321 1944 5361 ex
1979 5322 2046 5361 co

461 5391 573 5432 non
602 5377 770 5438 habet
799 5397 1091 5460 personam
1121 5377 1427 5460 propriam.
2033 5398 2039 5406 ’

1130 5660 1236 5717 ΑΡ.
1273 5661 1413 5717 XLI.

535 5744 769 5814 Quando
795 5745 997 5804 divina:
1021 5660 1628 5822 302;?)fdrngIlrislu1n
1653 5766 1851 5810 vocant
1871 5773 2042 5811 unmn

467 5835 769 5905 hominem,
801 5837 846 5894 si
872 5837 1027 5894 illum
1052 5857 1176 5897 cum
1205 5844 1314 5899 Deo
1335 5843 1650 5916 intelligunt
1677 5848 1779 5901 hoc
1799 5848 2041 5916 nomine,

468 5928 705 6010 videtur
743 5931 892 6004 quod
940 5933 1088 5993 Deus
1136 5935 1208 5994 sit
1260 5937 1442 5996 media
1482 5955 1613 6012 pars
1655 5940 1915 5998 hominis.
1975 5943 2042 6000 Et

2156 4747 2288 4801 ἴδιον
2314 4748 2415 4818 τῆς
2451 4745 2633 4816 ἁπλῆς
2657 4744 2752 4798 καὶ
2778 4742 3082 4814 μονοφυοῦς
3112 4744 3306 4814 ὁρᾶται
3327 4760 3342 4774 ·
3390 4743 3645 4796 συνθέτου
3677 4741 3731 4792 δὲ

2153 4837 2446 4910 γενομένου
2495 4833 2590 4889 τοῦ
2653 4832 2886 4903 φυσικοῦ
2942 4833 3112 4903 αὐτῆς
3161 4832 3354 4902 λόγου,
3387 4832 3591 4914 οὑχὼς
3639 4831 3731 4899 τῆς

2152 4930 2291 4992 ὅλως
2317 4927 2672 4991 ὑποστάσεως
2697 4927 2837 4980 κατὰ
2861 4923 2954 4979 τὸν
2971 4925 3204 4994 φυσικὸν
3226 4923 3397 4993 αὑτῆς
3425 4924 3587 4992 λόγον
3609 4922 3731 4976 ῐόιον

2153 5022 2270 5086 νῦν,
2309 5021 2428 5076 ἀλλ’
2467 5021 2546 5084 ὡς
2580 5020 2781 5092 μέρους
2815 5018 2934 5083 ἑνὸς
2982 5017 3064 5082 ὃν,
3103 5018 3237 5072 ἴδιον
3265 5017 3377 5071 τῶν
3405 5019 3466 5071 ὲν
3602 5017 3727 5069 ὑπο-

2155 5116 2342 5170 στάσει
2360 5113 2798 5186 συμπεφυκότων
2824 5111 3175 5182 πραγμάτων
3198 5109 3529 5181 νοηθήσεται
3554 5129 3568 5140 ·
3597 5109 3730 5162 οὕτω

2150 5209 2286 5280 γοῦν
2333 5209 2431 5263 καὶ
2470 5208 2648 5280 ψυχῆς
2699 5211 2861 5278 μόνον
2912 5207 3052 5270 ἐστὶ,
3079 5205 3143 5259 τὸ
3171 5204 3263 5260 νοῦ
3289 5204 3384 5258 καὶ
3425 5203 3730 5272 ἐπιστήμης

2151 5301 2419 5358 δεικτικόν
2439 5317 2453 5332 ⁸
2483 5301 2579 5355 καὶ
2603 5300 2662 5353 οὑ
2685 5298 2837 5370 παρὰ
2869 5299 2986 5352 τόδε
3018 5298 3126 5370 ἰδίᾳ
3151 5295 3303 5368 παρὰ
3361 5295 3455 5349 τὸν
3489 5296 3616 5366 ὅρον
3640 5291 3726 5344 τοῦ

2152 5395 2446 5467 ἀνθρώπου
2478 5389 2618 5448 εἶναι
2649 5393 2820 5461 αὑτὴν
2843 5388 3170 5460 παρίστησιν
3189 5405 3204 5419 ’
3224 5387 3359 5441 ἀλλὰ
3376 5388 3472 5441 καὶ
3494 5386 3726 5455 γεύσεως

2153 5483 2285 5536 ἴδιον
2311 5481 2504 5553 μόνης,
2537 5481 2601 5534 τὸ
2614 5479 2723 5533 τῶν
2754 5478 2944 5551 χυμῶν
2972 5477 3394 5547 άντιληπτικόν’
3427 5477 3524 5530 καὶ
3543 5476 3643 5529 οὑκ
3672 5475 3727 5525 ἐκ

2150 5572 2327 5640 τοῦδε,
2358 5573 2502 5644 ίδικὴ
2524 5570 2729 5642 ταύτης
2757 5571 2905 5623 ἐστὶν
2939 5569 3260 5633 ὑπόστασις.

2736 5662 2988 5716 ΚΕΦΑΛ.
3018 5662 3152 5715 MA'.

2223 5759 2284 5812 Εἰ
2312 5759 2493 5830 ὅτανὴ
2530 5756 2652 5830 θεία
2677 5755 2873 5828 Γραφὴ
2904 5753 2996 5807 τὸν
3043 5749 3282 5825 Χριστὸν
3313 5753 3410 5807 ἕνα
3462 5754 3602 5824 καλῇ
3637 5752 3722 5805 ἄνα

2152 5851 2391 5920 ορωπον,
2426 5847 2564 5919 μετὰ
2593 5845 2690 5901 τοῦ
2724 5845 2861 5898 Θεοῦ
2901 5845 3056 5898 καλεῖ
3087 5844 3250 5899 αὑτὸν
3281 5844 3378 5899 ἕνα
3423 5844 3721 5912 ἄνθρωπον.

2151 5942 2308 6014 δῆλον
2346 5942 2428 5997 ὅτι
2448 5940 2731 6017 ἦμισυτοῦ
2753 5938 2872 6002 ὲνὺς
2894 5935 3182 6009 ἀνθρώπου
3218 5937 3367 5993 ἐστὶν
3397 5939 3424 5992 6
3444 5935 3595 6000 Θεός.
3621 5934 3721 5989 Kal
