4042 6578
381 533 516 599 1597

1297 536 1699 601 ADVERSUS
1729 490 2281 595 NESTORIANOS'.
2316 558 2384 572 -—
2420 535 2568 599 LIB.
2610 536 2695 600 II.

3511 539 3647 608 1598
3678 532 3692 539 ’

285 695 291 701 .
376 647 469 701 ὅτε
495 639 589 700 οὖν
615 643 764 713 λέγει
792 644 971 718 σάρκα
995 646 1088 701 τὸν
1111 645 1420 719 ἄνθρωπον,
1448 648 1524 712 ὡς
1553 645 1740 716 ὲν-τῷ,
1770 664 1787 697 ι
1819 642 1948 716 Πρὸς

2066 642 2290 711 quando
2324 643 2490 700 homo
2518 660 2649 701 caro
2674 622 2899 715 dicitur,
2929 648 3075 706 sicut
3101 648 3207 707 hoe
3232 652 3356 708 loco
3385 668 3399 708 :
3437 672 3456 706 ι
3483 654 3565 708 Ad
3593 662 3646 708 te

378 740 439 793 σὲ
461 740 611 793 πᾶσα
635 737 773 811 σὰρξ
788 740 930 810 ἥξει,
953 757 972 791 ι
998 739 1137 808 μετὰ
1152 739 1251 810 τῆς
1265 740 1446 810 ψυχῆς
1468 739 1625 794 καλεῖ
1645 738 1811 813 αὑτὸν
1836 737 1965 808 μίαν

377 833 583 903 σάρκα,
630 830 789 911 δῆλον
819 831 903 886 ὅτι
934 832 1107 904 ἥμισυ
1152 832 1253 903 τῆς
1284 832 1416 902 μιᾶς
1466 832 1671 902 σαρκός
1729 833 1881 886 ἐστιν
1928 831 1965 902 ἠ

373 918 545 993 ψυχή.

574 1030 577 1031 ν
965 1036 1220 1091 ΚΕΦΛΛ.
1242 1035 1378 1091 MB’.

462 1149 521 1205 ’0
536 1148 817 1221 ὁμολογῶν
842 1150 937 1205 τὸν
955 1151 1192 1221 Χριστὸν
1208 1150 1343 1222 ὁμοῦ
1373 1150 1506 1204 Θεὸν
1537 1150 1631 1204 καὶ
1656 1148 1962 1221 ἄνθρωπον,

376 1242 486 1295 καὶ·
532 1241 609 1314 μὴ
636 1241 814 1311 λέγων
845 1243 938 1298 τὸν
988 1243 1229 1315 Χριστὸν
1263 1243 1400 1315 ὁμοῦ
1432 1243 1639 1316 ἕτερον,
1676 1241 1788 1315 τὴν.
1826 1242 1977 1296 ἰδίαν

374 1332 596 1405 ἀναιρεῖ
646 1333 960 1404 ὁμολογίαν.
994 1337 1107 1390 Καὶ
1155 1336 1276 1401 πῶς
1331 1336 1558 1390 δυνατὸν
1592 1336 1654 1389 τὸ
1682 1336 1817 1391 αὐτὸ
1843 1336 1965 1389 ὅλον

375 1422 638 1493 Χριστοῦ,
670 1425 858 1500 ἕτερον
886 1429 981 1481 καὶ
1002 1427 1192 1501 ἕτερον
1211 1429 1332 1484 ὅλον
1365 1429 1482 1493 ἐνὸς
1511 1429 1752 1501 Χριστοῦ
1777 1430 1959 1495 νοεῖνς

376 1512 487 1585 ἄρα
522 1510 616 1569 οὖν
640 1515 703 1569 ὲκ
732 1517 934 1588 μέρους
963 1519 1220 1594 καὶπρὸς
1252 1520 1419 1593 μέρος
1455 1520 1619 1575 αὐτοῦ
1667 1523 1817 1575 ἐστιν
1842 1521 1963 1574 ἓτε-

380 1623 472 1677 ρος
499 1608 590 1661 καὶ
616 1607 801 1680 ἕτερος
836 1611 865 1663 6
889 1605 970 1675 εἷς
990 1612 1252 1685 Χριστός.

955 1749 1211 1804 ΚΕΦΛΛ.
1257 1750 1393 1805 Ml".

449 1859 618 1913 Φασὶν
646 1862 728 1915 ἔτι
764 1862 846 1916 ὅτι
874 1862 922 1915 εἰ
946 1862 1172 1932 γέγονεν
1207 1864 1496 1935 ἄνθρωπος
1524 1865 1552 1919 6
1577 1863 1773 1935 Λόγος,
1801 1864 1961 1938 δῆλον

371 1952 454 2005 ὅτι
476 1969 561 2018 τις
589 1953 905 2026 ἄνθρωπος·
935 1957 1035 2010 οὑκ
1054 1956 1170 2009 ἔστι
1200 1958 1308 2026 γὰρ
1329 1958 1638 2029 ἄνθρωπος,
1672 1957 1748 2030 μὴ
1779 1956 1854 2013 ῶν
1870 1975 1954 2023 τις

370 2043 663 2113 ἄνθρωπος
685 2062 699 2077 ⁸
731 2048 759 2100 6
778 2046 834 2099 δέ
859 2064 942 2111 τις
967 2048 1063 2103 ἄνθ
1073 2066 1274 2119 ρωπος,
1292 2049 1591 2120 ἀνθρώπου
1620 2050 1950 2114 ὑπόστασιςο

369 2132 406 2203 ἢ
444 2135 539 2188 οῦν
570 2135 665 2190 δύο
695 2137 1031 2203 ὑποστάσεις
1067 2140 1330 2209 Χριστοῦ,
1377 2140 1411 2211 ἢ
1445 2142 1479 2212 ή
1530 2140 1622 2195 τοῦ
1659 2141 1834 2209 Λόγου
1870 2142 1955 2209 ἐξ·

368 2224 577 2281 ἔλιπεν.
613 2227 755 2281 Ἀλλ’
785 2228 969 2294 ἔνθεος
991 2231 1055 2284 ὲκ
1078 2230 1304 2303 πρώτης
1325 2230 1615 2302 ὑπάρξεως
1635 2226 1791 2296 οὗτος
1815 2235 1844 2288 6
1869 2235 1955 2298 τὶς

367 2317 655 2390 ἄνθρωπος
688 2322 926 2393 Χριστὸς
954 2322 1052 2394 τὴν
1078 2323 1376 2377 ὑπόστασιν
1423 2325 1609 2379 ἐστιν·
1666 2325 1804 2397 ὅπερ
1833 2318 1953 2379 ἴσον

362 2412 445 2483 τῷ
472 2412 607 2477 Θεὸς
653 2415 830 2469 εἰπεῖν
861 2415 1288 2489 ὲνανθρωπήσας
1341 2417 1442 2490 τὴν
1493 2416 1817 2483 ὑπόστασιν,
1864 2416 1953 2472 διὰ

360 2507 464 2576 τῆς
497 2506 637 2577 πρὸς
667 2505 769 2579 τὴν
803 2506 952 2563 θείαν
979 2508 1170 2564 οὐσίαν
1195 2509 1445 2574 ἑνώσεως
1472 2509 1572 2582 τῆς
1599 2508 1953 2582 ἀνθρωπίνης

362 2596 571 2659 οὐσίας.
584 2626 587 2629 -

945 2716 1198 2773 ΚΕΦΛΛ.
1227 2718 1282 2773 Μ
1287 2719 1359 2772 A'.

429 2832 570 2899 Φασὶ
588 2831 752 2887 πάλιν
778 2832 861 2887 ὅτι
889 2835 940 2885 εἰ
964 2834 1182 2904 ἔμεινεν
1217 2833 1246 2886 ό
1274 2834 1408 2898 Θεὸς
1445 2833 1620 2909 Λόγος
1662 2832 1691 2888 6
1721 2828 1811 2906 ἦν,
1853 2837 1950 2891 καὶ

360 2925 586 2994 γέγονεν
607 2925 637 2979 6
665 2925 768 2979 οὑκ
790 2921 881 2998 ἦν,
908 2925 1069 2997 δῆλον
1096 2926 1179 2981 ὅτι
1210 2925 1426 2997 ἔμεινεν
1450 2927 1694 2998 ἄσαρκος
1721 2926 1821 2999 τὴν
1855 2931 1948 2985 οὐ-

364 3017 487 3071 σίαν
522 3017 553 3071 ὃ
604 3019 700 3071 καὶ
731 3013 821 3090 ἦν.
855 3019 963 3072 Καὶ
1006 3019 1117 3090 γάρ
1151 3020 1304 3072 ἐστιν
1341 3018 1512 3083 ὅντως
1559 3018 1803 3092 ἄσαρκος
1848 3021 1949 3093 τὴν

359 3109 551 3163 οὐσίαν
573 3126 588 3142 ο
637 3108 754 3163 ἀλλ’
784 3109 907 3181 οὐχὶ
942 3111 1102 3164 τοῦτο
1147 3110 1242 3164 καὶ
1266 3110 1367 3178 τῆς
1397 3109 1761 3177 ὑποστάσεως
1782 3111 1947 3167 αὐτοῦ

358 3199 456 3255 νῦν
483 3200 684 3255 οἰκεῖον
716 3201 1109 3274 κατηγόρημα,
1136 3203 1325 3273 ὥσπερ
1361 3205 1457 3258 καὶ
1488 3203 1712 3276 ἡψυχὴ,
1747 3204 1950 3270 ζῶντος

358 3294 455 3346 ἰπὶ
475 3294 577 3365 γῆς
601 3294 681 3348 ἐτι
704 3282 1009 3363 Βασιλείου,
1039 3297 1286 3369 ἄσαρκος
1317 3300 1418 3370 μὲν
1442 3299 1541 3369 τὴν
1590 3299 1805 3364 οὐσίαν,
1856 3315 1947 3353 σε·

361 3386 694 3459 σαρκωμένη
721 3387 780 3441 δέ
801 3389 917 3443 ἐστι
953 3388 1053 3461 τὴν
1084 3389 1408 3445 ὑπόστασιν.

969 3500 1224 3558 ΚΕΦΑΛ.
1249 3503 1385 3557 ME'.

422 3610 507 3666 Ἣ
548 3612 685 3684 σὰρξ
719 3612 880 3684 εἰμμὴ
907 3613 1023 3669 ἔστι
1068 3615 1211 3679 τινὸς
1241 3614 1556 3686 ἀνθρώπου,
1593 3618 1755 3688 φύσει
1792 3620 1944 3691 παρὰ

355 3705 451 3758 τὸν
472 3703 606 3757 Θεὸν
638 3706 815 3774 Λόγον
839 3705 1028 3774 ἐτέρου
1084 3708 1256 3771 θντος,
1311 3707 1449 3761 ἀλλὰ
1468 3709 1563 3763 τοῦ
1598 3710 1755 3776 Θεοῦ,
1784 3713 1944 3783 δῆλον

356 3797 441 3851 ὅτι
470 3799 500 3852 6
526 3796 628 3869 τῆς
660 3800 865 3871 σαρκὸς
888 3800 1235 3873 Δημιουργὸς
1250 3802 1347 3855 καὶ
1377 3800 1527 3866 Θεὸς,
1556 3802 1650 3856 τοῦ
1677 3804 1812 3858 Θεοῦ
1838 3806 1941 3859 Λό-

356 3908 458 3961 γου
492 3892 608 3945 ἐστὶ
653 3891 987 3965 δημιουργὸς
1035 3895 1130 3949 καὶ
1167 3895 1322 3958 Θεός.
1370 3895 1511 3948 Ἀλλ’
1550 3895 1698 3950 ἔστιν
1749 3898 1941 3969 ἐτέρας
1978 3942 1985 3949 .

358 3984 460 4056 μὲν
481 3984 718 4053 φύσεως,
756 3984 1053 4056 προσώπου
1081 3985 1138 4040 δὲ
1161 3987 1280 4059 οὑχί
1299 4004 1314 4019 ·
1346 3988 1645 4043 άλλάὑτοῦ
1678 3989 1939 4061 εδιοποιη-

334 4070 593 4145 σαμὲνου
632 4077 811 4151 αὐτὴν,
825 4076 918 4131 τοῦ
948 4078 1123 4148 Λόγου
1158 4080 1461 4152 προσλήψει
1490 4084 1555 4153 τῇ
1584 4083 1665 4145 εἰς
1678 4081 1777 4154 τὴν
1802 4082 1939 4135 ἰδίαν

353 4169 517 4245 αὑτοῦ
541 4166 859 4226 ὑπόστασιν.

918 4283 1173 4343 ΚΕΦΛΛ.
1213 4286 1365 4355 Μετ’.

431 4396 493 4450 '0
524 4397 702 4468 σάρκα
728 4398 829 4468 μὲν
855 4397 994 4470 ἔχων
1024 4400 1117 4454 καὶ
1161 4401 1339 4473 ψυχὴν
1368 4403 1615 4475 λογικὴν,
1648 4404 1937 4477 ἄνθρωπον

1972 3342 2019 3403 C

2068 734 2251 789 omnis
2281 750 2413 791 caro
2442 739 2626 793 veniet
2655 758 2674 790 ι
2698 780 2715 807 ,
2757 740 2849 795 ille
2879 757 3005 796 cum
3037 744 3219 799 anima
3261 756 3390 799 caro
3418 744 3642 810 dicitur,

2066 840 2172 882 nee
2206 834 2389 884 tamen
2423 828 2660 886 habetur
2688 832 2877 887 anima
2907 849 3038 904 pars
3061 835 3242 891 media
3269 836 3474 891 carnis.

2674 1034 2828 1092 CAP.
2868 1035 3032 1092 XLII.

2136 1144 2242 1214 Qui
2263 1147 2562 1205 conﬁtetur
2582 1149 2861 1205 Christum
2887 1152 3051 1207 simul
3067 1154 3238 1208 Deum
3263 1164 3319 1210 et
3340 1154 3642 1221 hominem,

2066 1253 2169 1293 nec
2198 1230 2332 1293 dicit
2359 1239 2523 1294 Simul
2553 1239 2833 1295 Christum
2864 1251 2920 1296 et
2947 1242 3203 1309 alterum,
3239 1260 3350 1298 non
3378 1244 3484 1298 sibi
3510 1262 3644 1299 emt-

2066 1328 2256 1384 sentit.
2320 1328 2429 1385 Sed
2481 1331 2733 1401 nunquid
2779 1326 3045 1402 possibile
3077 1341 3160 1388 est
3194 1333 3249 1387 in
3281 1341 3397 1388 toto
3424 1333 3647 1390 Christo

2065 1421 2206 1477 duos
2250 1423 2483 1492 reperiri
2522 1423 2773 1479 Christos
2810 1425 3154 1493 completos?
3198 1426 3336 1483 Cum
3362 1428 3646 1496 loquimur

2066 1512 2139 1573 de
2167 1530 2278 1571 uno
2307 1515 2531 1571 Christo
2560 1517 2737 1572 altero
2765 1526 2822 1572 et
2851 1517 3055 1584 altero,
3090 1532 3122 1572 a
3155 1527 3314 1588 parte
3346 1518 3399 1573 in
3431 1526 3646 1589 partem

2022 1633 2027 1638 -
2066 1608 2389 1663 transimus-

2665 1734 3041 1805 CAP.XLHL

2133 1860 2189 1917 Si
2244 1846 2508 1926 Verbum,
2537 1859 2706 1915 homo
2749 1858 2953 1915 factum
2991 1867 3115 1926 est,
3164 1857 3411 1928 profecto
3444 1859 3646 1929 aliquis

2062 1953 2229 2009 homo
2272 1962 2358 2010 est
2413 1954 2611 2025 (homo
2638 1953 2785 2008 enim
2817 1967 2926 2007 non
2951 1960 3057 2017 est,
3083 1943 3313 2022 qui‘non
3339 1962 3424 2007 est
3445 1952 3646 2022 aliquis

2054 2045 2477 2119 homo);aliquis
2499 2046 2664 2100 homo
2680 2055 2764 2100 est
2781 2060 3045 2114 persona;
3075 2044 3242 2113 igitur
3263 2045 3347 2099 vel
3371 2045 3493 2099 dua:
3516 2051 3645 2098 sunt

2054 2137 2262 2193 Christi
2302 2152 2553 2208 persona:
2578 2178 2592 2202 ,
2648 2137 2735 2192 vel
2778 2136 2965 2191 deﬁcit
3008 2136 3171 2191 Verbi
3211 2153 3468 2208 persona.
3535 2138 3643 2192 Iste

2054 2233 2258 2303 aliquis
2284 2233 2469 2296 homo,
2501 2231 2779 2298 Christus,
2815 2232 3038 2287 divinus
3064 2240 3148 2288 est
3182 2248 3441 2303 persona,
3469 2249 3498 2287 a
3526 2236 3642 2304 pri-

2054 2341 2145 2380 mo
2172 2325 2400 2380 instanti
2431 2324 2789 2389 exsistentiie,
2823 2323 2972 2393 quod
3006 2323 3151 2378 idem
3177 2332 3260 2378 est
3287 2339 3352 2378 ac
3378 2324 3420 2379 si
3446 2323 3636 2379 dicas:

2052 2417 2201 2473 Deus
2245 2417 2612 2485 personaliter
2643 2416 2813 2472 homo
2844 2415 3026 2471 factus
3056 2422 3177 2482 est,
3213 2417 3405 2487 juncta
3438 2415 3644 2486 divina:

2053 2509 2374 2567 substantia:
2408 2508 2653 2564 humana
2677 2506 3010 2563 subStantia.

2654 2719 2807 2775 CAP.
2844 2719 3031 2776 XLIV.

2126 2840 2328 2912 Dicun‘t
2367 2837 2567 2901 etiam,
2601 2836 2748 2907 quod
2785 2837 2831 2891 si
2862 2836 3105 2892 Verbum
3140 2836 3236 2891 Dei
3270 2844 3456 2891 manet
3484 2836 3633 2906 quod

2050 2940 2189 2995 erat,
2226 2938 2282 2984 et
2312 2928 2458 3000 quod
2489 2943 2599 2982 non
2627 2937 2747 2983 erat
2775 2927 2981 2982 factum
3009 2935 3114 2994 est,
3142 2927 3269 2983 ideo
3297 2927 3634 2997 incorporea:

2050 3021 2373 3079 substantiae
2418 3020 2684 3077 remansit
2735 3020 2885 3092 quod
2928 3008 3050 3076 erat
3090 3028 3274 3075 antea.
3300 3019 3511 3084 Etiam,
3549 3028 3635 3074 est

2051 3114 2391 3185 incorporem
2417 3112 2765 3176 substantiae,
2799 3127 2949 3166 nunc
2981 3119 3163 3166 autem
3199 3110 3333 3165 illud
3365 3110 3634 3181 praedica-

2051 3217 2169 3263 tum
2202 3222 2314 3262 non
2339 3212 2423 3261 est
2447 3204 2733 3275 proprium
2760 3218 3011 3274 persona:
3034 3189 3184 3271 ejus;
3220 3202 3386 3265 sicut,
3408 3201 3634 3256 vivente

2052 3300 2105 3355 in
2139 3299 2302 3354 terris
2327 3298 2551 3363 Basilio,
2586 3296 2768 3352 anima
2794 3296 3120 3365 incorporea
3148 3294 3371 3365 quidem
3396 3305 3481 3349 est
3502 3293 3635 3348 sub-

2050 3391 2274 3457 stantia,
2307 3389 2404 3447 sed
2437 3404 2703 3461 corporea
2732 3387 2804 3443 ob
2831 3402 3146 3458 personam.

2659 3514 3014 3596 CAP.va.

2112 3628 2227 3684 Nisi
2258 3643 2386 3683 caro
2417 3627 2489 3683 sit
2516 3626 2749 3693 alicujus
2774 3610 3014 3679 hominis
3061 3624 3155 3693 qui
3182 3630 3377 3678 natura
3414 3637 3521 3677 non
3545 3631 3631 3679 est

2042 3720 2282 3776 Verbum
2327 3719 2424 3774 Dei
2445 3761 2459 3785 ,
2497 3718 2543 3773 si
2576 3718 2649 3773 sit
2678 3716 2797 3779 Dei,
2833 3723 3051 3771 eertum
3078 3722 3163 3768 est
3188 3712 3374 3789 carnis
3397 3712 3629 3767 Creato-

2042 3826 2158 3865 rem
2207 3820 2264 3864 et
2307 3809 2480 3864 Deum
2529 3823 2652 3863 esse
2686 3806 2853 3863 Verbi
2883 3805 2982 3861 Dei
3012 3814 3318 3859 creatorem
3349 3813 3406 3859 et
3430 3804 3626 3858 Deum.

2039 3904 2138 3959 Est
2163 3902 2386 3973 quidem
2411 3901 2641 3956 alterius
2665 3909 2895 3963 naturae,
2923 3897 3018 3953 sed
3043 3913 3152 3952 non
3174 3912 3443 3966 personm,
3462 3912 3626 3965 quam

2041 4003 2295 4050 naturam
2350 3992 2454 4047 sibi
2502 3991 2785 4061 propriam
2836 3990 2970 4047 fecit
3000 3989 3278 4057 Verbum,
3317 4004 3443 4044 eum
3478 3988 3626 4044 illam

2040 4088 2338 4159 assumpsit
2372 4087 2429 4141 in
2462 4086 2681 4158 propria
2712 4100 2965 4154 persona.

2640 4282 2789 4339 CAP.
2830 4281 3017 4337 XLVI.

2098 4388 2208 4466 Qui
2229 4414 2459 4453 carnem
2477 4398 2647 4452 habet
2671 4408 2727 4451 et
2753 4397 2993 4451 animam
3018 4396 3422 4459 rationabilem,
3446 4395 3624 4450 homi-

348 4488 406 4543 δὲ
433 4490 508 4559 μὴ
539 4489 703 4560 ἔχων,
730 4490 1020 4560 ἄνθρωπός
1047 4494 1196 4547 ἐστιν
1232 4494 1415 4565 μόνοςη
1445 4495 1473 4548 ό
1497 4496 1553 4549 δὲ
1580 4495 1721 4566 ἔχων
1756 4497 1937 4566 σάρκα

2052 4508 2160 4546 rem
2192 4501 2376 4546 autem
2410 4506 2519 4546 non
2559 4491 2747 4555 habet,
2782 4490 2946 4544 homo
2983 4498 3067 4543 est
3093 4490 3276 4555 solus;
3312 4489 3408 4558 qui
3438 4497 3621 4542 autem

348 4582 446 4634 καὶ
476 4581 679 4652 ψυχὴν,
709 4582 848 4652 ἔχων
874 4582 931 4636 δὲ
973 4585 1069 4637 καὶ
1113 4586 1203 4643 τὸν
1245 4586 1556 4658 ἄνθρωπον,
1590 4590 1777 4661 ἕτερός
1816 4593 1933 4644 ἐστι

2052 4584 2204 4636 :iabet
2233 4597 2452 4637 carnem
2487 4591 2544 4637 et
2569 4582 2829 4644 animam,
2860 4580 3026 4633 habet
3058 4594 3281 4649 quoque
3313 4579 3617 4641 hominem,

347 4674 617 4746 παράτὸν
649 4675 961 4745 ἄνθρωπον·
994 4679 1088 4733 καὶ
1116 4680 1145 4732 6
1172 4679 1303 4744 Θεὸς
1320 4677 1427 4736 -οὖν
1455 4683 1647 4750 Λόγος,
1680 4685 1728 4737 εἰ
1754 4685 1931 4755 σάρκα

2052 4676 2177 4728 ilius
2204 4676 2299 4745 est}
2321 4676 2477 4747 juxta
2508 4673 2809 4729 hominem.
2850 4672 2917 4727 Et
2952 4674 3097 4727 Deus
3154 4672 3323 4742 igitur
3353 4671 3615 4733 Verbum,

346 4766 459 4836 ἔχει
496 4766 854 4838 ὲψυχωμένην
893 4768 1039 4841 ψυχῇ
1069 4769 1282 4843 λογικῇ,
1319 4774 1379 4838 ἐξ
1415 4775 1663 4848 ἀνάγκης
1693 4777 1808 4847 ἔχει
1835 4778 1928 4831 καὶ

2052 4767 2084 4821 si
2116 4781 2335 4821 carnem
2384 4767 2550 4820 habet
2595 4766 2892 4820 animatam
2940 4764 3248 4821 rationabili
3296 4764 3499 4829 anima,
3550 4780 3619 4819 ex

344 4859 436 4913 τὸν
476 4858 781 4929 ἄνθρωπον.
818 4860 880 4913 Εἰ
911 4860 1006 4915 οὖν
1041 4862 1069 4914 6
1115 4864 1293 4933 σάρκα
1336 4882 1396 4918 τε
1440 4867 1579 4920 ἀλλὰ
1612 4870 1708 4922 καὶ
1748 4868 1927 4940 ψυχὴν

2052 4857 2361 4912 ιροοεεὶισιο
2392 4857 2559 4912 habet
2583 4858 2749 4912 etiam
2778 4857 3057 4911 hominem
3084 4874 3097 4909 :
3122 4856 3167 4910 si
3194 4855 3360 4927 igitur
3379 4856 3471 4926 qui
3498 4872 3619 4911 car-

344 4950 506 5022 ξχων,
523 4949 811 5020 ἄνθρωπον
830 4951 884 5035 62-:
906 4951 981 5021 μὴ
999 4952 1159 5023 ἔχων,
1184 4956 1468 5027 ἄνθρωπός
1491 4960 1660 5025 ἐστιν,
1692 4961 1768 5025 ὡς
1797 4962 1923 5032 φὴς,

2052 4966 2158 5004 lem
2210 4958 2265 5005 et
2298 4950 2533 5004 animam
2574 4949 2757 5015 habet,
2791 4951 3068 5003 hominem
3105 4965 3235 5003 vero
3270 4966 3379 5004 non
3427 4950 3616 5017 habet,

304 5092 307 5095 .
342 5046 408 5113 τῇ
441 5042 737 5096 ὑποστάσει
770 5046 837 5115 τῇ
874 5046 972 5116 μιᾷ
1003 5038 1107 5109 εἷς’
1150 5047 1246 5099 καὶ
1274 5048 1301 5100 6
1329 5046 1460 5112 Θεὸς
1488 5049 1658 5117 Λόγος
1694 5052 1804 5121 ἄρα
1833 5051 1925 5105 τὸν

2053 5056 2199 5095 nomo
2237 5049 2341 5107 est,
2374 5049 2434 5094 ut
2479 5041 2637 5105 dicis,
2688 5040 2744 5093 in
2793 5039 3148 5094 subsistentia
3194 5054 3302 5093 una
3348 5055 3522 5105 unus;
3559 5047 3616 5093 et

344 5134 629 5207 ἄνθρωπον
654 5134 816 5207 ἔχων,
849 5136 1030 5208 σάρκα
1071 5154 1131 5190 τε
1163 5139 1258 5191 καὶ
1289 5138 1468 5210 ψυχὴν
1501 5140 1634 5211 ἔχει⁶
1670 5143 1730 5208 ἐξ
1755 5144 1924 5213 ἀνάγ-

2052 5133 2179 5187 )eus
2204 5131 2447 5188 Verbum
2478 5131 2759 5186 hominem
2792 5131 3004 5185 habens
3038 5145 3261 5185 carnem
3289 5138 3345 5185 et
3373 5129 3614 5183 animam

344 5244 447 5297 κης
493 5223 587 5281 οὖν
624 5227 761 5300 πρὸς
789 5232 855 5301 τῇ
908 5230 1123 5303 θεότητι
1158 5233 1187 5285 6
1232 5230 1519 5303 ἄνθρωπος
1573 5231 1655 5300 εἷς
1705 5238 1821 5290 ἐστι
1853 5241 1919 5310 τῇ

2052 5224 2218 5290 labet,
2248 5241 2315 5280 ex
2347 5224 2670 5280 necessitate
2695 5238 2825 5294 ergo
2852 5230 3051 5293 praeter
3073 5221 3416 5275 divinitatem
3448 5220 3614 5273 homo

345 5318 643 5374 ὑποστάσει
674 5322 769 5374 καὶ
804 5322 957 5401 κατὰ
1004 5324 1071 5400 ait;
1136 5323 1297 5397 εἴπερ
1338 5326 1434 5380 καὶ
1476 5325 1623 5400 ψυχὴ
1661 5330 1798 5402 πρὸς
1840 5331 1921 5403 τῷ

2052 5332 2172 5372 Inus
2202 5326 2286 5372 est
2317 5315 2369 5371 in
2392 5315 2771 5381 subsistentia,
2802 5325 2858 5370 et
2888 5313 3193 5369 secundum
3228 5320 3303 5381 te,
3341 5311 3611 5382 siquidem

1989 5452 1995 5457 .
2026 5419 2083 5467 et
2110 5411 2292 5466 anima
2332 5418 2417 5466 est
2448 5418 2647 5480 praeter
2677 5422 2900 5477 corpus,
2934 5415 2995 5460 ut
3022 5405 3227 5461 dixisti.

2617 5520 2769 5577 CAP.
2810 5518 3021 5574 XLVII.

346 5407 577 5480 σώματι,
606 5411 682 5477 ὡς
721 5398 902 5478 εἶπας.

907 5530 1139 5584 ΚΕΦΑΛ
1151 5572 1163 5584 .
1216 5533 1349 5587 MZ'.

410 5637 473 5690 Εἰ
504 5636 562 5689 ἓν
588 5636 809 5708 ἄτομον,
840 5636 993 5707 ἑρησὶ,
1023 5643 1174 5696 ἐστὶν
1201 5644 1230 5697 6
1264 5645 1497 5715 Χριστὸς
1533 5648 1713 5717 μόνον,
1745 5650 1777 5720 ῆ
1816 5667 1917 5725 μο-

336 5729 538 5794 νοειδές
560 5748 632 5797 τι,
674 5730 706 5801 ἢ
734 5731 841 5785 τῶν
876 5732 980 5788 ὑπὸ
1014 5729 1155 5801 εἶδος
1194 5738 1410 5802 πάντως
1451 5739 1648 5811 (ἄλλως
1677 5742 1786 5813 γάρ
1816 5743 1916 5798 οὐκ

338 5821 465 5893 ενι),
494 5823 527 5894 ἢ
556 5822 649 5878 οῦν
679 5823 732 5877 τί
771 5824 886 5878 ἐστι
923 5827 1089 5881 αὑτοῦ
1109 5827 1170 5882 τὸ
1199 5826 1358 5896 εἶδος,
1386 5830 1419 5903 ἢ
1455 5831 1561 5885 ὑπὸ
1588 5835 1738 5887 ποῖον
1772 5822 1912 5898 εἶδός

338 5917 478 5980 ἔστι,
507 5915 715 5986 λέγετε.
758 5916 911 5971 Ἐπεὶ
947 5914 1039 5973 οὖν
1073 5920 1245 5987 οὕτως
1278 5923 1549 5998 ἐπωρώθη
1575 5928 1644 5981 τὰ
1666 5929 1914 6000 νοήματα

338 6004 444 6063 τῶν
468 6006 737 6080 ἀπίστων,
778 6008 854 6076 ὡς
892 6012 1122 6084 ἀγχόθεν
1157 6015 1528 6087 σφαδάζοντας
1574 6022 1647 6094 μὴ
1686 6022 1909 6096 διαυγάο

2100 5641 2157 5696 Si
2208 5656 2338 5697 vero
2386 5637 2719 5694 indivisibile
2754 5634 3051 5709 quiddam,
3101 5630 3482 5699 ait,Christus
3527 5639 3609 5686 est

2022 5743 2257 5802 tantum,
2294 5743 2389 5790 aut
2420 5733 2584 5788 unius
2613 5730 2835 5802 speciei,
2872 5739 2967 5784 ant
2991 5744 3056 5783 ex
3090 5727 3177 5782 his
3203 5742 3324 5797 quae
3356 5725 3461 5781 sub
3482 5740 3607 5795 spe-

2020 5833 2104 5889 cie
2137 5840 2265 5887 sunt
2285 5828 2634 5903 generaliter,
2670 5827 2833 5882 aliter
2892 5825 3038 5881 enim
3086 5838 3207 5878 esse
3244 5836 3354 5876 non
3389 5829 3605 5891 potest;

2020 5928 2103 5984 vel
2139 5926 2307 5999 igitur
2353 5940 2475 5995 qua:
2515 5923 2587 5979 sit
2627 5923 2747 5993 ejus
2772 5919 3005 5992 species,
3038 5917 3120 5972 vel
3153 5917 3257 5971 sub
3285 5931 3391 5985 qua
3423 5916 3604 5985 specie

2020 6026 2114 6094 sit,
2142 6020 2329 6077 dicite.
2358 6018 2656 6091 Cumergo
2686 6017 2765 6074 sic
2800 6015 3144 6073 obdurentur
3186 6008 3603 6069 incredulorum
