4006 6558
489 485 628 554 1599

1756 483 2070 546 LEONTII
2107 482 2516 568 BYZANTlNI

3628 490 3774 554 1600

485 614 720 671 mentes,
749 611 811 661 u-t
841 615 1013 677 prope
1040 602 1246 660 versati
1273 577 1386 660 noii
1418 600 1757 675 perspiciam
1786 599 2072 672 Evangelii

2176 599 2285 666 ζειν
2318 601 2447 664 τοὺς
2477 599 2667 670 λάγους
2709 602 3071 672 Εὐαγγελίου,
3097 602 3321 660 λεκτέον
3343 606 3444 660 καὶ
3461 606 3596 677 ἡμῖν
3625 609 3772 676 πρὸς

485 700 677 766 verba,
710 697 1004 754 dicendum
1033 697 1197 753 nobis
1232 697 1301 752 ad
1329 697 1472 762 illos,
1503 696 1654 766 quod
1675 710 1838 750 etme
1863 693 2070 749 indivi-

486 792 670 858 sibile,
717 789 867 861 quod
902 797 998 844 aut
1044 789 1211 843 unius
1253 787 1463 858 speciei
1497 794 1584 842 est
1613 794 1709 841 aut
1743 786 1846 841 sub
1886 784 2070 855 specie

489 899 658 939 unum
683 882 814 952 quid
847 871 1136 937 ordinatur
1171 889 1411 944 tantum,
1443 879 1648 934 nullam
1681 879 1849 933 habet
1884 886 2070 932 extra-

486 991 644 1030 neam
680 975 853 1046 magis
882 974 1027 1029 circa
1056 973 1241 1028 omnia
1272 972 1424 1027 entia
1454 981 1774 1025 naturarum
1807 970 2071 1025 unionem

487 1068 546 1122 in
593 1068 793 1137 seipso.
825 1066 882 1121 Si
918 1066 1085 1137 igitur
1115 1064 1260 1119 istud
1297 1064 1651 1129 indivisibile,
1680 1063 1887 1120 Christi
1917 1063 2071 1118 scili-

487 1168 576 1215 cet
619 1175 933 1230 personam,
970 1158 1145 1228 reipsa
1191 1173 1482 1212 commune
1531 1155 1743 1227 aliquid
1785 1165 1842 1212 et
1875 1171 2071 1219 unum,

489 1251 732 1323 plurium
761 1249 936 1306 nostis
977 1249 1234 1304 unionem
1280 1259 1600 1304 naturarum
1648 1247 1705 1302 in
1751 1245 1844 1302 illa
1885 1256 2072 1302 extra-

488 1360 649 1399 neam
693 1359 802 1398 non
847 1341 1241 1414 iutelligentes,
1275 1342 1415 1398 bene
1469 1339 1786 1412 collegistis.
1831 1338 1889 1395 Si
1938 1355 2071 1395 vero

453 1499 456 1504 _
489 1436 636 1492 circa
666 1433 850 1490 omnia
882 1435 1032 1491 entia
1063 1434 1259 1489 factam
1303 1449 1426 1489 esse
1466 1433 1521 1489 in
1565 1433 1668 1488 Dei
1697 1440 1754 1488 et
1784 1430 2073 1499 hominum

491 1528 794 1584 mediatore
850 1529 1110 1583 unionem
1157 1534 1484 1582 naturarum
1532 1536 1589 1581 et
1640 1541 1738 1581 vos
1783 1523 2068 1590 fatemini,

491 1621 674 1676 statim
709 1619 843 1675 illud
881 1619 1028 1690 quod
1062 1619 1433 1685 concessistis,
1484 1633 1676 1673 rursus
1718 1616 1823 1688 ipsi
1858 1615 2068 1680 tollitis,

489 1730 618 1770 cum
647 1714 948 1769 secundum
976 1711 1251 1784 quoddam
1283 1712 1525 1778 illorum,
1551 1727 1674 1782 quae
1710 1711 1768 1767 in
1808 1712 2070 1767 universo

491 1807 622 1855 sunt
650 1800 1089 1867 indivisibilium,
1122 1810 1178 1856 et
1211 1801 1345 1856 illud
1383 1817 1511 1858 esse
1547 1801 1864 1873 agnoscitis.
1895 1801 2070 1856 Aliter

489 1907 592 1947 nos
620 1893 775 1947 vobis
807 1893 1144 1964 “legitimam
1169 1877 1601 1949 conclusionem.
1615 1894 1676 1948 in
1701 1893 1924 1949 Christo
1955 1901 2067 1948 sta-

490 1994 728 2048 tuemus,
759 1984 1028 2050 dicentes,
1060 1986 1213 2040 omni
1239 1987 1481 2057 cogitato
1519 1988 1866 2042 inaccessum
1893 1995 1954 2041 et
1979 2003 2066 2042 ra-

492 2075 942 2133 tiocinationibus
968 2076 1456 2148 indemonstrabile
1474 2077 1718 2132 Verbum
1748 2093 1891 2132 esse.
1907 2075 2068 2132 Com-'-
2090 2130 2094 2134 .

489 2168 749 2224 munibus
775 2169 921 2225 enim
963 2170 1334 2225 intellectibus
1373 2169 1703 2247 impervium
1733 2168 2066 2240 prodigium,

487 2267 546 2314 et
589 2275 757 2330 supra
793 2263 1063 2317 naturalia
1093 2262 1358 2333 positum,
1390 2263 1798 2334 inintelligibile
1843 2271 1947 2318 est.
1990 2262 2070 2318 Ex

489 2353 818 2408 necessitate
861 2369 994 2425 ergo
1022 2354 1112 2409 vel
1141 2354 1390 2425 ejusdem
1434 2355 1630 2410 formae
1669 2364 1841 2426 atque
1877 2371 2070 2413 omnes

490 2451 548 2498 et
573 2443 706 2499 illud
746 2444 1080 2500 indivisibile
1113 2461 1236 2501 esse
1259 2446 1601 2511 concedetis,
1626 2455 1684 2502 et
1707 2463 1828 2517 qua:
1859 2447 1921 2501 in
1947 2463 2069 2502 om-

492 2535 658 2589 nibus
687 2535 834 2606 viget
867 2545 923 2591 et
951 2537 1007 2592 in
1039 2537 1134 2592 illo
1179 2537 1451 2593 rationem
1484 2538 1764 2609 quaeretis,
1799 2539 1884 2594 vel
1920 2540 2069 2595 absi-

493 2627 705 2681 milium
738 2629 938 2683 rationi
967 2629 1186 2685 demum
1215 2639 1271 2685 et
1300 2630 1434 2686 illud
1478 2647 1698 2702 quoque
1739 2648 1852 2687 non
1892 2633 2070 2704 subji-

493 2718 686 2782 cietis;
723 2731 778 2776 et
816 2722 934 2776 haec
970 2723 1046 2776 ita
1079 2723 1327 2792 quidem.
1360 2722 1628 2779 Caeterum
1658 2734 1843 2780 autem
1869 2727 2074 2782 nihilo-

493 2811 696 2878 minus,
729 2813 1084 2868 indivisibilia
1129 2831 1161 2870 a
1209 2816 1366 2870 vobis
1404 2817 1745 2874 ostendenda
1779 2827 1911 2877 sunt
1950 2836 2074 2891 quae

492 2921 672 2976 neque
725 2908 891 2964 unius
935 2907 1261 2979 simpliciter
1293 2909 1406 2965 sint
1457 2911 1692 2980 speciei,
1739 2927 1921 2983 neque
1955 2907 2073 2969 sub

492 3015 604 3054 una
641 3008 852 3055 tantum
882 3003 1084 3072 specie,
1121 3002 1218 3058 sed
1246 3003 1352 3058 sub
1392 2999 1637 3062 diversas
1669 3007 1882 3077 species
1908 3009 2074 3064 indu-

494 3101 709 3147 cantur.
737 3092 956 3148 Etenim
984 3093 1373 3163 phasianarum
1403 3095 1587 3150 avium
1618 3104 1674 3152 et
1714 3098 1907 3154 talium
1931 3100 2076 3156 indi-

495 3183 715 3240 visibile
755 3185 1053 3256 singulare,
1083 3201 1261 3258 neque
1292 3188 1459 3243 unius
1498 3188 1705 3258 speciei
1734 3189 1844 3245 diei
1873 3199 2072 3261 potest,

2171 691 2396 758 αὐτοὺς,
2439 690 2518 756 ὡς
2564 694 2675 746 πᾶν
2710 694 2938 765 ἄτομον,
2965 695 3105 768 ὅπερ
3153 696 3188 764 ἢ
3241 697 3514 766 μονοειδές
3543 699 3770 770 ἐστινῇ

2173 784 2285 837 ὑπὸ
2307 779 2446 849 εἶδος
2475 784 2540 838 ἓν
2556 801 2614 838 τι
2639 785 2904 841 τέτακται
2931 788 3116 858 μόνον,
3139 788 3405 860 οὐδεμίαν
3424 787 3540 859 ἔχει
3572 805 3775 843 urvo-

2171 876 2338 947 τέραν
2364 876 2516 948 παρὰ
2547 877 2724 932 πάντα
2754 878 2825 932 τὰ
2849 879 2977 932 ὄντα
3007 880 3225 950 φύσεων
3251 881 3446 936 ἕνωσιν
3473 883 3532 935 ἑν
3554 881 3771 954 saucii:-

2171 970 2220 1022 εί
2258 964 2353 1022 οὗν
2374 969 2467 1022 καὶ
2492 969 2609 1023 τόδε
2634 969 2698 1024 τὸ
2722 970 2946 1043 ἄτομον,
2973 970 3215 1042 Χριστοῦ
3240 973 3408 1043 ἡγουν
3443 972 3768 1043 πρόσωπον,

2171 1059 2340 1121 ὅντως
2369 1062 2547 1116 κοινόν
2583 1079 2636 1116 τι
2658 1063 2752 1116 καὶ
2784 1062 2843 1116 ἓν
2876 1063 2986 1118 τῶν
3031 1062 3243 1116 πολλῶν
3277 1064 3394 1117 ἴστε
3421 1063 3624 1117 ἕνωσιν
3663 1065 3769 1133 φύ-

2174 1169 2314 1208 σεων
2361 1155 2419 1208 ἐν
2466 1151 2616 1226 αὐτῷ
2655 1154 2974 1225 καινοτέραν
3005 1137 3128 1209 ὀὐκ
3156 1155 3383 1222 εἰδότες,
3422 1155 3609 1219 καλῶς
3642 1172 3769 1208 συν-

2125 1243 2136 1252 ’
2172 1245 2510 1315 ελογίσασθε·
2539 1250 2594 1302 εί
2621 1246 2678 1301 δὲ
2711 1249 2864 1320 παρὰ
2888 1248 3065 1302 πάντα
3083 1248 3303 1302 τὰόντα
3321 1246 3578 1318 γενέσθαι
3606 1250 3672 1302 ὲν
3689 1247 3768 1319 τῷ

2171 1337 2380 1411 Μεσίτῃ
2446 1337 2584 1394 Θεοῦ
2633 1339 2728 1394 καί
2773 1339 3078 1411 ἀνθρώπιον
3136 1340 3332 1395 ἕνωσιν
3393 1339 3622 1410 ιρύσεων
3670 1342 3767 1395 καὶ

2173 1430 2333 1502 ὑμεῖς
2381 1431 2798 1503 ὡμολογήσατε,
2829 1430 3057 1487 αὐτόθεν
3107 1433 3270 1488 τοῦτο
3320 1435 3462 1507 ὅπερ
3518 1435 3762 1495 διδόατε,

2172 1522 2336 1578 πάλιν
2369 1524 2595 1588 ἑαυτούς
2643 1526 2941 1596 ἀναιρεῖτε,
2973 1511 3116 1582 κατά
3157 1542 3210 1580 τι
3251 1525 3366 1580 τῶν
3391 1529 3452 1580 ἐν
3481 1527 3564 1597 τῷ
3595 1538 3763 1580 παντὶ

2169 1618 2408 1689 ἀτόμων,
2443 1619 2538 1673 καὶ
2584 1618 2741 1672 τοῦτο
2789 1616 3151 1688 γινώσκοντες
3182 1615 3344 1674 εἶναι.
3380 1621 3600 1682 Ἄλλως
3631 1619 3764 1688 γοῦν

2170 1711 2330 1780 ἡμεῖς
2353 1709 2480 1778 ὑμῖν
2506 1709 2568 1763 τὸ
2591 1709 2985 1780 ἀσυλλόγιστον
3008 1711 3208 1782 μᾶλλον
3235 1713 3332 1764 ἐπὶ
3361 1710 3610 1782 Χριστοῦ
3640 1712 3763 1766 συλ-

2169 1800 2504 1871 λογισάμεθα
2529 1801 2803 1871 λέγοντες,
2835 1803 2912 1867 ὡς
2954 1804 3155 1868 παντὸς
3197 1805 3511 1875 παραδόξου
3544 1806 3760 1876 ἀπρόσο

2100 1945 2143 2000 Β
2169 1892 2284 1956 ιτός
2336 1909 2398 1946 τε
2468 1894 2564 1948 καὶ
2604 1893 2987 1964 συλλογισμοῖς
3038 1893 3423 1959 ἀναπόδεικτος
3477 1898 3509 1950 ὁ
3564 1897 3756 1965 Λόγος.

2171 1985 2384 2040 Κοινῶν
2407 1985 2518 2056 γὰρ
2549 1985 2770 2042 ἐννοιῶν
2797 1986 3002 2057 ἀπορον
3032 1987 3095 2040 τὸ
3131 1987 3358 2042 σπάνιον
3387 1987 3487 2042 καὶ
3508 1990 3764 2056 φυσικοῖς

2168 2076 2229 2131 τὸ
2250 2077 2557 2148 ὑπερφυὲς,
2571 2078 2968 2149 ἀπερίληπτον.
2999 2077 3090 2143 Ἐξ
3120 2079 3368 2153 ἀνάγκης
3389 2079 3488 2134 οὖν
3508 2081 3545 2151 ἢ
3573 2081 3760 2151 agme-

2169 2186 2372 2241 τροπον
2428 2171 2566 2224 πᾶσι
2597 2171 2692 2225 καὶ
2736 2171 2856 2226 τόδε
2905 2172 3107 2242 ἄτομον
3158 2172 3398 2236 δώσετε,
3443 2175 3544 2227 καὶ
3579 2173 3674 2226 τὸν
3705 2175 3761 2227 ιν

2171 2267 2311 2317 πᾶσι
2339 2263 2496 2332 λόγον
2520 2265 2618 2318 καὶ
2641 2263 2730 2317 ἐπ’
2753 2262 2905 2336 αὐτῷ
2945 2259 3360 2338 ἐκζητήσετςῆ
3397 2264 3554 2338 παρὰ
3585 2265 3760 2320 πάντα

2169 2355 2237 2410 τὰ
2273 2355 2402 2411 ὄντα
2433 2342 2614 2427 ἄτομα
2641 2355 2798 2410 τοῦτο
2846 2334 3319 2428 συγκεκροτῆσθαι
3350 2334 3616 2426 -φυσικῶς
3645 2357 3762 2412 tm-

2170 2445 2488 2512 νεύσαντες,
2511 2445 2589 2517 τῷ
2622 2445 2732 2502 τῶν
2761 2446 3032 2518 ἀνομοίων
3083 2445 3229 2518 λόγῳ
3269 2447 3605 2503 λοιπδν’καὶ
3647 2448 3761 2503 τόδε

2170 2539 2267 2609 οὐχ
2315 2538 2657 2592 ὑποϐαλεῖτε.
2705 2540 2816 2593 Καὶ
2866 2538 3039 2601 οὕτως
3069 2539 3167 2610 μὲν
3193 2540 3344 2594 τάδε.
3384 2541 3759 2613 Ἐκ,περιου-

2173 2632 2295 2695 σίας
2323 2631 2380 2684 δὲ
2424 2632 2596 2701 ὅμως,
2651 2631 2745 2685 καὶ
2789 2630 2970 2700 ἄτομα
2997 2631 3144 2696 ἔστιν
3188 2631 3318 2702 ὑμῖν
3350 2632 3526 2700 δεῖξαι
3567 2633 3606 2687 ἀ
3642 2632 3760 2706 obes

2175 2725 2423 2798 μονοειδῆ
2455 2710 2616 2778 ἐστιν’
2635 2722 2822 2788 ἁπλῶς
2853 2721 2980 2777 οὔτε
3021 2723 3127 2778 ὑπὸ
3165 2724 3224 2776 ἓν
3253 2725 3414 2796 μόνον
3450 2721 3624 2790 εΜ,
3652 2725 3761 2780 ἀλλ’

2173 2817 2280 2872 ὑπὸ
2307 2817 2541 2888 διάφορα
2587 2815 2708 2887 εῐδη
2750 2816 3034 2884 ἀνάγεται.
3065 2814 3196 2870 Τῶν
3232 2816 3344 2888 γὰρ
3372 2817 3763 2888 δρνιθοφασια-

2173 2909 2288 2964 νῶν
2311 2910 2408 2963 καὶ
2434 2905 2655 2962 τοιῶνδε
2681 2906 2748 2961 τὸ
2780 2907 3098 2962 καθέκαστα
3125 2906 3349 2979 ἄτομον,
3379 2907 3507 2962 οὔτε
3549 2926 3759 2978 μονοει-

2173 3003 2262 3066 δές
2289 3020 2342 3057 τι
2373 3001 2524 3056 ἔστιν
2549 3002 2746 3064 εἰπεῖν,
2781 2999 2906 3055 οὕτε
2948 3000 3055 3054 ὑπὸ
3087 2999 3148 3053 ἒν
3187 3017 3242 3054 τι
3276 2997 3417 3065 εἶδος
3444 3017 3460 3032 ·
3491 2999 3630 3055 οὔτε
3659 3001 3764 3072 γὰρ

2173 3099 2296 3160 τοῖς
2327 3095 2610 3166 καθαροῖς,
2640 3093 2769 3148 οὔτε
2811 3094 2934 3158 τοϊς
2983 3093 3314 3166 ἀκαθάρτοις
3365 3094 3573 3149 επεσιν
3621 3094 3763 3148 ἐντέ-

2176 3190 2376 3243 τακταί
2409 3203 2509 3259 πηο
2541 3188 2635 3241 καὶ¹
2659 3186 2860 3246 ἄλλως⁸
2890 3187 3010 3241 Πᾶν
3034 3183 3176 3250 εἶδος
3211 3187 3271 3240 ὲν
3307 3185 3488 3257 ἑαυτῷ
3529 3187 3633 3242 καὶ
3668 3186 3763 3240 οὐκ

495 3293 676 3348 neque
708 3277 812 3334 sub
857 3294 966 3334 una
1012 3279 1232 3348 specie;
1262 3294 1446 3349 neque
1488 3281 1709 3336 mundis
1743 3297 1924 3352 neque
1972 3283 2078 3336 im-

2185 3283 2244 3335 ὲν
2284 3281 2499 3352 ἑτέροις
2529 3280 2730 3347 εἴδεσιν
2765 3280 3092 3351 ύιρέσιιτινγκεν⁸
3126 3279 3306 3350 τούτῳ
3353 3279 3410 3334 δὲ
3457 3279 3594 3333 καθ’
3633 3277 3761 3332 6:6-

496 3371 718 3426 mundis
767 3372 1059 3442 speciebus
1107 3380 1532 3427 annumeratum
1579 3381 1666 3427 est
1711 3389 1964 3444 usquam.
2011 3375 2080 3430 Et

497 3463 606 3517 alio
641 3462 803 3518 modo
836 3480 849 3516 :
876 3461 1068 3518 Omnis
1101 3463 1316 3532 species
1345 3463 1402 3517 in
1428 3478 1487 3518 se
1515 3460 1693 3534 neque
1723 3465 1780 3519 in
1806 3465 1929 3520 aliis
1952 3481 2080 3535 spe-

471 3555 691 3609 .ciebus
731 3553 1020 3632 subsistit;
1054 3554 1182 3610 ideo
1225 3555 1272 3610 si
1318 3555 1623 3610 secundum
1666 3555 2080 3612 subsistentiam

497 3646 749 3702 aufertur
786 3647 1066 3717 phasiana:
1107 3647 1226 3702 avis
1269 3648 1505 3717 species,
1536 3647 1701 3703 simul
1742 3657 1800 3705 et
1832 3649 2083 3704 aufertur

500 3739 904 3810 compositum;
936 3747 1085 3810 patet
1131 3739 1320 3811 igitur,
1367 3740 1724 3796 indivisibilia
1754 3756 1876 3798 esse
1909 3742 2082 3814 magis

498 3842 785 3898 extranea,
821 3849 991 3888 unum
1029 3842 1087 3890 et
1127 3833 1285 3904 plura
1325 3833 1550 3900 similia,
1579 3849 1705 3890 cum
1747 3834 1959 3906 species
1987 3851 2110 3913 na-.

502 3927 699 3981 turalis
725 3935 989 3981 extranea
1011 3927 1182 3998 magis
1220 3927 1272 3982 in
1309 3927 1419 3982 illis
1454 3943 1566 3983 non
1601 3927 1882 3984 subsistat.
1910 3929 1971 3983 1n
1996 3927 2083 3983 his

501 4024 686 4071 autem
715 4017 884 4089 virgae
914 4019 1160 4073 Mosaira:
1193 4019 1248 4073 iu
1271 4028 1585 4090 serpentem
1617 4035 1914 4084 conversae,
1950 4019 2085 4090 quid

503 4107 840 4164 indivisibile
891 4109 1060 4166 fuisse
1108 4110 1394 4173 dixeritis,
1443 4110 1752 4166 audiemus.
1799 4110 2084 4181 Siquidem

503 4203 650 4257 enim
696 4203 863 4258 unius
912 4203 1137 4272 speciei,
1188 4203 1367 4274 qualis
1398 4202 1502 4258 fuit
1554 4203 1650 4258 illa
1704 4204 1869 4259 unius
1916 4204 2086 4275 virga:

470 4338 474 4341 .
505 4296 738 4365 species,
769 4311 892 4365 quae
918 4311 1097 4364 neque
1123 4295 1293 4364 virga,
1324 4310 1504 4365 neque
1537 4311 1765 4366 serpens
1789 4297 1956 4352 statui
1984 4303 2087 4366 po-

508 4388 651 4443 test?
677 4387 735 4443 Si
760 4403 893 4443 vero
927 4387 1031 4442 sub
1051 4402 1157 4440 una
1181 4391 1393 4440 tantum
1423 4387 1627 4456 specie,
1653 4388 1831 4457 qualis
1852 4399 1936 4444 est
1962 4389 2087 4445 illa?

507 4480 680 4548 Quam
711 4481 860 4536 enim
901 4481 1074 4536 solam
1105 4479 1376 4546 dixeritis,
1417 4480 1649 4536 alteram
1692 4479 2088 4551 disperdidisse

506 4573 925 4630 convincimini.
957 4573 1120 4644 Ergo,
1158 4587 1268 4628 non
1298 4573 1552 4629 mosaica:
1580 4573 1748 4644 virgae
1789 4591 1887 4645 par
1931 4575 2087 4630 vobis

2182 3389 2374 3425 στασιν
2395 3371 2779 3440 ἀναιρεθέντος
2814 3368 2914 3423 τοῦ
2941 3369 3276 3439 φασιανικοῦ
3292 3371 3537 3441 δρνιθίοιι
3568 3371 3761 3453 εἰδούς.

2182 3465 2586 3534 συναναιρεῖται
2617 3463 2718 3517 καὶ
2758 3463 2801 3532 ἡ,
2846 3462 3135 3527 σύστασιςο
3195 3461 3346 3516 ἐστιν
3391 3461 3504 3533 ἀρα
3550 3462 3759 3532 σαφῶς,

2180 3555 2361 3625 ἀτομα
2387 3553 2486 3624 μὲν
2513 3549 2656 3608 εἶναι
2679 3553 3001 3624 καινότερα,
3017 3554 3078 3606 ἐν
3106 3569 3169 3607 τε
3198 3553 3293 3607 καὶ
3319 3537 3546 3614 πλείονα
3583 3554 3759 3626 ὃμοια,

2181 3645 2352 3710 είδους
2381 3644 2615 3715 φυσικοῦ
2644 3645 2962 3717 καινοτέρου
2995 3648 3055 3701 ἑν
3103 3645 3290 3710 αὐτοῖς
3319 3644 3398 3718 μὴ
3428 3645 3760 3715 συνισταμέ-

2181 3755 2294 3793 νουο
2319 3737 2414 3792 ἐπὶ
2443 3739 2658 3802 τούτοις
2685 3737 2744 3792 δὲ
2776 3738 2874 3794 καὶ
2918 3738 3022 3808 τῆς
3058 3738 3535 3811 δρακοντουμένης
3568 3738 3760 3811 ῥάϐδον

2183 3831 2508 3902 Μωσαῖκῆς,
2535 3829 2590 3885 τί
2621 3847 2760 3902 φατε
2804 3830 2865 3885 τὸ
2889 3829 3120 3901 ἀτομον,
3150 3830 3530 3901 ἀκουσόμεθαο
3564 3834 3618 3886 εί
3667 3831 3757 3903 μὲν

2182 3924 2293 3996 γὰρ
2333 3924 2608 3994 μονοειδές
2633 3941 2718 3992 τε,
2753 3924 2846 3979 καὶ
2869 3925 3023 3978 ποῖον
3055 3923 3175 3980 τάδε
3218 3923 3282 3979 τὸ
3310 3923 3430 3980 κατ’
3462 3925 3642 3997 αὐτὴν
3667 3925 3757 3996 μό·

2183 4034 2283 4088 νην
2313 4012 2473 4082 εἶδος,
2500 4016 2530 4070 ὃ
2555 4016 2700 4088 μήτε
2721 4015 2938 4086 ῥάϐδος.
2989 4013 3129 4088 μήτε
3172 4014 3390 4085 δράκων
3412 4015 3655 4087 ὁρίζοιτο
3675 4033 3692 4083 ;
3715 4017 3760 4072 εί

2181 4111 2238 4165 δὲ
2269 4109 2374 4165 ὑπὸ
2396 4105 2534 4172 εἶδος
2564 4107 2624 4162 ἓν
2655 4108 2834 4177 μόνον,
2863 4109 3019 4161 ποῖον
3055 4105 3246 4173 τοῦτος
3273 4105 3302 4160 ὃ
3329 4105 3439 4180 γὰρ
3464 4089 3538 4162 ἂν
3561 4109 3759 4162 εἴποιτε

2189 4203 2372 4275 μόνον.
2432 4201 2493 4254 τὸ
2553 4199 2744 4270 ἕτερον
2781 4197 3072 4269 ἐλέγχεσθε
3124 4196 3617 4268 παραϐλάψαντες·
3644 4197 3759 4267 ’ἄρα

2183 4289 2276 4348 οὖν
2296 4293 2418 4347 οὐδὲ
2445 4292 2544 4362 τῆς
2567 4289 2871 4361 Μωσαῖκῆς
2901 4288 3099 4361 ρἀδου
3129 4283 3245 4342 ίσον
3280 4288 3410 4360 ύμῖν
3438 4289 3504 4342 τὸ
3537 4289 3642 4359 τῆς
3671 4287 3757 4341 τοῦ

2185 4384 2362 4455 Λόγου
2389 4382 2718 4456 σαρκώσεως
2743 4381 2929 4452 θαῦμα
2956 4382 3124 4446 δοκεῖ,
3152 4379 3400 4435 eiram
3426 4380 3640 4453 ταύτην
3668 4380 3759 4450 μὲν

2184 4479 2262 4543 ὡς
2289 4477 2621 4548 καινοτέραν
2652 4473 3093 4544 συλλογίζεσθαι,
3126 4473 3349 4545 ἐκείνην
3378 4473 3438 4528 δὲ
3468 4473 3596 4545 οὐχί
3617 4489 3634 4504 ο
3665 4469 3755 4543 φεῦ

2186 4571 2289 4643 τῆς
2312 4568 2598 4633 ἀσεϐείαςί
3299 4561 3308 4570 ’

508 4668 675 4724 Verbi
725 4667 1122 4723 incarnationis
1169 4665 1481 4738 prodigium
1526 4666 1780 4738 videtur,
1822 4667 1919 4724 sed
1963 4669 2087 4727 hanc
2118 4677 2438 4726 extraneam
2504 4661 2678 4734 magis
2739 4659 2910 4716 misse
2936 4657 3291 4716 statuendum
3322 4665 3429 4724 est,
3455 4655 3609 4712 illam
3641 4667 3757 4711 vero

508 4759 755 4817 minime.
784 4758 829 4815 0
860 4759 1229 4830 impietatem!

1087 4900 1238 4957 CAP.
1277 4899 1512 4966 XLVIII.

579 5037 637 5095 Si
663 5037 802 5109 ipse,
834 5036 1113 5108 inquiunt,
1148 5035 1386 5113 seipsum
1427 5033 1700 5090 suscitans
1723 5042 1808 5090 est
1837 5033 2092 5091 Christus

507 5143 542 5183 c
587 5121 854 5191 mortuis',
903 5137 960 5181 et
1009 5125 1343 5193 suscitatus,
1397 5133 1616 5196 oportet
1664 5125 1819 5180 illum
1859 5125 2089 5182 dicere:

515 5237 538 5269 ι
574 5218 783 5273 Solvite
826 5219 1091 5288 templum
1138 5217 1308 5282 istud,
1340 5225 1396 5272 et
1429 5216 1486 5271 in
1525 5217 1700 5272 tribus
1725 5216 1924 5272 diebus
1954 5233 2090 5273 rere-

508 5308 844 5365 diﬁcabo"?
873 5329 891 5361 )
921 5310 1064 5377 Quid
1094 5325 1226 5382 ergo
1258 5325 1368 5364 non
1401 5309 1740 5365 contrarium
1775 5318 2088 5376 cernentes,

511 5400 738 5455 unoculi
780 5400 1036 5470 pietatem
1082 5401 1383 5470 perfectam
1435 5401 1814 5471 praetenditis?
1848 5401 1894 5456 si
1943 5401 2090 5456 enim

510 5491 653 5550 alius
696 5493 937 5548 solutum
983 5494 1299 5560 reaediticat,
1325 5493 1475 5564 quod
1505 5509 1572 5548 ex
1597 5503 1752 5563 parte
1794 5502 1933 5559 erat,
1964 5509 2092 5549 cor-

513 5595 648 5651 pore
675 5579 888 5637 scilicet
916 5595 1040 5648 suo,
1068 5583 1163 5652 qui
1206 5583 1342 5638 istos
1369 5581 1774 5653 alloquebatur,
1803 5584 2094 5655 oportebat

510 5675 725 5742 dicere.
757 5675 969 5734 Solvite
1011 5677 1280 5748 templum
1299 5678 1447 5734 istud
1483 5678 1560 5753 (id
1605 5687 1691 5737 est
1733 5694 1938 5750 corpus
1973 5679 2094 5752 ejus

509 5772 858 5847 evidenter),
889 5783 948 5831 et
988 5773 1046 5830 in
1088 5773 1272 5832 tribus
1309 5774 1511 5835 diebus
1559 5775 1898 5836 restant-abit
1931 5775 2091 5842 illud,

587 5931 632 5963 ³⁸
660 5931 822 5990 Joan.
854 5949 912 6002 ιι,
947 5934 1031 5992 l9.

2758 4893 3016 4948 ΚΕΦΑΛ.
3060 4891 3209 4946 MH'.

2266 5034 2330 5088 ΕΞ
2381 5031 2563 5096 αὐτὸς,
2589 5029 2776 5100 φησιν,
2802 5030 2832 5083 ὁ
2860 5029 3053 5082 ἑαυτον
3083 5025 3304 5095 ἐγείρας
3326 5023 3568 5096 Χριστδς
3598 5023 3662 5078 ὲκ
3684 5038 3757 5076 νε·

2194 5126 2368 5199 κρῶν,
2392 5125 2487 5198 καὶ
2521 5123 2785 5194 ὲγερθεὶς,
2809 5122 2918 5174 ἔδει
2951 5119 3119 5201 αὐτὸν
3148 5119 3346 5173 εἰπεῖν’
3382 5134 3402 5172 ι
3437 5117 3652 5171 Λύσατε
3677 5115 3756 5169 τὸν

2195 5221 2328 5275 ναὸν
2359 5217 2571 5283 τοῦτον,
2603 5216 2699 5270 καὶ
2723 5217 2780 5270 ὲν
2802 5216 3044 5287 ἡμέραις
3089 5215 3272 5282 τρισὶν
3299 5214 3706 5287 ἑγερθήσομαις
3733 5228 3750 5262 ι

2197 5312 2263 5366 τί
2288 5311 2345 5365 δὲ
2377 5309 2471 5363 οὖν
2519 5308 2598 5380 μὴ
2642 5309 2738 5362 καὶ
2765 5308 3076 5362 τούναντίον
3118 5307 3452 5370 σκοποῦντες
3482 5307 3754 5378 ἠμξτληνοι

2197 5403 2296 5473 τὴν
2327 5400 2605 5455 εὐσέϐειαν
2629 5398 2856 5462 ἐντελῶς
2884 5397 3300 5466 καταυγάζεσθε
3322 5413 3339 5463 ;
3371 5397 3422 5449 εί
3448 5397 3562 5467 γὰρ
3584 5397 3754 5465 ἔτερος

2197 5495 2391 5566 ἀνιστᾷ
2419 5493 2509 5547 τὸν
2540 5491 2824 5561 λυόμενον,
2858 5489 2916 5555 ὃς
2943 5485 3015 5561 ἦν
3045 5488 3155 5546 ἀπὸ
3201 5490 3424 5560 μέρους,
3467 5489 3638 5559 ἤγουν
3673 5481 3754 5537 τοῦ

2201 5589 2454 5660 σώματος
2508 5587 2698 5654 αὐτοῦ,
2749 5587 2786 5640 ὁ
2829 5583 3356 5657 προσδιαλεγόμενος
3413 5582 3599 5645 αὐτοῖς
3621 5577 3754 5643 ,ἔδει

2201 5685 2402 5746 εἰπεῖν,
2425 5681 2637 5736 Λύσατε
2663 5680 2753 5735 τὸν
2777 5679 2904 5738 ναὸν
2927 5677 3137 5743 τοῦτον,
3160 5677 3329 5749 ήγουν
3344 5673 3406 5728 τὸ
3430 5673 3592 5758 σῶμα
3614 5665 3755 5727 αὑτοῦ

2201 5772 2510 5840 δεικτικῶς,
2547 5773 2642 5829 καὶ
2674 5773 2732 5828 ἐν
2762 5771 2939 5846 τρισὶν
2970 5770 3211 5844 ἡμέραις
3237 5769 3422 5839 εγερεῖ
3465 5759 3700 5831 αὐτὸν,ῆ
3730 5757 3754 5810 6
