4042 6522
499 418 636 484 1603

1746 401 2058 464 LEONTII
2092 397 2494 460 ΒΥΖΑΝΤΙΝῘ

3513 434 3518 438 ι
3631 389 3762 452 lim

515 623 3748 680 MM

1845 793 2216 887 ΛΟΓΟΣ
2285 780 2399 878 Γ’.

767 994 974 1060 τρίτης
1000 988 1282 1054 ἀσεϐείας
1309 983 1510 1040 αὐτῶν
1532 985 1786 1054 ἔλεγχος
1810 981 1922 1036 δύο
1950 977 2122 1044 υἱοὺς
2149 975 2372 1031 εἰδέναι
2400 971 2553 1031 κατὰ
2590 971 2706 1042 τὴν
2732 971 3084 1042 οἰκονομίαν
3099 963 3526 1037 βουλομένων.

1817 1284 2201 1388 LIBER
2312 1279 2489 1390 Ill.

757 1501 940 1554 Tertia:
983 1500 1269 1568 impietatis
1301 1503 1893 1567 argnmentumleornm
1928 1491 2020 1562 qui
2049 1490 2178 1543 duos
2212 1505 2322 1544 esse
2353 1489 2496 1559 apud
2523 1488 2944 1543 incarnationem
2977 1484 3119 1554 ﬁlios
3145 1483 3322 1539 videre
3351 1481 3556 1538 volunt.

1012 1793 1242 1860 CAPUT
1279 1792 1569 1848 PRIMUM.
1692 1851 1699 1857 ,

579 1888 637 1946 Si
655 1890 827 1944 Deum
848 1888 1087 1944 Verbum
1143 1886 1480 1954 semiﬁlium,
1504 1886 1784 1956 inquiunt,
1801 1895 1858 1940 et
1879 1884 2091 1940 incom-

507 1983 716 2052 pletum
751 1989 812 2036 ut
841 1980 913 2036 sit
942 1980 1116 2036 Filius
1144 1995 1254 2034 non
1285 1979 1640 2046 existimetis,
1671 1987 1729 2034 et
1753 1977 1938 2033 adhuc
1963 1993 2088 2032 car-

507 2088 635 2128 nem
669 2088 835 2143 quam
867 2088 936 2126 ex
965 2071 1130 2126 nobis
1176 2071 1355 2126 vivam
1408 2069 1710 2141 assumpsit
1736 2065 2090 2139 inexpletam

511 2173 574 2219 ut
618 2153 692 2219 sit
743 2163 862 2233 ipsa
908 2163 1082 2218 Filius
1123 2176 1235 2217 non
1287 2161 1533 2232 putetis,
1577 2159 1856 2230 quomodo
1905 2158 2092 2214 dicitis

512 2263 730 2310 tantum
766 2270 937 2308 unum
969 2253 1166 2308 Filium
1218 2268 1319 2323 per
1367 2250 1826 2322 compositionem
1867 2264 1935 2304 ex
1971 2249 2093 2304 istis

499 2347 732 2405 duobus
775 2345 1006 2414 perﬁci?
1036 2345 1176 2400 lllud
1223 2344 1374 2400 enim
1423 2343 1583 2414 quasi
1636 2341 1848 2407 deﬁcit,
1888 2342 2093 2412 quippe

510 2448 812 2508 utrumque
840 2437 911 2492 ad
946 2439 1051 2492 hoc
1076 2436 1325 2492 conferat
1347 2446 1408 2491 ut
1441 2437 1514 2492 sit
1538 2436 1750 2502 Filius;
1779 2445 1837 2492 et
1861 2435 1935 2492 ita
1959 2436 2094 2492 Ver-

513 2531 644 2586 bum
671 2544 839 2584 carne
869 2529 1214 2600 compleatur
1235 2539 1298 2583 ut
1324 2528 1396 2585 sit
1429 2528 1623 2594 Filius,
1654 2537 1711 2584 et
1751 2527 1994 2585 Verbum
2026 2543 2092 2601 ea

513 2639 573 2677 re
621 2637 791 2677 carne
834 2623 1143 2691 compleat;
1194 2621 1319 2677 ideo
1367 2621 1553 2678 Verbo
1597 2636 1784 2687 carne,
1837 2628 1896 2676 et
1936 2619 2093 2675 carni

511 2713 696 2770 Verbo
729 2712 798 2766 ad
847 2711 903 2766 id
949 2726 1091 2781 opus
1140 2726 1285 2778 esse,
1317 2710 1576 2768 similiter
1620 2709 2094 2780 exponitiszpars

513 2808 664 2862 enim
689 2823 719 2860 a
742 2814 921 2876 parte,
949 2813 1011 2859 ut
1035 2819 1183 2875 pars,
1212 2803 1350 2858 nihil
1383 2803 1570 2859 diﬁert
1601 2819 1615 2855 :
1651 2802 1818 2874 igitur
1841 2818 1964 2873 qua:
1984 2801 2092 2857 sibi

513 2900 802 2971 aequaliter
855 2907 1110 2954 mutuum
1161 2899 1453 2955 manifeste
1504 2899 1624 2968 ipsa
1677 2897 1984 2968 eademque
2032 2911 2094 2952 rc

514 3001 780 3064 pratstant
799 3001 970 3062 ‘opus,
1007 2990 1167 3046 vobis
1193 2991 1311 3061 pari
1341 2991 1558 3046 honore
1589 2997 1718 3046 sunt
1743 2990 2019 3046 habenda.

587 3085 696 3140 Sed
731 3085 974 3140 Verbum
1007 3098 1129 3139 esse
1156 3084 1554 3154 incompletum
1582 3093 1645 3139 ut
1683 3083 1758 3138 sit
1786 3083 1962 3139 Filius
1993 3083 2091 3140 Dei

2113 1789 2166 1850 A

2593 1786 3011 1842 ’ΚΕΦΛΛΑΙΟΝ
3049 1786 3349 1842 ΠΡΩΤΟΝ.

2267 1878 2334 1932 Εἰ
2385 1877 2461 1950 μὴ
2498 1877 2771 1945 τὸν,Θεὸν
2824 1879 2998 1946 Λόγον
3049 1877 3270 1948 ἡμιυιὺν
3311 1877 3448 1940 ῖστε,
3491 1892 3647 1946 φασι,
3681 1883 3773 1932 και

2197 1971 2364 2040 ἀτελῆ
2405 1971 2546 2041 «pb‘;
2589 1971 2650 2025 τὸ
2694 1968 2834 2025 εἷναι
2875 1971 3032 2039 Υἰὸν,
3056 1970 3136 2024 ἔτι
3171 1970 3228 2024 δὲ
3256 1971 3353 2025 καὶ
3397 1968 3498 2041 τὴν
3531 1969 3593 2034 ἐξ
3617 1971 3768 2042 ημῶν

2196 2063 2444 2136 ἔμψυχον
2472 2063 2650 2137 σάρκα
2681 2065 2732 2118 εἰ
2767 2063 2844 2136 μὴ
2868 2063 3005 2135 «pb;
3035 2063 3098 2118 τδ
3134 2057 3272 2118 εἶναι
3303 2063 3433 2118 Υἱδν
3453 2062 3779 2135 ἀπλήρωτον

2198 2158 2470 2228 νομίζετε,
2511 2158 2630 2223 πῶς
2669 2159 2814 2214 κατά
2859 2158 3109 2214 σύνθεσιν
3151 2159 3210 2224 ἐξ
3239 2160 3446 2229 ἀμφοῖν
3473 2158 3644 2213 τῶνδε
3682 2157 3780 2212 ἕνα

2199 2249 2328 2304 Υἱὺν
2349 2249 2732 2306 ἀποτελεῖσθαι
2757 2269 2894 2322 φατε
2921 2253 3083 2317 μόνον
3105 2268 3120 2318 ;
3140 2252 3236 2306 τοῦ
3247 2269 3301 2306 το
3315 2251 3426 2324 γὰρ
3448 2252 3526 2316 ὡς
3538 2251 3780 2315 ἐλλιπὲς.

2199 2340 2354 2405 ὄντος
2400 2342 2667 2414 ἑκατέρου
2710 2342 2847 2414 πρὸς
2879 2343 2938 2398 τὸ
2966 2337 3108 2397 εῖναι
3134 2341 3283 2408 Υἱδν,
3321 2343 3548 2413 ὁρᾶταιο
3579 2342 3677 2396 καὶ
3706 2340 3784 2406 ὡς

2197 2433 2577 2499 τελειωθέντος
2623 2433 2719 2489 τοῦ
2749 2452 2810 2489 τε
2835 2435 3012 2505 Λόγου
3064 2435 3171 2489 ὑπὸ
3221 2435 3325 2507 τῆς
3363 2434 3570 2506 σαρκὸς
3608 2437 3692 2499 εἱς
3721 2435 3786 2488 τὺ
3833 2466 3838 2470 -

2199 2522 2339 2581 εἶναι
2371 2527 2523 2594 Υἱδν,
2556 2530 2650 2582 καὶ
2691 2527 3083 2593 τελειώσαντος
3118 2528 3217 2582 καὶ
3260 2526 3432 2584 αὐτοῦ
3459 2508 3674 2599 ταύτην
3701 2530 3784 2594 εἰς

2197 2620 2352 2675 τόδε·
2382 2621 2464 2675 διὸ
2489 2623 2584 2676 καὶ
2613 2621 2870 2692 δεόμενον
2894 2621 3068 2693 αὐτῆς
3105 2621 3242 2695 πρὸς
3277 2621 3418 2688 τόδε,
3449 2621 3549 2677 καὶ
3587 2623 3784 2695 δεομέ-

2199 2726 2300 2781 νην
2346 2710 2512 2764 αὐτοῦ
2557 2713 2638 2774 εἰς
2682 2712 2862 2776 τοῦτο,
2911 2710 3116 2782 ὁμοίως
3167 2711 3569 2783 παριστάνετεο
3613 2714 3786 2784 μέρος

2199 2803 2310 2875 γὰρ
2337 2805 2562 2876 μέρους,
2587 2803 2725 2860 καθὸ
2747 2794 2938 2876 μέρος,
2961 2804 3116 2859 οὐδὲν
3138 2804 3420 2879 διαφέρει·
3457 2804 3658 2862 οὐκοῦν
3686 2808 3788 2860 καὶ

2199 2897 2442 2970 όμότιμά
2473 2898 2622 2952 ἐστιν
2668 2898 2799 2970 ὑμῖν
2823 2897 2973 2966 τάδε,
3011 2898 3083 2954 τὰ
3123 2898 3325 2969 ἐπίσης
3352 2898 3603 2971 ἀλλήλων
3643 2899 3788 2972 πρὸς

2199 2991 2262 3044 τὸ
2287 2991 2425 3044 αὐτὸ
2455 2991 2686 3063 δεόμενα
2711 2991 2919 3061 σαφῶς.

2285 3083 2427 3139 Ἀλλ’
2454 3084 2556 3138 οὐκ
2600 3083 2767 3153 ἀτελῆ
2803 3083 2943 3157 «pb;
2985 3084 3046 3138 τὸ
3079 3079 3222 3138 εἶναι
3253 3083 3385 3138 Υἱδν
3421 3083 3560 3138 Θεοῦ
3617 3085 3789 3156 μόνον

515 3175 692 3232 solum
727 3191 838 3229 non
884 3173 1309 3230 existimamus:
1338 3173 1483 3229 absit
1517 3176 1530 3229 l
1568 3185 2006 3245 neque'carnem
2035 3183 2096 3229 ut

2200 3176 2362 3248 ῐσμεν
2390 3176 2484 3232 τὸν
2514 3176 2690 3246 Λόγον
2715 3193 2728 3209 ⁸
2764 3176 2841 3249 μὴ
2870 3177 3108 3246 γένοιτοῑ
3155 3175 3298 3231 Ἀλλ’
3329 3175 3449 3231 οὐδὲ
3473 3176 3573 3248 τὴν
3603 3180 3790 3252 σάρκα

514 3268 589 3323 sit
642 3267 789 3324 titius
839 3267 1081 3322 hominis
1129 3267 1308 3322 solum
1370 3266 1514 3322 :sed
1565 3274 1628 3320 ut
1683 3265 1837 3336 quod
1878 3274 1965 3321 est
2010 3265 2098 3320 di-

515 3357 752 3423 vinum,
799 3360 953 3430 juxta
991 3358 1271 3438 propriam
1306 3359 1708 3429 apparentiam,
1749 3357 1992 3414 hominis
2034 3359 2099 3413 ﬁ-

515 3450 626 3506 lius
650 3451 980 3515 aestimetur,
1006 3460 1062 3506 et
1081 3451 1229 3522 quod
1246 3461 1330 3507 est
1355 3452 1656 3507 humanum
1687 3450 1860 3508 Filius
1883 3451 1980 3507 Dei
2011 3451 2099 3507 vi-

519 3544 740 3610 deatur,
761 3543 1083 3609 asserimus,
1102 3552 1402 3616 utrumque
1419 3560 1676 3602 essevere
1700 3545 2095 3616 incompletqu

519 3647 578 3693 et
607 3637 828 3708 utrique
863 3639 1231 3694 necessariam
1262 3655 1386 3696 esse
1408 3640 1850 3696 .inenarrabilem
1899 3639 1955 3694 in
1996 3657 2098 3696 na-

519 3732 661 3788 turis
695 3733 975 3799 unionem,
1001 3749 1069 3788 ne
1090 3735 1217 3804 quis
1241 3735 1296 3788 in
1321 3749 1486 3789 unam
1513 3733 1878 3804 eamdemque
1904 3750 2098 3805 perso-

520 3841 649 3880 nam
695 3825 914 3881 duabus
960 3827 1428 3883 convenientibus
1475 3827 1713 3892 naturis,
1769 3827 1927 3898 cujus
1972 3836 2100 3883 sunt

521 3916 842 3978 ﬁliationes.
895 3917 1129 3973 alteram
1179 3919 1501 3974 ﬁliationem
1537 3917 1839 3990 perfectam
1870 3917 2058 3974 videre
2082 3959 2098 3982 ,

523 4008 660 4076 quin
690 4018 746 4062 ct
781 4010 1012 4064 alteram
1050 4010 1359 4081 conspiciat
1409 4020 1689 4074 naturam,
1738 4019 1797 4066 et
1840 4019 2100 4080 tanquam

524 4099 666 4152 duos
709 4099 852 4155 ﬁlios
901 4103 1275 4172 subjacentes,
1313 4102 1408 4158 sed
1443 4119 1614 4158 unum
1647 4103 1703 4157 in
1735 4102 1952 4158 duabus
1996 4118 2100 4156 na-

525 4189 666 4244 turis
695 4199 753 4244 et
787 4191 1150 4249 ﬁliationibus
1175 4193 1460 4251 Christum
1491 4196 1855 4266 contemplari
1897 4196 2098 4250 valeat.

524 4283 666 4337 Illud
725 4283 874 4339 enim
922 4285 1148 4341 unionis
1199 4287 1573 4343 inenarrabile
1623 4303 1827 4343 munus
1875 4289 2102 4345 realiter

522 4377 781 4431 exsistit:
811 4377 1087 4448 siquidem
1137 4395 1249 4435 non
1295 4371 1522 4436 nomine
1572 4389 1784 4437 tantum
1813 4381 1986 4452 ipsam
2011 4383 2101 4438 div

524 4468 665 4523 vina:
693 4469 1030 4557 ethumanae
1056 4478 1271 4527 natura:
1307 4473 1570 4528 unionem
1602 4490 1726 4532 esse
1749 4475 2007 4533 dicimus.
2040 4477 2096 4534 Si
2126 4495 2180 4557 ο

522 4559 671 4612 enim
706 4551 834 4613 ve're
862 4561 1111 4628 quredam
1136 4562 1430 4633 conjuncta
1453 4564 1566 4619 sint
1595 4565 2014 4624 immutabiliter
2041 4578 2098 4624 et

524 4648 756 4720 integre,
789 4651 975 4706 omnia
1005 4667 1128 4721 qua:
1155 4652 1224 4707 de
1257 4669 1589 4726 unoquoque
1623 4656 1911 4724 alﬁrmata,
1940 4668 1996 4714 et
2029 4659 2098 4715 de

523 4745 813 4815 utriusque
848 4747 1161 4817 composito
1208 4747 1573 4806 alﬁrmantur.
1613 4750 1751 4807 Cum
1805 4752 1976 4824 igitur
2008 4753 2099 4808 Fi-

521 4838 630 4894 lius
663 4837 762 4892 Dei
787 4846 844 4893 et
873 4837 1022 4894 ﬁlius
1047 4840 1314 4908 hominis,
1343 4843 1476 4899 licet
1525 4861 1638 4899 non
1679 4861 1780 4914 per
1825 4861 1922 4901 eos
1962 4846 2099 4900 sub-

521 4931 682 4985 sistat
730 4930 884 4996 unio,
928 4931 1040 4986 sint
1091 4935 1392 5006 conjuncti,
1443 4945 1500 4991 et
1553 4944 1728 4991 totum
1781 4952 1848 4992 ex
1895 4937 2098 4992 unione

521 5024 806 5095 proﬂuens
826 5037 912 5081 est
955 5025 1130 5082 Filius
1160 5028 1258 5083 Dei
1289 5038 1345 5083 et
1375 5029 1522 5084 ﬁlius
1557 5030 1801 5086 hominis
1829 5049 1844 5085 :
1876 5043 1934 5086 et
1968 5047 2098 5086 cum

519 5117 762 5172 Verbum
789 5127 994 5172 ctcaro
1019 5118 1073 5173 in
1096 5136 1267 5174 unum
1297 5121 1650 5189 conveniant,
1673 5122 1817 5179 idem
1831 5131 1928 5180 .est
1955 5139 2102 5178 unus

521 5209 670 5263 Deus
702 5211 984 5280 perfectus
1013 5221 1070 5266 et
1104 5213 1385 5282 perfectus
1415 5213 1583 5269 homo
1617 5234 1630 5270 :
1664 5231 1773 5270 non
1802 5215 1947 5272 enim
1994 5216 2098 5271 ali-

523 5299 656 5368 quid
688 5299 813 5354 ideo
841 5309 927 5357 est
959 5301 1289 5373 perfectum,
1334 5319 1402 5359 ex
1438 5319 1506 5358 eo
1534 5305 1682 5374 quod
1726 5320 1837 5360 non
1867 5305 2100 5375 recipiat

523 5392 692 5447 ullam
727 5395 1036 5451 secundum
1064 5395 1274 5468 aliquid
1304 5396 1456 5452 aliud
1490 5396 1909 5466 perfectionem.
1935 5397 2100 5454 Certe

523 5484 806 5555 perfectus
838 5497 957 5542 erat
990 5488 1093 5543 sub
1119 5489 1328 5543 ratione
1352 5488 1574 5561 physica
1603 5490 1843 5545 hominis
1868 5490 2103 5562 legispe-

526 5573 668 5626 ritus
707 5572 797 5642 (de
845 5589 956 5643 quo
990 5585 1180 5630 narrat
1229 5576 1634 5648 Evangelium),
1671 5584 1728 5632 et
1763 5577 1971 5647 pariter
2017 5577 2103 5631 di-

525 5660 714 5716 scebat
739 5661 924 5717 adhuc
960 5661 1307 5733 spiritualem
1359 5665 1627 5740 doctrinae
1662 5664 1869 5721 Christi
1919 5665 2101 5737 perfe-

526 5752 768 5808 ctionem
793 5771 914 5826 qua:
949 5755 1111 5811 docet
1137 5773 1152 5810 :
1189 5775 1207 5807 ι
1239 5756 1296 5811 Si
1331 5757 1416 5812 vis
1441 5757 1718 5827 perfectus
1743 5755 1888 5824 ﬁeri,
1921 5757 2099 5813 vende

525 5846 836 5915 qmchabcs
867 5858 924 5908 et
951 5848 1019 5906 da
1043 5846 1403 5920 pauperibus,
1430 5855 1487 5903 et
1515 5848 1643 5910 tolle
1670 5863 1893 5907 crucem
1917 5856 2087 5916 tuam,

2198 3265 2244 3324 ὧ
2277 3262 2446 3334 οὗτοι,
2479 3269 2616 3340 πρὸς
2637 3269 2700 3323 τὸ
2721 3264 2859 3324 εἶναι
2887 3270 3004 3324 υἱὸν
3034 3269 3324 3342 ἀνθρώπου
3352 3269 3544 3342 μόνονι
3575 3270 3661 3335 εἰς
3682 3271 3790 3342 μὲν

2197 3377 2280 3416 τοι
2303 3361 2366 3414 τὸ
2400 3361 2494 3414 καὶ
2521 3363 2582 3414 τὸ
2607 3361 2750 3415 θεῖον
2780 3362 2926 3416 κατὰ
2946 3361 3045 3434 τὴν
3063 3361 3271 3416 οἰκείαν
3298 3362 3548 3417 εὐδοκίαν
3571 3361 3790 3431 ἀνθρώ-

2200 3473 2306 3511 που
2358 3457 2476 3511 υἱὺν
2507 3453 2858 3528 δοξασθῆναι,
2893 3456 2990 3509 καὶ⁵
3020 3455 3081 3509 τδ
3122 3455 3462 3526 ἀνθρώπινον
3489 3456 3620 3510 Υιδν
3645 3456 3790 3510 Θεοῦ

2199 3547 2458 3618 φανῆναι,
2489 3546 2658 3618 ἄμφω
2687 3547 2855 3610 ὅντως
2897 3547 3076 3618 φαμὲν
3111 3546 3302 3620 ἐλλιπῆ
3345 3544 3506 3612 εἷναι,
3548 3549 3646 3603 καὶ
3673 3549 3789 3602 δεῖο

2201 3639 2328 3694 σθαι
2367 3641 2467 3709 τῆς
2507 3641 2788 3711 ἀφράστου
2819 3639 3066 3710 ἀλλήλων
3105 3639 3246 3694 κατά
3279 3639 3380 3704 τὰς
3423 3639 3621 3710 φῦσεις
3649 3641 3789 3694 ἑνώ-

2202 3751 2339 3798 σεως
2356 3750 2373 3766 ο
2402 3735 2488 3787 ἵνα
2530 3735 2590 3788 ἐν
2613 3735 2694 3788 ἑνὶ
2720 3735 2814 3788 καὶ
2839 3731 2920 3804 τῷ
2943 3731 3092 3804 αὐτῷ
3122 3733 3404 3804 προσώπῳ
3433 3735 3644 3805 ἀμφοῖν
3672 3736 3789 3789 τῶν
3873 3800 3876 3802 γ

2201 3825 2420 3896 φύσεων
2463 3825 2858 3892 συνελθουσῶν,
2887 3821 2963 3880 ὧν
2989 3828 3126 3880 εἰσιν
3149 3827 3206 3879 αἱ
3234 3827 3508 3898 υῑότητες,
3542 3827 3622 3899 μὴ
3665 3828 3783 3899 ἔχοι

2201 3935 2287 3982 τις
2322 3918 2560 3991 θατέραν
2605 3919 2820 3973 τελείαν
2855 3919 3102 3990 υἱότητα,
3132 3918 3262 3974 ἄνευ
3305 3920 3405 3990 τῆς
3447 3920 3789 3993 συνθεωρξας

2199 4011 2300 4082 τῆς
2342 4010 2542 4080 ἑτέρας,
2582 4011 2802 4082 φύσεως
2845 3999 3046 4066 εἰδέναι
3071 4027 3086 4043 ·
3132 4010 3208 4076 ὡς
3255 4013 3348 4066 καὶ
3387 4012 3480 4066 δύο
3524 4014 3681 4077 υἱοὺς
3722 4017 3790 4068 ἐκ

2200 4102 2356 4158 τοῦδε
2377 4105 2510 4175 όρᾷν
2543 4105 2958 4175 ὑποκειμένους,
2992 4104 3110 4158 ἀλλ’
3139 4105 3236 4158 ἕνα
3268 4107 3361 4160 τὸν
3391 4108 3451 4160 ὲν
3473 4106 3569 4160 δύο
3586 4107 3790 4176 φύσεσι

2201 4193 2299 4248 καὶ
2341 4195 2553 4266 υῑότησι
2599 4195 2868 4265 Χριστόν⁹
2920 4194 3082 4249 τοῦτο
3124 4197 3239 4268 γὰρ
3282 4197 3347 4250 τὸ
3391 4197 3492 4267 τῆς
3533 4197 3788 4261 ἑνὼσεως

2202 4289 2480 4359 ἄφραστον
2512 4286 2746 4360 δώρημα
2781 4289 3221 4360 πραγματιωδῶς
3265 4290 3452 4343 ἐστιν’
3499 4290 3664 4362 εἰπερ
3712 4293 3789 4361 μὴ

2202 4379 2428 4452 ὀνόματι
2458 4376 2618 4451 μόνον
2647 4381 2817 4452 αὐτὴν
2844 4383 3076 4452 λέγομεν
3109 4377 3249 4435 εἶναι
3285 4381 3437 4444 θείας
3474 4399 3534 4434 τε
3567 4382 3665 4436 καὶ
3692 4383 3789 4436 ἀν·

2203 4470 2481 4542 θρωπίνης
2505 4471 2742 4541 φύσεως.
2759 4473 2818 4525 El
2835 4471 2942 4542 γὰρ
2961 4472 3133 4536 ὅντως
3148 4470 3338 4541 ἠνώθη
3348 4472 3471 4525 τινὰ
3491 4472 3788 4542 ἀτρέπτως

2202 4564 2298 4618 καὶ
2319 4565 2354 4618 ἀ
2362 4581 2428 4634 με
2439 4563 2630 4632 ιὼτως,
2656 4563 2918 4619 πάντατὰ
2941 4561 3145 4617 τούτων
3166 4563 3414 4634 ἑκατέρῳ
3435 4563 3788 4632 καταφασκὸ-

2203 4672 2364 4726 μενα,
2385 4656 2592 4711 καὶτοῦ
2612 4656 2871 4710 συνθέτου
2890 4656 3009 4720 ἑνὸς
3025 4655 3468 4726 ἀποτελέσματος
3480 4655 3666 4708 αὐτῶν
3680 4673 3786 4708 κα-

2200 4747 2578 4820 ταφᾶσκεταὺ
2608 4749 2732 4803 ἐπεὶ
2760 4743 2854 4803 οὖν
2875 4747 3002 4812 Υἱὸς
3024 4747 3181 4811 Θεοῦ,
3205 4749 3298 4802 καὶ
3318 4746 3435 4810 υἱδς
3463 4747 3785 4818 ἀνθρώπου,

2200 4843 2247 4895 εἰ
2278 4842 2374 4895 καὶ
2399 4840 2474 4912 μὴ
2503 4829 2851 4913 προῧποστὰς
2876 4841 2974 4911 τῆς
3008 4838 3254 4903 ὲνὼσεὼς
3292 4841 3409 4892 ἐστι
3449 4839 3519 4892 τὰ
3548 4839 3782 4892 ἑνωθένο

2199 4951 2290 5000 τα,
2318 4933 2416 4987 καὶ
2443 4933 2505 4987 τὺ
2526 4935 2591 4986 ἐκ
2613 4933 2709 5004 τῆς
2739 4932 2985 4996 ὲνὼσεως
3015 4932 3156 4998 ὅλον,
3191 4930 3320 4993 Υἱὸς
3352 4929 3490 4984 Θεοῦ
3525 4929 3624 4982 καὶ
3669 4931 3785 4994 υἱὸς

2201 5027 2492 5099 ἀνθρώπου
2511 5042 2526 5056 ·
2560 5026 2655 5081 καὶ
2706 5014 2832 5078 ἐπεὶ
2868 5025 3040 5092 Λόγος
3069 5024 3165 5092 καὶ,
3189 5022 3328 5093 σὰρξ
3351 5022 3420 5078 τὰ
3452 5021 3783 5076 συνελθόντα

2203 5121 2284 5184 εἰς
2314 5119 2393 5185 ἓν,
2427 5121 2455 5174 ὁ
2480 5118 2643 5182 αὐτὸς
2670 5110 2749 5180 εἷς
2779 5116 2913 5179 Θεὸς
2940 5115 3169 5179 τέλειος,
3219 5115 3315 5170 καὶ
3363 5115 3653 5185 ἄνθρωπος
3692 5116 3782 5168 τέ-

2199 5213 2378 5275 λειος·
2410 5211 2509 5280 οὐχ
2537 5209 2618 5262 ὅτι
2650 5208 2758 5277 γάρ
2787 5206 2903 5260 ἐστι
2932 5223 2985 5260 τι
3015 5207 3248 5270 τέλειον,
3293 5206 3437 5260 κατά
3468 5205 3589 5259 τόδε
3619 5206 3781 5276 τήνδε

2206 5303 2293 5373 μὴ.
2311 5298 2660 5370 ἐπιδέχεσθαι
2684 5298 2816 5352 αὐτὸ
2843 5298 2936 5352 καὶ
2967 5295 3066 5370 τὴν
3095 5297 3216 5350 κατ’
3243 5296 3372 5352 ἄλλο
3415 5313 3467 5349 τι
3509 5296 3777 5368 τελειότη-

2201 5412 2291 5458 τα,
2321 5393 2535 5464 ἀνάγκη
2553 5408 2568 5423 ’
2596 5391 2691 5446 καὶ
2719 5391 2828 5462 γὰρ
2849 5391 3052 5453 τέλειος
3084 5383 3154 5461 ἦν
3189 5387 3266 5459 τῷ
3293 5386 3509 5457 φυσικῷ
3539 5386 3640 5440 τοῦ
3691 5390 3786 5440 ἀν-

2205 5478 2425 5550 θρώπου
2458 5479 2603 5549 λόγῳ
2623 5479 2651 5530 ὀ
2682 5478 2928 5549 νομικὸς,
2973 5478 3070 5531 καὶ
3103 5478 3252 5548 ὅμως
3306 5477 3388 5531 ἔτι
3445 5476 3783 5542 ἐδιδάσκετο,

2202 5571 2304 5643 τὴν
2329 5572 2428 5643 τῆς
2454 5569 2693 5640 Χριστοῦ
2738 5571 3088 5634 διδασκαλίας
3132 5569 3448 5641 τελειότητα
3481 5585 3787 5641 πνευματιο

2204 5663 2307 5735 κὴν
2363 5651 2632 5732 λέγοντος,
2665 5663 2746 5715 ὅτι
2774 5681 2793 5713 ι
2825 5662 2886 5715 El
2917 5662 3091 5726 θέλεις
3115 5661 3321 5724 τέλειος
3351 5661 3630 5730 γενέσθαι,
3667 5657 3784 5710 «ui-

2204 5756 2372 5828 λησόν
2393 5772 2488 5809 σου
2518 5756 2695 5810 πάντα
2719 5756 2786 5809 τὰ
2818 5755 3134 5826 ὑπάρχοντα
3159 5755 3256 5808 καὶ
3282 5755 3372 5818 δὸς
3402 5757 3664 5824 πτωχοῖς,
3691 5756 3785 5808 καὶ

2202 5845 2334 5920 ἆρον
2367 5845 2458 5900 τὸν
2494 5847 2728 5920 σταυρόν
2761 5865 2874 5914 σου,
2901 5847 2995 5902 καὶ
3010 5845 3170 5917 δεῦρο
3203 5845 3486 5902 ἀκολούθει
3510 5863 3624 5918 μοι.
3649 5861 3668 5895 ι
3703 5842 3782 5898 ἔτι
