4006 6556
328 455 466 523 1603

1289 454 1685 518 ADVERSUS
1721 454 2271 519 NESTORIANOS.
2295 481 2365 494 --
2386 458 2533 520 LIB.
2575 458 2692 521 III.

3441 464 3579 533 1606

322 569 431 641 μὴν
460 566 772 637 Νικόδημος
802 564 1009 631 τέλειός
1039 582 1099 620 τε
1150 560 1221 637 ἦν
1260 566 1376 630 υἱὸς
1408 567 1555 620 κατὰ
1598 566 1779 636 σάρκα
1807 566 1890 619 καί

2004 577 2061 622 et
2087 583 2326 638 sequere
2368 584 2479 624 me.
2514 568 2714 623 Adhuc
2755 568 2985 640 insuper
3014 569 3351 628 Nicodemus
3399 577 3583 645 perfe-

314 662 381 715 ἐκ
404 658 603 713 πολλοῦ
634 659 1034 729 γεγεννημένος
1067 657 1354 729 ἄνθρωπος
1373 673 1389 690 ·
1421 657 1559 730 πρὸς
1585 657 1644 710 δὲ
1663 657 1726 711 τὸ
1754 652 1897 712 εἶναι
1932 709 1940 715 .

312 754 411 821 οὐχ
459 750 648 814 ἁπλῶς
676 750 813 804 ἀλλὰ
839 750 1209 820 πνευματικὸς
1231 749 1538 821 ἄνθρωπος,
1566 748 1666 820 τῆς
1689 749 1781 803 διὰ
1803 749 1898 803 ’τοῦ

310 844 635 913 Ιινεύματος
675 843 843 898 ἐδεῖτο
896 844 1311 915 ἀναγεννήσεως
1364 843 1459 897 καί⁵
1518 842 1894 913 τελειότητος·

312 935 474 989 Οὕτω
498 918 630 1004 γοῦν
664 935 761 988 καὶ
799 937 827 987 ὀ
854 934 1050 1004 Λόγος,
1083 935 1163 998 εἰς
1195 935 1257 988 τὸ
1295 931 1434 988 εἶναι
1470 934 1600 997 Υἱὸς
1634 934 1770 988 Θεοῦ
1801 934 1898 988 καὶ

310 1026 467 1090 Θεὸς,
520 1024 743 1088 τελείως
793 1019 939 1095 εἶχεν
984 1025 1109 1079 ἀεί’
1150 1025 1287 1095 πρὸς
1317 1024 1375 1077 δὲ
1427 1024 1489 1077 τὸ
1534 1023 1895 1093 ἐκπληρῶσαι

309 1118 410 1189 τὴν
446 1117 583 1171 ἰδίαν
613 1116 863 1171 εὐδοκίαν
895 1119 953 1170 ἐν
978 1117 1203 1180 οἰκείοις
1234 1118 1349 1179 τοῖς
1377 1116 1626 1185 ὑστέροις
1656 1118 1891 1186 καιροῖς,

308 1211 436 1265 καθ’
470 1211 539 1282 ἣν
567 1211 667 1280 οὐχ
691 1211 985 1281 ἁρπαγμὸν
1030 1211 1335 1282 ἡγούμενος
1368 1212 1429 1263 τὸ
1458 1206 1600 1264 εἶναι
1628 1209 1719 1264 [ea
1748 1210 1892 1275 Θεῷ,

315 1303 532 1373 μορφὴν
566 1302 752 1355 δούλου
777 1302 962 1356 λαϐεῖν
992 1304 1097 1375 πρὸ
1150 1303 1361 1356 αἰώνων
1394 1302 1553 1356 ὢδινε
1605 1304 1701 1356 καὶ
1763 1319 1899 1373 προ·-

312 1393 516 1464 ώρισεν
544 1394 723 1464 ἐαυτῷ
746 1412 759 1425 ο
802 1396 897 1448 καὶ
931 1396 1061 1466 πρὶν
1112 1396 1336 1466 ποιῆσαι
1386 1396 1455 1448 τὰ
1480 1396 1676 1458 πάντα,
1708 1394 1806 1463 τὴν
1836 1398 1893 1446 ἐν

308 1486 533 1559 Χριστῷ
568 1488 785 1541 πάντων
820 1487 1420 1558 ἀνακεφαλαίωσινκαὶ
1447 1487 1642 1540 θέωσιν
1676 1488 1733 1539 ὲν
1762 1488 1891 1541 ἑαυ-

306 1579 388 1650 τῷ
416 1578 527 1632 τῶν
545 1579 605 1632 οὑ
632 1579 791 1632 θείων
821 1580 1054 1649 φύσεων,
1079 1574 1298 1654 ᾖφησιν
1318 1581 1345 1633 ὁ
1380 1578 1722 1658 ’Λπόστολος,
1750 1579 1893 1631 ὲλλι-

308 1671 428 1734 πῶς
467 1668 612 1742 εἶχεν
660 1672 743 1724 ἔτι
796 1672 931 1743 πρὸς
975 1673 1284 1743 φανέρωσιν
1314 1670 1407 1725 τοῦ
1459 1671 1893 1743 προωρισθέντος

307 1761 461 1832 αὐτῷ
491 1762 877 1833 κεκρυμμένου
910 1762 1211 1834 μυστηρίου
1246 1764 1343 1833 τῆς
1377 1763 1510 1826 ἰδίας
1541 1764 1892 1835 ὲνανθρωπή-

308 1870 467 1917 σεως.
502 1854 743 1924 Οὐδεμία
775 1852 868 1908 οὖν
914 1853 1166 1908 ἐντεῦθεν
1223 1857 1533 1928 κατηγορία
1563 1858 1713 1910 ἐστὶν
1760 1856 1890 1910 ἀτε-

305 1947 481 2012 λείας,
531 1947 652 1999 κατ’
682 1947 823 2000 ἰδίαν
864 1932 1163 2019 νοουμένης
1213 1949 1464 2019 υἰότητος
1497 1949 1765 2021 ἑκατέρας
1796 1949 1890 2020 φύ-
1916 1935 1964 1995 Β

309 2056 447 2103 σεως
469 2056 484 2071 ·
516 2039 651 2093 ἀλλὰ
693 2040 852 2110 χρεία
878 2040 1037 2111 μόνον
1064 2042 1203 2114 πρὸς
1225 2042 1622 2117 συμπλήρωσιν
1649 2042 1747 2111 τῆς
1770 2041 1889 2097 κατ’

304 2124 557 2184 εὐδοκίαν
605 2130 740 2184 Θεοῦ
796 2131 934 2203 πρὸς
982 2131 1305 2201 ἀνθρώπους
1352 2133 1600 2197 ὲνώσεως
1648 2133 1889 2204 ἑκατέρᾳ.

304 2224 466 2293 φύσει
498 2224 601 2293 τῆς
632 2224 825 2295 ἐτέρας
851 2226 933 2288 εἰς
965 2224 1318 2295 ἀποτέλεσμα
1348 2225 1442 2278 τοῦ
1493 2221 1635 2282 εἶναι
1678 2212 1744 2279 ἐκ
1778 2225 1888 2277 τῶν

303 2317 634 2386 πεφυκότων
673 2315 1109 2389 διακεκριμένως
1161 2319 1219 2370 ὲν
1256 2317 1539 2389 διαφόροις
1577 2316 1884 2371 ὑποστάσε-

306 2428 391 2464 σιν
421 2410 652 2479 ὁρᾶσθαι
688 2409 904 2479 φύσεων
943 2412 1039 2463 καὶ
1078 2410 1343 2482 υἰοτήτων
1375 2410 1644 2478 ’τελείων,
1675 2411 1797 2465 καθ’
1828 2410 1888 2463 έν

303 2503 369 2556 τὸ
402 2501 569 2555 αὐτοῦ
608 2502 903 2572 πρόσωπον
952 2503 1210 2571 γενέσθαι
1254 2502 1566 2557 συνέλωσιν
1590 2516 1605 2532 ⁶
1639 2504 1733 2557 καὶ
1760 2503 1887 2557 τάδε

307 2593 406 2664 μὲν
432 2592 628 2658 οὕτως.
662 2592 725 2646 Εἰ
747 2589 842 2647 οὖν
872 2593 1005 2647 διότι
1037 2595 1206 2665 ἄμφω
1237 2594 1378 2667 μέρη
1405 2595 1623 2665 λέγεται
1654 2596 1729 2659 ὡς
1754 2598 1889 2667 πρὸς

301 2684 364 2737 τὸ
396 2683 516 2738 ὅλον
553 2682 1022 2749 τέλος,·τουτέστι
1068 2686 1326 2756 Χριστὸν,
1363 2686 1449 2739 διὰ
1485 2686 1603 2739 τόδε
1631 2685 1796 2757 ἀτελῆ
1827 2702 1886 2739 τε

303 2774 489 2839 ἁπλῶς
525 2774 618 2829 καὶ
651 2776 870 2847 ίσότιμα
904 2775 1045 2846 μέρη
1080 2775 1209 2830 ’τάδε
1241 2775 1400 2846 φατὲ,
1427 2777 1534 2848 ἄρα
1558 2793 1619 2846 γε
1649 2776 1771 2830 ὲπελ⁸
1792 2777 1887 2830 καὶ

303 2865 443 2937 πρὸς
474 2866 537 2920 τὸ
569 2866 876 2935 ὃλονςτέλος
922 2864 1018 2920 τοῦ
1057 2866 1284 2937 ὁπλίτην
1340 2868 1534 2922 ἑαυτὸν
1582 2868 1885 2939 ἐμφανίσαι

300 2958 380 3029 τῷ
410 2958 625 3030 στρατῷ
654 2959 750 3012 τὸν
783 2958 1114 3029 στρατηγὸν,
1144 2960 1311 3031 μέρος
1334 2977 1393 3013 τε
1422 2960 1585 3024 αὑτός
1613 2962 1750 3025 ὲστι,
1783 2959 1882 3014 καὶ

299 3051 362 3104 τὺ
390 3051 556 3104 ὅπλον
583 3048 773 3117 αὐτοῦ,
812 3050 1014 3121 ὁμοίως
1060 3050 1226 3120 ἀτελῆ
1276 3052 1445 3123 ἄμφω
1489 3053 1671 3106 ἐστίν’
1718 3054 1814 3107 καὶ
1858 3055 1888 3110 ὁ

304 3144 405 3214 μὲν
438 3145 547 3199 οὐδ’
580 3144 660 3209 εἰς
687 3143 1030 3217 ἀνθρώπους,
1064 3144 1124 3197 τὸ
1168 3144 1225 3197 δὲ
1259 3145 1341 3209 εἰς
1373 3146 1435 3199 τὸ
1467 3145 1630 3199 ὅπλον
1657 3141 1799 3199 εἶναι
1820 3146 1882 3199 οὐ

299 3236 716 3309 λογισθήσεται·
752 3238 815 3291 οὐ
846 3237 1109 3292 διοίσουσί
1149 3253 1211 3291 τε
1249 3237 1518 3309 ἀλλήλων,
1564 3240 1689 3292 ἐπεὶ
1721 3239 1886 3311 μέρος

303 3300 526 3401 μέρους⁷
555 3330 707 3384 οὐδὲν
780 3331 1032 3403 διαφέρει
1082 3330 1299 3401 ἀληθῶς
1348 3300 1482 3385 καθὸ
1506 3300 1514 3303 ﬁ
1543 3300 1741 3404 μέροςἰ
1795 3300 1890 3386 καί
1914 3300 1958 3363 C

301 3425 491 3489 ἁπλῶς
530 3424 752 3494 ἰσότιμα
789 3424 945 3478 ἔσται
974 3426 1095 3479 καθ’
1132 3425 1276 3495 ὑμᾶς
1309 3426 1405 3479 καί
1441 3425 1593 3490 τάδε,
1634 3425 1892 3496 ἀγχινού-

303 3506 510 3570 στατοι.
542 3515 682 3569 Ἀλλ’
706 3515 812 3569 ὑπὸ
847 3517 1148 3582 συνειδότος
1177 3518 1495 3589 βαλλόμενοι
1511 3519 1588 3589 μὴ
1608 3515 1891 3588 ἀποχρών-

298 3626 409 3672 τως
442 3608 588 3679 ἐχειν
631 3610 712 3673 είς
744 3607 1046 3677 ἀπολογίαν
1082 3610 1184 3681 τῆς
1217 3611 1427 3665 ἑαυτῶν
1468 3594 1892 3680 δεισίδαιμονίας

286 3693 403 3765 ’τὰς
472 3701 773 3772 εἰρημένας
827 3702 1020 3765 αὐτοῖς
1069 3703 1428 3771 αἰτιολογίας,
1487 3704 1683 3775 ἐτέρας
1726 3703 1890 3757 πάλιν

300 3794 560 3865 ἀφορμὰς
620 3795 1088 3865 μεταποιοῦνται,
1146 3795 1224 3860 ὡς
1280 3796 1596 3865 ἀναγκαίως
1631 3795 1890 3849 ἀσεϐοῦσι

303 3887 518 3941 πείθειν
555 3888 1044 3959 ἀποπειρώμενοι⁸
1082 3888 1219 3957 φασὶ
1249 3887 1380 3958 γοῦν
1407 3888 1504 3941 καὶ
1538 3887 1683 3941 τάδε*

902 3999 1162 4053 ΚΕΦΔᾹ.
1208 3998 1282 4052 B'.
1585 3988 1588 3990 ⁷

382 4110 443 4165 'O
474 4111 682 4185 κυρίως
712 4111 847 4176 υἰὸς,
883 4110 1161 4174 ὃλοςὲστί
1195 4108 1289 4162 τοῦ
1329 4109 1695 4179 γεννήσαντος
1730 4107 1844 4171 υἰὸς
1868 4123 1884 4139 ’

300 4204 455 4257 οὐδὲν
502 4206 608 4274 γὰρ
661 4206 725 4259 ὲκ
790 4205 990 4275 μέρους
1043 4202 1106 4257 ὃν
1165 4202 1229 4257 ἔκ
1282 4220 1447 4266 τινος,
1482 4201 1700 4270 λέγεται
1731 4202 1886 4255 τοῦδε

302 4295 443 4359 υἱός·
482 4292 598 4348 ἀλλ’
637 4295 760 4348 οὐδὲ
804 4296 987 4367 πατήρ
1029 4296 1178 4348 ἐστιν
1224 4294 1252 4347 ὁ
1295 4293 1499 4363 μέρους
1547 4292 1737 4356 αἴτιος,
1794 4290 1888 4345 καὶ

300 4389 361 4440 οὐ
390 4386 484 4440 τοῦ
518 4388 639 4440 ὅλου
661 4404 672 4416 ·
706 4387 897 4458 ἀμέλει
935 4388 1059 4440 ὅλου
1090 4386 1183 4440 τοῦ
1224 4387 1287 4450 ὲκ
1321 4384 1501 4455 ψυχῆς
1527 4384 1754 4456 λογικῆς
1792 4384 1889 4436 καὶ

304 4480 557 4549 σώματος
586 4478 727 4543 ζώου
768 4479 1065 4550 λεγομένου
1102 4477 1223 4532 υίοῦ
1259 4476 1550 4548 ἀνθρώπου
1573 4493 1587 4507 ·
1624 4477 1672 4529 εἰ
1706 4477 1885 4546 συμϐῇ

301 4571 493 4623 τούτου
526 4571 585 4621 τὸ
616 4570 674 4622 ἒν
707 4551 873 4641 μέρος
904 4572 1073 4642 χωρὶς
1106 4570 1345 4641 θατέρου
1366 4569 1467 4639 τῆς
1501 4569 1713 4639 μήτρας
1736 4566 1887 4630 ἐξελ-

301 4662 438 4722 θεῖν,
471 4660 808 4731 ὲξάμόλωμα
836 4662 930 4715 καὶ
957 4657 1193 4731 obfuit»;
1216 4649 1345 4723 ⁸ἔθος
1386 4662 1518 4731 ἡμῖν
1562 4657 1875 4727 ὀνομάζειν,

300 4747 569 4823 ἕκτρωσίν
613 4769 672 4805 τε
709 4752 801 4805 καί
845 4754 906 4805 οὑ
945 4753 1196 4822 γέννησιν
1228 4752 1320 4804 ἐπὶ
1372 4751 1466 4803 τοῦ
1509 4748 1780 4804 τοιούτου.
1818 4747 1882 4801 Εἰ

300 4841 394 4898 οὖν
422 4847 485 4898 ὲκ
515 4843 712 4915 μέρους
738 4844 850 4897 υίὸν
889 4842 1179 4914 ἀνθρώπου
1207 4842 1344 4912 φατὲ
1384 4842 1475 4894 τὸν
1498 4841 1754 4909 Χριστὸν,
1787 4839 1883 4909 δῆ-

299 4937 391 4990 λον
424 4937 499 5001 ὡς
541 4937 664 4991 οὐδὲ
711 4936 922 5006 πατρὸς
958 4934 1163 5006 κυρίως
1204 4933 1327 4986 οὐδὲ
1364 4933 1465 5002 τῆς
1516 4931 1723 5004 μητρός
1757 4946 1772 4961 °
1798 4929 1882 4983 τί-

300 5047 389 5091 νος
422 5024 515 5083 οῦν
561 5031 678 5082 ὲστι
716 5027 899 5097 ἷφύσει
951 5026 1086 5089 υἱὸς,
1136 5024 1326 5092 λέγετε
1365 5026 1519 5094 ἡμῖν.
1562 5022 1628 5074 Τί
1688 5016 1800 5084 οὖν,
1836 5013 1882 5074 ὦ

298 5116 466 5187 οὗτοι,
500 5121 754 5192 ψεύδεται
804 5122 954 5175 πᾶσα
1003 5123 1036 5192 ἡ
1080 5120 1213 5188 ἁγία
1257 5119 1471 5191 Γραφὴ,
1505 5116 1583 5184 πῆ
1625 5114 1726 5187 μὲν
1752 5114 1881 5167 Υἰὸν

298 5212 475 5278 Θεοῦ,
511 5217 587 5284 πῆ
632 5213 688 5285 δὲ
729 5214 846 5267 υἰδν
893 5212 1181 5283 ἀνθρώπου
1227 5210 1513 5291 τὸν-αὺτὸν
1541 5206 1881 5277 ὀνομάζουσα

203 5337 208 5342 ·
297 5307 574 5378 Χριστόν;
635 5309 732 5361 καὶ
779 5306 864 5371 τίς
918 5305 987 5360 τὰ
1043 5306 1285 5376 ὑμέτερα
1338 5301 1711 5373 ληρῳδὴματα
1763 5297 1873 5351 τῶν

298 5399 457 5452 θείων
497 5398 927 5469 προαποδέξεται
981 5396 1277 5469 ρημάτων;
1311 5394 1363 5447 τί
1397 5394 1453 5448 δὲ
1499 5394 1757 5463 λέγοιμεν
1783 5389 1877 5442 ἐπὶ

296 5488 560 5556 Χριστοῦ,
602 5489 698 5543 καὶ
736 5490 830 5541 ἐπὶ
875 5487 1042 5555 Υἰοῦ;
1070 5490 1115 5541 εἰ
1165 5487 1297 5558 γὰρ,
1332 5484 1477 5540 καθά
1511 5484 1604 5537 καί
1630 5484 1787 5553 ὑμεῖς
1820 5484 1878 5535 ἐν

294 5586 407 5646 τοῖς
449 5583 600 5648 ἰδίοις
653 5584 914 5655 εἰρήκατε
970 5584 1253 5647 πολλάκις,
1289 5585 1354 5636 ἐκ
1393 5581 1598 5655 μέρους
1652 5580 1748 5634 καί
1785 5579 1878 5631 τὸν

292 5674 582 5747 ἄνθρωπον
627 5676 792 5730 αὑτὸν
833 5677 954 5743 ὅλον
1002 5677 1159 5732 καλεῖ
1186 5679 1257 5730 τὰ
1296 5676 1417 5749 ἱερὰ
1460 5676 1652 5744 Λὸγια,
1683 5674 1759 5737 ὡς
1790 5671 1872 5739 τὸ,

298 5768 441 5840 Πρὸς
477 5770 536 5822 σὲ
558 5770 702 5842 σὰρξ
736 5769 882 5841 ἥξει·
916 5771 1011 5825 καὶ
1040 5770 1120 5841 τὸ,
1156 5790 1173 5825 ι
1212 5770 1410 5826 Ἰακὼϐ
1429 5772 1483 5826 δὲ
1514 5767 1762 5839 εἰσῆλθεν
1793 5767 1875 5831 εἰς

364 5924 382 5956 ³
412 5922 617 5996 Ephes,
652 5941 692 5990 ι,
716 5922 770 5979 9.

2003 667 2125 714 ctus
2155 669 2276 714 erat
2306 661 2455 715 ﬁlius
2487 660 2792 715 secundum
2814 676 3034 717 carnem
3065 670 3121 718 et
3148 678 3216 718 ex
3241 664 3415 720 multo
3439 677 3583 722 tem-

1999 766 2138 820 pore
2158 751 2363 819 factus
2407 753 2575 807 homo
2606 773 2619 808 :
2657 762 2723 808 ut
2773 770 2908 810 vero
2938 764 3087 811 esset
3118 773 3229 812 non
3255 757 3583 828 simpliciter

1999 844 2094 899 sed
2121 845 2429 915 spiritualis
2458 846 2649 921 homo.
2698 862 2930 902 necesse
2966 858 3087 903 erat
3119 848 3273 903 illum
3308 865 3337 905 a
3369 849 3578 921 Spiritu

1999 936 2316 1004 regenerari
2342 944 2398 991 et
2421 908 2634 1007 perlici.
2678 937 2770 992 Sic
2807 947 2864 993 et
2896 939 3100 1004 Verbo,
3143 950 3204 994 nt
3237 951 3382 996 esset
3406 908 3580 996 I‘ilius

1997 1028 2096 1083 Dei
2130 1036 2187 1083 et
2214 1028 2381 1095 Deus,
2413 1029 2553 1084 nihil
2601 1046 2843 1099 unquam
2871 1031 3052 1086 defuit
3079 1050 3092 1085 :
3131 1034 3227 1087 sed
3255 1033 3323 1088 ad
3347 1029 3575 1105 explen-

1997 1120 2121 1175 dam
2144 1122 2425 1192 propriam
2447 1123 2825 1193 apparen‘tiam
2846 1123 2899 1176 in
2925 1124 3191 1193 proximis
3213 1126 3577 1196 temporibus.

1990 1211 2146 1282 juxta
2182 1226 2348 1281 quam
2376 1227 2487 1266 non
2526 1214 2778 1282 rapinam
2816 1214 3124 1269 arbitratus
3156 1232 3214 1271 se
3244 1232 3366 1271 esse
3392 1234 3577 1288 aequa-

1995 1303 2103 1358 lem
2136 1303 2250 1358 Deo
2288 1303 2522 1363 formam
2566 1307 2710 1360 servi
2744 1308 2997 1376 accipere
3034 1318 3163 1363 ante
3193 1310 3392 1364 saecula
3431 1309 3577 1364 desi-

1996 1395 2215 1466 deravit
2258 1405 2315 1450 et
2360 1414 2418 1452 se
2456 1399 2909 1468 praedestinavit:
2942 1408 2999 1454 et
3037 1412 3335 1469 antequam
3367 1401 3577 1456 laceret

1996 1487 2515 1554 omnia,inChristo
2536 1490 2782 1544 omnium
2810 1491 3243 1561 assumptionem
3270 1503 3324 1546 et
3350 1490 3575 1546 deiﬁca-

2000 1580 2203 1635 tionem
2252 1580 2309 1635 in
2354 1581 2540 1651 seipse
2584 1590 2909 1635 naturarum
2958 1598 3073 1636 non
3126 1582 3461 1653 divinarum,
3496 1582 3573 1636 it'ii

1996 1672 2205 1743 aliquid
2244 1672 2481 1737 deerat,
2518 1682 2579 1727 ut
2619 1674 2708 1736 ait,
2741 1674 3043 1744 Apostolus
3075 1676 3116 1740 ¹,
3145 1675 3214 1730 ad
3254 1675 3572 1730 manifesta-

1996 1767 2205 1821 tionem
2237 1767 2481 1838 mysterii
2515 1767 2828 1821 absconditi
2869 1768 2974 1837 ipsi
3022 1768 3403 1839 praedestinati
3444 1784 3576 1837 pro-

1994 1861 2128 1930 pria:
2153 1861 2535 1928 humanitatis.
2571 1861 2730 1915 Nulla
2773 1861 2901 1917 inde
2942 1862 3112 1933 igitur
3151 1872 3235 1917 est
3282 1862 3425 1916 ratio
3469 1862 3576 1914 im-

1994 1952 2353 2021 perfectionis
2385 1994 2400 2018 ,
2454 1953 2586 2007 licet
2635 1952 2829 2007 ﬁliatio
2879 1954 3316 2024 uniuscujusque
3367 1959 3575 2006 natum:

1995 2056 2246 2097 seorsum
2292 2040 2684 2095 consideretur
2719 2058 2732 2095 :
2767 2041 2864 2097 sed
2916 2050 2977 2096 ut
3023 2042 3399 2112 compleretur
3442 2039 3573 2093 unio

1997 2131 2071 2186 ita
2101 2140 2162 2187 ut
2193 2147 2379 2186 coram
2410 2131 2729 2186 hominibus
2762 2133 2909 2187 Deus
2935 2141 3249 2203 appareret,
3273 2131 3574 2200 unicuique

1993 2233 2208 2279 natura:
2233 2226 2407 2279 altera
2435 2233 2633 2279 natura
2662 2240 2801 2295 Opus
2831 2234 2975 2291 erat,
3012 2233 3072 2279 ut
3104 2234 3317 2280 natura:
3345 2233 3402 2278 et
3436 2224 3573 2277 ﬁlia-

1995 2316 2175 2371 tiones
2210 2316 2487 2386 perfectae,
2524 2326 2667 2386 aptae
2704 2316 2967 2372 distincte
3013 2319 3069 2372 in
3128 2295 3367 2373 diversis
3401 2318 3574 2387 hypo-

1992 2409 2237 2480 stasibus
2290 2410 2492 2471 videri,
2555 2419 3025 2480 componerentur
3086 2420 3148 2465 ut
3200 2411 3257 2464 in
3319 2410 3570 2481 ejusdem

1993 2511 2283 2565 personam
2310 2498 2670 2553 convenirent
2703 2515 2717 2552 :
2759 2515 2882 2568 quae
2912 2499 3141 2569 quidem
3180 2501 3277 2553 ita.
3303 2500 3360 2555 Si
3404 2500 3573 2570 igitur

1994 2587 2134 2642 duas
2162 2597 2369 2658 partes,
2425 2590 2719 2659 propterea
2752 2591 2900 2662 quod
2950 2592 3018 2645 ad
3070 2590 3234 2647 ﬁnem
3284 2602 3486 2658 totum,
3519 2592 3572 2646 id

1994 2689 2103 2744 est,
2134 2678 2443 2746 Christum,
2476 2692 2729 2753 vergant,
2766 2684 3117 2753 imperfectas
3164 2684 3492 2754 simpliciter
3518 2694 3575 2738 et

1993 2773 2113 2843 pari
2166 2775 2379 2828 honore
2426 2774 2613 2829 dicitis
2664 2775 2966 2840 habendas,
3026 2777 3170 2831 idem
3206 2776 3457 2846 profecto
3502 2775 3573 2831 de

1992 2864 2134 2919 duce
2158 2866 2251 2935 qui
2278 2865 2345 2919 ad
2377 2866 2540 2920 linem
2576 2874 2749 2921 totum
2777 2866 2972 2921 militis
3003 2868 3058 2922 in
3090 2868 3337 2923 exercitu
3367 2868 3569 2937 vergit,

1994 2957 2288 3013 dicendum
2346 2959 2455 3013 erit
2502 2975 2517 3012 :
2570 2959 2686 3029 ipse
2736 2970 2825 3015 est
2875 2976 3023 3030 pars,
3072 2975 3201 3031 pars
3246 2966 3375 3014 sunt
3425 2959 3573 3013 illius

1992 3064 2166 3115 arma,
2193 3066 2349 3121 atque
2379 3052 2543 3106 ambo
2566 3060 2696 3106 sunt
2728 3052 3049 3121 imperfecta
3081 3068 3096 3106 :
3130 3051 3241 3106 dux
3270 3050 3397 3105 ideo
3430 3049 3569 3103 nihil

1992 3137 2135 3196 inter
2160 3142 2437 3208 homines,
2468 3158 2617 3198 arma
2649 3143 2785 3197 nihil
2819 3144 2965 3199 inter
2994 3159 3145 3199 arma
3170 3142 3572 3213 computabun-

1994 3241 2124 3288 tur:
2158 3234 2271 3289 dux
2324 3247 2437 3290 non
2491 3237 2716 3292 differet
2765 3237 2835 3290 ab
2884 3236 3075 3298 armis,
3134 3236 3339 3305 quippe
3374 3248 3505 3303 pars
3537 3247 3570 3286 a

1992 3336 2145 3397 parte
2168 3337 2444 3398 quatenus
2477 3339 2556 3384 est
2584 3345 2731 3398 pars,
2763 3344 2874 3382 non
2908 3343 3039 3383 vere
3062 3326 3286 3382 diﬂ‘erat
3312 3343 3326 3379 :
3354 3335 3411 3381 et
3434 3326 3570 3380 sint-

1991 3420 2215 3489 pliciter
2250 3420 2394 3490 apud
2431 3436 2532 3475 vos
2562 3421 2681 3490 pari
2726 3421 2937 3474 honore
2970 3427 3155 3484 erunt,
3181 3427 3238 3473 et
3261 3419 3378 3473 haec
3412 3434 3569 3489 saga-

1992 3513 2201 3567 cissimi
2257 3513 2530 3569 asseritis.
2588 3513 2693 3569 Sed
2746 3528 2872 3569 cum
2934 3512 3226 3567 manifeste
3273 3512 3567 3582 probatum

1990 3604 2161 3661 fuerit
2182 3622 2322 3660 vana
2353 3622 2477 3661 esse
2508 3614 2830 3675 argumenta
2860 3621 2984 3675 quae
3016 3605 3083 3659 ad
3111 3620 3266 3659 suam
3298 3607 3570 3675 supersti-

1993 3700 2200 3753 tionem
2241 3699 2501 3752 tuendam
2535 3698 2791 3767 allegant,
2833 3697 2970 3751 alias
3016 3696 3123 3751 sibi
3156 3696 3443 3752 vindicant
3474 3714 3569 3753 oc-

1990 3791 2242 3847 casiones
2269 3798 2328 3844 ut
2355 3791 2740 3845 necessitatem
2771 3805 2883 3843 sua:
2913 3789 3215 3857 impietatis
3244 3805 3565 3859 persuasam

1989 3884 2253 3939 eﬂiciant.
2280 3884 2406 3938 Ilaec
2431 3882 2600 3953 igitur
2631 3882 2847 3937 dicunt.

2648 3996 2799 4052 CAP.
2840 3997 2907 4052 ll.

2059 4112 2161 4180 Qui
2198 4122 2283 4187 est
2334 4111 2558 4182 proprie
2612 4109 2758 4165 ﬁlius
2786 4151 2800 4175 ,
2840 4119 2988 4165 totus
3025 4118 3109 4165 est
3153 4110 3273 4183 ejus
3306 4111 3400 4181 qui
3436 4127 3564 4166 eum

1990 4205 2185 4277 genuit
2232 4205 2377 4259 ﬁlius
2430 4222 2444 4258 :
2492 4203 2639 4257 nulla
2693 4203 2841 4256 enim
2892 4212 2977 4257 est
3028 4219 3159 4274 pars
3189 4220 3313 4273 qua:
3348 4203 3567 4258 dicatur

1987 4300 2107 4370 ejus
2138 4297 2283 4352 ﬁlius
2321 4313 2333 4350 :
2374 4295 2468 4351 sed
2523 4304 2678 4365 pater
2714 4296 2904 4365 nequit
2945 4311 3069 4351 esse
3104 4295 3299 4366 partis,
3327 4296 3460 4366 quin
3493 4297 3567 4350 sit

1991 4392 2160 4446 totius
2189 4400 2421 4454 auctor;
2452 4388 2523 4443 sit
2562 4387 2871 4457 exemplum
2917 4396 3096 4441 totum
3145 4387 3293 4457 quod
3348 4397 3565 4441 constat

1988 4497 2054 4535 ex
2084 4481 2266 4534 anima
2314 4478 2571 4533 rationali
2618 4488 2676 4532 et
2716 4492 2970 4555 corpore,
3002 4477 3214 4531 viventi
3258 4486 3477 4532 constat
3506 4486 3565 4531 et

1988 4573 2133 4642 quod
2162 4572 2367 4626 dicitur
2396 4570 2544 4625 ﬁlius
2572 4570 2813 4625 hominis
2842 4586 2858 4622 :
2889 4569 2934 4624 si
2962 4570 3232 4624 acciderit
3267 4570 3413 4639 quod
3452 4586 3561 4623 una

1904 4641 1957 4700 D
1985 4680 2113 4735 pars
2148 4663 2309 4717 istius
2333 4662 2503 4716 totius
2529 4662 2649 4715 sine
2680 4662 2849 4715 altera
2882 4677 2947 4714 ex
2982 4671 3155 4716 matre
3181 4670 3362 4721 exeat,
3396 4662 3562 4715 abor-

1986 4748 2157 4812 tivum
2194 4764 2391 4809 etnon
2424 4754 2595 4807 tilium
2632 4754 2920 4807 nominare
2967 4754 3230 4819 solemus,
3279 4753 3563 4809 addimus-

1983 4863 2091 4917 que
2127 4847 2383 4900 abortum
2416 4845 2605 4909 fuisse,
2653 4861 2762 4898 non
2794 4844 3162 4900 nativitatem.
3201 4844 3255 4899 Si
3296 4844 3463 4915 igitur
3488 4861 3556 4900 ex

1984 4947 2137 5010 parte
2167 4938 2340 4992 ﬁlium
2369 4937 2609 4991 hominis
2632 4937 2817 4991 dicitis
2853 4936 3162 5002 Christum,
3207 4938 3559 4993 manifestum

1982 5040 2067 5085 est
2100 5028 2247 5100 quod
2284 5045 2385 5084 nec
2410 5030 2583 5099 patris
2618 5028 2862 5097 preprie,
2897 5045 2998 5083 nec
3024 5027 3217 5083 matris
3248 5038 3334 5082 est
3361 5029 3506 5082 ﬁlius
3545 5046 3558 5081 :

1983 5122 2140 5191 cujus
2187 5119 2356 5190 igitur
2388 5128 2585 5173 natura
2614 5116 2685 5171 sit
2717 5118 2884 5181 ﬁlius,
2911 5118 3560 5190 nobis‘ostenditeQuid

1983 5229 2134 5285 ergo,
2172 5229 2205 5267 ο
2234 5228 2354 5276 vos,
2382 5212 2648 5266 mentitur
2682 5210 2862 5264 omnis
2903 5210 3189 5280 Scriptura
3217 5227 3395 5276 sacra,
3440 5228 3562 5281 qua:

1983 5305 2147 5361 modo
2200 5304 2400 5373 Filium
2436 5303 2550 5368 Dei,
2596 5302 2757 5358 modo
2791 5302 2962 5356 ﬁlium
3014 5303 3254 5358 hominis
3304 5304 3561 5359 eumdem

1985 5398 2233 5453 nominat
2259 5396 2586 5452 Christum?
2617 5396 2684 5449 Et
2726 5384 3092 5465 quisvestras
3138 5412 3311 5468 nugas
3358 5397 3562 5452 divinis

1984 5500 2285 5561 anteponet
2345 5490 2747 5545 sermonibus?
2802 5489 2944 5556 Quid
2996 5507 3131 5546 vero
3184 5491 3436 5546 dicamus
3493 5490 3561 5545 de

1982 5585 2226 5649 Christo,
2260 5594 2316 5639 et
2360 5584 2428 5639 de
2458 5584 2642 5640 Filio?
2673 5583 2729 5638 Si
2775 5584 2949 5648 enim,
2997 5584 3462 5657 quemadmodum
3503 5592 3560 5637 et

1981 5696 2081 5735 vos
2110 5680 2258 5735 hunc
2302 5679 2565 5749 loquendi
2614 5678 2841 5733 modum
2893 5680 3183 5735 occasione
3223 5678 3350 5735 data
3401 5692 3559 5732 usur-

1984 5773 2175 5844 pastis,
2227 5788 2294 5828 ex
2348 5783 2505 5843 parte
2564 5771 2844 5827 hominem
2897 5771 3077 5844 ipsum
3130 5780 3304 5828 totum
3358 5775 3560 5826 vocant
