4042 6584
415 485 549 554 1607

1672 463 1984 527 LEONTII
2017 458 2425 523 BYZANTINI

3547 445 3684 513 i608

415 610 574 654 sacra
603 590 864 662 Eloquia,
899 587 1047 645 sicut
1070 586 1126 645 in
1149 585 1258 641 hoc
1279 584 1426 650 loco,
1449 581 1519 637 ad
1541 589 1596 636 te
1615 595 1746 637 caro
1773 580 1995 645 veniet;
2028 630 2031 638 ,

2132 573 2380 642 drum-av
2409 571 2471 623 ὲν
2495 574 2566 623 οε¹
2602 567 2806 638 ψυχαῖς
2825 581 2840 596 ⁸
2880 583 2899 617 ι
2943 562 3080 620 ἀλλὰ
3107 562 3206 619 καὶ
3243 562 3310 620 ἐκ
3345 559 3442 616 τοῦ
3469 560 3598 617 ὅλου
3623 561 3690 616 τὸ

413 694 472 742 et
514 684 572 739 in
627 683 756 745 isto,
795 679 965 735 Iacob
996 677 1149 732 venit
1201 676 1257 730 in
1303 673 1597 744 [Egyptum
1639 686 1765 726 cum
1799 671 1997 726 domus

415 793 528 832 sua:
551 774 883 831 animabus:
909 788 975 827 ex
1003 778 1120 824 toto
1144 769 1310 824 etiam
1337 775 1550 836 partem
1574 766 1750 821 solam
1776 772 1995 831 vocant,

421 880 482 924 ut
520 869 573 922 in
624 869 730 922 hoc
761 867 908 929 loco,
929 864 1020 919 hic
1055 862 1388 932 sepelierant
1419 857 1697 916 Abraham
1717 865 1775 913 et
1807 857 1997 913 Saram

419 961 715 1032 coniugem
762 959 927 1029 ejus:
975 957 1154 1012 solum
1196 954 1346 1009 enim
1381 967 1586 1022 corpus
1628 949 1865 1005 Abrah'a:
1910 948 2002 1004 hic

422 1048 701 1123 sepultum
723 1060 809 1106 est
842 1067 856 1104 :
890 1047 1169 1119 quomodo
1198 1063 1265 1102 ex
1296 1054 1452 1116 parte
1478 1040 1651 1098 ﬁlium
1674 1041 2006 1098 alterutrius

422 1145 742 1216 generantis
769 1157 970 1197 vocare
1002 1155 1152 1195 nunc
1175 1153 1291 1193 non
1318 1131 1659 1193 sustinetis"
1685 1133 1852 1190 Certe
1882 1134 2008 1204 qui-

423 1238 572 1299 dem.
621 1237 689 1301 si,
724 1245 787 1290 ut
817 1244 873 1289 et
906 1234 1013 1304 ipsi
1052 1232 1344 1296 dicebatis,
1377 1230 1553 1287 solius
1585 1228 1840 1299 corporis
1877 1235 2009 1283 sunt

425 1335 681 1383 auctores
707 1325 870 1380 nobis
891 1323 1079 1379 carnis
1106 1333 1315 1393 patres,
1341 1329 1401 1376 et
1431 1319 1745 1376 confessum
1780 1319 1853 1374 sit
1888 1333 2008 1372 ma-

427 1418 629 1472 nifeste
654 1419 888 1472 alterum
922 1431 1044 1471 esse
1069 1431 1140 1470 ex
1165 1421 1321 1484 patre
1347 1412 1668 1483 spirituum,
1699 1409 2009 1466 secundum

429 1507 1080 1588 Apostolum,.quomodo
1113 1507 1173 1562 ﬁt
1196 1515 1260 1561 ut
1281 1521 1476 1560 omnes
1501 1504 1756 1560 homines
1783 1503 2013 1558 eviden-

431 1614 518 1658 ter
544 1619 610 1656 ex
644 1610 799 1672 parte
830 1599 949 1664 ﬁlii,
987 1614 1055 1654 ex
1079 1607 1234 1667 parte
1276 1604 1460 1668 patres
1481 1613 1595 1653 non
1618 1595 2013 1651 nominentur?

435 1694 726 1758 Przetcrea,
764 1692 809 1746 si
841 1692 1017 1762 ipsius
1046 1691 1301 1762 corporis
1323 1705 1491 1746 causa
1537 1705 1570 1744 e
1609 1689 1858 1744 masculo
1900 1703 2013 1744 non

439 1795 552 1840 tota
592 1785 682 1850 sit,
734 1783 831 1840 sed
886 1783 1188 1840 femineum
1240 1783 1409 1837 etiam
1468 1780 1680 1850 aliquid
1743 1780 2012 1845 conferat,

2103 665 2270 736 μέρος
2306 665 2469 735 μόνον
2519 661 2706 716 καλεῖ·
2741 661 2819 723 ὼς
2845 658 2938 722 τὸ,
2980 658 3134 714 Ἐκεῖ
3155 655 3363 726 ἔθαψαν
3407 654 3687 726 Ἀϐραὰμ,

2099 759 2198 812 καὶ
2222 757 2444 828 Σάρραν
2470 755 2571 826 τὴν
2599 755 2838 822 γυναῖκα
2865 749 3058 806 αὑτοῦ·
3093 749 3256 821 μόνον
3280 748 3393 819 γὰρ
3428 750 3491 802 τὸ
3525 748 3691 820 σῶμα

2115 845 2366 918 ’Δᾶραὰμ
2399 848 2518 900 ὲκεῖ
2560 845 2773 916 ἐτάφη·
2809 844 2929 907 πῶς
2975 842 3041 896 ὲκ
3098 842 3297 912 μέρους
3343 842 3426 911 ,μὴ
3479 840 3691 910 τολμᾷν

2104 941 2298 995 καλεῖν
2340 940 2456 994 υἱὸν
2508 938 2741 1009 θατέρου
2788 937 2898 991 τῶν
2932 935 3150 1004 φύντων
3185 919 3532 1005 νομοθετεῖτε
3561 932 3685 999 νῦν;

2104 1033 2297 1088 Καίτοι
2314 1049 2404 1102 γε,
2431 1033 2502 1097 εί,
2533 1031 2611 1094 ὡς
2637 1031 2734 1084 καὶ
2760 1031 2914 1084 αὐτοὶ
2942 1029 3143 1098 ξφητε,
3177 1027 3342 1097 μόνου
3372 1025 3466 1080 τοῦ
3504 1024 3692 1096 σώμα-

2105 1125 2197 1184 τός
2226 1127 2364 1178 εἰσιν
2395 1123 2562 1179 αἴτιοι
2597 1123 2730 1193 ἡμῖν
2755 1122 2803 1174 οἰ
2835 1121 2933 1190 τῆς
2961 1119 3173 1189 σαρκὸς
3199 1118 3464 1189 πατέρες.
3496 1119 3690 1189 ἑτέρου

2111 1215 2300 1284 σαφῶς
2331 1213 2770 1285 ὁμολογουμένου
2815 1207 2953 1264 εἶναι
2982 1209 3080 1264 τοῦ
3131 1209 3344 1286 ﬂat-po;
3374 1211 3485 1263 τῶν
3517 1227 3692 1264 πνευ-

2114 1301 2323 1383 μάτωνς
2341 1309 2488 1364 κατὰ
2513 1308 2608 1362 τὸν
2644 1305 2990 1368 ’Δτοόστολον,
3025 1304 3143 1368 πῶς
3165 1306 3226 1358 οὐ
3249 1306 3451 1368 πάντες
3476 1304 3690 1376 ἄνθρω-

2112 1419 2206 1455 ποι
2237 1399 2522 1471 προδήλως
2548 1399 2614 1451 ὲκ
2641 1398 2846 1469 μέρους
2879 1413 2938 1449 τε
2969 1396 3100 1458 υἱοὶ,
3123 1394 3217 1449 καὶ
3253 1396 3316 1448 ὲκ
3355 1396 3555 1465 μέρους
3581 1413 3696 1449 ara-

2111 1495 2270 1565 τέρες
2307 1481 2700 1564 ὀνομάζονται;
2727 1490 2812 1544 ἔτι
2846 1489 2954 1561 μὴν
2989 1490 3084 1543 καὶ
3111 1488 3279 1542 αὐτοῦ
3313 1487 3408 1541 τοῦ
3441 1485 3697 1557 σώματος

2114 1586 2268 1659 είομὴ
2293 1589 2358 1642 ὲκ
2385 1585 2482 1640 τοῦ
2513 1587 2745 1658 ἄρρενος
2775 1586 2810 1654 ἡ
2836 1585 2992 1637 πᾶσα
3015 1581 3185 1646 atria,
3217 1581 3356 1634 άλλὰ
3380 1582 3697 1649 συνεισάγει

2115 1695 2169 1734 τι
2196 1679 2305 1732 καῖ’
2333 1677 2398 1731 τὸ
2448 1677 2614 1747 θῆλυο
2655 1677 2752 1730 καὶ
2783 1679 2812 1730 ὁ
2845 1676 2967 1746 μὲν,
3000 1674 3077 1737 ὥς
3111 1673 3247 1742 φασί
3273 1689 3441 1737 τινες,
3473 1673 3544 1726 τά
3574 1691 3699 1726 στε-

2121 1768 2384 1842 ρεώτερα,
2419 1771 2453 1841 ἡ
2487 1770 2545 1822 δὲ
2576 1769 2643 1822 τὰ
2677 1768 2950 1840 ὑγρότερα
2999 1767 3242 1821 ἑνδξδωσι
3285 1765 3364 1836 τῷ
3405 1767 3697 1836 γινομένῳ,

441 1893 628 1943 unum,
667 1877 899 1940 scilicet,
929 1887 989 1931 ut
1022 1877 1180 1932 aiunt
1209 1875 1408 1945 aliqui,
1449 1873 1738 1935 solidiora,
1773 1874 2012 1926 alterum

2132 1860 2238 1924 πῶς
2274 1861 2397 1932 οὐχὶ
2437 1860 2533 1914 καὶ
2565 1859 2731 1914 αὐτοῦ
2756 1858 2867 1912 ’τοῦ
2923 1858 3122 1939 μέρους
3177 1857 3242 1910 ὲκ
3296 1856 3498 1926 μέρους
3548 1856 3702 1918 ὄντος

437 1936 689 2021 molliora
717 1936 905 2038 genito
935 1967 1198 2036 praebeat,
1230 1936 1512 2035 quomodo
1532 1973 1589 2019 et
1619 1963 1795 2034 ipsius
1820 1945 2015 2032 partis

2132 1956 2280 2009 ιῐτιοι
2309 1954 2572 2026 ἑκάτερος
2601 1951 2971 2024 μερικώτατοί
3009 1936 3073 2020 γε
3106 1951 3327 2020 φανεῖεν
3357 1950 3576 2017 τοκέεςς
3607 1949 3701 2014 οὓς

436 2073 506 2112 ex
536 2067 688 2127 parte
720 2057 995 2113 venientis
1027 2065 1307 2120 auctores,
1361 2053 1748 2125 unusquisque
1793 2053 2016 2124 specia-

439 2149 559 2210 tim,
611 2164 722 2203 non
768 2147 1094 2221 viderentur
1141 2146 1445 2216 parentes?
1473 2145 1624 2212 Quos
1668 2144 1713 2199 si
1763 2158 1898 2198 vere
1947 2158 2017 2198 ex

439 2248 592 2310 parte
625 2250 811 2310 patres
845 2237 1030 2292 dicere
1059 2252 1170 2292 non
1205 2237 1396 2300 liceat,
1415 2236 1571 2307 juxta
1609 2236 1758 2306 leges
1791 2251 1821 2288 a
1857 2233 2020 2289 vobis

441 2305 748 2385 dialecticis
777 2329 1034 2392 sancitas,
1068 2343 1174 2383 nec
1203 2343 1336 2399 ergo
1369 2305 1527 2396 pater
1555 2305 1758 2396 aliquis
1779 2336 1864 2382 est
1888 2341 2020 2394 vere

442 2420 676 2491 alicujus
727 2419 1014 2473 hominum
1063 2418 1158 2488 qui
1203 2419 1373 2472 vitam
1419 2418 1653 2488 ingressi
1682 2425 1861 2472 sunt:
1907 2432 2030 2489 non.

442 2512 592 2566 enim
618 2511 801 2565 carnis
827 2511 1001 2565 solius
1046 2511 1446 2566 convenienter
1492 2510 1716 2580 aliquis.
1738 2510 2022 2566 diceretur

445 2609 621 2670 pater,
654 2615 756 2654 nec
788 2606 984 2664 mater,
1025 2614 1128 2653 nec
1159 2597 1340 2665 ﬁlius;
1376 2597 1548 2670 igitur
1571 2614 1766 2655 omnes
1789 2600 2023 2655 fortuito

445 2704 576 2746 Casu
605 2703 818 2752 sumus,
848 2704 952 2745 nos
989 2689 1085 2760 qui
1125 2689 1406 2744 nascimur
1435 2707 1450 2744 :
1483 2707 1626 2746 anne
1651 2691 1812 2747 vobis
1842 2693 2024 2747 mani-

447 2779 648 2836 festius
672 2780 922 2836 exhiberi
954 2790 1139 2851 potest
1165 2790 1555 2853 argumentum
1579 2783 1602 2836 ?

520 2870 708 2937 Quoad
768 2873 1082 2942 exemplum
1136 2872 1418 2938 abortivi,
1467 2872 1749 2943 quomodo
1797 2873 2027 2930 dicitis?

447 2960 624 3026 Anne,
647 2963 776 3032 quia
799 2970 884 3018 est
907 2977 1033 3032 pars
1054 2963 1384 3033 simpliciter
1400 2972 1460 3020 et
1481 2964 1887 3034 imperfectum,
1913 2980 2026 3021 non

449 3049 656 3123 dicitur
685 3050 853 3116 ﬁlius,
880 3063 978 3111 aut
1011 3051 1141 3122 quia
1168 3053 1414 3109 nondum
1449 3053 1627 3110 vixit?
1673 3054 1731 3111 Si
1779 3055 1909 3126 quia
1941 3064 2030 3113 est

451 3139 858 3210 imperfectum,
884 3150 944 3198 et
980 3158 1110 3212 pars
1149 3143 1498 3214 simpliciter,
1521 3146 1802 3215 quomodo
1833 3146 2030 3203 dicun-

456 3241 546 3287 tur
568 3229 668 3285 lilii
701 3231 796 3301 qui
834 3235 1070 3288 truncati
1115 3242 1174 3293 et
1219 3237 1559 3294 monstruosi
1607 3237 1729 3294 sine
1765 3239 2029 3295 manibus

2058 3279 2104 3342 C

2118 2049 2276 2120 εἴπερ
2309 2048 2384 2119 μὴ
2430 2047 2602 2100 ἐστιν.
2631 2043 2849 2116 άληθῶς
2881 2045 2947 2098 ἐκ
2986 2043 3189 2114 μέρους
3234 2044 3413 2096 είπεῖν
3440 2045 3701 2112 γεννήτο-

2121 2157 2244 2212 ρας,
2277 2138 2369 2193 διὰ
2405 2139 2477 2192 τὰ
2522 2138 2616 2206 ὑφ’
2649 2137 2805 2208 ὑμῶν
2852 2135 2964 2189 τῶν
2992 2134 3352 2188 διαλεκτικῶν
3379 2124 3706 2208 νομοβέτού-

2125 2246 2284 2301 μενοι,
2323 2227 2433 2282 οὐδ’
2479 2227 2590 2299 ἂρα
2627 2227 2818 2298 πατήρ
2864 2224 3118 2291 τίςιὲστί
3152 2241 3302 2288 τινος
3339 2223 3450 2278 τῶν
3496 2225 3555 2277 ἑν
3606 2223 3706 2295 βίῳ

2121 2321 2494 2392 γεννηθέντων
2528 2315 2834 2392 ἀνθρώπων
2865 2317 3117 2390 ἀληθῶς·
3145 2317 3270 2372 οὐδὲ
3304 2317 3416 2388 γὰρ
3443 2317 3548 2387 τῆς
3575 2334 3708 2386 σαρ-

2123 2415 2217 2478 κὸς
2254 2415 2424 2486 μόνης
2471 2412 2704 2477 δεόντως
2733 2411 2948 2480 λέγοιτο
2990 2409 3056 2465 ἄν
3084 2427 3170 2474 τις
3211 2410 3418 2480 πατὴρ,
3448 2409 3572 2463 οὐδὲ
3602 2411 3707 2482 μή-

2121 2525 2250 2580 τηρ,
2297 2506 2421 2561 οὐδὲ
2451 2505 2591 2570 υἱὸξ,
2632 2505 2770 2560 ἀλλὰ
2801 2507 3005 2569 πάντες
3037 2503 3132 2578 ᾲπ’
3157 2503 3470 2573 αὐτομάτου
3516 2502 3708 2573 ἐσμὲν,

2123 2601 2175 2656 οἱ
2203 2599 2522 2671 γενόμενοιο
2549 2600 2646 2653 καὶ
2677 2597 2764 2662 τίς
2793 2596 2999 2651 τούτων
3032 2597 3124 2668 εἴη
3155 2591 3711 2668 ὑμῖν.’προφανὲοτε-

2130 2709 2220 2763 ρος
2245 2691 2500 2762 ἐλεγχος
2835 2740 2841 2746 .
2932 2699 2934 2703 '
3258 2710 3264 2719 ·

2197 2872 2272 2926 Τδ
2298 2871 2357 2926 δὲ
2391 2869 2742 2940 παράδειγμα
2766 2867 2861 2923 τοῦ
2897 2867 3352 2940 ἑξαμὸλώματος,
3389 2867 3510 2932 πῶς
3539 2885 3712 2937 φατες

2129 2958 2242 3035 ἄρα
2289 2963 2398 3033 γάρ
2430 2963 2508 3027 ὡς
2544 2961 2714 3033 μέρος
2762 2958 2950 3024 ἁπλῶς
3005 2960 3100 3014 καὶ
3151 2958 3344 3023 ἀτελὲς
3379 2959 3443 3012 οὐ
3494 2958 3716 3028 λέγεται

2131 3055 2248 3120 υίδς
2271 3095 2286 3118 .
2327 3055 2362 3126 ἢ
2389 3053 2468 3119 ὡς
2499 3052 2574 3127 μὴ
2609 3053 2782 3124 ζῆσαν
2809 3050 2991 3119 οὕπω;
3024 3053 3076 3106 εί
3105 3051 3208 3122 μὲν
3235 3049 3329 3108 οὖν
3365 3049 3441 3115 ὡς
3475 3051 3715 3117 ἐλλιπὲς,

2132 3149 2228 3203 καὶ
2259 3148 2337 3212 ὡς
2372 3147 2539 3218 μέρος
2583 3144 2793 3208 ἁπλῶς.
2829 3143 2949 3208 πῶς
2975 3142 3046 3199 τὰ
3072 3142 3274 3198 κολοδὰ
3302 3145 3397 3198 καὶ
3425 3143 3514 3198 ’τά
3547 3145 3720 3214 τεράο

2136 3259 2260 3298 στια
2287 3241 2491 3314 χειρῶν
2523 3256 2584 3293 τε
2607 3237 2738 3293 ἄνευ
2758 3237 2854 3293 καὶ
2882 3236 3062 3292 ποδῶν
3087 3235 3352 3300 πολλάκις
3377 3235 3475 3291 καὶ
3512 3227 3720 3306 ἑτέρων

454 3333 512 3380 et
540 3323 776 3394 pedibus
804 3340 948 3395 saepe
973 3334 1030 3381 et
1052 3325 1177 3382 aliis
1234 3327 1502 3384 membris
1555 3339 1880 3395 nascuntur,
1907 3346 2031 3388 cum

2139 3333 2346 3405 μορίων
2393 3331 2735 3408 γεννώμενα,
2779 3330 2888 3386 υἱοὶ
2930 3328 3184 3398 λέγονται
3212 3329 3272 3384 έν
3317 3329 3452 3401 τόσῃ
3495 3329 3721 3400 ἀτελείᾳ

456 3416 516 3472 in
558 3417 650 3471 tali
682 3417 1099 3486 imperfectione
1126 3419 1277 3476 sint?
1299 3419 1444 3486 Quid
1469 3428 1528 3476 et
1554 3422 1738 3479 adhuc
1769 3421 1840 3480 de
1861 3424 2036 3479 Abra-

457 3503 586 3560 ham
631 3504 726 3574 qui
781 3507 985 3562 multos
1043 3517 1173 3567 ante
1227 3523 1408 3566 annos
1451 3509 1758 3571 discedens,
1803 3520 2036 3570 vocatur

457 3605 618 3668 pater
643 3598 925 3655 israelitici
954 3600 1169 3670 populi,
1203 3610 1264 3657 et
1289 3602 1358 3656 de
1398 3602 1569 3658 David
1602 3605 1701 3673 qui
1732 3613 1857 3674 post
1885 3620 2038 3663 mor-

461 3698 576 3745 tem
624 3696 782 3759 pater
830 3690 1048 3746 Domini
1096 3690 1338 3746 dicitur?
1384 3693 1686 3749 Manifesta
1719 3695 1866 3752 enim
1912 3711 2039 3766 pars

461 3780 637 3852 ipsius
668 3791 886 3837 servata
919 3782 1238 3839 nominatur
1263 3785 1320 3839 in
1353 3787 1602 3842 futurum
1626 3795 1804 3857 pater,
1826 3789 2042 3846 scilicet

461 3875 667 3929 anima.
723 3875 779 3932 Si
825 3876 994 3947 igitur
1033 3876 1149 3932 sola
1180 3892 1312 3948 pars
1353 3878 1546 3934 vivens
1583 3878 1730 3934 ﬁlius
1775 3887 1834 3936 et
1879 3888 2040 3950 pater

461 3967 740 4022 nominari
765 3968 988 4031 debeat,
1018 3967 1150 4039 quid
1186 3968 1418 4039 impedit
1442 3970 1574 4039 quin
1605 3970 1754 4026 ﬁlius
1775 3987 1840 4026 ex
1882 3982 2040 4043 parte

464 4058 661 4113 vivens
715 4059 1068 4114 nominetur?
1127 4056 1475 4114 Manifestum
1529 4069 1616 4115 est
1663 4063 1833 4134 igitur
1890 4063 2042 4136 quod

467 4149 614 4203 ﬁlius
650 4163 760 4202 non
795 4148 1014 4215 iicitur,
1045 4151 1176 4219 quia
1211 4151 1320 4204 vita
1347 4159 1519 4218 caret,
1549 4168 1660 4208 non
1693 4163 1878 4209 autem
1913 4157 2063 4227 quia'

467 4250 553 4296 est
601 4255 750 4310 pars.
799 4235 1006 4311 nsupcr
1059 4241 1475 4314 archisynagogi
1529 4245 1733 4315 neptis,
1784 4257 1841 4302 ct
1896 4247 2043 4306 ﬁlius

467 4333 671 4399 vidum,
695 4341 750 4388 et
782 4333 877 4404 qui
908 4334 1114 4388 mortui
1159 4343 1292 4389 sunt
1317 4345 1445 4391 ante
1487 4348 1748 4407 parentes
1782 4341 1956 4404 vivos,
1995 4343 2043 4399 si

470 4435 620 4482 recte
666 4427 821 4482 vobis
869 4427 1130 4484 videntur
1182 4428 1239 4483 in
1297 4428 1596 4500 Evangelia
1634 4434 1745 4487 ﬁlia
1791 4445 1846 4490 et
1900 4435 2046 4491 ﬁlius

471 4518 652 4573 adhuc
700 4519 888 4574 vocari
943 4527 1170 4590 pr0pter
1221 4520 1468 4590 ipsorum
1504 4523 1716 4579 animas
1743 4525 1993 4582 viventes
2029 4544 2042 4580 ;

2134 3424 2269 3481 ὄντα
2298 3425 2533 3498 pepigi;
2561 3421 2642 3478 ἔτι
2669 3422 2726 3480 δὲ
2751 3420 2804 3479 τί
2836 3420 2902 3478 ἂν
2933 3420 3154 3491 φαίητε.
3193 3418 3450 3490 Ἀϐραὰμ
3478 3417 3576 3474 τοῦ
3615 3422 3725 3492 πρὸ

2136 3517 2408 3574 πλείστων
2436 3514 2574 3572 ἑτῶν
2601 3513 2969 3585 ἀποιχομένου
3012 3512 3356 3584 καλουμένου
3392 3513 3601 3584 πατρὸς
3628 3507 3726 3569 ςοῦ

2149 3608 2482 3680 Ἰσραηλίτου
2504 3607 2658 3672 λαοῦ,
2691 3608 2786 3664 καὶ
2813 3605 2977 3664 Δαῦὶδ
2999 3606 3136 3676 μετᾶ
3159 3605 3388 3676 θάνατον
3409 3606 3622 3676 πατρὸς
3635 3607 3729 3660 λε-

2136 3703 2371 3773 γομένου
2400 3703 2492 3757 τοῦ
2516 3703 2724 3773 Κυρίου
2747 3719 2762 3762 ς
2791 3703 2979 3771 σαφῶς
3003 3701 3114 3773 γὰρ
3138 3701 3201 3756 τὸ
3228 3700 3533 3771 σωζόμενον
3557 3701 3731 3771 μέρος

2138 3790 2306 3847 αὑτοῦ
2332 3791 2665 3863 ὀνομάζεται
2685 3790 2870 3848 λοιπὸν
2895 3790 3103 3862 πατὴρ,
3124 3791 3338 3861 ἡγουνὴ
3360 3789 3528 3860 ψυχή.
3545 3789 3614 3844 ει
3634 3785 3732 3846 οὖν

2139 3884 2258 3938 ἔστι
2301 3884 2466 3955 μέρος
2502 3883 2662 3954 μόνον
2682 3881 2793 3948 ζῶν
2822 3881 3187 3957 ὀνομάζεσθαι
3214 3881 3328 3938 υἱδν
3353 3881 3449 3938 καὶ
3486 3883 3730 3954 πατέρα,

2139 3975 2194 4028 τί
2217 3975 2415 4030 κωλύει
2440 3975 2536 4030 καὶ
2549 3975 2667 4029 υίὸν
2695 3973 3058 4045 ὀνομάζεσθαι
3083 3975 3148 4029 ἐκ
3172 3972 3266 4027 τοῦ
3293 3974 3494 4045 μέρους
3513 3975 3575 4029 τὸ
3593 3974 3730 4040 ζῶνς

2106 4132 2109 4134 _
2141 4067 2297 4138 δῆλον
2325 4067 2455 4138 ἄρα,
2487 4068 2570 4120 ὅτι
2604 4066 2703 4142 οὐχ
2737 4066 2814 4131 ὡς
2853 4067 3038 4141 μέρος,
3069 4065 3184 4123 ἀλλ’
3211 4065 3288 4132 ὡς
3326 4067 3503 4133 ἄζωον
3527 4069 3594 4122 οὗ
3648 4069 3737 4122 λέ-

2142 4179 2299 4233 γεται
2337 4162 2400 4215 τὸ
2430 4159 2506 4235 μὴ
2535 4160 2828 4232 λεγόμενον
2865 4161 3010 4226 υίὸςο
3053 4159 3134 4213 ἔτι
3171 4159 3276 4234 μὴν
3312 4159 3406 4217 τοῦ
3460 4163 3730 4234 ἀρχισυν-

2146 4252 2364 4323 αγώγου
2419 4253 2482 4310 τὺ
2537 4251 2846 4325 θυγάτριον,
2883 4251 2981 4305 καὶ
3005 4253 3034 4306 ὁ
3104 4250 3217 4314 υίὸς
3245 4253 3345 4323 τῆς
3393 4252 3594 4324 χήρας,
3628 4253 3728 4306 καὶ

2148 4345 2681 4419 προτελευτῆσαντες
2733 4327 2842 4402 τῶν
2903 4343 3120 4410 ζώντων
3173 4344 3396 4413 γονέων.
3447 4346 3498 4398 εἰ
3548 4345 3737 4415 ὀρθῶς

2148 4439 2276 4511 ὑμῖν
2303 4438 2557 4494 δοκοῦσιν
2577 4438 2636 4490 ὲν
2661 4435 2741 4510 τῷ
2770 4435 3090 4508 Εὑαγγελίῳ
3117 4435 3364 4509 Θυγάτηρ
3393 4453 3455 4492 τε
3479 4438 3575 4490 καὶ
3617 4438 3736 4504 υἱὸς

2151 4520 2230 4583 ἔτι
2260 4529 2516 4598 λέγεσθαι
2548 4531 2640 4584 sit!
2663 4532 2782 4596 ταῖς
2808 4527 3013 4597 ζώσαις
3057 4529 3238 4581 αὐτῶν
3263 4527 3498 4600 ψυχαῖς·
3536 4529 3648 4584 ἰδοὺ
3671 4530 3737 4584 τὸ

470 4626 604 4666 ecce
643 4627 673 4666 a
708 4611 868 4667 vobis
894 4600 1211 4667 confessum
1249 4621 1334 4667 est
1367 4622 1578 4683 partem
1622 4632 1744 4670 esse
1787 4617 1960 4672 ﬁlium
1990 4629 2031 4673 e1

2157 4622 2320 4694 μέρος
2349 4623 2441 4676 καὶ
2460 4622 2598 4698 ¹ὑμῖν
2627 4620 2971 4691 ὁμολογεῖται
3006 4617 3144 4678 εἶναι
3177 4621 3293 4685 υίὸς
3332 4623 3427 4676 καὶ
3450 4621 3732 4695 θυγάτηρ·

379 4749 386 4756 κ
473 4701 688 4757 ﬁliam:
724 4713 809 4758 est
854 4704 1024 4774 igitur
1060 4713 1311 4774 apertum
1361 4707 1530 4776 quod,
1567 4707 1698 4778 quia
1754 4724 1864 4762 non
1911 4704 2031 4764 vivii

2149 4717 2258 4788 ἄρα
2293 4709 2388 4769 οὖν
2422 4714 2592 4788 σαφές
2623 4715 2772 4768 ἐστιν
2819 4715 2900 4767 ὅτι
2949 4714 3026 4777 ὡς
3082 4714 3158 4786 μὴ
3209 4711 3318 4778 ζῶν
3348 4713 3600 4786 πρώτως,
3636 4717 3735 4768 καὶ

475 4793 739 4863 primum,
764 4811 943 4866 neque
961 4796 1092 4867 quia
1117 4805 1204 4850 est
1234 4813 1362 4867 pars
1385 4799 1736 4869 simpliciter,
1767 4800 1913 4856 ﬁlius
1936 4817 2051 4857 non

475 4881 680 4939 dicitur
712 4886 1023 4942 abortivus.
1053 4887 1111 4942 Si
1142 4888 1288 4943 enim
1319 4889 1490 4944 multa
1516 4897 1574 4944 et
1604 4890 1860 4947 informia
1891 4892 2052 4948 abor-

478 4977 718 5032 tivorum
748 4993 983 5050 corpora
1021 4978 1204 5033 anima
1222 4979 1585 5045 donarentur,
1625 4980 1722 5034 ﬁlii
1765 4981 1961 5036 ﬁerent
1995 4990 2053 5036 et

478 5069 848 5124 dicerentur:
893 5079 1152 5125 caeterum
1205 5087 1317 5126 non
1372 5072 1506 5127 illud
1552 5072 1811 5137 dicimus,
1853 5089 2054 5144 nempe

478 5175 641 5215 omne
673 5169 886 5230 partem
933 5169 991 5216 et
1028 5160 1201 5216 ﬁlium
1234 5178 1380 5228 esse,
1430 5162 1526 5218 sed
1570 5165 1730 5219 vobis
1777 5164 2056 5220 immerito

480 5249 662 5305 visum
723 5250 895 5306 fuisse
953 5267 1128 5305 unum
1190 5251 1368 5307 ﬁlium
1432 5268 1498 5308 ex
1566 5264 1725 5326 parte
1774 5271 2057 5328 nunquam

479 5342 706 5412 proprie
767 5343 1078 5410 nominari,
1131 5354 1228 5400 aut
1277 5361 1344 5402 ex
1392 5356 1549 5419 parte
1600 5363 1886 5419 nunquam
1937 5365 2059 5407 esse

482 5446 717 5506 patrem.
1373 5437 1382 5444 '
1873 5437 1886 5452 ’

557 5529 661 5584 Sed
707 5537 973 5600 praeterea
1021 5530 1290 5588 addemus
1332 5549 1433 5590 nos
1479 5534 1748 5592 ailirmare
1777 5534 2062 5593 Christum

483 5631 606 5674 esse
630 5635 744 5676 non
767 5637 835 5676 ex
865 5631 1022 5693 parte
1045 5625 1395 5696 simpliciter,
1425 5627 1522 5681 sed
1565 5642 1634 5681 ex
1665 5633 1780 5682 toto
1803 5629 2065 5685 uniuscu-

482 5713 684 5784 jusque
717 5714 953 5784 Filium,
980 5716 1114 5774 licet
1164 5719 1276 5774 sin’t
1304 5719 1543 5775 diversae
1579 5721 1818 5790 partium
1854 5737 1976 5792 quas
2007 5723 2063 5778 in

491 5803 609 5875 ipso
659 5816 787 5864 sunt
839 5807 1138 5866 ﬁliationes
1167 5829 1182 5866 :
1211 5811 1465 5882 corporis
1513 5811 1723 5869 Christi
1770 5829 1934 5870 causa
1980 5825 2067 5872 est

493 5911 684 5958 sancta
711 5902 879 5978 Virgo
911 5919 1034 5977 quae
1062 5903 1272 5978 aliquid
1314 5921 1487 5985 unum
1533 5907 1695 5966 istius
1742 5908 1993 5982 corporis
2035 5925 2065 5966 a

2151 4808 2250 4880 οὐχ
2275 4807 2351 4873 ὡς
2379 4806 2544 4879 μέρος
2578 4807 2786 4872 ἁπλῶς,
2815 4807 2876 4860 οὐ
2919 4805 3137 4874 λέγεται
3186 4807 3302 4877 υἱὸς
3341 4807 3401 4860 τὸ
3444 4806 3730 4874 ὲξάμσλω-

2156 4916 2262 4975 μα’
2318 4899 2487 4954 πολλὰ
2542 4900 2652 4970 γὰρ
2705 4899 2800 4954 καὶ
2856 4898 3187 4972 ἁτελέστερα
3260 4898 3370 4952 τῶν
3448 4898 3737 4970 ἐξαμϐλω-

2157 4993 2344 5064 μάτων
2377 4992 2514 5057 δλως
2561 4993 2611 5045 εί
2658 4991 2962 5064 ψυχωθεῖεν
3008 4988 3256 5063 σώματα,
3307 4992 3414 5046 υἱοὶ
3437 4993 3739 5062 γεννῶνται

2156 5087 2262 5140 καὶ
2278 5073 2559 5156 λέγονταν
2590 5087 2819 5158 ὃπουςγε
2857 5086 2991 5158 πρὸς
3009 5088 3196 5150 πᾶσιν,
3231 5084 3353 5140 οὐδὲ
3384 5083 3546 5140 τοῦτο
3571 5086 3737 5162 ἡμεῖς

2157 5194 2361 5249 φαμεν,
2406 5178 2490 5232 ὅτι
2531 5179 2640 5232 πᾶν
2689 5178 2894 5249 μέρος,
2946 5177 3042 5234 καὶ
3087 5175 3240 5244 υἱός·
3280 5176 3398 5232 ἀλλ’
3435 5175 3519 5229 ὅτι
3549 5175 3738 5242 κακῶς

2159 5271 2288 5341 ὑμῖν
2318 5269 2489 5335 ἔδοξε,
2520 5271 2654 5342 μηδὲ
2687 5265 2778 5346 εἷς·
2816 5269 2930 5334 υἱὸς
2953 5269 3017 5323 ἐκ
3045 5267 3246 5340 μέρους
3276 5266 3494 5324 πώποτε
3532 5268 3740 5340 κυρίως

2160 5363 2546 5436 ὀνομάζεσθαι,
2576 5363 2610 5434 ἦ
2637 5363 2704 5419 ὲκ
2737 5361 2936 5433 μέρους
2980 5361 3162 5434 πατὴρ
3187 5357 3346 5415 εἶναι.
3551 5375 3558 5378 ·

2248 5539 2407 5598 Ἀλλὰ
2437 5538 2574 5616 πρὸς
2599 5537 2810 5601 τούτοις
2834 5537 3069 5607 ἐροῦμεν
3093 5537 3159 5590 ὲκ
3183 5536 3504 5613 περιουσίας
3531 5538 3629 5592 καὶ
3665 5540 3743 5601 ὡς

2165 5635 2329 5706 ἡμεῖς
2371 5632 2494 5686 οὐδὲ
2535 5633 2599 5685 ἐκ
2619 5629 2820 5702 μέρους
2863 5628 3071 5694 ἁπλῶς,
3100 5629 3239 5683 ἀλλὰ
3265 5631 3358 5682 καὶ
3390 5630 3458 5683 ἐκ
3488 5628 3584 5684 τοῦ
3619 5629 3746 5684 ὅλου

2167 5725 2295 5793 Υίὸν
2324 5722 2586 5792 ἐκατέρου
2621 5720 2800 5791 φαμὲν
2843 5718 2936 5773 τδν
2969 5719 3207 5790 Χριστὸν
3242 5713 3406 5784 εἶναι,
3440 5721 3655 5798 υίότησι
3684 5720 3744 5774 δὲ

2167 5817 2443 5890 διαφόροις
2465 5815 2572 5871 τῶν
2603 5817 2661 5869 ὲν
2685 5813 2835 5886 αὐτῷ
2863 5812 3048 5886 μερῶν
3067 5828 3083 5846 ο
3112 5812 3210 5866 τοῦ
3244 5830 3306 5866 τε
3347 5811 3459 5886 γὰρ
3488 5813 3748 5882 σώματος

2167 5908 2406 5983 Χριστοῦ
2439 5907 2500 5962 τὸ
2534 5906 2637 5979 μέν
2651 5923 2704 5960 τι
2731 5903 2876 5961 κατὰ
2901 5901 3062 5974 φύσιν
3089 5903 3198 5960 ἀπὸ
3211 5902 3346 5958 Θεοῦ
3365 5903 3456 5959 διὰ
3480 5907 3592 5959 τῶν
3611 5915 3746 5972 προ-
