4006 6542
299 518 434 582 1609

1248 526 1646 587 ADVERSUS
1683 527 2228 591 NESTORIANOS.
2258 557 2324 567 -
2357 532 2509 595 LIB.
2554 533 2666 592 ΙῘἸ.

3432 533 3565 602 ἰτῡιθ

286 634 462 704 γόνων
515 631 758 686 λαϐοῦσα
807 633 957 687 αἰτία
1015 633 1109 688 τοῦ
1164 632 1304 690 εἶναι
1341 639 1536 708 ήάγία
1588 639 1868 711 Παρθένος

1974 645 2086 700 Deo
2117 660 2218 714 per
2243 655 2502 715 parentes
2547 644 2784 715 accepit.
2825 654 2884 700 et
2926 645 3136 717 aliquid
3163 649 3399 705 alterum
3429 667 3564 720 pro-

286 728 426 791 ὲστὶ,
459 725 520 781 τὸ
547 727 604 781 δὲ
635 727 730 781 καὶ
761 727 906 788 ἰδίως
937 731 1002 783 ὲκ
1035 728 1130 782 τοῦ
1177 730 1338 799 ἁγίου
1367 732 1691 802 ιΙνεύματος
1718 734 1875 788 δυνα-

290 819 557 892 μωθεῖσα,
592 820 695 890 τῆς
732 835 794 874 τε
845 822 1024 893 ψυχῆς
1058 823 1224 876 αὑτοῦ
1261 826 1449 895 μήτηρ
1481 825 1653 890 ἐστὶν,
1689 825 1749 890 ἑξ
1778 827 1876 880 αύ-

285 916 389 984 τής
422 914 559 984 πρὸς
588 913 686 986 τὴν
719 917 957 986 φυσικὴν
985 916 1078 970 τοῦ
1113 916 1244 970 ἰδίου
1276 918 1580 987 ἐνδύματος
1609 918 1874 987 συζυγίαν

285 1008 860 1079 νυμφοστολουμένης,
914 1009 1009 1065 καὶ
1058 1010 1135 1075 ὡς
1169 1014 1234 1064 ὲκ
1269 1012 1518 1081 βαλδίδος
1569 1013 1714 1076 τινος
1768 1030 1876 1066 πα-

287 1101 417 1158 στοῦ
453 1101 611 1168 ἁγίου
642 1103 708 1172 τῇ
736 1103 832 1155 ἀπ’
864 1102 1037 1172 αὐτῆς
1079 1105 1332 1176 γεννήσει
1364 1107 1445 1169 εἰς
1476 1108 1537 1158 τὸ
1570 1103 1710 1160 εἰναι
1737 1122 1874 1175 προ-

286 1191 466 1245 ελθεῖν
498 1193 603 1246 ὑπὸ
652 1192 791 1245 Θεοῦ
844 1194 1223 1266 τεταγμένης*
1265 1197 1358 1250 καὶ
1404 1197 1506 1266 τῆς
1523 1196 1780 1266 θεότητος
1817 1197 1874 1251 δὲ

286 1281 477 1349 αὑτοῦ,
533 1284 739 1356 ἀληθὴς
771 1287 1096 1357 γεννήτειρα
1135 1289 1251 1342 ἐστι
1281 1287 1377 1341 τοῦ
1423 1289 1598 1357 Λόγου
1650 1288 1744 1342 τοῦ
1777 1290 1874 1343 ἀπ’

286 1373 503 1428 αίώνων
539 1377 784 1446 ἀσάρκου
831 1377 925 1432 καὶ
954 1377 1254 1434 ἀσυνθέτου
1285 1379 1343 1445 ἐξ
1369 1377 1541 1449 αὐτῆς
1564 1378 1872 1450 ἀρξαμένου

283 1469 384 1536 τῆς
420 1467 558 1537 μετὰ
593 1467 794 1538 σαρκὸς
826 1469 1073 1540 ἐμψύχου
1101 1473 1509 1542 συνυπάρξεως,
1540 1472 1607 1525 δι’
1638 1475 1872 1528 ὑποστα-

283 1557 445 1628 τικῆς
481 1557 728 1622 ὲνῶσεως
763 1559 842 1622 εἰς
875 1561 1158 1630 πλήρωσιν
1209 1561 1310 1630 τῆς
1357 1563 1561 1625 οἰκείας
1599 1563 1868 1626 εὐδοκίας.

285 1648 499 1703 Οὐκοῦν
525 1651 573 1701 εἰ
608 1650 702 1703 καὶ
748 1651 824 1720 μὴ
859 1650 1142 1716 ὡσαύτως,
1174 1652 1288 1706 ἀλλ’
1324 1653 1473 1723 ὅμως
1519 1654 1736 1707 πάντων
1763 1655 1872 1706 τῶν

286 1740 526 1810 Χριστοῦ
575 1743 760 1813 μερῶν
823 1745 1006 1814 μήτηρ
1059 1746 1155 1798 καὶ
1202 1745 1298 1799 τοῦ
1353 1747 1476 1799 ὅλου
1527 1748 1634 1818 ἄρα
1669 1750 1703 1818 ἠ
1739 1747 1872 1816 ἁγία

287 1831 592 1904 Παρθένος·
635 1833 815 1905 ἀρχῆς
847 1837 956 1905 γάρ
995 1852 1141 1898 τινος
1185 1837 1264 1907 τῷ
1291 1838 1620 1908 γεννωμένῳ
1653 1838 1872 1902 πάντως

283 1927 458 1989 αἴτιος
489 1926 518 1978 6
546 1927 798 1980 ὁπωσοῦν
837 1927 1128 1998 λεγόμενός
1168 1945 1293 1982 τινα
1325 1931 1588 2000 γεννῆσαι
1629 1930 1868 2000 ἀληθῶς,

1976 737 2096 807 prie
2122 753 2153 793 e
2185 748 2377 793 sancto
2406 737 2619 808 Spiritu
2648 737 2993 805 en‘ormavit;
3034 748 3120 794 est
3145 741 3316 796 etiam
3364 753 3563 808 mater.

1975 832 2097 901 ejus
2126 831 2325 885 anima:
2348 847 2472 902 qua:
2505 831 2732 902 quidem
2767 831 2834 886 ad
2872 833 3126 888 naturale
3152 835 3362 905 proprii
3397 837 3566 891 indu-

1975 923 2150 978 menti
2182 924 2502 994 coniugium
2528 939 2729 994 sponsa
2759 933 2957 978 ornata
2992 924 3156 979 ducta
3181 924 3394 990 fuit_,-et
3427 927 3505 982 ita
3531 944 3563 983 a

1973 1017 2089 1071 Deo
2116 1016 2383 1086 disposita
2425 1027 2512 1071 est
2541 1026 2602 1070 ut
2648 1016 2830 1070 exiret
2861 1016 2927 1070 ad
2978 1017 3362 1072 exsistendum
3392 1020 3562 1089 quasi

1974 1125 2006 1163 e
2035 1111 2297 1180 repagulo
2330 1111 2566 1181 alicujus
2607 1110 2733 1164 lecti
2775 1109 3041 1179 nuptialis
3091 1111 3291 1172 sancti.
3329 1126 3564 1182 genera-

1978 1203 2126 1258 tione
2183 1203 2254 1257 ab
2308 1203 2423 1274 ipsa
2467 1211 2734 1273 accepta:
2768 1212 2824 1257 et
2872 1203 3185 1259 divinitatis
3229 1205 3372 1274 ejus,
3431 1221 3564 1259 vera

1975 1297 2213 1368 geni-trix
2247 1305 2333 1352 est
2371 1295 2539 1351 Verbi
2571 1296 2717 1366 quod
2766 1305 2888 1351 erat
2922 1312 2951 1350 a
2990 1281 3208 1351 saeculis
3241 1297 3362 1351 sine
3395 1311 3564 1352 carne

1973 1396 2028 1442 et
2057 1389 2507 1458 incompositum,
2552 1388 2810 1458 quodque
2849 1403 2948 1457 per
2986 1388 3162 1458 ipsam
3205 1387 3410 1458 incepit
3439 1390 3563 1443 ani-

1974 1483 2257 1536 maticum
2285 1495 2452 1536 carne
2493 1481 2964 1545 coexsistentiam,
3012 1497 3114 1550 per
3160 1480 3563 1552 hypostaticam

1973 1576 2255 1639 unionem,
2292 1575 2359 1628 ad
2410 1575 2792 1644 complendam
2838 1575 3120 1644 propriam
3155 1575 3559 1643 apparentiam.

1973 1666 2144 1736 Igitur
2182 1665 2401 1720 etiamsi
2432 1680 2542 1720 non
2570 1665 2766 1719 eodem
2790 1665 2974 1726 modo,
3005 1663 3104 1719 sed
3129 1679 3284 1733 atque
3313 1667 3560 1719 onmium

1971 1759 2182 1815 Christi
2228 1759 2468 1829 partium
2519 1769 2695 1814 mater
2743 1767 2800 1813 et
2843 1758 3016 1812 totius
3062 1766 3213 1812 certe
3244 1766 3332 1811 est
3367 1767 3560 1812 sancta

1973 1851 2188 1922 Virgo:
2237 1852 2475 1922 alicujus
2513 1852 2664 1906 enim
2709 1850 2943 1920 originis
2995 1849 3188 1920 genito
3241 1857 3436 1904 auctor
3467 1860 3562 1906 est

1974 1945 2202 2000 omnino
2228 1945 2322 2015 qui
2348 1944 2555 1998 dicitur
2597 1959 2934 2013 quocunque
2961 1943 3126 1996 modo
3149 1941 3397 2012 aliquem
3431 1957 3561 1998 vere

283 2019 345 2073 οῦ
380 2018 565 2088 μέντοι
597 2021 813 2082 πάντως
835 2019 934 2088 τῆς
982 2019 1078 2072 τοῦ
1111 2017 1252 2075 εἶναι
1279 2021 1342 2074 ὲκ
1367 2021 1442 2091 μὴ
1471 2021 1664 2076 ὄντων⁹
1696 2024 1729 2094 ἢ
1761 2024 1868 2094 γὰρ

1974 2037 2251 2108 genuisse,
2278 2052 2388 2092 non
2416 2046 2600 2091 tamen
2632 2036 2860 2091 omnino
2895 2035 3127 2106 originis
3156 2050 3322 2106 quam
3350 2050 3416 2090 ex
3446 2051 3560 2092 non

284 2115 353 2168 ἂν
393 2113 556 2179 οὕτω,
591 2115 712 2169 οὐδὲ
744 2114 866 2167 καθ’
901 2114 1066 2168 αὑτὸν
1113 2115 1142 2168 ό
1196 2115 1394 2184 Λόγος,
1424 2115 1586 2184 φύσει
1624 2116 1752 2180 Υἰδς
1797 2113 1866 2188 ἦν

1974 2129 2365 2185 exsistentibus
2397 2129 2640 2184 extrahit
2672 2145 2685 2183 :
2733 2139 2884 2185 certe
2929 2129 3079 2183 enim
3118 2129 3212 2194 ita,
3261 2143 3371 2183 non
3409 2142 3558 2198 apuu

281 2205 378 2263 τοῦ
408 2207 622 2280 Πατρός
642 2222 655 2236 ·
687 2207 747 2262 ού
783 2208 892 2278 γὰρ
929 2208 1011 2269 εἰς
1034 2207 1096 2260 τὸ
1123 2203 1266 2265 εῖναι
1300 2210 1366 2262 ὲκ
1393 2211 1473 2282 μὴ
1501 2209 1674 2266 ὄντων
1701 2210 1866 2280 γεγέ-

1974 2223 2176 2293 ipsum,
2223 2223 2468 2278 Verbum
2511 2223 2684 2276 Filius
2722 2229 2843 2276 erat
2882 2219 3067 2275 Patris
3098 2238 3111 2274 :
3148 2235 3258 2275 non
3304 2220 3454 2275 enim
3485 2229 3560 2276 ut

279 2317 442 2373 νηται
468 2301 560 2357 ὑπ’
585 2300 756 2356 αὑτοῦ
787 2301 815 2354 ὁ
844 2301 1136 2368 συναῐδιος.

1974 2325 2115 2371 esset
2163 2331 2230 2370 ex
2281 2331 2393 2371 non
2444 2314 2845 2371 exsistentibus
2891 2314 3140 2386 genitum
3190 2321 3276 2368 est
3312 2312 3394 2368 ab
3437 2313 3558 2384 ipso

1957 2419 2136 2465 macte
2142 2426 2204 2464 ω
2211 2425 2301 2464 um
2311 2450 2325 2463 .

895 2522 1146 2578 ΚΕΦΛΛ.
1190 2523 1261 2578 Γ’.

357 2636 480 2691 Ἔτι
514 2637 711 2707 φασὶν,
751 2639 800 2690 εἰ
832 2638 894 2690 ἐκ
931 2638 1131 2709 μέρους
1181 2638 1210 2690 ὁ
1259 2638 1494 2709 Χριστὸς
1537 2637 1691 2709 ὑμῶν
1743 2637 1870 2702 Υίδς

277 2730 440 2796 Θεοῦ,
490 2732 583 2784 καὶ
637 2731 702 2784 ὲκ
742 2730 940 2801 μέρους
989 2732 1096 2800 ἄρα
1143 2730 1275 2794 Θεὸς
1320 2731 1585 2801 δηλονότι,
1631 2733 1725 2785 καί
1757 2732 1856 2803 οὐχ

275 2826 423 2889 ὅλος,
451 2823 679 2896 ἡμίθεος
713 2825 840 2896 ἄρα.
885 2825 1021 2878 Ἀλλ’
1054 2827 1186 2896 ἡμῖν
1228 2825 1350 2888 ὅλος
1377 2825 1509 2889 Θεὸς
1553 2841 1866 2898 προσκυνη-

278 2918 374 2982 τὸς
403 2909 483 2980 εἷς
519 2919 546 2970 ό
580 2917 818 2988 Χριστός
842 2931 856 2945 ⁸
895 2916 990 2970 τοῦ
1026 2917 1124 2988 μὲν
1158 2917 1264 2971 τῶν
1293 2919 1349 2970 ὲν
1375 2917 1524 2988 αὐτῷ
1548 2917 1628 2989 τῷ
1661 2917 1741 2970 ἑνὶ
1762 2917 1868 2989 ὅλῳ

284 3009 489 3081 μερῶν,
521 3010 643 3064 κατ’
675 3010 866 3062 οὐσίαν
891 3009 1046 3074 ὄντος
1075 3009 1283 3064 τελείου
1312 3009 1454 3063 θείου
1473 3027 1487 3040 ·
1514 3010 1609 3063 τοῦ
1641 3010 1696 3068 δὲ
1725 3009 1868 3065 κατά

2603 2522 2763 2578 CAP.
2803 2523 2898 2578 Ill.

2041 2633 2239 2690 Adhuc
2275 2635 2565 2705 inquiunt,
2596 2633 2643 2689 si
2681 2650 2747 2688 ex
2787 2642 2944 2702 parte
2973 2633 3228 2690 Christus
3254 2644 3438 2690 vester
3472 2645 3558 2691 est

1969 2726 2065 2780 Dei
2097 2727 2293 2791 Filius,
2318 2737 2374 2782 et
2401 2743 2469 2782 ex
2500 2736 2656 2796 parte
2695 2720 2849 2782 certe
2885 2727 3053 2792 Deus,
3089 2726 3444 2783 manifestum
3471 2738 3558 2784 est

1969 2819 2119 2891 quod
2149 2837 2261 2875 non
2287 2827 2456 2882 totus,
2486 2819 2584 2874 sed
2609 2819 2921 2874 semi-Deus
2951 2829 3056 2874 est.
3103 2819 3363 2876 Attamen
3393 2821 3558 2877 nobis

1970 2922 2124 2969 totus
2175 2913 2322 2968 Deus
2359 2911 2662 2968 adorabilis
2710 2927 2856 2966 unus
2895 2911 3192 2969 Christus:
3233 2913 3366 2968 hinc
3405 2913 3558 2970 enim

1969 3017 2098 3061 sunt
2113 3007 2168 3060 in
2189 3005 2310 3076 ipso
2327 3021 2440 3060 uno
2467 3013 2585 3060 toto
2607 3014 2795 3075 partes
2823 3020 2946 3074 qua:
2967 3005 3079 3059 sint
3101 3005 3406 3061 secundum
3419 3005 3561 3061 sub-

279 3103 577 3178 μετουσίαν
605 3103 702 3157 τοῦ
730 3105 1008 3175 ἡνωμένου
1039 3103 1190 3174 αὐτῷ
1223 3104 1344 3156 κατ’
1373 3103 1562 3156 οῦσίαν
1589 3103 1733 3156 θείου
1768 3102 1868 3173 μέ-

1974 3101 2226 3155 stantiam
2261 3098 2542 3169 perfectus
2571 3099 2739 3162 Deus,
2772 3098 3036 3168 illincque
3072 3113 3204 3168 pars
3235 3098 3422 3153 divina
3458 3114 3558 3169 per

281 3213 410 3270 ρους
437 3212 452 3227 ο
488 3196 535 3248 εἰ
565 3195 623 3247 δὲ
671 3196 803 3266 ἡμῖν
833 3195 924 3248 τὸν
955 3193 1190 3266 Χριστὸν
1222 3193 1356 3247 διότι
1384 3193 1448 3247 τὸ
1480 3193 1537 3245 ἓν
1571 3192 1736 3264 μέρος
1771 3192 1867 3246 αύ-

281 3287 378 3341 τοῦ
419 3288 578 3358 μόνον
609 3287 722 3358 ἔχει
756 3287 820 3340 τὸ
861 3286 1021 3356 φύσει
1044 3286 1207 3348 θεῖον,
1234 3286 1462 3358 ἡμίθεον
1497 3287 1759 3355 συνάγετε
1791 3281 1865 3339 εῖ-

1968 3193 2450 3263 participationem
2475 3192 2585 3263 ipsi
2611 3191 2920 3246 secundum
2944 3191 3311 3246 substantiam
3345 3190 3558 3264 unitur,

1970 3285 2028 3341 Si
2070 3300 2204 3340 vero
2249 3293 2444 3341 contra
2487 3299 2586 3338 nos
2635 3281 2945 3345 Christum.
2994 3279 3124 3350 quia
3171 3295 3336 3335 unam
3387 3279 3560 3349 ipsius

281 3398 393 3443 ναι,
439 3381 592 3434 αὐτοὶ
639 3379 776 3450 μηδὲ
827 3378 890 3433 τὸ
951 3380 1071 3433 ὅλον
1110 3379 1248 3449 μηδὲ
1283 3379 1446 3450 μέρος
1496 3379 1658 3448 φύσει
1720 3379 1864 3432 θεῖον

1974 3386 2180 3446 partem
2224 3377 2399 3431 solam
2447 3375 2616 3430 habet
2668 3382 2868 3430 natura
2917 3371 3182 3436 divinam,
3228 3370 3561 3426 semi-deum

283 3474 564 3538 παντελῶς
589 3477 646 3527 ὲν
676 3474 829 3545 αύτῴ
859 3474 1085 3538 εἰδότες,
1117 3473 1278 3543 δῆλον
1299 3474 1374 3536 ῶς
1403 3473 1523 3527 οὐδὲ
1553 3473 1691 3536 ὅλως
1711 3472 1864 3539 Θεὸν,

277 3567 422 3626 ἀλλὰ
455 3567 610 3636 ψιλὸν
668 3566 958 3638 ἄνθρωπον
985 3567 1164 3638 πάντη
1203 3565 1326 3623 καθ’
1355 3567 1505 3638 ἡμᾶς
1533 3562 1673 3620 εἰναι
1705 3565 1870 3633 γινώ-

283 3675 444 3717 σκετε
482 3660 670 3714 αὐτόν.

886 3861 1140 3915 ΚΕΦΑᾹ.
1181 3858 1257 3916 Δ’.

350 3972 513 4026 Ἀλλ’
545 3973 626 4035 εἰς
678 3971 874 4043 ἑτέρας
925 3971 1342 4043 παρακειμένας
1387 3971 1718 4038 αἰτιολογίας
1769 3968 1870 4038 τῆς

280 4063 543 4128 ἀσεϐείας
591 4064 772 4118 αὐτῶν
807 4063 1318 4135 μετακυλισθέντες,
1355 4064 1488 4132 φασὶ
1525 4062 1616 4116 διὰ
1641 4061 1758 4115 τόδε
1793 4060 1868 4131 μὴ

281 4156 466 4226 λέγειν
492 4157 552 4210 ιν
583 4158 681 4211 καὶ
711 4158 772 4211 τὸ
814 4157 947 4211 αὐτὸ
997 4157 1157 4222 ζῶον,
1193 4158 1289 4211 καὶ
1327 4157 1456 4227 μίαν
1486 4155 1717 4224 ὁλότητα
1750 4151 1868 4206 υίοῦ

287 4250 483 4323 μόνην·
515 4251 581 4304 ὲκ
630 4248 784 4313 θείας
835 4265 896 4302 τε
950 4251 1048 4303 καὶ
1102 4248 1458 4320 ἀνθρωπίνης
1483 4242 1623 4302 εἶναι
1655 4247 1870 4316 φύσεως

1971 3482 2094 3521 esse
2124 3466 2378 3537 arguitis,
2432 3465 2537 3535 ipsi
2585 3479 2688 3519 nec
2729 3471 2910 3518 .totum
2961 3477 3065 3516 nec
3095 3470 3309 3532 partem
3360 3470 3563 3515 natura

1972 3556 2181 3622 divina,
2229 3555 2485 3612 absolute
2536 3556 2590 3610 in
2648 3559 2767 3627 ipso
2793 3554 3071 3619 videntes,
3115 3552 3406 3608 manifeste
3451 3567 3563 3607 non

1961 3651 2199 3704 omnino
2231 3651 2429 3712 Deum.
2477 3649 2574 3705 sed
2622 3647 2834 3703 nudum
2875 3646 3170 3705 hominem
3222 3644 3560 3707 omnimodc.

1965 3740 2122 3810 juxta
2155 3757 2256 3796 nos
2288 3741 2445 3795 illum
2479 3754 2728 3794 asserere
2752 3737 2988 3792 debetis.

2615 3854 2774 3912 CAP.
2809 3853 2904 3911 Ν.

2043 3971 2151 4027 Sed
2189 3972 2244 4026 in
2270 3972 2380 4029 alia
2414 3971 2664 4042 subjecta
2694 3977 3019 4041 argumenta
3043 3967 3354 4038 impietatis
3377 3977 3564 4023 trans-

1966 4067 2144 4122 voluti
2167 4109 2181 4132 .
2223 4066 2382 4120 aiunt
2410 4081 2423 4117 :
2452 4065 2582 4135 quia
2614 4079 2725 4118 non
2756 4061 2963 4116 dicitur
2998 4076 3168 4115 unum
3197 4067 3254 4115 et
3288 4059 3436 4114 idem
3477 4058 3565 4113 vi-

1970 4176 2102 4215 vum
2140 4169 2197 4214 et
2230 4175 2395 4214 unam
2440 4159 2769 4213 totalitatem
2816 4155 2913 4211 lilii
2951 4155 3123 4210 solam
3170 4167 3238 4208 ex
3283 4153 3472 4208 divina
3505 4160 3565 4208 et

1971 4255 2209 4309 humana
2241 4263 2499 4310 constare
2528 4261 2728 4306 natura
2758 4248 2944 4313 simul.
2964 4247 3336 4305 ideoomnem
3383 4244 3562 4303 ﬁlium

282 4344 425 4412 ἅμα,
455 4341 591 4397 διότι
645 4343 823 4396 πάντα
871 4342 985 4397 tile
1040 4343 1327 4413 όμοούσιον
1377 4340 1609 4413 δρᾶσθαι
1651 4339 1866 4410 ἀνάγκη

1974 4344 2497 4402 consubstantialem
2539 4357 2672 4398 esse
2717 4339 3044 4412 parentibus
3094 4352 3322 4394 necesse
3368 4347 3475 4400 est,
3503 4345 3562 4390 et

283 4435 398 4497 τοῖς
440 4432 754 4487 τίκτουσιν·
789 4432 1056 4503 ἀνελλιπῆ
1115 4451 1175 4488 τε
1213 4434 1308 4487 καὶ
1355 4433 1646 4502 ἀπέριττον
1699 4431 1865 4502 ἔχειν,

283 4526 384 4599 τὴν
414 4528 550 4598 πρὸς
579 4529 706 4590 τοὺς
738 4526 942 4595 φύντας
979 4526 1143 4580 αὐτὸν
1178 4526 1280 4596 τῆς
1317 4525 1506 4588 οὐσίας
1533 4523 1862 4595 ὁμοιότητα·

278 4618 311 4670 ὁ
344 4617 580 4689 Χριστὸς
629 4616 686 4669 δὲ
744 4618 897 4688 ὑμῶν
929 4618 958 4670 ό
989 4616 1125 4670 Θεοῦ
1178 4633 1240 4671 τε
1281 4617 1374 4670 καὶ
1403 4615 1691 4687 ἀνθρώπου
1718 4615 1864 4678 Υἱὸς,

1970 4439 2082 4494 imo
2110 4439 2439 4508 completam
2486 4445 2544 4491 et
2582 4434 2926 4505 adaquatam
2973 4431 3180 4488 habere
3206 4444 3334 4484 cum
3369 4437 3562 4483 aucto-
3602 4421 3609 4430 ’

1970 4533 2126 4587 ribus
2167 4532 2284 4586 suis
2309 4529 2637 4584 substantiae
2671 4527 3092 4582 similitudinem
3126 4543 3139 4578 :
3175 4523 3274 4579 sed
3303 4522 3558 4578 Christus

1968 4632 2154 4680 vester
2181 4624 2278 4677 Dei
2304 4631 2360 4676 et
2384 4621 2626 4676 hominis
2648 4619 2844 4682 Filius,
2882 4618 2994 4675 Deo
3037 4616 3256 4686 aliquid
3294 4615 3554 4684 amplius.

282 4710 378 4769 καὶ
411 4707 556 4761 Θεοῦ·
603 4708 808 4774 πλεῖον,
839 4710 934 4762 καὶ
984 4707 1274 4780 ἀνθρώπου
1303 4711 1566 4779 περισσόν
1615 4726 1669 4761 τι
1711 4708 1860 4778 ἔχει’

1974 4715 2194 4771 homine
2245 4713 2453 4785 aliquid
2493 4711 2749 4782 superius
2795 4710 3002 4764 habet:
3051 4706 3335 4778 quomodo
3383 4705 3554 4775 igitur

286 4800 405 4863 πῶς
435 4796 529 4853 οὖν
563 4799 734 4863 ὅντως
769 4799 862 4853 καὶ
896 4799 1025 4864 Υἱὸς
1059 4799 1265 4854 τούτων
1311 4801 1484 4860 ἔσται,
1521 4802 1549 4852 ὁ
1579 4798 1653 4870 μὴ
1683 4799 1860 4870 πάντη

284 4893 469 4962 ὅμοιος
495 4893 680 4955 αὐτοῖς
709 4891 806 4962 τὴν
835 4891 1030 4960 φύσιν;
1071 4892 1234 4955 Ἀλλ’,
1259 4885 1485 4953 ὧοῦτοι,
1517 4892 1734 4962 πρῶτον
1771 4893 1868 4962 μὲν

286 4985 381 5037 καὶ
409 4985 470 5038 τὸ
498 4983 788 5056 ὁμοούσιον
822 4984 960 5055 ἔχει,
991 4984 1130 5054 πρὸς
1156 4985 1328 5055 ἄμφω
1360 4985 1542 5055 μέντοι
1580 4984 1696 5053 ἅμα
1740 5001 1869 5052 συγ-

282 5077 602 5147 κρινόμενος
627 5078 751 5140 τοὺς
775 5077 1034 5140 τεκόντας
1061 5075 1223 5132 αὑτὸν
1249 5079 1278 5130 ὁ
1299 5077 1560 5147 Χριστός·
1588 5077 1683 5130 καὶ
1711 5078 1743 5147 ἠ
1754 5075 1868 5147 μῶν

284 5169 393 5238 γάρ
444 5169 674 5232 ἕκαστος
705 5169 910 5239 ἀμφοῖν
958 5171 1072 5232 τοῖς
1121 5169 1342 5238 γονεῦσι
1385 5169 1870 5240 παραϐαλλόμενος

289 5263 430 5332 ἅμα,
458 5262 686 5326 δεόντως
708 5261 946 5333 κρίνοιτο
971 5262 1038 5316 ἂν
1059 5258 1199 5315 εἶναι
1224 5263 1472 5333 ὀμοφυὴς
1504 5265 1616 5325 τοῖς
1645 5261 1868 5324 οἰκείοις

287 5353 506 5417 αἰτίοις,
539 5355 772 5426 ἐπείπερ
802 5356 896 5408 καὶ
930 5353 1160 5426 μητρῷά
1180 5371 1304 5409 τινα
1343 5355 1478 5425 ἔχει,
1507 5353 1542 5409 ἃ
1589 5357 1688 5408 οὐκ
1723 5353 1870 5408 ἔστιν

291 5445 424 5516 ὸρᾷν
463 5446 520 5499 ἐν
547 5445 624 5516 τῷ
649 5446 818 5516 πατρί
840 5463 853 5478 ·
890 5448 985 5501 καὶ
1026 5446 1260 5519 πατρῷά
1287 5464 1408 5500 τινα
1435 5445 1470 5501 ἀ
1495 5447 1596 5500 οὐκ
1637 5446 1784 5499 ἔστιν
1812 5447 1870 5500 έν

291 5541 357 5607 τῇ
398 5539 567 5608 μητρὶ
591 5537 886 5602 πολλάκις·
915 5539 966 5591 εἰ
991 5538 1047 5591 δὲ
1070 5540 1166 5592 καὶ
1197 5538 1304 5593 ἀνά
1339 5539 1505 5608 μέρος
1547 5538 1868 5609 κρινόμενος

288 5630 542 5700 ἐκατέρῳ
578 5629 854 5683 δείκνυται
879 5630 1064 5700 ὅμοιος
1101 5629 1413 5701 ἄνθρωπος,
1443 5631 1564 5683 ἐπεὶ
1588 5629 1868 5700 συμὸέϐη-

285 5738 382 5774 κεν
421 5722 482 5786 ἐξ
517 5721 778 5792 ὁμοειδῶν
823 5723 1152 5793 ἀμφοτέρων
1196 5724 1454 5795 τεχθῆναι
1499 5725 1684 5787 αὐτὸν,
1713 5723 1870 5776 τοῦτο

284 5813 591 5884 θεωρεῖ-ξαν
615 5814 676 5867 ού
698 5815 808 5885 γὰρ
826 5814 892 5885 δὴ
912 5815 1007 5870 καὶ
1023 5816 1116 5868 ἐπὶ
1135 5816 1247 5870 τῶν
1269 5817 1654 5886 ἀνομοιοειδῶν
1677 5815 1868 5869 αἰτίων

283 5905 378 5960 τοῦ
400 5907 742 5976 γεννωμένου
776 5907 891 5960 τόδε
919 5907 1121 5977 ὁμοίως
1137 5911 1357 5979 ὁρᾶται·
1385 5909 1502 5973 πῶς
1524 5909 1633 5980 γάρ
1653 5907 1718 5963 ἂν
1738 5910 1871 5979 δμο-

289 5997 423 6073 φυὲς
451 5998 556 6068 ἰδίᾳ
587 5998 805 6070 κριθείη
834 5999 1090 6072 ἀλέκτορι
1114 6005 1207 6054 καὶ
1244 6002 1493 6073 φασιανῷ
1514 6003 1573 6056 τὸ
1603 6004 1666 6057 ἑκ
1700 6003 1866 6058 τῶνδε

611 6092 882 6155 “mox”
927 6093 1045 6154 Gn.
1092 6093 1431 6158 LXXXVI.

1971 4822 2102 4862 vere
2131 4807 2350 4863 illorum
2372 4804 2546 4862 Filius
2568 4803 2698 4868 erit,
2726 4800 2819 4871 qui
2849 4817 2958 4854 non
2989 4807 3074 4853 est
3104 4797 3212 4852 illis
3238 4795 3554 4850 onmimode

1971 4910 2168 4956 natura
2209 4897 2447 4954 similis?
2477 4895 2585 4951 Sed
2621 4895 2859 4966 primum
2905 4893 3145 4949 similem
3185 4889 3551 4945 substantiam

1973 4991 2443 5052 habetChristus,
2487 4989 2532 5043 si
2575 4988 2898 5043 conferatur
2945 4985 3112 5040 simul
3150 4998 3285 5038 cum
3337 4981 3555 5036 duobus

1971 5084 2066 5156 qui
2110 5098 2237 5139 eum
2289 5090 2606 5154 genuerunt
2639 5097 2652 5134 :
2683 5089 2935 5134 nostrum
2971 5077 3121 5131 enim
3175 5073 3554 5144 unusquisque

1971 5176 2243 5232 ambobus
2323 5173 2648 5245 parentibus
2721 5186 2827 5225 una
2921 5177 3276 5237 comparatus
3356 5179 3558 5238 conve-

1971 5268 2193 5323 nienter
2215 5264 2563 5339 judicaretur
2595 5277 2718 5318 esse
2753 5261 2980 5331 aequalis
3009 5269 3224 5313 natura:
3257 5272 3320 5311 ac
3344 5257 3554 5328 proprii

1963 5372 2248 5423 auctores,
2268 5359 2483 5430 quippe
2528 5366 2585 5412 et
2631 5365 2881 5412 materna
2927 5353 3177 5424 quaedam
3215 5351 3403 5412 habet.
3435 5365 3558 5419 qua:

1973 5454 2028 5508 in
2055 5464 2212 5524 patre
2241 5466 2354 5506 non
2385 5449 2764 5519 reperiuntur,
2810 5456 2866 5502 et
2892 5454 3122 5516 paterna
3147 5442 3400 5514 quaedam
3433 5455 3560 5511 quae

1964 5545 2029 5600 in
2084 5555 2260 5600 matre
2315 5559 2459 5616 sepe
2499 5540 2698 5597 desunt
2739 5557 2754 5596 :
2787 5539 2830 5594 si
2871 5554 3002 5594 vero
3037 5553 3137 5609 per
3168 5545 3383 5606 partem
3402 5535 3556 5605 judi-

1971 5646 2129 5693 catus
2183 5636 2488 5707 unicuique
2541 5634 2856 5691 ostenditur
2905 5631 3106 5688 similis
3154 5632 3344 5696 homo,
3401 5627 3556 5683 illum

1973 5730 2145 5785 fuisse
2184 5745 2252 5786 ex
2275 5729 2548 5786 ambobus
2573 5728 2820 5800 ejusdem
2865 5725 3069 5799 speciei
3113 5725 3436 5785 formatum,
3480 5722 3558 5778 ia-

1972 5822 2077 5878 cile
2100 5831 2330 5894 apparet
2356 5840 2369 5877 :
2397 5839 2508 5878 non
2539 5823 2690 5878 enim
2715 5821 2785 5877 de
2817 5821 2914 5882 illo
2943 5821 3040 5892 qui
3067 5835 3135 5876 ex
3165 5819 3400 5878 diversa:
3431 5831 3557 5886 spe-

1973 5915 2077 5971 ciei
2108 5917 2435 5973 auctoribus
2459 5925 2616 5972 ortus
2637 5925 2743 5979 est,
2775 5915 2982 5987 pariter
3004 5922 3242 5969 constat.
3269 5907 3557 5978 Quomodo

1973 6005 2144 6072 enim,
2169 6005 2408 6078 exempli
2453 6021 2640 6074 causa,
2665 6005 2914 6081 ejusdem
2957 6013 3172 6062 natura
3211 6000 3558 6072 judicaretur

2980 6098 3054 6158 51
