4042 6532
501 494 631 560 1611

1767 458 2074 555 LEONTII
2121 493 2536 555 Bi'ZANTlNI!

3640 494 3784 558 liil2

495 612 646 681 quod
686 625 722 664 ι
746 607 890 680 gallo
917 616 976 664 et
1007 605 1276 678 phasiano
1309 617 1494 663 ortum
1527 607 1719 662 esset?
1748 607 1963 662 Pariter
1989 622 2076 662 au-

2186 605 2408 676 τεχθέν;
2444 608 2596 676 ὅμως
2619 605 2676 660 δὲ
2702 605 2888 676 λέγετε
2917 606 3072 680 ἡμῖν,
3097 606 3439 677 φυσιολόγοι·
3465 607 3584 661 υίδν
3610 610 3785 663 τῶνδε

497 713 608 759 tem
637 701 804 758 dicite
844 700 1026 770 nobis,
1051 699 1362 772 physiologi
1395 718 1408 756 :
1438 700 1595 756 Anne
1625 700 1801 755 ﬁlium
1847 701 2079 755 istorum

497 795 706 854 vocatis
755 795 1252 856 illudminimum,
1281 805 1338 851 et
1388 795 1679 850 habetisne
1728 793 1864 848 illud
1913 809 2080 848 unam

495 888 750 944 animalis
768 887 1117 954 totalitatem,
1141 903 1244 943 nec
1257 887 1380 943 ~ne?
1411 887 1468 943 Si
1497 888 1645 942 enim
1673 886 1728 941 id
1745 901 1944 956 negare
1966 901 2077 940 non

495 981 661 1036 detur
695 979 876 1045 vobis,
917 980 1195 1050 quomodo
1226 979 1294 1035 de
1342 980 1431 1034 his
1473 996 1598 1050 quae
1640 988 1771 1035 sunt
1816 988 2078 1050 tanquam

495 1069 564 1125 de
596 1070 683 1124 his
703 1085 825 1140 qua:
854 1084 966 1124 non
991 1080 1120 1125 sunt
1146 1069 1476 1140 loquimini?
1501 1069 1608 1125 Sed
1640 1069 1854 1132 talium,
1876 1069 2076 1139 inquit,

494 1169 581 1216 est
607 1161 795 1216 mistio
826 1169 881 1216 et
909 1160 1163 1217 confusio
1191 1161 1396 1232 speciei
1423 1161 1579 1233 juxta
1609 1161 2024 1232 generationem
2064 1179 2077 1215 :

497 1252 575 1308 ita
609 1261 670 1308 ut
693 1268 803 1307 non
825 1253 1105 1325 jndicetur
1130 1254 1264 1308 illud
1292 1269 1415 1310 esse
1436 1254 1491 1309 in
1526 1255 1659 1325 ipsis
1681 1265 1893 1326 partem
1925 1254 2077 1324 equi,

495 1352 553 1398 et
574 1341 721 1399 istud
765 1355 978 1415 partem
1025 1345 1190 1412 asini,
1217 1346 1312 1402 sed
1342 1346 1524 1402 omnia
1550 1362 1672 1402 esse
1699 1347 1942 1417 ipsorum
1973 1348 2081 1402 alia

497 1437 747 1492 membra
801 1447 860 1492 et
919 1437 1294 1494 indistincta:
1347 1439 1393 1494 si
1455 1440 1618 1494 talem
1683 1440 1853 1509 igitur
1902 1447 1958 1495 et
2021 1440 2079 1494 in

499 1529 721 1584 Christo
767 1529 1082 1584 mistionem
1131 1530 1572 1586 substantiarum
1625 1532 1916 1598 asseritis,
1981 1547 2080 1589 vos

500 1623 669 1679 dicite
725 1623 887 1678 nobis
947 1623 1080 1694 quid
1121 1622 1395 1678 sentiatis.
1444 1622 1551 1678 Sed
1595 1640 1705 1679 non
1739 1624 1807 1679 ad
1849 1625 2082 1680 demon-

495 1715 819 1770 strationem
849 1714 1048 1770 similis
1075 1715 1298 1770 unionis
1333 1715 1450 1771 haec
1473 1717 1811 1786 accepimus,
1845 1717 1914 1772 ad
1951 1733 2083 1772 con-

491 1805 818 1860 futationem
874 1822 1009 1861 vero
1073 1808 1130 1862 in
1189 1822 1433 1877 praesens
1496 1815 1712 1862 tantum
1765 1816 2080 1862 vestrorum

2181 699 2399 754 καλεῖτε
2431 699 2493 752 τὸ
2532 699 2730 770 μικρὸν
2760 699 2902 766 τόδε,
2934 701 3030 753 καὶ
3065 700 3195 771 μίαν
3225 702 3340 755 ῖστε
3375 700 3517 766 ζὼου
3546 703 3784 771 όλότητα

2179 791 2361 857 τοῦτο,
2385 792 2420 863 ἢ
2439 792 2559 863 οὐχί
2581 809 2596 858 ;
2625 793 2674 846 εί
2698 793 2808 863 γὰρ
2832 794 2952 847 τόδε
2973 791 3255 866 ἀρνεῖσθαι
3277 797 3337 848 οὐ
3372 795 3601 849 δυνατὸν
3624 797 3780 867 ὑμῖν,

2181 883 2299 949 πῶς
2317 885 2386 939 τὰ
2415 885 2544 940 ὄντα
2557 884 2633 948 ῶς
2656 885 2733 956 μὴ
2752 886 2880 942 ὄντα
2894 886 3105 940 λαλεῖτε
3130 904 3146 953 ;
3172 886 3333 940 ’Δλλὰ
3363 887 3474 940 τῶν
3493 889 3778 954 τοιούτοιν,

2182 978 2318 1048 φησὶ
2346 978 2563 1049 ,κρᾶσίς
2593 979 2712 1032 ἐστι
2753 979 2850 1033 καὶ
2879 979 3145 1050 σύγχυσις
3173 979 3268 1032 τοῦ
3299 980 3482 1043 εἴδους
3505 982 3652 1035 κατὰ
3681 982 3782 1052 τὴν

2187 1069 2480 1140 γέννησιν·
2514 1069 2590 1132 ῶς
2623 1068 2758 1140 μηδὲ
2788 1069 3072 1141 κρίνεσθαι
3112 1070 3233 1124 τόδε
3279 1071 3398 1140 μὲν
3423 1067 3563 1125 εἶναι
3608 1072 3673 1126 τὸ
3716 1074 3779 1125 έν

2183 1160 2365 1224 αὐτοῖς
2389 1160 2555 1230 μέρος
2588 1160 2779 1228 ἵππου,
2803 1159 2898 1213 καὶ
2921 1159 3040 1212 τόδε
3071 1159 3218 1222 ὗνου,
3247 1159 3384 1214 ἀλλὰ
3413 1163 3592 1213 πάντα
3629 1155 3775 1214 εἶναι

2181 1256 2364 1310 αὐτῶν
2409 1254 2598 1310 ἀλλοῖα
2647 1255 2721 1308 τὰ
2771 1254 2908 1326 μέλη
2941 1255 3036 1310 καί⁹
3069 1255 3412 1324 ἀδιάγνωστα
3435 1272 3450 1286 ν
3480 1257 3530 1308 εί
3557 1256 3777 1310 τοιάνδε

2181 1341 2275 1399 οὖν
2308 1345 2402 1400 καὶ
2441 1344 2541 1416 τὴν
2589 1345 2648 1399 έν
2695 1343 2920 1416 Χριστῷ
2970 1343 3170 1415 φύρσιν
3220 1345 3330 1398 τῶν
3376 1344 3579 1398 οὐσιῶν
3610 1363 3775 1413 φατε,

2184 1439 2342 1509 ὑμεῖς
2389 1437 2758 1508 είπατεήμῖν,
2809 1437 3010 1507 φασίνο
3046 1437 3164 1490 ἀλλ’
3189 1437 3250 1490 οὐ
3295 1437 3435 1508 πρὸς
3479 1437 3651 1502 δεῖξιν
3673 1441 3779 1509 τῆς

2182 1531 2376 1603 ὁμοίας
2403 1531 2648 1594 ένώσεως
2665 1529 2790 1584 τάδε
2812 1529 3254 1601 παρειλήφαμεν,
3280 1525 3326 1584 ὦ
3350 1525 3517 1594 οὗτοι,
3545 1531 3664 1586 ἀλλ’
3696 1533 3776 1595 ei;

2181 1623 2496 1697 ἀνατροπὴν
2529 1623 2706 1695 μόνων
2736 1623 2848 1676 τῶν
2881 1623 3017 1694 πρὸς
3048 1623 3111 1676 τὸ
3153 1623 3329 1694 παρὸν
3358 1624 3647 1695 ὑμετέρων
3681 1609 3773 1677 θέ-

2185 1716 2533 1787 σπισμάτων,
2574 1713 2862 1786 ὸμοούσιον
2907 1713 3212 1779 ἀνελλιπῶς
3241 1711 3383 1769 εἶναι
3427 1716 3542 1769 δεῖν
3572 1717 3773 1770 ἑκατέ-

2186 1826 2293 1882 ρων
2325 1807 2436 1862 τῶν
2458 1809 2696 1878 φύντων,
2731 1808 2792 1862 τὸ
2829 1807 3173 1878 γεννώμενον
3198 1808 3604 1879 κηρυττόντων,
3635 1808 3670 1879 ἦ
3701 1809 3776 1878 μὴ

492 1899 883 1965 oraculorum,
941 1909 1265 1970 generatum
1333 1909 1594 1970 oportere
1657 1915 1779 1954 esse
1838 1897 2076 1968 perfecte

2183 1902 2468 1956 καλεῖσθαι
2493 1902 2656 1956 αὑτὸν
2696 1901 2826 1956 Υἱόν
2847 1919 2863 1934 ο
2901 1902 3018 1955 τόδε
3055 1900 3148 1955 οὖν
3175 1902 3308 1955 αὐτὸ
3333 1902 3397 1955 τὸ
3418 1904 3776 1974 πεφυρμένον

493 1991 804 2048 substantia
838 1993 1134 2064 unicuique
1185 1993 1473 2064 generanti
1520 1992 1762 2049 similem
1814 2009 2078 2064 praenun-

495 2085 775 2153 tiantium,
804 2097 901 2143 aut
930 2088 1110 2158 ipsum
1135 2104 1246 2143 non
1269 2088 1455 2142 vocari
1481 2088 1680 2143 Filium
1706 2105 1719 2142 :
1746 2088 1880 2143 illud
1912 2088 2081 2160 igitur

492 2181 719 2234 mistum
741 2189 798 2234 et
822 2179 1208 2235 indistinctum
1239 2179 1463 2250 speciei,
1493 2179 1580 2234 his
1605 2179 1672 2234 de
1703 2181 1874 2235 rebus
1903 2180 2080 2252 magis

492 2269 806 2326 confutabit
850 2279 1092 2328 vestram
1123 2271 1605 2342 propositionem:
1637 2271 1684 2327 si
1727 2272 1875 2327 enim
1915 2283 1973 2329 et
2009 2274 2079 2330 de

487 2353 581 2416 his
606 2377 843 2432 quorum
868 2363 1024 2434 juxta
1048 2363 1359 2418 membrum
1407 2363 1585 2419 solum
1620 2360 1928 2420 similitudo
1951 2381 2078 2422 cum

439 2508 442 2512 .
493 2455 761 2510 alterutro
801 2455 1187 2526 generantium
1228 2471 1341 2511 non
1377 2465 1653 2523 servatur,
1683 2457 1782 2512 lilii
1817 2458 2079 2515 dicuntur

493 2561 766 2617 equorum
799 2547 1137 2614 semi-asini,
1173 2540 1230 2604 ei
1276 2548 1374 2603 ﬁlii
1419 2549 1700 2604 asinorum
1748 2551 2075 2622 semi-equi,

494 2636 774 2705 quomodo
816 2645 1041 2708 propter
1087 2638 1329 2708 aliquam
1378 2655 1447 2694 ex
1478 2647 1633 2710 parte
1665 2639 2078 2698 dissimilitudi-

491 2743 644 2795 nem,
690 2744 801 2784 non
829 2745 992 2800 posse
1039 2730 1210 2785 lilium
1261 2747 1458 2788 vocare
1492 2733 1648 2788 illum
1698 2733 1793 2804 qui
1844 2751 1956 2790 non
1993 2747 2079 2792 est

493 2821 810 2876 omnimode
866 2821 1064 2877 similis
1114 2823 1468 2894 genitoribus
1515 2825 1885 2880 asseruistis?
1934 2828 2076 2883 lllud

493 2910 635 2968 bene
666 2911 965 2968 dicendum
1005 2913 1287 2970 haberetis
1328 2915 1471 2971 forte
1508 2916 1616 2972 illis
1655 2917 1751 2988 qui
1793 2917 2076 2975 Christum

491 3005 729 3061 similem
765 3005 1079 3062 substantia
1110 3023 1209 3063 sua
1243 3009 1468 3079 utrique
1507 3011 1724 3081 parenti
1769 3027 1891 3068 esse
1925 3015 2078 3086 cogi-

491 3106 630 3162 tant,
661 3113 776 3153 non
804 3114 937 3153 vero
963 3099 1127 3154 nobis
1156 3100 1251 3170 qui
1280 3099 1456 3170 ipsius
1483 3117 1777 3173 personam
1803 3119 1870 3159 ex
1894 3101 2078 3162 diver-

489 3191 568 3246 sis
589 3191 808 3248 naturis
841 3194 1156 3250 constitisse
1181 3193 1528 3266 proﬁtemur.

558 3282 691 3351 Quae
725 3285 950 3355 quidem
979 3297 1109 3342 sunt
1139 3287 1323 3344 adhuc
1357 3304 1422 3345 ea
1453 3289 1521 3345 de
1558 3305 1618 3345 re
1645 3293 1960 3350 accuratius
1992 3295 2076 3351 in-
2099 3331 2143 3394 C

558 3372 757 3394 μη),
793 3391 804 3394 _
1360 3379 1371 3390 .
1581 3381 1596 3394 .
1740 3383 1794 3394 ..
1891 3385 1941 3394 ..

492 3372 764 3440 quirenda
790 3391 806 3428 :
836 3375 923 3429 vel
954 3376 1101 3430 enim
1127 3377 1299 3433 totius
1328 3379 1635 3436 similitudo
1663 3383 1827 3439 vobis
1851 3385 2075 3442 videtur

487 3463 812 3520 tiliationem
847 3478 1246 3537 repraesentare
1276 3473 1528 3538 omnino,
1548 3475 1634 3529 vel
1665 3491 1776 3532 non
1811 3495 1824 3531 :
1859 3479 1906 3533 si
1937 3495 2071 3546 non,

486 3555 690 3613 frustra
730 3561 980 3629 quaeritis
1014 3578 1044 3616 a
1080 3563 1243 3619 nobis
1278 3579 1349 3619 an
1392 3566 1464 3622 sit
1494 3582 1659 3622 causa
1695 3569 1972 3627 liliationis
2003 3574 2074 3628 ad

486 3649 663 3719 ipsius
703 3652 1239 3712 demonstrationem
1270 3675 1283 3712 :
1312 3659 1496 3729 quoad
1531 3659 1681 3715 enim
1723 3661 2073 3721 demonstra-

489 3741 688 3808 tiones,
721 3760 825 3815 per
863 3760 1060 3803 causas
1091 3748 1254 3804 istam
1291 3753 1555 3809 constitui
1588 3753 1914 3812 ﬁliationem
1944 3775 2072 3829 per-

408 3859 414 3863 -
485 3844 708 3889 suasum
758 3835 976 3893 habetis
1014 3847 1228 3895 tantum
1258 3859 1272 3896 :
1305 3843 1478 3914 igitur
1515 3845 1654 3900 Abel
1704 3847 1905 3903 similis
1935 3849 2073 3905 Cain

480 3926 634 3994 juxta
665 3935 837 3983 totam
873 3930 1048 4000 ipsius
1081 3934 1444 3990 substantiam
1471 3946 1528 3992 et
1558 3937 1707 3993 ﬁlius
1738 3939 1892 3994 illius
1928 3950 2070 4008 erat,

483 4027 540 4072 et
595 4020 891 4088 ideoﬁlii,
935 4039 1049 4080 non
1094 4025 1252 4082 fatris
1300 4028 1672 4085 interfector?
1709 4031 1817 4087 Sed
1865 4033 2073 4104 quippe

486 4111 752 4167 similium
781 4130 940 4184 teque
975 4123 1062 4172 est
1107 4118 1327 4184 relatio,
1379 4131 1437 4176 et
1479 4121 1615 4177 Cain
1664 4124 1882 4180 scilicet
1927 4125 2073 4182 ﬁlius

484 4202 624 4258 Abel
655 4205 916 4261 similiter
944 4208 1053 4262 erit
1087 4225 1099 4261 :
1137 4210 1308 4280 igitur
1333 4227 1466 4283 ergo
1482 4222 1540 4267 et
1569 4217 1745 4284 patris
1771 4216 1960 4287 potius
1987 4217 2072 4272 in-

488 4295 756 4350 terfector
777 4304 864 4352 est
896 4315 910 4352 :
944 4297 1156 4354 idcirco
1208 4309 1267 4356 et
1299 4301 1353 4356 in
1388 4303 1582 4357 eodem
1618 4305 1768 4362 ﬁlius
1799 4316 1856 4361 et
1890 4316 2070 4377 pater,

487 4391 544 4442 et
566 4389 739 4444 frater
764 4399 883 4445 erat
907 4378 1044 4447 Cain
1071 4392 1166 4462 qui
1202 4392 1358 4448 illum
1388 4395 1614 4461 occidit,
1663 4381 1799 4453 Abel
1841 4400 1911 4454 ab
1951 4401 2073 4472 ipso

489 4480 814 4539 interfectus
841 4500 856 4538 :
888 4491 946 4540 et
985 4483 1121 4540 Cain
1150 4485 1248 4540 ﬁlii
1281 4496 1337 4543 et
1386 4489 1564 4558 patris
1593 4496 1652 4545 et
1680 4490 1871 4546 fratris
1900 4493 2076 4549 inter-

487 4580 664 4630 fector
692 4593 709 4632 :
744 4577 870 4647 quis
901 4593 1033 4634 vere
1065 4595 1176 4634 non
1211 4579 1467 4648 irridedit
1506 4590 1724 4638 vestras
1758 4583 1951 4642 inanes
1979 4601 2075 4643 co-

2183 1995 2279 2050 καὶ
2331 1995 2701 2064 ἀδιάγνωστον
2750 1993 2846 2048 τοῦ
2901 1995 3100 2060 εἴδους,
3155 1995 3248 2047 ἐπὶ
3311 1995 3524 2048 τούτων
3571 1994 3778 2064 μᾶλλον

2180 2085 2478 2157 ἀνατρέψει
2500 2086 2600 2157 τὴν
2637 2083 2914 2157 ὑμετέραν
2949 2087 3284 2154 ἀπόφανσιν·
3327 2089 3376 2140 εἰ
3406 2091 3518 2159 γὰρ
3558 2089 3657 2142 καὶ
3689 2089 3772 2156 ἐφ’

2178 2168 2254 2229 ὧν
2314 2176 2452 2247 μηδὲ
2483 2175 2626 2230 κατά
2659 2175 2822 2248 μέλος
2853 2177 3036 2230 οίαοῦν
3067 2178 3323 2249 ὁμοιότης
3371 2178 3608 2242 σώζεται
3638 2178 3778 2247 πρὸς

2182 2267 2410 2340 θάτερον
2453 2268 2564 2321 τῶν
2595 2269 2914 2343 τικτόχτων,
2964 2269 3070 2323 υἱοί
3106 2286 3166 2322 τε
3212 2269 3463 2338 λέγονται
3500 2271 3696 2323 ῖππων
3725 2271 3776 2322 0!

2180 2361 2417 2433 ἡμίονοι,
2442 2360 2539 2415 καὶ
2579 2361 2746 2414 τέκνα
2777 2361 2915 2415 ὄνων
2944 2363 2994 2414 οῖ
3025 2362 3312 2433 ἡμίιπποι,
3350 2362 3469 2426 πῶς
3495 2363 3588 2416 διὰ
3621 2363 3688 2416 τὸ
3713 2367 3776 2418 ὲκ

2184 2454 2386 2525 μέρους
2435 2453 2717 2525 ἀνόμοιον,
2748 2453 2811 2507 οὐ
2859 2453 3126 2508 δύνασθαι
3179 2455 3295 2508 υίδν
3344 2455 3535 2509 καλεῖν
3565 2456 3658 2509 τδν
3697 2457 3775 2526 μὴ

2181 2547 2361 2618 πάντη
2409 2548 2597 2618 ὅμοιον
2631 2549 2745 2611 τοῖς
2775 2545 3032 2602 τεκοῦσιν
3082 2547 3246 2602 αὑτὸν
3278 2548 3539 2619 εἰρήκατε
3567 2564 3582 2612 ;
3609 2546 3776 2600 τοῦτο

2177 2639 2235 2695 δὲ
2262 2640 2328 2694 ἂν
2351 2641 2534 2705 καλῶς
2561 2634 2708 2711 εἶχεν
2737 2641 2867 2711 ὑμῖν
2900 2640 3085 2708 λέγειν
3117 2639 3266 2704 ἴσως,
3304 2639 3440 2711 πρὸς
3478 2641 3609 2703 τοὺς
3628 2639 3777 2692 κατὰ

2182 2732 2310 2803 μίαν
2336 2732 2502 2786 αὑτοῦ
2530 2733 2628 2803 τὴν
2663 2732 2858 2788 οὐσίαν
2887 2733 3073 2802 ὅμοιον
3097 2727 3236 2786 εἶναι
3261 2732 3353 2784 τδν
3377 2732 3614 2802 Χριστὸν
3637 2731 3775 2783 ἑκα-

2177 2825 2353 2896 τέρων
2375 2825 2484 2880 τῶν
2512 2826 2716 2894 γονέων
2737 2824 3085 2892 δοξάζοντας,
3111 2824 3172 2878 οὐ
3199 2823 3308 2895 μὴν
3329 2825 3425 2878 καὶ
3454 2823 3594 2894 πρὸς
3621 2824 3774 2894 ἡμᾶς

2176 2917 2304 2982 τοὺς
2337 2917 2478 2971 κατὰ
2537 2917 2833 2987 διαφόρους
2887 2917 3082 2986 φύσεις
3137 2915 3540 2988 ὁμολογοῦντας
3597 2916 3774 2970 αὑτοῦ

2179 3009 2568 3082 συνεστηκέναι
2604 3009 2704 3082 τὴν
2733 3008 3051 3063 ὑπόστασιν.

2251 3283 2372 3336 Ἔτι
2423 3281 2480 3336 δὲ
2539 3279 2895 3352 βασανιστέον
2951 3275 3047 3332 καὶ
3099 3276 3492 3351 ἁκριὸέστερον
3534 3275 3605 3331 τὰ
3638 3278 3772 3347 περὶ

2177 3375 2333 3430 τοῦδε
2353 3392 2367 3404 ·
2396 3375 2430 3446 ἢ
2457 3373 2569 3446 γὰρ
2593 3375 2628 3444 ἡ
2656 3372 2751 3426 τοῦ
2800 3372 2925 3426 ὅλου
2964 3370 3217 3443 ὁμοιότης
3247 3370 3378 3440 ὑμῖν
3424 3371 3576 3423 δοκεῖ
3623 3365 3769 3423 εἶναι

2175 3469 2274 3540 τῆς
2315 3467 2563 3537 υίότητος
2605 3465 2989 3537 παραστατικὴ
3039 3466 3277 3529 πάντως,
3318 3465 3532 3535 ῆούχίο
3586 3466 3636 3518 εἰ
3669 3466 3772 3536 μὲν

2176 3556 2270 3614 οὖν
2295 3560 2439 3630 οὐχὶ.
2476 3558 2654 3628 μάτην
2712 3556 2928 3628 ζητεῖτε
2975 3557 3108 3628 παρ’
3137 3557 3296 3626 ⁴ἡμων
3339 3556 3403 3610 τὸ
3463 3558 3538 3627 μὴ
3595 3558 3772 3611 αἴτιον

2176 3653 2420 3724 υἱότητος
2469 3652 2549 3716 είς
2594 3648 2870 3715 ἀπόδειξιν
2920 3649 3126 3720 αὐτῆς·
3159 3651 3214 3702 αἱ
3284 3648 3398 3720 γὰρ
3432 3648 3769 3714 ἀποδείξεις,

2175 3743 2265 3796 διὰ
2295 3742 2403 3795 τῶν
2433 3742 2624 3796 αἰτίων
2645 3739 2851 3811 ταύτην
2887 3739 3217 3810 ὑφίστασθαι
3241 3741 3341 3810 τὴν
3376 3741 3608 3811 υίότητα
3649 3741 3771 3794 πεί-

2175 3835 2335 3889 Θεσθε
2367 3834 2557 3906 μόνον·
2588 3831 2702 3906 ἆρά
2730 3851 2795 3904 γε
2833 3833 3002 3889 Ἀὁελ
3034 3834 3176 3888 Κάῖν
3210 3835 3400 3902 ὅμοιος
3429 3833 3508 3886 ῶν
3539 3834 3686 3888 κατὰ
3712 3835 3771 3888 τὸ

2174 3929 2294 3982 ὅλον
2323 3929 2421 4000 τῆς
2449 3928 2637 3993 οὐσίας
2667 3929 2860 3992 αὑτοῦ,
2903 3929 2998 3984 καὶ
3034 3929 3147 3992 υἱὸς
3184 3927 3352 3980 αὐτοῦ
3374 3923 3466 3998 ἦν,
3490 3928 3769 3991 υίοκτόνος

2174 4019 2287 4085 οὖν,
2311 4022 2411 4075 οὐκ
2425 4021 2813 4090 ἀδελφοκτόνος
2827 4018 2895 4093 ἧν
2917 4039 2932 4088 ;
2953 4021 3066 4076 ἀλλ’
3083 4019 3270 4090 ἐπειδὴ
3287 4018 3398 4073 τῶν
3419 4019 3624 4089 ὁμοίων
3641 4019 3770 4073 ὲπί-

2176 4132 2276 4186 σης
2305 4116 2422 4168 ἐστὶ
2449 4116 2482 4185 ἡ
2509 4116 2720 4184 σχέσις,
2755 4115 2852 4169 καὶ
2877 4114 3020 4169 Κάῖν
3045 4113 3155 4184 ἄρα
3190 4111 3304 4174 υίὸς
3337 4111 3506 4165 ’Ἅϐελ
3557 4111 3770 4180 epeia);

2175 4206 2350 4260 ἔσται’
2368 4206 2476 4278 ἄρα
2491 4207 2586 4261 οὖν
2612 4209 2708 4261 καὶ
2734 4206 3098 4279 πατροκτόνος
3128 4205 3330 4276 μᾶλλόν
3356 4206 3550 4266 ἐστιν’,
3566 4204 3770 4258 οὐκοῦν

2174 4299 2271 4354 καὶ
2295 4301 2353 4353 ὲν
2371 4299 2577 4370 ταυτῷ,
2596 4299 2714 4363 υἱός
2739 4317 2798 4353 τε
2825 4300 2920 4354 καί⁸
2947 4301 3131 4370 πατὴρ
3161 4298 3254 4353 καὶ
3280 4296 3514 4366 ἁδελφὸς
3529 4292 3599 4368 ἦν
3625 4299 3769 4351 Κάῖν

2174 4393 2269 4447 τοῦ
2285 4393 2599 4456 κτείναντος
2624 4391 2816 4458 αὑτὸν,
2845 4391 3011 4446 Ἀὅελ
3032 4393 3061 4444 ό
3084 4391 3430 4463 ἀνῃρημένος
3448 4391 3539 4444 ὑπ’
3561 4392 3732 4444 αὑτοῦ
3752 4407 3766 4420 ·

2176 4489 2273 4542 καὶ
2322 4487 2463 4541 Κάῖν
2512 4485 2791 4548 υίοκτόνος
2817 4502 2876 4538 τε
2911 4485 3008 4538 atat
3053 4487 3428 4552 πατροκτόνος
3482 4485 3576 4537 καὶ
3603 4483 3770 4537 ἀδελ-

2175 4579 2440 4648 φοκτόνος
2460 4593 2475 4609 ·
2511 4578 2607 4632 καὶ
2635 4577 2721 4641 τίς
2744 4577 2804 4631 οὐ
2833 4576 3053 4646 γελάσει
3076 4577 3204 4630 τάδε
3234 4575 3390 4646 ὑμῶν
3411 4575 3480 4629 τὰ
3509 4575 3769 4647 γλαφυρὰ

485 4669 821 4737 gitationes?
851 4670 1280 4742 Dijudicandnm
1329 4681 1418 4729 est
1460 4674 1631 4746 igitur
1662 4675 1958 4734 manifeste
2009 4688 2071 4734 ut

2179 4677 2457 4750 Βόγματα;
2488 4674 2777 4746 Διορατέον
2826 4671 2918 4726 οὖν
2964 4671 3152 4742 σαφῶς
3181 4671 3258 4735 ῶς
3291 4692 3387 4728 και
3417 4669 3626 4740 ταύτην
3666 4669 3766 4740 τὴν

489 4761 665 4816 Lucas
691 4764 1051 4833 evangelista,
1078 4765 1174 4834 qui
1207 4766 1366 4821 istam
1397 4782 1465 4822 ex
1494 4775 1653 4838 parte
1676 4785 1898 4825 causam
1929 4781 1984 4826 et
2006 4788 2074 4827 ex

2179 4771 2413 4844 μερικὴν
2438 4770 2619 4824 αἰτίαν
2641 4768 2738 4821 καὶ
2764 4766 2992 4838 μερικὴν
3022 4765 3323 4837 ὁμοιότητα
3361 4765 3523 4836 μόνον
3548 4761 3764 4831 Θεωρη-

490 4864 642 4923 parte
687 4855 1114 4912 similitudinem
1146 4859 1324 4917 solum
1353 4861 1643 4930 conspexit
1679 4861 1738 4916 in
1765 4863 1942 4918 Adam
1981 4879 2073 4919 re-

2179 4881 2273 4927 σας
2307 4863 2524 4924 Λουκᾶς
2561 4863 2589 4915 ὁ
2631 4859 3026 4929 εὐαγγελιστὴς
3072 4857 3302 4910 ἐνοῦσαν
3345 4856 3441 4910 καὶ
3469 4853 3549 4924 τῷ
3589 4853 3763 4920 Ἀδὰμ

486 4958 677 5019 spectu
714 4951 889 5020 patris
917 4952 1214 5019 spirituum
1261 4953 1356 5008 Dei
1386 4972 1398 5008 :
1435 4954 1743 5010 secundum
1773 4957 1922 5012 enim
1952 4959 2074 5014 ani-

487 5057 633 5096 mam
661 5043 838 5098 solum
869 5045 1191 5101 immediala
1223 5061 1389 5103 causa
1413 5047 1492 5103 illi
1521 5057 1642 5104 erat
1672 5048 1838 5117 Deus,
1865 5052 2069 5122 quippe

488 5135 715 5191 indidit'
741 5137 844 5208 ipsi
879 5139 1161 5209 spiramen
1205 5140 1332 5195 vitae
1375 5141 1431 5195 in
1475 5141 1713 5198 animam
1764 5143 2066 5213 viventem,

486 5243 614 5281 cum
664 5243 866 5300 corpus
908 5247 939 5286 e
985 5233 1120 5288 limo
1175 5231 1257 5288 illi
1311 5231 1616 5289 formavit:
1649 5242 1707 5289 et
1755 5237 2065 5295 secundum

483 5319 724 5377 animam
755 5332 969 5379 tantum
999 5324 1210 5381 homini
1258 5340 1381 5382 esse
1417 5325 1485 5382 ad
1540 5326 1844 5400 imaginem
1875 5331 1971 5387 Dei
2013 5343 2070 5389 et

483 5415 910 5473 similitudinem
938 5419 1209 5475 remansit
1241 5439 1253 5473 :
1284 5418 1470 5477 sciens
1513 5421 1693 5488 illum,
1716 5423 1768 5478 vi
1799 5438 1982 5481 causae
2011 5437 2069 5484 et

481 5507 870 5586 similitudinis
898 5525 966 5564 ex
989 5520 1141 5580 parte
1169 5528 1291 5568 esse
1329 5513 1622 5570 evidenter
1649 5516 1850 5571 Filium
1890 5518 2070 5576 Patris

479 5601 780 5672 spirituum
807 5602 928 5668 Dei,
948 5602 1051 5658 fuit
1075 5603 1272 5670 Adam,
1298 5603 1674 5678 genealogiam
1701 5611 1774 5664 ita
1799 5611 2070 5669 ordinans

480 5699 538 5746 et
561 5691 790 5750 dicens:
831 5712 848 5746 ι
882 5693 988 5761 Qui
1019 5696 1124 5751 fuit
1157 5697 1330 5753 Adam
1364 5700 1461 5770 qui
1501 5700 1607 5756 fuit
1648 5701 1747 5758 Dei
1778 5705 1819 5763 ’,
1855 5722 1872 5754 ι
1920 5705 2066 5758 sicut

480 5783 656 5843 dixit:
687 5806 706 5839 ι
743 5785 849 5853 Qui
882 5786 988 5851 fuit
1019 5787 1153 5844 Scth
1175 5791 1268 5860 qui
1294 5791 1400 5846 fuit
1435 5791 1608 5848 Adam
1639 5793 1680 5859 ³,
1717 5813 1734 5844 ι
1760 5794 1978 5850 srilicet
1999 5812 2066 5850 ex

556 5963 734 6020 ’l.uc.
770 5982 848 6033 tu,
873 5965 962 6022 38.
1041 5968 1060 5999 ³
1093 5966 1232 6023 ibid.

2172 4960 2310 5031 πρὸς
2357 4959 2449 5013 τὸν
2500 4957 2714 5028 πατέρα
2761 4953 2871 5008 τῶν
2928 4952 3257 5022 πνευμάτων
3280 4949 3442 5003 Θεόνο
3480 4946 3625 5000 κατὰ
3653 4951 3762 5014 γαρ

2169 5050 2348 5123 ψυχὴν
2385 5051 2546 5122 μόνον
2579 5049 2858 5120 προσεχὴς
2889 5046 3059 5108 αἴτιος
3085 5043 3235 5113 αὐτῷ
3264 5039 3333 5112 ἦν
3383 5042 3411 5094 ὁ
3454 5039 3612 5105 Θεὸς,
3667 5040 3763 5106 ἒμ-

2183 5144 2374 5214 φυσῶν
2417 5142 2568 5212 αὑτῷ
2613 5142 2835 5213 πνεῦμα
2891 5137 3038 5207 ζωῆς
3068 5139 3145 5200 είς
3173 5135 3355 5206 ψυχὴν
3401 5133 3606 5198 ζῶσαν,
3640 5130 3760 5182 ἐπεὶ

2173 5239 2234 5294 τὸ
2260 5239 2423 5310 σῶμα
2455 5238 2567 5292 ἀπὸ
2591 5239 2693 5308 γῆς
2723 5235 2874 5307 αὐτῷ
2896 5229 3262 5306 προδιέπλασε
3287 5247 3300 5259 ·
3335 5231 3430 5282 καὶ
3463 5228 3609 5282 κατὰ
3633 5226 3762 5279 ταύο

2172 5350 2272 5403 την
2341 5329 2648 5402 σωζόμενον
2705 5329 2865 5400 μόνον
2921 5326 2982 5380 τὸ
3036 5325 3155 5379 κατ’
3211 5322 3402 5376 εἰκόνα
3460 5321 3599 5373 Θεοῦ
3669 5320 3760 5371 καὶ

2175 5425 2438 5495 ὁμοίωσιν
2465 5422 2542 5493 τῷ
2570 5421 2876 5493 ἀνθριῦπῳο
2909 5415 3064 5481 είδὼς
3091 5417 3157 5470 ὲκ
3185 5412 3420 5486 μερικῆς
3456 5412 3642 5475 αἰτίας
3672 5409 3761 5463 καὶ

2173 5512 2486 5590 ὁμοιώσεως
2515 5516 2643 5569 Υίὸν
2671 5514 2861 5582 σαφῶς
2887 5511 2983 5566 τοῦ
3014 5509 3227 5582 Πατρός
3272 5507 3383 5562 τῶν
3432 5505 3760 5576 πνευμάτων

2173 5610 2332 5676 Θεοῦ,
2388 5610 2482 5664 καὶ
2527 5607 2620 5663 τὸν
2660 5607 2833 5678 ’Δδᾶμ
2877 5604 3304 5674 ἐγενεαλόγησεν
3339 5599 3515 5664 οὕτως
3564 5597 3763 5653 ἀνατά-

2177 5706 2272 5772 ξας
2303 5705 2398 5758 καὶ
2436 5701 2625 5766 εἰπὼν,
2658 5697 2797 5755 εἶναι
2847 5698 2943 5753 τοῦ
3005 5698 3181 5769 Ἀδὰμ
3223 5697 3316 5750 τοῦ
3365 5692 3528 5757 θεοῦ,
3571 5691 3762 5756 ῶσπερ

2175 5799 2300 5871 ἔφη,
2347 5797 2494 5864 «Τοῦ
2547 5795 2656 5867 Σὴθ
2714 5794 2808 5849 τοῦ
2869 5792 3064 5861 ’Λδὰμ,
3097 5810 3115 5844 ι
3171 5791 3339 5862 ἧγουν
3397 5788 3491 5842 τὸν
3537 5788 3603 5842 ἔκ
3669 5782 3758 5838 τοῦ
