4006 6552
253 502 391 569 1513

1180 513 1577 577 ADVERSUS
1617 514 2163 579 NESTORIANOS.
2197 541 2260 551 ’-
2289 515 2433 578 LIB.
2478 514 2595 577 ΙΙῐ.

3396 509 3531 577 1614

270 620 470 690 Ἀδάμ⁶
526 620 620 674 καὶ
671 621 862 693 ὥσπερ
916 616 1059 691 εἷπε,
1115 623 1263 679 «Τοῦ
1315 626 1567 691 Ἰσαὰκ,›
1620 627 1759 697 ὅπερ
1810 628 1838 678 ὅ

1969 627 2108 681 ιάιιιιι
2138 646 2149 680 :
2186 637 2242 683 et
2271 626 2749 699 quemadmodum
2773 623 2851 680 ait
2882 641 2895 679 :
2931 643 2949 677 ι
2982 623 3087 693 Qui
3154 622 3258 681 fuit
3316 626 3466 681 Isaac
3509 647 3529 679 ι

260 713 541 778 Ματθαῖος
571 712 755 783 ἔλεγεν
776 733 789 749 ο
823 737 842 765 ε
880 717 1134 789 Ἀϐραὰμ
1167 719 1427 788 ἐγέννησε
1465 719 1554 773 τὸν
1597 720 1837 783 Ἰσαάκ,ι

259 807 436 873 οὕτως
471 808 577 880 ἔφη
600 852 613 875 ,
646 829 665 862 ι
686 810 794 864 Τοῦ
836 811 1008 882 Ἀδὰμ
1032 811 1128 865 τοῦ
1160 812 1319 866 Θεοῦ.
1369 832 1387 865 ι
1433 812 1589 867 Οὕτω
1624 814 1723 885 μὲν
1751 806 1846 868 οὖν

255 901 439 973 ἐχέτω
468 902 596 957 τάδε
616 919 631 935 ο
659 904 955 959 ἀκουστέον
984 904 1042 958 δὲ
1069 904 1165 959 καὶ
1192 904 1303 959 τῶν
1336 904 1560 959 λοιπῶν.

866 1020 1121 1078 ΚΕΦΑΛ.
1164 1021 1241 1075 Ε’.

336 1136 402 1191 Ei
430 1133 524 1194 οῦν
558 1138 719 1207 φύσει
760 1138 909 1193 ἐστὶν
959 1138 1089 1203 Υίδς
1121 1139 1258 1193 Θεοῦ
1288 1139 1317 1191 ὁ
1364 1138 1620 1210 Χριστὸς,
1647 1138 1741 1192 καὶ
1785 1138 1846 1191 ού

263 1230 410 1284 κατὰ
442 1232 602 1301 χάριν
655 1229 931 1293 υἱοθεσίας
971 1229 1225 1300 ἠξίωται,
1259 1229 1417 1300 φασὶ,
1458 1222 1581 1292 πῶς
1633 1227 1849 1300 εἴρηται

266 1322 347 1375 ἔτι
378 1321 558 1394 πολλῷ
589 1321 790 1392 μᾶλλον
816 1323 849 1393 ἡ
881 1322 1042 1393 χάρις
1067 1322 1162 1375 καὶ
1196 1322 1229 1394 ἡ
1264 1305 1445 1391 δωρεὰ
1472 1319 1565 1373 τοῦ
1599 1319 1757 1384 Θεοῦ,
1791 1320 1849 1374 ὲν

263 1415 453 1483 χάριτι
495 1415 591 1467 τοῦ
630 1414 748 1477 ἑνὸς
773 1412 1063 1487 ἀνθρώπου
1106 1411 1282 1489 Ἰησοῦ
1317 1413 1581 1483 Χριστοῦ,
1612 1416 1694 1476 εἰς
1721 1414 1850 1477 τοὺς

269 1507 498 1570 πολλοὺς
539 1506 940 1577 περιέσσευσε;
993 1506 1090 1558 καὶ
1134 1506 1239 1569 ὅτι,
1284 1522 1302 1557 ι
1335 1505 1664 1576 Ἐχαρίσατο
1699 1503 1850 1576 αὑτῷ

264 1602 292 1652 ὁ
316 1599 448 1661 Θεὸς
474 1598 643 1667 ὅνομα
667 1598 725 1651 τὸ
751 1598 891 1668 ὑπὲρ
912 1600 1018 1651 πᾶν
1034 1597 1234 1668 ὅνομα;
1262 1616 1280 1649 ι
1304 1598 1418 1661 καὶ,
1450 1616 1468 1647 ι
1490 1598 1550 1650 '0
1571 1597 1647 1669 μὴ
1674 1597 1851 1668 ἐαυτῷ

264 1692 325 1745 δὲ
373 1690 554 1744 λαϐὼν
593 1690 692 1760 τὴν
729 1689 918 1760 τιμὴν,
971 1690 1108 1744 ἀλλὰ
1153 1690 1377 1761 κληθεὶς
1428 1689 1534 1743 ὑπὸ
1581 1690 1675 1743 τοῦ
1712 1690 1851 1743 Θεοῦ

267 1785 523 1855 καθάπερ
576 1786 671 1837 καὶ
710 1784 945 1854 Ἀαρὼν,
969 1803 988 1835 ι
1028 1784 1082 1835 τί
1131 1785 1281 1839 ἐστιν
1334 1778 1489 1847 οὗτος
1529 1785 1557 1836 ὁ
1596 1784 1850 1855 Χριστὸς,

266 1878 477 1932 εἴπατε.
518 1878 686 1931 Πάλιν
720 1877 1084 1946 παρεκδοχαὶ,
1113 1876 1276 1931 πάλιν
1310 1877 1655 1948 μεταγωγαὶ,
1687 1876 1851 1931 πάλιν

1946 720 2094 790 quod
2117 720 2403 776 Matthmus
2427 720 2680 776 vertebat
2707 738 2719 775 :
2758 720 3039 775 Abraham
3070 721 3263 792 genuit
3286 721 3436 774 lsaac
3456 721 3528 774 ⁸⁵.»

1949 813 2027 870 ita
2051 814 2190 870 dixit
2223 833 2237 869 :
2280 834 2298 866 ι
2334 814 2437 882 Qui
2460 814 2565 869 fuit
2591 813 2762 870 Adam
2786 814 2881 885 qui
2918 814 3023 868 fuit
3047 814 3167 870 Dei.
3197 834 3216 868 ι
3260 813 3339 869 Ita
3366 814 3537 886 igitur

1951 908 2069 963 haec
2096 908 2207 963 sint
2232 925 2245 961 :
2279 908 2375 963 sed
2400 908 2611 979 reliqua
2640 908 2921 963 audienda
2951 917 3103 964 sunt.

2614 1023 2768 1079 CAP.
2803 1025 2868 1077 V.

2022 1140 2077 1193 Si
2098 1154 2231 1209 ergo
2259 1148 2460 1193 natura
2504 1148 2589 1193 est
2626 1138 2801 1194 Filius
2838 1139 2937 1194 Dei
2967 1139 3252 1205 Christus,
3296 1150 3359 1196 et
3416 1155 3525 1195 ιιοιι

1950 1231 2262 1288 secundum
2299 1231 2539 1301 gratiam
2573 1231 2819 1285 ﬁliorum
2851 1230 3172 1302 adoptionis
3196 1234 3401 1304 dignus
3437 1233 3535 1287 ha-

1952 1326 2106 1381 bitus
2135 1334 2244 1389 est,
2276 1325 2457 1387 aiunt,
2490 1323 2769 1394 quomodo
2803 1322 3013 1379 dictum
3050 1336 3165 1391 est;
3210 1328 3386 1379 multo
3420 1340 3528 1379 ma-

1953 1419 2039 1489 gis
2072 1417 2251 1489 gratia
2282 1426 2338 1471 et
2372 1416 2579 1471 donum
2631 1416 2754 1482 Dei,
2788 1416 2845 1471 in
2874 1418 3050 1489 gratia
3084 1419 3253 1473 unius
3296 1419 3539 1473 hominis

1949 1511 2081 1566 Jesu
2110 1510 2317 1566 Christi
2338 1510 2393 1563 in
2432 1508 2622 1577 plures
2651 1508 2957 1565 abundavit
2989 1510 3049 1564 δῖ
3076 1520 3132 1565 et
3166 1512 3311 1566 istud
3337 1528 3349 1565 :
3392 1531 3409 1562 ι
3429 1513 3536 1565 Do-

1953 1608 2107 1663 navit
2141 1607 2221 1661 illi
2252 1607 2402 1661 Deus
2459 1620 2661 1660 nomen
2695 1606 2846 1675 quod
2895 1615 2982 1661 est
3036 1622 3206 1676 super
3240 1624 3403 1662 omne
3441 1623 3541 1661 no-

1953 1712 2080 1751 men
2106 1695 2161 1748 6?
2196 1715 2213 1746 ι
2246 1702 2303 1750 et
2335 1713 2348 1747 :
2391 1715 2409 1746 ι
2432 1696 2539 1762 Qui
2574 1712 2686 1751 non
2720 1697 2939 1767 accepit
2977 1698 3090 1752 sibi
3122 1699 3417 1762 honorem,
3444 1699 3537 1753 sed

1953 1795 2184 1842 vocatus
2233 1796 2319 1843 est
2348 1803 2378 1841 a
2428 1788 2542 1842 Deo
2597 1796 2861 1858 tanquam
2910 1790 3095 1845 Aaron
3131 1793 3193 1845 7?
3222 1812 3240 1842 ι
3272 1792 3408 1862 quid
3455 1800 3541 1847 est

1954 1881 2057 1935 istc
2078 1879 2356 1943 Christus,
2376 1880 2566 1934 dicite.
2591 1881 2735 1936 Usus
2758 1882 2924 1936 modo
2952 1883 3353 1953 synecdoches,
3374 1885 3540 1939 modo

264 1972 323 2025 αἱ
362 1968 614 2040 συνήθεις
652 1970 1030 2040 μετωνυμίαι’
1070 1972 1167 2024 καὶ
1214 1969 1404 2040 θαῦμά
1466 1987 1529 2038 γε
1566 1969 1739 2033 οὓτως
1766 1969 1853 2021 εύ-

1969 1973 2319 2044 metaphorae,
2364 1973 2531 2027 modo
2559 1974 2912 2044 metonymia:
2943 1986 3281 2046 usurpatur:
3332 1986 3389 2030 et
3435 1976 3540 2031 mi~

262 2063 632 2135 επιλήσμονές
662 2065 786 2116 ὲστε
812 2065 907 2116 καὶ
938 2056 1014 2118 ὧν
1040 2064 1193 2135 ὑμεῖς
1214 2064 1474 2128 πολλάκις
1495 2065 1775 2134 εἰρήκατε,
1803 2063 1852 2115 εἰ

272 2160 349 2229 μὴ
390 2160 497 2229 ἄρα
535 2158 597 2212 τὸ
644 2158 737 2212 τοῦ
793 2159 1078 2231 ληθάργου
1117 2158 1288 2222 πάθος
1337 2161 1575 2212 νοσεῖτε’
1622 2159 1705 2212 ὅτι
1744 2158 1852 2230 γὰρ

268 2252 365 2307 καὶ
396 2250 464 2304 τὰ
493 2250 587 2304 τοῦ
616 2251 735 2316 ἑνὸς
767 2251 873 2305 τῶν
909 2250 1091 2322 μερῶν
1131 2249 1297 2304 αὐτοῦ
1335 2249 1429 2303 τοῦ
1462 2251 1663 2322 μέρους
1715 2268 1852 2304 κατ-

268 2348 575 2418 ηγορεῖται,
607 2344 709 2398 οὐκ
733 2345 981 2413 ἀγνοεῖτε
1001 2360 1018 2377 ο
1048 2343 1126 2407 ὼς
1155 2342 1236 2406 τὸ,
1281 2362 1300 2395 ‹
1326 2343 1552 2397 Ἔθεντο
1574 2344 1643 2397 τὰ
1672 2343 1854 2415 θνησι-

270 2442 410 2511 μαῖα
450 2439 561 2491 τῶν
599 2437 806 2491 δούλων
836 2455 952 2501 σου,
983 2436 1254 2507 βρώματα
1296 2439 1409 2500 τοῖς
1458 2439 1727 2499 πετεινοῖς
1758 2435 1853 2490 τοῦ

265 2530 522 2602 ούρανοῦ,
550 2531 651 2590 τὰς
677 2530 887 2601 σάρκας
916 2529 1024 2581 τῶν
1050 2528 1214 2582 ὁσίων
1246 2546 1339 2583 σου
1372 2531 1482 2592 τοῖς
1511 2527 1725 2599 θηρίοις
1754 2529 1856 2598 τῆς

270 2626 395 2694 γῆς.
436 2644 457 2677 ι
512 2622 675 2676 Ἀλλὰ
725 2622 820 2675 καὶ
861 2622 943 2676 ὅτι
974 2621 1040 2675 τὰ
1065 2621 1160 2675 τοῦ
1188 2621 1311 2675 ὅλου
1354 2623 1552 2692 μέρους
1584 2622 1729 2676 κατὰ
1758 2621 1855 2676 τοῦ

270 2716 396 2771 ὃλου
428 2716 665 2784 λέγεται,
701 2715 844 2769 ῐστε”
879 2715 953 2778 ὡς
976 2715 1056 2777 τὸ,
1091 2733 1108 2766 ι
1143 2715 1293 2767 Ἐκεῖ
1317 2714 1526 2783 ἔθαψαν
1569 2714 1844 2784 ’Λϐραὰμ,

276 2812 370 2864 καὶ
405 2811 622 2882 Σάρραν
652 2810 751 2881 τὴν
789 2812 1020 2878 γυναῖκα
1049 2807 1237 2863 αὑτοῦ.
1286 2827 1304 2860 ι
1344 2809 1455 2863 Καὶ
1485 2807 1759 2861 ἀνάπαλιν
1788 2808 1859 2861 τὰ

276 2903 371 2957 τιῦ
406 2904 553 2970 ὅλου,
593 2903 734 2955 κατὰ
755 2903 847 2956 τοῦ
898 2903 1100 2973 μέρους
1124 2918 1136 2931 ·
1164 2900 1239 2964 ὡς
1274 2901 1357 2965 τὸ,
1388 2920 1406 2953 ι
1433 2902 1542 2956 Καὶ
1602 2901 1858 2971 είσῆλθεν

290 2996 485 3050 ’Ῐακὼδ
507 2998 564 3049 έν
594 3003 665 3051 οε¹
691 2997 891 3066 ψυχαῖς
911 2998 990 3060 είς
1012 2995 1287 3064 Αἴγυπτον
1306 3010 1320 3024 °
1350 3015 1368 3048 ι
1403 2994 1483 3048 ἔτι
1516 2994 1622 3067 μὴν
1652 2996 1733 3049 ὅτι
1764 2994 1861 3049 καὶ

276 3092 344 3143 τὰ
360 3090 454 3143 τοῦ
468 3090 590 3144 ὅλου
607 3089 744 3143 κατὰ
764 3089 856 3143 τοῦ
873 3094 1075 3160 μέρους
1094 3088 1260 3142 αὑτοῦ
1281 3088 1502 3157 λέγεταί
1519 3106 1648 3142 ποτε
1672 3089 1859 3165 μύνου,

276 3184 591 3254 ὁμολογεῖτε
620 3201 633 3214 ·
670 3182 747 3245 ὡς
790 3184 848 3235 ἐν
898 3182 998 3252 τῷ,
1046 3201 1064 3234 ι
1096 3181 1421 3246 Ἐνύσταξεν
1476 3182 1509 3253 ἡ
1556 3181 1702 3252 ψυχή
1756 3198 1857 3252 μου

279 3277 388 3331 ἀπὸ
435 3276 686 3347 ἀκηδίας.
725 3294 742 3327 ι
798 3273 937 3328 Οὔτε
994 3275 1102 3345 γὰρ
1145 3275 1326 3346 σῶμα,
1375 3272 1499 3327 οὔτε
1540 3273 1689 3344 ψυχὴ
1732 3273 1857 3326 καθ’

284 3371 459 3440 αὐτὴν
484 3369 761 3434 νυστάξειο
780 3369 876 3421 καὶ
891 3368 953 3420 ἐν
981 3368 1113 3439 τῷ,‹
1136 3368 1343 3439 Ἐκχεῶ
1364 3368 1471 3423 ἀπὸ
1494 3368 1589 3423 τοῦ
1615 3368 1864 3439 πνεύμα-

280 3466 373 3527 τῐς
414 3480 516 3533 μου
561 3461 656 3515 ἐπὶ
690 3462 872 3514 πᾶσαν
917 3460 1115 3531 σάρκα·
1148 3479 1166 3511 ι
1199 3460 1263 3513 οὐ
1308 3460 1417 3532 γὰρ
1445 3459 1509 3532 δὴ
1535 3460 1634 3532 τὴν
1659 3460 1866 3532 ἄψυχόν

286 3573 421 3628 φησι
440 3573 453 3585 ·
486 3556 582 3609 καὶ
610 3554 692 3608 ὅτι
718 3552 774 3605 δὲ
797 3552 866 3606 τὰ
892 3551 986 3605 τοῦ
1036 3552 1157 3606 ὅλου
1186 3551 1328 3606 κατὰ
1358 3552 1453 3606 τοῦ
1477 3553 1599 3606 ὅλου
1619 3552 1863 3621 λέγεται,

282 3652 660 3723 ἐκαμφίὸολον
691 3650 885 3705 πᾶσιν·
923 3650 997 3712 ὡς
1024 3649 1114 3712 τὸ,
1151 3650 1339 3702 Ἰσαὰκ
1368 3649 1425 3703 δὲ
1456 3649 1753 3721 ἐπορεύετο
1782 3649 1869 3703 διὰ

285 3750 386 3816 τῆς
413 3748 620 3819 ἐρήμου
643 3746 783 3800 κατὰ
810 3746 871 3796 τὸ
901 3742 1082 3813 φρέαρ
1113 3743 1209 3806 τῆς
1229 3742 1478 3813 ὁράσεως
1494 3758 1509 3773 ο
1528 3741 1589 3795 τὸ
1610 3742 1666 3795 δὲ
1688 3743 1866 3810 παρά-

281 3838 436 3903 δοξον
466 3824 841 3907 ἐροῦμενὲτι·
876 3833 959 3887 ὅτι
984 3832 1077 3885 ἐπὶ
1110 3832 1220 3885 τῶν
1266 3830 1516 3902 φυσικῶν
1541 3831 1870 3885 οίκειώσεων

287 3934 438 3987 ἔστιν
468 3931 599 3993 ,ἰδεῖν
634 3928 723 3983 διὰ
756 3929 856 3998 τὴν
887 3929 952 3980 ὲκ
978 3926 1076 3997 τῆς
1106 3925 1354 3989 ένώσεως
1396 3923 1744 3995 συμπάθειαν
1779 3925 1872 3979 ἐπὶ

284 4023 396 4078 τῶν
412 4021 660 4077 ὁπωσοῦν
677 4020 1018 4091 παθημάτων
1037 4018 1335 4089 ἡνωμένων
1359 4017 1563 4089 μερῶν,
1589 4019 1672 4072 ὅτι
1692 4018 1784 4071 καὶ
1804 4017 1872 4071 τὰ

288 4116 519 4187 θατέρου
543 4114 653 4168 τῶν
677 4111 861 4184 μερῶν
882 4110 976 4165 τοῦ
997 4111 1143 4175 ὅλου,
1164 4109 1309 4163 κατὰ
1336 4109 1431 4163 τοῦ
1460 4110 1649 4180 ἐτέρου
1673 4109 1873 4180 μέρους

289 4206 459 4262 αὐτοῦ
520 4206 951 4276 κατηγορεῖται·
990 4201 1067 4266 ὡς
1111 4203 1194 4263 τὸ,
1248 4202 1430 4272 ψυχὴν
1475 4200 1572 4255 τοῦ
1635 4201 1869 4269 φονέως,

290 4302 412 4357 ἀντὶ
456 4300 559 4371 τῆς
611 4299 790 4369 ψυχῆς
835 4295 930 4351 τοῦ
971 4294 1347 4366 φονευθέντος,
1409 4294 1867 4349 ἀποκτείνεσθαι·

292 4396 473 4449 καίτοι
524 4393 575 4446 οἱ
618 4389 1014 4452 ἁποκτένοντες
1043 4428 1059 4454 ,
1098 4387 1162 4441 τὸ
1233 4387 1394 4459 σῶμα
1457 4387 1822 4442 ἀποκτένουσι
1854 4431 1870 4454 ,

294 4487 438 4555 μετὰ
462 4484 520 4538 δὲ
558 4481 718 4536 τοῦτο
763 4481 865 4535 οὐκ
891 4480 1075 4551 ἔχουσι
1103 4478 1157 4532 τί
1184 4481 1573 4551 περισσότερον
1608 4481 1838 4550 ποιῆσαι
1857 4496 1870 4510 ⁶

291 4577 496 4632 τοιόνδε
552 4575 618 4644 δή
670 4572 920 4625 ἐστικαὶ
969 4571 1051 4635 τὸ,
1094 4587 1113 4622 ι
1149 4569 1497 4624 Ἐταπείνουν
1538 4572 1597 4622 ἐν
1648 4571 1875 4641 νηστείᾳ

291 4672 391 4743 τὴν
428 4667 609 4739 ψυχήν
652 4682 750 4735 μου
774 4682 786 4697 ·
816 4685 833 4717 ι
867 4666 962 4719 καὶ
996 4664 1104 4735 γὰρ
1134 4662 1197 4716 τὸ
1224 4662 1393 4732 ,σῶμα
1429 4662 1657 4733 πρώτως
1687 4680 1746 4716 τε
1782 4664 1875 4719 καὶ
1901 4696 1954 4754 D

290 4763 463 4824 ὅντως
495 4759 610 4813 ἐστὶ
632 4756 689 4809 τὸ
721 4758 1149 4825 ταπεινούμενον
1180 4755 1273 4808 ἐπὶ
1302 4755 1546 4826 νηστείᾳ,
1579 4758 1611 4827 ή
1643 4756 1699 4808 δὲ
1728 4756 1875 4829 ψυχὴ

294 4854 390 4910 καὶ
424 4853 627 4923 μᾶλλον
651 4852 809 4922 νήφει
838 4850 932 4902 καὶ
954 4847 1185 4918 ὑψοῦται
1211 4847 1404 4917 ἐφόσον
1419 4848 1447 4899 ὅ
1469 4847 1570 4912 ἔξω
1592 4847 1879 4920 ἄνθρωπος

292 4944 667 5001 ταπεινοῦται·
693 4944 809 5005 καί,
833 4942 1016 5012 «Φωνὴ
1034 4941 1267 5012 αἵματος
1289 4942 1382 4994 τοῦ
1410 4941 1643 5009 ἀδελφοῦ
1663 4958 1758 4994 σου
1786 4942 1882 5014 βοᾷ

299 5042 437 5113 πρός
475 5059 540 5111 με
563 5060 575 5072 ·
600 5060 617 5092 ι
652 5039 748 5093 καὶ
773 5038 883 5108 γὰρ
908 5036 1023 5100 καὶ,
1056 5034 1200 5088 κατὰ
1228 5034 1320 5087 τὸν
1364 5034 1710 5097 Ἀπόστολον,
1742 5037 1881 5088 ἁπο-

298 5132 477 5187 θανὼν
507 5131 586 5185 ἔτι
618 5132 773 5184 λαλεῖ
800 5128 875 5193 ὡς
900 5126 1009 5193 ζῶν
1048 5128 1076 5181 ὁ
1120 5125 1307 5188 Ἅϐελ,
1341 5126 1443 5177 οὐκ
1473 5125 1625 5196 αὐτῷ
1658 5126 1876 5196 αἵματι,

294 5223 435 5279 ἀλλὰ
462 5226 529 5295 τῆ
552 5224 721 5293 ψυχῇ.

370 5314 551 5385 Σαφὲς
590 5313 680 5367 οῦν
712 5313 868 5367 ὅτιᾶ
920 5313 1181 5384 εἰρήκατε
1230 5311 1431 5374 πάντα,
1488 5309 1618 5381 περὶ
1678 5308 1882 5381 μέρους

296 5409 516 5475 λέγεται
540 5408 633 5462 τοῦ
660 5407 1005 5479 ἀνθρωπίνου
1041 5404 1312 5478 Χριστοῦο
1338 5406 1371 5475 ἡ
1408 5405 1506 5474 μὲν
1546 5402 1651 5475 γὰρ
1681 5403 1791 5457 τῶν
1823 5406 1882 5456 ὲν

298 5501 450 5572 αὐτῷ
501 5500 739 5569 φύσεων,
793 5500 921 5563 Θεός
958 5518 1017 5552 τε
1049 5500 1141 5553 καὶ
1177 5498 1304 5562 Υἱὸς
1336 5495 1474 5551 Θεοῦ
1520 5484 1659 5550 ἐστι’
1679 5514 1740 5549 τε
1790 5496 1884 5549 καὶ

298 5594 649 5665 ὀνομάζεται,
674 5593 918 5647 ούσιιὺδει
948 5594 1094 5665 λόγῳ
1117 5610 1129 5623 ·
1167 5596 1199 5663 ἡ
1242 5592 1300 5645 δὲ
1334 5592 1515 5663 χάριτι
1538 5590 1755 5660 ἀληθῶς
1785 5592 1882 5645 καὶ

298 5693 481 5764 δωρεᾷ
516 5692 667 5756 θείας
705 5691 873 5761 τιμῆς
899 5690 995 5744 xui.
1019 5690 1319 5761 ὀνομασίας
1355 5688 1605 5757 ἠξίωται,
1636 5686 1750 5739 ἀλλ’
1783 5688 1885 5755 οὐχ

301 5785 486 5847 ἁπλῶς
516 5784 687 5855 ὄνομα
717 5782 881 5855 οὖσης
909 5782 1083 5852 ψιλὸν,
1111 5786 1344 5853 πρᾶγμα
1374 5778 1733 5851 ὑποκείμενον
1766 5781 1883 5832 ὅνο-

1957 2081 2079 2120 rum
2096 2064 2243 2135 quod
2270 2066 2345 2119 ita
2371 2081 2492 2135 qua:
2505 2073 2560 2120 et
2581 2081 2678 2120 vos
2695 2081 2835 2135 saepe
2854 2066 3096 2132 dixistis,
3120 2067 3539 2132 fueritis’ohliti,

1955 2160 2063 2214 nisi
2086 2158 2370 2229 lethargiae
2405 2159 2600 2213 morbo
2647 2158 2914 2214 lahoretis
2946 2176 3094 2215 :non
3135 2162 3284 2217 enim
3321 2161 3543 2231 ignora-

1959 2249 2031 2303 tis
2066 2265 2190 2318 qme
2228 2257 2357 2304 sunt
2386 2249 2552 2303 unius
2584 2266 2649 2303 ex
2671 2250 2923 2320 partibus
2946 2251 3013 2307 de
3040 2252 3160 2322 ipsa
3201 2261 3359 2323 parte
3399 2252 3545 2307 afﬁr-

1957 2344 2137 2398 mari:
2204 2343 2352 2398 sicut
2381 2343 2439 2396 in
2475 2343 2584 2397 hoc
2632 2343 2793 2397 loco:
2856 2345 3220 2399 «Posuerunt
3270 2345 3543 2399 cadavera

1957 2449 2248 2489 servorum
2271 2443 2494 2503 tuorum
2527 2434 2584 2489 in
2609 2450 2796 2490 escam
2813 2436 3139 2492 volatilibus
3167 2436 3319 2496 coeli.
3346 2452 3546 2491 carnes

1958 2532 2276 2578 sanctorum
2303 2534 2524 2578 tuorum
2548 2523 2744 2579 bestiis
2772 2534 2934 2580 terra:
2966 2528 2987 2558 ⁸
3007 2569 3022 2593 ,
3051 2546 3068 2577 ›
3108 2527 3205 2582 sed
3228 2528 3399 2582 etiam
3434 2527 3545 2582 sci-

1962 2617 2034 2669 tis
2070 2632 2193 2685 quae
2228 2624 2359 2671 sunt
2394 2616 2562 2671 totius
2594 2617 2794 2686 partis,
2818 2617 2887 2672 de
2918 2629 3035 2673 toto
3066 2619 3211 2674 dici:
3250 2630 3312 2675 ut
3340 2620 3394 2674 in
3441 2620 3547 2674 hoc

1958 2708 2069 2763 alio
2087 2708 2209 2761 loco
2233 2724 2245 2759 :
2274 2727 2290 2757 ι
2313 2706 2411 2760 llic
2431 2707 2773 2777 sepelierunt
2790 2709 3067 2763 Abraham
3088 2718 3144 2765 et
3167 2710 3300 2766 Sara
3317 2727 3544 2777 uxorem

1958 2803 2079 2873 ejus
2104 2802 2161 2866 9,
2188 2818 2204 2851 ι
2244 2809 2300 2854 et
2336 2801 2559 2865 iterum,
2594 2816 2718 2871 quae
2742 2809 2874 2855 sunt
2910 2804 3103 2868 totius,
3141 2803 3210 2858 de
3241 2812 3436 2872 parte:
3486 2813 3549 2857 ut

1962 2894 2018 2948 in
2056 2895 2184 2958 isto,
2225 2913 2241 2943 ι
2266 2894 2555 2965 ingressus
2572 2904 2655 2950 est
2687 2895 2859 2951 Jacob
2890 2911 3016 2951 cum
3039 2897 3158 2951 suis
3175 2896 3469 2951 animabus
3490 2896 3546 2950 in

1960 2989 2279 3063 Egyptnm,
2314 3010 2331 3041 ι
2364 2990 2548 3045 adhuc
2569 2990 2914 3046 confitemini
2941 3008 3063 3061 qua:
3088 3001 3218 3047 sunt
3273 2993 3445 3047 totius
3479 2990 3548 3045 de

1962 3094 2118 3153 parte
2137 3083 2254 3153 ipsa
2274 3082 2385 3137 dici
2402 3083 2699 3153 aliquando
2716 3085 2853 3149 sola,
2873 3084 3019 3140 sicut
3036 3085 3091 3139 in
3109 3100 3175 3140 eo
3194 3085 3317 3140 loco
3338 3104 3351 3139 :
3380 3084 3548 3138 «Dor-

1960 3174 2180 3228 mitavit
2231 3173 2419 3229 anima
2482 3189 2607 3230 mea
2657 3190 2769 3244 pra:
2814 3175 2981 3231 taedio
3030 3177 3113 3241 1°;
3147 3195 3165 3227 ι
3223 3192 3334 3231 non
3397 3176 3546 3230 enim

1965 3284 2189 3339 eorpus,
2237 3282 2422 3338 neque
2469 3268 2654 3323 anima
2704 3269 3012 3324 secundum
3053 3270 3290 3340 seipsam
3349 3283 3550 3339 perno-

1890 3345 1933 3406 C
1968 3366 2098 3423 ctat,
2127 3366 2182 3411 et
2220 3357 2275 3411 in
2306 3357 2436 3423 alio,
2476 3358 2743 3413 «Effundo
2763 3358 2831 3412 de
2863 3358 3065 3429 spiritu
3086 3374 3213 3414 meo
3248 3373 3549 3429 superom-

1967 3466 2093 3506 nem
2126 3466 2382 3512 carnem;
2412 3470 2431 3503 ι
2464 3466 2577 3506 non
2614 3453 2763 3507 enim
2798 3453 2945 3506 illam
2999 3453 3119 3508 sine
3160 3453 3345 3507 anima
3387 3452 3567 3545 dicitz.

1968 3554 2024 3602 et
2077 3561 2200 3616 qua:
2251 3553 2384 3601 sunt
2438 3546 2615 3601 totius
2674 3546 2745 3601 de
2794 3554 2912 3601 toto
2963 3544 3097 3609 dici.
3152 3554 3406 3615 apertum
3469 3556 3553 3602 est

1967 3638 2271 3704 omnibus;
2344 3638 2491 3692 sicut
2552 3636 2613 3690 in
2663 3638 2862 3702 altero,
2920 3638 3073 3692 lsaac
3131 3638 3246 3692 ibat
3296 3654 3398 3709 per
3453 3638 3553 3695 de-

1970 3740 2181 3786 sertum
2210 3731 2369 3800 juxta
2394 3728 2599 3784 fossam
2628 3729 2900 3793 visionis;
2950 3729 3160 3798 aliquid
3215 3746 3351 3785 vero
3394 3731 3555 3785 inau-

1971 3822 2151 3877 ditum
2203 3821 2665 3892 superaddemus,
2725 3838 2928 3892 nempe
2986 3822 3134 3893 quod
3207 3832 3420 3893 spectat
3485 3824 3553 3878 ad

1973 3921 2256 3977 naturales
2328 3920 2796 3992 conjunctiones,
2844 3921 3010 3977 datur
3080 3921 3271 3976 videre
3320 3931 3549 3992 propter

1974 4015 2341 4089 sympathiam
2394 4030 2520 4085 qua;
2566 4030 2637 4070 ex
2685 4015 2892 4070 unione
2948 4016 3131 4070 oritur
3181 4015 3365 4086 quoad
3420 4016 3559 4070 affe-

1974 4116 2097 4163 ctus
2158 4104 2405 4176 partium
2464 4104 2786 4172 unitarum,
2850 4121 2973 4175 qua:
3026 4115 3157 4161 sunt
3211 4105 3443 4161 alterius
3492 4121 3561 4159 ex

1977 4200 2233 4272 partibus
2283 4198 2473 4263 totius,
2506 4198 2575 4255 de
2616 4200 2791 4255 altera
2829 4208 2989 4269 parte
3038 4198 3216 4269 ipsius
3262 4199 3583 4264 aﬂirmari;.

1975 4296 2058 4351 sic
2084 4295 2313 4358 dicitur,
2341 4295 2582 4349 animam
2635 4293 2957 4357 homicidae,
3015 4310 3117 4364 pro
3146 4295 3331 4349 anima
3382 4295 3563 4349 inter-

1979 4389 2132 4453 fecti,
2151 4388 2358 4453 occidi;
2383 4404 2549 4459 porro
2572 4387 2962 4444 interfectores
2974 4404 3179 4459 corpus
3194 4387 3557 4447 interficiunt,

1978 4491 2103 4553 post
2135 4482 2239 4535 hoc
2270 4496 2403 4535 vero
2448 4496 2561 4533 non
2608 4479 2817 4535 habent
2870 4480 3111 4550 amplius
3148 4479 3278 4548 quid
3335 4476 3558 4539 faciant,

1981 4575 2163 4630 simile
2210 4582 2297 4628 est
2353 4572 2457 4625 hoc
2503 4590 2517 4625 :
2572 4590 2592 4621 ί
2636 4570 3007 4625 Humiliabam
3060 4572 3119 4625 in
3180 4570 3389 4641 jejunio
3448 4570 3564 4624 ani-

1983 4682 2129 4720 mam
2159 4679 2338 4719 meam
2378 4663 2415 4694 “
2442 4681 2455 4727 ;
2487 4682 2505 4714 ι
2532 4677 2735 4731 corpus
2785 4661 2934 4716 enim
2966 4662 3217 4731 primum
3257 4672 3313 4716 et
3339 4660 3564 4715 realiter

1982 4758 2120 4813 illud
2154 4767 2242 4811 est
2265 4756 2413 4825 quod
2438 4754 2769 4809 humiliatur
2791 4754 2845 4808 in
2868 4754 3104 4825 jejunio,
3138 4754 3319 4808 anima
3338 4768 3472 4808 vero
3497 4767 3564 4806 eo

1984 4850 2160 4920 magis
2194 4848 2386 4918 vigilat
2427 4856 2482 4903 et
2510 4848 2807 4913 exaltatur,
2838 4848 2984 4917 quod
3015 4848 3345 4902 humiliatur
3380 4855 3563 4901 exter-

1984 4960 2090 4999 nus
2124 4943 2327 5007 homo,
2382 4951 2440 4996 et
2469 4940 2639 4996 illud:
2677 4942 2827 4996 «Vox
2882 4941 3173 5011 sanguinis
3231 4940 3422 4995 fratris
3477 4940 3557 4994 tui

1984 5038 2189 5091 clamat
2219 5035 2287 5090 ad
2318 5052 2406 5090 me
2426 5036 2505 5101 ¹²;
2533 5054 2550 5086 ι
2588 5034 2797 5089 etenim
2822 5041 2878 5088 et
2896 5033 3202 5089 secundum
3217 5031 3561 5102 Apostolum,

1984 5129 2285 5185 defunctus
2325 5128 2508 5183 adhuc
2560 5127 2809 5197 loquitur
2854 5135 3117 5196 tanquam
3168 5124 3359 5179 vivens
3406 5124 3561 5187 Abel,

1985 5238 2099 5276 non
2128 5222 2250 5292 ipso
2274 5221 2569 5291 sanguine,
2594 5220 2692 5275 sed
2722 5219 2927 5274 anima.

2060 5313 2410 5371 Manifestum
2461 5320 2546 5368 est
2604 5312 2774 5383 igitur
2821 5311 3008 5366 omnia
3064 5326 3184 5380 quae
3233 5309 3451 5365 dixistis
3498 5307 3567 5366 de

1991 5418 2144 5481 parte
2176 5409 2286 5464 dici
2338 5406 2545 5463 Christi
2594 5406 2820 5460 humani
2849 5423 2861 5458 :
2895 5420 3007 5459 una
3040 5405 3187 5459 enim
3241 5413 3567 5457 naturarum

1990 5520 2113 5573 qua:
2141 5509 2272 5558 sunt
2306 5502 2363 5555 in
2385 5500 2528 5570 ipso,
2554 5500 2701 5554 Deus
2729 5507 2786 5554 et
2832 5498 3005 5554 Filius
3036 5498 3133 5553 Dei
3171 5505 3257 5551 ent
3289 5505 3347 5551 et
3387 5495 3569 5550 nomi-

1991 5607 2155 5651 natur
2193 5593 2475 5650 essentiali
2506 5593 2713 5648 verbo:
2755 5593 2927 5647 altera
2958 5606 3091 5645 vero
3148 5592 3324 5661 gratia
3365 5604 3494 5643 vere
3516 5598 3569 5641 et

1990 5689 2162 5751 dono,
2196 5684 2451 5741 divinum
2482 5685 2754 5740 honorem
2775 5690 2833 5739 et
2860 5680 3371 5737 denominationem
3422 5679 3570 5732 acci-

1997 5780 2098 5850 pit,
2136 5793 2258 5848 quae
2286 5784 2401 5832 non
2424 5766 2555 5832 sunt
2588 5775 2917 5846 simpliciter
2946 5789 3149 5828 nomen
3182 5770 3412 5833 nudum,
3445 5768 3571 5838 qui-

370 5950 394 5976 ⁵
423 5944 613 6029 Matth.
650 5945 805 6029 ruﬁ.“
848 5942 1054 6029 "Rom.
1079 5959 1135 6011 ν,
1326 5944 1615 6029 ξ-ιξξιίῑίρρ.
1639 5960 1674 5997 ιι
1834 5945 1851 5974 ⁷

1969 5962 2037 5998 )l‘.
2068 5961 2119 6006 v,
2141 5944 2191 5999 4.
2272 5943 2292 5974 ⁸
2322 5944 2524 6029 Jercm.
2551 5958 2663 6007 xu,
2691 5943 2741 5996 7.
2816 5941 2837 5971 ’
2862 5938 3003 5993 Gen.
3026 5952 3149 6000 xxv,
3184 5932 3266 5987 l0.
3353 5930 3393 5962 "
3422 5928 3564 5987 Psal.

298 6028 486 6081 Tutu,
519 6015 609 6070 ‘28.
693 6016 731 6046 ”
768 6014 907 6070 Psal.
944 6029 1125 6078 xxxiv,
1156 6015 1241 6069 l5.
1326 6015 1533 6071 "Gen.
1590 6031 1662 6081 tv,
1703 6017 1784 6067 ιυ.
