4006 6518
529 479 664 549 Ξίίιὸ

1792 485 2102 547 LEONTII
2144 483 2545 544 ΒΥΖΑΝΤΙΝῘ

3655 479 3797 545 ιβιδ

521 592 630 648 bus
655 590 798 646 desit
825 606 915 647 res
971 592 1059 648 isti
1115 591 1329 648 nomini
1385 592 1682 664 subjacens
1731 608 1855 663 qua:
1880 590 2102 663 proprie

2223 590 2413 644 ιαστδν
2467 587 2614 650 ίδίως
2664 584 2802 658 τῷδε
2848 585 2930 658 τῷ
2971 587 3200 658 ὀνόματι
3240 587 3346 641 οὐκ
3397 584 3658 659 ἐχούσης,
3689 584 3800 642 οἷον

519 681 799 738 nominari
826 682 1021 754 possit,
1043 683 1190 739 sicut
1223 683 1420 739 dicunt
1449 683 1510 738 τὸ
1535 683 1829 756 κριέλαφος
1867 691 1924 739 et
1957 683 2110 740 simi-

520 774 632 841 lia;
691 774 789 832 sed
836 775 1109 831 honorem
1159 775 1404 832 nominis
1452 776 1579 832 Filii
1633 776 1727 833 Dei
1754 786 1811 832 et
1839 775 1970 842 Dei,
2003 775 2108 848 ipsi

524 867 791 924 traditum
851 876 1080 940 prapter
1148 869 1412 925 unionem
1482 869 1888 942 hypostaticam
1935 869 2110 940 ipsius

523 976 650 1016 cum
689 961 787 1016 Dei
817 972 1050 1030 natura;
1086 963 1162 1017 ita
1199 962 1349 1017 enim
1399 961 1622 1017 realiter
1660 962 1804 1016 dona
1831 970 1886 1016 et
1931 961 2110 1016 honor

523 1064 581 1110 et
606 1053 991 1110 denominatio
1040 1069 1237 1125 magna
1267 1052 1510 1109 deificati
1564 1053 1633 1108 ab
1666 1052 1763 1108 illo
1820 1052 1917 1122 qui
1977 1067 2108 1106 vere

525 1147 681 1201 illum
711 1145 994 1204 deiﬁcavit
1041 1161 1175 1200 vero
1207 1146 1317 1201 Deo
1349 1145 1405 1199 in
1441 1144 1745 1200 donatione
1794 1145 1878 1200 sui
1931 1144 2110 1215 ipsius

523 1241 998 1306 demonstrantur,
1056 1239 1163 1294 nisi
1215 1238 1475 1294 ﬁctilium
1531 1238 1603 1294 sit
1653 1253 1856 1293 nomen
1902 1236 2110 1309 gratill-

525 1333 704 1388 cantis
735 1333 884 1403 quod
914 1333 995 1387 illi
1039 1332 1265 1403 proprie
1297 1331 1492 1387 datum
1526 1342 1632 1388 est.
1655 1332 1775 1388 Non
1807 1331 1913 1387 sibi
1942 1331 2110 1403 igitur

525 1427 762 1497 accepit,
820 1441 1019 1496 nempe
1043 1441 1073 1480 a
1118 1426 1305 1496 seipso
1332 1426 1645 1480 honorem:
1681 1439 1864 1495 neque
1909 1431 2112 1479 semet-

409 1531 412 1535 ‘
526 1518 715 1588 ipsum
762 1516 1097 1589 gloriﬁcavit
1124 1517 1402 1583 Christus,
1443 1517 1594 1588 quod
1629 1532 1781 1573 nunc
1834 1517 2112 1588 significat

528 1613 815 1668 hominem
875 1613 1185 1668 secundum
1219 1628 1278 1668 se
1307 1621 1642 1682 spectatum,
1664 1611 1759 1666 sed
1787 1611 2019 1682 loquens
2041 1610 2110 1665 ad

527 1722 654 1761 eum
688 1706 834 1761 Deus
859 1704 1087 1761 realiter
1113 1712 1170 1760 et
1202 1703 1397 1760 dicens
1417 1714 1545 1759 actu
1577 1703 1698 1773 ipso
1730 1719 1842 1774 quo
1871 1701 2109 1758 eﬂicitur

529 1800 647 1872 ipse
683 1798 883 1864 Filius,
908 1814 1022 1854 non
1061 1808 1250 1854 autem
1275 1797 1448 1853 verbo
1483 1796 1667 1852 nudo:
1701 1817 1718 1846 ι
1745 1795 1923 1850 Filius
1951 1810 2111 1850 meus

527 1908 591 1948 es
611 1902 692 1958 tu,
713 1907 818 1963 ego
849 1891 1018 1948 hodie
1035 1892 1202 1963 genui
1222 1901 1274 1947 te
1301 1892 1366 1958 ",
1388 1910 1408 1944 ι
1441 1891 1617 1963 gratia
1641 1889 1876 1956 scilicet,
1895 1904 1963 1944 ex
1998 1903 2110 1959 quo

2210 698 2344 752 φασι
2390 681 2453 736 τὸ
2511 679 2831 751 κριέλαφος,
2888 679 2986 734 καὶ
3037 679 3108 734 τὰ
3154 679 3318 751 ὃμοια
3345 695 3359 710 ο
3392 678 3532 733 ἀλλὰ
3575 681 3673 735 διὰ
3702 684 3801 752 τῆς

2209 772 2348 846 πρὸς
2383 771 2477 826 τὸν
2524 772 2685 842 φύσει
2732 771 2867 824 Θεὸν
2920 769 3170 851 ἐνὼσεως
3205 769 3380 840 αὐτῆς
3425 769 3800 844 ὑποστατικῆς

2215 865 2638 939 μεταδιδομένης
2675 865 2815 936 αὐτῇ
2843 864 2946 935 τῆς
2972 864 3066 918 τοῦ
3117 863 3387 933 ὀνόματος
3417 862 3510 917 τοῦ
3537 863 3676 918 Υίοῦ
3706 862 3799 917 τοῦ

2209 957 2349 1012 Θεοῦ
2401 959 2497 1013 καὶ⁴
2545 955 2682 1011 Θεοῦ
2739 956 2946 1027 τιμῆς⁸
2999 955 3144 1010 οὕτω
3182 955 3293 1026 7&9
3345 955 3800 1027 πραγματιωδῶς

2211 1048 2526 1119 χαρίσματα
2555 1049 2650 1101 καὶ
2681 1045 2816 1117 τιμὴ
2858 1045 2954 1100 καὶ
2984 1044 3255 1116 ὀνομασία
3293 1047 3508 1118 μεγάλη
3537 1047 3636 1099 τοῦ
3664 1046 3798 1100 θεω-

2212 1141 2400 1204 θέντος
2424 1139 2578 1210 παρὰ
2603 1137 2697 1193 τοῦ
2728 1136 2948 1208 άληθῶς
2977 1134 3282 1200 θεώσαντος
3318 1138 3451 1193 αὐτὸ
3478 1137 3620 1192 Θεοῦ
3672 1139 3800 1210 άλη-

2212 1228 2340 1294 θοῦς
2368 1229 2425 1283 ἐν
2457 1228 2602 1282 δόσει
2639 1228 2834 1282 ἑαυτοῦ
2862 1227 3162 1292 δείκνυται,
3199 1225 3360 1299 εἴπερ
3409 1227 3486 1300 μὴ
3531 1228 3800 1298 ψευδωνύρ

2215 1339 2331 1394 μως
2357 1317 2721 1391 χαριζόμενος
2748 1317 2900 1390 αὐτῷ
2921 1317 2984 1372 τὸ
3007 1316 3140 1371 ῐδιον
3163 1317 3340 1388 δνομα
3369 1317 3622 1376 λέλεκται
3651 1337 3672 1352 ⁸
3707 1322 3800 1393 οὐχ

2209 1410 2394 1480 ἑαυτῷ
2426 1409 2518 1464 06v
2539 1408 2750 1476 ἐλαϐεν,
2777 1409 2948 1480 ἤγουν
2977 1409 3074 1478 ἀφ’
3096 1407 3319 1476 ἑαυτοῦ,
3341 1409 3442 1481 τὴν
3456 1413 3628 1482 τιμήν
3646 1428 3663 1442 ⁸
3684 1415 3800 1468 om

2211 1500 2404 1555 ἑαυτὸν
2442 1498 2693 1565 ιδόξασεν
2727 1498 3036 1571 όΧριστδς,
3064 1499 3204 1570 ὅπερ
3249 1501 3508 1572 σημαίνει
3561 1501 3664 1556 νῦν
3711 1503 3801 1558 τὸν

2211 1595 2333 1650 κατ’
2381 1594 2545 1648 αὐτὸν
2593 1591 2905 1665 ἄνθρωπον,
2947 1593 3066 1647 ἀλλ’
3107 1593 3136 1646 ὁ
3187 1592 3432 1665 λαλήσας
3463 1595 3607 1667 πρὸς
3639 1597 3799 1651 αὑτὸν

2211 1687 2345 1750 Θεὸς
2367 1686 2830 1759 πραγματιωδῶς,
2861 1685 2958 1741 καὶ
2992 1684 3165 1741 εἰπὼν
3209 1686 3289 1759 τῷ
3319 1687 3471 1760 ἔργῳ
3510 1693 3617 1762 τῆς
3668 1691 3800 1765 πρὸς

2211 1781 2376 1837 αὑτὸν
2407 1781 2682 1844 υίοποιίας
2725 1778 2890 1834 αὑτοῦ
2919 1781 3016 1835 καὶ
3039 1781 3102 1836 ού
3126 1781 3270 1853 λόγῳ
3298 1783 3466 1854 ψιλῷ,
3498 1805 3517 1837 ε
3545 1785 3682 1849 Υἱός
3703 1804 3802 1856 μου

2213 1870 2265 1929 εἴ
2297 1875 2398 1938 σὺ,
2433 1871 2547 1944 ἐγὼ
2581 1873 2826 1945 σήμερον
2859 1873 3172 1945 γεγέννηκά
3209 1891 3291 1940 σε,
3320 1894 3340 1927 ›
3380 1876 3568 1948 χάριτι
3611 1879 3798 1948 ἤγουν,

531 1995 585 2040 te
617 1956 909 2040 Filio'meo
934 1956 1139 2039 natura
1167 1985 1319 2055 juxta
1353 1956 1521 2037 unam
1558 1980 1897 2052 hyposlasim
1922 1956 2109 2034 univi:

2223 1969 2314 2038 iup’
2344 1962 2406 2023 06
2435 1967 2514 2038 τῷ
2540 1964 2702 2037 φύσει
2743 1983 2848 2036 μου
2897 1965 3012 2038 Υἱῷ
3045 1983 3104 2020 σε
3131 1969 3464 2039 προσήνωσα
3496 1970 3648 2024 κατὰ
3680 1968 3801 2041 μίαν

529 2078 734 2134 etenim
749 2093 870 2148 qua:
886 2076 1002 2148 ipse
1019 2075 1160 2131 dixit
1176 2075 1320 2131 facta
1333 2074 1526 2140 fuisse,
1539 2084 1595 2130 et
1612 2073 1951 2146 impossibile
1963 2089 2116 2128 men-

531 2168 623 2224 tiri
646 2169 845 2236 Deum,
868 2159 1186 2241 accepimus
1199 2168 1268 2224 ab
1291 2169 1433 2240 ipso.
1458 2169 1585 2224 Haec
1602 2168 1771 2239 igitur
1790 2166 2116 2232 ostendunt,

530 2261 680 2333 quod
711 2277 822 2317 non
854 2277 886 2316 a
911 2261 1098 2332 seipso
1134 2261 1350 2316 electus
1396 2261 1548 2316 filius
1579 2261 1827 2316 hominis
1849 2260 2118 2340 gloriatur

531 2355 714 2410 Deum
745 2354 953 2409 habere
1000 2355 1254 2420 Patrem,
1287 2353 1385 2409 sed
1414 2370 1446 2409 a
1484 2355 1598 2409 Deo
1653 2362 1886 2408 vocatus
1923 2363 2008 2408 est
2058 2353 2114 2408 in

529 2445 1018 2516 participationem
1048 2445 1201 2500 illius
1242 2445 1446 2502 divina:
1473 2445 1781 2511 liliationis,
1823 2455 1880 2502 et
1918 2445 2116 2502 aiterni

532 2538 715 2610 ipsius
740 2538 1064 2606 sacerdotii,
1095 2538 1244 2610 quod
1273 2555 1383 2594 non
1416 2539 1908 2604 nominet‘antum,
1935 2539 2033 2596 sed
2059 2548 2117 2596 et

532 2647 594 2687 re
649 2631 1008 2702 intelligitur:
1065 2631 1210 2698 «Qui
1255 2632 1406 2688 enim
1442 2632 1652 2703 iuravit
1697 2633 1749 2688 ei
1811 2633 2114 2700 Dominus,

530 2738 638 2779 nec
651 2722 932 2792 pmnituit,
965 2723 1046 2778 'l‘u
1071 2739 1134 2780 es
1157 2722 1414 2779 sacerdos
1441 2724 1496 2779 in
1519 2733 1784 2806 aeternum
1812 2724 2116 2780 secundum

531 2819 784 2874 ordinent
825 2817 1232 2874 Melchisedech
1266 2817 1347 2883 “;
1376 2835 1394 2870 ο
1430 2816 1548 2887 ipse
1579 2825 1703 2872 erat
1751 2817 1820 2873 de
1865 2833 1978 2888 quo
2034 2817 2120 2873 di-

531 2923 682 2969 ctum
710 2895 821 2968 est:
863 2933 879 2964 ι
908 2912 1180 2968 Dominus
1226 2911 1368 2966 dixit
1401 2909 1468 2968 ad
1516 2925 1626 2975 me,
1665 2911 1842 2967 Filius
1869 2928 2029 2968 meus
2058 2928 2119 2969 es

533 3015 633 3072 tu;
672 3025 691 3057 ι
733 3005 902 3077 igitur
929 3005 1014 3061 lue
1040 3019 1230 3070 voces,
1277 3005 1427 3060 sicut
1482 3005 1664 3060 Aaron
1718 3005 1958 3060 similem
2001 3022 2120 3062 mo-

535 3094 666 3150 dum
695 3092 1014 3148 donationis
1039 3109 1068 3147 a
1090 3093 1203 3148 Deo
1230 3091 1388 3148 factm
1413 3091 1692 3147 donorum
1719 3101 1778 3147 et
1809 3092 2121 3149 vocationis

537 3183 592 3237 in
619 3183 802 3239 Aaron
836 3195 893 3239 et
918 3184 972 3238 in
1003 3183 1248 3248 Christo,
1267 3199 1382 3240 non
1407 3193 1592 3239 tamen
1624 3183 1770 3240 dona
1812 3185 2015 3241 similia
2045 3186 2122 3242 si-

2216 2063 2519 2117 ύττόστασιν
2544 2079 2561 2094 ⁸
2592 2061 2676 2115 ὅτι
2712 2059 2822 2132 7&9
2851 2059 2888 2115 ἃ
2921 2059 2988 2114 ἂν
3020 2061 3183 2124 αὐτὸς
3230 2055 3354 2116 εἶπε
3400 2062 3500 2117 καὶ
3547 2063 3804 2134 ἐγενήθη-

2217 2172 2339 2219 σαν,
2375 2157 2472 2208 καὶ
2510 2154 2592 2207 ὃτι
2643 2151 2909 2207 ἀδύνατον
2945 2151 3246 2219 ψεύδεσθαι
3277 2152 3436 2218 Θεὸν,
3473 2153 3802 2226 μεμαθήκεις

2221 2267 2318 2321 μεν
2357 2247 2488 2320 παρ’
2514 2245 2705 2303 αὐτοῦ.
2741 2246 2906 2318 Δηλοί
2929 2245 3024 2301 οῦν
3043 2246 3192 2311 τάδε,
3223 2248 3306 2302 ὅτι
3327 2249 3430 2302 οὐκ
3459 2247 3558 2317 ἀφ’
3589 2248 3798 2312 ἑαυτοῦ,

2216 2340 2543 2415 αἱρούμενος
2595 2343 2625 2395 ὁ
2672 2339 2788 2402 υίὸς
2856 2338 2952 2393 τοῦ
3014 2339 3306 2412 ἀνθρώπου
3342 2382 3357 2404 .
3415 2341 3800 2406 άλαζονεύεται

2219 2434 2441 2506 Πατέρα
2469 2432 2626 2500 Θεδν,
2666 2431 2783 2488 ἀλλ’
2809 2433 2916 2488 ὑπὸ
2963 2433 3056 2487 τοῦ
3095 2432 3232 2487 Θεοῦ
3263 2433 3531 2505 κέκληται
3578 2439 3663 2500 είς
3711 2436 3802 2506 τὴν

2218 2528 2377 2594 ἀξίαν
2407 2529 2508 2598 τῆς
2530 2527 2681 2592 θείας
2713 2526 2964 2598 υἰότητος
3000 2525 3232 2598 ταύτης,
3264 2527 3486 2600 καὶτῆς
3515 2526 3802 2600 διηνεκοῦς

2217 2620 2384 2676 αὐτοῦ
2408 2612 2733 2693 ἱερωσύνης,
2752 2620 2862 2674 οὐδ’
2886 2619 3055 2692 αὐτῆς
3076 2619 3238 2691 μόνον
3259 2619 3513 2690 ὀνόματι,
3541 2621 3688 2675 ἀλλὰ
3713 2624 3800 2675 καὶ

2217 2715 2507 2785 πράγματι
2561 2711 2899 2784 νοουμένης⁸
2938 2730 2958 2764 ‹
2993 2711 3050 2766 '0
3092 2711 3203 2783 7&9
3247 2712 3458 2781 ὀμόσας
3507 2713 3669 2784 αὐτῷ
3696 2714 3801 2767 K5-

2220 2822 2351 2878 ριος.
2383 2805 2480 2859 καὶ
2515 2804 2576 2858 οὐ
2613 2802 3110 2876 μεταμελούμενος,
3132 2804 3215 2857 ὅτι
3244 2823 3263 2856 ι
3293 2805 3368 2858 Σὺ
3429 2801 3483 2858 εἷ
3513 2807 3704 2876 ίερεύς
3732 2806 3804 2868 εξς

2219 2900 2311 2954 τὸν
2344 2899 2520 2953 αἰῶνα
2553 2899 2694 2952 κατὰ
2744 2897 2846 2970 τὴν
2895 2897 3051 2962 τάξιν
3093 2897 3457 2968 Μελχισεδὲκ,
3489 2918 3509 2951 ι
3548 2898 3718 2962 αὐτὸς
3743 2894 3805 2969 ἦν

2221 2993 2320 3048 καλ⁸
2361 2992 2491 3066 περὶ
2520 2986 2584 3048 οῦ
2626 2991 2881 3064 εἴρηται·
2921 3011 2940 3044 ί
2972 2990 3183 3060 Κύριος
3229 2987 3352 3045 εἷπε
3385 2991 3521 3064 πρός
3556 3010 3651 3062 με,
3684 2992 3804 3054 Υἱός

2227 3104 2328 3158 μου
2361 3080 2412 3140 εἷ
2447 3085 2512 3140 σύ
2534 3101 2548 3116 ⁸
2574 3103 2594 3139 ι
2623 3083 2818 3139 οὐκοῦν
2850 3084 2912 3138 τὸ
2942 3083 3198 3156 καθάπερ
3229 3085 3324 3138 καὶ
3373 3084 3598 3158 ’Δαρὼν
3627 3086 3804 3156 ὅμοιον

2227 3179 2328 3250 μὲν
2377 3177 2578 3250 τρόπον
2621 3177 2721 3246 τῆς
2760 3177 2826 3230 ἐκ
2869 3175 3006 3229 Θεοῦ
3051 3175 3252 3239 δόσεως
3298 3174 3408 3229 τῶν
3446 3177 3803 3248 χαρισμάτων

536 3275 840 3345 gniticant:
896 3288 1047 3333 certe
1100 3277 1252 3332 enim
1273 3285 1329 3332 et
1380 3276 1565 3332 Aaron
1609 3277 1828 3334 dictum
1872 3278 2114 3334 fuisset:

2226 3270 2506 3343 σημαίνει,
2533 3270 2630 3324 καὶ
2660 3269 2908 3338 κλήσεως
2935 3266 2992 3322 ἔν
3016 3286 3077 3323 τε
3102 3267 3336 3340 Ἀαρὼν,
3355 3269 3450 3323 καὶ
3480 3271 3540 3323 ὲν
3565 3269 3805 3341 Χριστῷ⁸

545 3387 564 3421 ε
591 3369 766 3425 Filius
791 3385 950 3426 meus
971 3385 1034 3426 es
1068 3377 1150 3438 tu,
1171 3389 1189 3423 ›
1225 3379 1282 3426 et
1314 3370 1552 3442 reliqua.

507 3539 512 3546 ’
606 3543 768 3615 Quod
797 3547 952 3604 enim
978 3549 1133 3604 nulla
1172 3549 1246 3604 sit
1275 3550 1419 3606 ratio
1454 3566 1557 3622 pro
1603 3551 1804 3622 aequali
1853 3550 2124 3624 dignitate

493 3663 498 3671 -
539 3641 833 3697 sacerdotii
862 3642 1048 3698 Aaron
1079 3642 1304 3700 Christo
1334 3644 1719 3715 comparandi.
1756 3645 1992 3703 evidens
2013 3653 2120 3702 est:

541 3734 750 3806 quippe
781 3751 884 3805 pro
905 3735 1089 3808 Moyse
1133 3736 1230 3807 qui
1278 3735 1383 3792 Fuit
1439 3736 1564 3814 ipso
1610 3737 1791 3809 major
1834 3737 2126 3810 amplioris

540 3827 733 3897 gloriae
755 3827 958 3899 dignus
981 3836 1070 3884 est
1100 3829 1344 3894 habitus,
1377 3838 1589 3900 quanto
1635 3829 1966 3901 ampliorem
2018 3831 2125 3887 ho-

541 3935 735 3975 norem
792 3921 962 3977 habet
1012 3921 1213 3978 domus
1267 3922 1365 4000 qui
1390 3921 1690 3978 fabricavit
1721 3923 1908 3979 illam:
1938 3925 2127 3981 adhuc

541 4013 848 4082 apostolica
881 4014 1170 4072 dicamus:
1197 4035 1216 4069 ι
1241 4015 1299 4073 Si
1338 4017 1749 4074 consummatio
1803 4034 1904 4090 per
1943 4018 2125 4076 simile

542 4106 923 4163 sacerdotium
977 4118 1118 4174 erat,
1167 4109 1302 4180 quid
1354 4111 1735 4168 necessarium
1780 4112 1906 4178 fuit,
1954 4112 2124 4169 alium

543 4210 880 4270 consurgere
951 4201 1298 4257 sacerdotem
1349 4219 1414 4260 ac
1484 4205 1792 4261 secundum
1870 4205 2125 4262 ordinem

543 4291 726 4348 Aaron
759 4292 870 4348 dici
915 4293 1040 4347 "ili
1073 4294 1251 4350 Aliter
1286 4295 1332 4350 si
1362 4312 1472 4352 non
1505 4299 1836 4354 translatum
1881 4299 1986 4354 fuit
2034 4314 2127 4354 sa-

544 4385 877 4454 cerdotium,
903 4403 1088 4459 neque
1129 4403 1359 4445 necesse
1409 4390 1516 4446 fuit
1567 4399 1628 4446 ut
1668 4392 1810 4463 legis
1838 4392 2126 4448 translatio

545 4477 728 4545 lleret,
764 4488 825 4535 ut
850 4479 988 4536 dicit
1029 4481 1145 4554 ipse
1176 4481 1382 4540 Paulus
1436 4485 1724 4555 apostolus
1750 4486 1817 4552 “,
1859 4487 1955 4541 sed
2005 4497 2128 4542 tan-

549 4579 668 4627 tum
699 4571 985 4628 successio
1010 4589 1026 4639 ;
1055 4573 1130 4628 ita
1151 4588 1287 4644 ergo
1310 4581 1368 4630 et
1392 4573 1512 4631 haec
1533 4576 1703 4632 verba
1732 4563 1745 4631 :
1781 4595 1800 4629 ι
1825 4577 2127 4633 Vocabitur

2224 3364 2286 3419 ού
2319 3361 2500 3434 μέντοι
2530 3361 2624 3416 καὶ
2666 3359 2983 3432 χαρίσματα
3019 3361 3210 3431 ὃμοια·
3242 3355 3279 3430 ἦ
3317 3360 3426 3431 γάρ
3466 3359 3536 3414 ἂν
3592 3363 3689 3416 καὶ
3735 3361 3805 3432 τῷ

2237 3452 2449 3525 Ἀαρὼν
2478 3451 2679 3525 ὲρῤέθη
2708 3451 2789 3517 τδ,
2815 3452 2972 3516 «rw;
3004 3469 3108 3523 μου
3131 3447 3184 3506 εἴ
3211 3452 3276 3505 σύ
3297 3469 3312 3484 ⁸
3339 3471 3359 3504 ι
3393 3453 3492 3506 καὶ
3521 3454 3598 3507 τά
3633 3453 3802 3509 λοιπά.

2297 3548 2419 3602 Ὅτι
2463 3547 2575 3618 γάρ
2617 3546 2721 3600 οὐκ
2756 3545 2872 3616 ἔχει
2898 3545 3058 3615 λόγον
3089 3545 3233 3601 κατὰ
3269 3546 3370 3617 τὴν
3404 3547 3686 3616 ἰσοτιμίαν
3713 3549 3802 3615 τῆς

2228 3637 2531 3713 ἱερωσύνης
2578 3636 2792 3711 Ἀαρὼν
2845 3637 3240 3712 συγκρίνεσθαι
3264 3635 3344 3708 τῷ
3385 3638 3642 3711 Χριστῷ,
3681 3637 3805 3710 πρόο

2224 3733 2416 3805 δηλονο
2450 3733 2608 3811 εἰπερ
2643 3731 2739 3785 καὶ
2771 3731 3057 3794 Μωῦσέως
3097 3730 3194 3785 τοῦ
3244 3732 3496 3802 μείζονος
3534 3732 3707 3787 αὐτοῦ
3735 3749 3808 3785 το-

2228 3825 2388 3880 σοῦτο
2442 3823 2691 3887 πλείονος
2749 3823 2910 3888 δόξης
2961 3822 3191 3895 ἠξίωται
3243 3824 3483 3896 Χριστὸς
3507 3865 3524 3891 ,
3579 3824 3805 3880 καθόσον

2228 3917 2451 3973 πλείονα
2474 3915 2640 3988 τιμὴν
2667 3914 2781 3987 ἔχει
2811 3914 2907 3970 τοῦ
2931 3915 3087 3970 οἴκου
3117 3916 3147 3969 ό
3171 3919 3595 3982 κατασκευάσας
3617 3918 3772 3973 αὐτόν
3789 3932 3803 3947 ·

2228 4012 2308 4066 ἐτι
2343 4011 2450 4082 μὴν
2488 4008 2866 4073 ἁποστολικῶς
2919 4009 3131 4064 εἰπεῖν’
3191 4028 3209 4062 ι
3233 4009 3298 4063 El
3341 4011 3376 4081 ἡ
3421 4010 3707 4074 τελείωσις
3743 4009 3804 4063 δι’

2225 4104 2420 4177 ὁμοίας
2457 4101 2759 4176 ἱερωσύνης
2808 4097 2900 4174 ἦν,
2944 4101 3033 4166 τίς
3083 4101 3243 4174 χρεία
3268 4103 3460 4173 ἕτερον
3490 4101 3804 4158 ἀνίστασθαι

2229 4199 2380 4271 ιερὲα
2411 4200 2552 4252 κατὰ
2581 4197 2684 4268 τὴν
2721 4194 2874 4261 τάξιν
2915 4194 3128 4266 Ἀαρὼν
3172 4193 3460 4264 λέγεσθαι;
3490 4213 3509 4248 ι
3544 4195 3722 4259 ἄλλως
3751 4210 3803 4248 τε

2228 4293 2276 4346 εί
2311 4291 2387 4364 μὴ
2441 4289 2704 4362 μετετέθη
2765 4290 2799 4361 ἠ
2830 4287 3125 4360 ἱερωσύνη,
3147 4286 3272 4342 οὐδὲ
3309 4285 3385 4353 si
3424 4287 3678 4358 ἀνάγκης
3719 4285 3805 4340 καὶ

2227 4382 2393 4454 νόμου
2427 4381 2718 4454 μετάθεσις
2749 4373 3054 4453 γέγονεν,ᾖ
3083 4395 3249 4450 φησιν
3273 4380 3302 4433 ό
3342 4378 3507 4442 αὐτὸς
3543 4379 3752 4440 Παῦλος
3781 4378 3806 4430 ὀ

2228 4477 2546 4542 ἀπόστολος,
2579 4476 2717 4532 ἀλλά
2773 4477 2936 4547 μόνον
2979 4475 3200 4547 διαδοχή
3227 4490 3242 4507 ⁸
3274 4474 3450 4540 οὕτως
3483 4476 3579 4531 οῦν
3603 4478 3697 4530 καὶ
3728 4475 3801 4539 τὸ,

2233 4591 2252 4625 ε
2280 4571 2631 4643 κληθήσεται
2666 4569 2794 4632 Υἱὸς
2827 4568 2964 4622 Θεοῦ
2991 4585 3006 4601 ⁸
3033 4588 3054 4622 s
3089 4569 3184 4622 xci.
3219 4569 3306 4635 τὸ,
3343 4588 3362 4623 ε
3387 4569 3520 4634 Tib;
3558 4569 3802 4640 Ὑψίστου

544 4663 721 4720 Filius
737 4666 832 4722 Dei
853 4683 902 4733 ;›
937 4675 994 4722 et
1016 4665 1156 4723 ista:
1187 4687 1206 4719 ι
1233 4667 1408 4725 Filius
1430 4668 1702 4726 Altissimi
1724 4672 2017 4729 vocabitur
2040 4673 2118 4725 ⁸⁷»

2231 4665 2590 4736 κληθήσεται,
2617 4683 2634 4716 ι
2671 4663 2768 4719 καὶ
2802 4662 2872 4718 τὰ
2913 4663 3077 4718 λοιπὰ
3101 4663 3331 4719 νοείσθω
3351 4681 3365 4695 ⁸
3392 4664 3492 4720 καὶ
3520 4665 3582 4719 τὸ
3613 4660 3802 4735 γεννώ-

544 4763 603 4810 et
655 4757 870 4829 reliqua
901 4759 1184 4833 intellige:
1234 4762 1386 4832 quod
1417 4764 1569 4818 enim
1628 4773 1823 4822 natum
1873 4774 1960 4822 est
1994 4781 2125 4822 san—

545 4855 697 4904 etum
728 4860 870 4914 erat,
918 4861 976 4907 et
1014 4869 1127 4909 non
1171 4855 1526 4913 solummodo
1577 4860 1983 4916 sanctiﬁcatum
2026 4877 2131 4932 per

546 4941 856 5016 ingenitum
883 4944 1153 5016 Spiritum
1210 4957 1465 5006 sanctum
1508 4951 1604 5022 qui
1648 4968 1775 5008 cum
1811 4953 1932 5025 ipso
1983 4963 2125 5020 erat,

561 5034 695 5102 μιοά
726 5043 812 5092 est
841 5045 900 5093 et
919 5036 1158 5093 Verbum
1191 5047 1412 5110 partum
1435 5055 1505 5097 ex
1520 5041 1776 5114 Virgine:
1806 5045 1957 5116 quod
1977 5047 2129 5102 enim

558 5132 608 5181 'n
636 5141 704 5182 ea
731 5137 1091 5200 conceptum,
1123 5130 1262 5187 dicit
1285 5131 1534 5204 angelus,
1563 5149 1632 5190 ex
1669 5135 1881 5208 Spiritu
1911 5147 2124 5204 sancto,

553 5216 794 5289 Spiritus
816 5230 1044 5278 sanctus
1072 5229 1204 5278 este
1236 5223 1383 5280 sicut
1412 5232 1471 5280 et
1508 5226 1660 5296 quod
1686 5244 1755 5283 ex
1777 5243 1966 5294 carne,
2001 5245 2131 5285 caro

551 5309 762 5365 dictum
795 5319 882 5366 est
911 5327 1068 5368 esse:
1105 5313 1348 5386 Spiritus
1376 5331 1512 5372 vero
1541 5317 1708 5383 Deus,
1735 5327 1792 5374 et
1839 5319 1985 5376 Deus
2013 5329 2132 5376 erat

548 5403 840 5460 Christus:
881 5407 1030 5478 quod
1057 5417 1390 5479 conceptum
1415 5410 1563 5467 idem
1588 5421 1676 5467 est
1708 5428 1775 5468 ac
1812 5414 1962 5484 quod
2002 5431 2134 5485 par-

553 5507 670 5552 tum
713 5497 817 5552 fuit
857 5515 1005 5555 :non
1035 5501 1163 5556 vani
1214 5502 1384 5574 igitur
1413 5503 1660 5559 nominis
1710 5515 1843 5562 sunt
1888 5505 2033 5561 dona
2061 5507 2132 5562 de

549 5591 796 5657 Christo,
829 5593 1066 5656 scilicet,
1097 5595 1245 5650 Dens
1277 5605 1333 5651 et
1359 5597 1536 5653 Filius
1567 5598 1665 5653 Dei
1705 5608 1762 5653 et
1797 5599 2132 5671 Unigenitus

549 5693 609 5741 et
637 5683 907 5741 Dominus
935 5686 1145 5757 gloria,
1173 5696 1230 5742 et
1258 5689 1495 5760 reliqua,
1526 5690 1624 5746 sed
1670 5691 1839 5746 realia
1861 5710 1876 5746 :
1896 5692 1942 5748 si
1977 5691 2127 5748 enim

551 5776 671 5835 hac
690 5795 801 5835 non
833 5779 908 5862 ita
931 5791 1142 5847 essent,
1164 5781 1364 5837 falsum
1396 5799 1597 5839 nomen
1632 5784 1840 5841 donum
1873 5786 2136 5842 nomina-

628 5961 670 5992 "
698 5962 842 6019 Psal.
897 5983 954 6029 ιι,
989 5965 1058 6030 7;
1091 5962 1260 6020 llcbr.
1298 5981 1351 6032 v,
1377 5965 1429 6019 5.

2227 4775 2390 4830 μενον
2413 4757 2525 4828 7&9
2547 4757 2702 4825 ἅγιον
2727 4753 2797 4828 ἦν
2815 4771 2832 4788 ⁸
2865 4756 2962 4811 καὶ
2992 4755 3055 4810 οῦ
3086 4755 3251 4828 μόνον
3276 4756 3614 4829 ἡγιασμένον
3641 4755 3725 4810 διά
3749 4754 3803 4808 τὸ

2225 4851 2626 4922 συγγενόμενον
2652 4847 2800 4922 αύτῷ
2845 4848 3143 4919 ἀγέννητον
3173 4850 3400 4921 Πνεῦμα
3431 4851 3610 4920 ἃγιον,
3645 4851 3673 4904 ὃ
3697 4851 3802 4903 ἔστι

2225 4944 2322 4998 καὶ
2350 4945 2378 4998 ό
2406 4944 2580 5013 Λόγος
2624 4942 2838 5015 τεχθεὶς
2894 4943 2961 4998 ὲκ
3001 4942 3101 5013 τῆς
3152 4943 3464 5010 Παρθένου·
3495 4943 3559 4998 τὸ
3604 4944 3710 5015 7&9
3753 4943 3803 4994 tv

2229 5037 2368 5111 αὐτῇ
2401 5037 2728 5108 συλληφθὲν,
2791 5037 2960 5109 φησὶν
3010 5038 3040 5091 ό
3083 5036 3342 5107 ἄγγελος.
3394 5037 3460 5091 ὲκ
3506 5035 3803 5108 Πνεύματος

2229 5131 2409 5200 ἁγίου,
2445 5129 2671 5201 Πνεῦμα
2718 5129 2876 5200 ἆγιόν
2921 5132 3076 5186 ἐστιν
3101 5145 3116 5161 ⁸
3156 5129 3350 5202 ὥσπερ
3385 5133 3481 5184 καὶ
3516 5130 3578 5184 τδ
3610 5131 3674 5183 ὲκ
3716 5126 3803 5196 τῆς

2229 5223 2456 5296 σαρκὸς,
2489 5223 2626 5295 σὰρξ
2666 5222 2884 5294 εἴρηται
2928 5219 3069 5278 εἶναι
3093 5239 3109 5254 ⁸
3139 5222 3368 5292 Πνεῦμα
3392 5222 3450 5277 δὲ
3474 5225 3505 5276 ὁ
3530 5223 3665 5286 Θεός
3682 5237 3700 5254 ⁸
3721 5218 3802 5274 καὶ

2228 5315 2360 5381 Θεὸς
2395 5316 2454 5370 δὲ
2491 5311 2558 5387 ἦν
2590 5318 2619 5370 ό
2649 5316 2918 5388 Χριστός·
2949 5316 3012 5371 τὸ
3057 5316 3365 5388 amnem
3393 5312 3557 5370 τοῦτό
3584 5311 3803 5369 ἐστικαὶ

2230 5410 2289 5464 τὸ
2327 5411 2637 5482 συπεχθὲν.
2703 5412 2778 5464 υύ
2824 5410 2996 5465 κενῶν
3041 5405 3134 5465 οὖν
3183 5410 3465 5480 ὀνομάτων
3505 5409 3804 5481 χαρίσματα

2236 5504 2329 5557 ἰπὶ
2353 5505 2614 5577 Χριστοῦ,
2648 5504 2711 5559 τό
2736 5522 2796 5558 τε
2837 5504 2970 5569 Θεὸς
3013 5505 3108 5558 καὶ
3137 5503 3267 5567 Tib;
3291 5502 3429 5556 Θεοῦ
3453 5503 3544 5556 καὶ
3584 5503 3806 5567 Μονογεο

2239 5600 2336 5670 vi};
2365 5603 2460 5654 xui
2478 5600 2684 5672 Κύριος
2711 5600 2810 5670 τῆς
2839 5598 3019 5668 δόξης,
3051 5599 3151 5652 καὶ
3177 5599 3246 5651 τά
3291 5596 3476 5661 λοιπὰ,
3511 5595 3645 5651 άλλά
3676 5591 3802 5665 πρά·

2239 5711 2410 5765 γματι
2442 5694 2614 5748 ὄντων
2637 5709 2652 5724 ⁸
2679 5695 2728 5746 εί
2776 5692 2887 5765 γὰρ
2917 5691 2992 5764 μὴ
3015 5692 3143 5747 τάδε
3172 5691 3345 5754 οὕτως
3377 5691 3514 5761 ἔχοι,
3545 5687 3804 5760 ψευδωνυο

2246 5787 2345 5857 μία
2372 5787 2434 5841 τὸ
2459 5787 2634 5858 δῶρον
2661 5786 2762 5858 τῆς
2793 5785 3092 5857 ὀνομασίας
3119 5783 3217 5838 τοῦ
3249 5781 3386 5837 Θεοῦ
3428 5783 3580 5837 ἔσται
3601 5781 3658 5834 ἐν
3686 5779 3803 5849 Χριο

1511 5967 1553 5996 ’⁸
1586 5965 1729 6022 Psal.
1759 5983 1863 6035 cu,
1929 5970 1983 6023 ό.
2059 5970 2102 6002 ¹⁸

2223 5969 2300 6024 br.
2336 5986 2430 6036 vn,
2463 5971 2545 6024 ll.
2627 5971 2668 6003 ¹⁴¹
2694 5969 2834 6026 ibid.
2865 5967 2950 6024 l2.
3039 5970 3082 6002 "
3113 5967 3248 6025 Luc.
3282 5984 3320 6035 ι,
3376 5965 3465 6022 33.
