4006 6546
258 503 391 571 1617

1170 491 1572 566 ADVERSUS
1609 500 2157 566 NESTORIANOS.
2189 530 2262 541 —-
2292 505 2436 566 LIB.
2482 503 2597 584 In,

3386 505 3524 571 1618

250 617 364 688 στῷ
387 633 403 649 ’
438 616 645 686 ταύτης
681 612 739 671 δι
769 615 865 669 καὶ
891 615 1087 670 εῐδωλα
1115 618 1208 669 καὶ
1236 616 1417 688 ἥρωες
1444 616 1537 670 καὶ
1581 615 1834 686 δαίμονες

1944 617 2108 672 tionis
2140 617 2235 673 Dei
2272 617 2382 672 erit
2414 617 2471 670 in
2495 615 2751 671 Christo:
2792 616 2937 672 hanc
2964 616 3114 672 enim
3158 623 3217 672 et
3270 616 3417 673 idola
3467 626 3524 673 et

248 711 419 765 πάλαι
461 711 676 779 ἔτυχον,
704 701 774 781 ἦς
817 708 911 762 ἐπὶ
951 708 1273 780 καθαιρέσει
1326 708 1496 773 ὅντως
1550 709 1579 762 6
1625 708 1835 779 ἀληθὴς

251 804 379 869 Υἱὸς
404 803 500 858 τοῦ
534 801 671 857 Θεοῦ
698 802 1009 875 ὲπεδήμησί
1031 820 1091 857 τε
1118 806 1212 857 καὶ
1235 802 1464 857 πλεῖστα
1485 802 1837 874 ᾠκονόμησεν

249 898 603 969 ἐπιδημήσας
623 910 639 927 ⁸
674 897 772 951 καὶ⁸
803 897 905 951 οὑκ
950 894 1017 950 ἂν
1072 895 1229 968 κακῷ
1257 897 1318 951 τὸ
1343 897 1513 951 κακόν
1537 913 1623 960 τις
1649 895 1837 950 ἰᾶσθαι

250 988 418 1044 αὑτὸν
449 990 629 1044 εῐποισ
661 988 798 1043 ἀλλά
848 988 942 1043 καὶ⁵
972 987 1196 1057 ἄγγελοι
1243 988 1338 1042 καὶ
1367 988 1681 1058 ἀνθρωττοι,
1728 988 1837 1043 υίοὶ

250 1083 410 1148 θεοῦ,
450 1084 545 1138 καὶ⁵
594 1083 700 1136 υἱοὶ
741 1080 1001 1151 Ὑψίστου
1053 1079 1273 1152 εἴρηται
1319 1079 1605 1145 πολλάκις.
1637 1082 1703 1136 Τί
1744 1078 1838 1136 οῦν

253 1177 668 1249 περισσότερον,
696 1177 754 1230 ἑν
777 1176 914 1247 τῷδε
941 1174 1163 1246 Χριστῷ
1191 1173 1270 1246 τῷ
1293 1177 1575 1246 μονογενεῖ
1603 1175 1718 1247 Υίῷ
1741 1173 1837 1228 τοῦ

251 1270 389 1325 Θεοῦ
412 1287 429 1339 ;
465 1271 586 1334 πῶς
614 1270 671 1324 δὲ
698 1271 792 1326 καὶ
821 1271 1153 1343 Μονογενὴς,
1186 1272 1237 1325 ει
1260 1270 1383 1326 κατ’
1397 1269 1596 1334 αὐτοὺς
1617 1271 1651 1341 ἠ
1678 1269 1839 1339 χάρις

255 1364 291 1433 ἡ
322 1363 405 1427 είς
431 1363 595 1416 αὑτὸν
632 1366 730 1433 τῆς
770 1362 1023 1428 θεώσεως
1043 1364 1076 1435 ἦ
1100 1364 1384 1435 υίότητοςς
1414 1361 1741 1435 Χάριτι.οῦν
1771 1362 1838 1432 τῇ

253 1454 323 1507 δι’
349 1454 593 1519 ἑνώσεως
637 1455 1009 1526 ὑποστατικῆς
1062 1456 1201 1528 πρὸς
1262 1455 1355 1509 τὸν
1390 1453 1551 1525 φύσει
1575 1453 1724 1519 Υίὸν,
1759 1451 1840 1506 εῖ-

257 1562 421 1618 ρηται
438 1546 627 1617 σαφῶς
653 1548 779 1612 Υιὸς
809 1546 904 1602 τοῦ
934 1546 1072 1602 Θεοῦ
1100 1546 1197 1602 τοῦ
1227 1546 1427 1613 ζῶντος
1455 1549 1483 1601 6
1504 1547 1839 1619 Μονογενής.

847 1745 1100 1801 non.
1142 1749 1232 1816 cr.

340 1854 524 1923 Ἀλλὰ,
561 1859 745 1928 φασιν,
786 1860 835 1913 εῖ
887 1860 964 1932 μὴ
1013 1852 1373 1931 οἰκονομικῶς
1411 1859 1646 1933 εἴρηται,
1673 1856 1751 1926 ῶς
1777 1861 1843 1916 ἂν

1939 706 2143 763 heroes
2172 718 2230 763 et
2282 707 2565 762 daemones
2620 708 2752 761 olim
2808 706 3197 771 obtinuerunt,
3235 707 3303 762 ad
3356 723 3521 778 quam

1937 799 2233 857 delendam
2254 801 2484 857 omnino
2508 815 2676 855 verus
2708 799 2879 855 Filius
2910 799 3003 856 Dei
3036 802 3192 856 venit
3245 809 3303 857 ct
3348 802 3524 857 multa

1938 892 2216 963 disposuit
2249 903 2373 963 post
2402 894 2740 947 adventum:
2766 892 2951 948 nullus
2971 902 3057 948 est
3103 894 3254 947 enim
3275 892 3371 963 qui
3408 908 3525 948 ma-

1939 985 2056 1040 lum
2092 987 2236 1040 malo
2260 985 2470 1040 mederi
2496 984 2676 1040 dicat:
2711 985 2810 1041 sed
2838 993 2897 1040 et
2927 985 3108 1055 angeli
3144 994 3202 1041 et
3266 986 3524 1041 homines

1941 1079 2041 1134 lilii
2081 1079 2203 1144 Dei,
2247 1087 2306 1133 et
2345 1078 2442 1133 lilii
2492 1078 2763 1133 Altissimi
2802 1093 2947 1148 saepe
2987 1079 3125 1133 dicti
3168 1088 3334 1133 sunt:
3387 1078 3523 1149 quid

1942 1172 2112 1244 igitur
2135 1172 2376 1242 amplius
2409 1172 2461 1226 in
2482 1172 2705 1227 Christo
2741 1171 3028 1242 unigenito
3056 1172 3195 1226 Filio
3222 1172 3363 1225 Dei?
3386 1187 3527 1241 quo-

1941 1262 2109 1319 modo
2128 1262 2279 1331 enim
2307 1262 2515 1318 dicitur
2531 1258 2889 1333 Unigenitus,
2915 1260 2960 1316 si
2988 1260 3133 1331 apud
3163 1261 3312 1330 ipsos
3326 1260 3523 1315 eadem

1942 1355 2016 1411 sit
2039 1355 2215 1426 gratia
2238 1371 2302 1411 ac
2321 1355 2466 1426 apud
2500 1355 2681 1425 ipsum
2700 1352 3069 1409 deiﬁcationis
3091 1362 3188 1407 aut
3206 1351 3527 1407 liliationis?

1940 1448 2126 1505 Gratia
2157 1449 2327 1520 igitur
2354 1458 2588 1519 propter
2620 1446 2886 1501 unionem
2935 1444 3342 1516 hypostaticam
3396 1459 3527 1499 cum

1942 1538 2083 1596 Filio
2106 1541 2162 1596 in
2189 1550 2410 1604 natura,
2440 1538 2625 1594 dictus
2654 1546 2741 1594 est
2770 1536 3063 1593 manifeste
3106 1534 3282 1591 Filius
3311 1534 3409 1590 Dei
3440 1533 3527 1587 vi-

1943 1635 2128 1692 ventis
2157 1632 2499 1704 unigenitus.

2584 1742 2737 1803 CAP.
2800 1741 2893 1801 Vl.

2017 1865 2148 1932 Sed,
2177 1864 2474 1936 inquiunt,
2500 1862 2547 1919 si
2575 1877 2687 1917 non
2712 1860 3126 1917 accommodate
3158 1860 3369 1915 dictum
3418 1869 3526 1925 est,

255 1950 422 2015 εῐποι,
453 1952 610 2021 ὑμεῖς
652 1952 946 2039 φεύγοντες
966 1955 1067 2024 τὴν
1096 1953 1301 2025 ἀκριϐῆ
1342 1952 1452 2009 τῶν
1488 1955 1838 2026 σημαινομέ-

1944 1959 2177 2032 perinde
2224 1974 2287 2014 ac
2315 1958 2360 2014 si
2385 1972 2523 2013 voce
2574 1971 2674 2011 vos
2696 1964 3015 2012 accuratam
3049 1970 3238 2011 rerum
3267 1954 3527 2025 designa-

257 2061 365 2097 νων
398 2044 674 2110 ἐξέτασιν·
704 2047 796 2100 καὶ
832 2048 880 2101 εί
915 2048 992 2120 μή
1018 2048 1119 2104 οὑκ
1165 2047 1281 2120 ἔχει
1326 2048 1646 2123 κυρίαντὴν
1670 2049 1841 2104 ἔκϐα-

258 2154 343 2191 σιν
370 2138 401 2209 ἢ
438 2139 721 2213 παραϐολῇ
768 2141 800 2214 ἢ
850 2141 1209 2216 ἀλληγορίαῆ
1238 2144 1564 2217 φαντασίᾳῆ
1597 2144 1839 2216 δοκήσει,

254 2232 350 2286 καὶ
382 2234 525 2287 κατά
552 2234 712 2306 κενῆς
741 2237 917 2290 κεῖται
963 2237 1040 2298 ῶς
1073 2238 1211 2309 πρὸς
1242 2237 1498 2293 ὑπόνοιαν
1541 2237 1702 2309 μόνον
1728 2239 1841 2301 τοῖς

253 2326 555 2395 ἀκροαταῖς
586 2328 654 2380 τὰ
696 2328 989 2400 λεγόμενα,
1038 2330 1127 2395 τίς
1180 2332 1383 2385 ἐστινὸ
1426 2332 1540 2395 υἱὸς
1569 2331 1625 2395 ὃς
1668 2332 1841 2403 ἔμαθε

254 2418 350 2472 καὶ
389 2418 483 2489 ἀφ’
516 2411 591 2471 ῶν
646 2418 817 2472 ἔπαθε
871 2420 971 2490 τὴν
1028 2420 1314 2494 ὑπακοήνς
1344 2440 1363 2473 ι
1395 2422 1455 2475 ὐ
1505 2423 1599 2476 κα)⁸
1627 2422 1843 2493 δεήσεις

254 2511 349 2563 καὶ
382 2511 661 2583 ἱκετηρίας
693 2513 831 2582 μετά
860 2515 1111 2584 κραυγῆς
1136 2513 1230 2567 καὶ
1262 2513 1515 2583 δακρύων
1546 2515 1841 2586 προσενέγ-

253 2621 378 2669 κας,
434 2607 526 2658 καὶ
578 2606 955 2671 εἰσακουσθεὶς
1013 2607 1122 2661 ἀπὸ
1173 2607 1274 2677 τῆς
1327 2606 1637 2674 εὐλαϐείας,
1686 2628 1704 2662 ι
1746 2611 1841 2664 κα)⁸

252 2696 589 2762 τελειωθεὶς,
644 2699 740 2754 καὶ
799 2698 1157 2772 σταυρωθεὶς,
1204 2700 1301 2755 καὶ
1361 2701 1593 2769 ταφείςο
1628 2701 1725 2755 καὶ
1780 2701 1840 2755 δν

253 2788 477 2861 ἤγειρεν
499 2792 527 2844 6
552 2789 684 2855 Θεὸς
724 2791 789 2845 ὲκ
817 2791 1052 2863 νεκρῶν,
1087 2792 1180 2845 καὶ
1209 2793 1238 2845 6
1267 2791 1503 2863 ὑψωθεὶς
1551 2794 1644 2847 καὶ
1684 2794 1841 2860 δοξα-

255 2883 425 2947 σθεὶς,
456 2884 548 2937 καὶ
582 2884 650 2939 τά
704 2885 868 2940 λοιπά
889 2903 904 2917 ο
941 2884 1065 2940 οὔτε
1108 2886 1218 2958 γάρ
1254 2888 1360 2940 ῐδια
1390 2887 1484 2941 τοῦ
1518 2888 1689 2956 Λόγου
1714 2888 1839 2941 τάδε

252 2989 339 3040 τις
384 2976 647 3045 τολμήσει
706 2977 782 3049 μὴ
835 2977 1106 3048 δαιμονῶν
1141 2981 1541 3050 καταφάσκειν,
1570 2981 1693 3035 οὔτε
1742 2984 1839 3035 σὺν

254 3068 425 3139 ἑτέρῳ
456 3068 628 3136 ὄντος.
674 3070 815 3124 Ἀλλ’
849 3071 949 3142 ήδη
993 3073 1257 3137 πολλάκις
1306 3073 1437 3145 ὑμῖν
1492 3074 1715 3147 ἐρρέθη,
1764 3074 1840 3138 ὼς

254 3162 365 3215 ἀπὸ
396 3163 598 3233 μέρους
633 3163 694 3217 τὸ
722 3164 842 3218 ὅλον
872 3163 1136 3231 πολλάκις
1158 3169 1569 3237 κατηγορεῖται,
1597 3167 1749 3239 νόμῳ
1780 3186 1839 3221 τε

253 3254 582 3328 διαλεκτικῷ
594 3256 780 3328 κοινῷ,
801 3258 894 3312 καὶ
912 3258 1027 3332 ἰδίῳ
1044 3259 1155 3313 ἔθει
1168 3259 1265 3331 τῆς
1281 3259 1442 3329 ἁγίας
1458 3260 1703 3331 Γραφῆς.
1727 3261 1841 3316 Οὑκ

254 3348 364 3419 ἀρα
379 3348 471 3403 οῦν
489 3349 709 3421 δοκήσει
732 3350 765 3422 ἢ
789 3353 1073 3425 παραϐολῇ
1092 3353 1126 3425 ﬁ
1148 3371 1255 3407 τινι
1276 3352 1467 3425 τοιῷδε
1488 3355 1691 3426 τρόπῳ,
1714 3354 1845 3415 ταῦ-

252 3443 324 3497 τά
345 3445 480 3497 ἐστι’
510 3446 605 3499 σὺν
627 3444 857 3517 ἀληθείᾳ
875 3447 951 3514 δὲ,
982 3447 1121 3518 μετά
1149 3446 1260 3501 τῶν
1305 3447 1490 3517 μέντοι
1521 3448 1843 3519 πρεπόντων

254 3535 616 3606 διανοητικῶν
652 3539 1092 3611 προσδιορισμῶν
1130 3540 1432 3611 ὲκληπτέον
1460 3542 1631 3596 αὑτά⁹
1657 3541 1843 3606 ἀπλῶς

254 3628 313 3682 δὲ
331 3629 427 3684 καὶ
448 3630 626 3700 ὑμεῖς,
640 3631 687 3683 εἰ
705 3631 851 3703 μὴὲν
874 3632 1010 3703 τῷδε
1028 3633 1178 3705 αὑτῷ
1195 3634 1273 3705 τῷ
1290 3634 1476 3704 τοιῷδε
1493 3652 1843 3704 καταφασκο-

260 3720 414 3791 μένῳ
446 3723 525 3793 τῷ
557 3723 800 3794 Χριστῷ,
834 3726 928 3779 καὶ
954 3727 983 3779 6
1014 3725 1176 3796 φύσει
1218 3727 1343 3791 Υἱὸς
1386 3728 1481 3780 τοῦ
1504 3726 1639 3781 Θεοῦ
1672 3728 1844 3797 Λόγος

258 3814 466 3866 νοεῖται
497 3813 627 3883 ὑμῖν
658 3814 993 3886 ἐνυπάρχειν
1043 3816 1269 3882 ἀπαθῶς
1319 3817 1440 3889 μὲν,
1469 3818 1561 3872 καὶ
1592 3818 1757 3883 αὑτὸς
1786 3819 1844 3873 δὲ

134 3986 143 3993 ο
254 3906 431 3959 τοῖσδε
460 3906 559 3977 τὴν
586 3906 751 3977 φύσιν
775 3908 1224 3981 ὑποϐεϐλημένος
1248 3909 1335 3963 διὰ
1360 3910 1527 3979 μέσου
1553 3910 1647 3964 τοῦ
1666 3912 1842 3981 Λόγου

258 4000 357 4069 τῆς
411 4000 767 4064 ὑποστάσεως
825 4000 1028 4056 αὐτοῦ’
1062 4000 1165 4055 ποῦ
1202 4001 1475 4072 ζητοῦμεν
1515 4003 1607 4056 τὸν
1655 4002 1844 4076 ἓτερον

256 4089 386 4145 Υίὸν
407 4091 503 4146 τοῦ
531 4092 691 4159 Θεοῦ,
715 4094 845 4165 περὶ
869 4091 929 4148 οῦ
959 4094 1172 4165 εἴρηται
1205 4095 1286 4149 ὃτι
1311 4113 1329 4146 ι
1367 4095 1457 4148 Ἐν
1490 4098 1673 4168 μορφῇ
1706 4096 1843 4149 Θεοῦ

259 4184 547 4258 ὑπάρχων,
597 4188 792 4242 ἑαυτὸν
839 4188 1096 4257 ὲκένωσε,
1146 4191 1241 4245 καὶ
1291 4190 1557 4264 αἰσχύνης
1610 4191 1843 4246 θανάτου

257 4284 491 4356 σταυροῦ
525 4286 933 4357 κατεφρόνησες
962 4307 980 4341 ι
1018 4289 1117 4343 καὶ
1166 4287 1269 4345 ποῦ
1312 4291 1340 4343 6
1364 4289 1492 4350 Υἱὸς
1515 4286 1610 4343 τοῦ
1642 4290 1778 4343 Θεοῦ
1817 4291 1846 4344 6

260 4380 578 4449 μονογενὴς,
604 4381 764 4445 αὑτὸς
792 4383 821 4435 6
853 4381 993 4454 ὑπὲρ
1016 4381 1175 4453 ἡμῶν
1199 4384 1439 4448 ἐκδοθεὶς
1474 4383 1580 4438 ὑπὸ
1605 4383 1699 4437 τοῦ
1736 4382 1845 4438 Πα-

256 4471 417 4542 τρόςς
456 4491 474 4523 ι
506 4471 694 4539 Οῦτως
742 4474 874 4543 γὰρ,
917 4477 1105 4545 φησὶν,
1139 4476 1430 4549 ἠγάπησεν
1479 4478 1508 4530 6
1563 4476 1696 4541 Θεὸς
1755 4478 1844 4531 τὸν

254 4566 485 4635 κόσμον,
514 4563 659 4619 ὥστε
682 4570 775 4620 τὸν
804 4567 933 4621 Υίὸν
961 4567 1128 4623 αὑτοῦ
1151 4569 1243 4624 τὸν
1277 4570 1546 4642 μονογενῆ
1595 4570 1788 4627 ἔδωκε.
1818 4591 1836 4624 ι

325 4837 425 4904 Τίς
448 4854 506 4893 τε
531 4839 559 4893 6
589 4836 862 4906 πεμφθεὶς
885 4838 1177 4909 μονογενὴς
1213 4838 1339 4901 Υἱὸς
1366 4839 1463 4894 τοῦ
1500 4840 1707 4913 Κυρίου
1749 4839 1845 4895 τοῦ

257 4922 581 5003 ἀμπελῶνος
610 4931 749 5001 μετὰ
805 4933 931 4994 τοὺς
986 4929 1361 5005 προλαϐόντας
1425 4933 1648 4998 δούλους
1683 4934 1847 4998 δντας

256 5024 467 5089 πάντας
496 5024 632 5095 πρὸς
666 5025 794 5089 τοὺς
835 5023 1042 5089 κακοὺς
1097 5025 1400 5096 γεωργοὺς,
1428 5025 1483 5079 εἰ
1521 5044 1638 5092 ’παυς
1685 5026 1849 5081 αὑτὸν

258 5118 696 5190 ἐντραπήσονται
754 5134 770 5185 ;
835 5117 931 5171 καὶ
976 5116 1062 5182 τίς
1118 5117 1235 5173 ἐστι
1294 5108 1356 5170 οῦ
1410 5116 1706 5174 ἐθεάσαντο
1746 5108 1848 5193 τὴν

257 5207 414 5274 δόξαν
477 5209 552 5273 ὼς
605 5208 926 5280 μονογενοῦς
977 5208 1129 5282 παρά
1185 5209 1399 5280 Πατρὸς
1449 5210 1499 5264 ot
1551 5210 1843 5282 μαθηταίς

259 5301 340 5355 ἔτι
401 5302 508 5374 μὴν
551 5302 637 5365 τίς
686 5302 716 5356 6
764 5301 1004 5373 ὀρισθεὶς
1071 5302 1193 5366 Υἱὸς
1226 5301 1363 5357 Θεοῦ
1423 5296 1565 5357 κατά
1629 5302 1849 5375 πνεῦμα

258 5395 570 5466 ἁγιωσύνης
600 5413 616 5463 ;
644 5397 728 5460 τίς
746 5413 802 5450 τε
833 5398 862 5450 6
889 5395 1135 5460 καταϐάς
1152 5396 1247 5450 καὶ
1268 5396 1567 5466 είσκριθεὶς
1589 5396 1665 5460 ὡς
1693 5397 1848 5462 ὑετὸς

1947 2063 2130 2109 tarum
2164 2052 2580 2123 inquisitionem
2631 2051 2903 2115 vitaretis,
2935 2060 2994 2105 et
3042 2050 3090 2105 si
3139 2048 3364 2121 praefata
3415 2063 3528 2101 non

1945 2146 2184 2201 habeant
2216 2144 2578 2215 principalem
2609 2143 2921 2215 digressum
2959 2152 3057 2197 aut
3109 2141 3396 2213 parabola,
3431 2149 3530 2195 aut

1943 2237 2232 2308 allegoria,
2261 2236 2786 2307 autimaginatione,
2810 2243 2907 2289 aut
2932 2235 3128 2306 ﬁgura,
3152 2243 3210 2289 et
3241 2234 3297 2288 in
3323 2250 3526 2288 vanum

1943 2346 2055 2385 non
2078 2330 2361 2401 jactentur
2385 2335 2648 2397 tanquam
2682 2328 2861 2380 solum
2904 2325 2973 2380 ad
3008 2323 3325 2380 illudendos
3367 2322 3528 2378 audi-

1944 2434 2113 2487 tores,
2141 2423 2268 2494 quis
2290 2432 2377 2476 est
2411 2420 2558 2475 lilins
2590 2419 2685 2490 qui
2723 2418 2926 2474 didicit
2954 2434 3023 2473 ex
3074 2418 3144 2472 iis
3179 2432 3301 2487 qua:
3331 2432 3529 2486 passus

1922 2498 2026 2574 est
2047 2514 2465 2572 obedientiam?
2496 2532 2513 2565 ‹
2536 2512 2639 2580 Qui
2673 2522 2730 2567 et
2768 2526 2963 2583 preces
3009 2519 3066 2566 et
3095 2509 3531 2581 supplicationes

1942 2626 2070 2666 cum
2098 2610 2341 2664 clamore
2377 2607 2562 2661 valido
2596 2616 2651 2660 et
2675 2605 2935 2675 lacrymis
2966 2603 3190 2663 obtulit.
3223 2602 3315 2674 qui
3363 2616 3531 2657 exau-

1943 2706 2095 2761 ditus
2134 2711 2219 2758 est
2250 2717 2353 2773 pro
2378 2716 2478 2777 sua
2507 2699 2825 2756 reverentia
2862 2699 2928 2765 ’⁸,
2962 2718 2979 2750 ι
3010 2709 3067 2753 et
3102 2705 3530 2754 consummatus

1942 2806 2000 2854 et
2056 2796 2379 2859 cruciﬁxus,
2434 2802 2493 2849 et
2545 2794 2830 2864 Sepultus;
2888 2800 2945 2847 et
3002 2807 3170 2861 quem
3235 2789 3529 2845 suscitavit

1944 2891 2092 2945 Deus
2116 2906 2184 2944 ex
2220 2886 2476 2954 mortuis,
2502 2894 2558 2943 et
2577 2885 2681 2941 fuit
2710 2886 2987 2941 exaltatus
3002 2893 3058 2939 et
3085 2884 3443 2955 gloriﬁcatns.
3472 2894 3530 2937 et

1944 2983 2160 3052 reliqua
2183 3000 2196 3035 :
2243 2995 2408 3035 nemo
2427 2980 2577 3036 enim
2600 2979 2719 3034 haec
2739 2994 2860 3033 esse
2883 2969 3056 3032 Verbi
3096 2975 3318 3045 propria
3351 2973 3494 3029 aude
3514 3004 3528 3014 -

1942 3076 2025 3131 bit
2050 3075 2158 3129 nisi
2202 3073 2487 3129 insaniens
2530 3072 2825 3135 aﬂirmarc,
2880 3086 2984 3128 nec
3032 3069 3249 3126 etiamsi
3284 3068 3526 3124 Verbum

1943 3184 2072 3225 cum
2110 3170 2286 3222 altero
2307 3175 2479 3222 esset.
2507 3164 2617 3221 Sed
2648 3166 2761 3237 jam
2800 3180 2944 3235 saepe
2984 3163 3145 3220 vobis
3199 3163 3411 3218 dictum
3444 3171 3530 3218 est

1943 3278 2045 3334 per
2069 3268 2280 3331 partem
2317 3267 2494 3315 totum
2525 3274 2669 3330 saepe
2695 3257 2975 3331 designari
3007 3268 3063 3313 et
3095 3258 3214 3328 lege
3238 3256 3529 3312 dialectica

1945 3353 2249 3418 communi,
2296 3362 2354 3410 et
2399 3354 2628 3425 proprio
2680 3369 2783 3407 usu
2837 3368 3008 3407 sacra:
3044 3350 3381 3422 Scripturze:
3420 3367 3529 3405 nou

1943 3448 2196 3520 profecto
2226 3449 2395 3518 igitur
2423 3446 2539 3502 haec
2576 3455 2833 3501 constant
2891 3446 3062 3517 ﬁgura
3112 3452 3207 3499 aut
3267 3443 3532 3515 allegoria

1943 3550 2042 3597 aut
2065 3541 2329 3613 parabola
2354 3548 2453 3595 aut
2475 3540 2664 3610 aliquo
2700 3540 2868 3595 simili
2895 3549 3056 3609 tropo
3082 3555 3096 3593 :
3130 3539 3225 3594 sed
3259 3555 3389 3593 vere
3414 3538 3532 3607 ipsa

1945 3632 2425 3702 interpretandum
2451 3641 2536 3687 est
2567 3648 2691 3686 cum
2729 3630 3198 3687 convenientibus
3228 3640 3285 3686 et
3322 3628 3533 3685 intelli-

1944 3727 2213 3800 gibilibus
2275 3724 2825 3781 modiﬁcationibus:
2888 3724 2983 3779 sed
3042 3740 3141 3781 vos
3198 3724 3534 3794 simpliciter

1945 3819 2137 3883 dicite,
2186 3818 2231 3874 si
2278 3834 2389 3873 non
2432 3818 2751 3888 concipitur
2791 3818 2950 3872 vobis
2978 3816 3033 3871 in
3085 3817 3206 3888 ipso
3258 3826 3533 3886 quatenus

1948 3915 2071 3970 talis
2100 3913 2403 3968 allirmatur
2439 3912 2665 3968 Christo
2704 3920 2901 3967 natura
2928 3910 3131 3966 Filium
3165 3910 3262 3966 Dei
3288 3909 3530 3965 Verbum

1947 4006 2293 4078 impassibile
2321 4022 2445 4079 esse
2475 4012 2533 4060 et
2562 4006 2809 4062 Verbum
2857 4005 3038 4076 ipsum
3096 4004 3406 4060 secundum
3439 4020 3536 4058 na-

1947 4111 2127 4157 turam
2150 4102 2306 4158 hisce
2329 4101 2645 4172 subjectum
2696 4098 2978 4155 mediante
3005 4098 3172 4154 Verbi
3204 4099 3378 4170 ipsius
3406 4115 3535 4170 per-

1946 4194 2234 4250 sonazubi
2280 4208 2596 4265 quaeremus
2641 4192 2809 4247 alium
2862 4191 3065 4247 Filium
3120 4190 3241 4253 Dei.
3293 4191 3362 4248 de
3421 4208 3533 4262 quo

1945 4288 2155 4344 dictum
2204 4297 2291 4343 est
2335 4304 2349 4342 :
2392 4286 2574 4342 «Cum
2623 4286 2681 4341 in
2734 4284 2913 4341 forma
2962 4284 3059 4341 Dei
3105 4295 3277 4351 esset,
3324 4292 3530 4343 semet-
3582 4356 3585 4359 _

1946 4381 2126 4454 ipsum
2163 4379 2491 4443 exinanivit,
2539 4387 2598 4435 et
2658 4364 3043 4435 confusionem
3098 4377 3294 4433 mortis
3349 4379 3535 4434 crucis

1946 4475 2282 4545 contempsit
2319 4474 2394 4528 "?
2424 4492 2441 4525 ι
2474 4472 2545 4527 Et
2574 4471 2670 4527 ubi
2704 4472 2815 4527 erit
2848 4472 3023 4526 Filius
3076 4471 3172 4526 Dei
3209 4462 3535 4543 unigenitus

1947 4568 2067 4639 ipse
2097 4583 2199 4637 pro
2230 4565 2391 4620 nobis
2422 4563 2586 4618 datus
2615 4578 2645 4617 a
2679 4561 2878 4616 Patre?
2917 4582 2933 4613 ι
2961 4560 3055 4616 Sic
3084 4561 3259 4625 enim,
3294 4564 3395 4627 ait,
3444 4563 3533 4617 di-

1876 4660 1923 4721 ι)
1948 4660 2078 4714 lexit
2103 4660 2249 4714 Deus
2280 4656 2575 4721 mundum,
2616 4664 2680 4709 ut
2713 4654 2913 4709 Filium
2969 4669 3131 4709 suum
3183 4654 3533 4725 unigenitum

1942 4750 2100 4806 daret
2124 4751 2192 4803 ”.
2220 4769 2237 4801 ι

2014 4842 2150 4911 Quis
2181 4849 2265 4898 est
2290 4840 2460 4897 etiam
2493 4838 2590 4911 qui
2622 4840 2828 4895 missus
2862 4838 2966 4895 fuit
3005 4838 3333 4912 unigenitus
3362 4840 3535 4895 Filius

1945 4933 2165 4990 Domini
2198 4933 2377 4988 vinea:
2408 4940 2535 5003 post
2560 4946 2755 4986 omnes
2793 4930 2889 5001 qui
2944 4929 3099 4985 illum
3133 4938 3537 5001 praecesserant

1947 5042 2161 5091 servos,
2197 5025 2266 5081 ad
2306 5025 2481 5080 malos
2504 5023 2798 5097 agricolas,
2828 5032 2889 5079 ut
2927 5031 3213 5078 constaret
3251 5038 3321 5077 an
3376 5021 3533 5077 illum

1947 5127 2279 5177 vererentur
2300 5119 2386 5173 "'l
2424 5117 2560 5187 Quis
2592 5125 2677 5173 est
2709 5117 2872 5188 cujus
2898 5115 3157 5186 discipuli
3190 5113 3375 5170 mirati
3405 5123 3537 5170 sunt

1943 5213 2178 5286 gloriam
2209 5213 2368 5283 quasi
2395 5210 2669 5284 unigeniti
2701 5228 2731 5266 a
2757 5210 2963 5266 Patre?
2984 5209 3118 5277 Quis
3151 5207 3336 5285 adhuc
3392 5208 3535 5264 deli—

1944 5305 2097 5362 nitus
2122 5314 2207 5362 est
2228 5305 2402 5361 Filius
2424 5304 2519 5362 Dei
2553 5303 2861 5360 secundum
2896 5302 3154 5373 spiritum
3188 5301 3539 5359 sanctitatis?

1942 5398 2080 5467 Quis
2116 5406 2201 5452 est
2235 5396 2329 5467 qui
2367 5395 2663 5453 descendit
2686 5404 2744 5451 et
2778 5394 3101 5467 penetravit
3148 5396 3297 5450 sicut
3347 5395 3538 5466 pluvia

257 5492 351 5544 ἐπὶ
401 5489 569 5543 πόκον
610 5481 717 5555 ;οῦ
751 5490 860 5559 πρὸ
886 5489 981 5544 τοῦ
1037 5488 1189 5560 ήλίου
1242 5489 1489 5560 διαμένει
1536 5488 1596 5543 τὸ
1670 5489 1841 5562 δνομα

1948 5492 2005 5547 ἱη
2040 5490 2442 5560 vellus?Cujus
2468 5505 2593 5545 cum
2623 5490 2739 5545 sole
2766 5496 3058 5560 permanet
3082 5505 3283 5544 nomen
3314 5497 3372 5543 et
3408 5496 3538 5543 ante

258 5582 426 5638 αὑτοῦ
456 5582 553 5638 καὶ
591 5583 707 5654 πρὸ
741 5583 840 5651 τῆς
876 5581 1105 5656 σελήνης
1151 5583 1347 5637 ἐστὶνὸ
1381 5582 1570 5655 θρόνος
1616 5601 1630 5652 ;
1662 5584 1746 5648 τίς
1777 5601 1839 5638 τε

1948 5586 2139 5640 lunam
2173 5590 2258 5639 est
2282 5583 2525 5637 solium:
2563 5581 2699 5650 Quis
2732 5592 2819 5637 est
2868 5581 2963 5652 qui
2999 5581 3158 5647 dicit,
3206 5597 3414 5652 corpus
3446 5595 3537 5635 re-

256 5674 508 5744 θλέγων,
550 5674 717 5745 Σῶμα
769 5673 828 5728 δὲ
861 5675 1176 5746 κατηρτίσω
1224 5692 1315 5746 μοι
1344 5677 1433 5741 ςεί
1481 5674 1703 5748 μὴιάραι
1748 5676 1841 5730 καὶ

1949 5677 2174 5733 Stituam
2239 5676 2418 5730 mihi?
2475 5676 2586 5731 nisi
2629 5684 2780 5731 certe
2839 5675 3343 5746 prmexsistentiam
3404 5673 3535 5728 Jesu

259 5766 605 5840 προὺπαρξιν
646 5766 747 5836 τῆς
763 5765 937 5836 Ἰησοῦ
976 5766 1156 5837 ψυχῆς
1183 5766 1577 5839 όνειροπολεῖτε
1597 5784 1612 5798 ο
1647 5768 1760 5832 πῶς
1788 5768 1841 5822 δὲ

1952 5769 2153 5824 animae
2172 5768 2496 5824 somnietis:
2530 5769 2812 5839 quomodo
2842 5777 3031 5825 autem
3062 5769 3154 5825 illc
3181 5768 3298 5839 ipse
3338 5765 3393 5820 in
3426 5781 3538 5836 q.uo

258 5860 420 5923 αὑτὸς
447 5861 505 5913 ὲν
522 5853 566 5928 ᾧ
591 5858 661 5913 τά
676 5859 849 5913 πάντα
877 5858 1144 5939 ἔκτισται,
1173 5859 1267 5915 καὶ
1290 5860 1633 5931 πρωτότοκος
1657 5862 1721 5914 ὲκ
1743 5860 1841 5914 τῶν

1954 5862 2141 5918 omnia
2180 5874 2367 5918 creata
2419 5870 2570 5927 sunt,
2622 5871 2680 5917 et
2732 5861 3139 5933 primogenitus
3190 5876 3258 5916 ex
3298 5859 3538 5916 mortuis

330 6003 377 6035 “
410 6002 575 6059 llcbr.
647 6020 695 6069 v,
745 6003 796 6057 7.
877 6003 917 6034 ⁸³
959 6002 1198 6074 Philipp.
1224 6018 1282 6070 n,
1315 6004 1368 6069 7,
1400 6002 1453 6058 8.
1532 6004 1759 6060 ’“Joan.
1816 6019 1894 6072 Ill,
1940 6002 2025 6059 l6.
2104 6004 2146 6037 ³⁸
2182 6002 2375 6060 Matth.
2410 6020 2521 6070 ut,
2562 6004 2632 6059 55
2670 6020 2825 6075 seqq.
