4042 6518
582 452 733 529 ἰΰιθ
750 460 753 463 ’

1824 447 2135 527 LEONTII
2175 449 2579 528 BYZANTINI

3721 465 3835 534 1620

589 573 775 633 dictus
803 584 908 644 est,
946 577 1002 632 in
1038 577 1301 635 omnibus
1362 580 1479 651 ipse
1520 580 1847 653 praecellens
1886 584 2156 655 primoge

2272 585 2483 658 νεκρῶν
2537 584 2774 659 εἴρηται,
2808 586 2867 640 ὲν
2911 585 3080 641 πᾶσιν
3111 585 3277 652 αὐτὸς
3307 586 3631 658 πρωτεύων,
3695 606 3830 661 πρω-

587 669 739 724 nitus
760 669 942 725 omnis
968 673 1277 727 creaturae?
1315 670 1511 740 Qualis
1547 681 1635 729 est
1672 675 1769 745 qui
1812 684 1901 731 est
1930 675 1998 731 de
2029 676 2171 732 caelo
2206 731 2213 735 .

585 762 865 818 secundus
887 762 1059 819 homo
1094 773 1152 821 et
1179 765 1484 835 Dominus?
1517 765 1652 833 Quis
1681 768 1751 823 de
1772 783 1885 839 quo
1920 769 2172 841 loquitur

584 854 873 912 Joannes:
933 874 953 909 ι
996 857 1105 926 Qui
1154 857 1465 915 desursum
1515 860 1691 926 venit,
1744 877 1918 932 super
1973 845 2172 919 omnes

583 959 671 1005 est
695 950 787 1006 "2'
816 970 836 1003 ι
877 949 1014 1018 Quis
1040 960 1127 1008 est
1151 952 1247 1023 qui
1281 952 1670 1025 di‘citgloriam
1705 952 1911 1008 habere
1952 953 2171 1010 aPatre

583 1049 882 1113 antequam
937 1043 1180 1099 mundus
1237 1042 1418 1108 ﬂeret,
1468 1051 1526 1099 et
1581 1043 1880 1099 confitetur
1935 1059 1995 1100 se
2042 1059 2169 1099 eum

584 1134 743 1190 Patre
772 1150 944 1189 unum
972 1137 1135 1191 esse?
1162 1136 1232 1190 Et
1260 1136 1388 1205 quis
1430 1146 1518 1192 est
1555 1136 1652 1207 qui
1703 1135 1872 1191 habet
1918 1144 2168 1206 potesta-

587 1233 695 1283 tem
725 1227 972 1298 ponendi
1002 1243 1159 1283 suam
1200 1227 1441 1284 animam
1478 1238 1534 1284 et
1581 1229 1838 1284 sumendi
1864 1230 1934 1295 ’³,
1986 1238 2044 1285 ει
2068 1227 2167 1300 qui

577 1334 835 1375 eversum
863 1320 1154 1391 proprium
1197 1321 1463 1390 templum
1500 1328 1766 1391 tanquam
1795 1321 2053 1377 divinum
2103 1331 2163 1377 et

581 1427 694 1468 non
731 1412 954 1468 domum
998 1412 1391 1483 particularem
1436 1413 1685 1478 dictum,
1744 1424 1869 1485 post
1914 1413 2162 1469 triduum

580 1503 917 1558 reazdiﬁcare
946 1510 1128 1572 potest
1154 1502 1245 1556 “?
1272 1502 1567 1569 Quomodo
1598 1512 1788 1558 autem
1836 1518 1904 1559 ex
1927 1502 2036 1561 ﬁde
2074 1503 2166 1574 ju-

580 1593 732 1648 stitia
763 1593 939 1649 dicit:
974 1612 994 1646 ‹
1018 1594 1101 1648 Νε
1129 1592 1340 1651 dixeris
1379 1593 1434 1649 in
1467 1594 1637 1652 corde
1670 1606 1789 1659 tuo,
1817 1595 1943 1666 quis
1970 1610 2165 1650 ascen-

579 1685 663 1741 dit
690 1685 746 1740 iu
777 1686 1003 1753 coelum,
1024 1685 1080 1741 id
1114 1694 1204 1741 est
1258 1686 1551 1743 Christum
1612 1687 1893 1744 deducere
1942 1685 2013 1753 ³⁸,
2046 1704 2066 1738 ι
2103 1684 2160 1742 Si

579 1794 691 1839 non
711 1779 994 1836 caelestem
1031 1795 1155 1836 esse
1180 1780 1339 1836 illum
1377 1790 1434 1836 et
1462 1796 1575 1837 non
1605 1780 1819 1837 nudum
1868 1779 2160 1835 mortalem

575 1867 752 1924 dicit?
780 1867 916 1939 Quis
946 1878 1033 1927 est
1079 1871 1350 1928 Dominus
1379 1871 1571 1944 glorize
1615 1887 1782 1944 quem
1846 1870 2160 1927 nescientes

2273 676 2496 742 τότοκος
2547 678 2730 750 πάσης
2752 677 3015 745 κτίσεωςς
3036 677 3193 743 ποῖός
3214 677 3278 732 τέ
3297 678 3445 733 ἐστιν
3478 679 3511 732 δ
3552 678 3611 746 ἑξ
3625 679 3830 751 οὐρανοῦ

2272 769 2523 842 δεύτερος
2551 769 2838 843 ἄνθρωπος
2866 770 2962 824 καὶ
2982 770 3187 842 Κύριος
3208 787 3227 838 ;
3251 771 3339 835 τίς
3356 788 3415 824 τε
3428 771 3491 825 ὃν
3512 788 3649 842 φησι
3675 773 3831 829 Ἰωάν-

2273 877 2421 933 νης,ι
2455 861 2516 915 '0
2536 860 2744 916 ἄνωθεν
2766 861 3081 933 ἐρχόμενος,
3102 862 3304 933 μείζων
3319 863 3543 917 πάντων
3564 862 3702 926 ἑστίς
3722 883 3740 915 ι
3763 867 3831 931 τίς

2271 971 2332 1008 τε
2353 954 2382 1006 ὁ
2404 953 2579 1023 λέγων
2600 954 2759 1021 δόξαν
2780 953 2924 1025 ἔχειν
2941 955 3096 1027 παρὰ
3112 953 3192 1025 τῷ
3209 954 3386 1026 Πατρὶ
3399 954 3512 1026 πρὸ
3531 954 3627 1008 τοῦ
3647 955 3734 1008 τὸν
3751 959 3830 1011 κό-

2273 1061 2410 1116 σμον
2441 1043 2716 1114 γενέσθαι,
2766 1046 2861 1099 καὶ
2894 1043 3176 1116 ὁμολογῶν
3205 1044 3399 1098 ἑαυτὸν
3437 1044 3540 1098 σὺν
3572 1044 3651 1116 τῷ
3678 1046 3832 1117 lla-:91

2270 1134 2329 1188 ἓν
2369 1129 2508 1188 εἶναι
2531 1151 2547 1201 ;
2567 1134 2663 1187 καὶ
2695 1132 3095 1199 τίςδὲξουσίαν
3124 1132 3265 1203 ἔχων
3294 1132 3470 1187 θεῖναι
3503 1132 3607 1204 τὴν
3648 1135 3831 1190 οίκείαν

2269 1224 2435 1279 αὑτοῦ
2453 1225 2636 1297 ψυχὴν
2664 1226 2759 1280 καὶ
2771 1220 2924 1298 ἆραι,
2946 1228 3042 1280 καὶ
3060 1224 3290 1279 λυθέντα
3317 1224 3411 1279 τὸν
3453 1225 3592 1279 [διον
3612 1225 3750 1290 ναὸν,
3769 1227 3832 1292 ὡς

2269 1318 2413 1372 θεῖον
2442 1317 2533 1374 καὶ
2553 1316 2654 1371 οὑκ
2679 1312 2827 1372 οἷκον
2866 1315 3136 1371 ἰδιωτικὸν
3176 1315 3498 1387 λεγόμενον,
3570 1316 3628 1369 ἐν
3670 1317 3825 1388 τρισὶν

2268 1411 2507 1484 ἡμέραις
2549 1411 2763 1481 ἐγεῖραι
2797 1409 3059 1478 δυνατός;
3087 1408 3206 1474 πῶς
3236 1409 3297 1463 δὲ
3326 1409 3422 1463 καὶ
3448 1410 3487 1481 ἡ
3519 1409 3589 1463 ὲκ
3621 1409 3833 1475 πίστεως

2265 1502 2581 1573 δικαιοσύνη
2599 1501 2770 1571 λέγει,
2804 1520 2823 1553 ι
2853 1501 2947 1572 Μὴ
2984 1502 3150 1573 εἴπῃς
3185 1501 3247 1555 ὲν
3270 1504 3336 1572 τῇ
3368 1500 3578 1573 καρδίᾳ
3612 1518 3723 1567 σου,
3750 1502 3831 1567 Τίς

2264 1595 2601 1675 ἀναβήσεται
2648 1596 2729 1659 είς
2762 1594 2856 1649 τὸν
2884 1595 3145 1666 οὐρανόν;
3175 1593 3423 1648 τοὺτέστι
3455 1594 3693 1667 Χριστὸν
3717 1611 3832 1648 κατ-

2265 1690 2516 1758 αγαγεῖν,
2538 1706 2556 1740 ι
2583 1689 2632 1742 εί
2657 1687 2734 1759 μὴ
2759 1687 2854 1741 καὶ
2876 1686 3129 1760 οὐράνιον
3148 1683 3289 1742 εἶναι
3320 1687 3491 1741 αὑτδν
3510 1688 3608 1741 καὶ
3623 1687 3681 1740 οὑ
3696 1686 3829 1757 ψιλὸν

2263 1778 2509 1849 ἐπίγειόν
2539 1795 2702 1850 φησι;
2728 1779 2811 1841 τίς
2829 1794 2891 1832 τε
2910 1777 3163 1851 ὁΚύριος
3182 1779 3283 1851 τῆς
3306 1777 3496 1850 δόξης,
3518 1777 3579 1831 ὃν
3600 1776 3830 1847 ἀγνοοῦν·

2262 1890 2355 1938 τες
2406 1873 2762 1946 ἐσταύρωσαν
2803 1889 2820 1938 ;
2856 1871 2975 1938 πῶς
3015 1858 3074 1927 δέ
3108 1872 3202 1927 καὶ
3254 1871 3413 1944 ὑμεῖς
3472 1871 3635 1926 αὐτοὶ
3661 1869 3749 1943 τὴν
3782 1871 3830 1925 ἐν

576 1961 976 2020 cruciﬁxerunt
1007 1962 1093 2017 "?
1138 1961 1449 2034 Quomodo
1482 1974 1540 2021 et
1571 1980 1675 2020 vos
1718 1964 1824 2036 ipsi
1878 1965 2156 2021 Nicaenam

2265 1966 2316 2022 Ν
2323 1958 2475 2039 ικαίᾳ
2501 1965 2686 2021 πίστιν
2723 1965 2785 2020 οὐ
2831 1963 3261 2037 παραιτούμενοι
3303 1965 3396 2020 τὸν
3422 1966 3495 2019 ὲκ
3522 1963 3618 2019 τοῦ
3646 1963 3830 2035 Πατρδς

579 2055 743 2131 ﬁdem
796 2071 909 2112 non
955 2054 1320 2123 abdicantes,
1367 2056 1713 2113 conﬁtemini
1757 2056 2042 2113 Christum
2091 2073 2156 2112 ex

2265 2057 2598 2131 γεννηθέντα
2626 2058 2733 2131 πρὸ
2775 2058 2995 2112 πάντων
3013 2057 3123 2115 τῶν
3164 2056 3396 2122 αἰώνων,
3421 2056 3523 2111 τὸν
3545 2054 3701 2110 αὑτὸν
3717 2074 3829 2110 ita-ro

576 2130 742 2205 Patre
778 2146 1026 2218 genitum
1064 2156 1192 2203 ante
1248 2146 1437 2202 omnia
1464 2148 1689 2229 saecula,
1750 2147 1847 2219 qui
1888 2148 2006 2218 ipse
2055 2146 2156 2203 de-

2264 2151 2491 2207 ελθόντα
2519 2151 2584 2205 ὲκ
2613 2130 2722 2204 τῶν
2752 2134 3000 2223 οὐρανῶν
3056 2152 3152 2205 καὶ
3206 2148 3575 2223 σαρκωθὲντα
3622 2148 3829 2219 Χριστὸν

568 2238 793 2296 scendit
820 2239 890 2296 de
911 2240 1071 2296 cmlis
1090 2247 1161 2296 et
1180 2238 1507 2295 incarnatus
1518 2248 1604 2296 est
1624 2256 1693 2297 ex
1715 2239 1926 2312 Spiritu
1962 2248 2156 2297 sancto

2262 2243 2574 2317 ὁμολογεῖτε
2591 2246 2656 2299 ὲκ
2671 2243 2813 2300 Πνεύ
2821 2261 2988 2316 ματος
3002 2242 3157 2312 ἁγίου
3177 2243 3274 2297 καὶ
3287 2242 3518 2314 Μαρίας
3537 2241 3637 2311 τῆς
3655 2239 3829 2313 Παρθέ-

570 2342 628 2388 ει
658 2332 827 2389 Maria
846 2332 1095 2405 Virgine,
1115 2340 1173 2388 et
1201 2332 1369 2387 homo
1397 2331 1579 2388 factus
1605 2332 1732 2388 est?
1780 2340 1838 2387 et
1874 2332 2156 2403 quomodo

2261 2357 2375 2406 νου,
2390 2338 2485 2392 καλ⁵
2506 2337 2827 2410 ὲνανθρωπή
2836 2353 3003 2391 σαντα
3027 2354 3043 2405 ;
3067 2334 3255 2391 καὶτὰ
3268 2335 3403 2391 ἄλλα
3412 2334 3499 2397 δὲ,
3521 2334 3641 2398 πῶς
3663 2336 3826 2396 νοεῖτε,

497 2482 503 2490 _
573 2425 880 2497 intelligitis
898 2424 1084 2482 omnia
1105 2424 1211 2491 alia
1229 2440 1351 2496 qua:
1376 2441 1407 2481 a
1439 2424 1602 2480 nobis
1623 2442 1691 2480 ex
1713 2425 1887 2482 sacris
1905 2426 2156 2497 Eloquiis

2261 2430 2362 2485 ὅσα
2389 2429 2721 2503 προείρηται
2749 2431 2884 2501 ἡμῖν
2910 2429 2976 2484 ὲκ
2995 2428 3106 2483 τῶν
3132 2426 3295 2501 ίερῶν
3326 2426 3549 2496 Λογίων
3578 2425 3700 2500 περὶ
3720 2425 3830 2496 Χρι-

571 2515 795 2589 νιωΐειιε
819 2524 950 2571 sunt
975 2513 1043 2570 de
1066 2514 1287 2571 Christo
1305 2554 1321 2580 ,
1356 2522 1617 2586 tanquam
1640 2513 1781 2569 Filio
1804 2514 1925 2580 Dei,
1950 2522 2008 2570 et
2031 2530 2155 2585 quae

572 2606 749 2678 gratia
775 2614 833 2662 et
881 2616 1082 2662 natura
1111 2605 1314 2662 Filium
1353 2605 1453 2661 Dei
1491 2605 1649 2661 illum
1676 2613 2007 2679 praeponunt
2036 2606 2061 2660 ?
2094 2606 2152 2663 Si

567 2700 718 2756 enim
742 2700 990 2761 haecnon
1014 2699 1188 2772 ﬁgura
1204 2707 1301 2755 aut
1317 2697 1717 2771 imaginatione
1734 2707 1831 2754 aut
1851 2698 1919 2755 ad
1933 2698 2152 2754 illusio-

568 2811 698 2852 nem
717 2802 813 2850 aut
832 2803 1061 2866 propter
1084 2792 1298 2863 aliquid
1316 2808 1512 2848 eorum
1523 2808 1648 2862 quae
1664 2793 1987 2849 asseruistis
2001 2792 2150 2849 dicta

567 2886 778 2942 fuerint
806 2886 861 2941 in
886 2900 1043 2941 sacra
1092 2883 1403 2955 Scriptura,
1437 2900 1619 2956 neque
1668 2884 1898 2940 nomine
1953 2883 2150 2940 ﬁctitio

564 2982 753 3041 dictus
784 2979 956 3037 fuerit
973 2979 1122 3035 Deus
1155 2986 1212 3051 et
1233 2977 1408 3034 Filius
1436 2976 1558 3043 Dei,
1603 2986 1662 3033 et
1689 2976 1962 3034 Dominus
1999 2976 2175 3033 idem-

564 3075 839 3135 Christus.
876 3069 1158 3145 quomodo
1187 3085 1302 3126 non
1329 3068 1477 3126 idem
1509 3069 1619 3125 erit
1661 3069 1796 3136 duo,
1839 3070 2046 3141 quippe
2079 3069 2149 3125 de

564 3164 760 3223 eodem
789 3172 1092 3233 utrumque
1118 3167 1408 3227 narratur,
1429 3158 1710 3231 quomodo
1734 3174 1883 3215 unus
1897 3168 1954 3215 et
1974 3158 2149 3216 Filius

562 3255 662 3313 Dei
690 3263 891 3309 natura
942 3262 1001 3309 et
1051 3250 1227 3308 Filius
1283 3250 1383 3306 Dei
1434 3250 1634 3322 gratia,
1689 3248 2048 3327 impassibilis
2091 3258 2148 3306 et

562 3350 868 3425 passibilis,
900 3348 1153 3405 exaltans
1205 3355 1264 3405 et
1301 3346 1600 3412 exaltatus,
1655 3354 1715 3401 ει
1764 3315 2004 3415 reliqua,
2031 3359 2146 3400 non
2173 3315 2229 3379 δ

564 3441 973 3505 aestimabitur?

632 3538 757 3595 Non
789 3536 940 3594 enim
962 3533 1328 3592 rationabiles
1370 3548 1503 3590 vere
1531 3531 1668 3590 estis
1704 3546 1827 3598 vos,
1866 3546 1901 3587 o
1926 3529 2150 3588 verbosi

563 3633 660 3705 qui
690 3648 791 3703 per
823 3629 1204 3711 acceptionem
1227 3626 1418 3701 ﬁgurae
1452 3636 1511 3683 et
1553 3624 1974 3698 imaginationis
2024 3640 2150 3696 pas-

564 3724 750 3780 siones
782 3732 839 3778 et
894 3721 1176 3793 passibilis
1218 3720 1446 3777 nomina
1497 3717 1722 3791 proprie
1776 3717 2050 3789 recipitis,
2094 3727 2151 3774 et

563 3816 1104 3875 naturaetrealiter:
1135 3811 1643 3885 impassihilitatetn
1671 3825 1807 3866 vero
1823 3818 1879 3866 et
1903 3810 2145 3882 gloriam

563 3918 622 3965 et
650 3885 942 3975 honorem,
974 3915 1033 3963 et
1056 3921 1259 3963 nomen
1284 3903 1655 3961 deificationis
1686 3913 1743 3960 et
1773 3903 1977 3959 divina:
2012 3903 2151 3957 ﬁlia-

566 4002 758 4067 tionis,
788 4016 902 4055 non
925 4008 1126 4057 natura
1158 3996 1520 4074 generaliter,
1550 4010 1672 4075 nec.
1695 4011 1755 4053 re
1787 4010 1895 4052 nec
1914 4009 2057 4069 rvere
2078 3993 2147 4049 de

562 4094 807 4160 Christo,
832 4094 928 4150 sed
950 4093 1149 4149 falsum
1171 4103 1374 4147 nomen
1392 4099 1452 4147 et
1468 4089 1699 4163 ﬁguram
1717 4098 1774 4147 et
1793 4089 2149 4162 imaginatiov

564 4202 693 4247 nem
714 4195 770 4241 et
787 4201 983 4241 vanam
1000 4184 1426 4256 appellationem
1442 4183 1664 4239 habetis
1683 4200 1697 4236 :
1716 4182 1761 4238 si
1775 4183 1925 4238 enim
1941 4190 2148 4249 et‘vere

565 4278 830 4335 dicuntur
863 4278 933 4332 ab
958 4277 1079 4348 ipso
1108 4285 1165 4332 et
1205 4276 1630 4341 iiunthumana,
1663 4264 1760 4330 sed
1796 4274 2149 4330 considerate

564 4371 753 4429 studio
786 4367 1041 4429 veritatis
1095 4367 1211 4439 regi
1245 4366 1473 4441 quidem
1506 4364 1700 4421 dicere
1729 4364 1975 4436 propriis
2009 4364 2147 4420 sub-

557 4463 743 4537 jectis,
768 4478 913 4521 unus
943 4478 1013 4518 ex
1055 4460 1216 4517 vobis
1246 4474 1391 4525 sum,
1440 4464 1498 4514 et
1535 4457 1733 4513 similis
1764 4456 1946 4523 vobis,
1978 4464 2035 4512 ει
2064 4457 2148 4513 fa-

564 4573 691 4613 cere
720 4556 773 4611 in
806 4555 924 4611 acie
951 4554 1226 4610 instructa
1259 4569 1382 4624 qua:
1420 4557 1553 4607 sunt
1582 4549 1777 4606 militis
1817 4549 1887 4605 ad
1935 4564 2144 4621 procu-

2262 2523 2414 2589 στοῦ,
2448 2522 2525 2587 ὡς
2566 2521 2700 2577 Υίοῦ
2742 2521 3045 2594 Θεοῦ,πρδς
3088 2523 3154 2593 τῇ
3193 2521 3380 2593 χάριτι
3409 2518 3511 2572 καὶ
3548 2517 3703 2589 φύσει
3721 2517 3828 2571 ὄντα

2258 2616 2387 2671 Υίδν
2420 2615 2579 2682 Θεοῦ,
2611 2613 2965 2687 παριστῶντα
2993 2612 3187 2678 αὑτόνς
3242 2614 3293 2668 εί
3355 2612 3470 2686 γὰρ
3506 2612 3586 2683 μὴ
3637 2610 3829 2679 δοκήσει

2257 2708 2292 2782 ἢ
2330 2707 2655 2781 φαντασίᾳῆ
2710 2705 2846 2779 πρὸς
2875 2706 3146 2775 ,ὑπόνοιαν
3189 2706 3224 2778 ἦ
3269 2722 3324 2760 τι
3370 2705 3487 2759 τῶν
3521 2704 3719 2758 λοιπῶν
3767 2695 3827 2756 ὧν

2257 2801 2426 2874 ἐφητε
2458 2800 2579 2855 οὑδὲ
2607 2798 2782 2854 ταῦτά
2810 2801 2960 2854 ἐστιν
2982 2799 3250 2873 εἰρημένα
3279 2800 3339 2853 ὲν
3365 2802 3433 2872 τῇ
3465 2798 3593 2869 θεία
3638 2798 3825 2869 Γραφῇ.

2256 2893 2380 2949 οὔτε
2440 2893 2548 2966 μὴν
2596 2892 2966 2967 ψευδωνύμως
3021 2894 3237 2967 εἴρηται
3287 2894 3421 2959 Θεός
3464 2911 3530 2947 τε
3574 2894 3669 2947 καὶ
3714 2892 3823 2955 Υἱὸς

2222 2998 2236 3007 ‘
2255 2986 2415 3054 Θεοῦ,
2448 2987 2544 3043 καὶ
2569 2986 2819 3060 Κύριοςὸ
2842 2986 3006 3052 αὐτὸς
3031 2985 3290 3060 Χριστὸς,
3323 2987 3441 3050 πῶς
3478 2986 3603 3056 οὐχὶ
3629 2986 3658 3038 ὁ
3686 2982 3825 3044 αὐτὸς

2255 3080 2406 3136 ἔσται
2437 3079 2627 3151 ἄμφω,
2653 3079 2814 3153 εἴπερ
2846 3080 2989 3135 κατὰ
3012 3079 3108 3134 τοῦ
3142 3077 3311 3135 αὑτοῦ
3340 3080 3588 3149 ἑκατερα
3630 3076 3825 3152 λέγεται

2255 3176 2351 3230 καὶ
2379 3169 2459 3237 εἷς
2490 3174 2520 3228 ὂ
2557 3191 2617 3228 τε
2650 3173 2810 3244 φύσει
2865 3172 2996 3238 Υίδς
3043 3172 3139 3228 τοῦ
3184 3171 3320 3228 Θεοῦ
3379 3172 3478 3227 καὶ
3502 3173 3533 3225 ὁ
3558 3170 3775 3243 χάριτι,
3803 3170 3827 3221 ό

2255 3265 2474 3333 ἀπαθὴς
2491 3281 2553 3319 τε
2582 3264 2677 3318 καὶ¹
2707 3262 2970 3336 παθητὸς,
2999 3262 3235 3319 ἁνιστῶν
3253 3280 3315 3318 τε
3342 3263 3438 3317 καὶ
3461 3261 3826 3331 ἀνιστάμενος,

2253 3359 2348 3415 καὶ
2373 3358 2444 3413 τὰ
2471 3355 2658 3426 λοιπὰ,
2682 3356 3077 3430 δοξασθήσεται
3111 3374 3131 3425 ;

2321 3552 2398 3606 Οὑ
2454 3549 2567 3623 γὰρ
2599 3547 2816 3618 εὖλογοι
2858 3537 3027 3609 ὅντως
3075 3542 3259 3614 ὑμεῖς,
3290 3533 3338 3596 ὢ
3376 3537 3732 3611 εὑρεσιλόγει,
3766 3531 3823 3587 δι’

2250 3644 2536 3700 εὐλάϐειαν
2593 3643 2693 3715 μὲν
2755 3640 3033 3712 δοκήσεως
3089 3637 3184 3691 καὶ
3218 3634 3544 3708 φαντασίας,
3591 3631 3660 3686 τὰ
3697 3627 3823 3696 πάθη

2249 3756 2311 3794 τε
2360 3739 2457 3793 καὶ
2501 3737 2572 3791 τὰ
2617 3735 2714 3791 τοῦ
2796 3731 3042 3804 παθητοῢ
3099 3729 3346 3803 ὀνόματα
3413 3726 3627 3799 κυρίως
3690 3720 3822 3775 ἐκδε-

2250 3831 2491 3902 χόμενοι,
2527 3828 2620 3883 καὶ
2654 3827 2817 3898 φύσει
2860 3824 2957 3880 καὶ
2997 3820 3472 3897 πραγματιωδῶς·
3503 3817 3675 3888 me:
3699 3813 3823 3870 ἁπά-

2251 3924 2403 3978 θειαν
2434 3922 2528 3975 καὶ
2556 3919 2718 3987 δόξαν
2754 3918 2851 3973 καὶ
2871 3918 3060 3990 τιμὴν,
3099 3917 3195 3969 καὶ
3224 3915 3287 3968 τὸ
3315 3913 3410 3981 τῆς
3454 3911 3710 3982 θεότητος
3745 3906 3823 3961 καὶ
3882 3950 3887 3955 .

2251 4014 2402 4078 θείας
2429 4012 2675 4084 υίότητος
2698 4011 2897 4082 ὄνομα,
2922 4011 2983 4064 οὑ
3017 4008 3180 4081 φύσει
3209 4006 3271 4060 τὸ
3302 4004 3565 4066 καθόλου,
3614 4002 3670 4056 οὐ
3704 3998 3823 4072 πρά-

2250 4122 2458 4177 γμασιν
2501 4102 2626 4158 οὐδὲ
2656 4102 2827 4165 ὄντως
2856 4101 2952 4154 ἐπὶ
2981 4096 3244 4172 Χριστοῦ,
3281 4096 3418 4151 ἀλλὰ
3461 4090 3822 4165 ψευδωνυμίαν

2251 4198 2347 4253 καὶ
2383 4195 2606 4265 δόκησιν
2636 4193 2732 4248 καὶ
2773 4192 3070 4263 φαντασίαν
3120 4190 3220 4244 καὶ
3265 4189 3521 4258 διακενῆς
3571 4198 3822 4256 προσηγο-

2255 4284 2397 4356 ρίαν·
2431 4281 2483 4335 εί
2513 4281 2623 4353 γὰρ
2652 4282 2747 4336 καὶ
2773 4280 2946 4345 ὅντως
2964 4279 3182 4351 λέγεται
3213 4279 3305 4334 ὑπ’
3336 4277 3506 4332 αὑτοῦ
3543 4278 3640 4330 καὶ
3670 4271 3820 4343 πρᾶτα
3866 4290 3875 4295 ί

2251 4390 2401 4429 τεται
2429 4372 2501 4426 τὰ
2551 4370 2893 4442 ἀνθρώπινα,
2929 4369 3067 4424 ἀλλὰ
3104 4370 3361 4423 σκοπεῖτε
3401 4364 3730 4436 φιλαλήθως,
3751 4360 3819 4414 ὅτι

2251 4464 2464 4537 βασιλεῖ
2519 4464 2620 4535 μὲν
2652 4452 2834 4533 λέγειν
2877 4464 2993 4526 τοῖς
3045 4460 3195 4524 ἰδίοις
3234 4458 3503 4528 ὑπηκόοις
3544 4457 3627 4510 ὅτι
3657 4447 3743 4515 Εἷς
3767 4449 3814 4513 ἐξ

2250 4557 2406 4630 ὑμῶν
2431 4558 2571 4628 ειμι.
2605 4555 2700 4610 καὶ
2746 4555 2933 4626 ὅμοιος
2972 4555 3122 4624 ὑμῖν,
3157 4553 3254 4607 καὶ
3283 4552 3548 4623 πράττειν
3583 4550 3638 4601 ἐν
3665 4541 3818 4613 καιρῷ

564 4651 792 4707 randatn
828 4647 1142 4704 communis
1182 4645 1464 4718 propriam
1501 4642 1832 4715 reipublicae
1886 4643 2142 4708 salutem,

2256 4651 2616 4724 παρατάξεως
2648 4648 2737 4717 τὰ]
2760 4648 2855 4703 τοῦ
2893 4647 3250 4721 στρατιώτου,
3303 4643 3588 4716 προθυμίᾳ
3617 4642 3708 4710 τῆς
3740 4638 3817 4690 τοῦ

561 4760 672 4801 non
692 4745 871 4800 solum
901 4756 1010 4797 non
1048 4757 1171 4798 esse
1190 4737 1741 4811 reprehendendum,
1769 4737 1867 4792 sed
1889 4745 1947 4791 et
1976 4736 2145 4792 nimis

560 4839 897 4910 gloriosum:
942 4837 1176 4896 militem
1200 4849 1356 4899 vero,
1381 4832 1427 4889 si
1454 4832 1605 4903 regie
1643 4838 1920 4902 proponat
1951 4816 2009 4886 εἰ
2038 4846 2144 4885 ηο-

559 4934 828 5000 minetur,
865 4948 978 4988 non
1012 4944 1237 5001 parvam
1283 4929 1572 4983 incurrere
1615 4924 2066 4981 accusationem:
2095 4926 2142 4980 si

559 5026 730 5099 igitur
758 5025 858 5096 qui
885 5031 971 5081 est
1012 5022 1187 5079 Filius
1207 5020 1463 5094 hominis
1489 5026 1548 5075 et
1584 5017 1751 5074 homo
1782 5017 1984 5083 solum,
2016 5016 2136 5071 uni.

559 5120 781 5191 genitus
821 5119 922 5175 Dei
978 5117 1177 5183 Filius,
1226 5123 1283 5171 ct
1329 5100 1734 5185 primogenitus
1762 5111 1946 5167 omnis
1983 5126 2142 5167 crea-

561 5222 699 5268 tura:
727 5212 793 5279 ’⁷,
825 5221 884 5269 ει
928 5227 1097 5282 super
1129 5224 1328 5267 omnes
1358 5208 1506 5263 Deus
1534 5206 1602 5273 ³⁸,
1635 5211 1692 5261 ει
1737 5206 1978 5279 reliqua,
2031 5205 2141 5260 dici

561 5303 874 5359 consentiat
927 5311 1149 5359 etcum
1199 5307 1480 5372 potestate
1538 5306 1829 5375 praeponat
1881 5305 2140 5368 tanquam

559 5395 843 5460 dominus,
903 5395 961 5449 in
1019 5395 1193 5449 Deum
1252 5391 1577 5463 conspirare
1635 5388 2041 5445 convincitur:
2096 5391 2143 5445 si

2248 4744 2432 4799 κοινοῦ
2470 4744 2571 4813 τῆς
2613 4741 2749 4806 ἰδίας
2804 4740 3078 4804 πολιτείας
3131 4739 3429 4809 σωτηρίας,
3490 4736 3552 4790 οὐ
3593 4736 3743 4804 μόνον
3766 4728 3816 4781 οὐ

2245 4836 2473 4907 ψεκτὸν,
2502 4834 2639 4889 ἀλλὰ
2675 4835 2767 4890 καὶ
2800 4833 2940 4903 ἄγαν
2975 4830 3186 4897 ἔνδοξον
3203 4847 3217 4860 ·
3238 4828 3585 4903 στρατιώτην
3609 4826 3665 4880 δὲ
3687 4824 3814 4882 ὄντα.

2249 4930 2547 5002 βασιλικῶς
2597 4927 2957 5001 προστάττειν
3003 4926 3037 4997 ἢ
3089 4923 3495 4995 ὀνομάζεσθαι,
3545 4921 3606 4975 οὐ
3661 4913 3818 4989 μικρῷ

2246 5024 2533 5097 περιδαλεῖ
2562 5023 2896 5097 ἐγκλήματι·
2930 5024 3092 5093 εἰπερ
3126 5016 3222 5074 οὖν
3255 5018 3383 5083 Υίδς
3411 5015 3490 5071 ῶν
3525 5010 3814 5085 ἀνθρώπου,

2263 5121 2359 5174 καὶ
2415 5118 2709 5191 ἄνθρωπος
2794 5115 2956 5187 μόνον
2986 5155 3001 5182 ,
3055 5116 3085 5169 ὁ
3153 5111 3452 5184 μονογενὴς
3521 5107 3616 5163 τοῦ
3700 5099 3815 5157 Θεοῦ

2246 5214 2399 5281 Υἱὸς,
2454 5213 2551 5267 καὶ
2601 5191 2963 5282 πρωτότοκος
3012 5206 3195 5278 πάσης
3247 5202 3502 5266 κτίσεως,
3552 5201 3647 5255 καὶ
3679 5198 3710 5251 ὀ
3736 5194 3814 5247 ἐπὶ

2246 5306 2465 5361 πάντων
2519 5303 2685 5369 Θεὸς,
2721 5301 2817 5355 καὶ
2854 5299 2924 5354 τὰ
2975 5299 3172 5362 λοιπὰ,
3203 5294 3512 5367 λεγόμενός.
3547 5310 3607 5347 τε
3637 5284 3812 5345 ἀποδέ-

2244 5413 2422 5468 χεται,
2454 5395 2549 5448 καὶ
2582 5391 2805 5463 ἐξουσία
2846 5390 3184 5464 προστάσσει
3237 5391 3314 5454 ὡς
3361 5388 3588 5460 Κύριος,
3640 5386 3811 5453 dmp-

559 5503 715 5563 vero,
739 5504 867 5547 cum
896 5489 968 5543 sit
995 5487 1093 5543 Dei
1116 5487 1292 5543 Filius
1331 5493 1388 5542 et
1419 5486 1588 5550 Deus,
1617 5489 1809 5538 utatur
1844 5482 2144 5554 aliquando

2256 5488 2373 5553 σίας
2402 5487 2549 5541 ἑάλω
2570 5486 2706 5559 πρὸς
2732 5484 2887 5539 Θεόν·
2930 5486 2979 5539 εί
3025 5484 3083 5537 δὲ
3114 5483 3210 5538 καὶ
3252 5481 3392 5536 Θεοῦ
3425 5480 3553 5542 Υἱὸς
3585 5478 3679 5533 καὶ
3699 5474 3813 5536 Θεὸς

559 5581 823 5638 humanis
860 5581 1093 5638 vocibus
1119 5596 1177 5636 et
1205 5579 1396 5647 rebus,
1440 5576 1676 5634 evidens
1704 5582 1791 5631 est
1830 5576 1981 5647 quod
2034 5594 2147 5648 prae

2256 5580 2421 5645 ὅντως
2446 5578 2544 5644 ῶν,
2579 5577 2780 5649 χρῆταί
2812 5592 2944 5631 ποτε
2977 5578 3094 5640 τοῖς
3126 5574 3487 5647 ἀνθρωπείαις
3509 5573 3712 5643 ῥήμασι
3731 5564 3812 5621 καὶ

559 5675 800 5736 naturali
833 5673 1237 5749 magnitudine,
1264 5669 1713 5731 humiliationem
1741 5684 1811 5724 ex
1840 5668 2141 5727 dilectione

2256 5673 2567 5744 πράγμασι,
2600 5669 2762 5741 δῆλον
2793 5670 2867 5735 ὡς
2907 5669 3045 5739 πρὸς
3089 5669 3158 5739 τῇ
3195 5669 3398 5737 φυσικῇ
3430 5662 3809 5738 μεγαλειότητι,

561 5771 844 5828 ostendat.
2251 5766 2345 5820 καὶ
2372 5761 2783 5833 συγκατάδασιν
2817 5763 2877 5830 ἐξ
2904 5760 3241 5832 ἁγαθότητος
3270 5758 3654 5814 ἐπιδείκνυται.

628 5902 959 5966 ²¹ίυιηι.ιιι,
991 5899 1083 5955 3i.
1163 5899 1209 5933 ³³
1236 5897 1397 5959 .l'oan.
1448 5913 1502 5966 ι,
1540 5895 1624 5952 l8.
1703 5896 1750 5927 "
1787 5892 1945 5949 Joan.
1987 5910 2044 5959 ιι,
2104 5896 2156 5953 ιθ

560 5968 609 6010 ³⁸
640 5972 845 6044 Ephes.
876 5988 949 6038 tv,
980 5971 1029 6031 6.

2262 5896 2307 5928 ’³
2341 5894 2503 5951 Rom.
2550 5908 2606 5958 Χ,
2645 5890 2701 5949 6.
2779 5891 2823 5923 ³⁸
2860 5889 2880 5945 Ι
2911 5888 3041 5947 Cor.
3104 5892 3162 5957 it‘,
3197 5891 3255 5947 8..
3314 5860 3374 5921 0"
3400 5885 3608 5945 Coloss.
3643 5900 3682 5951 ι,
3734 5875 3807 5935 l5.
