  <div class='ocr_page' id='page_1' title='image "/cluster/home/n/w/nwhite01/storage/ocr_20150623/86:1/hvd.32044019208909/818.png"; bbox 0 0 4006 6548; ppageno 0'>
   <div class='ocr_carea' id='block_1_1' title="bbox 307 457 435 524">
    <p class='ocr_par' dir='ltr' id='par_1_1' title="bbox 307 457 435 524">
     <span class='ocr_line' id='line_1_1' title="bbox 307 457 435 524; baseline 0.008 -2"><span class='ocrx_word' id='word_1_1' title='bbox 307 457 435 524; x_wconf 69' lang='lat'><strong>1621</strong></span> 
     </span>
    </p>
   </div>
   <div class='ocr_carea' id='block_1_2' title="bbox 1240 460 2676 531">
    <p class='ocr_par' dir='ltr' id='par_1_2' title="bbox 1240 460 2676 531">
     <span class='ocr_line' id='line_1_2' title="bbox 1240 460 2676 531; baseline -0.004 -2"><span class='ocrx_word' id='word_1_2' title='bbox 1240 467 1634 530; x_wconf 82' lang='lat' dir='ltr'><strong>ADVERSUS</strong></span> <span class='ocrx_word' id='word_1_3' title='bbox 1670 460 2222 531; x_wconf 82' lang='lat' dir='ltr'><strong>NESTORIANOS.</strong></span> <span class='ocrx_word' id='word_1_4' title='bbox 2260 488 2331 501; x_wconf 85' lang='lat'><strong><em>—</em></strong></span> <span class='ocrx_word' id='word_1_5' title='bbox 2368 463 2515 526; x_wconf 88' lang='lat' dir='ltr'><strong>LIB.</strong></span> <span class='ocrx_word' id='word_1_6' title='bbox 2559 460 2676 523; x_wconf 91' lang='lat' dir='ltr'><strong>III.</strong></span> 
     </span>
    </p>
   </div>
   <div class='ocr_carea' id='block_1_3' title="bbox 3438 456 3577 523">
    <p class='ocr_par' dir='ltr' id='par_1_3' title="bbox 3438 456 3577 523">
     <span class='ocr_line' id='line_1_3' title="bbox 3438 456 3577 523; baseline -0.007 0"><span class='ocrx_word' id='word_1_7' title='bbox 3438 456 3577 523; x_wconf 77' lang='lat'><strong>1622</strong></span> 
     </span>
    </p>
   </div>
   <div class='ocr_carea' id='block_1_4' title="bbox 373 569 1895 651">
    <p class='ocr_par' dir='ltr' id='par_1_4' title="bbox 373 572 1890 651">
     <span class='ocr_line' id='line_1_4' title="bbox 373 572 1890 651; baseline 0.003 -24"><span class='ocrx_word' id='word_1_8' title='bbox 373 573 438 627; x_wconf 82' lang='grc' dir='ltr'>Εἱ</span> <span class='ocrx_word' id='word_1_9' title='bbox 464 572 520 625; x_wconf 76' lang='grc' dir='ltr'><strong>δὲ</strong></span> <span class='ocrx_word' id='word_1_10' title='bbox 552 572 627 644; x_wconf 75' lang='grc' dir='ltr'>μὴ</span> <span class='ocrx_word' id='word_1_11' title='bbox 664 573 805 627; x_wconf 84' lang='grc' dir='ltr'>κατὰ</span> <span class='ocrx_word' id='word_1_12' title='bbox 842 574 937 628; x_wconf 83' lang='grc' dir='ltr'><strong>τοῦ</strong></span> <span class='ocrx_word' id='word_1_13' title='bbox 972 575 1138 629; x_wconf 81' lang='grc' dir='ltr'>αὑτοῦ</span> <span class='ocrx_word' id='word_1_14' title='bbox 1166 577 1296 632; x_wconf 85' lang='grc' dir='ltr'>Υίοῦ</span> <span class='ocrx_word' id='word_1_15' title='bbox 1337 580 1369 649; x_wconf 82' lang='grc' dir='ltr'>ἢ</span> <span class='ocrx_word' id='word_1_16' title='bbox 1406 581 1723 651; x_wconf 83' lang='grc' dir='ltr'>προσώπου,</span> <span class='ocrx_word' id='word_1_17' title='bbox 1754 580 1890 635; x_wconf 81' lang='grc' dir='ltr'>ἀλλὰ</span> 
     </span>
    </p>
   </div>
   <div class='ocr_carea' id='block_1_5' title="bbox 2004 569 3577 651">
    <p class='ocr_par' dir='ltr' id='par_1_5' title="bbox 2064 569 3577 644">
     <span class='ocr_line' id='line_1_5' title="bbox 2064 569 3577 644; baseline -0.002 -12"><span class='ocrx_word' id='word_1_18' title='bbox 2064 576 2124 633; x_wconf 87' lang='lat' dir='ltr'><strong>Si</strong></span> <span class='ocrx_word' id='word_1_19' title='bbox 2154 585 2339 631; x_wconf 87' lang='lat' dir='ltr'><strong>autem</strong></span> <span class='ocrx_word' id='word_1_20' title='bbox 2374 590 2488 630; x_wconf 90' lang='lat' dir='ltr'><strong>non</strong></span> <span class='ocrx_word' id='word_1_21' title='bbox 2516 574 2584 630; x_wconf 87' lang='lat' dir='ltr'><strong>de</strong></span> <span class='ocrx_word' id='word_1_22' title='bbox 2630 571 2827 629; x_wconf 86' lang='lat' dir='ltr'><strong>eodem</strong></span> <span class='ocrx_word' id='word_1_23' title='bbox 2864 570 3007 628; x_wconf 85' lang='lat' dir='ltr'><strong>Filio</strong></span> <span class='ocrx_word' id='word_1_24' title='bbox 3049 578 3145 626; x_wconf 81' lang='lat' dir='ltr'><strong>aut</strong></span> <span class='ocrx_word' id='word_1_25' title='bbox 3204 569 3400 627; x_wconf 89' lang='lat' dir='ltr'><strong>eadem</strong></span> <span class='ocrx_word' id='word_1_26' title='bbox 3450 590 3577 644; x_wconf 87' lang='lat' dir='ltr'><strong>per-</strong></span> 
     </span>
    </p>
   </div>
   <div class='ocr_carea' id='block_1_6' title="bbox 305 664 1887 744">
    <p class='ocr_par' dir='ltr' id='par_1_6' title="bbox 305 664 1887 744">
     <span class='ocr_line' id='line_1_6' title="bbox 305 664 1887 744; baseline 0.004 -25"><span class='ocrx_word' id='word_1_27' title='bbox 305 665 426 719; x_wconf 82' lang='grc' dir='ltr'>καθ⁹</span> <span class='ocrx_word' id='word_1_28' title='bbox 448 664 636 736; x_wconf 79' lang='grc' dir='ltr'>ἑτέρου</span> <span class='ocrx_word' id='word_1_29' title='bbox 657 667 751 719; x_wconf 78' lang='grc' dir='ltr'>καὶ</span> <span class='ocrx_word' id='word_1_30' title='bbox 774 668 961 738; x_wconf 81' lang='grc' dir='ltr'>ἑτέρου</span> <span class='ocrx_word' id='word_1_31' title='bbox 982 669 1101 722; x_wconf 86' lang='grc' dir='ltr'>υἱοῦ</span> <span class='ocrx_word' id='word_1_32' title='bbox 1121 670 1189 724; x_wconf 85' lang='grc' dir='ltr'>τὰ</span> <span class='ocrx_word' id='word_1_33' title='bbox 1212 672 1449 744; x_wconf 83' lang='grc' dir='ltr'>διάφορα</span> <span class='ocrx_word' id='word_1_34' title='bbox 1476 677 1667 740; x_wconf 80' lang='grc' dir='ltr'><strong>νοεῖτε,</strong></span> <span class='ocrx_word' id='word_1_35' title='bbox 1692 674 1810 738; x_wconf 85' lang='grc' dir='ltr'><strong>πῶς</strong></span> <span class='ocrx_word' id='word_1_36' title='bbox 1827 674 1887 728; x_wconf 84' lang='grc' dir='ltr'><strong>ού</strong></span> 
     </span>
    </p>
   </div>
   <div class='ocr_carea' id='block_1_7' title="bbox 302 758 1889 839">
    <p class='ocr_par' dir='ltr' id='par_1_7' title="bbox 302 758 1889 839">
     <span class='ocr_line' id='line_1_7' title="bbox 302 758 1889 839; baseline 0.006 -28"><span class='ocrx_word' id='word_1_37' title='bbox 302 758 397 812; x_wconf 72' lang='grc' dir='ltr'><strong>δύο</strong></span> <span class='ocrx_word' id='word_1_38' title='bbox 428 760 580 821; x_wconf 78' lang='grc' dir='ltr'>υἱοὺς</span> <span class='ocrx_word' id='word_1_39' title='bbox 609 761 795 831; x_wconf 82' lang='grc' dir='ltr'>σαφῶς</span> <span class='ocrx_word' id='word_1_40' title='bbox 839 760 1127 830; x_wconf 77' lang='grc' dir='ltr'>δοξάζετε;</span> <span class='ocrx_word' id='word_1_41' title='bbox 1178 765 1292 828; x_wconf 89' lang='grc' dir='ltr'><strong>πῶς</strong></span> <span class='ocrx_word' id='word_1_42' title='bbox 1326 766 1381 817; x_wconf 87' lang='grc' dir='ltr'><strong>δὲ</strong></span> <span class='ocrx_word' id='word_1_43' title='bbox 1420 768 1480 819; x_wconf 84' lang='grc' dir='ltr'><strong>οὐ</strong></span> <span class='ocrx_word' id='word_1_44' title='bbox 1520 767 1749 839; x_wconf 88' lang='grc' dir='ltr'>θάτερον</span> <span class='ocrx_word' id='word_1_45' title='bbox 1790 767 1889 838; x_wconf 76' lang='grc' dir='ltr'>μὲν</span> 
     </span>
    </p>
   </div>
   <div class='ocr_carea' id='block_1_8' title="bbox 304 851 1887 923">
    <p class='ocr_par' dir='ltr' id='par_1_8' title="bbox 304 851 1887 923">
     <span class='ocr_line' id='line_1_8' title="bbox 304 851 1887 923; baseline 0.004 -20"><span class='ocrx_word' id='word_1_46' title='bbox 304 852 438 905; x_wconf 83' lang='grc' dir='ltr'><strong>Θεὸν</strong></span> <span class='ocrx_word' id='word_1_47' title='bbox 469 852 622 905; x_wconf 72' lang='grc' dir='ltr'>οὐδὲν</span> <span class='ocrx_word' id='word_1_48' title='bbox 667 854 747 915; x_wconf 84' lang='grc' dir='ltr'><strong>είς</strong></span> <span class='ocrx_word' id='word_1_49' title='bbox 776 851 1097 923; x_wconf 77' lang='grc' dir='ltr'><strong>ἀνθρώπους</strong></span> <span class='ocrx_word' id='word_1_50' title='bbox 1144 857 1264 908; x_wconf 86' lang='grc' dir='ltr'>κατ’</span> <span class='ocrx_word' id='word_1_51' title='bbox 1319 857 1511 909; x_wconf 82' lang='grc' dir='ltr'>οὐσίαν</span> <span class='ocrx_word' id='word_1_52' title='bbox 1559 857 1887 920; x_wconf 78' lang='grc' dir='ltr'>κενωθέντα,</span> 
     </span>
    </p>
   </div>
   <div class='ocr_carea' id='block_1_9' title="bbox 305 943 1888 1019">
    <p class='ocr_par' dir='ltr' id='par_1_9' title="bbox 305 943 1888 1019">
     <span class='ocr_line' id='line_1_9' title="bbox 305 943 1888 1019; baseline 0.004 -26"><span class='ocrx_word' id='word_1_53' title='bbox 305 943 443 995; x_wconf 87' lang='grc' dir='ltr'><strong>ἀλλά</strong></span> <span class='ocrx_word' id='word_1_54' title='bbox 477 943 638 1013; x_wconf 87' lang='grc' dir='ltr'>μόνον</span> <span class='ocrx_word' id='word_1_55' title='bbox 676 944 816 997; x_wconf 82' lang='grc' dir='ltr'>κατὰ</span> <span class='ocrx_word' id='word_1_56' title='bbox 866 944 966 1015; x_wconf 81' lang='grc' dir='ltr'><strong>τὴν</strong></span> <span class='ocrx_word' id='word_1_57' title='bbox 1004 944 1061 1012; x_wconf 75' lang='grc' dir='ltr'>ἐξ</span> <span class='ocrx_word' id='word_1_58' title='bbox 1094 946 1306 998; x_wconf 81' lang='grc' dir='ltr'>αἰώνων</span> <span class='ocrx_word' id='word_1_59' title='bbox 1333 947 1701 1019; x_wconf 82' lang='grc' dir='ltr'>προνοητικὴν</span> <span class='ocrx_word' id='word_1_60' title='bbox 1723 945 1888 1001; x_wconf 77' lang='grc' dir='ltr'>αὑτοῦ</span> 
     </span>
    </p>
   </div>
   <div class='ocr_carea' id='block_1_10' title="bbox 303 1036 1893 1109">
    <p class='ocr_par' dir='ltr' id='par_1_10' title="bbox 303 1036 1893 1109">
     <span class='ocr_line' id='line_1_10' title="bbox 303 1036 1893 1109; baseline 0.003 -22"><span class='ocrx_word' id='word_1_61' title='bbox 303 1036 610 1104; x_wconf 79' lang='grc' dir='ltr'>ἐνέργειαν,</span> <span class='ocrx_word' id='word_1_62' title='bbox 657 1036 725 1088; x_wconf 87' lang='grc' dir='ltr'>δι’</span> <span class='ocrx_word' id='word_1_63' title='bbox 752 1037 941 1107; x_wconf 78' lang='grc' dir='ltr'>ἐτέρου</span> <span class='ocrx_word' id='word_1_64' title='bbox 972 1037 1072 1107; x_wconf 87' lang='grc' dir='ltr'><strong>τὴν</strong></span> <span class='ocrx_word' id='word_1_65' title='bbox 1107 1039 1382 1109; x_wconf 82' lang='grc' dir='ltr'>ἡμετέραν</span> <span class='ocrx_word' id='word_1_66' title='bbox 1425 1039 1699 1109; x_wconf 78' lang='grc' dir='ltr'>σωτηρίαν</span> <span class='ocrx_word' id='word_1_67' title='bbox 1748 1040 1893 1092; x_wconf 79' lang='grc' dir='ltr'>οἰκο-</span> 
     </span>
    </p>
   </div>
   <div class='ocr_carea' id='block_1_11' title="bbox 304 1127 1890 1200">
    <p class='ocr_par' dir='ltr' id='par_1_11' title="bbox 304 1127 1890 1200">
     <span class='ocr_line' id='line_1_11' title="bbox 304 1127 1890 1200; baseline 0.003 -22"><span class='ocrx_word' id='word_1_68' title='bbox 304 1127 576 1196; x_wconf 83' lang='grc' dir='ltr'>νομοῦντά</span> <span class='ocrx_word' id='word_1_69' title='bbox 634 1145 808 1195; x_wconf 75' lang='grc' dir='ltr'>φατες</span> <span class='ocrx_word' id='word_1_70' title='bbox 869 1128 945 1192; x_wconf 85' lang='grc' dir='ltr'><strong>ῶς</strong></span> <span class='ocrx_word' id='word_1_71' title='bbox 995 1128 1130 1198; x_wconf 80' lang='grc' dir='ltr'>μηδὲ</span> <span class='ocrx_word' id='word_1_72' title='bbox 1203 1128 1489 1200; x_wconf 86' lang='grc' dir='ltr'>ἀληθεύειν</span> <span class='ocrx_word' id='word_1_73' title='bbox 1533 1130 1720 1183; x_wconf 82' lang='grc' dir='ltr'>λοιπὸν</span> <span class='ocrx_word' id='word_1_74' title='bbox 1768 1130 1890 1183; x_wconf 78' lang='grc' dir='ltr'>καθ’</span> 
     </span>
    </p>
   </div>
   <div class='ocr_carea' id='block_1_12' title="bbox 301 1218 1893 1288">
    <p class='ocr_par' dir='ltr' id='par_1_12' title="bbox 301 1218 1893 1288">
     <span class='ocr_line' id='line_1_12' title="bbox 301 1218 1893 1288; baseline 0.003 -19"><span class='ocrx_word' id='word_1_75' title='bbox 301 1218 447 1285; x_wconf 74' lang='grc' dir='ltr'>ὑμᾶς</span> <span class='ocrx_word' id='word_1_76' title='bbox 470 1218 551 1282; x_wconf 86' lang='grc' dir='ltr'><strong>τὸ,</strong></span> <span class='ocrx_word' id='word_1_77' title='bbox 587 1219 661 1270; x_wconf 85' lang='grc' dir='ltr'><strong>Οὐ</strong></span> <span class='ocrx_word' id='word_1_78' title='bbox 702 1218 940 1288; x_wconf 80' lang='grc' dir='ltr'>πρέσϐυς</span> <span class='ocrx_word' id='word_1_79' title='bbox 982 1219 1089 1271; x_wconf 82' lang='grc' dir='ltr'>οὐδ’</span> <span class='ocrx_word' id='word_1_80' title='bbox 1110 1219 1363 1288; x_wconf 80' lang='grc' dir='ltr'>ἄγγελος,</span> <span class='ocrx_word' id='word_1_81' title='bbox 1394 1219 1509 1272; x_wconf 86' lang='grc' dir='ltr'>ἀλλ’</span> <span class='ocrx_word' id='word_1_82' title='bbox 1538 1218 1698 1282; x_wconf 72' lang='grc' dir='ltr'>αὐτὸς</span> <span class='ocrx_word' id='word_1_83' title='bbox 1721 1222 1749 1273; x_wconf 97' lang='lat'><strong>6</strong></span> <span class='ocrx_word' id='word_1_84' title='bbox 1780 1219 1893 1273; x_wconf 85' lang='grc' dir='ltr'><strong>Κύ-</strong></span> 
     </span>
    </p>
   </div>
   <div class='ocr_carea' id='block_1_13' title="bbox 304 1304 1892 1382">
    <p class='ocr_par' dir='ltr' id='par_1_13' title="bbox 304 1304 1892 1382">
     <span class='ocr_line' id='line_1_13' title="bbox 304 1304 1892 1382; baseline 0.001 -21"><span class='ocrx_word' id='word_1_85' title='bbox 304 1326 439 1379; x_wconf 89' lang='grc' dir='ltr'>ριως</span> <span class='ocrx_word' id='word_1_86' title='bbox 497 1304 701 1362; x_wconf 73' lang='grc' dir='ltr'>ἔσωσεν</span> <span class='ocrx_word' id='word_1_87' title='bbox 748 1312 916 1381; x_wconf 79' lang='grc' dir='ltr'>ἡμᾶς,</span> <span class='ocrx_word' id='word_1_88' title='bbox 948 1312 1041 1365; x_wconf 88' lang='grc' dir='ltr'><strong>τὸν</strong></span> <span class='ocrx_word' id='word_1_89' title='bbox 1088 1312 1146 1365; x_wconf 83' lang='grc' dir='ltr'>δὲ</span> <span class='ocrx_word' id='word_1_90' title='bbox 1200 1312 1389 1381; x_wconf 74' lang='grc' dir='ltr'>ἕτερον</span> <span class='ocrx_word' id='word_1_91' title='bbox 1433 1312 1567 1377; x_wconf 80' lang='grc' dir='ltr'>υἱὸν,</span> <span class='ocrx_word' id='word_1_92' title='bbox 1604 1311 1892 1382; x_wconf 87' lang='grc' dir='ltr'>ἄνθρωπον</span> 
     </span>
    </p>
   </div>
   <div class='ocr_carea' id='block_1_14' title="bbox 301 1400 1891 1474">
    <p class='ocr_par' dir='ltr' id='par_1_14' title="bbox 301 1400 1891 1474">
     <span class='ocr_line' id='line_1_14' title="bbox 301 1400 1891 1474; baseline 0.002 -22"><span class='ocrx_word' id='word_1_93' title='bbox 301 1400 483 1469; x_wconf 74' lang='grc' dir='ltr'>ψιλὸν,</span> <span class='ocrx_word' id='word_1_94' title='bbox 530 1402 649 1455; x_wconf 89' lang='grc' dir='ltr'>κατ’</span> <span class='ocrx_word' id='word_1_95' title='bbox 684 1402 840 1455; x_wconf 75' lang='grc' dir='ltr'>οὐδὲν</span> <span class='ocrx_word' id='word_1_96' title='bbox 884 1403 1004 1473; x_wconf 90' lang='grc' dir='ltr'><strong>Θεῷ</strong></span> <span class='ocrx_word' id='word_1_97' title='bbox 1048 1405 1412 1457; x_wconf 83' lang='grc' dir='ltr'>κοινωνοῦντα</span> <span class='ocrx_word' id='word_1_98' title='bbox 1441 1404 1474 1474; x_wconf 82' lang='grc' dir='ltr'>ἢ</span> <span class='ocrx_word' id='word_1_99' title='bbox 1500 1404 1800 1474; x_wconf 77' lang='grc' dir='ltr'>ἡνωμένον,</span> <span class='ocrx_word' id='word_1_100' title='bbox 1828 1405 1891 1455; x_wconf 84' lang='grc' dir='ltr'><strong>οὐ</strong></span> 
     </span>
    </p>
   </div>
   <div class='ocr_carea' id='block_1_15' title="bbox 306 1492 1895 1566">
    <p class='ocr_par' dir='ltr' id='par_1_15' title="bbox 306 1492 1895 1566">
     <span class='ocr_line' id='line_1_15' title="bbox 306 1492 1895 1566; baseline 0.011 -22"><span class='ocrx_word' id='word_1_101' title='bbox 306 1492 488 1562; x_wconf 88' lang='grc' dir='ltr'>φύσει,</span> <span class='ocrx_word' id='word_1_102' title='bbox 525 1495 622 1565; x_wconf 81' lang='grc' dir='ltr'><strong>οὐχ</strong></span> <span class='ocrx_word' id='word_1_103' title='bbox 648 1495 950 1549; x_wconf 76' lang='grc' dir='ltr'>ὑποστάσει</span> <span class='ocrx_word' id='word_1_104' title='bbox 972 1495 1224 1561; x_wconf 76' lang='grc' dir='ltr'>δοξάζετε</span> <span class='ocrx_word' id='word_1_105' title='bbox 1252 1513 1269 1563; x_wconf 86' lang='grc'>;</span> <span class='ocrx_word' id='word_1_106' title='bbox 1300 1498 1348 1549; x_wconf 83' lang='grc' dir='ltr'><strong>εί</strong></span> <span class='ocrx_word' id='word_1_107' title='bbox 1385 1495 1480 1566; x_wconf 78' lang='grc' dir='ltr'><strong>μὴ,</strong></span> <span class='ocrx_word' id='word_1_108' title='bbox 1510 1496 1585 1559; x_wconf 83' lang='grc' dir='ltr'><strong>ὥς</strong></span> <span class='ocrx_word' id='word_1_109' title='bbox 1614 1512 1772 1565; x_wconf 59' lang='grc' dir='ltr'>φατε,</span> <span class='ocrx_word' id='word_1_110' title='bbox 1798 1495 1895 1565; x_wconf 75' lang='grc' dir='ltr'><strong>μά-</strong></span> 
     </span>
    </p>
   </div>
   <div class='ocr_carea' id='block_1_16' title="bbox 304 1584 1892 1659">
    <p class='ocr_par' dir='ltr' id='par_1_16' title="bbox 304 1584 1892 1659">
     <span class='ocr_line' id='line_1_16' title="bbox 304 1584 1892 1659; baseline 0.003 -23"><span class='ocrx_word' id='word_1_111' title='bbox 304 1603 379 1655; x_wconf 85' lang='grc' dir='ltr'>νῳ</span> <span class='ocrx_word' id='word_1_112' title='bbox 418 1584 496 1655; x_wconf 79' lang='grc' dir='ltr'>τῷ</span> <span class='ocrx_word' id='word_1_113' title='bbox 520 1587 741 1656; x_wconf 81' lang='grc' dir='ltr'>ὀνόματι</span> <span class='ocrx_word' id='word_1_114' title='bbox 777 1588 918 1641; x_wconf 80' lang='grc' dir='ltr'>κατὰ</span> <span class='ocrx_word' id='word_1_115' title='bbox 962 1590 1055 1641; x_wconf 83' lang='grc' dir='ltr'>τὸν</span> <span class='ocrx_word' id='word_1_116' title='bbox 1102 1588 1211 1641; x_wconf 85' lang='grc' dir='ltr'><strong>τῶν</strong></span> <span class='ocrx_word' id='word_1_117' title='bbox 1252 1587 1559 1659; x_wconf 78' lang='grc' dir='ltr'>ὁμωνύμων</span> <span class='ocrx_word' id='word_1_118' title='bbox 1585 1588 1765 1655; x_wconf 81' lang='grc' dir='ltr'>λόγον’</span> <span class='ocrx_word' id='word_1_119' title='bbox 1807 1587 1892 1657; x_wconf 76' lang='grc' dir='ltr'><strong>ἐφ’</strong></span> 
     </span>
    </p>
   </div>
   <div class='ocr_carea' id='block_1_17' title="bbox 302 1669 1895 1751">
    <p class='ocr_par' dir='ltr' id='par_1_17' title="bbox 302 1669 1895 1751">
     <span class='ocr_line' id='line_1_17' title="bbox 302 1669 1895 1751; baseline 0.003 -22"><span class='ocrx_word' id='word_1_120' title='bbox 302 1669 379 1729; x_wconf 84' lang='grc' dir='ltr'><strong>ῶν</strong></span> <span class='ocrx_word' id='word_1_121' title='bbox 408 1678 471 1731; x_wconf 84' lang='grc' dir='ltr'><strong>τὸ</strong></span> <span class='ocrx_word' id='word_1_122' title='bbox 504 1679 602 1748; x_wconf 84' lang='grc' dir='ltr'>μὲν</span> <span class='ocrx_word' id='word_1_123' title='bbox 645 1680 817 1749; x_wconf 77' lang='grc' dir='ltr'>ὄνομα</span> <span class='ocrx_word' id='word_1_124' title='bbox 870 1680 1072 1746; x_wconf 80' lang='grc' dir='ltr'>κοινὸν,</span> <span class='ocrx_word' id='word_1_125' title='bbox 1102 1682 1130 1733; x_wconf 89' lang='lat'><strong>6</strong></span> <span class='ocrx_word' id='word_1_126' title='bbox 1161 1680 1217 1733; x_wconf 77' lang='grc' dir='ltr'>δὲ</span> <span class='ocrx_word' id='word_1_127' title='bbox 1261 1681 1403 1735; x_wconf 86' lang='grc' dir='ltr'><strong>κατά</strong></span> <span class='ocrx_word' id='word_1_128' title='bbox 1448 1679 1686 1751; x_wconf 79' lang='grc' dir='ltr'>τοῦνομα</span> <span class='ocrx_word' id='word_1_129' title='bbox 1736 1680 1895 1749; x_wconf 82' lang='grc' dir='ltr'>λόγος</span> 
     </span>
    </p>
   </div>
   <div class='ocr_carea' id='block_1_18' title="bbox 303 1758 1896 1843">
    <p class='ocr_par' dir='ltr' id='par_1_18' title="bbox 303 1758 1896 1843">
     <span class='ocr_line' id='line_1_18' title="bbox 303 1758 1896 1843; baseline 0.003 -23"><span class='ocrx_word' id='word_1_130' title='bbox 303 1770 406 1839; x_wconf 83' lang='grc' dir='ltr'>τῆς</span> <span class='ocrx_word' id='word_1_131' title='bbox 443 1770 653 1835; x_wconf 78' lang='grc' dir='ltr'>οὐσίας,</span> <span class='ocrx_word' id='word_1_132' title='bbox 706 1771 893 1841; x_wconf 72' lang='grc' dir='ltr'>ἕτερός</span> <span class='ocrx_word' id='word_1_133' title='bbox 924 1774 1073 1825; x_wconf 75' lang='grc' dir='ltr'>ἐστιν</span> <span class='ocrx_word' id='word_1_134' title='bbox 1124 1758 1234 1825; x_wconf 82' lang='grc' dir='ltr'>ἀεί’</span> <span class='ocrx_word' id='word_1_135' title='bbox 1283 1766 1394 1825; x_wconf 78' lang='grc' dir='ltr'>οἷον</span> <span class='ocrx_word' id='word_1_136' title='bbox 1423 1772 1451 1824; x_wconf 83' lang='grc' dir='ltr'><strong>ὃ</strong></span> <span class='ocrx_word' id='word_1_137' title='bbox 1478 1788 1538 1824; x_wconf 89' lang='grc' dir='ltr'><strong>τε</strong></span> <span class='ocrx_word' id='word_1_138' title='bbox 1580 1772 1638 1825; x_wconf 81' lang='grc' dir='ltr'>ὲν</span> <span class='ocrx_word' id='word_1_139' title='bbox 1665 1771 1896 1843; x_wconf 77' lang='grc' dir='ltr'><strong>ἀληθείᾳ</strong></span> 
     </span>
    </p>
   </div>
   <div class='ocr_carea' id='block_1_19' title="bbox 304 1861 1893 1935">
    <p class='ocr_par' dir='ltr' id='par_1_19' title="bbox 304 1861 1893 1935">
     <span class='ocr_line' id='line_1_19' title="bbox 304 1861 1893 1935; baseline 0.002 -22"><span class='ocrx_word' id='word_1_140' title='bbox 304 1861 610 1931; x_wconf 78' lang='grc' dir='ltr'>ἄνθρωπος,</span> <span class='ocrx_word' id='word_1_141' title='bbox 643 1865 736 1916; x_wconf 72' lang='grc' dir='ltr'><strong>καὶ</strong></span> <span class='ocrx_word' id='word_1_142' title='bbox 767 1866 795 1917; x_wconf 92' lang='lat'><strong>6</strong></span> <span class='ocrx_word' id='word_1_143' title='bbox 820 1864 877 1917; x_wconf 82' lang='grc' dir='ltr'>ὲν</span> <span class='ocrx_word' id='word_1_144' title='bbox 905 1866 1094 1935; x_wconf 80' lang='grc' dir='ltr'>Γραφῇ</span> <span class='ocrx_word' id='word_1_145' title='bbox 1117 1865 1284 1933; x_wconf 77' lang='grc' dir='ltr'>ἄμφω</span> <span class='ocrx_word' id='word_1_146' title='bbox 1298 1862 1590 1933; x_wconf 85' lang='grc' dir='ltr'>λεγόμενος</span> <span class='ocrx_word' id='word_1_147' title='bbox 1622 1864 1893 1926; x_wconf 80' lang='grc' dir='ltr'>ὡσαύτως</span> 
     </span>
    </p>
   </div>
   <div class='ocr_carea' id='block_1_20' title="bbox 1992 667 3574 738">
    <p class='ocr_par' dir='ltr' id='par_1_20' title="bbox 1992 667 3574 738">
     <span class='ocr_line' id='line_1_20' title="bbox 1992 667 3574 738; baseline -0.004 -10"><span class='ocrx_word' id='word_1_148' title='bbox 1992 688 2147 737; x_wconf 86' lang='lat' dir='ltr'><strong>sona,</strong></span> <span class='ocrx_word' id='word_1_149' title='bbox 2176 670 2273 727; x_wconf 89' lang='lat' dir='ltr'><strong>sed</strong></span> <span class='ocrx_word' id='word_1_150' title='bbox 2313 670 2382 727; x_wconf 92' lang='lat' dir='ltr'><strong>de</strong></span> <span class='ocrx_word' id='word_1_151' title='bbox 2418 684 2531 725; x_wconf 92' lang='lat' dir='ltr'><strong>uno</strong></span> <span class='ocrx_word' id='word_1_152' title='bbox 2555 680 2611 725; x_wconf 88' lang='lat' dir='ltr'><strong>et</strong></span> <span class='ocrx_word' id='word_1_153' title='bbox 2644 669 2822 724; x_wconf 90' lang='lat' dir='ltr'><strong>altero</strong></span> <span class='ocrx_word' id='word_1_154' title='bbox 2848 667 2961 722; x_wconf 87' lang='lat' dir='ltr'><strong>ﬁlio</strong></span> <span class='ocrx_word' id='word_1_155' title='bbox 2986 667 3209 722; x_wconf 86' lang='lat' dir='ltr'><strong>diversa</strong></span> <span class='ocrx_word' id='word_1_156' title='bbox 3255 667 3574 738; x_wconf 91' lang='lat' dir='ltr'><strong>concipitis,</strong></span> 
     </span>
    </p>
   </div>
   <div class='ocr_carea' id='block_1_21' title="bbox 1991 759 3577 833">
    <p class='ocr_par' dir='ltr' id='par_1_21' title="bbox 1991 759 3577 833">
     <span class='ocr_line' id='line_1_21' title="bbox 1991 759 3577 833; baseline -0.003 -16"><span class='ocrx_word' id='word_1_157' title='bbox 1991 764 2271 833; x_wconf 90' lang='lat' dir='ltr'><strong>quomodo</strong></span> <span class='ocrx_word' id='word_1_158' title='bbox 2299 761 2574 826; x_wconf 79' lang='lat' dir='ltr'><strong>nonjduos</strong></span> <span class='ocrx_word' id='word_1_159' title='bbox 2588 775 2710 815; x_wconf 90' lang='lat' dir='ltr'><strong>esse</strong></span> <span class='ocrx_word' id='word_1_160' title='bbox 2743 759 2887 814; x_wconf 87' lang='lat' dir='ltr'><strong>ﬁlios</strong></span> <span class='ocrx_word' id='word_1_161' title='bbox 2914 759 3203 815; x_wconf 79' lang='lat' dir='ltr'><strong>manifeste</strong></span> <span class='ocrx_word' id='word_1_162' title='bbox 3227 760 3577 830; x_wconf 81' lang='lat' dir='ltr'><strong>opinamini?</strong></span> 
     </span>
    </p>
   </div>
   <div class='ocr_carea' id='block_1_22' title="bbox 1992 849 3579 923">
    <p class='ocr_par' dir='ltr' id='par_1_22' title="bbox 1992 849 3579 923">
     <span class='ocr_line' id='line_1_22' title="bbox 1992 849 3579 923; baseline -0.002 -17"><span class='ocrx_word' id='word_1_163' title='bbox 1992 852 2273 923; x_wconf 89' lang='lat' dir='ltr'><strong>quomodo</strong></span> <span class='ocrx_word' id='word_1_164' title='bbox 2302 866 2436 906; x_wconf 85' lang='lat' dir='ltr'><strong>vero</strong></span> <span class='ocrx_word' id='word_1_165' title='bbox 2468 851 2704 905; x_wconf 91' lang='lat' dir='ltr'><strong>alterum</strong></span> <span class='ocrx_word' id='word_1_166' title='bbox 2726 849 2952 919; x_wconf 86' lang='lat' dir='ltr'><strong>quidem</strong></span> <span class='ocrx_word' id='word_1_167' title='bbox 2976 850 3147 903; x_wconf 91' lang='lat' dir='ltr'><strong>Deum</strong></span> <span class='ocrx_word' id='word_1_168' title='bbox 3173 849 3403 904; x_wconf 89' lang='lat' dir='ltr'><strong>minime</strong></span> <span class='ocrx_word' id='word_1_169' title='bbox 3430 850 3579 903; x_wconf 86' lang='lat' dir='ltr'><strong>inter</strong></span> 
     </span>
    </p>
   </div>
   <div class='ocr_carea' id='block_1_23' title="bbox 1994 926 3578 1004">
    <p class='ocr_par' dir='ltr' id='par_1_23' title="bbox 1994 926 3578 1004">
     <span class='ocr_line' id='line_1_23' title="bbox 1994 926 3578 1004; baseline -0.003 -5"><span class='ocrx_word' id='word_1_170' title='bbox 1994 945 2250 1000; x_wconf 86' lang='lat' dir='ltr'><strong>homines</strong></span> <span class='ocrx_word' id='word_1_171' title='bbox 2285 942 2591 998; x_wconf 91' lang='lat' dir='ltr'><strong>secundum</strong></span> <span class='ocrx_word' id='word_1_172' title='bbox 2643 942 3013 997; x_wconf 74' lang='lat' dir='ltr'><strong>substantiam</strong></span> <span class='ocrx_word' id='word_1_173' title='bbox 3068 926 3422 1004; x_wconf 78' lang='lat' dir='ltr'><strong>evacuatum,</strong></span> <span class='ocrx_word' id='word_1_174' title='bbox 3480 940 3578 995; x_wconf 80' lang='lat' dir='ltr'><strong>sed</strong></span> 
     </span>
    </p>
   </div>
   <div class='ocr_carea' id='block_1_24' title="bbox 1993 1029 3582 1105">
    <p class='ocr_par' dir='ltr' id='par_1_24' title="bbox 1993 1029 3582 1105">
     <span class='ocr_line' id='line_1_24' title="bbox 1993 1029 3582 1105; baseline -0.003 -16"><span class='ocrx_word' id='word_1_175' title='bbox 1993 1036 2173 1090; x_wconf 91' lang='lat' dir='ltr'><strong>solum</strong></span> <span class='ocrx_word' id='word_1_176' title='bbox 2195 1036 2350 1105; x_wconf 82' lang='lat' dir='ltr'><strong>juxta</strong></span> <span class='ocrx_word' id='word_1_177' title='bbox 2402 1032 2783 1102; x_wconf 77' lang='lat' dir='ltr'><strong>operationem</strong></span> <span class='ocrx_word' id='word_1_178' title='bbox 2827 1030 3001 1098; x_wconf 89' lang='lat' dir='ltr'><strong>ipsius</strong></span> <span class='ocrx_word' id='word_1_179' title='bbox 3036 1045 3105 1084; x_wconf 79' lang='lat' dir='ltr'><strong>ex</strong></span> <span class='ocrx_word' id='word_1_180' title='bbox 3146 1030 3365 1084; x_wconf 63' lang='lat' dir='ltr'><strong>saeculis</strong></span> <span class='ocrx_word' id='word_1_181' title='bbox 3395 1029 3582 1099; x_wconf 85' lang='lat' dir='ltr'><strong>provi-</strong></span> 
     </span>
    </p>
   </div>
   <div class='ocr_carea' id='block_1_25' title="bbox 1994 1121 3582 1196">
    <p class='ocr_par' dir='ltr' id='par_1_25' title="bbox 1994 1121 3582 1196">
     <span class='ocr_line' id='line_1_25' title="bbox 1994 1121 3582 1196; baseline -0.004 -13"><span class='ocrx_word' id='word_1_182' title='bbox 1994 1129 2244 1191; x_wconf 87' lang='lat' dir='ltr'><strong>dentem,</strong></span> <span class='ocrx_word' id='word_1_183' title='bbox 2277 1140 2382 1196; x_wconf 90' lang='lat' dir='ltr'><strong>ope</strong></span> <span class='ocrx_word' id='word_1_184' title='bbox 2434 1123 2671 1179; x_wconf 88' lang='lat' dir='ltr'><strong>alterius</strong></span> <span class='ocrx_word' id='word_1_185' title='bbox 2717 1122 2785 1177; x_wconf 84' lang='lat' dir='ltr'><strong>de</strong></span> <span class='ocrx_word' id='word_1_186' title='bbox 2827 1131 3017 1177; x_wconf 87' lang='lat' dir='ltr'><strong>nostra</strong></span> <span class='ocrx_word' id='word_1_187' title='bbox 3052 1122 3230 1177; x_wconf 90' lang='lat' dir='ltr'><strong>salute</strong></span> <span class='ocrx_word' id='word_1_188' title='bbox 3278 1121 3582 1191; x_wconf 84' lang='lat' dir='ltr'><strong>disponen-</strong></span> 
     </span>
    </p>
   </div>
   <div class='ocr_carea' id='block_1_26' title="bbox 1994 1211 3575 1281">
    <p class='ocr_par' dir='ltr' id='par_1_26' title="bbox 1994 1211 3575 1281">
     <span class='ocr_line' id='line_1_26' title="bbox 1994 1211 3575 1281; baseline -0.004 -9"><span class='ocrx_word' id='word_1_189' title='bbox 1994 1227 2107 1272; x_wconf 86' lang='lat' dir='ltr'><strong>tem</strong></span> <span class='ocrx_word' id='word_1_190' title='bbox 2176 1232 2289 1269; x_wconf 90' lang='lat' dir='ltr'><strong>non</strong></span> <span class='ocrx_word' id='word_1_191' title='bbox 2325 1213 2551 1269; x_wconf 86' lang='lat' dir='ltr'><strong>dicitis?</strong></span> <span class='ocrx_word' id='word_1_192' title='bbox 2584 1212 2669 1267; x_wconf 91' lang='lat' dir='ltr'><strong>sic</strong></span> <span class='ocrx_word' id='word_1_193' title='bbox 2708 1211 2857 1281; x_wconf 89' lang='lat' dir='ltr'><strong>apud</strong></span> <span class='ocrx_word' id='word_1_194' title='bbox 2885 1225 2986 1265; x_wconf 88' lang='lat' dir='ltr'><strong>vos</strong></span> <span class='ocrx_word' id='word_1_195' title='bbox 3045 1228 3159 1264; x_wconf 92' lang='lat' dir='ltr'><strong>non</strong></span> <span class='ocrx_word' id='word_1_196' title='bbox 3218 1226 3345 1266; x_wconf 90' lang='lat' dir='ltr'><strong>esse</strong></span> <span class='ocrx_word' id='word_1_197' title='bbox 3378 1225 3575 1265; x_wconf 86' lang='lat' dir='ltr'><strong>verum</strong></span> 
     </span>
    </p>
   </div>
   <div class='ocr_carea' id='block_1_27' title="bbox 1995 1302 3580 1374">
    <p class='ocr_par' dir='ltr' id='par_1_27' title="bbox 1995 1302 3580 1374">
     <span class='ocr_line' id='line_1_27' title="bbox 1995 1302 3580 1374; baseline -0.007 -9"><span class='ocrx_word' id='word_1_198' title='bbox 1995 1310 2169 1374; x_wconf 85' lang='lat' dir='ltr'><strong>istud,</strong></span> <span class='ocrx_word' id='word_1_199' title='bbox 2202 1324 2307 1363; x_wconf 90' lang='lat' dir='ltr'><strong>nec</strong></span> <span class='ocrx_word' id='word_1_200' title='bbox 2334 1306 2603 1371; x_wconf 89' lang='lat' dir='ltr'><strong>nuntius,</strong></span> <span class='ocrx_word' id='word_1_201' title='bbox 2650 1319 2834 1373; x_wconf 86' lang='lat' dir='ltr'><strong>neque</strong></span> <span class='ocrx_word' id='word_1_202' title='bbox 2880 1304 3135 1374; x_wconf 87' lang='lat' dir='ltr'><strong>angelus,</strong></span> <span class='ocrx_word' id='word_1_203' title='bbox 3174 1302 3269 1357; x_wconf 88' lang='lat' dir='ltr'><strong>sed</strong></span> <span class='ocrx_word' id='word_1_204' title='bbox 3294 1303 3417 1373; x_wconf 86' lang='lat' dir='ltr'><strong>ipse</strong></span> <span class='ocrx_word' id='word_1_205' title='bbox 3470 1302 3580 1356; x_wconf 86' lang='lat' dir='ltr'><strong>Do-</strong></span> 
     </span>
    </p>
   </div>
   <div class='ocr_carea' id='block_1_28' title="bbox 1995 1394 3579 1461">
    <p class='ocr_par' dir='ltr' id='par_1_28' title="bbox 1995 1394 3579 1461">
     <span class='ocr_line' id='line_1_28' title="bbox 1995 1394 3579 1461; baseline -0.007 -3"><span class='ocrx_word' id='word_1_206' title='bbox 1995 1403 2185 1458; x_wconf 87' lang='lat' dir='ltr'><strong>minus</strong></span> <span class='ocrx_word' id='word_1_207' title='bbox 2232 1400 2468 1457; x_wconf 82' lang='lat' dir='ltr'><strong>salvavit</strong></span> <span class='ocrx_word' id='word_1_208' title='bbox 2509 1414 2635 1461; x_wconf 91' lang='lat' dir='ltr'><strong>nos,</strong></span> <span class='ocrx_word' id='word_1_209' title='bbox 2691 1398 2933 1451; x_wconf 90' lang='lat' dir='ltr'><strong>alterum</strong></span> <span class='ocrx_word' id='word_1_210' title='bbox 2968 1411 3104 1450; x_wconf 88' lang='lat' dir='ltr'><strong>vero</strong></span> <span class='ocrx_word' id='word_1_211' title='bbox 3136 1395 3335 1459; x_wconf 86' lang='lat' dir='ltr'><strong>ﬁlium,</strong></span> <span class='ocrx_word' id='word_1_212' title='bbox 3393 1394 3579 1449; x_wconf 87' lang='lat' dir='ltr'><strong>homi-</strong></span> 
     </span>
    </p>
   </div>
   <div class='ocr_carea' id='block_1_29' title="bbox 1995 1489 3582 1561">
    <p class='ocr_par' dir='ltr' id='par_1_29' title="bbox 1995 1489 3582 1561">
     <span class='ocr_line' id='line_1_29' title="bbox 1995 1489 3582 1561; baseline -0.005 -10"><span class='ocrx_word' id='word_1_213' title='bbox 1995 1496 2125 1551; x_wconf 84' lang='lat' dir='ltr'><strong>nem</strong></span> <span class='ocrx_word' id='word_1_214' title='bbox 2161 1494 2399 1560; x_wconf 84' lang='lat' dir='ltr'><strong>nudum,</strong></span> <span class='ocrx_word' id='word_1_215' title='bbox 2454 1493 2685 1547; x_wconf 87' lang='lat' dir='ltr'><strong>minime</strong></span> <span class='ocrx_word' id='word_1_216' title='bbox 2713 1491 2827 1546; x_wconf 93' lang='lat' dir='ltr'><strong>Dco</strong></span> <span class='ocrx_word' id='word_1_217' title='bbox 2860 1490 3297 1561; x_wconf 84' lang='lat' dir='ltr'><strong>participantem</strong></span> <span class='ocrx_word' id='word_1_218' title='bbox 3323 1498 3419 1544; x_wconf 88' lang='lat' dir='ltr'><strong>aut</strong></span> <span class='ocrx_word' id='word_1_219' title='bbox 3451 1489 3582 1543; x_wconf 89' lang='lat' dir='ltr'><strong>uni-</strong></span> 
     </span>
    </p>
   </div>
   <div class='ocr_carea' id='block_1_30' title="bbox 1998 1583 3580 1657">
    <p class='ocr_par' dir='ltr' id='par_1_30' title="bbox 1998 1583 3580 1657">
     <span class='ocr_line' id='line_1_30' title="bbox 1998 1583 3580 1657; baseline -0.004 -14"><span class='ocrx_word' id='word_1_220' title='bbox 1998 1599 2138 1652; x_wconf 92' lang='lat' dir='ltr'><strong>tum,</strong></span> <span class='ocrx_word' id='word_1_221' title='bbox 2183 1604 2289 1643; x_wconf 91' lang='lat' dir='ltr'><strong>nec</strong></span> <span class='ocrx_word' id='word_1_222' title='bbox 2326 1596 2526 1641; x_wconf 90' lang='lat' dir='ltr'><strong>natura</strong></span> <span class='ocrx_word' id='word_1_223' title='bbox 2574 1602 2678 1641; x_wconf 91' lang='lat' dir='ltr'><strong>nec</strong></span> <span class='ocrx_word' id='word_1_224' title='bbox 2729 1586 3016 1657; x_wconf 78' lang='lat' dir='ltr'><strong>hypostasi</strong></span> <span class='ocrx_word' id='word_1_225' title='bbox 3071 1583 3427 1655; x_wconf 83' lang='lat' dir='ltr'><strong>epinamini?</strong></span> <span class='ocrx_word' id='word_1_226' title='bbox 3462 1583 3580 1638; x_wconf 84' lang='lat' dir='ltr'><strong>Nisi</strong></span> 
     </span>
    </p>
   </div>
   <div class='ocr_carea' id='block_1_31' title="bbox 1996 1675 3582 1747">
    <p class='ocr_par' dir='ltr' id='par_1_31' title="bbox 1996 1675 3582 1747">
     <span class='ocr_line' id='line_1_31' title="bbox 1996 1675 3582 1747; baseline -0.004 -11"><span class='ocrx_word' id='word_1_227' title='bbox 1996 1682 2197 1737; x_wconf 87' lang='lat' dir='ltr'><strong>dicatis</strong></span> <span class='ocrx_word' id='word_1_228' title='bbox 2228 1682 2304 1736; x_wconf 89' lang='lat' dir='ltr'><strong>ita</strong></span> <span class='ocrx_word' id='word_1_229' title='bbox 2336 1696 2461 1736; x_wconf 89' lang='lat' dir='ltr'><strong>esse</strong></span> <span class='ocrx_word' id='word_1_230' title='bbox 2489 1680 2608 1733; x_wconf 93' lang='lat' dir='ltr'><strong>solo</strong></span> <span class='ocrx_word' id='word_1_231' title='bbox 2638 1680 2888 1745; x_wconf 87' lang='lat' dir='ltr'><strong>nomine,</strong></span> <span class='ocrx_word' id='word_1_232' title='bbox 2938 1678 3255 1735; x_wconf 89' lang='lat' dir='ltr'><strong>secundum</strong></span> <span class='ocrx_word' id='word_1_233' title='bbox 3301 1676 3451 1747; x_wconf 90' lang='lat' dir='ltr'><strong>quod</strong></span> <span class='ocrx_word' id='word_1_234' title='bbox 3480 1675 3582 1729; x_wconf 87' lang='lat' dir='ltr'><strong>ha-</strong></span> 
     </span>
    </p>
   </div>
   <div class='ocr_carea' id='block_1_32' title="bbox 1997 1770 3580 1845">
    <p class='ocr_par' dir='ltr' id='par_1_32' title="bbox 1997 1770 3580 1845">
     <span class='ocr_line' id='line_1_32' title="bbox 1997 1770 3580 1845; baseline -0.007 -16"><span class='ocrx_word' id='word_1_235' title='bbox 1997 1774 2163 1829; x_wconf 90' lang='lat' dir='ltr'><strong>betur</strong></span> <span class='ocrx_word' id='word_1_236' title='bbox 2203 1789 2305 1844; x_wconf 89' lang='lat' dir='ltr'><strong>pro</strong></span> <span class='ocrx_word' id='word_1_237' title='bbox 2333 1773 2521 1828; x_wconf 80' lang='lat' dir='ltr'><strong>verbis</strong></span> <span class='ocrx_word' id='word_1_238' title='bbox 2551 1774 2940 1845; x_wconf 80' lang='lat' dir='ltr'><strong>bomonymis:</strong></span> <span class='ocrx_word' id='word_1_239' title='bbox 2975 1770 3157 1842; x_wconf 87' lang='lat' dir='ltr'><strong>quoad</strong></span> <span class='ocrx_word' id='word_1_240' title='bbox 3211 1770 3313 1824; x_wconf 89' lang='lat' dir='ltr'><strong>ista</strong></span> <span class='ocrx_word' id='word_1_241' title='bbox 3340 1782 3580 1838; x_wconf 88' lang='lat' dir='ltr'><strong>quorum</strong></span> 
     </span>
    </p>
   </div>
   <div class='ocr_carea' id='block_1_33' title="bbox 1998 1862 3579 1931">
    <p class='ocr_par' dir='ltr' id='par_1_33' title="bbox 1998 1862 3579 1931">
     <span class='ocr_line' id='line_1_33' title="bbox 1998 1862 3579 1931; baseline -0.006 -10"><span class='ocrx_word' id='word_1_242' title='bbox 1998 1882 2201 1921; x_wconf 88' lang='lat' dir='ltr'><strong>nomen</strong></span> <span class='ocrx_word' id='word_1_243' title='bbox 2230 1882 2528 1921; x_wconf 86' lang='lat' dir='ltr'><strong>commune</strong></span> <span class='ocrx_word' id='word_1_244' title='bbox 2584 1876 2691 1931; x_wconf 91' lang='lat' dir='ltr'><strong>est,</strong></span> <span class='ocrx_word' id='word_1_245' title='bbox 2721 1866 2969 1920; x_wconf 85' lang='lat' dir='ltr'><strong>Verbum</strong></span> <span class='ocrx_word' id='word_1_246' title='bbox 3025 1862 3335 1918; x_wconf 89' lang='lat' dir='ltr'><strong>secundum</strong></span> <span class='ocrx_word' id='word_1_247' title='bbox 3372 1874 3579 1913; x_wconf 87' lang='lat' dir='ltr'><strong>nomen</strong></span> 
     </span>
    </p>
   </div>
   <div class='ocr_carea' id='block_1_34' title="bbox 302 1952 1895 2027">
    <p class='ocr_par' dir='ltr' id='par_1_34' title="bbox 302 1953 1895 2026">
     <span class='ocr_line' id='line_1_34' title="bbox 302 1953 1895 2026; baseline 0.003 -23"><span class='ocrx_word' id='word_1_248' title='bbox 302 1954 445 2004; x_wconf 79' lang='grc' dir='ltr'>τισὶν</span> <span class='ocrx_word' id='word_1_249' title='bbox 474 1954 934 2025; x_wconf 81' lang='grc' dir='ltr'>ἀπαρατηρήτως</span> <span class='ocrx_word' id='word_1_250' title='bbox 982 1955 1286 2026; x_wconf 86' lang='grc' dir='ltr'>ἄνθρωπος.</span> <span class='ocrx_word' id='word_1_251' title='bbox 1318 1954 1475 2009; x_wconf 72' lang='grc' dir='ltr'>Οὕτω</span> <span class='ocrx_word' id='word_1_252' title='bbox 1511 1956 1610 2026; x_wconf 84' lang='grc' dir='ltr'>μὲν</span> <span class='ocrx_word' id='word_1_253' title='bbox 1660 1953 1754 2008; x_wconf 81' lang='grc' dir='ltr'><strong>οῦν</strong></span> <span class='ocrx_word' id='word_1_254' title='bbox 1802 1954 1895 2008; x_wconf 76' lang='grc' dir='ltr'><strong>καὶ</strong></span> 
     </span>
    </p>
   </div>
   <div class='ocr_carea' id='block_1_35' title="bbox 2004 1952 3580 2027">
    <p class='ocr_par' dir='ltr' id='par_1_35' title="bbox 2004 1952 3580 2027">
     <span class='ocr_line' id='line_1_35' title="bbox 2004 1952 3580 2027; baseline -0.006 -12"><span class='ocrx_word' id='word_1_255' title='bbox 2004 1959 2349 2023; x_wconf 73' lang='lat' dir='ltr'><strong>substantiae,</strong></span> <span class='ocrx_word' id='word_1_256' title='bbox 2372 1958 2609 2012; x_wconf 82' lang='lat' dir='ltr'><strong>alterum</strong></span> <span class='ocrx_word' id='word_1_257' title='bbox 2640 1967 2725 2013; x_wconf 89' lang='lat' dir='ltr'><strong>est</strong></span> <span class='ocrx_word' id='word_1_258' title='bbox 2753 1972 2974 2027; x_wconf 88' lang='lat' dir='ltr'><strong>semper</strong></span> <span class='ocrx_word' id='word_1_259' title='bbox 2998 1974 3013 2023; x_wconf 91' lang='lat'><strong>;</strong></span> <span class='ocrx_word' id='word_1_260' title='bbox 3042 1964 3101 2009; x_wconf 94' lang='lat' dir='ltr'><strong>nt</strong></span> <span class='ocrx_word' id='word_1_261' title='bbox 3128 1954 3184 2009; x_wconf 91' lang='lat' dir='ltr'><strong>in</strong></span> <span class='ocrx_word' id='word_1_262' title='bbox 3210 1954 3451 2009; x_wconf 82' lang='lat' dir='ltr'><strong>veritate</strong></span> <span class='ocrx_word' id='word_1_263' title='bbox 3477 1952 3580 2005; x_wconf 83' lang='lat' dir='ltr'><strong>hc-</strong></span> 
     </span>
    </p>
   </div>
   <div class='ocr_carea' id='block_1_36' title="bbox 306 2045 1898 2118">
    <p class='ocr_par' dir='ltr' id='par_1_36' title="bbox 306 2045 1898 2118">
     <span class='ocr_line' id='line_1_36' title="bbox 306 2045 1898 2118; baseline 0.001 -21"><span class='ocrx_word' id='word_1_264' title='bbox 306 2045 437 2099; x_wconf 86' lang='grc' dir='ltr'>τάδε</span> <span class='ocrx_word' id='word_1_265' title='bbox 489 2048 621 2117; x_wconf 80' lang='grc' dir='ltr'>παρ’</span> <span class='ocrx_word' id='word_1_266' title='bbox 651 2048 809 2118; x_wconf 85' lang='grc' dir='ltr'>ήμῶν</span> <span class='ocrx_word' id='word_1_267' title='bbox 834 2047 1218 2102; x_wconf 84' lang='grc' dir='ltr'>’ἀποδέδεικται</span> <span class='ocrx_word' id='word_1_268' title='bbox 1240 2063 1254 2077; x_wconf 73' lang='grc' dir='ltr'>σ</span> <span class='ocrx_word' id='word_1_269' title='bbox 1289 2048 1375 2100; x_wconf 83' lang='grc' dir='ltr'><strong>ἵνα</strong></span> <span class='ocrx_word' id='word_1_270' title='bbox 1418 2048 1474 2101; x_wconf 82' lang='grc' dir='ltr'>δὲ</span> <span class='ocrx_word' id='word_1_271' title='bbox 1509 2048 1646 2118; x_wconf 78' lang='grc' dir='ltr'>πρὸς</span> <span class='ocrx_word' id='word_1_272' title='bbox 1676 2048 1898 2116; x_wconf 75' lang='grc' dir='ltr'>ἔλεγχον</span> 
     </span>
    </p>
   </div>
   <div class='ocr_carea' id='block_1_37' title="bbox 302 2136 1896 2210">
    <p class='ocr_par' dir='ltr' id='par_1_37' title="bbox 302 2136 1896 2210">
     <span class='ocr_line' id='line_1_37' title="bbox 302 2136 1896 2210; baseline 0.003 -23"><span class='ocrx_word' id='word_1_273' title='bbox 302 2138 401 2205; x_wconf 80' lang='grc' dir='ltr'><strong>τῆς</strong></span> <span class='ocrx_word' id='word_1_274' title='bbox 451 2136 645 2207; x_wconf 82' lang='grc' dir='ltr'>λοιπῆς</span> <span class='ocrx_word' id='word_1_275' title='bbox 688 2138 868 2192; x_wconf 82' lang='grc' dir='ltr'>αὐτῶν</span> <span class='ocrx_word' id='word_1_276' title='bbox 914 2139 1169 2203; x_wconf 75' lang='grc' dir='ltr'>ἀσεϐείας</span> <span class='ocrx_word' id='word_1_277' title='bbox 1225 2140 1424 2204; x_wconf 75' lang='grc' dir='ltr'>αὐτοὺς</span> <span class='ocrx_word' id='word_1_278' title='bbox 1472 2140 1896 2210; x_wconf 86' lang='grc' dir='ltr'>κατασύρωμεν,</span> 
     </span>
    </p>
   </div>
   <div class='ocr_carea' id='block_1_38' title="bbox 303 2227 1897 2302">
    <p class='ocr_par' dir='ltr' id='par_1_38' title="bbox 303 2227 1897 2302">
     <span class='ocr_line' id='line_1_38' title="bbox 303 2227 1897 2302; baseline 0.002 -22"><span class='ocrx_word' id='word_1_279' title='bbox 303 2227 461 2280; x_wconf 71' lang='grc' dir='ltr'>αὐτοὶ</span> <span class='ocrx_word' id='word_1_280' title='bbox 494 2228 803 2296; x_wconf 83' lang='grc' dir='ltr'>λεγέτωσαν</span> <span class='ocrx_word' id='word_1_281' title='bbox 838 2232 990 2301; x_wconf 81' lang='grc' dir='ltr'>ἡμῖν’</span> <span class='ocrx_word' id='word_1_282' title='bbox 1024 2231 1115 2284; x_wconf 84' lang='grc' dir='ltr'><strong>τὸν</strong></span> <span class='ocrx_word' id='word_1_283' title='bbox 1146 2231 1266 2285; x_wconf 82' lang='grc' dir='ltr'>κατ’</span> <span class='ocrx_word' id='word_1_284' title='bbox 1291 2233 1490 2294; x_wconf 77' lang='grc' dir='ltr'>αὐτοὺς</span> <span class='ocrx_word' id='word_1_285' title='bbox 1519 2231 1753 2302; x_wconf 84' lang='grc' dir='ltr'>θάτερον</span> <span class='ocrx_word' id='word_1_286' title='bbox 1788 2231 1897 2283; x_wconf 86' lang='grc' dir='ltr'><strong>τῶν</strong></span> 
     </span>
    </p>
   </div>
   <div class='ocr_carea' id='block_1_39' title="bbox 305 2320 1898 2395">
    <p class='ocr_par' dir='ltr' id='par_1_39' title="bbox 305 2320 1898 2395">
     <span class='ocr_line' id='line_1_39' title="bbox 305 2320 1898 2395; baseline 0.003 -24"><span class='ocrx_word' id='word_1_287' title='bbox 305 2321 439 2373; x_wconf 84' lang='grc' dir='ltr'>υἱῶν</span> <span class='ocrx_word' id='word_1_288' title='bbox 476 2320 733 2392; x_wconf 83' lang='grc' dir='ltr'>Χριστὸν,</span> <span class='ocrx_word' id='word_1_289' title='bbox 762 2322 851 2375; x_wconf 79' lang='grc' dir='ltr'><strong>τὸν</strong></span> <span class='ocrx_word' id='word_1_290' title='bbox 883 2322 1176 2377; x_wconf 76' lang='grc' dir='ltr'>ἀσύνθετον</span> <span class='ocrx_word' id='word_1_291' title='bbox 1225 2323 1304 2391; x_wconf 84' lang='grc' dir='ltr'>τῷ</span> <span class='ocrx_word' id='word_1_292' title='bbox 1363 2324 1546 2395; x_wconf 83' lang='grc' dir='ltr'>Λόγῳ,</span> <span class='ocrx_word' id='word_1_293' title='bbox 1604 2324 1710 2376; x_wconf 85' lang='grc' dir='ltr'>τίνι</span> <span class='ocrx_word' id='word_1_294' title='bbox 1732 2326 1898 2393; x_wconf 77' lang='grc' dir='ltr'>φασὶν</span> 
     </span>
    </p>
   </div>
   <div class='ocr_carea' id='block_1_40' title="bbox 302 2411 1899 2486">
    <p class='ocr_par' dir='ltr' id='par_1_40' title="bbox 302 2411 1899 2486">
     <span class='ocr_line' id='line_1_40' title="bbox 302 2411 1899 2486; baseline 0.003 -23"><span class='ocrx_word' id='word_1_295' title='bbox 302 2411 626 2481; x_wconf 84' lang='grc' dir='ltr'>ὁμοούσιον;</span> <span class='ocrx_word' id='word_1_296' title='bbox 658 2415 706 2466; x_wconf 89' lang='grc' dir='ltr'><strong>εί</strong></span> <span class='ocrx_word' id='word_1_297' title='bbox 732 2414 840 2485; x_wconf 84' lang='grc' dir='ltr'>γὰρ</span> <span class='ocrx_word' id='word_1_298' title='bbox 864 2415 1061 2480; x_wconf 84' lang='grc' dir='ltr'>ούδενὶ,</span> <span class='ocrx_word' id='word_1_299' title='bbox 1090 2416 1211 2469; x_wconf 72' lang='grc' dir='ltr'>οὐδὲ</span> <span class='ocrx_word' id='word_1_300' title='bbox 1251 2416 1383 2470; x_wconf 71' lang='grc' dir='ltr'>Υίδν</span> <span class='ocrx_word' id='word_1_301' title='bbox 1428 2416 1586 2480; x_wconf 83' lang='grc' dir='ltr'>ὅλως,</span> <span class='ocrx_word' id='word_1_302' title='bbox 1615 2416 1767 2479; x_wconf 76' lang='grc' dir='ltr'>τίνος·</span> <span class='ocrx_word' id='word_1_303' title='bbox 1792 2416 1899 2486; x_wconf 79' lang='grc' dir='ltr'><strong>ἀρα</strong></span> 
     </span>
    </p>
   </div>
   <div class='ocr_carea' id='block_1_41' title="bbox 309 2505 1899 2579">
    <p class='ocr_par' dir='ltr' id='par_1_41' title="bbox 309 2505 1899 2579">
     <span class='ocr_line' id='line_1_41' title="bbox 309 2505 1899 2579; baseline 0.003 -23"><span class='ocrx_word' id='word_1_304' title='bbox 309 2505 592 2571; x_wconf 79' lang='grc' dir='ltr'>είποισαν;</span> <span class='ocrx_word' id='word_1_305' title='bbox 637 2506 761 2559; x_wconf 77' lang='grc' dir='ltr'>ἐπεὶ</span> <span class='ocrx_word' id='word_1_306' title='bbox 792 2510 905 2570; x_wconf 81' lang='grc' dir='ltr'>τοῖς</span> <span class='ocrx_word' id='word_1_307' title='bbox 947 2507 1199 2561; x_wconf 82' lang='grc' dir='ltr'>τεκοῦσιν</span> <span class='ocrx_word' id='word_1_308' title='bbox 1238 2506 1305 2579; x_wconf 82' lang='grc' dir='ltr'>ἧν</span> <span class='ocrx_word' id='word_1_309' title='bbox 1350 2509 1742 2578; x_wconf 72' lang='grc' dir='ltr'>ἀνομοούσιοςο</span> <span class='ocrx_word' id='word_1_310' title='bbox 1780 2508 1899 2561; x_wconf 78' lang='grc' dir='ltr'>οὐδὲ</span> 
     </span>
    </p>
   </div>
   <div class='ocr_carea' id='block_1_42' title="bbox 306 2596 1900 2666">
    <p class='ocr_par' dir='ltr' id='par_1_42' title="bbox 306 2596 1900 2666">
     <span class='ocr_line' id='line_1_42' title="bbox 306 2596 1900 2666; baseline 0.003 -18"><span class='ocrx_word' id='word_1_311' title='bbox 306 2597 640 2666; x_wconf 83' lang='grc' dir='ltr'>γεννηθέντα</span> <span class='ocrx_word' id='word_1_312' title='bbox 680 2596 795 2662; x_wconf 81' lang='grc' dir='ltr'>οὖν,</span> <span class='ocrx_word' id='word_1_313' title='bbox 841 2598 962 2652; x_wconf 77' lang='grc' dir='ltr'>οὐδὲ</span> <span class='ocrx_word' id='word_1_314' title='bbox 993 2597 1133 2662; x_wconf 74' lang='grc' dir='ltr'>ζῶον</span> <span class='ocrx_word' id='word_1_315' title='bbox 1160 2599 1312 2652; x_wconf 78' lang='grc' dir='ltr'>ἔσται</span> <span class='ocrx_word' id='word_1_316' title='bbox 1357 2602 1500 2652; x_wconf 87' lang='grc' dir='ltr'>νοεῖν</span> <span class='ocrx_word' id='word_1_317' title='bbox 1530 2598 1715 2662; x_wconf 81' lang='grc' dir='ltr'>αὐτὸν,</span> <span class='ocrx_word' id='word_1_318' title='bbox 1756 2597 1900 2652; x_wconf 88' lang='grc' dir='ltr'><strong>καθά</strong></span> 
     </span>
    </p>
   </div>
   <div class='ocr_carea' id='block_1_43' title="bbox 305 2689 1901 2763">
    <p class='ocr_par' dir='ltr' id='par_1_43' title="bbox 305 2689 1901 2763">
     <span class='ocr_line' id='line_1_43' title="bbox 305 2689 1901 2763; baseline -0.001 -19"><span class='ocrx_word' id='word_1_319' title='bbox 305 2691 401 2744; x_wconf 72' lang='grc' dir='ltr'>καὶ</span> <span class='ocrx_word' id='word_1_320' title='bbox 448 2690 604 2743; x_wconf 72' lang='grc' dir='ltr'>αὐτοὶ</span> <span class='ocrx_word' id='word_1_321' title='bbox 638 2692 697 2744; x_wconf 73' lang='grc' dir='ltr'>ἐν</span> <span class='ocrx_word' id='word_1_322' title='bbox 726 2693 840 2755; x_wconf 76' lang='grc' dir='ltr'>τοῖς</span> <span class='ocrx_word' id='word_1_323' title='bbox 891 2691 1085 2763; x_wconf 86' lang='grc' dir='ltr'>πρώην</span> <span class='ocrx_word' id='word_1_324' title='bbox 1115 2691 1439 2746; x_wconf 88' lang='grc' dir='ltr'>δεδώκασιν·</span> <span class='ocrx_word' id='word_1_325' title='bbox 1482 2692 1532 2744; x_wconf 87' lang='grc' dir='ltr'><strong>εί</strong></span> <span class='ocrx_word' id='word_1_326' title='bbox 1577 2691 1634 2745; x_wconf 84' lang='grc' dir='ltr'>δὲ</span> <span class='ocrx_word' id='word_1_327' title='bbox 1666 2689 1745 2761; x_wconf 81' lang='grc' dir='ltr'>τῷ</span> <span class='ocrx_word' id='word_1_328' title='bbox 1782 2689 1901 2762; x_wconf 87' lang='grc' dir='ltr'>Θεῷ</span> 
     </span>
    </p>
   </div>
   <div class='ocr_carea' id='block_1_44' title="bbox 308 2782 1897 2854">
    <p class='ocr_par' dir='ltr' id='par_1_44' title="bbox 308 2782 1897 2854">
     <span class='ocr_line' id='line_1_44' title="bbox 308 2782 1897 2854; baseline 0.001 -20"><span class='ocrx_word' id='word_1_329' title='bbox 308 2783 493 2851; x_wconf 88' lang='grc' dir='ltr'>μόνον.</span> <span class='ocrx_word' id='word_1_330' title='bbox 521 2783 632 2853; x_wconf 86' lang='grc' dir='ltr'>ἄρα</span> <span class='ocrx_word' id='word_1_331' title='bbox 662 2799 726 2851; x_wconf 90' lang='grc' dir='ltr'><strong>γε</strong></span> <span class='ocrx_word' id='word_1_332' title='bbox 768 2786 862 2838; x_wconf 83' lang='grc' dir='ltr'><strong>καὶ</strong></span> <span class='ocrx_word' id='word_1_333' title='bbox 892 2784 985 2837; x_wconf 88' lang='grc' dir='ltr'><strong>δύο</strong></span> <span class='ocrx_word' id='word_1_334' title='bbox 1027 2786 1157 2837; x_wconf 85' lang='grc' dir='ltr'>θεῖοι</span> <span class='ocrx_word' id='word_1_335' title='bbox 1201 2784 1306 2836; x_wconf 81' lang='grc' dir='ltr'>υἱοί</span> <span class='ocrx_word' id='word_1_336' title='bbox 1338 2786 1463 2846; x_wconf 84' lang='grc' dir='ltr'>εἱσι,</span> <span class='ocrx_word' id='word_1_337' title='bbox 1502 2784 1600 2837; x_wconf 72' lang='grc' dir='ltr'><strong>καὶ</strong></span> <span class='ocrx_word' id='word_1_338' title='bbox 1634 2782 1834 2854; x_wconf 78' lang='grc' dir='ltr'>τετρὰς</span> <span class='ocrx_word' id='word_1_339' title='bbox 1864 2785 1897 2854; x_wconf 74' lang='grc' dir='ltr'><strong>ἡ</strong></span> 
     </span>
    </p>
   </div>
   <div class='ocr_carea' id='block_1_45' title="bbox 302 2874 1902 2946">
    <p class='ocr_par' dir='ltr' id='par_1_45' title="bbox 302 2874 1902 2946">
     <span class='ocr_line' id='line_1_45' title="bbox 302 2874 1902 2946; baseline 0.001 -20"><span class='ocrx_word' id='word_1_340' title='bbox 302 2874 435 2940; x_wconf 86' lang='grc' dir='ltr'>ἁγία</span> <span class='ocrx_word' id='word_1_341' title='bbox 464 2875 657 2946; x_wconf 87' lang='grc' dir='ltr'>Τριάς·</span> <span class='ocrx_word' id='word_1_342' title='bbox 682 2875 777 2928; x_wconf 78' lang='lat' dir='ltr'><strong>xai</strong></span> <span class='ocrx_word' id='word_1_343' title='bbox 804 2874 962 2929; x_wconf 86' lang='grc' dir='ltr'>τοῦτο</span> <span class='ocrx_word' id='word_1_344' title='bbox 1000 2876 1058 2929; x_wconf 84' lang='grc' dir='ltr'>δὲ</span> <span class='ocrx_word' id='word_1_345' title='bbox 1085 2876 1357 2944; x_wconf 78' lang='grc' dir='ltr'>λέγοντες,</span> <span class='ocrx_word' id='word_1_346' title='bbox 1381 2874 1415 2946; x_wconf 81' lang='grc' dir='ltr'>ἢ</span> <span class='ocrx_word' id='word_1_347' title='bbox 1445 2875 1505 2929; x_wconf 87' lang='grc' dir='ltr'><strong>οὑ</strong></span> <span class='ocrx_word' id='word_1_348' title='bbox 1536 2874 1629 2927; x_wconf 81' lang='grc' dir='ltr'><strong>τὸν</strong></span> <span class='ocrx_word' id='word_1_349' title='bbox 1659 2876 1725 2928; x_wconf 81' lang='grc' dir='ltr'>ὲκ</span> <span class='ocrx_word' id='word_1_350' title='bbox 1750 2875 1902 2944; x_wconf 88' lang='grc' dir='ltr'>Παρ-</span> 
     </span>
    </p>
   </div>
   <div class='ocr_carea' id='block_1_46' title="bbox 304 2966 1902 3045">
    <p class='ocr_par' dir='ltr' id='par_1_46' title="bbox 304 2966 1902 3045">
     <span class='ocr_line' id='line_1_46' title="bbox 304 2966 1902 3045; baseline 0.001 -26"><span class='ocrx_word' id='word_1_351' title='bbox 304 2967 458 3020; x_wconf 88' lang='grc' dir='ltr'>θένου</span> <span class='ocrx_word' id='word_1_352' title='bbox 498 2968 663 3037; x_wconf 77' lang='grc' dir='ltr'>φασὶν</span> <span class='ocrx_word' id='word_1_353' title='bbox 702 2966 841 3045; x_wconf 76' lang='grc' dir='ltr'>εἶναι</span> <span class='ocrx_word' id='word_1_354' title='bbox 894 2969 1067 3034; x_wconf 84' lang='grc' dir='ltr'>τόνδε,</span> <span class='ocrx_word' id='word_1_355' title='bbox 1107 2968 1139 3039; x_wconf 84' lang='grc' dir='ltr'>ἦ</span> <span class='ocrx_word' id='word_1_356' title='bbox 1180 2970 1275 3022; x_wconf 71' lang='grc' dir='ltr'><strong>καὶ</strong></span> <span class='ocrx_word' id='word_1_357' title='bbox 1306 2968 1404 3040; x_wconf 80' lang='grc' dir='ltr'><strong>τὴν</strong></span> <span class='ocrx_word' id='word_1_358' title='bbox 1439 2968 1739 3037; x_wconf 86' lang='grc' dir='ltr'>Παρθένον,</span> <span class='ocrx_word' id='word_1_359' title='bbox 1769 2967 1902 3021; x_wconf 82' lang='grc' dir='ltr'>Θεὸν</span> 
     </span>
    </p>
   </div>
   <div class='ocr_carea' id='block_1_47' title="bbox 306 3062 1902 3133">
    <p class='ocr_par' dir='ltr' id='par_1_47' title="bbox 306 3062 1902 3133">
     <span class='ocr_line' id='line_1_47' title="bbox 306 3062 1902 3133; baseline 0.001 -21"><span class='ocrx_word' id='word_1_360' title='bbox 306 3062 454 3113; x_wconf 74' lang='grc' dir='ltr'>ἴσασι</span> <span class='ocrx_word' id='word_1_361' title='bbox 492 3063 679 3129; x_wconf 71' lang='grc' dir='ltr'>φύσει*</span> <span class='ocrx_word' id='word_1_362' title='bbox 716 3063 876 3133; x_wconf 79' lang='grc' dir='ltr'>εἴπερ</span> <span class='ocrx_word' id='word_1_363' title='bbox 908 3062 1193 3129; x_wconf 81' lang='grc' dir='ltr'>ὁμοούσιος</span> <span class='ocrx_word' id='word_1_364' title='bbox 1238 3064 1334 3115; x_wconf 71' lang='grc' dir='ltr'>καὶ</span> <span class='ocrx_word' id='word_1_365' title='bbox 1365 3062 1499 3131; x_wconf 83' lang='grc' dir='ltr'>αὐτῇ</span> <span class='ocrx_word' id='word_1_366' title='bbox 1542 3062 1902 3132; x_wconf 79' lang='grc' dir='ltr'>δ’δμοούσιος</span> 
     </span>
    </p>
   </div>
   <div class='ocr_carea' id='block_1_48' title="bbox 303 3152 1899 3226">
    <p class='ocr_par' dir='ltr' id='par_1_48' title="bbox 303 3152 1899 3226">
     <span class='ocr_line' id='line_1_48' title="bbox 303 3152 1899 3226; baseline -0.001 -18"><span class='ocrx_word' id='word_1_367' title='bbox 303 3152 447 3223; x_wconf 75' lang='grc' dir='ltr'><strong>Θεῷο</strong></span> <span class='ocrx_word' id='word_1_368' title='bbox 476 3154 557 3206; x_wconf 84' lang='grc' dir='ltr'><strong>διὸ</strong></span> <span class='ocrx_word' id='word_1_369' title='bbox 587 3155 652 3225; x_wconf 80' lang='grc' dir='ltr'><strong>δὴ</strong></span> <span class='ocrx_word' id='word_1_370' title='bbox 675 3156 771 3208; x_wconf 74' lang='grc' dir='ltr'><strong>καὶ</strong></span> <span class='ocrx_word' id='word_1_371' title='bbox 793 3156 939 3226; x_wconf 79' lang='grc' dir='ltr'>ἡμᾶς</span> <span class='ocrx_word' id='word_1_372' title='bbox 974 3156 1184 3219; x_wconf 82' lang='grc' dir='ltr'>πάντας</span> <span class='ocrx_word' id='word_1_373' title='bbox 1218 3155 1345 3217; x_wconf 82' lang='grc' dir='ltr'>τοὺς</span> <span class='ocrx_word' id='word_1_374' title='bbox 1377 3153 1702 3226; x_wconf 87' lang='grc' dir='ltr'>ὁμοουσίους</span> <span class='ocrx_word' id='word_1_375' title='bbox 1732 3154 1899 3225; x_wconf 73' lang='grc' dir='ltr'>αὐτῇ,</span> 
     </span>
    </p>
   </div>
   <div class='ocr_carea' id='block_1_49' title="bbox 307 3245 1902 3318">
    <p class='ocr_par' dir='ltr' id='par_1_49' title="bbox 307 3245 1902 3318">
     <span class='ocr_line' id='line_1_49' title="bbox 307 3245 1902 3318; baseline 0.001 -21"><span class='ocrx_word' id='word_1_376' title='bbox 307 3246 465 3309; x_wconf 71' lang='grc' dir='ltr'>θεοὺς</span> <span class='ocrx_word' id='word_1_377' title='bbox 509 3246 576 3300; x_wconf 79' lang='grc' dir='ltr'><strong>ἂν</strong></span> <span class='ocrx_word' id='word_1_378' title='bbox 624 3247 831 3301; x_wconf 75' lang='grc' dir='ltr'>εἴποιεν</span> <span class='ocrx_word' id='word_1_379' title='bbox 887 3246 1133 3309; x_wconf 74' lang='grc' dir='ltr'>εἱκότωςο</span> <span class='ocrx_word' id='word_1_380' title='bbox 1204 3247 1300 3300; x_wconf 69' lang='grc' dir='ltr'><strong>καὶ</strong></span> <span class='ocrx_word' id='word_1_381' title='bbox 1358 3245 1722 3318; x_wconf 81' lang='grc' dir='ltr'>ἀπειροθεῖαν</span> <span class='ocrx_word' id='word_1_382' title='bbox 1787 3248 1902 3298; x_wconf 84' lang='grc' dir='ltr'>εἱσ-</span> 
     </span>
    </p>
   </div>
   <div class='ocr_carea' id='block_1_50' title="bbox 308 3314 1972 3411">
    <p class='ocr_par' dir='ltr' id='par_1_50' title="bbox 308 3314 1972 3411">
     <span class='ocr_line' id='line_1_50' title="bbox 308 3314 1972 3411; baseline 0.001 -20"><span class='ocrx_word' id='word_1_383' title='bbox 308 3339 503 3407; x_wconf 82' lang='grc' dir='ltr'>ἀγουσι</span> <span class='ocrx_word' id='word_1_384' title='bbox 540 3341 985 3411; x_wconf 78' lang='grc' dir='ltr'>προφανέσταταο</span> <span class='ocrx_word' id='word_1_385' title='bbox 1024 3341 1072 3393; x_wconf 88' lang='grc' dir='ltr'>εἰ</span> <span class='ocrx_word' id='word_1_386' title='bbox 1111 3340 1178 3393; x_wconf 68' lang='grc' dir='ltr'>δὲ</span> <span class='ocrx_word' id='word_1_387' title='bbox 1227 3341 1360 3410; x_wconf 75' lang='grc' dir='ltr'>ἡμῖν</span> <span class='ocrx_word' id='word_1_388' title='bbox 1393 3340 1554 3410; x_wconf 84' lang='grc' dir='ltr'>μόνον</span> <span class='ocrx_word' id='word_1_389' title='bbox 1608 3339 1899 3409; x_wconf 86' lang='grc' dir='ltr'>ὀμοούσιόν</span> <span class='ocrx_word' id='word_1_390' title='bbox 1929 3314 1972 3376; x_wconf 77' lang='lat' dir='ltr'>C</span> 
     </span>
    </p>
   </div>
   <div class='ocr_carea' id='block_1_51' title="bbox 307 3431 1898 3506">
    <p class='ocr_par' dir='ltr' id='par_1_51' title="bbox 307 3431 1898 3506">
     <span class='ocr_line' id='line_1_51' title="bbox 307 3431 1898 3506; baseline 0 -19"><span class='ocrx_word' id='word_1_391' title='bbox 307 3450 442 3502; x_wconf 79' lang='grc' dir='ltr'>φασι</span> <span class='ocrx_word' id='word_1_392' title='bbox 471 3434 562 3487; x_wconf 83' lang='grc' dir='ltr'><strong>τὸν</strong></span> <span class='ocrx_word' id='word_1_393' title='bbox 602 3436 861 3506; x_wconf 71' lang='grc' dir='ltr'>Χριστὸν,</span> <span class='ocrx_word' id='word_1_394' title='bbox 902 3435 1029 3487; x_wconf 71' lang='grc' dir='ltr'>Υἱδν</span> <span class='ocrx_word' id='word_1_395' title='bbox 1066 3431 1201 3486; x_wconf 87' lang='grc' dir='ltr'>Θεοῦ</span> <span class='ocrx_word' id='word_1_396' title='bbox 1231 3434 1545 3502; x_wconf 78' lang='grc' dir='ltr'>λεγόμενον,</span> <span class='ocrx_word' id='word_1_397' title='bbox 1575 3435 1627 3486; x_wconf 85' lang='grc' dir='ltr'><strong>τί</strong></span> <span class='ocrx_word' id='word_1_398' title='bbox 1650 3434 1898 3503; x_wconf 85' lang='grc' dir='ltr'>διαφέροι</span> 
     </span>
    </p>
   </div>
   <div class='ocr_carea' id='block_1_52' title="bbox 310 3522 1898 3598">
    <p class='ocr_par' dir='ltr' id='par_1_52' title="bbox 310 3522 1898 3598">
     <span class='ocr_line' id='line_1_52' title="bbox 310 3522 1898 3598; baseline -0.001 -19"><span class='ocrx_word' id='word_1_399' title='bbox 310 3528 377 3579; x_wconf 81' lang='grc' dir='ltr'><strong>ἂν</strong></span> <span class='ocrx_word' id='word_1_400' title='bbox 413 3522 567 3588; x_wconf 74' lang='grc' dir='ltr'>οὗτος</span> <span class='ocrx_word' id='word_1_401' title='bbox 597 3527 706 3579; x_wconf 84' lang='grc' dir='ltr'><strong>τῶν</strong></span> <span class='ocrx_word' id='word_1_402' title='bbox 744 3527 948 3581; x_wconf 83' lang='grc' dir='ltr'>λοιπῶν</span> <span class='ocrx_word' id='word_1_403' title='bbox 985 3526 1115 3579; x_wconf 84' lang='grc' dir='ltr'>υἱῶν</span> <span class='ocrx_word' id='word_1_404' title='bbox 1145 3526 1240 3581; x_wconf 86' lang='grc' dir='ltr'><strong>τοῦ</strong></span> <span class='ocrx_word' id='word_1_405' title='bbox 1277 3526 1413 3579; x_wconf 82' lang='grc' dir='ltr'>Θεοῦ</span> <span class='ocrx_word' id='word_1_406' title='bbox 1441 3525 1767 3598; x_wconf 70' lang='grc' dir='ltr'>εἰρημένων,</span> <span class='ocrx_word' id='word_1_407' title='bbox 1813 3524 1898 3578; x_wconf 88' lang='grc' dir='ltr'>λε-</span> 
     </span>
    </p>
   </div>
   <div class='ocr_carea' id='block_1_53' title="bbox 305 3612 1897 3690">
    <p class='ocr_par' dir='ltr' id='par_1_53' title="bbox 305 3612 1897 3690">
     <span class='ocr_line' id='line_1_53' title="bbox 305 3612 1897 3690; baseline -0.001 -19"><span class='ocrx_word' id='word_1_408' title='bbox 305 3620 570 3687; x_wconf 77' lang='grc' dir='ltr'>γέτωσαν·</span> <span class='ocrx_word' id='word_1_409' title='bbox 596 3620 721 3686; x_wconf 82' lang='grc' dir='ltr'><strong>περὶ</strong></span> <span class='ocrx_word' id='word_1_410' title='bbox 742 3612 816 3672; x_wconf 82' lang='grc' dir='ltr'>ὧν</span> <span class='ocrx_word' id='word_1_411' title='bbox 854 3619 1069 3690; x_wconf 81' lang='grc' dir='ltr'>εἴρηται</span> <span class='ocrx_word' id='word_1_412' title='bbox 1099 3618 1204 3672; x_wconf 78' lang='grc' dir='ltr'>ὑπὸ</span> <span class='ocrx_word' id='word_1_413' title='bbox 1234 3618 1326 3671; x_wconf 87' lang='grc' dir='ltr'><strong>τοῦ</strong></span> <span class='ocrx_word' id='word_1_414' title='bbox 1358 3618 1515 3671; x_wconf 76' lang='grc' dir='ltr'>Θεοῦι</span> <span class='ocrx_word' id='word_1_415' title='bbox 1544 3636 1561 3665; x_wconf 78' lang='grc' dir='ltr'><strong>ι</strong></span> <span class='ocrx_word' id='word_1_416' title='bbox 1592 3618 1703 3670; x_wconf 67' lang='grc' dir='ltr'>Καὶ</span> <span class='ocrx_word' id='word_1_417' title='bbox 1743 3618 1897 3670; x_wconf 73' lang='grc' dir='ltr'>ἔσον-</span> 
     </span>
    </p>
   </div>
   <div class='ocr_carea' id='block_1_54' title="bbox 304 3705 1895 3782">
    <p class='ocr_par' dir='ltr' id='par_1_54' title="bbox 304 3705 1895 3782">
     <span class='ocr_line' id='line_1_54' title="bbox 304 3705 1895 3782; baseline -0.001 -18"><span class='ocrx_word' id='word_1_418' title='bbox 304 3710 395 3764; x_wconf 82' lang='grc' dir='ltr'><strong>ταί</strong></span> <span class='ocrx_word' id='word_1_419' title='bbox 430 3728 517 3782; x_wconf 87' lang='grc' dir='ltr'><strong>μοι</strong></span> <span class='ocrx_word' id='word_1_420' title='bbox 543 3712 622 3774; x_wconf 83' lang='grc' dir='ltr'><strong>εἱς</strong></span> <span class='ocrx_word' id='word_1_421' title='bbox 653 3713 800 3776; x_wconf 71' lang='grc' dir='ltr'>υἱοὺς</span> <span class='ocrx_word' id='word_1_422' title='bbox 833 3713 927 3765; x_wconf 75' lang='grc' dir='ltr'><strong>καὶ</strong></span> <span class='ocrx_word' id='word_1_423' title='bbox 959 3712 1263 3781; x_wconf 75' lang='grc' dir='ltr'>θυγατέρας</span> <span class='ocrx_word' id='word_1_424' title='bbox 1286 3727 1298 3739; x_wconf 86' lang='lat'><strong><em>°</em></strong></span> <span class='ocrx_word' id='word_1_425' title='bbox 1334 3711 1448 3776; x_wconf 73' lang='grc' dir='ltr'>καὶ,</span> <span class='ocrx_word' id='word_1_426' title='bbox 1477 3729 1495 3762; x_wconf 72' lang='grc' dir='ltr'><strong>ι</strong></span> <span class='ocrx_word' id='word_1_427' title='bbox 1540 3709 1681 3778; x_wconf 81' lang='grc' dir='ltr'><strong>Ἐγὼ</strong></span> <span class='ocrx_word' id='word_1_428' title='bbox 1711 3705 1895 3763; x_wconf 71' lang='grc' dir='ltr'>εἷπον·</span> 
     </span>
    </p>
   </div>
   <div class='ocr_carea' id='block_1_55' title="bbox 304 3803 1887 3873">
    <p class='ocr_par' dir='ltr' id='par_1_55' title="bbox 304 3803 1887 3873">
     <span class='ocr_line' id='line_1_55' title="bbox 304 3803 1887 3873; baseline 0.001 -18"><span class='ocrx_word' id='word_1_429' title='bbox 304 3804 427 3855; x_wconf 84' lang='grc' dir='ltr'>Θεοί</span> <span class='ocrx_word' id='word_1_430' title='bbox 450 3805 569 3856; x_wconf 76' lang='grc' dir='ltr'>ἐστε</span> <span class='ocrx_word' id='word_1_431' title='bbox 624 3806 716 3857; x_wconf 77' lang='grc' dir='ltr'><strong>καὶ</strong></span> <span class='ocrx_word' id='word_1_432' title='bbox 746 3805 851 3856; x_wconf 81' lang='grc' dir='ltr'><strong>υἱοὶ</strong></span> <span class='ocrx_word' id='word_1_433' title='bbox 889 3804 1143 3873; x_wconf 75' lang='grc' dir='ltr'>Ὑψίστου</span> <span class='ocrx_word' id='word_1_434' title='bbox 1173 3804 1393 3867; x_wconf 85' lang='grc' dir='ltr'>πάντες,</span> <span class='ocrx_word' id='word_1_435' title='bbox 1432 3823 1449 3854; x_wconf 73' lang='grc' dir='ltr'><strong>ι</strong></span> <span class='ocrx_word' id='word_1_436' title='bbox 1482 3805 1572 3855; x_wconf 84' lang='grc' dir='ltr'><strong>καί</strong></span> <span class='ocrx_word' id='word_1_437' title='bbox 1596 3803 1664 3855; x_wconf 87' lang='grc' dir='ltr'><strong>τά</strong></span> <span class='ocrx_word' id='word_1_438' title='bbox 1686 3803 1887 3857; x_wconf 84' lang='grc' dir='ltr'>τοιάδε.</span> 
     </span>
    </p>
   </div>
   <div class='ocr_carea' id='block_1_56' title="bbox 2001 2048 3588 2123">
    <p class='ocr_par' dir='ltr' id='par_1_56' title="bbox 2001 2048 3588 2123">
     <span class='ocr_line' id='line_1_56' title="bbox 2001 2048 3588 2123; baseline -0.004 -14"><span class='ocrx_word' id='word_1_439' title='bbox 2001 2070 2091 2109; x_wconf 93' lang='lat' dir='ltr'><strong>mo</strong></span> <span class='ocrx_word' id='word_1_440' title='bbox 2112 2096 2124 2118; x_wconf 91' lang='lat'><strong>,</strong></span> <span class='ocrx_word' id='word_1_441' title='bbox 2155 2063 2213 2110; x_wconf 91' lang='lat' dir='ltr'><strong>et</strong></span> <span class='ocrx_word' id='word_1_442' title='bbox 2237 2054 2293 2109; x_wconf 92' lang='lat' dir='ltr'><strong>in</strong></span> <span class='ocrx_word' id='word_1_443' title='bbox 2322 2053 2615 2123; x_wconf 87' lang='lat' dir='ltr'><strong>Scriptura</strong></span> <span class='ocrx_word' id='word_1_444' title='bbox 2644 2053 2808 2109; x_wconf 89' lang='lat' dir='ltr'><strong>ambo</strong></span> <span class='ocrx_word' id='word_1_445' title='bbox 2841 2053 3027 2108; x_wconf 87' lang='lat' dir='ltr'><strong>dictus</strong></span> <span class='ocrx_word' id='word_1_446' title='bbox 3057 2049 3392 2121; x_wconf 86' lang='lat' dir='ltr'><strong>quibusdam</strong></span> <span class='ocrx_word' id='word_1_447' title='bbox 3417 2048 3588 2103; x_wconf 77' lang='lat' dir='ltr'><strong>homo</strong></span> 
     </span>
    </p>
   </div>
   <div class='ocr_carea' id='block_1_57' title="bbox 2000 2140 3585 2217">
    <p class='ocr_par' dir='ltr' id='par_1_57' title="bbox 2000 2140 3585 2217">
     <span class='ocr_line' id='line_1_57' title="bbox 2000 2140 3585 2217; baseline -0.005 -17"><span class='ocrx_word' id='word_1_448' title='bbox 2000 2146 2134 2217; x_wconf 91' lang='lat' dir='ltr'><strong>quin</strong></span> <span class='ocrx_word' id='word_1_449' title='bbox 2158 2147 2340 2201; x_wconf 86' lang='lat' dir='ltr'><strong>animo</strong></span> <span class='ocrx_word' id='word_1_450' title='bbox 2376 2146 2442 2199; x_wconf 89' lang='lat' dir='ltr'><strong>ad</strong></span> <span class='ocrx_word' id='word_1_451' title='bbox 2482 2146 2589 2200; x_wconf 94' lang='lat' dir='ltr'><strong>hoc</strong></span> <span class='ocrx_word' id='word_1_452' title='bbox 2617 2144 2941 2200; x_wconf 89' lang='lat' dir='ltr'><strong>attendatur</strong></span> <span class='ocrx_word' id='word_1_453' title='bbox 2984 2160 2998 2197; x_wconf 87' lang='lat'><strong>:</strong></span> <span class='ocrx_word' id='word_1_454' title='bbox 3029 2145 3102 2197; x_wconf 90' lang='lat' dir='ltr'><strong>ita</strong></span> <span class='ocrx_word' id='word_1_455' title='bbox 3132 2141 3362 2212; x_wconf 85' lang='lat' dir='ltr'><strong>quidem</strong></span> <span class='ocrx_word' id='word_1_456' title='bbox 3415 2140 3585 2210; x_wconf 78' lang='lat' dir='ltr'><strong>igitur</strong></span> 
     </span>
    </p>
   </div>
   <div class='ocr_carea' id='block_1_58' title="bbox 1999 2230 3586 2293">
    <p class='ocr_par' dir='ltr' id='par_1_58' title="bbox 1999 2230 3586 2293">
     <span class='ocr_line' id='line_1_58' title="bbox 1999 2230 3586 2293; baseline -0.006 0"><span class='ocrx_word' id='word_1_457' title='bbox 1999 2248 2055 2293; x_wconf 90' lang='lat' dir='ltr'><strong>et</strong></span> <span class='ocrx_word' id='word_1_458' title='bbox 2088 2239 2205 2292; x_wconf 65' lang='lat' dir='ltr'><strong>bam</strong></span> <span class='ocrx_word' id='word_1_459' title='bbox 2239 2254 2270 2291; x_wconf 88' lang='lat' dir='ltr'><strong>a</strong></span> <span class='ocrx_word' id='word_1_460' title='bbox 2320 2238 2485 2293; x_wconf 90' lang='lat' dir='ltr'><strong>nobis</strong></span> <span class='ocrx_word' id='word_1_461' title='bbox 2534 2238 2917 2292; x_wconf 86' lang='lat' dir='ltr'><strong>demonstrata</strong></span> <span class='ocrx_word' id='word_1_462' title='bbox 2954 2242 3123 2289; x_wconf 90' lang='lat' dir='ltr'><strong>sunt:</strong></span> <span class='ocrx_word' id='word_1_463' title='bbox 3186 2242 3246 2287; x_wconf 91' lang='lat' dir='ltr'><strong>ut</strong></span> <span class='ocrx_word' id='word_1_464' title='bbox 3294 2240 3480 2286; x_wconf 87' lang='lat' dir='ltr'><strong>autem</strong></span> <span class='ocrx_word' id='word_1_465' title='bbox 3517 2230 3586 2285; x_wconf 76' lang='lat' dir='ltr'><strong>ad</strong></span> 
     </span>
    </p>
   </div>
   <div class='ocr_carea' id='block_1_59' title="bbox 2002 2324 3588 2402">
    <p class='ocr_par' dir='ltr' id='par_1_59' title="bbox 2002 2324 3588 2402">
     <span class='ocr_line' id='line_1_59' title="bbox 2002 2324 3588 2402; baseline -0.005 -17"><span class='ocrx_word' id='word_1_466' title='bbox 2002 2332 2387 2402; x_wconf 87' lang='lat' dir='ltr'><strong>probationem</strong></span> <span class='ocrx_word' id='word_1_467' title='bbox 2442 2330 2674 2399; x_wconf 78' lang='lat' dir='ltr'><strong>reliqua:</strong></span> <span class='ocrx_word' id='word_1_468' title='bbox 2731 2344 2926 2383; x_wconf 92' lang='lat' dir='ltr'><strong>eorum</strong></span> <span class='ocrx_word' id='word_1_469' title='bbox 2991 2325 3297 2395; x_wconf 87' lang='lat' dir='ltr'><strong>impietatis</strong></span> <span class='ocrx_word' id='word_1_470' title='bbox 3325 2324 3474 2394; x_wconf 88' lang='lat' dir='ltr'><strong>ipsos</strong></span> <span class='ocrx_word' id='word_1_471' title='bbox 3505 2333 3588 2377; x_wconf 67' lang='lat' dir='ltr'><strong>ab-</strong></span> 
     </span>
    </p>
   </div>
   <div class='ocr_carea' id='block_1_60' title="bbox 2002 2416 3589 2492">
    <p class='ocr_par' dir='ltr' id='par_1_60' title="bbox 2002 2416 3589 2492">
     <span class='ocr_line' id='line_1_60' title="bbox 2002 2416 3589 2492; baseline -0.006 -15"><span class='ocrx_word' id='word_1_472' title='bbox 2002 2423 2311 2485; x_wconf 88' lang='lat' dir='ltr'><strong>trahamus,</strong></span> <span class='ocrx_word' id='word_1_473' title='bbox 2339 2422 2444 2492; x_wconf 92' lang='lat' dir='ltr'><strong>ipsi</strong></span> <span class='ocrx_word' id='word_1_474' title='bbox 2477 2422 2664 2477; x_wconf 86' lang='lat' dir='ltr'><strong>dicant</strong></span> <span class='ocrx_word' id='word_1_475' title='bbox 2697 2420 2893 2475; x_wconf 88' lang='lat' dir='ltr'><strong>nobis:</strong></span> <span class='ocrx_word' id='word_1_476' title='bbox 2926 2420 3106 2475; x_wconf 88' lang='lat' dir='ltr'><strong>Unum</strong></span> <span class='ocrx_word' id='word_1_477' title='bbox 3137 2418 3292 2487; x_wconf 81' lang='lat' dir='ltr'><strong>juxta</strong></span> <span class='ocrx_word' id='word_1_478' title='bbox 3342 2416 3494 2485; x_wconf 90' lang='lat' dir='ltr'><strong>ipsos</strong></span> <span class='ocrx_word' id='word_1_479' title='bbox 3520 2430 3589 2469; x_wconf 76' lang='lat' dir='ltr'><strong>ex</strong></span> 
     </span>
    </p>
   </div>
   <div class='ocr_carea' id='block_1_61' title="bbox 2006 2506 3591 2581">
    <p class='ocr_par' dir='ltr' id='par_1_61' title="bbox 2006 2506 3591 2581">
     <span class='ocr_line' id='line_1_61' title="bbox 2006 2506 3591 2581; baseline -0.004 -16"><span class='ocrx_word' id='word_1_480' title='bbox 2006 2513 2137 2567; x_wconf 88' lang='lat' dir='ltr'><strong>ﬁliis</strong></span> <span class='ocrx_word' id='word_1_481' title='bbox 2168 2512 2456 2568; x_wconf 88' lang='lat' dir='ltr'><strong>Christum</strong></span> <span class='ocrx_word' id='word_1_482' title='bbox 2492 2528 2603 2566; x_wconf 91' lang='lat' dir='ltr'><strong>non</strong></span> <span class='ocrx_word' id='word_1_483' title='bbox 2619 2511 2991 2581; x_wconf 85' lang='lat' dir='ltr'><strong>compositum</strong></span> <span class='ocrx_word' id='word_1_484' title='bbox 3017 2508 3225 2572; x_wconf 90' lang='lat' dir='ltr'><strong>Verbo,</strong></span> <span class='ocrx_word' id='word_1_485' title='bbox 3269 2507 3360 2562; x_wconf 93' lang='lat' dir='ltr'><strong>cui</strong></span> <span class='ocrx_word' id='word_1_486' title='bbox 3394 2506 3591 2563; x_wconf 83' lang='lat' dir='ltr'><strong>dicunt</strong></span> 
     </span>
    </p>
   </div>
   <div class='ocr_carea' id='block_1_62' title="bbox 2002 2584 3588 2665">
    <p class='ocr_par' dir='ltr' id='par_1_62' title="bbox 2002 2584 3588 2665">
     <span class='ocr_line' id='line_1_62' title="bbox 2002 2584 3588 2665; baseline -0.005 -7"><span class='ocrx_word' id='word_1_487' title='bbox 2002 2603 2583 2659; x_wconf 87' lang='lat' dir='ltr'><strong>consubstantialem?</strong></span> <span class='ocrx_word' id='word_1_488' title='bbox 2607 2604 2664 2658; x_wconf 89' lang='lat' dir='ltr'><strong>Si</strong></span> <span class='ocrx_word' id='word_1_489' title='bbox 2686 2604 2835 2657; x_wconf 90' lang='lat' dir='ltr'><strong>enim</strong></span> <span class='ocrx_word' id='word_1_490' title='bbox 2856 2602 3016 2665; x_wconf 88' lang='lat' dir='ltr'><strong>nulli,</strong></span> <span class='ocrx_word' id='word_1_491' title='bbox 3037 2616 3142 2655; x_wconf 93' lang='lat' dir='ltr'><strong>nec</strong></span> <span class='ocrx_word' id='word_1_492' title='bbox 3162 2584 3334 2654; x_wconf 79' lang='lat' dir='ltr'><strong>illium</strong></span> <span class='ocrx_word' id='word_1_493' title='bbox 3359 2598 3588 2653; x_wconf 90' lang='lat' dir='ltr'><strong>omnino</strong></span> 
     </span>
    </p>
   </div>
   <div class='ocr_carea' id='block_1_63' title="bbox 2008 2690 3590 2763">
    <p class='ocr_par' dir='ltr' id='par_1_63' title="bbox 2008 2690 3590 2763">
     <span class='ocr_line' id='line_1_63' title="bbox 2008 2690 3590 2763; baseline -0.004 -15"><span class='ocrx_word' id='word_1_494' title='bbox 2008 2694 2249 2763; x_wconf 83' lang='lat' dir='ltr'><strong>alicujus</strong></span> <span class='ocrx_word' id='word_1_495' title='bbox 2283 2693 2537 2762; x_wconf 86' lang='lat' dir='ltr'><strong>profecto</strong></span> <span class='ocrx_word' id='word_1_496' title='bbox 2564 2693 2790 2747; x_wconf 40' lang='lat' dir='ltr'><strong>vdicantl</strong></span> <span class='ocrx_word' id='word_1_497' title='bbox 2844 2692 3061 2747; x_wconf 88' lang='lat' dir='ltr'><strong>Etenim</strong></span> <span class='ocrx_word' id='word_1_498' title='bbox 3094 2706 3205 2745; x_wconf 91' lang='lat' dir='ltr'><strong>non</strong></span> <span class='ocrx_word' id='word_1_499' title='bbox 3265 2690 3345 2744; x_wconf 89' lang='lat' dir='ltr'><strong>illi</strong></span> <span class='ocrx_word' id='word_1_500' title='bbox 3396 2690 3590 2745; x_wconf 86' lang='lat' dir='ltr'><strong>eadem</strong></span> 
     </span>
    </p>
   </div>
   <div class='ocr_carea' id='block_1_64' title="bbox 2002 2782 3589 2858">
    <p class='ocr_par' dir='ltr' id='par_1_64' title="bbox 2002 2782 3589 2858">
     <span class='ocr_line' id='line_1_64' title="bbox 2002 2782 3589 2858; baseline -0.005 -14"><span class='ocrx_word' id='word_1_501' title='bbox 2002 2805 2068 2844; x_wconf 92' lang='lat' dir='ltr'><strong>ac</strong></span> <span class='ocrx_word' id='word_1_502' title='bbox 2092 2788 2423 2858; x_wconf 87' lang='lat' dir='ltr'><strong>parentibus</strong></span> <span class='ocrx_word' id='word_1_503' title='bbox 2444 2796 2593 2841; x_wconf 90' lang='lat' dir='ltr'><strong>esset</strong></span> <span class='ocrx_word' id='word_1_504' title='bbox 2618 2787 2928 2841; x_wconf 89' lang='lat' dir='ltr'><strong>substantia</strong></span> <span class='ocrx_word' id='word_1_505' title='bbox 2954 2804 2967 2838; x_wconf 91' lang='lat'><strong>:</strong></span> <span class='ocrx_word' id='word_1_506' title='bbox 3001 2800 3184 2855; x_wconf 90' lang='lat' dir='ltr'><strong>neque</strong></span> <span class='ocrx_word' id='word_1_507' title='bbox 3211 2784 3383 2854; x_wconf 80' lang='lat' dir='ltr'><strong>igitur</strong></span> <span class='ocrx_word' id='word_1_508' title='bbox 3434 2782 3589 2853; x_wconf 87' lang='lat' dir='ltr'><strong>geni-</strong></span> 
     </span>
    </p>
   </div>
   <div class='ocr_carea' id='block_1_65' title="bbox 2006 2877 3595 2952">
    <p class='ocr_par' dir='ltr' id='par_1_65' title="bbox 2006 2877 3595 2952">
     <span class='ocr_line' id='line_1_65' title="bbox 2006 2877 3595 2952; baseline -0.004 -14"><span class='ocrx_word' id='word_1_509' title='bbox 2006 2893 2144 2949; x_wconf 92' lang='lat' dir='ltr'><strong>tum,</strong></span> <span class='ocrx_word' id='word_1_510' title='bbox 2207 2896 2389 2952; x_wconf 88' lang='lat' dir='ltr'><strong>neque</strong></span> <span class='ocrx_word' id='word_1_511' title='bbox 2437 2881 2628 2934; x_wconf 81' lang='lat' dir='ltr'><strong>virum</strong></span> <span class='ocrx_word' id='word_1_512' title='bbox 2682 2879 2908 2933; x_wconf 85' lang='lat' dir='ltr'><strong>dabitur</strong></span> <span class='ocrx_word' id='word_1_513' title='bbox 2948 2878 3103 2933; x_wconf 89' lang='lat' dir='ltr'><strong>illum</strong></span> <span class='ocrx_word' id='word_1_514' title='bbox 3161 2877 3481 2948; x_wconf 83' lang='lat' dir='ltr'><strong>concipere,</strong></span> <span class='ocrx_word' id='word_1_515' title='bbox 3533 2886 3595 2931; x_wconf 82' lang='lat' dir='ltr'><strong>ut</strong></span> 
     </span>
    </p>
   </div>
   <div class='ocr_carea' id='block_1_66' title="bbox 2004 2969 3568 3047">
    <p class='ocr_par' dir='ltr' id='par_1_66' title="bbox 2004 2969 3568 3047">
     <span class='ocr_line' id='line_1_66' title="bbox 2004 2969 3568 3047; baseline -0.006 -17"><span class='ocrx_word' id='word_1_516' title='bbox 2004 2976 2109 3047; x_wconf 90' lang='lat' dir='ltr'><strong>ipsi</strong></span> <span class='ocrx_word' id='word_1_517' title='bbox 2150 2991 2328 3045; x_wconf 88' lang='lat' dir='ltr'><strong>nuper</strong></span> <span class='ocrx_word' id='word_1_518' title='bbox 2387 2980 2831 3027; x_wconf 86' lang='lat' dir='ltr'><strong>concesserunt:</strong></span> <span class='ocrx_word' id='word_1_519' title='bbox 2883 2971 2927 3026; x_wconf 90' lang='lat' dir='ltr'><strong>si</strong></span> <span class='ocrx_word' id='word_1_520' title='bbox 2960 2979 3148 3027; x_wconf 84' lang='lat' dir='ltr'><strong>autem</strong></span> <span class='ocrx_word' id='word_1_521' title='bbox 3217 2969 3330 3024; x_wconf 80' lang='lat' dir='ltr'><strong>Deo</strong></span> <span class='ocrx_word' id='word_1_522' title='bbox 3390 2969 3568 3022; x_wconf 89' lang='lat' dir='ltr'><strong>solum</strong></span> 
     </span>
    </p>
   </div>
   <div class='ocr_carea' id='block_1_67' title="bbox 2003 3063 3594 3139">
    <p class='ocr_par' dir='ltr' id='par_1_67' title="bbox 2003 3063 3594 3139">
     <span class='ocr_line' id='line_1_67' title="bbox 2003 3063 3594 3139; baseline -0.004 -19"><span class='ocrx_word' id='word_1_523' title='bbox 2003 3066 2255 3139; x_wconf 78' lang='lat' dir='ltr'><strong>profecto</strong></span> <span class='ocrx_word' id='word_1_524' title='bbox 2290 3066 2515 3137; x_wconf 88' lang='lat' dir='ltr'><strong>quidem</strong></span> <span class='ocrx_word' id='word_1_525' title='bbox 2541 3073 2598 3119; x_wconf 90' lang='lat' dir='ltr'><strong>et</strong></span> <span class='ocrx_word' id='word_1_526' title='bbox 2628 3064 2740 3117; x_wconf 92' lang='lat' dir='ltr'><strong>duo</strong></span> <span class='ocrx_word' id='word_1_527' title='bbox 2769 3063 2943 3118; x_wconf 87' lang='lat' dir='ltr'><strong>divini</strong></span> <span class='ocrx_word' id='word_1_528' title='bbox 2970 3063 3067 3118; x_wconf 82' lang='lat' dir='ltr'><strong>lilii</strong></span> <span class='ocrx_word' id='word_1_529' title='bbox 3100 3071 3251 3126; x_wconf 85' lang='lat' dir='ltr'><strong>sunt,</strong></span> <span class='ocrx_word' id='word_1_530' title='bbox 3280 3070 3335 3116; x_wconf 89' lang='lat' dir='ltr'><strong>et</strong></span> <span class='ocrx_word' id='word_1_531' title='bbox 3362 3068 3594 3131; x_wconf 79' lang='lat' dir='ltr'><strong>quater-</strong></span> 
     </span>
    </p>
   </div>
   <div class='ocr_carea' id='block_1_68' title="bbox 2004 3152 3597 3215">
    <p class='ocr_par' dir='ltr' id='par_1_68' title="bbox 2004 3152 3597 3215">
     <span class='ocr_line' id='line_1_68' title="bbox 2004 3152 3597 3215; baseline -0.004 -1"><span class='ocrx_word' id='word_1_532' title='bbox 2004 3161 2153 3215; x_wconf 86' lang='lat' dir='ltr'><strong>nitas</strong></span> <span class='ocrx_word' id='word_1_533' title='bbox 2173 3168 2483 3214; x_wconf 87' lang='lat' dir='ltr'><strong>autsancta</strong></span> <span class='ocrx_word' id='word_1_534' title='bbox 2509 3152 2803 3212; x_wconf 80' lang='lat' dir='ltr'><strong>Trinitas:</strong></span> <span class='ocrx_word' id='word_1_535' title='bbox 2846 3165 2903 3211; x_wconf 91' lang='lat' dir='ltr'><strong>et</strong></span> <span class='ocrx_word' id='word_1_536' title='bbox 2945 3156 3082 3210; x_wconf 89' lang='lat' dir='ltr'><strong>illud</strong></span> <span class='ocrx_word' id='word_1_537' title='bbox 3119 3164 3437 3209; x_wconf 85' lang='lat' dir='ltr'><strong>asserentes</strong></span> <span class='ocrx_word' id='word_1_538' title='bbox 3497 3162 3597 3207; x_wconf 85' lang='lat' dir='ltr'><strong>aut</strong></span> 
     </span>
    </p>
   </div>
   <div class='ocr_carea' id='block_1_69' title="bbox 2006 3246 3595 3321">
    <p class='ocr_par' dir='ltr' id='par_1_69' title="bbox 2006 3246 3595 3321">
     <span class='ocr_line' id='line_1_69' title="bbox 2006 3246 3595 3321; baseline -0.004 -16"><span class='ocrx_word' id='word_1_539' title='bbox 2006 3268 2117 3306; x_wconf 92' lang='lat' dir='ltr'><strong>non</strong></span> <span class='ocrx_word' id='word_1_540' title='bbox 2141 3268 2208 3305; x_wconf 71' lang='lat' dir='ltr'><strong>ex</strong></span> <span class='ocrx_word' id='word_1_541' title='bbox 2258 3250 2480 3321; x_wconf 82' lang='lat' dir='ltr'><strong>Virgine</strong></span> <span class='ocrx_word' id='word_1_542' title='bbox 2520 3250 2676 3304; x_wconf 91' lang='lat' dir='ltr'><strong>illum</strong></span> <span class='ocrx_word' id='word_1_543' title='bbox 2735 3265 2858 3304; x_wconf 87' lang='lat' dir='ltr'><strong>esse</strong></span> <span class='ocrx_word' id='word_1_544' title='bbox 2893 3248 3109 3312; x_wconf 89' lang='lat' dir='ltr'><strong>dicunt,</strong></span> <span class='ocrx_word' id='word_1_545' title='bbox 3161 3256 3258 3302; x_wconf 89' lang='lat' dir='ltr'><strong>aut</strong></span> <span class='ocrx_word' id='word_1_546' title='bbox 3314 3246 3595 3316; x_wconf 81' lang='lat' dir='ltr'><strong>Virginem</strong></span> 
     </span>
    </p>
   </div>
   <div class='ocr_carea' id='block_1_70' title="bbox 2005 3339 3584 3415">
    <p class='ocr_par' dir='ltr' id='par_1_70' title="bbox 2005 3339 3584 3415">
     <span class='ocr_line' id='line_1_70' title="bbox 2005 3339 3584 3415; baseline -0.005 -16"><span class='ocrx_word' id='word_1_547' title='bbox 2005 3346 2178 3399; x_wconf 89' lang='lat' dir='ltr'><strong>Deum</strong></span> <span class='ocrx_word' id='word_1_548' title='bbox 2218 3352 2419 3397; x_wconf 91' lang='lat' dir='ltr'><strong>natura</strong></span> <span class='ocrx_word' id='word_1_549' title='bbox 2463 3350 2781 3415; x_wconf 75' lang='lat' dir='ltr'><strong>noverunt:</strong></span> <span class='ocrx_word' id='word_1_550' title='bbox 2835 3342 3043 3412; x_wconf 90' lang='lat' dir='ltr'><strong>quippe</strong></span> <span class='ocrx_word' id='word_1_551' title='bbox 3106 3340 3179 3394; x_wconf 88' lang='lat' dir='ltr'><strong>sit</strong></span> <span class='ocrx_word' id='word_1_552' title='bbox 3218 3339 3584 3394; x_wconf 45' lang='lat' dir='ltr'><strong>consubstan.</strong></span> 
     </span>
    </p>
   </div>
   <div class='ocr_carea' id='block_1_71' title="bbox 2009 3432 3597 3506">
    <p class='ocr_par' dir='ltr' id='par_1_71' title="bbox 2009 3432 3597 3506">
     <span class='ocr_line' id='line_1_71' title="bbox 2009 3432 3597 3506; baseline -0.006 -14"><span class='ocrx_word' id='word_1_553' title='bbox 2009 3437 2155 3493; x_wconf 85' lang='lat' dir='ltr'><strong>tialis</strong></span> <span class='ocrx_word' id='word_1_554' title='bbox 2198 3446 2255 3491; x_wconf 91' lang='lat' dir='ltr'><strong>et</strong></span> <span class='ocrx_word' id='word_1_555' title='bbox 2300 3436 2407 3506; x_wconf 90' lang='lat' dir='ltr'><strong>ipsi</strong></span> <span class='ocrx_word' id='word_1_556' title='bbox 2460 3433 2959 3490; x_wconf 91' lang='lat' dir='ltr'><strong>consubstantialis</strong></span> <span class='ocrx_word' id='word_1_557' title='bbox 3001 3434 3136 3487; x_wconf 85' lang='lat' dir='ltr'><strong>Deo.</strong></span> <span class='ocrx_word' id='word_1_558' title='bbox 3196 3432 3321 3485; x_wconf 89' lang='lat' dir='ltr'><strong>Ideo</strong></span> <span class='ocrx_word' id='word_1_559' title='bbox 3380 3441 3437 3484; x_wconf 88' lang='lat' dir='ltr'><strong>et</strong></span> <span class='ocrx_word' id='word_1_560' title='bbox 3495 3442 3597 3483; x_wconf 73' lang='lat' dir='ltr'><strong>nos</strong></span> 
     </span>
    </p>
   </div>
   <div class='ocr_carea' id='block_1_72' title="bbox 2005 3521 3590 3596">
    <p class='ocr_par' dir='ltr' id='par_1_72' title="bbox 2005 3521 3590 3596">
     <span class='ocr_line' id='line_1_72' title="bbox 2005 3521 3590 3596; baseline -0.006 -13"><span class='ocrx_word' id='word_1_561' title='bbox 2005 3544 2203 3583; x_wconf 90' lang='lat' dir='ltr'><strong>omnes</strong></span> <span class='ocrx_word' id='word_1_562' title='bbox 2255 3527 2763 3583; x_wconf 86' lang='lat' dir='ltr'><strong>consubstantiales</strong></span> <span class='ocrx_word' id='word_1_563' title='bbox 2814 3525 3049 3596; x_wconf 83' lang='lat' dir='ltr'><strong>Virgini,</strong></span> <span class='ocrx_word' id='word_1_564' title='bbox 3105 3525 3239 3578; x_wconf 87' lang='lat' dir='ltr'><strong>deos</strong></span> <span class='ocrx_word' id='word_1_565' title='bbox 3288 3524 3486 3577; x_wconf 83' lang='lat' dir='ltr'><strong>merito</strong></span> <span class='ocrx_word' id='word_1_566' title='bbox 3519 3521 3590 3575; x_wconf 76' lang='lat' dir='ltr'><strong>di.</strong></span> 
     </span>
    </p>
   </div>
   <div class='ocr_carea' id='block_1_73' title="bbox 2007 3615 3595 3690">
    <p class='ocr_par' dir='ltr' id='par_1_73' title="bbox 2007 3615 3595 3690">
     <span class='ocr_line' id='line_1_73' title="bbox 2007 3615 3595 3690; baseline -0.004 -15"><span class='ocrx_word' id='word_1_567' title='bbox 2007 3630 2232 3675; x_wconf 81' lang='lat' dir='ltr'><strong>eerent:</strong></span> <span class='ocrx_word' id='word_1_568' title='bbox 2292 3628 2347 3674; x_wconf 90' lang='lat' dir='ltr'><strong>et</strong></span> <span class='ocrx_word' id='word_1_569' title='bbox 2400 3620 2869 3690; x_wconf 80' lang='lat' dir='ltr'><strong>inexpericntiant</strong></span> <span class='ocrx_word' id='word_1_570' title='bbox 2928 3618 3201 3674; x_wconf 74' lang='lat' dir='ltr'><strong>exhibent</strong></span> <span class='ocrx_word' id='word_1_571' title='bbox 3256 3615 3595 3671; x_wconf 70' lang='lat' dir='ltr'><strong>manifestis-</strong></span> 
     </span>
    </p>
   </div>
   <div class='ocr_carea' id='block_1_74' title="bbox 2010 3709 3599 3769">
    <p class='ocr_par' dir='ltr' id='par_1_74' title="bbox 2010 3709 3599 3769">
     <span class='ocr_line' id='line_1_74' title="bbox 2010 3709 3599 3769; baseline -0.004 0"><span class='ocrx_word' id='word_1_572' title='bbox 2010 3716 2180 3769; x_wconf 88' lang='lat' dir='ltr'><strong>sime:</strong></span> <span class='ocrx_word' id='word_1_573' title='bbox 2215 3715 2259 3768; x_wconf 88' lang='lat' dir='ltr'><strong>si</strong></span> <span class='ocrx_word' id='word_1_574' title='bbox 2297 3730 2433 3768; x_wconf 82' lang='lat' dir='ltr'><strong>vero</strong></span> <span class='ocrx_word' id='word_1_575' title='bbox 2471 3714 2634 3769; x_wconf 91' lang='lat' dir='ltr'><strong>nobis</strong></span> <span class='ocrx_word' id='word_1_576' title='bbox 2692 3714 2870 3768; x_wconf 91' lang='lat' dir='ltr'><strong>solum</strong></span> <span class='ocrx_word' id='word_1_577' title='bbox 2920 3711 3453 3767; x_wconf 80' lang='lat' dir='ltr'><strong>consubstantialem</strong></span> <span class='ocrx_word' id='word_1_578' title='bbox 3511 3709 3599 3763; x_wconf 73' lang='lat' dir='ltr'><strong>dt-</strong></span> 
     </span>
    </p>
   </div>
   <div class='ocr_carea' id='block_1_75' title="bbox 2001 3801 3600 3873">
    <p class='ocr_par' dir='ltr' id='par_1_75' title="bbox 2001 3801 3600 3873">
     <span class='ocr_line' id='line_1_75' title="bbox 2001 3801 3600 3873; baseline -0.004 -12"><span class='ocrx_word' id='word_1_579' title='bbox 2001 3815 2137 3861; x_wconf 89' lang='lat' dir='ltr'><strong>cuut</strong></span> <span class='ocrx_word' id='word_1_580' title='bbox 2164 3807 2476 3863; x_wconf 87' lang='lat' dir='ltr'><strong>Christum.</strong></span> <span class='ocrx_word' id='word_1_581' title='bbox 2512 3807 2695 3861; x_wconf 89' lang='lat' dir='ltr'><strong>Flium</strong></span> <span class='ocrx_word' id='word_1_582' title='bbox 2729 3806 2824 3861; x_wconf 90' lang='lat' dir='ltr'><strong>Dei</strong></span> <span class='ocrx_word' id='word_1_583' title='bbox 2853 3804 3089 3869; x_wconf 87' lang='lat' dir='ltr'><strong>dictum,</strong></span> <span class='ocrx_word' id='word_1_584' title='bbox 3133 3804 3189 3857; x_wconf 94' lang='lat' dir='ltr'><strong>in</strong></span> <span class='ocrx_word' id='word_1_585' title='bbox 3235 3819 3344 3873; x_wconf 90' lang='lat' dir='ltr'><strong>quo</strong></span> <span class='ocrx_word' id='word_1_586' title='bbox 3378 3801 3600 3856; x_wconf 83' lang='lat' dir='ltr'><strong>diil&#39;erat</strong></span> 
     </span>
    </p>
   </div>
   <div class='ocr_carea' id='block_1_76' title="bbox 307 3894 3602 3969">
    <p class='ocr_par' dir='ltr' id='par_1_76' title="bbox 307 3894 3602 3969">
     <span class='ocr_line' id='line_1_76' title="bbox 307 3894 3602 3969; baseline 0 -21"><span class='ocrx_word' id='word_1_587' title='bbox 307 3898 411 3950; x_wconf 85' lang='lat' dir='ltr'><strong>istc</strong></span> <span class='ocrx_word' id='word_1_588' title='bbox 445 3912 475 3949; x_wconf 89' lang='lat' dir='ltr'><strong>a</strong></span> <span class='ocrx_word' id='word_1_589' title='bbox 528 3896 741 3951; x_wconf 70' lang='lat' dir='ltr'><strong>caeteris</strong></span> <span class='ocrx_word' id='word_1_590' title='bbox 774 3896 897 3951; x_wconf 87' lang='lat' dir='ltr'><strong>ﬁliis</strong></span> <span class='ocrx_word' id='word_1_591' title='bbox 928 3897 1013 3950; x_wconf 87' lang='lat' dir='ltr'><strong>dei</strong></span> <span class='ocrx_word' id='word_1_592' title='bbox 1051 3897 1403 3965; x_wconf 84' lang='lat' dir='ltr'><strong>nuncupatis,</strong></span> <span class='ocrx_word' id='word_1_593' title='bbox 1465 3896 1673 3959; x_wconf 86' lang='lat' dir='ltr'><strong>dicant,</strong></span> <span class='ocrx_word' id='word_1_594' title='bbox 1707 3894 1775 3949; x_wconf 90' lang='lat' dir='ltr'><strong>de</strong></span> <span class='ocrx_word' id='word_1_595' title='bbox 1806 3896 2010 3964; x_wconf 91' lang='lat' dir='ltr'><strong>quibus</strong></span> <span class='ocrx_word' id='word_1_596' title='bbox 2050 3901 2325 3969; x_wconf 90' lang='lat' dir='ltr'><strong>prolatum</strong></span> <span class='ocrx_word' id='word_1_597' title='bbox 2360 3909 2443 3954; x_wconf 90' lang='lat' dir='ltr'><strong>est</strong></span> <span class='ocrx_word' id='word_1_598' title='bbox 2471 3915 2501 3955; x_wconf 92' lang='lat' dir='ltr'><strong>a</strong></span> <span class='ocrx_word' id='word_1_599' title='bbox 2530 3900 2684 3955; x_wconf 89' lang='lat' dir='ltr'><strong>Deo:</strong></span> <span class='ocrx_word' id='word_1_600' title='bbox 2727 3917 2745 3950; x_wconf 74' lang='grc' dir='ltr'><strong>ι</strong></span> <span class='ocrx_word' id='word_1_601' title='bbox 2785 3900 2855 3953; x_wconf 82' lang='lat' dir='ltr'><strong>Et</strong></span> <span class='ocrx_word' id='word_1_602' title='bbox 2880 3908 3044 3954; x_wconf 88' lang='lat' dir='ltr'><strong>erunt</strong></span> <span class='ocrx_word' id='word_1_603' title='bbox 3090 3896 3226 3951; x_wconf 89' lang='lat' dir='ltr'><strong>mihi</strong></span> <span class='ocrx_word' id='word_1_604' title='bbox 3278 3897 3332 3951; x_wconf 92' lang='lat' dir='ltr'><strong>in</strong></span> <span class='ocrx_word' id='word_1_605' title='bbox 3385 3896 3525 3951; x_wconf 85' lang='lat' dir='ltr'><strong>ﬁlios</strong></span> <span class='ocrx_word' id='word_1_606' title='bbox 3544 3904 3602 3952; x_wconf 83' lang='lat' dir='ltr'><strong>et</strong></span> 
     </span>
    </p>
   </div>
   <div class='ocr_carea' id='block_1_77' title="bbox 309 3986 2452 4058">
    <p class='ocr_par' dir='ltr' id='par_1_77' title="bbox 309 3986 2452 4058">
     <span class='ocr_line' id='line_1_77' title="bbox 309 3986 2452 4058; baseline 0.002 -16"><span class='ocrx_word' id='word_1_607' title='bbox 309 3988 519 4042; x_wconf 66' lang='lat' dir='ltr'><strong>ﬁlias?»</strong></span> <span class='ocrx_word' id='word_1_608' title='bbox 556 3988 621 4041; x_wconf 83' lang='lat' dir='ltr'><strong>Et</strong></span> <span class='ocrx_word' id='word_1_609' title='bbox 670 4008 686 4038; x_wconf 79' lang='grc' dir='ltr'><strong>ι</strong></span> <span class='ocrx_word' id='word_1_610' title='bbox 729 3988 839 4058; x_wconf 83' lang='lat' dir='ltr'><strong>Ego</strong></span> <span class='ocrx_word' id='word_1_611' title='bbox 868 3987 981 4040; x_wconf 81' lang='lat' dir='ltr'><strong>dixi</strong></span> <span class='ocrx_word' id='word_1_612' title='bbox 1015 4006 1025 4039; x_wconf 94' lang='lat'>:</span> <span class='ocrx_word' id='word_1_613' title='bbox 1054 3987 1138 4040; x_wconf 90' lang='lat' dir='ltr'><strong>Dii</strong></span> <span class='ocrx_word' id='word_1_614' title='bbox 1166 3986 1301 4041; x_wconf 84' lang='lat' dir='ltr'><strong>estis</strong></span> <span class='ocrx_word' id='word_1_615' title='bbox 1324 3994 1379 4041; x_wconf 87' lang='lat' dir='ltr'><strong>et</strong></span> <span class='ocrx_word' id='word_1_616' title='bbox 1412 3986 1511 4040; x_wconf 89' lang='lat' dir='ltr'><strong>ﬁlii</strong></span> <span class='ocrx_word' id='word_1_617' title='bbox 1539 3986 1965 4055; x_wconf 78' lang='lat' dir='ltr'><strong>excelsiomnes</strong></span> <span class='ocrx_word' id='word_1_618' title='bbox 1994 3992 2061 4056; x_wconf 81' lang='lat'><strong>”,</strong></span> <span class='ocrx_word' id='word_1_619' title='bbox 2090 4009 2107 4041; x_wconf 77' lang='grc' dir='ltr'><strong>ι</strong></span> <span class='ocrx_word' id='word_1_620' title='bbox 2140 3998 2197 4046; x_wconf 90' lang='lat' dir='ltr'><strong>et</strong></span> <span class='ocrx_word' id='word_1_621' title='bbox 2228 3990 2452 4046; x_wconf 87' lang='lat' dir='ltr'><strong>similia.</strong></span> 
     </span>
    </p>
   </div>
   <div class='ocr_carea' id='block_1_78' title="bbox 908 4104 1283 4157">
    <p class='ocr_par' dir='ltr' id='par_1_78' title="bbox 908 4104 1283 4157">
     <span class='ocr_line' id='line_1_78' title="bbox 908 4104 1283 4157; baseline 0 0"><span class='ocrx_word' id='word_1_622' title='bbox 908 4104 1161 4157; x_wconf 79' lang='grc' dir='ltr'><strong>ΚΕΦΑΛ.</strong></span> <span class='ocrx_word' id='word_1_623' title='bbox 1204 4106 1283 4157; x_wconf 85' lang='grc' dir='ltr'><strong>Ζ’.</strong></span> 
     </span>
    </p>
   </div>
   <div class='ocr_carea' id='block_1_79' title="bbox 380 4193 1892 4267">
    <p class='ocr_par' dir='ltr' id='par_1_79' title="bbox 380 4193 1892 4267">
     <span class='ocr_line' id='line_1_79' title="bbox 380 4193 1892 4267; baseline 0.001 -18"><span class='ocrx_word' id='word_1_624' title='bbox 380 4197 507 4249; x_wconf 84' lang='grc' dir='ltr'>Υίὸν</span> <span class='ocrx_word' id='word_1_625' title='bbox 564 4197 685 4267; x_wconf 79' lang='grc' dir='ltr'>μὲν,</span> <span class='ocrx_word' id='word_1_626' title='bbox 719 4196 874 4266; x_wconf 73' lang='grc' dir='ltr'>φησὶ,</span> <span class='ocrx_word' id='word_1_627' title='bbox 905 4194 997 4249; x_wconf 89' lang='grc' dir='ltr'><strong>τοῦ</strong></span> <span class='ocrx_word' id='word_1_628' title='bbox 1032 4194 1191 4257; x_wconf 87' lang='grc' dir='ltr'>Θεοῦ,</span> <span class='ocrx_word' id='word_1_629' title='bbox 1228 4193 1387 4263; x_wconf 85' lang='grc' dir='ltr'>φύσει</span> <span class='ocrx_word' id='word_1_630' title='bbox 1419 4194 1511 4247; x_wconf 82' lang='grc' dir='ltr'><strong>τὸν</strong></span> <span class='ocrx_word' id='word_1_631' title='bbox 1554 4194 1689 4248; x_wconf 75' lang='grc' dir='ltr'>Θεὸν</span> <span class='ocrx_word' id='word_1_632' title='bbox 1719 4195 1892 4265; x_wconf 85' lang='grc' dir='ltr'>Λόγον</span> 
     </span>
    </p>
   </div>
   <div class='ocr_carea' id='block_1_80' title="bbox 2644 4103 2953 4161">
    <p class='ocr_par' dir='ltr' id='par_1_80' title="bbox 2644 4103 2953 4161">
     <span class='ocr_line' id='line_1_80' title="bbox 2644 4103 2953 4161; baseline 0 -1"><span class='ocrx_word' id='word_1_633' title='bbox 2644 4103 2797 4161; x_wconf 80' lang='lat' dir='ltr'><strong>CAP.</strong></span> <span class='ocrx_word' id='word_1_634' title='bbox 2840 4104 2953 4159; x_wconf 72' lang='grc' dir='ltr'><strong>νη.</strong></span> 
     </span>
    </p>
   </div>
   <div class='ocr_carea' id='block_1_81' title="bbox 2076 4192 3597 4269">
    <p class='ocr_par' dir='ltr' id='par_1_81' title="bbox 2076 4192 3597 4269">
     <span class='ocr_line' id='line_1_81' title="bbox 2076 4192 3597 4269; baseline -0.005 -17"><span class='ocrx_word' id='word_1_635' title='bbox 2076 4198 2276 4252; x_wconf 82' lang='lat' dir='ltr'><strong>Filium</strong></span> <span class='ocrx_word' id='word_1_636' title='bbox 2300 4198 2546 4269; x_wconf 79' lang='lat' dir='ltr'><strong>quidem,</strong></span> <span class='ocrx_word' id='word_1_637' title='bbox 2572 4198 2772 4267; x_wconf 80' lang='lat' dir='ltr'><strong>inquit,</strong></span> <span class='ocrx_word' id='word_1_638' title='bbox 2800 4197 2915 4259; x_wconf 89' lang='lat' dir='ltr'><strong>Dei,</strong></span> <span class='ocrx_word' id='word_1_639' title='bbox 2938 4202 3137 4249; x_wconf 86' lang='lat' dir='ltr'><strong>natura</strong></span> <span class='ocrx_word' id='word_1_640' title='bbox 3160 4194 3329 4248; x_wconf 90' lang='lat' dir='ltr'><strong>Deum</strong></span> <span class='ocrx_word' id='word_1_641' title='bbox 3353 4192 3597 4247; x_wconf 79' lang='lat' dir='ltr'><strong>Verbum</strong></span> 
     </span>
    </p>
   </div>
   <div class='ocr_carea' id='block_1_82' title="bbox 312 4286 1895 4361">
    <p class='ocr_par' dir='ltr' id='par_1_82' title="bbox 312 4286 1893 4361">
     <span class='ocr_line' id='line_1_82' title="bbox 312 4286 1893 4361; baseline 0 -20"><span class='ocrx_word' id='word_1_642' title='bbox 312 4289 489 4359; x_wconf 87' lang='grc' dir='ltr'>μόνον,</span> <span class='ocrx_word' id='word_1_643' title='bbox 520 4288 611 4341; x_wconf 78' lang='grc' dir='ltr'><strong>τὸν</strong></span> <span class='ocrx_word' id='word_1_644' title='bbox 634 4288 923 4358; x_wconf 81' lang='grc' dir='ltr'>όμοούσιον</span> <span class='ocrx_word' id='word_1_645' title='bbox 954 4287 1032 4358; x_wconf 83' lang='grc' dir='ltr'>τῷ</span> <span class='ocrx_word' id='word_1_646' title='bbox 1066 4286 1241 4359; x_wconf 87' lang='grc' dir='ltr'>Πατρί</span> <span class='ocrx_word' id='word_1_647' title='bbox 1275 4305 1457 4358; x_wconf 88' lang='grc' dir='ltr'>φαμεν</span> <span class='ocrx_word' id='word_1_648' title='bbox 1488 4304 1501 4319; x_wconf 78' lang='grc' dir='ltr'><strong>ο</strong></span> <span class='ocrx_word' id='word_1_649' title='bbox 1538 4288 1629 4341; x_wconf 80' lang='grc' dir='ltr'><strong>τὸν</strong></span> <span class='ocrx_word' id='word_1_650' title='bbox 1654 4288 1711 4341; x_wconf 85' lang='grc' dir='ltr'>δὲ</span> <span class='ocrx_word' id='word_1_651' title='bbox 1757 4289 1893 4361; x_wconf 85' lang='grc' dir='ltr'>Χρι-</span> 
     </span>
    </p>
   </div>
   <div class='ocr_carea' id='block_1_83' title="bbox 2004 4286 3597 4361">
    <p class='ocr_par' dir='ltr' id='par_1_83' title="bbox 2004 4286 3597 4355">
     <span class='ocr_line' id='line_1_83' title="bbox 2004 4286 3597 4355; baseline -0.005 -8"><span class='ocrx_word' id='word_1_652' title='bbox 2004 4292 2197 4355; x_wconf 76' lang='lat' dir='ltr'><strong>solum,</strong></span> <span class='ocrx_word' id='word_1_653' title='bbox 2238 4290 2773 4347; x_wconf 90' lang='lat' dir='ltr'><strong>consubstantialem</strong></span> <span class='ocrx_word' id='word_1_654' title='bbox 2805 4289 2954 4344; x_wconf 82' lang='lat' dir='ltr'><strong>Patri</strong></span> <span class='ocrx_word' id='word_1_655' title='bbox 2985 4288 3264 4343; x_wconf 85' lang='lat' dir='ltr'><strong>dicimus:</strong></span> <span class='ocrx_word' id='word_1_656' title='bbox 3308 4286 3597 4342; x_wconf 85' lang='lat' dir='ltr'><strong>Christum</strong></span> 
     </span>
    </p>
   </div>
   <div class='ocr_carea' id='block_1_84' title="bbox 312 4378 1895 4453">
    <p class='ocr_par' dir='ltr' id='par_1_84' title="bbox 312 4379 1887 4451">
     <span class='ocr_line' id='line_1_84' title="bbox 312 4379 1887 4451; baseline -0.001 -16"><span class='ocrx_word' id='word_1_657' title='bbox 312 4381 451 4443; x_wconf 82' lang='grc' dir='ltr'>στὸν,</span> <span class='ocrx_word' id='word_1_658' title='bbox 486 4380 614 4435; x_wconf 82' lang='grc' dir='ltr'>Υἱὸν</span> <span class='ocrx_word' id='word_1_659' title='bbox 645 4381 744 4451; x_wconf 83' lang='grc' dir='ltr'><strong>μὲν</strong></span> <span class='ocrx_word' id='word_1_660' title='bbox 787 4379 928 4433; x_wconf 85' lang='grc' dir='ltr'>Θεοῦ</span> <span class='ocrx_word' id='word_1_661' title='bbox 974 4380 1485 4451; x_wconf 88' lang='grc' dir='ltr'>προσαγορεύεσθαι</span> <span class='ocrx_word' id='word_1_662' title='bbox 1515 4382 1696 4451; x_wconf 70' lang='grc' dir='ltr'>χάριτι</span> <span class='ocrx_word' id='word_1_663' title='bbox 1735 4381 1887 4451; x_wconf 86' lang='grc' dir='ltr'>λέγο-</span> 
     </span>
    </p>
   </div>
   <div class='ocr_carea' id='block_1_85' title="bbox 2004 4378 3598 4453">
    <p class='ocr_par' dir='ltr' id='par_1_85' title="bbox 2004 4378 3598 4453">
     <span class='ocr_line' id='line_1_85' title="bbox 2004 4378 3598 4453; baseline -0.005 -15"><span class='ocrx_word' id='word_1_664' title='bbox 2004 4400 2129 4439; x_wconf 84' lang='lat' dir='ltr'><strong>vero</strong></span> <span class='ocrx_word' id='word_1_665' title='bbox 2159 4384 2359 4439; x_wconf 84' lang='lat' dir='ltr'><strong>Filium</strong></span> <span class='ocrx_word' id='word_1_666' title='bbox 2396 4383 2495 4437; x_wconf 90' lang='lat' dir='ltr'><strong>Dei</strong></span> <span class='ocrx_word' id='word_1_667' title='bbox 2525 4381 2799 4453; x_wconf 88' lang='lat' dir='ltr'><strong>appellari</strong></span> <span class='ocrx_word' id='word_1_668' title='bbox 2837 4380 3009 4451; x_wconf 87' lang='lat' dir='ltr'><strong>gratia</strong></span> <span class='ocrx_word' id='word_1_669' title='bbox 3048 4389 3323 4443; x_wconf 88' lang='lat' dir='ltr'><strong>tenemus,</strong></span> <span class='ocrx_word' id='word_1_670' title='bbox 3358 4378 3598 4432; x_wconf 90' lang='lat' dir='ltr'><strong>similem</strong></span> 
     </span>
    </p>
   </div>
   <div class='ocr_carea' id='block_1_86' title="bbox 312 4463 1895 4544">
    <p class='ocr_par' dir='ltr' id='par_1_86' title="bbox 312 4468 1891 4544">
     <span class='ocr_line' id='line_1_86' title="bbox 312 4468 1891 4544; baseline 0.001 -17"><span class='ocrx_word' id='word_1_671' title='bbox 312 4491 433 4543; x_wconf 87' lang='grc' dir='ltr'>μεν,</span> <span class='ocrx_word' id='word_1_672' title='bbox 468 4474 655 4544; x_wconf 78' lang='grc' dir='ltr'>ὅμοιον</span> <span class='ocrx_word' id='word_1_673' title='bbox 703 4473 761 4525; x_wconf 75' lang='grc' dir='ltr'><strong>δὲ</strong></span> <span class='ocrx_word' id='word_1_674' title='bbox 796 4468 938 4527; x_wconf 83' lang='grc' dir='ltr'>εἶναι</span> <span class='ocrx_word' id='word_1_675' title='bbox 989 4476 1053 4544; x_wconf 80' lang='grc' dir='ltr'>τῇ</span> <span class='ocrx_word' id='word_1_676' title='bbox 1095 4472 1257 4542; x_wconf 80' lang='grc' dir='ltr'>φύσει</span> <span class='ocrx_word' id='word_1_677' title='bbox 1289 4489 1304 4505; x_wconf 79' lang='grc'><strong><em>⁸</em></strong></span> <span class='ocrx_word' id='word_1_678' title='bbox 1333 4474 1393 4526; x_wconf 79' lang='grc' dir='ltr'><strong>οὐ</strong></span> <span class='ocrx_word' id='word_1_679' title='bbox 1421 4472 1510 4527; x_wconf 81' lang='grc' dir='ltr'><strong>διὰ</strong></span> <span class='ocrx_word' id='word_1_680' title='bbox 1540 4474 1658 4527; x_wconf 83' lang='grc' dir='ltr'>τόδε</span> <span class='ocrx_word' id='word_1_681' title='bbox 1698 4473 1755 4528; x_wconf 74' lang='grc' dir='ltr'><strong>δὲ</strong></span> <span class='ocrx_word' id='word_1_682' title='bbox 1795 4475 1891 4528; x_wconf 81' lang='grc' dir='ltr'><strong>καὶ</strong></span> 
     </span>
    </p>
   </div>
   <div class='ocr_carea' id='block_1_87' title="bbox 2004 4463 3602 4544">
    <p class='ocr_par' dir='ltr' id='par_1_87' title="bbox 2004 4463 3602 4539">
     <span class='ocr_line' id='line_1_87' title="bbox 2004 4463 3602 4539; baseline -0.004 -9"><span class='ocrx_word' id='word_1_683' title='bbox 2004 4494 2129 4532; x_wconf 81' lang='lat' dir='ltr'><strong>vero</strong></span> <span class='ocrx_word' id='word_1_684' title='bbox 2175 4493 2300 4533; x_wconf 88' lang='lat' dir='ltr'><strong>esse</strong></span> <span class='ocrx_word' id='word_1_685' title='bbox 2346 4486 2589 4531; x_wconf 87' lang='lat' dir='ltr'><strong>natura:</strong></span> <span class='ocrx_word' id='word_1_686' title='bbox 2626 4491 2736 4529; x_wconf 88' lang='lat' dir='ltr'><strong>non</strong></span> <span class='ocrx_word' id='word_1_687' title='bbox 2794 4483 2981 4539; x_wconf 81' lang='lat' dir='ltr'><strong>autem</strong></span> <span class='ocrx_word' id='word_1_688' title='bbox 3032 4471 3160 4525; x_wconf 86' lang='lat' dir='ltr'><strong>ideo</strong></span> <span class='ocrx_word' id='word_1_689' title='bbox 3205 4463 3386 4539; x_wconf 82' lang='lat' dir='ltr'><strong>ipsum</strong></span> <span class='ocrx_word' id='word_1_690' title='bbox 3437 4468 3602 4523; x_wconf 82' lang='lat' dir='ltr'><strong>nobis</strong></span> 
     </span>
    </p>
   </div>
   <div class='ocr_carea' id='block_1_88' title="bbox 307 4548 1895 4639">
    <p class='ocr_par' dir='ltr' id='par_1_88' title="bbox 307 4564 1892 4637">
     <span class='ocr_line' id='line_1_88' title="bbox 307 4564 1892 4637; baseline 0.001 -18"><span class='ocrx_word' id='word_1_691' title='bbox 307 4567 571 4636; x_wconf 85' lang='grc' dir='ltr'>ὁμότιμον</span> <span class='ocrx_word' id='word_1_692' title='bbox 593 4564 757 4618; x_wconf 75' lang='grc' dir='ltr'>αὐτὸν</span> <span class='ocrx_word' id='word_1_693' title='bbox 774 4566 905 4635; x_wconf 77' lang='grc' dir='ltr'>ἡμῖν</span> <span class='ocrx_word' id='word_1_694' title='bbox 921 4566 1021 4637; x_wconf 65' lang='grc' dir='ltr'>ἤδη</span> <span class='ocrx_word' id='word_1_695' title='bbox 1044 4566 1454 4635; x_wconf 85' lang='grc' dir='ltr'>παριστάνομεν</span> <span class='ocrx_word' id='word_1_696' title='bbox 1480 4567 1626 4619; x_wconf 85' lang='grc' dir='ltr'>Υἱόν·</span> <span class='ocrx_word' id='word_1_697' title='bbox 1653 4568 1776 4620; x_wconf 75' lang='grc' dir='ltr'>ἐπεὶ</span> <span class='ocrx_word' id='word_1_698' title='bbox 1798 4569 1892 4621; x_wconf 78' lang='grc' dir='ltr'><strong>καὶ</strong></span> 
     </span>
    </p>
   </div>
   <div class='ocr_carea' id='block_1_89' title="bbox 2004 4548 3643 4639">
    <p class='ocr_par' dir='ltr' id='par_1_89' title="bbox 2004 4548 3643 4639">
     <span class='ocr_line' id='line_1_89' title="bbox 2004 4548 3643 4639; baseline -0.005 -14"><span class='ocrx_word' id='word_1_699' title='bbox 2004 4573 2209 4625; x_wconf 80' lang='lat' dir='ltr'><strong>honore</strong></span> <span class='ocrx_word' id='word_1_700' title='bbox 2264 4586 2453 4639; x_wconf 76' lang='lat' dir='ltr'><strong>parent</strong></span> <span class='ocrx_word' id='word_1_701' title='bbox 2503 4569 2703 4623; x_wconf 85' lang='lat' dir='ltr'><strong>Filium</strong></span> <span class='ocrx_word' id='word_1_702' title='bbox 2747 4568 2858 4637; x_wconf 88' lang='lat' dir='ltr'><strong>jam</strong></span> <span class='ocrx_word' id='word_1_703' title='bbox 2907 4562 3273 4634; x_wconf 87' lang='lat' dir='ltr'><strong>proponimus</strong></span> <span class='ocrx_word' id='word_1_704' title='bbox 3317 4579 3330 4615; x_wconf 89' lang='lat'><strong>:</strong></span> <span class='ocrx_word' id='word_1_705' title='bbox 3368 4578 3493 4615; x_wconf 89' lang='lat' dir='ltr'><strong>nam</strong></span> <span class='ocrx_word' id='word_1_706' title='bbox 3545 4548 3643 4616; x_wconf 57' lang='lat' dir='ltr'><strong>et.</strong></span> 
     </span>
    </p>
   </div>
   <div class='ocr_carea' id='block_1_90' title="bbox 310 4651 1895 4733">
    <p class='ocr_par' dir='ltr' id='par_1_90' title="bbox 310 4657 1895 4729">
     <span class='ocr_line' id='line_1_90' title="bbox 310 4657 1895 4729; baseline 0.001 -20"><span class='ocrx_word' id='word_1_707' title='bbox 310 4660 475 4729; x_wconf 79' lang='grc' dir='ltr'>ἡμεῖς</span> <span class='ocrx_word' id='word_1_708' title='bbox 521 4657 769 4727; x_wconf 86' lang='grc' dir='ltr'>χάρισμα</span> <span class='ocrx_word' id='word_1_709' title='bbox 794 4657 1065 4719; x_wconf 86' lang='grc' dir='ltr'>υἱοθεσίας</span> <span class='ocrx_word' id='word_1_710' title='bbox 1106 4657 1372 4727; x_wconf 76' lang='grc' dir='ltr'>ἐλάθομεν</span> <span class='ocrx_word' id='word_1_711' title='bbox 1417 4659 1567 4727; x_wconf 85' lang='grc' dir='ltr'>παρὰ</span> <span class='ocrx_word' id='word_1_712' title='bbox 1602 4657 1737 4711; x_wconf 86' lang='grc' dir='ltr'>Θεοῦ</span> <span class='ocrx_word' id='word_1_713' title='bbox 1759 4700 1774 4723; x_wconf 91' lang='grc'><strong>,</strong></span> <span class='ocrx_word' id='word_1_714' title='bbox 1809 4660 1895 4712; x_wconf 63' lang='grc' dir='ltr'><strong>καὶ</strong></span> 
     </span>
    </p>
   </div>
   <div class='ocr_carea' id='block_1_91' title="bbox 2004 4651 3601 4733">
    <p class='ocr_par' dir='ltr' id='par_1_91' title="bbox 2008 4656 3601 4733">
     <span class='ocr_line' id='line_1_91' title="bbox 2008 4656 3601 4733; baseline -0.005 -16"><span class='ocrx_word' id='word_1_715' title='bbox 2008 4663 2112 4733; x_wconf 91' lang='lat' dir='ltr'><strong>ipsi</strong></span> <span class='ocrx_word' id='word_1_716' title='bbox 2141 4663 2349 4717; x_wconf 81' lang='lat' dir='ltr'><strong>donum</strong></span> <span class='ocrx_word' id='word_1_717' title='bbox 2377 4660 2750 4716; x_wconf 82' lang='lat' dir='ltr'><strong>deiﬁcationis</strong></span> <span class='ocrx_word' id='word_1_718' title='bbox 2771 4658 3088 4727; x_wconf 87' lang='lat' dir='ltr'><strong>accepimus</strong></span> <span class='ocrx_word' id='word_1_719' title='bbox 3121 4672 3151 4709; x_wconf 88' lang='lat' dir='ltr'><strong>a</strong></span> <span class='ocrx_word' id='word_1_720' title='bbox 3182 4656 3317 4719; x_wconf 90' lang='lat' dir='ltr'><strong>Deo,</strong></span> <span class='ocrx_word' id='word_1_721' title='bbox 3343 4663 3399 4709; x_wconf 91' lang='lat' dir='ltr'><strong>et</strong></span> <span class='ocrx_word' id='word_1_722' title='bbox 3427 4656 3601 4725; x_wconf 82' lang='lat' dir='ltr'><strong>gratia</strong></span> 
     </span>
    </p>
   </div>
   <div class='ocr_carea' id='block_1_92' title="bbox 309 4747 1897 4822">
    <p class='ocr_par' dir='ltr' id='par_1_92' title="bbox 309 4747 1897 4822">
     <span class='ocr_line' id='line_1_92' title="bbox 309 4747 1897 4822; baseline 0.001 -20"><span class='ocrx_word' id='word_1_723' title='bbox 309 4750 495 4822; x_wconf 82' lang='grc' dir='ltr'>χάριτί</span> <span class='ocrx_word' id='word_1_724' title='bbox 536 4750 705 4819; x_wconf 80' lang='grc' dir='ltr'>ἐσμεν</span> <span class='ocrx_word' id='word_1_725' title='bbox 740 4750 905 4802; x_wconf 86' lang='grc' dir='ltr'>τέκνα</span> <span class='ocrx_word' id='word_1_726' title='bbox 933 4747 1090 4814; x_wconf 85' lang='grc' dir='ltr'>Θεοῦ,</span> <span class='ocrx_word' id='word_1_727' title='bbox 1122 4749 1215 4803; x_wconf 74' lang='grc' dir='ltr'><strong>καὶ</strong></span> <span class='ocrx_word' id='word_1_728' title='bbox 1246 4749 1572 4819; x_wconf 85' lang='grc' dir='ltr'>κληρονόμοι</span> <span class='ocrx_word' id='word_1_729' title='bbox 1603 4749 1761 4810; x_wconf 81' lang='grc' dir='ltr'>Θεοῦ,</span> <span class='ocrx_word' id='word_1_730' title='bbox 1801 4750 1897 4803; x_wconf 75' lang='grc' dir='ltr'><strong>καὶ</strong></span> 
     </span>
    </p>
   </div>
   <div class='ocr_carea' id='block_1_93' title="bbox 313 4841 1901 4915">
    <p class='ocr_par' dir='ltr' id='par_1_93' title="bbox 313 4841 1901 4915">
     <span class='ocr_line' id='line_1_93' title="bbox 313 4841 1901 4915; baseline -0.001 -18"><span class='ocrx_word' id='word_1_731' title='bbox 313 4842 748 4914; x_wconf 77' lang='grc' dir='ltr'>συγκληρονόμοι</span> <span class='ocrx_word' id='word_1_732' title='bbox 782 4841 947 4895; x_wconf 76' lang='grc' dir='ltr'>αὑτοῦ</span> <span class='ocrx_word' id='word_1_733' title='bbox 992 4843 1227 4912; x_wconf 83' lang='grc' dir='ltr'>Χριστοῦ</span> <span class='ocrx_word' id='word_1_734' title='bbox 1255 4859 1268 4873; x_wconf 72' lang='grc' dir='ltr'><strong>ο</strong></span> <span class='ocrx_word' id='word_1_735' title='bbox 1303 4843 1396 4896; x_wconf 72' lang='grc' dir='ltr'><strong>καὶ</strong></span> <span class='ocrx_word' id='word_1_736' title='bbox 1427 4842 1534 4895; x_wconf 85' lang='grc' dir='ltr'><strong>τῶν</strong></span> <span class='ocrx_word' id='word_1_737' title='bbox 1560 4844 1762 4912; x_wconf 83' lang='grc' dir='ltr'>ὁμοίως</span> <span class='ocrx_word' id='word_1_738' title='bbox 1793 4844 1901 4915; x_wconf 79' lang='grc' dir='ltr'><strong>γὰρ</strong></span> 
     </span>
    </p>
   </div>
   <div class='ocr_carea' id='block_1_94' title="bbox 312 4934 1897 5008">
    <p class='ocr_par' dir='ltr' id='par_1_94' title="bbox 312 4934 1897 5008">
     <span class='ocr_line' id='line_1_94' title="bbox 312 4934 1897 5008; baseline 0 -19"><span class='ocrx_word' id='word_1_739' title='bbox 312 4937 623 5008; x_wconf 86' lang='grc' dir='ltr'>λεγομένων</span> <span class='ocrx_word' id='word_1_740' title='bbox 672 4936 936 4999; x_wconf 82' lang='grc' dir='ltr'>πολλάκις</span> <span class='ocrx_word' id='word_1_741' title='bbox 960 4976 975 5001; x_wconf 92' lang='grc'><strong>,</strong></span> <span class='ocrx_word' id='word_1_742' title='bbox 1007 4936 1212 5004; x_wconf 86' lang='grc' dir='ltr'>άφατος</span> <span class='ocrx_word' id='word_1_743' title='bbox 1245 4934 1563 5005; x_wconf 79' lang='grc' dir='ltr'>εὑρίσκεται</span> <span class='ocrx_word' id='word_1_744' title='bbox 1613 4936 1855 5007; x_wconf 81' lang='grc' dir='ltr'>διαφορά</span> <span class='ocrx_word' id='word_1_745' title='bbox 1883 4953 1897 4967; x_wconf 86' lang='grc'><strong>·</strong></span> 
     </span>
    </p>
   </div>
   <div class='ocr_carea' id='block_1_95' title="bbox 318 5028 1899 5101">
    <p class='ocr_par' dir='ltr' id='par_1_95' title="bbox 318 5028 1899 5101">
     <span class='ocr_line' id='line_1_95' title="bbox 318 5028 1899 5101; baseline -0.001 -18"><span class='ocrx_word' id='word_1_746' title='bbox 318 5031 531 5101; x_wconf 83' lang='grc' dir='ltr'>κυρίως</span> <span class='ocrx_word' id='word_1_747' title='bbox 562 5029 664 5101; x_wconf 84' lang='grc' dir='ltr'>γὰρ</span> <span class='ocrx_word' id='word_1_748' title='bbox 696 5030 790 5083; x_wconf 71' lang='grc' dir='ltr'>καὶ</span> <span class='ocrx_word' id='word_1_749' title='bbox 819 5029 1099 5099; x_wconf 87' lang='grc' dir='ltr'>κτίσματα</span> <span class='ocrx_word' id='word_1_750' title='bbox 1131 5029 1159 5083; x_wconf 87' lang='grc' dir='ltr'><strong>ὃ</strong></span> <span class='ocrx_word' id='word_1_751' title='bbox 1185 5045 1245 5081; x_wconf 88' lang='grc' dir='ltr'><strong>τε</strong></span> <span class='ocrx_word' id='word_1_752' title='bbox 1272 5028 1473 5097; x_wconf 76' lang='grc' dir='ltr'>κώνωψ</span> <span class='ocrx_word' id='word_1_753' title='bbox 1493 5030 1586 5082; x_wconf 73' lang='grc' dir='ltr'><strong>καὶ</strong></span> <span class='ocrx_word' id='word_1_754' title='bbox 1608 5030 1635 5082; x_wconf 90' lang='lat'><strong>6</strong></span> <span class='ocrx_word' id='word_1_755' title='bbox 1668 5030 1899 5097; x_wconf 86' lang='grc' dir='ltr'>ἄγγελος</span> 
     </span>
    </p>
   </div>
   <div class='ocr_carea' id='block_1_96' title="bbox 312 5121 1896 5194">
    <p class='ocr_par' dir='ltr' id='par_1_96' title="bbox 312 5121 1896 5194">
     <span class='ocr_line' id='line_1_96' title="bbox 312 5121 1896 5194; baseline 0 -17"><span class='ocrx_word' id='word_1_756' title='bbox 312 5123 480 5193; x_wconf 77' lang='grc' dir='ltr'>ἄμφω</span> <span class='ocrx_word' id='word_1_757' title='bbox 509 5122 710 5193; x_wconf 75' lang='grc' dir='ltr'>ὁμοίως</span> <span class='ocrx_word' id='word_1_758' title='bbox 744 5122 996 5193; x_wconf 77' lang='grc' dir='ltr'>λέγεται’</span> <span class='ocrx_word' id='word_1_759' title='bbox 1031 5122 1126 5175; x_wconf 87' lang='lat' dir='ltr'><strong>xai</strong></span> <span class='ocrx_word' id='word_1_760' title='bbox 1160 5122 1220 5174; x_wconf 82' lang='grc' dir='ltr'><strong>ού</strong></span> <span class='ocrx_word' id='word_1_761' title='bbox 1248 5122 1398 5194; x_wconf 77' lang='grc' dir='ltr'>παρὰ</span> <span class='ocrx_word' id='word_1_762' title='bbox 1420 5121 1537 5175; x_wconf 86' lang='grc' dir='ltr'>τόδε</span> <span class='ocrx_word' id='word_1_763' title='bbox 1565 5123 1728 5192; x_wconf 83' lang='grc' dir='ltr'>ὅμοιά</span> <span class='ocrx_word' id='word_1_764' title='bbox 1757 5126 1896 5177; x_wconf 81' lang='grc' dir='ltr'>ἐστι’</span> 
     </span>
    </p>
   </div>
   <div class='ocr_carea' id='block_1_97' title="bbox 313 5211 1896 5288">
    <p class='ocr_par' dir='ltr' id='par_1_97' title="bbox 313 5211 1896 5288">
     <span class='ocr_line' id='line_1_97' title="bbox 313 5211 1896 5288; baseline 0.001 -19"><span class='ocrx_word' id='word_1_765' title='bbox 313 5216 448 5270; x_wconf 81' lang='grc' dir='ltr'>πολὺ</span> <span class='ocrx_word' id='word_1_766' title='bbox 480 5216 589 5287; x_wconf 74' lang='grc' dir='ltr'>γὰρ</span> <span class='ocrx_word' id='word_1_767' title='bbox 638 5217 700 5270; x_wconf 77' lang='grc' dir='ltr'><strong>τὸ</strong></span> <span class='ocrx_word' id='word_1_768' title='bbox 729 5217 988 5288; x_wconf 84' lang='grc' dir='ltr'>διάφορον</span> <span class='ocrx_word' id='word_1_769' title='bbox 1040 5216 1254 5269; x_wconf 77' lang='grc' dir='ltr'>αὐτῶν·</span> <span class='ocrx_word' id='word_1_770' title='bbox 1294 5214 1469 5279; x_wconf 77' lang='grc' dir='ltr'>οὕτως</span> <span class='ocrx_word' id='word_1_771' title='bbox 1520 5211 1615 5269; x_wconf 75' lang='grc' dir='ltr'><strong>οὖν</strong></span> <span class='ocrx_word' id='word_1_772' title='bbox 1662 5217 1755 5270; x_wconf 73' lang='grc' dir='ltr'><strong>καὶ</strong></span> <span class='ocrx_word' id='word_1_773' title='bbox 1803 5219 1896 5271; x_wconf 72' lang='grc' dir='ltr'>ἐπὶ</span> 
     </span>
    </p>
   </div>
   <div class='ocr_carea' id='block_1_98' title="bbox 312 5306 1889 5381">
    <p class='ocr_par' dir='ltr' id='par_1_98' title="bbox 312 5306 1889 5381">
     <span class='ocr_line' id='line_1_98' title="bbox 312 5306 1889 5381; baseline 0.001 -20"><span class='ocrx_word' id='word_1_774' title='bbox 312 5308 421 5369; x_wconf 85' lang='grc' dir='ltr'><strong>τῶν</strong></span> <span class='ocrx_word' id='word_1_775' title='bbox 449 5307 595 5362; x_wconf 86' lang='grc' dir='ltr'>θέσει</span> <span class='ocrx_word' id='word_1_776' title='bbox 621 5310 893 5381; x_wconf 76' lang='grc' dir='ltr'>διαφόρων</span> <span class='ocrx_word' id='word_1_777' title='bbox 922 5310 1056 5363; x_wconf 90' lang='grc' dir='ltr'>υἱῶν</span> <span class='ocrx_word' id='word_1_778' title='bbox 1081 5306 1219 5362; x_wconf 86' lang='grc' dir='ltr'>Θεοῦ</span> <span class='ocrx_word' id='word_1_779' title='bbox 1264 5309 1358 5362; x_wconf 78' lang='grc' dir='ltr'><strong>καὶ</strong></span> <span class='ocrx_word' id='word_1_780' title='bbox 1387 5310 1570 5378; x_wconf 84' lang='grc' dir='ltr'>χάριτι</span> <span class='ocrx_word' id='word_1_781' title='bbox 1628 5310 1849 5380; x_wconf 82' lang='grc' dir='ltr'>νοητέον</span> <span class='ocrx_word' id='word_1_782' title='bbox 1876 5328 1889 5340; x_wconf 80' lang='grc'><em>’</em></span> 
     </span>
    </p>
   </div>
   <div class='ocr_carea' id='block_1_99' title="bbox 318 5398 1896 5473">
    <p class='ocr_par' dir='ltr' id='par_1_99' title="bbox 318 5398 1896 5473">
     <span class='ocr_line' id='line_1_99' title="bbox 318 5398 1896 5473; baseline 0.004 -24"><span class='ocrx_word' id='word_1_783' title='bbox 318 5398 566 5462; x_wconf 75' lang='grc' dir='ltr'>πλείονος</span> <span class='ocrx_word' id='word_1_784' title='bbox 622 5400 730 5471; x_wconf 82' lang='grc' dir='ltr'>γὰρ</span> <span class='ocrx_word' id='word_1_785' title='bbox 762 5400 931 5471; x_wconf 76' lang='grc' dir='ltr'>τιμῆς</span> <span class='ocrx_word' id='word_1_786' title='bbox 965 5400 1195 5469; x_wconf 71' lang='grc' dir='ltr'>ἠξίωται</span> <span class='ocrx_word' id='word_1_787' title='bbox 1239 5401 1267 5453; x_wconf 88' lang='lat'><strong>6</strong></span> <span class='ocrx_word' id='word_1_788' title='bbox 1298 5400 1533 5473; x_wconf 81' lang='grc' dir='ltr'>Χριστὸς</span> <span class='ocrx_word' id='word_1_789' title='bbox 1595 5402 1689 5454; x_wconf 71' lang='grc' dir='ltr'><strong>καὶ</strong></span> <span class='ocrx_word' id='word_1_790' title='bbox 1746 5402 1896 5472; x_wconf 85' lang='grc' dir='ltr'><strong>παρά</strong></span> 
     </span>
    </p>
   </div>
   <div class='ocr_carea' id='block_1_100' title="bbox 315 5490 1897 5564">
    <p class='ocr_par' dir='ltr' id='par_1_100' title="bbox 315 5490 1897 5564">
     <span class='ocr_line' id='line_1_100' title="bbox 315 5490 1897 5564; baseline 0.001 -19"><span class='ocrx_word' id='word_1_791' title='bbox 315 5491 527 5561; x_wconf 79' lang='grc' dir='ltr'>Μωῦσῆ</span> <span class='ocrx_word' id='word_1_792' title='bbox 558 5490 649 5544; x_wconf 81' lang='grc' dir='ltr'><strong>τὸν</strong></span> <span class='ocrx_word' id='word_1_793' title='bbox 698 5492 874 5561; x_wconf 86' lang='grc' dir='ltr'>μέγαν</span> <span class='ocrx_word' id='word_1_794' title='bbox 906 5495 963 5545; x_wconf 80' lang='grc' dir='ltr'><strong>ἐν</strong></span> <span class='ocrx_word' id='word_1_795' title='bbox 1020 5494 1354 5564; x_wconf 84' lang='grc' dir='ltr'>προφήταις,</span> <span class='ocrx_word' id='word_1_796' title='bbox 1400 5493 1633 5547; x_wconf 87' lang='grc' dir='ltr'>καθόσον</span> <span class='ocrx_word' id='word_1_797' title='bbox 1674 5493 1897 5547; x_wconf 89' lang='grc' dir='ltr'>πλείονα</span> 
     </span>
    </p>
   </div>
   <div class='ocr_carea' id='block_1_101' title="bbox 312 5580 1662 5652">
    <p class='ocr_par' dir='ltr' id='par_1_101' title="bbox 312 5580 1662 5652">
     <span class='ocr_line' id='line_1_101' title="bbox 312 5580 1662 5652; baseline 0.004 -19"><span class='ocrx_word' id='word_1_798' title='bbox 312 5582 481 5651; x_wconf 80' lang='grc' dir='ltr'>τιμὴν</span> <span class='ocrx_word' id='word_1_799' title='bbox 510 5580 624 5652; x_wconf 81' lang='grc' dir='ltr'>ἔχει</span> <span class='ocrx_word' id='word_1_800' title='bbox 655 5582 752 5636; x_wconf 91' lang='grc' dir='ltr'><strong>τοῦ</strong></span> <span class='ocrx_word' id='word_1_801' title='bbox 791 5585 942 5637; x_wconf 81' lang='grc' dir='ltr'>οἴκου</span> <span class='ocrx_word' id='word_1_802' title='bbox 973 5586 1000 5638; x_wconf 94' lang='lat'><strong>6</strong></span> <span class='ocrx_word' id='word_1_803' title='bbox 1025 5585 1448 5647; x_wconf 81' lang='grc' dir='ltr'>κατασκευάσας</span> <span class='ocrx_word' id='word_1_804' title='bbox 1480 5584 1662 5638; x_wconf 77' lang='grc' dir='ltr'>αὐτόν.</span> 
     </span>
    </p>
   </div>
   <div class='ocr_carea' id='block_1_102' title="bbox 388 5672 1899 5749">
    <p class='ocr_par' dir='ltr' id='par_1_102' title="bbox 388 5672 1899 5749">
     <span class='ocr_line' id='line_1_102' title="bbox 388 5672 1899 5749; baseline 0.003 -23"><span class='ocrx_word' id='word_1_805' title='bbox 388 5675 451 5726; x_wconf 82' lang='lat' dir='ltr'><strong>Ei</strong></span> <span class='ocrx_word' id='word_1_806' title='bbox 482 5672 576 5727; x_wconf 77' lang='grc' dir='ltr'><strong>οὖν</strong></span> <span class='ocrx_word' id='word_1_807' title='bbox 614 5675 690 5746; x_wconf 83' lang='grc' dir='ltr'><strong>μὴ</strong></span> <span class='ocrx_word' id='word_1_808' title='bbox 737 5676 831 5729; x_wconf 76' lang='grc' dir='ltr'><strong>καὶ</strong></span> <span class='ocrx_word' id='word_1_809' title='bbox 872 5675 1046 5730; x_wconf 86' lang='grc' dir='ltr'>ταῦτα</span> <span class='ocrx_word' id='word_1_810' title='bbox 1096 5677 1500 5749; x_wconf 77' lang='grc' dir='ltr'>προσποιεῖσθε,</span> <span class='ocrx_word' id='word_1_811' title='bbox 1562 5678 1677 5732; x_wconf 77' lang='grc' dir='ltr'>ἀλλ’</span> <span class='ocrx_word' id='word_1_812' title='bbox 1728 5678 1899 5742; x_wconf 77' lang='grc' dir='ltr'>ὅντως</span> 
     </span>
    </p>
   </div>
   <div class='ocr_carea' id='block_1_103' title="bbox 318 5769 1897 5850">
    <p class='ocr_par' dir='ltr' id='par_1_103' title="bbox 318 5769 1897 5850">
     <span class='ocr_line' id='line_1_103' title="bbox 318 5769 1897 5850; baseline 0.003 -29"><span class='ocrx_word' id='word_1_813' title='bbox 318 5769 422 5821; x_wconf 71' lang='grc' dir='ltr'><strong>κᾶν</strong></span> <span class='ocrx_word' id='word_1_814' title='bbox 474 5770 641 5840; x_wconf 79' lang='grc' dir='ltr'>τιμῆς</span> <span class='ocrx_word' id='word_1_815' title='bbox 694 5769 786 5824; x_wconf 74' lang='grc' dir='ltr'>καὶ</span> <span class='ocrx_word' id='word_1_816' title='bbox 845 5771 1003 5850; x_wconf 79' lang='grc' dir='ltr'>ἀξίας</span> <span class='ocrx_word' id='word_1_817' title='bbox 1034 5770 1147 5825; x_wconf 71' lang='grc' dir='ltr'>ἴστε</span> <span class='ocrx_word' id='word_1_818' title='bbox 1192 5774 1487 5844; x_wconf 60' lang='grc' dir='ltr'>πρόκρισιν</span> <span class='ocrx_word' id='word_1_819' title='bbox 1531 5773 1623 5826; x_wconf 66' lang='grc' dir='ltr'>ἐπὶ</span> <span class='ocrx_word' id='word_1_820' title='bbox 1657 5772 1897 5844; x_wconf 79' lang='grc' dir='ltr'>Χριστοῦ</span> 
     </span>
    </p>
   </div>
   <div class='ocr_carea' id='block_1_104' title="bbox 394 5924 1534 5991">
    <p class='ocr_par' dir='ltr' id='par_1_104' title="bbox 394 5924 1534 5991">
     <span class='ocr_line' id='line_1_104' title="bbox 394 5924 1534 5991; baseline 0.002 -12"><span class='ocrx_word' id='word_1_821' title='bbox 394 5927 438 5957; x_wconf 78' lang='grc'><strong>³³</strong></span> <span class='ocrx_word' id='word_1_822' title='bbox 470 5924 611 5979; x_wconf 73' lang='lat' dir='ltr'><strong>l’sal.</strong></span> <span class='ocrx_word' id='word_1_823' title='bbox 656 5940 833 5991; x_wconf 74' lang='lat' dir='ltr'><strong>um,</strong></span> <span class='ocrx_word' id='word_1_824' title='bbox 864 5924 915 5981; x_wconf 85' lang='lat'>6.</span> <span class='ocrx_word' id='word_1_825' title='bbox 1008 5926 1051 5957; x_wconf 77' lang='grc'><strong>³⁸</strong></span> <span class='ocrx_word' id='word_1_826' title='bbox 1089 5925 1244 5980; x_wconf 66' lang='lat' dir='ltr'><strong>lion).</strong></span> <span class='ocrx_word' id='word_1_827' title='bbox 1282 5942 1401 5991; x_wconf 82' lang='lat' dir='ltr'><strong>Vill,</strong></span> <span class='ocrx_word' id='word_1_828' title='bbox 1452 5926 1534 5981; x_wconf 90' lang='lat' dir='ltr'><strong>l7.</strong></span> 
     </span>
    </p>
   </div>
   <div class='ocr_carea' id='block_1_105' title="bbox 2008 4748 3599 4818">
    <p class='ocr_par' dir='ltr' id='par_1_105' title="bbox 2008 4748 3599 4818">
     <span class='ocr_line' id='line_1_105' title="bbox 2008 4748 3599 4818; baseline -0.003 -11"><span class='ocrx_word' id='word_1_829' title='bbox 2008 4769 2203 4808; x_wconf 89' lang='lat' dir='ltr'><strong>sumus</strong></span> <span class='ocrx_word' id='word_1_830' title='bbox 2237 4753 2332 4808; x_wconf 88' lang='lat' dir='ltr'><strong>ﬁlii</strong></span> <span class='ocrx_word' id='word_1_831' title='bbox 2360 4753 2475 4816; x_wconf 89' lang='lat' dir='ltr'><strong>Dei,</strong></span> <span class='ocrx_word' id='word_1_832' title='bbox 2507 4761 2564 4806; x_wconf 92' lang='lat' dir='ltr'><strong>et</strong></span> <span class='ocrx_word' id='word_1_833' title='bbox 2588 4750 2837 4806; x_wconf 77' lang='lat' dir='ltr'><strong>lneredes</strong></span> <span class='ocrx_word' id='word_1_834' title='bbox 2866 4749 2983 4814; x_wconf 91' lang='lat' dir='ltr'><strong>Dei,</strong></span> <span class='ocrx_word' id='word_1_835' title='bbox 3004 4757 3060 4804; x_wconf 86' lang='lat' dir='ltr'><strong>et</strong></span> <span class='ocrx_word' id='word_1_836' title='bbox 3083 4748 3402 4803; x_wconf 62' lang='lat' dir='ltr'><strong>cohaeredes</strong></span> <span class='ocrx_word' id='word_1_837' title='bbox 3426 4748 3599 4818; x_wconf 84' lang='lat' dir='ltr'><strong>ipsius</strong></span> 
     </span>
    </p>
   </div>
   <div class='ocr_carea' id='block_1_106' title="bbox 2006 4840 3594 4914">
    <p class='ocr_par' dir='ltr' id='par_1_106' title="bbox 2006 4840 3594 4914">
     <span class='ocr_line' id='line_1_106' title="bbox 2006 4840 3594 4914; baseline -0.005 -13"><span class='ocrx_word' id='word_1_838' title='bbox 2006 4845 2216 4901; x_wconf 89' lang='lat' dir='ltr'><strong>Christi</strong></span> <span class='ocrx_word' id='word_1_839' title='bbox 2234 4848 2299 4900; x_wconf 82' lang='lat'><strong>’°.</strong></span> <span class='ocrx_word' id='word_1_840' title='bbox 2320 4845 2379 4900; x_wconf 90' lang='lat' dir='ltr'><strong>ln</strong></span> <span class='ocrx_word' id='word_1_841' title='bbox 2402 4846 2488 4901; x_wconf 88' lang='lat' dir='ltr'><strong>his</strong></span> <span class='ocrx_word' id='word_1_842' title='bbox 2510 4854 2691 4899; x_wconf 90' lang='lat' dir='ltr'><strong>tamen</strong></span> <span class='ocrx_word' id='word_1_843' title='bbox 2713 4860 2835 4914; x_wconf 62' lang='lat' dir='ltr'><strong>quae</strong></span> <span class='ocrx_word' id='word_1_844' title='bbox 2856 4858 2998 4913; x_wconf 76' lang='lat' dir='ltr'><strong>saepe</strong></span> <span class='ocrx_word' id='word_1_845' title='bbox 3026 4842 3286 4897; x_wconf 89' lang='lat' dir='ltr'><strong>similiter</strong></span> <span class='ocrx_word' id='word_1_846' title='bbox 3308 4840 3594 4905; x_wconf 85' lang='lat' dir='ltr'><strong>dicuntur,</strong></span> 
     </span>
    </p>
   </div>
   <div class='ocr_carea' id='block_1_107' title="bbox 2007 4935 3645 5010">
    <p class='ocr_par' dir='ltr' id='par_1_107' title="bbox 2007 4935 3645 5010">
     <span class='ocr_line' id='line_1_107' title="bbox 2007 4935 3645 5010; baseline -0.003 -16"><span class='ocrx_word' id='word_1_847' title='bbox 2007 4939 2233 4995; x_wconf 85' lang='lat' dir='ltr'><strong>infanda</strong></span> <span class='ocrx_word' id='word_1_848' title='bbox 2264 4940 2541 5010; x_wconf 90' lang='lat' dir='ltr'><strong>reperitur</strong></span> <span class='ocrx_word' id='word_1_849' title='bbox 2574 4938 2931 4993; x_wconf 77' lang='lat' dir='ltr'><strong>diﬁ‘erentia:</strong></span> <span class='ocrx_word' id='word_1_850' title='bbox 2986 4936 3211 5007; x_wconf 87' lang='lat' dir='ltr'><strong>proprie</strong></span> <span class='ocrx_word' id='word_1_851' title='bbox 3253 4935 3401 4989; x_wconf 90' lang='lat' dir='ltr'><strong>enim</strong></span> <span class='ocrx_word' id='word_1_852' title='bbox 3440 4950 3599 4989; x_wconf 86' lang='lat' dir='ltr'><strong>erea—</strong></span> <span class='ocrx_word' id='word_1_853' title='bbox 3638 4994 3645 5003; x_wconf 55' lang='grc'><strong>,</strong></span> 
     </span>
    </p>
   </div>
   <div class='ocr_carea' id='block_1_108' title="bbox 2005 5010 3643 5099">
    <p class='ocr_par' dir='ltr' id='par_1_108' title="bbox 2005 5010 3643 5099">
     <span class='ocr_line' id='line_1_108' title="bbox 2005 5010 3643 5099; baseline -0.003 -15"><span class='ocrx_word' id='word_1_854' title='bbox 2005 5039 2147 5088; x_wconf 72' lang='lat' dir='ltr'><strong>tura:</strong></span> <span class='ocrx_word' id='word_1_855' title='bbox 2173 5038 2229 5085; x_wconf 90' lang='lat' dir='ltr'><strong>et</strong></span> <span class='ocrx_word' id='word_1_856' title='bbox 2257 5031 2419 5085; x_wconf 83' lang='lat' dir='ltr'><strong>culex</strong></span> <span class='ocrx_word' id='word_1_857' title='bbox 2448 5037 2504 5083; x_wconf 91' lang='lat' dir='ltr'><strong>et</strong></span> <span class='ocrx_word' id='word_1_858' title='bbox 2534 5029 2765 5099; x_wconf 79' lang='lat' dir='ltr'><strong>angelus</strong></span> <span class='ocrx_word' id='word_1_859' title='bbox 2796 5027 2961 5083; x_wconf 88' lang='lat' dir='ltr'><strong>ambo</strong></span> <span class='ocrx_word' id='word_1_860' title='bbox 2994 5026 3251 5080; x_wconf 87' lang='lat' dir='ltr'><strong>similiter</strong></span> <span class='ocrx_word' id='word_1_861' title='bbox 3293 5024 3599 5079; x_wconf 80' lang='lat' dir='ltr'><strong>dicuntur:</strong></span> <span class='ocrx_word' id='word_1_862' title='bbox 3636 5010 3643 5039; x_wconf 69' lang='grc'><strong><em>³</em></strong></span> 
     </span>
    </p>
   </div>
   <div class='ocr_carea' id='block_1_109' title="bbox 2002 5106 3643 5180">
    <p class='ocr_par' dir='ltr' id='par_1_109' title="bbox 2002 5106 3643 5180">
     <span class='ocr_line' id='line_1_109' title="bbox 2002 5106 3643 5180; baseline -0.007 -1"><span class='ocrx_word' id='word_1_863' title='bbox 2002 5134 2192 5180; x_wconf 88' lang='lat' dir='ltr'><strong>etnon</strong></span> <span class='ocrx_word' id='word_1_864' title='bbox 2230 5123 2359 5178; x_wconf 90' lang='lat' dir='ltr'><strong>ideo</strong></span> <span class='ocrx_word' id='word_1_865' title='bbox 2390 5123 2603 5178; x_wconf 89' lang='lat' dir='ltr'><strong>similes</strong></span> <span class='ocrx_word' id='word_1_866' title='bbox 2638 5130 2804 5177; x_wconf 89' lang='lat' dir='ltr'><strong>sunt:</strong></span> <span class='ocrx_word' id='word_1_867' title='bbox 2833 5120 3069 5175; x_wconf 89' lang='lat' dir='ltr'><strong>multum</strong></span> <span class='ocrx_word' id='word_1_868' title='bbox 3113 5118 3259 5173; x_wconf 91' lang='lat' dir='ltr'><strong>enim</strong></span> <span class='ocrx_word' id='word_1_869' title='bbox 3292 5116 3599 5171; x_wconf 81' lang='lat' dir='ltr'><strong>diﬁ‘erunt:</strong></span> <span class='ocrx_word' id='word_1_870' title='bbox 3635 5106 3643 5119; x_wconf 73' lang='grc'><strong>“</strong></span> 
     </span>
    </p>
   </div>
   <div class='ocr_carea' id='block_1_110' title="bbox 2002 5206 3602 5287">
    <p class='ocr_par' dir='ltr' id='par_1_110' title="bbox 2002 5206 3602 5287">
     <span class='ocr_line' id='line_1_110' title="bbox 2002 5206 3602 5287; baseline -0.007 -15"><span class='ocrx_word' id='word_1_871' title='bbox 2002 5219 2075 5273; x_wconf 90' lang='lat' dir='ltr'><strong>ita</strong></span> <span class='ocrx_word' id='word_1_872' title='bbox 2105 5217 2277 5287; x_wconf 82' lang='lat' dir='ltr'><strong>igitur</strong></span> <span class='ocrx_word' id='word_1_873' title='bbox 2318 5216 2386 5271; x_wconf 89' lang='lat' dir='ltr'><strong>de</strong></span> <span class='ocrx_word' id='word_1_874' title='bbox 2418 5215 2658 5271; x_wconf 83' lang='lat' dir='ltr'><strong>diversis</strong></span> <span class='ocrx_word' id='word_1_875' title='bbox 2702 5213 2829 5267; x_wconf 88' lang='lat' dir='ltr'><strong>ﬁliis</strong></span> <span class='ocrx_word' id='word_1_876' title='bbox 2861 5212 2958 5267; x_wconf 90' lang='lat' dir='ltr'><strong>Dei</strong></span> <span class='ocrx_word' id='word_1_877' title='bbox 3003 5210 3301 5280; x_wconf 83' lang='lat' dir='ltr'><strong>adOptione</strong></span> <span class='ocrx_word' id='word_1_878' title='bbox 3334 5216 3389 5263; x_wconf 91' lang='lat' dir='ltr'><strong>et</strong></span> <span class='ocrx_word' id='word_1_879' title='bbox 3425 5206 3602 5278; x_wconf 89' lang='lat' dir='ltr'><strong>gratia</strong></span> 
     </span>
    </p>
   </div>
   <div class='ocr_carea' id='block_1_111' title="bbox 2005 5302 3602 5378">
    <p class='ocr_par' dir='ltr' id='par_1_111' title="bbox 2005 5302 3602 5378">
     <span class='ocr_line' id='line_1_111' title="bbox 2005 5302 3602 5378; baseline -0.008 -12"><span class='ocrx_word' id='word_1_880' title='bbox 2005 5308 2409 5366; x_wconf 89' lang='lat' dir='ltr'><strong>sentiendum:</strong></span> <span class='ocrx_word' id='word_1_881' title='bbox 2470 5306 2754 5378; x_wconf 78' lang='lat' dir='ltr'><strong>amplioris</strong></span> <span class='ocrx_word' id='word_1_882' title='bbox 2813 5304 2961 5359; x_wconf 90' lang='lat' dir='ltr'><strong>enim</strong></span> <span class='ocrx_word' id='word_1_883' title='bbox 3018 5303 3206 5375; x_wconf 72' lang='lat' dir='ltr'><strong>gloria:</strong></span> <span class='ocrx_word' id='word_1_884' title='bbox 3257 5302 3458 5373; x_wconf 83' lang='lat' dir='ltr'><strong>dignus</strong></span> <span class='ocrx_word' id='word_1_885' title='bbox 3515 5308 3602 5354; x_wconf 88' lang='lat' dir='ltr'><strong>est</strong></span> 
     </span>
    </p>
   </div>
   <div class='ocr_carea' id='block_1_112' title="bbox 2005 5394 3597 5468">
    <p class='ocr_par' dir='ltr' id='par_1_112' title="bbox 2005 5394 3597 5468">
     <span class='ocr_line' id='line_1_112' title="bbox 2005 5394 3597 5468; baseline -0.008 -11"><span class='ocrx_word' id='word_1_886' title='bbox 2005 5402 2226 5457; x_wconf 88' lang='lat' dir='ltr'><strong>habitus</strong></span> <span class='ocrx_word' id='word_1_887' title='bbox 2269 5401 2547 5466; x_wconf 88' lang='lat' dir='ltr'><strong>Christus,</strong></span> <span class='ocrx_word' id='word_1_888' title='bbox 2594 5406 2651 5453; x_wconf 88' lang='lat' dir='ltr'><strong>et</strong></span> <span class='ocrx_word' id='word_1_889' title='bbox 2686 5413 2797 5468; x_wconf 66' lang='lat' dir='ltr'><strong>prie</strong></span> <span class='ocrx_word' id='word_1_890' title='bbox 2828 5395 3012 5467; x_wconf 83' lang='lat' dir='ltr'><strong>Moyse</strong></span> <span class='ocrx_word' id='word_1_891' title='bbox 3043 5409 3240 5467; x_wconf 82' lang='lat' dir='ltr'><strong>magno</strong></span> <span class='ocrx_word' id='word_1_892' title='bbox 3286 5394 3431 5450; x_wconf 88' lang='lat' dir='ltr'><strong>inter</strong></span> <span class='ocrx_word' id='word_1_893' title='bbox 3466 5406 3597 5461; x_wconf 82' lang='lat' dir='ltr'><strong>pro-</strong></span> 
     </span>
    </p>
   </div>
   <div class='ocr_carea' id='block_1_113' title="bbox 2006 5482 3603 5566">
    <p class='ocr_par' dir='ltr' id='par_1_113' title="bbox 2006 5482 3603 5566">
     <span class='ocr_line' id='line_1_113' title="bbox 2006 5482 3603 5566; baseline -0.009 -16"><span class='ocrx_word' id='word_1_894' title='bbox 2006 5497 2225 5566; x_wconf 86' lang='lat' dir='ltr'><strong>phetas,</strong></span> <span class='ocrx_word' id='word_1_895' title='bbox 2266 5502 2478 5564; x_wconf 90' lang='lat' dir='ltr'><strong>quanto</strong></span> <span class='ocrx_word' id='word_1_896' title='bbox 2511 5490 2837 5561; x_wconf 89' lang='lat' dir='ltr'><strong>ampliorem</strong></span> <span class='ocrx_word' id='word_1_897' title='bbox 2873 5488 3145 5544; x_wconf 89' lang='lat' dir='ltr'><strong>honorem</strong></span> <span class='ocrx_word' id='word_1_898' title='bbox 3180 5485 3352 5542; x_wconf 87' lang='lat' dir='ltr'><strong>habet</strong></span> <span class='ocrx_word' id='word_1_899' title='bbox 3403 5482 3603 5539; x_wconf 82' lang='lat' dir='ltr'><strong>domus</strong></span> 
     </span>
    </p>
   </div>
   <div class='ocr_carea' id='block_1_114' title="bbox 2007 5584 2616 5658">
    <p class='ocr_par' dir='ltr' id='par_1_114' title="bbox 2007 5584 2616 5658">
     <span class='ocr_line' id='line_1_114' title="bbox 2007 5584 2616 5658; baseline -0.008 -17"><span class='ocrx_word' id='word_1_900' title='bbox 2007 5587 2101 5658; x_wconf 91' lang='lat' dir='ltr'><strong>qui</strong></span> <span class='ocrx_word' id='word_1_901' title='bbox 2131 5584 2425 5641; x_wconf 84' lang='lat' dir='ltr'><strong>fabricavit</strong></span> <span class='ocrx_word' id='word_1_902' title='bbox 2444 5584 2616 5638; x_wconf 89' lang='lat' dir='ltr'><strong>illam.</strong></span> 
     </span>
    </p>
   </div>
   <div class='ocr_carea' id='block_1_115' title="bbox 2081 5667 3601 5749">
    <p class='ocr_par' dir='ltr' id='par_1_115' title="bbox 2081 5667 3601 5749">
     <span class='ocr_line' id='line_1_115' title="bbox 2081 5667 3601 5749; baseline -0.011 -15"><span class='ocrx_word' id='word_1_903' title='bbox 2081 5678 2138 5734; x_wconf 88' lang='lat' dir='ltr'><strong>Si</strong></span> <span class='ocrx_word' id='word_1_904' title='bbox 2189 5677 2358 5749; x_wconf 83' lang='lat' dir='ltr'><strong>igitur</strong></span> <span class='ocrx_word' id='word_1_905' title='bbox 2400 5693 2509 5731; x_wconf 90' lang='lat' dir='ltr'><strong>non</strong></span> <span class='ocrx_word' id='word_1_906' title='bbox 2558 5684 2614 5731; x_wconf 87' lang='lat' dir='ltr'><strong>et</strong></span> <span class='ocrx_word' id='word_1_907' title='bbox 2667 5673 2787 5729; x_wconf 84' lang='lat' dir='ltr'><strong>haec</strong></span> <span class='ocrx_word' id='word_1_908' title='bbox 2834 5671 3198 5735; x_wconf 69' lang='lat' dir='ltr'><strong>ailmiseritis,</strong></span> <span class='ocrx_word' id='word_1_909' title='bbox 3228 5667 3324 5725; x_wconf 91' lang='lat' dir='ltr'><strong>sed</strong></span> <span class='ocrx_word' id='word_1_910' title='bbox 3370 5679 3501 5721; x_wconf 83' lang='lat' dir='ltr'><strong>vere</strong></span> <span class='ocrx_word' id='word_1_911' title='bbox 3544 5672 3601 5718; x_wconf 90' lang='lat' dir='ltr'><strong>et</strong></span> 
     </span>
    </p>
   </div>
   <div class='ocr_carea' id='block_1_116' title="bbox 2011 5757 3600 5844">
    <p class='ocr_par' dir='ltr' id='par_1_116' title="bbox 2011 5757 3600 5844">
     <span class='ocr_line' id='line_1_116' title="bbox 2011 5757 3600 5844; baseline -0.009 -18"><span class='ocrx_word' id='word_1_912' title='bbox 2011 5772 2240 5828; x_wconf 89' lang='lat' dir='ltr'><strong>honoris</strong></span> <span class='ocrx_word' id='word_1_913' title='bbox 2262 5779 2320 5827; x_wconf 89' lang='lat' dir='ltr'><strong>et</strong></span> <span class='ocrx_word' id='word_1_914' title='bbox 2341 5770 2629 5844; x_wconf 80' lang='lat' dir='ltr'><strong>dignitatis</strong></span> <span class='ocrx_word' id='word_1_915' title='bbox 2651 5767 2922 5824; x_wconf 88' lang='lat' dir='ltr'><strong>noveritis</strong></span> <span class='ocrx_word' id='word_1_916' title='bbox 2941 5766 3271 5824; x_wconf 87' lang='lat' dir='ltr'><strong>electionem</strong></span> <span class='ocrx_word' id='word_1_917' title='bbox 3294 5760 3360 5816; x_wconf 83' lang='lat' dir='ltr'><strong>de</strong></span> <span class='ocrx_word' id='word_1_918' title='bbox 3378 5757 3600 5816; x_wconf 88' lang='lat' dir='ltr'><strong>Christo</strong></span> 
     </span>
    </p>
   </div>
  </div>
