4006 6516
438 409 587 487 Μ

1695 417 2005 488 LEONTII
2044 420 2427 492 BYZAN'I'IN
2426 429 2454 490 Ι

3569 425 3712 498 1624

433 547 606 610 supra
651 534 884 591 caeteros
929 524 1209 600 homines,
1258 542 1374 588 non
1425 541 1612 592 autem
1666 535 2015 604 substantiae,

2134 538 2274 610 παρὰ
2331 540 2461 605 τοὺς
2508 538 2733 605 λοιποὺς
2769 538 3119 613 ἀνθρώπους,
3149 539 3204 594 sl
3233 537 3333 595 καῖ⁵
3381 540 3459 614 μὴ
3495 542 3709 609 οὐσίας,

434 625 716 702 quomodo
738 625 904 696 paulo
926 633 1055 681 ante
1083 625 1432 685 vocationem
1465 627 1640 698 ipsius
1673 639 1729 686 et
1752 629 2023 688 honorem

434 737 614 795 quem
652 720 871 791 accepit
898 735 932 776 a
964 721 1078 776 Deo
1128 719 1369 777 similem
1411 722 1688 778 vocationi
1725 733 1783 780 et
1821 724 2026 781 honori

436 814 622 871 Aaron
639 812 950 877 affirmatis,
967 813 1099 884 quia
1114 813 1260 870 sicut
1278 822 1336 870 et
1354 814 1560 880 Aaron,
1581 815 1656 870 ita
1675 823 1733 870 et
1769 814 2028 872 Christus

439 905 653 961 dictum
707 885 842 961 est?
889 904 1024 972 Quae
1051 906 1276 976 quidem
1325 907 1495 980 igitur
1541 909 1764 964 tandem
1795 921 2026 980 praater-

439 998 750 1055 mittamus.
774 997 851 1052 De
880 998 1136 1068 exemplo
1159 1000 1347 1056 autem
1377 1009 1568 1055 vestro
1589 1000 1863 1067 dicemus,
1894 1017 2024 1074 per-

439 1086 580 1142 inde"
617 1099 683 1146 ac
711 1089 1009 1158 saporetis,
1030 1104 1065 1145 ο
1085 1091 1368 1160 sophistae,
1407 1093 1613 1149 creatio
1648 1094 1870 1150 diversa
1899 1111 2028 1166 proa

441 1177 602 1234 ducit
628 1185 688 1233 et
725 1187 878 1235 creat
928 1181 1235 1236 secundum
1276 1183 1680 1240 substantiam:
1711 1186 1942 1256 insuper
1974 1197 2030 1244 et

442 1271 580 1328 facit
608 1281 674 1328 ut
704 1282 773 1329 ex
801 1289 913 1328 non
955 1276 1356 1332 exsistenlibus
1395 1277 1527 1344 sint,
1562 1287 1622 1333 ut
1646 1279 1939 1347 dicebatis,
1971 1289 2030 1338 et

445 1366 676 1438 angelus
702 1374 759 1423 et
793 1368 974 1432 culex,
1014 1380 1143 1438 qua
1167 1368 1395 1440 quidem
1431 1379 1630 1427 natdra
1661 1373 1949 1439 diﬂ'erunt,
1975 1383 2032 1430 et

445 1458 522 1515 ita
575 1457 717 1515 facta
763 1469 893 1515 sunt
924 1459 1110 1516 divina
1158 1461 1473 1520 creatione:
1506 1459 1801 1536 quid'ergo
1845 1460 2032 1522 dicitis

443 1551 679 1622 gratiam
709 1551 1135 1609 datamChristo
1165 1551 1542 1610 differentiam
1573 1557 1643 1612 ab
1667 1557 1790 1629 ipso
1822 1558 2032 1616 fecisse

445 1643 754 1703 secundum
800 1645 1171 1702 substantiam
1216 1645 1273 1702 in
1304 1647 1486 1718 aliqua
1523 1663 1607 1715 re,
1633 1660 1732 1706 aut
1777 1653 1930 1707 non?
1973 1653 2031 1709 Si

445 1735 673 1792 minime
703 1736 952 1808 quidem,
1001 1738 1282 1809 quomodo
1335 1741 1552 1812 pariter
1599 1755 1663 1798 ac
1715 1743 2032 1802 diderentia

444 1837 785 1894 creatorum,
813 1827 1131 1886 differentia
1168 1829 1223 1886 in
1267 1832 1447 1903 gratia
1476 1835 1856 1904 perspicitur?
1891 1837 2032 1894 Cum

443 1919 540 1976 illa
589 1920 817 1992 quidem
861 1923 1265 1980 exsistentibus
1307 1924 1473 1982 faciat
1518 1921 1884 1994 differentias,
1925 1930 2032 1986 ista

423 2013 708 2069 vminlme:
745 2014 982 2070 multum
1011 2016 1164 2072 enim
1200 2032 1332 2073 vere
1361 2016 1502 2074 illud
1537 2019 1714 2090 ipsum
1739 2037 1770 2077 a
1797 2021 2033 2079 diversis

443 2103 748 2162 diversum.
776 2106 834 2172 Si
885 2107 1112 2173 fecerit.
1151 2109 1386 2166 evidens
1429 2120 1515 2167 est
1565 2112 1714 2182 quod
1743 2114 2034 2170 meliorem

442 2195 615 2254 edicit
641 2198 946 2254 secundum
977 2209 1233 2256 naturam
1267 2202 1424 2257 illum
1467 2216 1634 2272 quem
1676 2206 2029 2276 gratificavit.

443 2287 659 2361 Quippe
715 2291 887 2363 igitur
930 2293 1223 2349 exsistcnti
1273 2294 1485 2365 aliquid
1539 2297 1845 2352 secundum
1894 2299 2033 2354 sub-

444 2381 704 2438 stantiam
739 2383 928 2438 datum
961 2388 1068 2448 est,
1105 2399 1216 2441 non
1249 2387 1402 2443 enim
1451 2389 1681 2446 minime
1741 2391 2032 2448 exsistenti

443 2470 617 2542 gratia
673 2471 859 2555 datur,
907 2483 1010 2528 nec
1041 2475 1189 2544 quod
1238 2476 1393 2532 nullo
1447 2478 1616 2535 modo
1661 2488 1768 2548 est,
1810 2497 1878 2537 ex
1917 2499 2029 2538 non

448 2562 850 2642 exsistent‘ibus
875 2565 968 2632 sit,
995 2565 1110 2637 ipsa
1118 2567 1286 2634 facit,
1317 2569 1482 2625 aliter
1505 2581 1656 2628 esset
1676 2572 1795 2644 ipsa
1822 2576 2034 2630 creatio

447 2664 506 2711 et
536 2671 648 2711 non
684 2659 882 2728 gratia,
919 2660 1052 2730 quid
1088 2659 1334 2728 Christo,
1383 2679 1508 2719 cum
1545 2664 1648 2722 iste
1691 2675 1839 2723 esset
1869 2677 2032 2724 antea

447 2747 757 2803 secundum
810 2750 1197 2816 substantiam,
1248 2753 1406 2810 dedit
1455 2755 1572 2826 ipsa
1626 2758 1842 2829 gratia?
1887 2760 2032 2826 Quid

450 2838 582 2896 fecit
605 2841 842 2912 amplius
875 2843 930 2896 in
953 2844 1048 2898 illo
1077 2853 1277 2901 natura
1309 2847 1612 2905 ell‘ormans
1640 2858 1696 2905 et
1721 2852 2032 2909 secundum

448 2931 816 2988 substantiam
867 2934 1154 2990 meliorem
1200 2935 1483 2993 efﬁciens?
1529 2939 1587 2995 Si
1621 2941 1770 2996 enim
1815 2943 2032 3000 homini

446 3021 598 3077 nudo
627 3023 817 3078 datum
855 3032 962 3089 est,
1006 3025 1251 3094 primum
1286 3026 1512 3095 quidem
1567 3029 1662 3084 ubi
1707 3038 1766 3085 et
1808 3033 2033 3102 quando

444 3123 567 3168 erat
588 3113 702 3179 ille,
728 3113 1134 3184 dicitezpostea
1165 3115 1340 3186 gratia
1378 3115 1518 3185 ipsa,
1555 3130 1684 3173 cum
1704 3133 1835 3173 vere
1855 3119 2031 3190 gratia

449 3205 735 3261 meliorem
794 3207 948 3262 illum
999 3201 1170 3263 efficit
1205 3208 1513 3292 secondum
1568 3219 1824 3266 naturam
1867 3228 2030 3282 quem
2059 3248 2104 3310 α

448 3296 801 3369 gratificavit,
825 3297 870 3353 si
901 3305 1052 3354 esset
1093 3290 1280 3363 homo,
1313 3299 1606 3381 evidenter
1646 3303 1901 3372 angelum
1938 3312 2035 3358 aut

447 3390 657 3462 aliquid
683 3390 864 3446 simile
896 3389 1206 3446 secundum
1233 3400 1487 3446 naturam
1513 3402 1608 3448 aut
1633 3393 1808 3448 Deum
1840 3409 2035 3451 neces-

446 3480 594 3538 sario
619 3480 786 3537 fecit:
820 3481 964 3537 nihil
987 3481 1135 3537 enim
1178 3481 1330 3540 aliud
1374 3494 1543 3555 super
1577 3484 1694 3540 hec
1733 3486 1920 3556 potius
1952 3494 2037 3543 est

447 3566 673 3630 homine
703 3573 1007 3630 secundum
1038 3563 1439 3634 substantiam:
1465 3576 1512 3633 si
1535 3589 1670 3633 vero
1697 3577 1831 3633 illud
1853 3577 2034 3649 ipsum

446 3660 726 3722 hominem
785 3667 964 3738 ipsum
1030 3669 1338 3737 secundum
1414 3669 1781 3727 substantiam
1830 3673 2030 3730 melius

446 3759 658 3816 faciens
683 3761 858 3832 gratia
887 3759 1099 3828 effecit,
1124 3761 1360 3821 evidens
1389 3762 1538 3834 quod
1566 3764 1775 3835 aliquid
1805 3767 2028 3822 volatile

445 3861 542 3908 aut
573 3868 742 3923 pecus
780 3859 878 3910 aut
925 3853 1118 3923 reptile
1147 3862 1276 3911 ante
1314 3854 1548 3926 gratiam
1581 3864 1702 3913 erat
1731 3857 1835 3912 iste
1862 3872 2030 3928 quem

445 3945 776 4016 gratificavit
811 3945 950 4016 ipsa.
984 3944 1117 4013 Quae
1142 3947 1367 4018 quidem
1399 3947 1569 4019 igitur
1595 3947 1819 4005 videtur
1837 3949 2026 4006 dicere

446 4035 514 4091 de
542 4033 766 4092 Christo
804 4054 818 4092 :
855 4037 1017 4092 aliter
1050 4037 1123 4093 ita
1151 4048 1210 4094 et
1253 4054 1449 4094 omnes
1493 4039 1749 4096 homines
1775 4041 2026 4112 ejusdem

445 4127 638 4200 gratia:
683 4135 741 4183 et
785 4137 913 4184 ante
960 4130 1138 4200 ipsum
1165 4139 1373 4186 etcum
1409 4133 1529 4203 ipso
1573 4138 1630 4187 et
1679 4142 1804 4204 post
1845 4134 2028 4204 ipsum

444 4220 744 4295 participes
768 4229 974 4277 erunt:
1005 4230 1060 4278 et
1095 4222 1319 4294 quidem
1351 4225 1592 4294 amplius
1629 4241 1695 4280 ac
1735 4225 1873 4296 ipse,
1899 4242 2026 4282 cum

2127 631 2246 698 πῶς
2283 633 2392 704 πρὸ
2423 630 2622 704 μικροῦ
2653 631 2753 705 τὴν
2780 631 2980 703 κλῆσιν
3005 631 3174 688 αὐτοῦ
3205 632 3304 687 καὶ
3333 633 3434 705 τὴν
3460 635 3626 706 τιμὴν
3645 636 3712 706 ἢν

2128 725 2287 782 ἔλαϐε
2341 725 2491 796 παρὰ
2517 726 2676 792 Θεοῦ,
2707 727 2899 796 ὁμοίαν
2930 721 3072 780 εἶναι
3106 726 3206 796 τῆς
3251 725 3468 798 ’Δαρὼν
3507 727 3714 796 διισχυ-

2130 819 2369 892 ρίζεσθε,
2395 819 2485 874 διὰ
2524 820 2587 874 τὸ
2645 819 2901 890 καθάπερ
2933 820 3030 873 καὶ⁵
3076 817 3292 890 Ἀαρὼν
3311 860 3327 884 ,
3357 819 3533 882 οὕτως
3559 821 3655 872 καὶ
3685 821 3716 873 ὸ

2129 911 2364 984 Χριστὸς
2397 911 2652 984 εἰρῆσθαι
2676 928 2694 978 ;
2727 912 2837 965 Kal
2857 911 3019 966 τοῦτο
3050 914 3148 982 μὶν
3165 912 3260 966 οὖν
3287 913 3428 976 τέως
3447 913 3714 982 ἀφείσθωο

2129 1004 2264 1076 περὶ
2283 1004 2341 1058 δὲ
2363 1003 2460 1058 τοῦ
2493 1003 2942 1075 παραδείγματος
2967 1004 3126 1074 ὑμῶν
3153 1005 3416 1076 ἐροῦμεν,
3437 1002 3515 1068 ὡς
3538 1007 3588 1058 εἰ
3618 1022 3717 1058 κα-

2128 1100 2397 1162 τανοεϊτε,
2429 1090 2479 1151 ὧ
2511 1098 2788 1166 σοφισταὶς
2814 1098 2848 1169 ἡ
2870 1096 3049 1161 κτίσις
3080 1097 3323 1168 διάφορα
3355 1097 3592 1167 προάγει
3620 1099 3716 1149 καὶ

2130 1190 2308 1255 κτίζει
2357 1188 2481 1244 κατ’
2508 1188 2736 1242 οὐσίαν·
2765 1188 2846 1242 ἔτι
2903 1188 2962 1242 δὲ
3006 1191 3104 1243 καὶ
3157 1190 3224 1243 ἐκ
3271 1189 3348 1261 μὴ
3384 1179 3554 1242 ὅντων
3574 1178 3718 1242 εἶναι

2131 1283 2297 1349 ποιεῖ,
2326 1280 2518 1352 ὥσπερ
2551 1281 2718 1352 ἔφητε
2737 1323 2754 1348 ,
2778 1283 2875 1334 καὶ
2907 1281 3001 1334 τὸν
3032 1278 3268 1351 ἄγγελον
3320 1279 3418 1333 καὶ
3465 1279 3557 1334 τὸν
3609 1278 3719 1332 κώ-

2131 1388 2311 1441 νωπας
2345 1375 2474 1431 τάδε
2505 1375 2574 1428 τὰ
2605 1375 2838 1447 διάφορα
2867 1375 3083 1447 δντατῇ
3114 1372 3302 1443 φύσει,
3332 1365 3434 1426 καὶ
3459 1372 3603 1428 οὕτω
3626 1382 3717 1440 γε-

2130 1464 2333 1535 νόμενα
2365 1465 2474 1519 ὑπὸ
2497 1464 2596 1534 τῆς
2618 1463 2769 1528 Θείας
2797 1463 3048 1527 κτίσεως
3075 1465 3128 1518 τι
3158 1461 3255 1517 οὖν
3282 1479 3457 1533 φατε;
3493 1462 3590 1516 καὶ
3619 1465 3717 1530 τὴν

2131 1558 2378 1613 δοθεῖσαν
2406 1557 2568 1628 χάριν
2595 1556 2820 1628 Χριστῷ
2847 1556 3116 1628 διαφορὰν
3141 1555 3312 1612 αὐτοῦ
3349 1555 3577 1625 ποιῆσαι
3595 1555 3716 1607 κατ’

2131 1650 2323 1703 οὐσίαν
2366 1649 2505 1720 πρός
2557 1648 2700 1719 τι,ἢ
2762 1648 2930 1719 οὐχις
2971 1649 3020 1702 εἰ
3077 1649 3176 1718 μὲν
3236 1645 3349 1719 γὰρ
3407 1645 3566 1717 οὐχὶ,
3597 1644 3719 1707 πῶς

2133 1741 2338 1811 ὁμοίως
2363 1743 2464 1811 τῆς
2505 1741 2775 1812 διαφορᾶς
2802 1724 2914 1794 τών
2941 1739 3202 1806 κτιστῶν,
3233 1740 3267 1810 ἡ
3297 1739 3357 1792 ὲν
3382 1738 3568 1808 χάριτι
3597 1736 3718 1791 δια-ι

2134 1833 2278 1904 φορὰ
2299 1832 2493 1902 ὁρᾶται
2523 1846 2540 1896 ;
2579 1831 2746 1902 εἰπερ
2767 1831 2953 1902 ἐκείνη
2987 1830 3088 1902 μὲν
3116 1831 3262 1883 ποιεί
3296 1827 3578 1890 οὐσιώδεις
3601 1825 3721 1879 δια-

2133 1926 2330 1995 φορὰς,
2365 1915 2506 1994 αὕτη
2553 1922 2610 1978 δὲ
2664 1922 2785 1993 οὐχ(
2808 1939 2824 1954 ·
2857 1921 2994 1976 πολὺ
3045 1921 3156 1994 γὰρ
3187 1919 3265 1984 ὡς
3312 1916 3532 1988 ἀληθῶς
3561 1915 3721 1970 τοῦτο

2131 2017 2268 2070 αὐτὸ
2297 2014 2360 2070 τδ
2405 2016 2518 2070 τῶν
2568 2015 2843 2087 διαφόρων
2861 2013 3121 2086 διάφορον
3149 2026 3165 2042 ⁶
3201 2011 3252 2065 ει
3306 2009 3366 2064 δὲ
3425 2006 3717 2077 πεποίηκε,

2131 2109 2378 2180 δηλονότι
2427 2109 2673 2179 κρειττοῖ
2721 2105 2911 2161 τοῦτον
2943 2104 3087 2160 κατὰ
3129 2103 3231 2175 τὴν
3263 2103 3431 2172 φύσιν
3454 2097 3648 2163 αὐτοῦ,
3674 2089 3721 2164 ᾧ

2133 2201 2460 2274 κεχάρισται
2482 2215 2496 2230 ·
2520 2199 2643 2252 ἐπεὶ
2692 2193 2789 2252 οὖν
2841 2193 2958 2251 δντι
2999 2213 3054 2249 τι
3084 2194 3186 2265 τὴν
3215 2193 3408 2249 οὐσίαν
3438 2192 3599 2262 ὲδόθη
3637 2183 3719 2260 (οὗ

2132 2296 2242 2368 γὰρ
2268 2293 2346 2365 τῷ
2369 2291 2444 2366 μὴ
2471 2289 2588 2346 δντί
2601 2292 2635 2362 ἡ
2661 2290 2842 2362 χάρις,
2872 2287 2995 2343 οὐδὲ
3027 2287 3136 2358 μὴν
3159 2286 3220 2342 τὸ
3240 2287 3421 2357 πάντη
3455 2285 3534 2356 μὴ
3558 2284 3721 2347 διὲκ

2137 2390 2212 2460 μὴ
2242 2388 2412 2443 ὄντων
2445 2383 2582 2442 εἶναι
2621 2385 2761 2456 αὕτη
2799 2385 2946 2438 ποιεῖ
2966 2401 2980 2414 ⁸
3005 2379 3163 2437 ἔσται
3195 2381 3308 2454 γὰρ
3353 2381 3422 2435 ἂν
3452 2377 3598 2434 οὕτω
3626 2379 3722 2433 καὶ

2133 2475 2271 2553 αὕτη
2303 2481 2480 2545 κτίσις
2509 2479 2605 2535 καὶ
2638 2479 2700 2533 οὐ
2730 2477 2938 2551 χάρις),
2966 2478 3020 2532 τί
3049 2473 3162 2534 δντι
3187 2476 3364 2548 τούτῳ
3391 2474 3468 2545 τῷ
3500 2464 3722 2546 Χριστῷ

2132 2576 2256 2630 κατ’
2286 2573 2476 2628 οὐσίαν
2503 2571 2698 2644 πρώην
2731 2570 2890 2640 ἐδόθη
2918 2572 2952 2642 ὴ
2983 2571 3144 2642 χάρις
3168 2567 3310 2638 αὕτη
3336 2586 3351 2631 ;
3384 2568 3482 2623 xci.
3529 2567 3583 2621 τί
3623 2584 3722 2619 πει

2135 2667 2367 2739 ποὶηκεν
2396 2666 2560 2721 αὐτὸν
2591 2659 2732 2719 εἶναι
2760 2666 2827 2736 τῇ
2860 2656 3021 2733 φύσει
3039 2661 3378 2732 ἐγγενομένη
3411 2659 3509 2714 καὶ
3535 2675 3728 2724 κρειτ-

2133 2759 2357 2813 τώσασα
2408 2756 2571 2812 αὐτὸν
2617 2757 2740 2810 κατ’
2773 2754 2966 2809 οὐσίαν
2993 2772 3006 2819 ;
3038 2755 3088 2807 εἰ
3151 2753 3252 2824 μὲν
3293 2752 3405 2823 γὰρ
3447 2750 3732 2820 ἀνθρώπῳ

2134 2851 2279 2923 ψιλῷ
2331 2849 2516 2920 ιδόθη,
2544 2848 2738 2920 πρῶτα
2771 2848 2870 2918 μὲν
2899 2839 3007 2901 ποΰ
3042 2863 3103 2901 τε
3143 2846 3241 2900 καὶ
3270 2847 3401 2899 πότε
3427 2839 3501 2915 ἦν
3540 2836 3728 2907 οὗτος,

2136 2946 2330 3000 εἴπατε
2358 2959 2374 2976 ·
2409 2939 2531 2998 εἶτα
2583 2941 2641 2995 δὲ
2669 2942 2701 3013 ἡ
2739 2940 2901 3011 χάρις
2929 2937 3091 3008 αὕτη,
3118 2937 3278 3016 εἴπερ
3327 2931 3502 2999 δντως
3561 2936 3734 3006 χάρις

2136 3036 2257 3090 ἐστὶ
2286 3031 2616 3106 κρειττοῦσα
2634 3028 2826 3084 τοῦτον
2849 3031 2990 3084 κατὰ
3020 3027 3182 3099 φύσιν
3211 3021 3257 3096 ᾧ
3284 3027 3644 3098 κεχάρισται,
3676 3025 3729 3078 εξ

2141 3127 2429 3199 ἄνθρωπος
2451 3120 2542 3198 ἦν,
2576 3123 2733 3195 δῆλον
2755 3123 2838 3176 ὅτι
2867 3121 3100 3191 ἄγγελον
3135 3117 3169 3192 ἦ
3200 3137 3254 3174 τι
3303 3117 3551 3174 τοιοῦτον
3579 3112 3732 3170 εἶναι

2137 3221 2234 3293 τὴν
2277 3214 2476 3290 φύσιν,
2505 3217 2539 3290 ἥ
2576 3215 2710 3270 Θεὸν
2756 3215 2817 3281 ἐξ
2857 3215 3108 3284 ἀνάγκης
3135 3211 3300 3266 αὐτὸν
3333 3207 3473 3265 εἷναι
3505 3209 3731 3262 δείκνυ-

2138 3329 2227 3367 σιν
2256 3321 2272 3343 ⁶
2300 3309 2454 3365 οὐδὲν
2481 3306 2591 3382 γὰρ
2613 3307 2746 3363 ἄλλο
2775 3305 2929 3378 παρὰ
2957 3305 3110 3368 τάδε,
3145 3304 3397 3374 κρεῖττον
3424 3297 3732 3369 ἀνθρώπου

2132 3403 2232 3476 τὴν
2286 3401 2478 3456 οὐσίαν
2533 3399 2686 3455 ἐστι’
2719 3401 2768 3454 el
2793 3397 2852 3452 δὲ
2884 3397 3014 3452 αὐτὸ
3040 3395 3198 3452 τοῦτο
3240 3394 3530 3467 ἄνθρωπον
3558 3390 3733 3445 αὐτὸν

2133 3488 2258 3552 κατ’
2289 3495 2482 3550 οὐσίαν
2507 3492 2836 3566 κρειττοῦσα
2865 3493 2898 3562 ἡ
2931 3491 3094 3564 χάρις
3149 3488 3403 3558 ἐποίησε,
3435 3486 3599 3556 δῆλον
3649 3483 3732 3547 ὡς

2133 3586 2385 3641 πετεινόν
2413 3600 2468 3640 τι
2574 3585 2772 3655 κτῆνος
2803 3579 2838 3656 ἦ
2873 3582 3074 3654 νηκτδν
3099 3577 3133 3652 ἢ
3162 3577 3400 3651 ἑρπετὸν
3456 3574 3567 3646 πρὸ
3623 3575 3733 3644 τῆς

2133 3676 2358 3750 χάριτος
2408 3673 2476 3751 ἦν
2527 3673 2683 3741 οὗτος
2709 3669 2754 3745 ᾧ
2806 3675 3134 3746 κεχάρισται
3165 3671 3332 3741 αὕτη.
3361 3664 3512 3741 ’Δρά
3539 3684 3602 3737 γε
3630 3663 3734 3720 οὖν

2134 3767 2312 3824 ταῦτα
2353 3768 2452 3838 μὲν
2470 3767 2618 3821 δοκεῖ
2643 3767 2824 3832 λέγειν
2849 3767 2978 3836 περὶ
3007 3760 3246 3835 Χριστοῦ
3277 3781 3292 3823 :
3319 3761 3494 3824 ἄλλως
3535 3775 3596 3811 τε
3629 3757 3729 3810 οὖ-

2133 3879 2246 3925 τως
2298 3860 2396 3915 καὶ
2447 3859 2649 3922 πάντες
2708 3857 2988 3931 ἄνθρωποι
3026 3855 3130 3925 τῆς
3161 3855 3333 3926 αὐτῆς
3361 3853 3588 3925 χάριτος
3631 3849 3732 3905 καὶ

2137 3953 2246 4026 πρὸ
2260 3950 2436 4024 ,αὐτοῦ
2475 3953 2571 4006 καὶ
2617 3952 2717 4006 σὺν
2741 3949 2893 4022 αὐτῷ
2915 3950 3010 4005 καὶ
3037 3948 3156 4021 μετ’
3185 3948 3350 4003 αὐτὸν
3373 3946 3594 3999 ἔσονται
3627 3942 3734 4014 μέ-

2137 4061 2286 4116 τοχοι
2318 4061 2334 4078 ο
2370 4043 2506 4098 ἀλλὰ
2547 4043 2644 4098 καὶ
2681 4042 2885 4114 μᾶλλον
2928 4043 3119 4103 αὐτοῦ.
3145 4042 3210 4095 ὲκ
3245 4039 3462 4109 φύσεως
3496 4035 3735 4109 πρώτης

2136 4137 2353 4210 ἔχοντες
2380 4136 2479 4208 τὴν
2499 4137 2656 4205 ἀξίαν
2671 4136 2771 4208 τῆς
2789 4135 3208 4208 Momm/nmo;
3225 4175 3240 4200 ,
3288 4129 3358 4205 ἦς
3387 4131 3554 4196 αὐτὸς
3583 4129 3733 4185 κατὰ

2134 4231 2298 4304 χάριν
2315 4227 2524 4303 ἠξιώθη
2563 4228 2653 4284 διὰ
2681 4228 2921 4300 φυσικῆς
2951 4227 3352 4300 κρειττώσεως.

445 4329 514 4370 ex
560 4323 754 4371 natura
788 4314 966 4388 prima
999 4314 1238 4371 habeant
1281 4315 1608 4388 dignitatem
1664 4317 2024 4377 humanitatis
2059 4335 2198 4394 qua
2230 4323 2410 4394 ipsum
2476 4321 2654 4392 gratia
2687 4320 2918 4396 dignata
2939 4329 3027 4378 est
3056 4321 3348 4390 meliorem
3392 4315 3732 4374 naturaliter

446 4406 757 4466 efficiendo.

1077 4499 1230 4559 CAP.
1261 4495 1402 4559 Vlll.

515 4596 655 4666 Quid
696 4611 853 4668 ergo,
891 4595 1090 4668 inquit,
1119 4595 1175 4650 in
1211 4594 1777 4654 consubstantialibus
1811 4614 1918 4654 non
1942 4603 2033 4656 est

447 4690 763 4749 differentia
788 4689 977 4746 forsan
1006 4688 1125 4744 auri
1157 4689 1364 4744 metalli
1386 4705 1416 4744 a
1437 4688 1666 4761 plumbo
1689 4698 1784 4744 aut
1807 4707 1836 4747 a
1868 4703 2028 4756 testa.

443 4768 502 4838 et
542 4779 800 4850 Baptistae
843 4779 1074 4838 Joannis
1124 4796 1155 4835 a
1185 4780 1470 4851 proditore
1504 4779 1686 4836 Juda?
1709 4780 1818 4838 Sed
1847 4799 1911 4838 ea
1945 4791 2033 4840 est

445 4874 682 4930 istorum
740 4871 1094 4936 differentia,
1145 4873 1376 4942 optimi;
1433 4873 1527 4930 illa
1581 4883 1666 4931 est
1721 4875 2027 4932 secundum

2741 4503 2994 4558 ΚΕΦᾹΛ.
3037 4498 3118 4558 η’.

2206 4590 2270 4651 Τί
2306 4590 2421 4660 οὗν,
2455 4591 2610 4668 φησὶ,
2640 4597 2698 4649 ἐν
2725 4599 2840 4659 τοῖς
2870 4593 3182 4665 ὁμοουσίοις
3233 4593 3335 4648 οὐκ
3372 4591 3488 4647 ἔστι
3539 4593 3729 4663 διαφο-

2134 4689 2204 4760 9&
2261 4688 2466 4762 χρυσοῦ
2521 4687 2684 4760 τυχὸν
2741 4687 2838 4743 τοῦ
2893 4687 3163 4765 μετάλλου
3204 4685 3344 4756 πρδς
3407 4685 3726 4757 μόλιϐδονῆ

2134 4783 2274 4855 πρδς
2321 4777 2590 4853 ὄστρακον
2616 4824 2631 4846 ,
2662 4782 2757 4836 καὶ
2793 4779 2890 4834 τοῦ
2950 4779 3257 4834 Βαπτιστοῦ
3299 4775 3553 4832 Ἰωάννου
3586 4779 3729 4849 πρὸς

2131 4878 2224 4931 τὸν
2284 4877 2551 4949 προδότην
2595 4876 2837 4942 Ἰούδαν;
2884 4873 3046 4930 Ἀλλὰ
3109 4873 3313 4928 τούτων
3361 4873 3396 4947 ἡ
3463 4871 3725 4941 διαφορὰ.

445 4965 704 5022 accidens
753 4963 1128 5036 inseparabile
1158 4981 1190 5020 a
1216 4966 1450 5036 pulchro
1479 4967 1668 5023 colore
1695 4967 1879 5024 forsan
1914 4978 1970 5023 et
1997 4985 2028 5024 a

2135 4969 2486 5042 βέλτιστοι,η
2525 4968 2626 5041 μὲν
2657 4970 2801 5024 κατὰ
2849 4965 3204 5040 συμϐεϐηκὸς
3228 4965 3538 5038 ἀχώριστον
3587 4962 3726 5018 οὖσα

443 5057 781 5129 quibusdam
819 5057 948 5116 aliis
978 5067 1217 5132 quorum
1249 5057 1541 5116 habendus
1585 5068 1673 5116 est
1707 5069 2028 5132 respectus:

444 5163 550 5204 nec
603 5149 934 5223 simpliciter
977 5166 1081 5207 nec
1113 5165 1336 5222 semper
1364 5167 1468 5208 nec
1493 5151 1798 5210 secundum
1844 5153 2031 5209 omnia

443 5251 673 5311 superat
713 5244 944 5301 alteram
985 5261 1000 5299 :
1053 5261 1167 5302 non
1230 5244 1380 5302 enim
1431 5256 1489 5302 et
1543 5256 1704 5302 tauro
1750 5249 2032 5320 potentius

443 5331 687 5398 videtur,
711 5351 816 5394 nec
845 5338 958 5392 Deo
983 5338 1283 5408 pretiosius
1300 5354 1534 5399 aurum:
1569 5339 1755 5395 adhuc
1783 5341 2030 5412 reperire

443 5432 530 5484 est
559 5425 765 5496 quibus
799 5437 857 5484 et
889 5430 1111 5500 quando
1145 5436 1205 5486 et
1239 5430 1310 5489 de
1352 5431 1558 5503 quibus
1597 5441 1655 5488 et
1688 5432 1804 5501 ubi,
1857 5433 2030 5504 magis

444 5518 756 5574 necessaria
812 5519 924 5574 sint
974 5527 1033 5577 et
1093 5521 1321 5578 utiliora
1374 5523 1667 5597 plumbum
1727 5532 1784 5578 et
1849 5531 2023 5579 testa:

443 5601 630 5666 hancce
656 5607 975 5668 dill‘erentia
1022 5625 1267 5678 rursum,
1299 5612 1942 5678 secundumvirtutcm,
1975 5621 2030 5668 et

444 5715 515 5757 ex
546 5701 692 5758 facto
743 5711 800 5760 et
846 5703 1110 5774 opinione
1157 5704 1389 5761 alterius
1417 5720 1546 5778 erga
1576 5703 1811 5761 alterum
1856 5703 2033 5775 respi-

445 5792 629 5851 citur:
678 5796 960 5866 quomodo
996 5796 1164 5868 igitur
1209 5796 1400 5869 gratia:
1448 5797 1760 5874 differentia
1807 5798 1915 5854 crit
1959 5798 2029 5854 de

2133 5061 2390 5134 εὐχροιας
2421 5063 2584 5134 τυχὸν
2615 5061 2711 5116 καὶ
2759 5061 2932 5116 ποιῶν
2972 5059 3179 5131 ἐτέρων
3209 5059 3418 5128 λόγων,
3451 5057 3596 5127 πρὸς
3642 5058 3725 5122 τὸ,

2133 5153 2320 5209 δοκεῖ·
2361 5155 2456 5208 καὶ
2501 5154 2602 5224 οὐχ
2651 5152 2840 5217 ἁπλῶς
2875 5151 2997 5206 οὐδὲ
3044 5151 3132 5205 ἀεὶ
3179 5147 3301 5205 οὐδδ
3344 5148 3486 5203 κατὰ
3540 5147 3726 5202 πάντα

2135 5245 2393 5319 ὑπερέχει
2447 5244 2689 5317 θατέρας
2716 5261 2732 5275 ·
2765 5245 2827 5300 οὗ
2856 5245 2964 5318 γὰρ
2985 5244 3052 5316 δὴ
3084 5244 3182 5300 καὶ
3229 5242 3418 5314 ταύρῳ
3451 5241 3727 5310 κρείττων

2131 5337 2312 5403 δοκεῖ,
2343 5335 2458 5390 ἀλλ’
2505 5335 2632 5392 οὐδὲ
2671 5335 2792 5407 Θεῷ
2822 5334 3151 5408 τιμιώτερος
3179 5337 3207 5390 ὁ
3246 5334 3448 5406 χρυσός
3481 5350 3496 5365 ο
3531 5333 3618 5386 ἔτι
3662 5332 3724 5386 δὲ

2131 5424 2213 5496 οἷς
2244 5447 2304 5484 τε
2336 5429 2430 5484 καὶ
2449 5429 2539 5485 ὅτε
2571 5430 2666 5484 καὶ
2700 5430 2786 5500 ἐφ’
2811 5423 2886 5484 ὧν
2917 5429 3011 5484 καὶ
3031 5423 3116 5495 οἷ,
3148 5427 3579 5498 ἀναγκαιότερος
3624 5423 3723 5479 καὶ

2132 5519 2550 5594 χρησιμώτερος
2576 5523 2605 5576 ὃ
2644 5539 2704 5576 τε
2738 5521 2987 5593 μόλιῦδος
3026 5521 3123 5577 καὶ
3148 5521 3211 5576 τὸ
3242 5520 3512 5592 ὄστρακον
3551 5534 3568 5550 ·
3599 5519 3633 5589 ή
3662 5518 3722 5573 δὲ

2135 5617 2298 5688 ἑτέρα
2339 5615 2578 5689 διαφορὰ
2631 5617 2819 5682 πάλιν,
2853 5615 2995 5672 κατὰ
3064 5615 3289 5688 ἀρετὴν,
3319 5614 3414 5668 καὶ
3455 5613 3516 5678 ἐξ
3547 5612 3723 5684 ἔργου

2133 5708 2227 5762 καὶ
2273 5707 2501 5780 γνώμης
2555 5706 2672 5762 ἐστὶ
2723 5707 2952 5778 Θατέρου
2986 5696 3380 5776 πρὸςὮάτερον
3402 5703 3668 5775 ὁρωμένη
3698 5717 3718 5734 ο

2131 5797 2248 5862 πῶς
2273 5794 2366 5852 οὖν
2395 5797 2619 5869 χάριτος
2649 5796 2804 5851 ἔσται
2830 5796 3065 5869 διαφορὰ
3087 5797 3180 5851 ἐπὶ
3208 5792 3472 5867 Χριστοῦ,
3496 5795 3546 5846 εἰ
3573 5792 3722 5848 κατά

447 5885 685 5956 Christo,
719 5889 762 5947 si
803 5890 958 5962 juxta
1007 5890 1213 5963 aliquid
1265 5906 1439 5946 unum
1480 5908 1545 5947 ex
1585 5892 1703 5946 istis
1730 5893 1905 5948 solum
1941 5902 2026 5948 cst

2134 5909 2182 5944 τι
2216 5890 2384 5946 τῶνδέ
2433 5892 2582 5946 ἐστιν
2606 5891 2641 5962 ἡ
2679 5889 2924 5963 ὑπεροχὴ
2952 5889 3120 5946 αὐτοῦ
3153 5887 3288 5961 πρὸς
3316 5889 3465 5958 ἡμᾶς
3502 5886 3668 5957 μόνον
3697 5900 3716 5952 ξ
