4042 6558
374 448 516 519 1625

1289 442 1686 514 ADVERSUS
1724 442 2363 510 NESTORIANOS.—
2393 441 2540 508 LIB.
2586 440 2701 506 Ill.

3511 441 3649 508 1626

367 567 449 638 τῷ
482 568 591 636 γὰρ
641 564 998 638 ἐργαζομένῳ
1058 565 1262 621 δίδοται
1312 566 1414 637 μὲν
1463 565 1676 637 μισθὸς,
1707 565 1769 618 οὐ
1811 565 1941 618 κατὲ

2057 577 2226 632 supra
2265 578 2369 617 nos
2395 562 2571 631 ipsius
2600 555 2969 616 excellentia?
2994 559 3256 629 Operanti
3295 559 3444 617 enim
3481 560 3648 616 datur

369 659 529 729 χάριν
557 657 635 721 δὲ,
667 657 805 711 ἄλλά
831 658 952 712 κατ’
981 657 1260 729 ὀφείλημα
1290 674 1305 689 ·
1334 674 1364 729 γι
1394 658 1456 710 Εἰ
1486 657 1543 711 δὲ
1577 657 1720 711 κατὰ
1752 657 1949 728 χάριν,

367 753 469 807 οὐκ
493 750 553 816 ἐξ
574 750 753 822 ἔργων
784 767 797 780 ’
838 752 961 804 ὲπεὶ
989 753 1021 823 ή
1051 751 1210 823 χάρις
1269 751 1454 804 οὐκέτι
1489 750 1695 817 γίνεται
1718 753 1900 824 χάρις,
1925 770 1945 803 ι

366 842 443 906 ὡς
501 843 718 914 εἴρηται
738 859 752 873 ⁸
785 843 962 907 ἄλλως
1007 843 1065 896 δὲ
1130 843 1177 896 εί
1210 843 1244 913 ἠ
1274 842 1434 914 χάρις
1465 842 1604 913 αῦτη
1635 842 1786 914 καὶὴ
1817 841 1951 914 τιμὴ

368 929 434 1006 ἧς
463 932 693 1005 ἠξίωται
727 934 964 1008 Χριστὸς
994 934 1259 1004 διαφορὰν
1284 932 1429 987 ποιεῖ
1458 936 1551 987 καὶ¹
1585 936 1721 1006 πρὸς
1751 933 1843 989 τὸν
1891 936 1950 990 ὲν

365 1027 679 1096 προφήταις
736 1024 1013 1096 ἐξαίρετον
1062 1024 1295 1094 Μωῦσῆ,
1338 1023 1571 1078 καθόσον
1602 1023 1831 1079 πλείονα
1864 1043 1948 1079 τι.

368 1118 477 1187 μὴν
531 1116 644 1187 ἔχει
680 1115 774 1170 τοῦ
819 1116 971 1170 οἴκου
1002 1116 1031 1169 ὁ
1081 1115 1506 1181 κατασκευάσας
1568 1116 1758 1184 αὐτὸν,
1788 1117 1949 1189 δῆλον

362 1202 446 1263 ὅτι
476 1210 699 1264 κτίστου
734 1209 869 1282 πρὸς
895 1210 1125 1280 κτίσμα,
1174 1208 1415 1278 τοσαύτη
1472 1209 1621 1262 ἐστὶν
1652 1210 1685 1278 ή
1716 1209 1951 1283 διαφορὰ

361 1303 397 1373 ἡ
430 1301 525 1357 ἀπ’
558 1303 731 1373 αὐτῆς
764 1303 1099 1374 ἐγγινομένη
1134 1303 1247 1367 τοῖς
1280 1302 1532 1373 μετόχοις
1570 1302 1775 1372 αὐτῆς,
1812 1305 1951 1375 πρδς

362 1393 491 1455 τοὺς
541 1392 734 1465 πρώην
770 1392 992 1465 ὁμοίους
1038 1392 1251 1447 αὐτῶν·
1281 1394 1384 1447 οὐκ
1435 1393 1547 1465 ἄρα
1580 1393 1743 1471 ἀρκεῖ
1769 1394 1951 1468 οὗδὲή

362 1480 459 1535 τοῦ
502 1482 738 1551 ἀγγέλου
773 1483 912 1554 πρὸς
940 1481 1180 1538 κώνωπα
1228 1482 1454 1549 διένεξις
1486 1484 1713 1557 φυσικὴ,
1748 1480 1782 1556 ἢ
1814 1503 1948 1559 χρυ-

364 1574 459 1629 σοῦ
519 1575 656 1647 πρὸς
713 1575 1013 1648 ὄστρακον,
1066 1575 1233 1649 ἄμφω
1301 1577 1536 1633 κτιστῶν
1591 1577 1781 1642 ὄντων,
1845 1578 1951 1635 κᾶν

362 1665 624 1737 ὑπερέχοι
638 1683 691 1720 τι
705 1666 933 1740 Θάτερον
951 1668 1204 1740 θατέρου,
1223 1670 1302 1733 είς
1321 1670 1679 1741 παράδειγμα
1690 1670 1788 1742 τῆς
1808 1672 1951 1727 κατὰ

362 1757 596 1826 Χριστὸν
610 1758 868 1831 διαφόρου
898 1761 1033 1829 πρὸς
1049 1756 1194 1832 ήμᾶς
1219 1757 1461 1833 χάριτος·
1491 1762 1664 1835 είγὰρ
1696 1761 1773 1835 μὴ
1788 1763 1949 1835 ὃμοια

362 1844 503 1904 εἶναι
565 1852 718 1904 ποιεῖ
768 1851 924 1924 καὶὴ
959 1853 1038 1916 είς
1074 1850 1223 1924 ἡμᾶς
1248 1854 1354 1909 ὑπὸ
1380 1854 1518 1909 Θεοῦ
1552 1857 1688 1927 τιμὴ
1718 1857 1813 1911 καὶ
1846 1857 1949 1927 χά-

2052 652 2279 723 quidem
2311 668 2551 717 merces,
2593 668 2705 709 non
2739 668 2871 707 vero
2916 654 3220 708 secundum
3267 653 3521 723 gratiam,
3548 652 3645 707 sed

2049 744 2357 802 secundum
2392 746 2683 801 debitum:
2727 764 2744 796 ι
2781 744 2837 799 Si
2860 754 3047 802 autem
3082 761 3149 801 ex
3176 745 3504 817 gratia,jam
3532 761 3645 800 non

2049 856 2118 896 ex
2152 840 2442 911 operibus:
2468 836 2714 908 alioquin
2739 839 3046 909 gratiajam
3079 855 3188 893 non
3217 848 3305 894 est
3325 839 3500 910 gratia
3524 840 3591 904 ³¹,
3620 858 3637 890 ι

2050 932 2260 989 dictum
2311 942 2434 989 est:
2463 932 2625 987 aliter
2671 940 2894 986 autem:
2931 931 2987 986 Si
3020 931 3195 1003 gratia
3226 931 3341 1003 ipsa
3378 940 3434 988 et
3463 932 3644 987 honor

2049 1028 2209 1097 cujus
2269 1026 2473 1095 dignus
2528 1024 2754 1079 habitus
2809 1032 2897 1079 est
2945 1023 3201 1080 Christus
3275 1024 3643 1080 differentiam

2046 1118 2216 1175 efficit
2268 1134 2299 1175 a
2338 1116 2523 1191 Moyse
2571 1117 2719 1172 inter
2772 1117 3075 1188 prephetas
3128 1117 3450 1188 conspicuo,
3493 1125 3549 1173 et
3571 1117 3644 1173 sit

2050 1213 2288 1283 amplior
2330 1220 2540 1282 quanto
2570 1203 2896 1280 ampliorem
2933 1210 3197 1264 honorem
3246 1209 3415 1265 habet
3444 1212 3645 1265 domus

2050 1304 2148 1374 qui
2196 1303 2486 1361 fabricavit
2537 1303 2710 1380 illam,
2738 1300 2971 1358 evidens
3003 1313 3088 1357 est
3121 1300 3270 1372 quod
3314 1302 3545 1356 artificis
3573 1302 3643 1356 ab

2049 1408 2219 1467 opere
2257 1404 2409 1452 tanta
2454 1395 2526 1452 sit
2573 1390 2893 1450 differentia
2931 1402 3134 1463 quanta
3184 1393 3373 1464 gratiae
3416 1393 3644 1464 partici-

2054 1489 2310 1561 pantium
2338 1488 2407 1544 ab
2446 1486 2557 1544 illis
2585 1487 2680 1559 qui
2707 1495 2869 1542 antea
2914 1485 3061 1541 inter
3103 1501 3162 1541 se
3197 1484 3409 1539 similes
3443 1495 3642 1539 erant:

2049 1593 2159 1637 nun
2191 1590 2342 1637 certe
2364 1580 2567 1637 sufficit
2588 1594 2770 1651 neque
2798 1577 2976 1650 angeli
3013 1593 3043 1633 a
3069 1577 3246 1634 culice
3274 1576 3645 1648 discrepantia

2051 1674 2347 1740 naturalis,
2376 1681 2474 1729 aut
2502 1671 2624 1727 auri
2669 1687 2699 1726 a
2742 1677 2905 1737 testa,
2935 1686 3055 1741 qua:
3081 1668 3244 1724 ambo
3282 1677 3466 1723 creata
3492 1675 3644 1732 sunt,

2049 1765 2268 1821 etiamsi
2310 1767 2548 1821 alterum
2585 1763 2760 1819 altero
2801 1762 3008 1833 aliquid
3069 1767 3317 1831 superet,
3353 1759 3408 1813 in
3459 1774 3647 1814 exem-

2050 1859 2202 1930 plum
2235 1857 2430 1929 gratia:
2456 1872 2582 1927 qua:
2611 1854 2756 1927 apud
2803 1853 3089 1909 Christum
3129 1852 3319 1909 differt
3357 1868 3388 1907 a
3439 1851 3638 1906 nobis:

366 1958 471 2010 ρις.
507 1941 624 1996 ἀλλ’
652 1942 685 2014 ἢ
721 1943 846 2005 ὅσον
899 1945 1122 1999 κτίστου
1155 1946 1291 2017 πρὸς
1340 1945 1550 2017 κτίσμα
1578 1946 1815 2020 διαφορὰ
1844 1965 1941 2020 φυε

2050 1951 2096 2006 si
2142 1950 2292 2004 enim
2336 1964 2448 2004 non
2479 1948 2681 2019 similia
2720 1948 2924 2003 faciant
2972 1947 3154 2002 honor
3194 1955 3251 2002 et
3284 1945 3458 2017 gratia
3482 1945 3577 2015 qui
3612 1960 3645 2000 a

360 2019 615 2086 λάττεται
639 2032 699 2087 ὲν
725 2033 863 2104 ήμτν
893 2033 988 2095 καὶ
1029 2032 1181 2107 αὐτῷ
1237 2036 1331 2089 ἐπὶ
1360 2040 1480 2102 ταῖς
1515 2037 1689 2104 θείαις
1730 2019 1942 2112 χάρισι,

364 2123 595 2195 κτίστην
625 2124 844 2198 ἀληθῶς
872 2128 968 2181 καὶ
996 2128 1056 2182 οὐ
1087 2128 1295 2201 κτίσμα
1324 2131 1561 2202 Χριστὸν
1591 2135 1753 2206 μόνον
1800 2153 1944 2209 παρ-

364 2210 577 2289 ίστησιν
604 2208 746 2274 εἶναι
771 2221 804 2290 ή
831 2220 1161 2294 ἐγγινομένη
1198 2222 1350 2295 αὐτῷ
1399 2224 1563 2296 χάρις
1592 2241 1608 2258 ’
1643 2225 1771 2281 οὔτε
1820 2229 1942 2283 καθ’

361 2308 510 2379 ἡμᾶς
552 2304 667 2375 οὖν,
724 2309 848 2365 οὔτε
886 2312 1028 2365 κατὰ
1050 2308 1265 2385 Μωῦσῆ
1295 2314 1388 2368 τὸν
1421 2313 1600 2386 μέγαν
1624 2310 1754 2371 ὂντα
1783 2317 1946 2389 μόνον

359 2395 637 2453 δείκνυσιν
675 2400 860 2468 αὐτὸν,
887 2401 1027 2455 ἀλλὰ
1061 2401 1153 2455 καὶ
1200 2397 1566 2477 Θεδνοσαφῶς
1589 2419 1605 2435 ·
1640 2404 1804 2478 μόνου
1835 2410 1945 2481 γὰρ

358 2489 494 2544 Θεοῦ
541 2491 601 2545 τὸ
640 2491 846 2557 κτίζειν
873 2493 968 2547 καὶ
1013 2492 1453 2560 κατασκευάζειν
1480 2496 1545 2550 ἐκ
1577 2496 1653 2569 μὴ
1678 2497 1848 2553 ὅντων
1876 2500 1945 2555 τὰ

359 2580 539 2633 πάντα
564 2594 580 2610 ⁶
635 2581 855 2636 πάντων
906 2582 964 2637 δὲ
1016 2582 1126 2637 τῶν
1176 2584 1317 2655 μετὰ
1372 2585 1528 2652 Θεὸν,
1558 2587 1620 2641 τὸ
1661 2588 1944 2653 κτίζεσθαι

361 2671 492 2727 ἴδιον
520 2688 536 2703 ο
567 2674 676 2728 τιῖιν
707 2674 807 2746 μὲν
863 2675 969 2730 ὑπὸ
999 2676 1138 2731 Θεοῦ
1170 2678 1417 2750 άμέαως,
1455 2680 1566 2733 τῶν
1600 2680 1657 2735 δὲ
1708 2683 1805 2737 καὶ
1854 2684 1945 2740 διά

356 2780 503 2830 τινος
535 2765 705 2845 μέσου
724 2767 835 2822 τῶν
860 2771 925 2823 ὲκ
943 2768 1079 2825 Θεοῦ
1104 2771 1548 2843 προκτισθὲντων
1569 2790 1583 2805 ο
1623 2773 1820 2830 οὐκοῦν
1845 2793 1943 2830 σα-

359 2856 476 2927 φῶς
504 2860 532 2912 ὁ
562 2857 787 2930 χάριτος
825 2860 919 2914 καὶ
946 2861 1116 2933 τιμῆς
1142 2862 1398 2928 ἀξιωθεὶς
1427 2866 1666 2933 τοιᾶσδε,
1697 2868 1792 2923 καὶ
1819 2870 1941 2924 κτίη

360 2965 493 3019 στης
520 2951 637 3003 ἐστὶ
665 2951 759 3003 καὶ
788 2951 943 3017 Θεὸς,
973 2953 1067 3007 καὶ
1096 2953 1204 3007 τῶν
1241 2953 1379 3010 ὅλων
1436 2956 1688 3027 Χριστὸς,
1726 2957 1831 3011 κᾶν
1867 2958 1943 3031 μὴ

362 3041 615 3113 βούλεσθε
636 3058 649 3072 °
683 3042 797 3096 ἀλλ’
824 3031 899 3097 ὧν
924 3062 1059 3114 φατε
1093 3045 1293 3114 λογίων
1322 3046 1481 3118 ὑμεῖς
1511 3048 1611 3121 τὴν
1643 3049 1877 3121 δύναμιν
1905 3050 1940 3123 ἢ

358 3133 450 3187 τὸν
508 3133 710 3187 σκοπὸν
765 3135 864 3207 οὐχ
922 3136 1108 3207 ὁρᾶτε,
1141 3136 1193 3191 oi
1240 3137 1526 3204 δοκοῦντες
1559 3135 1690 3212 παρ’
1724 3142 1940 3207 ἑαυτοῖς

359 3224 605 3295 ἀκριϐεῖς
634 3223 777 3279 εἶναι
810 3226 917 3280 τῶν
944 3227 1154 3299 νοητῶν
1179 3227 1579 3302 διαγνὼμονες.
1692 3258 1705 3283 ι

439 3508 604 3564 Ἀλλὰ
632 3510 726 3586 νῦν
754 3513 803 3565 of
838 3512 1040 3583 κομψοὶ
1074 3511 1262 3585 ὥσπερ
1296 3514 1523 3585 χάριτος
1551 3513 1820 3587 διαφορὰς
1851 3516 1945 3570 καὶ

357 3604 548 3673 τιμῆς,
582 3604 753 3667 οὕτως
781 3606 875 3660 καὶ
904 3606 1189 3659 υίοθεσιῶν
1232 3607 1512 3677 βούλονται
1549 3606 1721 3674 δεῖξαι
1753 3610 1819 3663 ὲκ
1844 3611 1944 3681 τῆς

361 3696 521 3766 ἁγίας
545 3698 772 3769 Γραςῆς
796 3712 812 3727 ⁶
849 3699 937 3752 ἵνα
962 3700 1012 3752 εί
1035 3700 1127 3754 καὶ
1155 3700 1223 3754 τά
1245 3701 1382 3755 αὐτὰ
1411 3701 1543 3774 ἡμῖν
1570 3703 1664 3756 καὶ
1694 3703 1787 3757 ἐπὶ
1810 3703 1943 3771 Χρι-

363 3788 491 3842 στοῦ
523 3789 765 3859 λέγουσι,
801 3789 1003 3857 δόξοιὲν
1031 3808 1083 3844 τι
1111 3792 1369 3864 περισσὸν
1401 3792 1549 3864 αὑτῷ
1576 3793 1774 3849 διδόναι
1802 3795 1943 3866 ὑπὲρ

358 3880 529 3953 ἡμᾶς,
562 3881 655 3935 καὶ
682 3880 757 3953 μή
784 3882 959 3955 πάντη
991 3885 1155 3938 πᾶσιν
1186 3885 1373 3956 ὅμοιον
1401 3885 1612 3940 οἴεσθαι
1647 3903 1660 3918 ·
1690 3888 1856 3958 ἡμεῖς
1883 3887 1941 3941 δὲ

358 3972 441 4027 δτι
467 3973 569 4043 μὲν
604 3975 711 4028 εἰσὶ
738 3974 1001 4046 διαφοραὶ
1032 3976 1142 4030 τῶν
1174 3975 1437 4041 ὡσαύτως
1464 3976 1778 4049 λεγομένων
1796 4021 1812 4043 ,
1839 3978 1941 4033 οὐκ

358 4065 693 4137 ἀντεροῦμεν
723 4083 737 4099 ·
775 4066 890 4120 ἀλλ’
921 4068 1006 4121 ὅτι
1027 4068 1077 4121 εἱ
1107 4067 1185 4153 μὴ
1213 4068 1314 4138 τήν
1355 4066 1433 4133 ὡς
1462 4068 1683 4124 κτίστου
1715 4069 1851 4141 πρὸς
1879 4069 1942 4126 τὸ

358 4159 564 4230 κτίσμα
618 4158 784 4214 αὑτοῦ
825 4160 969 4215 κατὰ
1026 4159 1089 4215 τὸ
1145 4160 1345 4230 λόγιον,
1376 4163 1720 4234 παραστήσει
1751 4164 1785 4234 ή
1845 4164 1940 4218 ἐπὶ

358 4245 598 4319 Χριστοῦ
646 4252 781 4325 πρὸς
840 4252 988 4323 ἡμᾶς
1043 4252 1313 4325 λεγομένη
1351 4253 1606 4327 διαφορά,
1633 4256 1734 4310 οὐκ
1768 4253 1938 4321 ὅντως

356 4341 495 4413 αῦτη
532 4342 649 4396 ἐστὶ
707 4342 830 4397 καθ’
858 4343 927 4415 ήν
972 4343 1112 4415 ὑπὲρ
1175 4339 1419 4415 Μωῦσῆν
1446 4344 1679 4417 ἠξίωται
1727 4347 1895 4417 τιμῆς
1920 4361 1935 4377 ’

354 4434 515 4488 τοῦτο
573 4436 682 4506 γὰρ
732 4429 845 4489 οἷον
896 4436 1154 4506 γνώμονά
1186 4455 1308 4492 τινα
1354 4438 1452 4493 καὶ
1486 4438 1687 4494 κανόνα
1715 4439 1938 4510 τίθεμεν

354 4526 454 4595 τῆς
488 4527 622 4596 πρὸς
649 4528 797 4597 ήμᾶς
824 4528 1101 4599 ὑπεροχῆς
1121 4529 1287 4583 αὑτοῦ
1315 4529 1586 4584 δεικτικόν
1613 4547 1626 4560 ·
1658 4531 1847 4602 ἐπειδὴ
1878 4530 1936 4584 δὲ

2045 2043 2159 2099 Deo
2190 2043 2245 2099 in
2275 2058 2380 2098 nos
2417 2043 2672 2107 veniunt,
2732 2041 2830 2096 sed
2869 2048 3139 2111 quantum
3187 2038 3455 2094 artificem
3503 2038 3646 2092 inter

2050 2145 2107 2194 et
2164 2152 2324 2207 opus,
2374 2134 2691 2191 differentia
2735 2142 2991 2189 servetur
3042 2149 3145 2189 nos
3192 2133 3341 2188 inter
3366 2120 3421 2187 et
3461 2132 3643 2202 ipsum

2048 2227 2231 2297 quoad
2292 2226 2511 2281 divinas
2570 2225 2798 2297 gratias,
2857 2223 3180 2279 Creatorem
3232 2238 3366 2278 vere
3419 2230 3476 2276 et
3531 2237 3643 2275 non

2045 2327 2357 2375 creaturam
2412 2316 2643 2374 exhibet
2681 2316 2857 2389 gratia
2902 2316 3005 2387 ipsi
3038 2317 3216 2371 facta:
3258 2330 3443 2384 neque
3473 2314 3646 2383 igitur

2045 2408 2357 2466 secundum
2413 2423 2536 2470 nos,
2593 2421 2775 2477 neque
2826 2404 3135 2462 secundum
3185 2403 3406 2476 Moysen
3464 2402 3643 2456 solum

2045 2514 2307 2573 magnum
2354 2498 2600 2555 ostendit
2640 2499 2844 2569 ipsum,
2883 2498 2979 2554 sed
3018 2512 3076 2552 et
3106 2497 3280 2551 Deum
3309 2493 3638 2549 manifeste:

2045 2596 2220 2651 solius
2247 2594 2396 2651 enim
2430 2588 2527 2650 Dei
2564 2607 2755 2649 creare
2791 2598 2848 2648 et
2891 2589 3173 2645 fabricare
3216 2604 3285 2644 ex
3321 2605 3434 2643 non
3493 2588 3643 2643 exsi-

2045 2687 2325 2742 stentibus
2342 2686 2564 2750 omnia;
2586 2678 2836 2741 omnium
2860 2698 2992 2738 vero
3006 2698 3129 2752 qum
3151 2690 3277 2736 sunt
3298 2689 3423 2751 post
3441 2680 3638 2747 Deum,

2043 2776 2222 2832 creari
2249 2774 2560 2845 proprium,
2587 2774 2821 2828 aliorum
2848 2770 3072 2843 quidem
3096 2787 3124 2825 a
3147 2771 3262 2825 Deo
3298 2768 3638 2833 immediate,

2043 2867 2279 2922 aliorum
2344 2880 2481 2920 vero
2547 2863 2926 2919 mediautibus
2993 2876 3062 2917 ex
3136 2862 3251 2916 Deo
3313 2862 3640 2931 procreatis.

2043 2955 2216 3027 Igitur
2267 2952 2561 3007 manifeste
2615 2952 2709 3023 qui
2769 2951 2958 3023 gratiae
3008 2958 3064 3005 et
3115 2948 3346 3004 honoris
3406 2950 3640 3021 hujusce

2042 3047 2246 3120 dignus
2272 3047 2498 3102 habitus
2524 3055 2630 3110 est,
2662 3053 2719 3099 et
2761 3042 2992 3099 Creator
3018 3048 3102 3097 est
3127 3048 3184 3097 et
3218 3042 3383 3107 Deus,
3426 3050 3483 3097 et
3522 3059 3641 3097 om-

2041 3139 2194 3193 nium
2231 3138 2514 3201 Christus.
2572 3137 2704 3193 licet
2746 3133 3111 3189 dissentiatis.
3148 3133 3255 3189 Sed
3288 3134 3639 3204 eloquiorum

2046 3230 2115 3287 de
2144 3231 2349 3301 quibus
2374 3246 2472 3286 vos
2504 3227 2824 3300 loquimini,
2856 3228 3118 3303 virtutem
3165 3236 3263 3283 aut
3308 3227 3474 3283 finem
3525 3246 3638 3285 non

2050 3327 2275 3395 videtis,
2299 3327 2395 3398 qui
2446 3334 2628 3382 tamen
2659 3324 3072 3395 vobismetipsis
3099 3323 3367 3380 videmini
3394 3326 3639 3381 accuratl

2045 3436 2167 3476 esse
2198 3418 2631 3492 intelligibilium
2654 3416 2993 3490 cognitores.

2119 3513 2227 3570 Sed
2258 3497 2409 3568 nunc
2442 3511 2653 3567 versuti
2700 3508 3163 3582 quemadmodum
3212 3508 3446 3581 gratiam
3494 3510 3644 3567 inter

2043 3612 2100 3661 et
2146 3604 2437 3668 honorem,
2493 3603 2568 3658 ita
2618 3602 2859 3657 filiorum
2921 3601 3068 3657 inter
3127 3599 3457 3671 adoptiones
3514 3617 3638 3660 esse

2044 3696 2415 3753 differentiam
2462 3694 2658 3751 volunt
2697 3693 2993 3749 ostendere
3026 3706 3094 3749 ex
3124 3708 3280 3747 sacra
3309 3692 3639 3763 Scriptura;

2046 3801 2105 3847 ut
2137 3792 2183 3847 si
2213 3790 2406 3847 eadem
2433 3805 2556 3846 esse
2600 3804 2664 3844 ac
2696 3787 2861 3844 nobis
2907 3788 2976 3843 de
3025 3786 3249 3844 Christo
3302 3786 3511 3853 dicant,
3550 3788 3637 3843 via

2043 3885 2283 3941 deantur
2316 3882 2525 3953 aliquid
2553 3882 2793 3953 amplius
2828 3880 2933 3951 ipsi
2966 3880 3277 3936 concedere
3310 3895 3481 3951 super
3510 3895 3635 3947 nos,

2042 3990 2099 4037 et
2128 3997 2237 4036 non
2267 3980 2585 4035 omnimode
2614 3978 2896 4047 _omnibus
2927 3976 3164 4033 similem
3192 3976 3466 4033 aestimare
3492 3993 3506 4043 ;
3534 3987 3642 4033 nos

2043 4084 2228 4130 autem
2251 4088 2373 4128 esse
2403 4071 2752 4127 differentias
2784 4073 2929 4127 inter
2954 4086 3019 4127 ea
3044 4086 3167 4142 quae
3195 4070 3408 4141 pariter
3448 4071 3640 4125 nomint

2041 4175 2264 4231 nuntur,
2290 4182 2401 4220 non
2424 4181 2713 4237 negamus.
2738 4163 2848 4220 Sed
2876 4163 2923 4219 si
2949 4160 3330 4220 differentiam
3369 4172 3642 4233 tanquam.

2039 4261 2321 4318 Creatoris
2344 4261 2413 4315 ab
2436 4260 2555 4331 ipso
2578 4258 2841 4315 Creatore
2870 4257 3177 4315 secundum
3207 4256 3492 4327 eloquium
3520 4268 3637 4312 non

2039 4360 2399 4425 repraesentet
2441 4349 2759 4407 differentia
2810 4349 2959 4407 dicta
2999 4348 3068 4405 de
3103 4344 3327 4406 Christo
3372 4364 3403 4403 a
3445 4348 3635 4414 nobis,

2038 4460 2149 4501 non
2208 4460 2339 4500 vere
2404 4443 2522 4514 ipsa
2577 4451 2663 4498 est
2718 4441 3025 4497 secundum
3080 4456 3244 4510 quam
3291 4455 3405 4510 prae
3444 4439 3634 4511 Moyse

2038 4536 2241 4607 dignus
2273 4544 2359 4590 est
2396 4533 2622 4588 habitus
2651 4532 2914 4587 honoris:
2945 4529 3081 4585 illud
3117 4530 3266 4585 enim
3292 4537 3352 4584 ut
3373 4545 3629 4584 normam

353 4617 624 4687 δεινότητι
682 4616 967 4691 σοφιστικῇ
1029 4621 1127 4684 τὰς
1180 4622 1473 4692 προτάσεις
1524 4622 1619 4676 τοῦ
1667 4623 1934 4692 παρόντος

2043 4628 2276 4697 aliquam
2316 4630 2373 4680 et
2421 4624 2665 4695 regulam
2698 4622 3085 4693 proponimus,
3133 4636 3243 4691 qua
3304 4636 3471 4691 super
3526 4637 3634 4675 nos

356 4710 787 4779 ἐπιχειρήματος
810 4713 867 4765 ἐν
899 4712 1146 4784 πλείστῳ
1165 4714 1289 4783 ῦφει
1318 4714 1718 4779 καταξάναντες
1747 4715 1822 4779 ὡς
1855 4716 1933 4789 μή

353 4803 527 4875 ἔχοιεν
580 4802 801 4875 εῦδηλον
833 4803 898 4857 τὸ
926 4804 1121 4868 ἀσεϐὲς
1177 4807 1291 4868 τοῖς
1321 4808 1641 4877 ἀκροαταῖς,
1672 4808 1813 4876 μηδὲ
1842 4807 1933 4861 εῦ-

352 4895 509 4950 κολον
539 4894 637 4966 τὴν
665 4895 976 4968 ἀνατροπὴν
1004 4898 1120 4960 τοῖς
1149 4896 1488 4966 ἀντιλέγουσι
1513 4936 1529 4962 ,
1562 4898 1931 4970 μεσολαϐοῦν·

350 5000 441 5052 τες
473 4989 572 5052 τὰς
602 4984 742 5059 ὑπὲρ
772 4981 847 5042 ὦν
878 4986 1240 5057 ὲγκαλοῦνται
1278 4988 1577 5056 ἀπολογίας
1598 5030 1614 5053 ,
1649 4989 1931 5063 μεθυπερο

350 5080 532 5146 ϐατῶς
579 5081 677 5135 καὶ
729 5081 1154 5152 συγκεχυμένως
1204 5084 1730 5150 κατασκευάζουσιν,
1764 5083 1930 5155 ἡμεῖς

350 5172 528 5227 αὐτῶν
579 5173 671 5226 τὸν
721 5173 924 5228 σκοπὸν
962 5173 1083 5228 ὅλον
1114 5172 1209 5228 τοῦ
1255 5175 1685 5247 ἐπιχειρήματος
1734 5175 1926 5230 συλλέ-

352 5265 562 5330 ξαντες,
596 5266 869 5336 ἐχομένως
896 5267 1194 5339 ἐθήκαμεν,
1226 5268 1322 5322 καὶ
1344 5267 1926 5338 ὲπικατεσκευάσαμεν

348 5358 416 5429 ἣν
448 5356 724 5431 βούλονται
760 5358 1027 5431 διαφορὰν
1087 5354 1230 5414 εἷναι
1283 5359 1392 5414 τῶν
1440 5358 1722 5414 υίοθεσιῶν
1754 5360 1812 5413 ὲν
1856 5362 1924 5433 τῇ

350 5449 483 5525 άγίᾳ
515 5451 707 5524 Γραφῇ
738 5452 971 5525 καθεξῆς
1002 5453 1274 5524 λέγοντες.

432 5628 778 5702 Ἔρρήθησαν
837 5630 967 5702 γὰρ,
1025 5634 1209 5704 φασιν,
1247 5634 1355 5688 υίοὶ¹
1390 5634 1483 5689 τοῦ
1517 5634 1653 5690 Θεοῦ
1675 5680 1689 5701 ,
1726 5616 1931 5701 πάντες

346 5722 648 5797 ἄνθρωποι·
666 5725 723 5779 ἒν
741 5724 841 5797 τῷ,
864 5726 1039 5797 «Ἐγὼ
1054 5725 1230 5795 εἷπον,
1248 5729 1372 5784 Θεοί
1388 5732 1512 5786 ἑσ-τε
1537 5732 1631 5787 καὶ
1648 5733 1755 5787 υἱοὶ
1771 5731 1929 5803 ’Υψίο

418 5900 462 5934 ⁸¹
499 5896 657 5960 Ηοιη.
694 5920 765 5969 x1,
801 5904 853 5960 6.
932 5905 974 5938 ³³
1007 5907 1149 5963 Psal.
1194 5924 1372 5975 Lxxxr,
1401 5910 1453 5965 6.

2033 4719 2215 4790 ipsius
2244 4717 2573 4773 exeellentia
2607 4714 2974 4768 ostendatur:
3011 4712 3462 4783 quandoquidem
3493 4728 3630 4767 vero

2032 4809 2335 4867 calliditate
2416 4805 2717 4877 sophistica
2785 4802 3267 4875 propositionibus
3338 4805 3626 4875 prmsentis

2031 4900 2338 4974 argumenti
2387 4899 2721 4957 densissimo
2763 4898 2889 4952 velo
2937 4895 3242 4967 conpertis,
3278 4913 3348 4952 ne
3394 4895 3626 4951 evidens

2030 5004 2181 5052 esset
2232 4993 2485 5063 impielas
2536 4990 2927 5053 auditoribus,
2977 4998 3075 5044 aut
3126 4986 3308 5043 facilis
3362 4988 3622 5043 refutatio

2031 5086 2574 5151 contradicentibus,
2636 5082 2967 5153 interruptis
3018 5081 3270 5152 ipsorum
3316 5080 3385 5136 de
3420 5081 3629 5150 quibus

2024 5191 2400 5253 provocamur
2419 5177 2759 5249 argumentis
2788 5191 2890 5247 per
2918 5183 3281 5230 transennam
3304 5182 3361 5228 et
3391 5172 3620 5229 confuse

2024 5281 2285 5344 arguunt,
2330 5288 2433 5327 nos
2471 5269 2817 5342 propositum
2867 5277 3042 5323 totum
3079 5281 3270 5322 eorum
3311 5262 3621 5338 argumenti

1996 5349 2369 5439 “colligentes,
2402 5364 2592 5420 subito
2629 5363 2918 5435 posuimus
2948 5370 3005 5418 et
3050 5360 3409 5432 probavimus
3452 5375 3616 5431 quam

2024 5460 2200 5516 velint
2246 5458 2618 5513 differentiam
2656 5472 2780 5513 esse
2819 5454 2964 5511 inter
3014 5453 3344 5525 adoptiones
3378 5453 3434 5507 in
3461 5466 3619 5509 saera

2038 5554 2324 5623 Scriptura
2351 5551 2613 5621 deinceps
2644 5551 2913 5621 legentes.

2108 5643 2250 5700 Dieti
2282 5650 2413 5699 sunt
2439 5642 2611 5705 enim,
2634 5641 2813 5706 aiunt,
2838 5639 2936 5695 filii
2965 5638 3086 5704 Dei,
3111 5642 3305 5695 Omnes
3328 5635 3613 5693 homines:

2037 5750 2269 5805 nempe:
2300 5732 2590 5804 «Egodixi,
2614 5731 2689 5787 dii
2713 5731 2849 5787 estis
2864 5741 2919 5787 et
2940 5731 3034 5787 filii
3054 5729 3269 5787 Excelsi
3291 5727 3565 5785 omnes".
3593 5743 3610 5778 ι
