4042 6554
440 464 577 532 ῙΕΞἸ

1702 458 2016 527 LEONTII
2052 458 2461 522 BYZANTINI

3576 460 3717 527 1628

434 586 648 643 scilicet
680 578 988 638 secundum
1024 575 1321 649 imaginem
1360 572 1506 642 Dei;
1555 574 1736 630 vocati
1792 581 1924 630 sunt
1958 582 2016 628 et

2130 588 2246 626 που
2278 572 2499 639 πάντες·
2526 591 2545 625 ›
2571 571 2735 628 διάτδ
2756 573 2885 629 κατ’
2906 574 3089 632 εἰκόνα
3112 573 3252 632 Θεοῦ
3277 591 3294 608 ⁸
3317 573 3629 649 ἐκλήθησαν
3650 579 3718 631 (ὲ

434 678 534 735 ﬁlii
558 675 656 732 Dei
688 675 892 730 iterum
932 679 991 727 et
1036 669 1233 733 Judaei,
1265 682 1500 739 nempe:
1540 685 1558 718 ι
1588 666 1759 723 Filios
1785 667 2019 723 mutrivi

433 782 493 829 et
516 769 775 834 exaltavi,
806 767 911 838 ipsi
944 774 1131 821 autem
1165 769 1496 834 spreverunt
1515 776 1604 815 me
1626 760 1748 814 η’.»
1783 760 2021 830 Propter

435 864 737 921 amicitiam
787 860 886 916 Dei
925 867 982 913 et
1012 872 1179 928 supra
1221 862 1449 911 caeteras
1480 852 1736 909 nationes
1765 852 1834 908 ad
1862 855 2022 908 inno-

435 957 674 1014 centiam
730 953 951 1009 formati
996 960 1054 1007 et
1098 951 1361 1021 pietatem
1411 948 1645 1004 edocti:
1691 947 1817 1003 ideo
1870 946 2020 1001 enim

435 1049 648 1105 credita
698 1055 829 1103 sunt
882 1044 1126 1116 eloquia,
1176 1062 1192 1095 ι
1246 1051 1305 1099 et
1362 1050 1754 1097 testamentum
1820 1040 2019 1111 ipsius,

435 1141 637 1212 inquit,
668 1151 729 1195 ut
763 1138 1151 1195 manifestetur
1184 1136 1295 1192 illis
1313 1135 1395 1202 “;
1430 1152 1448 1185 ι
1493 1164 1560 1174 -
1606 1152 1625 1186 ι
1659 1135 1884 1189 lucerna
1922 1147 2022 1202 pe-

435 1235 604 1291 dibus
652 1234 791 1288 meis
832 1234 924 1288 lex
954 1240 1047 1286 tua
1069 1230 1150 1296 ";
1182 1249 1201 1282 ι
1231 1236 1328 1283 et:
1366 1246 1385 1279 ι
1424 1226 1531 1294 Qui
1563 1226 1860 1282 annuntiat
1893 1242 2021 1281 ver-

434 1329 567 1384 bum
596 1342 757 1382 suum
774 1325 965 1389 Jacob,
991 1321 1236 1396 justitias
1253 1330 1308 1375 et
1319 1319 1529 1392 judicia
1556 1335 1656 1374 sua
1681 1318 1880 1374 Israel:
1911 1333 2022 1389 non
2060 1350 2066 1354 ι

434 1420 569 1476 fecit
590 1420 773 1475 taliter
801 1418 952 1473 omni
974 1415 1186 1471 nationi
1209 1414 1276 1469 ³’.
1307 1432 1325 1465 ι
1347 1413 1481 1468 Inde
1510 1411 1659 1467 enim
1689 1410 1792 1467 etsi
1822 1411 2023 1466 timore

436 1513 576 1586 legis
598 1521 655 1568 et
681 1528 793 1569 non
818 1509 1168 1580 beneplacito
1199 1506 1474 1578 justitiam
1513 1505 1791 1570 colebant,
1816 1503 2026 1575 pariter

437 1605 647 1661 auxilio
671 1603 860 1659 debito
898 1602 1047 1674 juste
1077 1598 1398 1655 viventibus
1425 1596 1784 1653 fruebantur:
1808 1606 1864 1652 et
1886 1597 2022 1653 sim-

430 1699 657 1770 pliciter
692 1697 749 1751 ill
787 1704 936 1750 terra
958 1692 1204 1764 quandiu
1245 1691 1450 1747 imitari
1479 1692 1652 1746 Deum
1675 1688 2021 1759 quaerebant,

435 1791 507 1846 ab
549 1805 639 1854 eo,
679 1795 909 1859 propter
948 1787 1156 1859 justam
1188 1794 1247 1840 et
1292 1784 1648 1839 innocentem
1693 1783 1884 1847 vitam,
1924 1779 2024 1834 ﬁlii

436 1885 532 1940 Dei
561 1882 744 1940 vocati
782 1888 948 1938 sunt:
982 1880 1080 1936 sed
1119 1878 1330 1950 pariter
1353 1878 1443 1933 isti
1478 1886 1536 1933 et
1573 1892 1804 1948 peccare
1835 1891 2023 1947 cmpe-

436 1982 568 2029 rullt
594 1965 822 2039 iterum,
848 1971 1165 2026 versatilem
1206 1969 1391 2024 adhuc
1424 1976 1681 2023 naturam
1709 1967 2022 2022 habentes:

2130 1962 2497 2034 ἀναμαρτήτῳ
2549 1962 2648 2034 βίῲ
2682 2003 2698 2026 ,

438 2065 589 2137 quod
620 2064 787 2136 igitur
813 2071 870 2119 et
903 2078 1046 2132 sazpe
1085 2061 1349 2133 cperibus
1393 2060 1787 2131 probaverunt,
1817 2074 2015 2114 secun.

438 2159 573 2211 dum
589 2157 737 2227 quod
754 2154 962 2210 dictum
981 2165 1066 2209 est
1087 2172 1100 2209 :
1130 2173 1146 2206 ι
1169 2153 1276 2224 Ipsi
1299 2162 1482 2208 autem
1505 2168 1589 2206 me
1608 2159 1938 2222 spreverunt
1958 2167 1972 2205 :
1998 2168 2016 2203 ι

435 2260 493 2306 et
517 2249 679 2304 morti
704 2247 919 2310 scilicet
940 2256 995 2302 et
1017 2246 1196 2317 plagis
1220 2255 1278 2301 et
1309 2245 1601 2316 suppliciis
1633 2231 1762 2299 in'de
1786 2242 2025 2315 subjecti

437 2346 605 2394 sunt:
649 2356 667 2388 ι
717 2337 987 2392 Stimulus
1029 2337 1179 2392 enim
1217 2337 1434 2400 mortis,
1464 2345 1753 2407 peccatum
1786 2343 1873 2391 est
1891 2337 1968 2391 ’δε
2003 2353 2021 2389 ο

316 2506 319 2509 _
436 2439 537 2486 et:
580 2449 599 2483 ι
646 2430 814 2485 Multa
859 2428 1071 2500 ﬂagella
1119 2428 1433 2498 peccatoris
1463 2429 1529 2483 ".
1585 2446 1603 2480 ι
1666 2428 1746 2483 Ita
1798 2427 2027 2499 quidem

438 2522 611 2592 igitur
635 2530 691 2577 et
715 2521 807 2577 isti
829 2539 841 2573 :
864 2520 1005 2575 Dicti
1031 2535 1224 2575 sumus
1245 2535 1380 2575 vero
1408 2519 1577 2575 etiam
1599 2535 1701 2575 nos
1722 2519 2027 2576 Christiani

449 2612 552 2667 ﬁlii
579 2612 699 2677 Dei,
740 2626 978 2682 nempe;
1021 2630 1040 2663 ι
1069 2609 1275 2667 Omnes
1303 2610 1452 2666 enim
1492 2609 1590 2665 ﬁlii
1620 2610 1718 2666 Dei
1751 2611 1908 2675 estis,
1931 2627 2031 2681 per

441 2702 607 2758 ﬁdem
635 2703 689 2757 in
718 2701 942 2758 Christo
971 2702 1103 2758 Jesu
1119 2703 1184 2756 ³⁸⁸.
1208 2721 1226 2753 ι
1255 2701 1369 2757 Nos
1390 2702 1581 2773 igitur,
1610 2702 1817 2757 nedum
1843 2701 2032 2757 verbis

438 2794 508 2849 ad
549 2794 921 2849 innocentiam
970 2793 1293 2857 formemur,
1334 2803 1391 2859 et
1419 2794 1693 2864 justitiam
1750 2793 1848 2849 Dei
1909 2808 2033 2863 quae

438 2895 526 2943 est
548 2902 719 2958 super
738 2887 985 2942 litteram
1023 2903 1054 2942 a
1078 2886 1281 2957 spiritu
1306 2886 1404 2941 Dei
1437 2887 1708 2943 docemur
1733 2907 1745 2942 :
1774 2886 1832 2942 in
1856 2886 2032 2941 liber-

441 2987 610 3034 tatem
642 2988 700 3035 et
731 2979 1201 3035 immortalitatem
1233 2980 1413 3036 vocati
1436 2996 1630 3035 sumus
1656 2991 1714 3035 et
1747 2979 1801 3034 ill
1830 2979 2033 3034 immu-

440 3072 771 3127 tabilitatem
811 3088 879 3128 ex
912 3074 1330 3129 resurrectione
1396 3082 1782 3129 mortuorum:
1821 3073 2035 3144 suppli-

440 3163 588 3218 ciu'n
610 3164 720 3234 jam
743 3179 854 3217 non
879 3161 1160 3225 timentes.
1186 3179 1290 3220 nec
1311 3164 1677 3224 mutationem
1701 3163 2037 3219 transmissae

440 3253 616 3309 beatae
645 3255 792 3321 vilic,
818 3255 938 3325 qui,
969 3255 1262 3312 doloribus
1286 3256 1477 3320 liberi,
1516 3264 1575 3312 et
1613 3256 2036 3312 dominantibus

439 3348 740 3404 aeternitati
777 3348 1135 3404 tenebrarum
1167 3365 1290 3406 esse
1318 3348 1607 3412 debemus,
1632 3357 1689 3403 et
1734 3349 1790 3403 in
1817 3348 2031 3405 cmlesti

442 3440 669 3498 civitate
722 3442 946 3508 vivere;
996 3452 1057 3498 ut
1102 3443 1252 3499 enim
1296 3458 1401 3498 nos
1446 3457 1699 3498 essemus
1748 3442 1927 3498 sancti
1979 3450 2037 3496 et

443 3535 783 3591 imluaculati
827 3536 884 3591 in
928 3545 1229 3608 conspectu
1259 3536 1466 3608 ejus",
1501 3536 1555 3589 in
1592 3535 1865 3591 cbaritate
1897 3548 2039 3604 prae-

443 3628 708 3683 destillati
754 3644 949 3684 sumus
986 3628 1041 3684 in
1085 3628 1439 3700 adoptionem
1476 3627 1715 3683 ﬁliorum
1761 3626 1860 3683 Dei
1881 3626 1951 3687 ⁸ο.
1980 3636 2038 3681 et

444 3727 507 3773 ut
576 3717 1003 3774 similitudinem
1054 3718 1394 3773 haberemus
1453 3733 1579 3772 cum
1631 3717 1793 3772 Patre
1844 3725 2036 3771 nostro

444 3809 541 3880 qui
591 3809 647 3864 in
678 3810 837 3866 coelis
869 3818 957 3866 est
987 3810 1043 3864 in
1075 3811 1399 3883 acceptione
1425 3809 1745 3885 adoptionis
1793 3806 2038 3862 ﬁliorum

444 3916 609 3971 quam
631 3910 1044 3970 exspectamus:
1068 3901 1230 3956 simul
1248 3917 1313 3957 ac
1330 3901 1768 3973 redemptionem
1786 3901 2038 3972 corporis

445 3993 645 4060 nostri,
674 4008 904 4063 peccare
929 3993 1083 4048 nullo
1112 3994 1278 4049 modo
1309 3995 1546 4065 amplius
1566 3994 1877 4050 habentes:
1910 3994 2037 4049 ideo

446 4101 560 4140 non
620 4085 760 4140 mori
821 4086 1090 4141 debemus
1142 4087 1200 4141 in
1228 4086 1501 4153 futurum,
1540 4086 1637 4141 sed
1673 4102 1842 4158 super
1892 4086 2038 4142 mala

447 4178 652 4247 quibus
681 4192 791 4231 non
816 4176 958 4232 allici
980 4176 1145 4231 datur
1167 4187 1365 4233 natura
1390 4179 1709 4234 extollimur
1729 4197 1743 4233 :
1766 4186 2037 4249 quantum

450 4269 625 4340 igitur
667 4268 1038 4323 assimilemur
1075 4269 1187 4323 Deo
1233 4269 1540 4324 secundum
1590 4270 1710 4325 haec
1758 4270 1925 4325 simul
1973 4285 2040 4326 ac

449 4362 580 4416 olim
610 4361 779 4417 Israel
805 4361 900 4432 qui
931 4360 1078 4417 filius
1098 4370 1156 4416 et
1184 4360 1303 4432 ipse
1326 4370 1557 4418 vocatus
1592 4361 1784 4428 fuit“,
1805 4361 2038 4417 evidens

450 4461 557 4509 est.

2121 665 2228 720 υἱοὶ
2279 664 2416 720 Θεοῦ
2467 665 2630 721 πάλιν
2683 666 2779 721 καὶ
2812 669 2862 721 oi
2901 668 3143 724 Ἰουδαῖοι
3172 670 3319 739 κατά
3352 670 3439 736 τὸ,
3480 688 3502 722 ι
3546 670 3718 734 Tisia;

2119 757 2389 827 ἐγέννησα
2445 758 2541 813 καὶ
2582 758 2811 828 ὒψωσα.
2871 760 3030 814 αὐτοὶ
3068 761 3126 816 δέ
3188 778 3261 831 με
3325 762 3606 833 ἠθέτησαν
3632 800 3649 827 ,
3687 780 3713 814 ι

2118 851 2213 904 ἐπὶ
2264 835 2537 905 οἰκειώσει
2583 852 2720 906 Θεου
2772 853 2869 907 καὶ
2922 852 3080 925 παρά
3122 854 3192 907 τά
3218 854 3384 909 λοιπά
3412 854 3542 926 ἔθνη
3573 854 3717 921 πρὸς

2118 941 2539 1014 ἀναμαρτησίαν
2573 942 3111 1014 παιδαγωγούμενοι,
3143 944 3239 998 καὶ
3273 943 3525 998 εὐσεϐεῖν
3560 944 3718 998 διδα-

2121 1034 2400 1104 σκόμενοι·
2431 1036 2511 1100 είς
2542 1035 2699 1090 τοῦτο
2732 1037 2844 1108 γὰρ
2869 1039 2969 1093 καὶ
2990 1037 3393 1108 ἐπιστεύθησαν
3418 1037 3488 1091 τά
3510 1038 3713 1105 Λόγια.

2127 1145 2146 1179 ι
2211 1125 2276 1180 Ἦ
2303 1125 2542 1197 διαθήκη
2591 1125 2703 1198 γὰρ
2752 1126 3127 1198 αὐτοῦ,φησὶ,
3157 1127 3254 1181 τοῦ
3307 1128 3553 1198 δηλῶσαι
3610 1128 3715 1181 αὒ-

2119 1221 2235 1284 τοῖς
2260 1236 2276 1251 ·
2319 1238 2340 1271 r
2370 1219 2486 1285 καὶ,
2521 1237 2540 1271 ι
2567 1218 2776 1290 Λύχνος
2810 1222 2925 1284 τοῖς
2963 1221 3092 1274 ποσί
3126 1237 3229 1292 μου
3264 1222 3294 1275 ό
3320 1221 3491 1292 νόμος
3525 1236 3647 1273 σου·
3682 1237 3706 1272 ι

2122 1314 2238 1378 καὶ,
2250 1332 2269 1365 ι
2284 1310 2352 1387 βο
2370 1310 2753 1381 ἀπαγγέλλων,
2770 1312 2924 1385 φησὶ,
2938 1312 3030 1367 τδν
3046 1312 3205 1385 λόγον
3215 1312 3468 1384 αὑτοῦτῷ
3489 1312 3714 1376 Ἰακὼϐ,

2121 1403 2466 1476 δικαιώματα
2527 1404 2623 1457 καὶ
2685 1405 2934 1476 κρίματα
2994 1404 3162 1460 αὑτοῦ
3197 1403 3275 1476 τῷ
3314 1404 3536 1477 Ἰσραήλ
3565 1420 3582 1434 ⁸
3613 1405 3720 1459 οῦκ

2124 1496 2387 1569 ἐποίησεν
2440 1496 2613 1561 οὕτως
2646 1500 2811 1552 παντὶ
2836 1497 2997 1555 ἔθνει.
3032 1516 3052 1550 ι
3101 1498 3380 1552 Ἐντεῦθεν
3402 1499 3515 1570 γὰρ
3537 1499 3589 1552 εἱ
3618 1498 3718 1552 καὶ

2124 1595 2278 1664 φόϐῳ
2303 1592 2401 1648 τοῦ
2439 1593 2605 1664 νόμου
2639 1594 2735 1648 κα)⁸
2766 1595 2830 1648 οὐ
2854 1596 3177 1666 προαιρέσει
3210 1595 3705 1666 ἒδικαιοπράγουν,

2124 1686 2241 1747 ἀλλ’
2278 1686 2431 1756 ὅμως
2457 1686 2561 1756 τῆς
2593 1684 2757 1753 ἀξίας
2785 1687 3113 1757 ἐπικουρίας
3134 1686 3246 1741 τῶν
3273 1687 3506 1751 δικαίως
3536 1687 3717 1758 βιοῦν-

2124 1795 2233 1833 των
2257 1779 2539 1851 άπήλαυον
2569 1793 2583 1811 ο
2612 1779 2709 1832 καὶ
2740 1778 2929 1844 ἀπλῶς
2951 1778 3045 1833 ἐπὶ
3066 1779 3170 1849 γῆς
3190 1780 3267 1844 ώς
3294 1776 3407 1834 οἶόν
3426 1798 3491 1834 τε
3525 1784 3720 1851 μιμεῖ-

2130 1871 2254 1928 σθαι
2304 1871 2439 1926 Θεὸν
2492 1872 2910 1944 μεθοδευόμενοι
2960 1870 3056 1927 ὑπ’
3081 1872 3248 1926 αὑτοῦ
3281 1872 3359 1944 τῷ
3392 1871 3591 1941 δικαίῳ
3620 1873 3720 1927 καὶ

2766 1962 2877 2017 υἱοὶ
2954 1962 3093 2017 Θεοῦ
3171 1964 3484 2037 ἐκλήθησαν
3517 1983 3532 1996 ·
3597 1965 3717 2019 ἀλλ’

2126 2055 2278 2125 ὅμως
2311 2048 2457 2109 οὗτοι
2492 2052 2589 2107 καὶ
2615 2052 2680 2107 τὸ
2710 2054 2982 2126 ἁμαρτεῖν
3014 2053 3333 2126 ὲπεδέχοντο
3365 2055 3551 2118 πάλιν,
3589 2072 3720 2128 τρε-

2128 2145 2272 2216 πτῆς
2300 2144 2380 2198 ἔτι
2410 2144 2626 2213 φύσεως
2654 2146 3022 2218 ὑπάρχοντες·
3045 2146 3183 2218 ὅπερ
3207 2144 3302 2201 οὖν
3329 2148 3424 2202 καὶ
3452 2148 3721 2212 πολλάκις

2128 2238 2309 2308 ἔργοις
2338 2236 2709 2309 ἠλέγχθησάν,
2733 2240 2874 2293 κατά
2901 2240 2962 2294 τδ
2992 2241 3304 2311 είρημένονυ
3330 2259 3349 2292 ι
3368 2241 3533 2296 Αὐτοὶ
3557 2242 3617 2295 δέ
3651 2260 3723 2312 με

2128 2330 2423 2402 ἠθέτησαν.
2465 2350 2484 2385 ι
2519 2331 2631 2385 Καὶ
2658 2330 2874 2424 θςνάτῳ
2910 2331 2968 2386 δὲ
3009 2331 3210 2404 δηλαδὴ
3235 2333 3328 2386 καὶ
3354 2335 3594 2406 πληγαῖς
3629 2337 3727 2389 καὶ

2126 2424 2422 2496 τιμωρίαις
2474 2422 2731 2479 ἐντεῦθεν
2788 2422 3080 2479 ὑπέκειντο
3106 2441 3123 2457 ·
3161 2444 3180 2477 ι
3211 2427 3322 2480 Καὶ
3353 2425 3463 2498 γὰρ
3497 2427 3559 2480 τὸ
3593 2429 3724 2479 κέν-

2128 2535 2255 2589 τρον
2278 2516 2372 2571 τοῦ
2406 2516 2660 2583 θανάτου,
2696 2519 2731 2589 ή
2773 2517 3020 2589 ἁμαρτία
3043 2532 3058 2547 ⁵
3094 2536 3115 2570 ι
3172 2519 3320 2582 Καὶ.
3380 2538 3400 2567 ι
3437 2519 3725 2586 Μάστιγες

2130 2609 2325 2663 πολλαὶ
2397 2608 2494 2663 τοῦ
2569 2608 2917 2681 ἀμαρτωλοῦ.
2976 2630 2996 2663 ι
3051 2608 3240 2674 Οὕτως
3301 2610 3402 2683 μὲν
3473 2610 3568 2666 οὖν
3628 2612 3727 2665 καὶ

2129 2695 2276 2755 οῦτοι
2304 2714 2320 2732 ⁸
2353 2700 2693 2775 ὲλέγχθημεν
2744 2701 2803 2756 δὲ
2853 2702 2950 2757 καὶ
2976 2702 3026 2755 οἱ
3062 2702 3383 2772 Χριστιανοὶ
3420 2701 3528 2756 υἱοὶ
3558 2701 3724 2767 Θεοῦ,

2131 2794 2274 2847 κατά
2297 2793 2379 2858 τὸ,
2405 2811 2424 2846 ι
2453 2795 2665 2859 Πάντες
2682 2794 2793 2867 γὰρ
2816 2794 2923 2848 υίοὶ
2939 2793 3075 2848 Θεοῦ
3094 2797 3239 2861 ἐστε,
3257 2794 3346 2849 διὰ
3361 2796 3460 2863 τῆς
3481 2794 3726 2858 πίστεως

2131 2887 2190 2940 ὲν
2215 2886 2437 2959 Χριστῷ
2480 2886 2680 2958 Ἰησοῦ.
2739 2906 2758 2941 ι
2790 2889 2953 2959 ήμεϊς
2979 2884 3075 2943 οῦν
3104 2886 3243 2960 πρὸς
3271 2887 3352 2959 τῷ
3378 2888 3467 2941 διὰ
3499 2887 3613 2941 τῶν
3644 2887 3728 2939 λιε-

2133 2994 2247 3047 γων
2276 2978 2634 3033 παιδεύεσθαι
2667 2978 2729 3032 τὸ
2756 2978 3172 3050 ἀναμάρτητον,
3210 2978 3307 3033 καλ⁸
3333 2978 3436 3051 τὴν
3470 2978 3615 3052 ὑπὲρ
3658 2978 3724 3032 τὸ

2134 3071 2369 3141 γράμμα
2421 3070 2513 3124 διὰ
2565 3070 2889 3141 Πνεῦματος
2946 3057 3298 3141 δικαιοσύνην
3352 3059 3727 3141 διδασκόμεθα

2135 3161 2274 3216 Θεοῦ
2295 3175 2310 3192 ’
2343 3163 2440 3217 καὶ
2481 3163 2576 3216 ἐπὶ
2606 3162 2894 3235 ἐλευθερίᾳ
2932 3162 3028 3218 καὶ
3063 3162 3335 3235 ἀθανασίᾳ
3378 3163 3726 3235 ὲκλήθημεν,

2137 3254 2231 3308 καὶ
2258 3254 2495 3328 ἀτρεψίᾳ
2523 3253 2583 3320 ἐξ
2612 3254 2960 3318 ἀναστάσεως
2988 3254 3203 3325 νεκρῶν
3224 3268 3239 3283 ·
3278 3256 3555 3326 τιμωρίαν
3586 3255 3729 3311 οῦκ-

2138 3349 2219 3403 έτι
2242 3348 2496 3414 δεδιότες,
2526 3348 2590 3402 οῦ
2620 3347 2928 3419 μεταϐολὴν
2956 3350 3058 3418 τῆς
3102 3347 3498 3422 διαδεξαμένης
3543 3368 3729 3421 μακα-

2140 3443 2261 3513 ρίας
2293 3441 2460 3513 ζωῆς,
2493 3443 2672 3497 πόνων
2706 3442 3002 3514 ἐλεύθεροι.
3036 3443 3132 3495 καὶ
3164 3441 3273 3495 τῶν
3305 3443 3587 3515 ἀρχόντων
3626 3442 3728 3498 τοῦ

2138 3536 2333 3600 αἰῶνος
2357 3534 2452 3589 τοῦ
2496 3534 2726 3599 σκότους
2752 3535 3019 3606 ἐσόμενοι,
3047 3537 3104 3588 ὲν
3149 3534 3388 3606 οὐρανίῳ
3440 3552 3499 3589 τε
3568 3536 3726 3589 πολι-

2136 3632 2258 3703 τείᾳ
2313 3627 2604 3701 βιώσοντες
2629 3646 2643 3662 ·
2676 3630 2756 3694 εἱς
2784 3631 2890 3702 γάρ
2934 3629 2996 3683 τὸ
3044 3624 3186 3683 εἶναι
3231 3629 3382 3702 ήμᾶς
3410 3631 3602 3700 ἁγίους
3626 3631 3729 3693 καὶ

2135 3720 2404 3793 ἀμώμους
2440 3720 2782 3776 κατενώπιον
2834 3720 3000 3775 αὑτοῦ
3028 3721 3110 3779 ἐν.
3136 3720 3329 3794 ἀγάπῃ
3366 3722 3727 3796 προωρίσθη-

2142 3828 2241 3880 μεν
2269 3812 2351 3875 είς
2381 3810 2658 3864 υἱοθεσίαν
2682 3809 2839 3876 Θεοῦ,
2870 3810 2966 3865 καὶ
2993 3808 3095 3881 τὴν
3131 3810 3393 3881 ὁμοίωσιν
3443 3813 3590 3884 ἔχειν
3623 3814 3730 3885 τὴν

2139 3904 2277 3976 πρὸς
2344 3902 2438 3958 τὸν
2486 3901 2738 3976 οὐράνιον
2769 3901 2928 3975 ήμῶν
2958 3903 3201 3976 Πατέρα,
3242 3904 3302 3958 ὲν
3334 3906 3401 3977 τῇ
3454 3906 3729 3975 ἀπολήψει

2139 3996 2240 4066 τῆς
2274 3995 2569 4065 υἱοθεσίας,
2597 3989 2667 4069 ἦς
2699 3995 3111 4077 ἀπεκδεχόμεθα
3144 4013 3160 4030 ο
3192 3997 3364 4069 ήγουν
3388 3997 3491 4068 τῆς
3520 3998 3732 4052 ἀπολυ-

2140 4087 2403 4161 τρώσεως
2428 4086 2525 4142 τοῦ
2552 4086 2807 4159 σώματος
2832 4088 3008 4160 ήμῶν,
3044 4088 3106 4143 τὸ
3144 4090 3483 4162 ἁμαρτάνειν
3511 4088 3593 4145 ἔτι
3632 4091 3730 4144 οῦ·-

2139 4180 2251 4234 δενὶ
2276 4180 2466 4251 τρόπῳ
2512 4180 2729 4251 ἔχοντες
2750 4195 2764 4211 ⁵
2792 4179 2875 4234 διδ
2932 4180 3056 4235 οὐδὲ
3090 4180 3366 4253 ,θνήσκειν
3416 4181 3733 4251 πεφυκότες

2138 4271 2347 4337 λοιπὸν,
2410 4271 2524 4326 ἀλλ’
2556 4274 2615 4325 ὲν
2650 4270 2729 4342 τῷ
2782 4271 2919 4343 μηδὲ
2969 4271 3197 4343 δυνάμει
3246 4266 3391 4327 εἶναι
3432 4271 3732 4337 δεκτικοὺς

2138 4364 2250 4418 τῶν
2284 4364 2472 4419 κακῶν
2497 4364 2599 4435 τὴν
2658 4363 2823 4432 φύσιν
2864 4363 3277 4435 ’ὁπεραρθέντες
3305 4381 3321 4397 ·
3358 4364 3485 4418 ὅσον
3508 4363 3604 4418 οῦν
3638 4366 3734 4433 ἑξ-

2139 4454 2479 4527 ομοιούμεθα
2508 4453 2631 4525 Θεῷ
2663 4455 2806 4509 κατὰ
2830 4454 2955 4508 τάδε
2996 4454 3150 4525 παρὰ
3180 4455 3271 4509 τόν
3305 4472 3437 4508 ποτε
3486 4455 3734 4528 Ἰσραήλ,

2141 4549 2256 4603 υἱὸν
2283 4549 2377 4602 καὶ
2410 4545 2573 4600 αὐτὸν
2604 4545 2894 4617 κληθέντα,
2923 4545 3104 4617 δῆλον.

520 4633 755 4689 Tantum
791 4642 974 4690 tamen
1006 4643 1197 4690 nostra
1227 4634 1454 4705 adoptio
1504 4635 1745 4691 ﬁliorum
1779 4635 2029 4708 adoptio-

2213 4636 2481 4694 Τοσοῦτον
2510 4637 2644 4708 γοῦν
2704 4639 2738 4709 ἡ
2780 4637 3034 4709 ἡμετέρα
3080 4637 3324 4693 υἱοθεσία
3354 4643 3456 4712 τῆς
3504 4643 3737 4696 ἐκείνων

450 4745 577 4786 nem
610 4746 801 4785 eorum
838 4739 1065 4803 superat
1118 4738 1178 4787 et
1229 4730 1286 4786 in
1340 4731 1533 4797 tantis,
1585 4739 1648 4786 ut
1696 4741 1753 4787 et
1808 4734 2029 4804 spiritus

2143 4750 2183 4786 π
2190 4730 2375 4805 ροῦχει
2396 4731 2492 4785 καὶ
2505 4733 2562 4785 ἐν
2575 4729 2873 4797 τοσούτοις,
2891 4730 2968 4795 ὡς
2986 4732 3081 4787 καὶ
3095 4731 3314 4805 πνεῦμα
3334 4733 3579 4800 δουλείας
3597 4737 3690 4790 ὲκε
3700 4737 3740 4789 £-

451 4824 739 4879 servitutis
759 4824 941 4905 haeece
964 4823 1183 4880 dicatur
1201 4824 1259 4879 in
1289 4824 1546 4880 timorem
1573 4834 1630 4879 et
1660 4824 1716 4879 in
1750 4824 2029 4881 vinculum

2138 4845 2232 4898 νην
2266 4825 2522 4896 λέγεσθαι
2554 4826 2635 4888 είς
2666 4824 2833 4896 φόϐον
2890 4825 2987 4880 καὶ
3017 4825 3186 4895 ζυγοῦ
3215 4825 3465 4892 δουλείας
3496 4830 3697 4900 ὲνοχήν
3719 4847 3734 4861 ο

443 4916 561 4988 jugi
599 4917 907 4983 servitutis,
934 4918 1083 4973 illam
1123 4932 1254 4973 vero
1286 4916 1519 4988 spiritus
1550 4917 1868 4989 adoptionis
1898 4918 2029 4973 ﬁlio-

2134 4917 2337 4990 ταύτην
2357 4918 2414 4973 δὲ
2437 4917 2654 4990 πνεῦμα
2670 4917 2941 4981 υἱοθεσίας
2958 4920 3015 4971 ἐν
3040 4911 3084 4986 ᾧ
3114 4917 3230 4972 ἐστι
3254 4918 3538 4990 κράζειν-ι
3562 4919 3743 4976 ’Δϐϐᾶ

450 5026 574 5066 rum
611 5012 666 5067 in
686 5026 799 5082 quo
821 5012 1143 5077 clamamus,
1170 5030 1188 5063 ι
1212 5011 1368 5068 Abba
1396 5012 1560 5068 Pater
1578 5012 1659 5068 δέ
1692 5031 1713 5066 ι
1744 5015 1891 5084 quod
1920 5015 2029 5069 hzec

2133 5014 2161 5066 ὁ
2177 5012 2388 5083 Πατήρ·
2405 5032 2421 5064 l
2440 5014 2577 5083 ὅπερ
2590 5011 2771 5083 ἐκείνη
2792 5010 2974 5081 λέγειν
2988 5011 3049 5064 οὐ
3066 5011 3368 5084 τετόλμηκε
3386 5011 3630 5068 πώποτε·
3645 5009 3743 5069 καὶ

451 5102 639 5159 dicere
698 5119 984 5175 nunquam
1035 5104 1347 5159 sustinuit:
1387 5105 1594 5160 etenim
1647 5105 1769 5176 ipsa
1831 5105 2029 5160 dicitur

2138 5104 2250 5174 γάρ
2296 5102 2434 5175 αὓτη
2463 5103 2682 5173 λέγεται
2738 5102 2885 5167 ἰδίως
2914 5103 3222 5175 ἐλευθερία,
3315 5105 3556 5179 Χριστὸς
3589 5108 3742 5179 ἡμᾶς

451 5197 676 5266 proprie
722 5198 953 5252 libertas
1009 5213 1119 5267 qua
1167 5196 1425 5252 Christus
1470 5213 1572 5252 nos
1618 5199 1913 5253 liberavit:
1962 5200 2029 5254 ita

2144 5194 2537 5268 ἠλευθέρωσεν*
2553 5194 2728 5260 οὕτως
2755 5195 2857 5265 μὲν
2879 5193 2970 5248 οῦν
2988 5197 3083 5247 καὶ
3099 5195 3213 5260 ἥδε.
3230 5195 3466 5270 Ἐκλήθη
3481 5197 3563 5264 δὲ,
3577 5199 3740 5270 φησι,

453 5287 678 5357 quidem
715 5287 885 5358 igitur
931 5297 988 5344 et
1021 5288 1161 5343 ista:
1197 5288 1438 5344 Vocatus
1475 5299 1563 5345 est
1592 5299 1802 5356 autem,
1834 5292 2029 5361 inquit.

2147 5289 2243 5342 καὶ
2271 5287 2300 5339 ὁ
2336 5285 2613 5358 Κυριακὸς
2666 5286 2978 5359 ἄνθρωπος,
3038 5286 3170 5350 Υἱὸς
3223 5286 3364 5341 Θεοῦ
3396 5306 3411 5320 ·
3454 5292 3601 5344 κατά
3651 5295 3737 5353 τὸ.

453 5388 512 5434 et
538 5378 859 5435 Dominicus
887 5378 1084 5443 homo,
1103 5379 1278 5435 Filius
1325 5381 1457 5437 Dei:
1502 5397 1725 5453 nempe,
1756 5390 1813 5438 et
1843 5406 1859 5436 ι
1898 5384 2029 5440 ﬁlius

2154 5397 2173 5432 ι
2207 5379 2319 5433 Καὶ
2345 5378 2472 5443 Υἱὸς
2513 5378 2767 5451 Ὑψίστου
2800 5380 3162 5451 κληθήσεται.
3222 5399 3242 5432 l
3277 5374 3447 5445 Οὗτος
3484 5382 3546 5437 δὲ
3600 5384 3742 5454 πρὸς

455 5464 673 5528 Excelsi
730 5471 1119 5527 vocabitur":
1169 5490 1188 5523 ι
1243 5473 1349 5529 iste
1397 5491 1554 5540 vero,
1608 5488 1809 5545 praeter
1861 5478 2029 5533 omni:

2149 5477 2263 5541 τοῖς
2292 5475 2588 5547 ήμετέροις
2627 5477 2792 5530 πᾶσιν
2822 5475 3149 5548 ἐξαιρέτοις,
3180 5476 3239 5530 ὲν
3265 5472 3348 5540 οἷς
3374 5464 3567 5548 ’ὅμοιος
3606 5481 3742 5550 ἡμῖν

455 5570 645 5619 nostra
675 5563 936 5634 specialia
982 5563 1037 5617 in
1068 5562 1277 5633 quibus
1305 5566 1504 5623 similis
1537 5569 1699 5625 nobis
1730 5578 1787 5626 et
1834 5570 2029 5626 dicitur

2145 5565 2221 5621 ὢν
2249 5567 2346 5626 καὶ
2370 5566 2593 5637 λέγεται
2613 5563 2777 5635 εἶναι,
2800 5570 2830 5622 ὁ
2861 5567 3207 5638 πρωτότοκος
3246 5569 3304 5622 ὲν
3325 5568 3544 5635 πολλοῖς
3581 5571 3744 5627 ἀδελ-

454 5670 599 5723 esse,
620 5665 707 5712 est
737 5656 1138 5728 primogenitus
1168 5660 1224 5714 in
1245 5660 1437 5716 multis
1463 5659 1730 5719 fratribus
1752 5662 1799 5696 “
1826 5678 1857 5719 a
1884 5679 2029 5720 com-

2145 5663 2266 5731 φοῖς
2309 5659 2389 5732 τῷ
2446 5660 2609 5732 κοινῷ
2645 5661 2864 5715 πάντων
2894 5660 3069 5735 Πατρὶ
3102 5658 3223 5731 Θεῷ
3246 5676 3261 5691 '
3292 5661 3390 5717 καὶ
3413 5661 3583 5735 ἔτερα
3629 5662 3743 5735 ἔχει

531 5795 600 5866 έν
632 5788 737 5866 [Sa-
790 5809 829 5856 ι.
877 5793 1213 5866 2.792531:
1253 5810 1408 5866 μιν,
1438 5797 1526 5854 16.
1604 5800 1651 5834 ³⁸
1676 5801 1846 5857 Psal..
1910 5817 2029 5857 οινι

2136 5798 2255 5854 105.
2338 5797 2383 5829 ⁸⁸
2416 5796 2561 5854 Psal.
2620 5813 2822 5862 C‘XLVII,
2873 5797 2962 5861 i9.
3008 5796 3099 5852 20.
3181 5797 3279 5852 ³⁸1
3316 5796 3446 5852 Cor.
3500 5813 3593 5863 xv,
3648 5798 3737 5854 56-

455 5865 506 5944 ξζ
537 5865 682 5944 Ρείιι.
730 5880 874 5944 χξξι,
1094 5863 1141 5896 ³⁸
1171 5863 1477 5944 Galatulu,
1536 5869 1626 5926 26.
1707 5873 1751 5907 ³³
1782 5872 2029 5944 Eplles.l

2138 5908 2152 5923 .
2264 5868 2311 5901 "°
2333 5868 2470 5925 ibid.
2500 5869 2553 5925 5.
2668 5869 2710 5901 ι¹
2739 5868 2913 5927 Exod.
2942 5884 3017 5934 ιν,
3039 5868 3130 5924 22.
3244 5868 3290 5902 δ’
3316 5868 3474 5924 Rom.
3503 5885 3627 5938 viil,
3654 5870 3735 5925 t5

456 5934 507 5970 “
535 5936 673 5992 Luc.
698 5951 736 6005 l,
770 5936 858 5994 52.
937 5936 982 5969 “
1012 5936 1173 5993 Rom.
1204 5952 1324 6005 vlll,
1344 5935 1436 5995 99.
