4042 6528
298 1720 301 1721 ν
383 1690 483 1761 τὴν

318 551 325 557 ι
384 466 523 531 1629

1320 466 1717 529 ADVERSUS
1756 466 2302 530 NESTORIANOS.
2327 496 2394 506 —
2425 473 2573 537 LIB.
2614 475 2729 535 III.

3514 477 3651 541 1630
3748 462 3751 466 ’

389 578 496 630 ῐδια
529 573 869 646 χαρίσματα,
913 575 976 639 ἐξ
1005 569 1081 630 ῶν
1105 576 1200 631 καὶ
1229 576 1539 648 Μονογενὴς
1571 576 1647 646 τῷ
1670 577 1845 647 Πατρὶ
1877 578 1969 648 ep-

2075 579 2226 632 muni
2261 580 2506 634 omnium
2560 582 2722 637 Patre
2779 582 2929 638 Deo:
2961 593 3018 639 et
3055 585 3160 640 alia
3214 586 3379 641 habet
3426 592 3649 659 propria

378 669 520 740 ρήθη
548 684 562 699 ·
607 668 811 721 ἔστιδὲ
860 667 1060 737 ταῦτα,
1088 668 1307 740 πρῶτον
1361 669 1483 740 μὲν,
1524 670 1607 723 ὅτι
1641 673 1705 723 ἐκ
1748 670 1964 724 πάντων

378 760 594 831 ὁρατῶν
630 761 727 814 καὶ
757 761 1007 832 ἀοράτων
1033 763 1347 833 κτισμάτων
1378 761 1687 834 ἀφώρισται
1734 764 1827 816 καὶ
1876 763 1969 827 ἐξ·

376 854 618 906 είλεκται
651 852 769 925 ἅμα
795 854 875 924 τῷ
902 850 1063 919 εἶναι,
1096 855 1191 908 καὶ
1220 855 1321 926 τὴν
1349 855 1443 909 τοῦ
1476 852 1617 910 εἶναι
1647 856 1775 919 Υἱὸς
1804 856 1963 921 ἀξίαν

375 946 556 999 λαϐὼν
587 948 773 1018 χάριτι
809 964 825 980 ο
857 948 1048 1021 ὥσπερ
1075 948 1131 1002 εί
1154 966 1240 1013 τις
1273 949 1387 1013 υἱὸς
1412 949 1677 1021 βασιλέως
1703 950 1797 1003 ἐπὶ
1828 966 1963 1019 πορ-

377 1039 529 1111 φύρᾳ
576 1041 813 1110 τεχθεὶς,
842 1042 874 1113 ἢ
905 1041 986 1094 ἔτι
1032 1041 1332 1114 κυούμενος
1365 1045 1423 1096 ἐν
1472 1044 1657 1117 μήτρᾳ
1691 1043 1964 1112 στεφθεδς.

376 1131 817 1203 διαζωννυμένης
841 1134 935 1187 τὸν
959 1134 1224 1202 στέφανον
1248 1134 1351 1203 τῆς
1393 1136 1624 1205 μητρὸς,
1680 1137 1817 1207 ὅπερ
1878 1136 1966 1203 γί-

374 1240 525 1277 νεται
555 1223 837 1287 πολλάκις.
873 1226 986 1279 Καὶ
1011 1226 1184 1290 οὕτως
1211 1226 1392 1298 ήνώθη
1422 1226 1500 1297 τῷ
1536 1226 1655 1297 Θεῷ
1677 1229 1836 1298 Λόγῳ
1859 1228 1967 1282 ἀπὸ

376 1312 603 1386 πρώτης
646 1315 816 1369 αὐτοῦ
873 1318 1141 1388 κτίσεως,
1175 1323 1270 1375 καὶ¹
1302 1324 1425 1386 Υἱὸς
1463 1324 1759 1394 ὠνομάσθη
1789 1326 1850 1378 οὐ
1876 1325 1965 1379 διὰ

375 1407 473 1479 τὴν
540 1407 663 1461 καθ’
725 1412 876 1482 ἡμᾶς
934 1414 1242 1480 υἱοθεσίαν,
1297 1415 1414 1470 ἀλλ’
1474 1417 1547 1482 ὡς
1625 1418 1970 1488 συνημμένος

376 1499 454 1572 τῷ
484 1501 643 1573 Λόγῳ
672 1506 808 1573 πρὸς
850 1505 950 1575 τὴν
1005 1508 1214 1561 ἐκείνου
1269 1510 1610 1579 φανέρωσινο
1661 1510 1758 1564 καὶ
1806 1509 1967 1563 αὑτοῦ

376 1599 438 1649 τὸ
500 1598 790 1669 πρόσωπον
833 1601 1069 1671 ἐπέχων,
1136 1602 1303 1656 αὐτοῦ
1358 1603 1457 1675 τὴν
1520 1604 1689 1676 τιμὴν
1720 1645 1735 1669 ,
1799 1605 1966 1658 αὐτοῦ

560 1688 716 1755 ἀξίαν
787 1693 970 1764 φέρων
1019 1710 1034 1726 ·
1100 1696 1193 1748 καὶ
1249 1712 1269 1749 ι
1348 1697 1633 1751 Ἐκάθισεν
1698 1698 1756 1750 ἐν
1822 1696 1971 1767 δεξιᾷ

378 1781 471 1835 τοῦ
529 1781 700 1847 Θεοῦ,
755 1784 1012 1853 ὑπεράνω
1088 1778 1297 1857 πάσης
1330 1786 1577 1852 ἐξουσίας
1633 1787 1729 1842 καὶ
1779 1787 1969 1859 κυριό-

379 1892 544 1946 τητος
599 1876 695 1929 καὶ
748 1877 1074 1948 δυνάμεως,
1125 1878 1296 1951 ὄνομα
1355 1880 1535 1935 λαϐὼν
1593 1880 1776 1951 μεῖζον
1829 1899 1967 1935 παν-

378 1966 471 2029 τὸς
521 1968 787 2039 ὀνόματος
842 1968 1270 2042 ὀνομαζομένου,
1308 1972 1368 2026 οὐ
1421 1972 1579 2044 μόνον
1607 1973 1664 2025 ἐν
1696 1971 1775 2043 τῷ
1807 1973 1964 2026 αἰῶνι

376 2057 551 2129 τούτῳ
588 2099 603 2123 ,
669 2060 803 2114 ἀλλά
850 2061 946 2115 καὶ¹
978 2065 1036 2116 ἐν
1086 2064 1164 2133 τῷ
1203 2065 1449 2136 μέλλοντι
1477 2081 1490 2095 ο
1523 2084 1542 2117 ι
1583 2094 1653 2104 ——
1688 2085 1704 2117 ι
1745 2064 1860 2119 Ἵνα
1909 2068 1965 2119 ἐν

378 2151 456 2223 τῷ
504 2153 731 2223 ὀνόματι
797 2155 974 2227 Ἰησοῦ
1031 2158 1140 2211 πᾶν
1190 2159 1319 2225 γόνυ
1380 2158 1573 2230 κάμψῃ
1622 2160 1966 2231 ἐπουρανίων

380 2246 477 2298 καὶ
549 2246 808 2314 ἐπιγείων
887 2241 984 2302 καὶ
1069 2250 1477 2320 καταχθονίων·
1522 2270 1541 2303 1
1607 2251 1786 2304 πάντα
1857 2250 1964 2320 γὰρ

381 2339 570 2403 ἁπλῶς
600 2338 865 2405 ὑπέταξεν
898 2341 1003 2394 ὑπὸ
1030 2343 1156 2406 τοὺς
1190 2343 1359 2407 πόδας
1386 2344 1583 2397 αὐτοῦ’
1608 2345 1702 2397 καὶ
1746 2343 1839 2397 ἀπ’
1864 2344 1965 2397 ab-

380 2432 475 2485 τοῦ
504 2432 582 2503 τῷ
614 2432 742 2502 θείῳ
766 2434 944 2504 Λόγῳ,
979 2431 1039 2487 οἶ)
1066 2436 1126 2489 τὸ
1158 2436 1451 2505 πρόσωπον
1483 2436 1704 2505 ἐπέχει·
1734 2436 1828 2489 καὶ
1857 2435 1968 2488 ἀπ’

382 2525 614 2590 ἐκείνου,
639 2526 715 2596 τῷ
736 2527 913 2597 Πατρὶ⁵
934 2526 1012 2598 τῷ
1036 2528 1326 2599 ἀχωρίστῳ
1351 2527 1537 2589 αὐτοῦ,
1566 2527 1682 2597 ἅμα
1700 2525 1777 2597 τῷ
1799 2526 1965 2579 Ilvati-

385 2637 514 2691 ματι
550 2620 629 2689 τῷ
658 2621 798 2692 ἁγίῳ
825 2637 839 2652 ⁸
870 2622 963 2674 καὶ
996 2621 1139 2675 οὕτω
1176 2622 1449 2693 μεσιτεύει
1482 2620 1600 2691 Θεῷ
1634 2619 1969 2691 καὶμάνθρώ·

384 2730 508 2775 ποις
539 2728 552 2742 ⁸
583 2711 791 2766 τούτων
815 2712 870 2766 δὲ
899 2712 1050 2767 οὐδὲν
1080 2713 1241 2766 πλέον
1273 2713 1423 2783 αὐτῷ
1468 2729 1598 2765 ποτε
1629 2711 1960 2782 παρέξουσιν

381 2806 430 2859 oi
462 2804 709 2859 συνθέσει
752 2804 1006 2873 λέγοντες
1036 2806 1337 2874 τοῦ”Λόγου
1375 2806 1471 2858 καὶ
1517 2804 1611 2858 τοῦ
1650 2803 1964 2876 ἀνθρώπου,

381 2895 473 2950 τὸν
510 2897 746 2967 Χριστὸν
793 2899 1092 2967 ὑφεστᾶναι
1126 2916 1141 2932 ο
1177 2900 1225 2951 εἱ
1268 2899 1324 2951 δὲ
1380 2898 1587 2952 τούτων
1634 2897 1998 2971 ἀσύγκριτος,

382 2990 490 3042 τῶν
524 2989 807 3043 υἱοθεσιῶν
832 2993 865 3062 ἡ
894 2991 1216 3063 παράθεσις,
1250 2991 1367 3054 πῶς
1406 3009 1568 3061 φασιν
1594 2991 1674 3043 ὅτι
1704 2989 1969 3060 ὁμότιμον

385 3081 515 3150 ἡμῖν
570 3098 751 3151 φαμεν
788 3076 881 3133 τόν
923 3082 1158 3152 Χριστόν
1192 3098 1206 3147 ;
1244 3081 1377 3135 διότι
1402 3082 1461 3135 οὐ
1493 3081 1651 3152 φύσει
1674 3081 1821 3144 Υἱδν,
1851 3080 1971 3134 οὐδὲ

384 3173 547 3227 αὑτὸν
597 3172 925 3240 Θεοῦ,ἀλλά
978 3174 1161 3244 χάριτι
1218 3174 1577 3228 υἱοθετεῖσθαι
1632 3172 1966 3244 δοξάζομενο

2067 672 2231 738 dona,
2255 688 2323 726 ex
2353 674 2556 743 quibus
2585 674 2913 745 Unigenitus
2943 692 2974 731 a
3002 678 3162 733 Patre
3186 677 3370 735 dictus
3398 679 3650 750 cst.jl:ec

2066 780 2198 819 vero
2228 773 2381 830 sunt,
2432 765 2675 834 primum
2708 767 2933 836 quidem
2967 783 3032 822 ex
3068 770 3283 824 cunctis
3331 771 3649 828 visibilibus

2066 865 2122 912 et
2150 856 2529 911 invisibilibus
2572 859 2847 913 creaturis
2888 871 3172 930 separatus
3213 871 3269 917 et
3311 863 3523 918 electus
3565 872 3650 918 est

2068 949 2233 1005 simul
2277 965 2341 1003 ac
2388 949 2516 1015 fuit,
2542 958 2595 1005 et
2630 966 2750 1005 esse
2788 951 2961 1005 Filius
2994 953 3164 1021 gratia
3194 942 3392 1024 dignus
3424 956 3652 1012 habitus

2067 1048 2154 1098 est
2176 1061 2203 1094 :.
2226 1042 2459 1111 perinde
2489 1057 2553 1097 ac
2591 1042 2637 1099 si
2678 1043 2825 1097 ﬁlius
2857 1044 3000 1114 regis
3031 1044 3085 1098 in
3118 1059 3363 1115 purpura
3403 1049 3646 1117 genitus,

2068 1144 2165 1190 aut
2194 1136 2376 1192 adhuc
2420 1136 2477 1191 in
2519 1146 2712 1191 ventre
2754 1137 2948 1193 matris
2983 1147 3303 1203 coronatus,
3339 1142 3650 1209 praecincta

2070 1228 2265 1282 matris
2289 1244 2550 1283 coronam
2579 1230 2876 1299 acciperet,
2904 1230 3050 1300 quod
3086 1228 3147 1283 ﬁt
3178 1245 3340 1299 saipe.
3362 1232 3650 1289 ltaunitus

2068 1332 2154 1378 est
2184 1325 2295 1380 Deo
2320 1325 2505 1380 Verbo
2552 1340 2580 1379 a
2625 1324 2802 1394 prima
2831 1323 3009 1394 ipsius
3057 1323 3361 1387 creatione,
3392 1334 3447 1379 et
3476 1327 3650 1383 Filius

2070 1419 2379 1487 appellatus
2409 1426 2493 1471 est
2528 1432 2639 1470 non
2678 1425 2906 1487 propter
2939 1416 3246 1472 secundum
3272 1433 3374 1473 nos
3406 1419 3649 1473 ﬁliorum

2071 1504 2446 1573 adoptionem,
2469 1498 2588 1559 sed
2623 1515 2684 1559 ut
2717 1505 2899 1561 Verbo
2934 1505 3126 1561 unitus
3172 1506 3240 1561 ad
3273 1507 3423 1563 illius
3470 1509 3648 1561 mani-

2072 1595 2453 1651 festationem:
2504 1604 2562 1651 et
2614 1598 2761 1653 illius
2816 1614 3108 1668 personam
3156 1600 3420 1666 retinens,
3474 1600 3650 1671 ipsius

2072 1687 2364 1751 honorem,
2396 1688 2574 1760 ipsius
2597 1690 2829 1767 gloriam
2858 1707 2970 1762 pra:
3003 1708 3061 1747 se
3100 1692 3323 1748 ferens:
3348 1701 3405 1747 et
3442 1713 3462 1746 ι
3504 1692 3647 1748 Con-

2072 1780 2253 1835 stituit
2279 1780 2346 1835 ad
2360 1780 2645 1836 dexteram
2668 1782 2790 1849 Dei,
2820 1782 2876 1837 in
2902 1783 3224 1839 cmlestibus
3248 1800 3410 1854 supra
3428 1800 3649 1840 omnem

2071 1874 2445 1945 principatum
2466 1882 2521 1931 et
2544 1874 2977 1931 dominationem
2994 1885 3049 1931 et
3074 1886 3422 1947 potestatem,
3445 1893 3651 1934 nomen

2071 1966 2282 2022 habens
2312 1969 2487 2038 majus
2527 1966 2679 2021 omni
2731 1969 2954 2023 nomine
2987 1970 3134 2039 quod
3164 1971 3503 2036 nominatur,
3535 1986 3649 2025 non

2070 2060 2247 2114 solum
2292 2059 2349 2113 in
2393 2060 2501 2116 hoc
2541 2061 2762 2126 szeeulo,
2791 2061 2887 2116 sed
2916 2062 3083 2116 etiam
3117 2063 3172 2116 in
3202 2062 3389 2117 futuro
3409 2063 3483 2116 ηε
3523 2083 3541 2115 1
3573 2063 3648 2117 ita

2078 2176 2094 2203 ο
2138 2161 2199 2207 ut
2248 2153 2302 2207 in
2339 2153 2565 2207 nomine
2597 2154 2723 2209 Jesu
2760 2169 2923 2208 omne
2987 2170 3131 2224 genu
3178 2153 3433 2210 ﬂectatur
3477 2163 3652 2209 terre—

2069 2245 2292 2311 strium,
2335 2246 3088 2301 emlcstiumctinfernorum
3110 2247 3186 2301 l“‘:
3225 2267 3242 2299 1
3292 2248 3475 2302 omnia
3502 2250 3650 2302 enim

2069 2336 2399 2407 simpliciter
2448 2338 2683 2407 subjecit
2736 2339 2839 2393 sub
2898 2339 3138 2408 pedibus
3176 2341 3298 2410 ejus
3321 2339 3401 2409 “_:
3454 2350 3509 2395 et
3550 2355 3651 2409 per

2070 2428 2253 2498 ipsum
2291 2428 2481 2483 divino
2500 2430 2706 2495 Verbo,
2732 2431 2893 2500 cujus
2915 2446 3210 2500 personam
3240 2434 3445 2485 retinet
3468 2439 3524 2484 et
3553 2444 3653 2499 per

2070 2522 2237 2576 istum
2284 2523 2435 2577 Patri
2491 2523 2560 2577 ab
2615 2524 2736 2594 ipso
2790 2524 3144 2594 inseparabili
3195 2525 3356 2578 simul
3417 2530 3471 2578 et
3525 2540 3651 2577 eum

2071 2616 2278 2685 Spiritu
2315 2626 2505 2671 sancto
2530 2618 2851 2688 participat:
2878 2627 2933 2673 et
2964 2618 3037 2672 ita
3071 2618 3346 2672 mediator
3367 2627 3450 2672 est
3475 2617 3570 2671 Dei
3599 2626 3656 2671 et

2070 2708 2459 2764 hominum":
2513 2710 2652 2765 nihil
2702 2721 2886 2766 autem
2951 2711 3186 2781 amplius
3245 2712 3350 2781 ipsi
3410 2727 3652 2780 unquam

2070 2802 2400 2872 praabebunt
2456 2802 2551 2872 qui
2608 2813 2862 2858 asserunt
2928 2802 3325 2873 compositione
3374 2803 3540 2859 Verbi
3598 2811 3657 2857 et

2072 2892 2321 2949 hominis
2375 2894 2656 2950 Christum
2715 2894 3065 2950 substitisse:
3117 2896 3163 2950 si
3232 2912 3366 2950 vero
3423 2896 3656 2951 istarum

2073 2984 2314 3040 ﬁliorum
2354 2986 2714 3057 adoptionum
2747 2986 2865 3042 ﬁeri
2892 2988 3083 3058 nequit
3129 2989 3489 3059 comparatio,
3518 3005 3658 3059 quo-

2072 3076 2241 3132 modo
2275 3077 2470 3132 dicunt
2498 3094 2602 3133 nos
2630 3078 2822 3134 dicere
2874 3079 2996 3149 pari
3048 3079 3260 3134 honore
3304 3096 3368 3135 ac
3403 3096 3503 3135 nos
3535 3096 3657 3136 esse

2071 3169 2398 3226 Christum?
2433 3172 2563 3227 Ideo
2628 3188 2737 3227 non
2789 3182 2986 3226 natura
3031 3172 3256 3239 Filium,
3307 3190 3418 3227 non
3476 3174 3657 3244 ipsum

385 3262 509 3317 οὔτε
542 3263 650 3335 γὰρ
670 3264 752 3328 τὸ,
785 3264 933 3328 υἱοὺς
965 3263 1242 3332 λέγεσθαι,
1270 3264 1390 3318 οὐδὲ
1442 3264 1502 3318 τὸ
1548 3266 1731 3336 χάριτι
1788 3263 1967 3318 υἱοθε-

2076 3264 2195 3328 Dei,
2222 3265 2315 3320 sed
2340 3266 2515 3335 gratia
2529 3265 2727 3319 Filium
2753 3265 3003 3335 adeptari
3031 3266 3356 3336 opinamur:
3376 3282 3485 3320 non
3509 3266 3656 3321 enim

384 3355 615 3416 τείσθαι,
647 3355 780 3419 τούς
829 3373 887 3409 τε
937 3355 1259 3426 ἀνθρώπους
1314 3357 1524 3420 πάντας
1550 3357 1643 3409 καὶ
1687 3358 1814 3421 τοὺς
1840 3358 1969 3411 Ἰου-

386 3446 571 3508 δαίους
618 3446 714 3499 καὶ
755 3447 883 3510 τοὺς
933 3448 1322 3518 Χριστιανοὺς,
1372 3447 1467 3499 καὶ
1509 3447 1601 3501 τὸν
1641 3448 1876 3519 Χριστὸν
1912 3451 1970 3501 ἐν

386 3536 573 3609 ὀλίγῳ,
604 3538 636 3609 ἢ
668 3539 818 3606 παρά
844 3539 907 3592 τὸ
942 3539 1143 3612 μᾶλλον
1172 3543 1268 3593 καὶ
1294 3535 1455 3611 ἦττον
1479 3538 1593 3611 ἔχει
1642 3540 1742 3611 τὴν
1785 3540 1971 3610 διαφο-

394 3632 491 3702 ρὰν
512 3630 803 3686 δέδεικται.

463 3723 608 3794 Πρὸς
650 3724 775 3777 τάδε
814 3721 905 3779 οὖν
936 3726 1116 3779 πάντα
1150 3728 1248 3781 σὺν
1276 3726 1396 3796 Θεῷ
1441 3745 1643 3798 φαμεν,
1689 3728 1769 3781 ὅτι
1804 3726 1972 3791 ὅντως

394 3814 627 3886 διαφορά
654 3814 768 3869 ἔστι
793 3817 963 3870 τῶνδε
1000 3819 1110 3871 τῶν
1136 3821 1276 3873 κατὰ
1306 3820 1468 3891 χάριν
1497 3819 1754 3873 δοθεισῶν
1795 3819 1973 3873 υἱοθει-

403 3909 557 3959 σιῶν·
588 3906 640 3960 τί
668 3904 759 3975 οὖν
794 3926 965 3978 (pate;
1001 3912 1033 3981 ἡ
1078 3911 1200 3965 καθ’
1244 3914 1392 3982 ἡμᾶς
1435 3912 1559 3974 τοὺς
1610 3911 1974 3982 Χριστιανοὺς

393 3997 655 4066 υἱοθεσία,
687 4003 1098 4070 πνευματικους
1126 4002 1235 4055 ἀπὸ
1260 4003 1532 4072 σαρκικῆς
1560 4001 1776 4072 φύσεως
1810 4018 1975 4071 μετα-

391 4090 619 4145 ποιοῦσα
655 4094 711 4145 ἐν
732 4092 809 4163 τῷ
842 4092 1107 4162 μέλλοντι,
1139 4096 1235 4147 καὶ
1270 4094 1575 4157 ἀθανάτους
1618 4095 1740 4147 ἀντὶ
1766 4092 1976 4163 θνητῶν

390 4181 666 4246 δεικνῦσα,
692 4182 787 4235 καὶ
819 4184 1138 4252 ἐλευθέρους
1167 4184 1263 4256 τὴν
1290 4186 1454 4254 φύσιν
1485 4187 1604 4239 ἀντὶ
1632 4184 1854 4248 δούλων,
1883 4186 1977 4238 καὶ

392 4274 630 4341 ἀφόϐους
663 4275 764 4344 τὴν
803 4275 950 4345 ζωὴν
984 4278 1164 4330 πᾶσαν
1190 4278 1317 4342 τοὺς
1345 4279 1401 4330 ἐν
1442 4277 1618 4347 θλίψει
1650 4278 1747 4330 καὶ
1781 4279 1838 4330 ἐν
1863 4277 1980 4329 ὀδύ-

391 4385 508 4430 ναις
544 4368 649 4420 ἁεί·
681 4369 774 4422 καὶ
798 4369 854 4422 ἐν
887 4370 1159 4442 εὐμαρείᾳ
1213 4373 1338 4434 τοὺς
1368 4373 1427 4423 ἐν
1456 4370 1851 4440 περισπασμῷ,
1883 4370 1980 4423 καὶ

392 4462 811 4531 ἀναμαρτήτους
863 4463 954 4515 τὸν
995 4464 1111 4534 βίον
1139 4466 1259 4518 ἀντὶ
1290 4466 1653 4537 ἁμαρτωλῶν,
1694 4466 1789 4519 καὶ
1816 4464 1979 4535 ἀτρέ-

394 4569 561 4614 πτους
602 4554 721 4604 ἀντὶ
749 4555 998 4624 τρεπτῶν
1028 4556 1124 4625 τὴν
1170 4558 1383 4621 ουσίαν,
1438 4558 1513 4620 ὼς
1558 4558 1694 4627 μηδέ
1753 4558 1979 4626 δυνάμει

2072 3357 2219 3412 inter
2267 3358 2408 3413 ﬁlios
2464 3358 2573 3413 dici
2628 3367 2685 3414 et
2735 3359 2909 3429 gratia
2959 3359 3101 3414 ﬁlios
3157 3359 3409 3429 adoptari
3468 3374 3661 3415 omnes

2074 3450 2327 3507 homines
2363 3460 2421 3507 et
2445 3451 2663 3508 Judaeos
2689 3460 2746 3507 et
2770 3451 3124 3507 Christianos
3152 3461 3208 3507 et
3233 3452 3517 3508 Christum
3554 3454 3660 3508 sub

2074 3558 2244 3612 parvo
2273 3553 2549 3613 respectu.
2579 3560 2689 3597 non
2713 3543 2934 3599 exsistit
2961 3544 3028 3598 ad
3060 3545 3181 3616 plus
3198 3554 3253 3600 et
3286 3544 3472 3618 minus
3502 3544 3665 3600 dill‘e-

2077 3634 2277 3699 rentia,
2313 3643 2374 3689 ut
2408 3645 2781 3691 monstratum
2811 3644 2918 3691 est.

2151 3727 2359 3782 Praeter
2381 3726 2499 3782 haec
2521 3727 2689 3798 igitur
2716 3728 2902 3782 omnia
2947 3744 3071 3783 cum
3125 3727 3239 3783 Deo
3269 3728 3508 3784 dicimus
3529 3744 3663 3784 vere

2076 3834 2197 3874 esse
2222 3818 2593 3874 differentiam
2613 3818 2760 3875 inter
2777 3819 2896 3875 illas
2920 3819 3225 3875 secundum
3250 3821 3479 3891 gratiam
3506 3821 3666 3877 datas

2077 3898 2316 3967 ﬁliorum
2346 3911 2709 3981 adoptiones:
2739 3911 2873 3981 quid
2920 3911 3092 3981 igitur
3137 3911 3366 3967 dicitis?
3396 3912 3661 3966 Filiorum

2077 4004 2301 4074 adoptio
2332 4004 2478 4074 apud
2509 4020 2611 4059 nos
2644 4004 3011 4071 Christianos,
3049 4004 3365 4075 spirituales
3394 4021 3421 4059 a
3453 4005 3663 4059 carnali

2078 4105 2275 4149 natura
2300 4095 2544 4159 eﬁiciens
2578 4095 2633 4150 in
2672 4094 2885 4161 futuro,
2911 4104 2968 4150 et
3010 4096 3350 4150 immortales
3382 4113 3483 4166 pro
3514 4111 3665 4151 mor-

2080 4189 2283 4243 talibus
2311 4188 2637 4253 ostendens,
2672 4196 2728 4243 et
2760 4195 2958 4241 natura
3000 4188 3207 4242 liberos
3250 4203 3352 4257 pro
3382 4188 3577 4251 servis,
3608 4196 3667 4242 et

2080 4281 2199 4335 sine
2220 4282 2417 4335 timore
2434 4296 2535 4351 per
2553 4290 2720 4335 totam
2739 4285 2908 4335 vitam
2931 4282 3287 4336 tribulatione
3304 4289 3360 4335 et
3377 4281 3666 4336 doloribus

2080 4390 2301 4445 semper
2330 4376 2667 4441 laborantes,
2692 4384 2748 4429 et
2782 4375 2838 4429 in
2871 4376 3280 4445 tranquillitate
3308 4375 3401 4444 qui
3429 4384 3582 4429 erant
3607 4377 3664 4429 in

2081 4469 2371 4538 angustiis,
2422 4478 2478 4523 et
2528 4469 2854 4523 innocentes
2886 4484 2987 4537 pro
3023 4467 3432 4537 peccatoribus,
3464 4476 3517 4521 et
3565 4467 3666 4521 im-

2082 4559 2379 4614 mutabiles
2420 4575 2522 4629 pro
2549 4558 2912 4613 mutabilibus
2936 4558 3241 4613 secundum
3273 4557 3664 4623 substantiam,

396 4645 538 4713 ἔχειν
569 4645 755 4698 λοιπὸν
781 4647 842 4699 τὸ
875 4648 1142 4718 σφαλερὸν
1191 4649 1256 4701 δι’
1284 4643 1344 4703 οὗ
1379 4650 1439 4701 τὸ
1485 4640 1779 4720 τιμωρίαις
1806 4649 1972 4715 ὑπεύ-

2086 4650 2163 4705 ita
2198 4660 2260 4704 ut
2288 4650 2552 4720 deinceps
2579 4666 2690 4704 non
2719 4650 2896 4720 possit
2938 4665 3234 4705 occurrere
3266 4649 3398 4719 quid
3447 4649 3667 4719 pericu-

396 4738 589 4790 θυνον’
635 4734 747 4809 ἆρά
798 4755 862 4807 γε
922 4739 1209 4810 διαφόρους
1246 4742 1394 4794 ποιεῖ
1442 4744 1562 4794 κατ’
1608 4742 1797 4795 οὐσίαν
1849 4743 1975 4805 τοὺς

403 4833 660 4901 μετόχους
710 4834 925 4902 αὐτῆς,
966 4835 1118 4904 παρὰ
1181 4837 1308 4898 τοὺς
1371 4838 1634 4906 μετόχους
1684 4837 1783 4905 τὴς
1846 4836 1978 4889 Ἰου-

397 4923 586 4995 ὸαῖκῆς
650 4925 964 4989 υἱοθεσίας,
1033 4926 1155 4996 ἦτις
1222 4926 1449 4997 θνητοὺς
1504 4927 1585 4979 ἔτι
1658 4929 1755 4981 καὶ
1818 4944 1979 4981 πται-

398 5020 556 5081 στοὺς
611 5018 704 5073 καὶ
768 5017 991 5081 δούλους
1046 5019 1140 5072 καὶ
1196 5019 1491 5088 ἐμφόϐους,
1552 5021 1645 5073 καὶ
1705 5036 1981 5090 τιμωρου-

403 5112 617 5180 μένους,
669 5110 767 5164 καὶ
818 5113 876 5163 ἐν
938 5110 1174 5181 πληγαῖς
1223 5111 1465 5165 δείκνυσι
1526 5114 1651 5175 τοὺς
1711 5113 1832 5165 κατ’
1880 5113 1980 5164 αὑ-

398 5204 524 5264 τοὺς
552 5201 1023 5274 υἱοθετουμένους,
1056 5204 1087 5274 ἢ
1121 5204 1280 5273 οὐχί;
1314 5206 1361 5257 εἰ
1389 5204 1446 5258 δέ
1497 5206 1715 5269 πάντως
1758 5205 1818 5257 τὸ
1846 5206 1982 5258 ἀθά-

400 5311 557 5345 νατον
588 5292 725 5357 ζῶον
755 5298 848 5349 καὶ
882 5296 1173 5368 ἄτρεπτον,
1204 5297 1298 5350 καὶ
1328 5297 1398 5350 τά
1445 5297 1610 5351 λοιπά
1642 5297 1980 5369 ὲτεροούσιον

399 5384 493 5437 τοῦ
517 5388 714 5456 θνητοῦ
742 5392 836 5443 καὶ
860 5390 1097 5461 τρεῖττοῦ
1133 5392 1227 5443 καὶ
1248 5392 1315 5444 τὰ
1345 5392 1507 5462 ὃμοια
1540 5392 1980 5463 ὲπιδεδειγμένου

402 5479 541 5543 ἐστὶ,
578 5481 882 5549 σκοπητέον
922 5480 1108 5536 λοιπὸν
1143 5483 1239 5536 καὶ
1270 5486 1369 5556 τὴν
1416 5484 1559 5538 κατά
1602 5485 1839 5556 Χριστὸν
1869 5486 1984 5537 υἱο-

401 5568 611 5624 θεσίανο
639 5568 749 5642 ἆρα
767 5588 830 5640 γε
855 5574 953 5627 οὐκ
983 5576 1192 5629 εἴποιτε
1221 5579 1316 5632 καὶ
1343 5577 1514 5646 αὐτὴν
1534 5576 1786 5630 τοσοῦτον
1816 5576 1985 5647 ὑπερ.

352 5648 358 5679 ²
402 5660 549 5731 ἐχειν
577 5660 679 5730 τῆς
712 5661 835 5714 καθ’
867 5664 1013 5734 ἡμᾶς
1064 5667 1189 5729 τοὺς
1236 5666 1459 5729 λοιποὺς
1490 5666 1813 5738 ἀνθρώπους
1842 5667 1984 5737 Χρι-

402 5756 653 5818 στιανοὺς
688 5754 980 5823 υἱοθεσίας,
1009 5757 1111 5811 κᾶν
1133 5760 1256 5812 ὅσον
1285 5776 1347 5828 γε
1379 5760 1410 5829 ἡ
1435 5760 1683 5831 ἡμετέρα
1710 5759 1810 5829 τῆς
1850 5760 1980 5813 Ἰου-

472 5914 517 5947 ¹⁵³
558 5915 760 5985 Eplics‘.
790 5933 825 5983 1,
857 5917 944 5972 9.0.
1026 5917 1327 5989 “Philipp.
1373 5938 1429 5976 11.
1464 5920 1545 5977 10.

1628 5922 1667 5953 ³⁷
1696 5920 1902 5992 Epltcs.
1928 5921 2065 5987 icit),
2095 5922 2184 5975 :ll.

2080 4741 2264 4796 losum
2287 4751 2584 4811 propterea
2607 4742 2755 4811 quod
2773 4740 3062 4811 suppliciis
3084 4740 3219 4794 nihil
3242 4740 3311 4793 sit
3332 4739 3663 4793 obnoxium:

2082 4848 2225 4887 anne
2261 4833 2584 4888 diﬁ‘erentes
2616 4834 2750 4888 facit
2780 4833 3085 4888 secundum
3120 4830 3490 4886 substantiam
3538 4847 3668 4902 par-

2084 4926 2285 4995 ticipes
2335 4926 2515 4996 ipsius
2537 4940 2565 4978 a
2591 4925 2959 4997 participibus
2991 4924 3233 4980 Judaica:
3268 4924 3507 4978 ﬁliorum
3537 4923 3670 4977 ado-

2086 5016 2313 5083 ptionis,
2348 5032 2470 5085 quae
2494 5017 2755 5071 mortales
2789 5016 2972 5071 adhuc
3001 5025 3058 5070 et
3087 5018 3350 5086 deceptos
3398 5024 3454 5070 et
3478 5030 3670 5069 servos

2084 5118 2141 5164 et
2173 5108 2514 5183 torrefactos,
2544 5116 2600 5164 et
2628 5109 2882 5175 alllictos,
2907 5118 2962 5164 et
2987 5110 3041 5164 in
3062 5109 3236 5179 plagis
3254 5108 3499 5162 ostendit
3523 5107 3668 5177 apud

2087 5200 2239 5271 ipsos
2286 5201 2342 5255 in
2393 5201 2746 5271 adoptionem
2812 5210 3086 5273 receptos,
3141 5218 3211 5256 an
3267 5200 3505 5256 non?Si
3537 5217 3670 5255 vero

2086 5294 2314 5348 omnino
2339 5293 2651 5349 immortale
2678 5294 2874 5349 vivens
2902 5303 2957 5349 et
2981 5294 3322 5349 immutabile
3346 5301 3401 5348 et
3432 5293 3670 5363 reliqua,

2071 5387 2314 5443 alterius
2342 5397 2428 5442 est
2454 5386 2779 5442 substantiae
2799 5403 2863 5442 ac
2886 5387 3031 5458 quod
3062 5388 3297 5442 mortale
3322 5395 3372 5441 et
3408 5386 3673 5441 mutabile

2085 5486 2142 5533 et
2171 5477 2395 5543 similia,
2437 5478 2754 5543 exhibetur,
2798 5480 3201 5535 consideranda
3266 5488 3350 5535 est
3409 5479 3673 5547 deinceps

2089 5570 2235 5641 apud
2268 5570 2550 5626 Christum
2606 5572 2843 5627 ﬁliorum
2893 5572 3151 5643 adoptio:
3189 5572 3383 5629 Nonne
3412 5571 3675 5627 diceretis

2089 5671 2146 5719 et
2177 5664 2349 5735 ipsam
2384 5673 2597 5719 tantum
2632 5658 2901 5721 excellere
2932 5665 3171 5720 ﬁliorum
3203 5664 3497 5734 adoptione
3524 5661 3671 5731 apud

2091 5776 2193 5813 nos
2222 5769 2451 5815 cmteros
2494 5759 2750 5817 homines
2799 5758 3154 5825 christianos,
3184 5769 3454 5829 quantum
3484 5763 3693 5813 nostra:

2267 5921 2353 5975 ""1
2390 5920 2519 5974 l‘im.
2558 5938 2611 5982 11,
