  <div class='ocr_page' id='page_1' title='image "/cluster/home/n/w/nwhite01/storage/ocr_20150623/86:1/hvd.32044019208909/823.png"; bbox 0 0 4042 6568; ppageno 0'>
   <div class='ocr_carea' id='block_1_1' title="bbox 405 404 535 513">
    <p class='ocr_par' dir='ltr' id='par_1_1' title="bbox 405 404 535 513">
     <span class='ocr_line' id='line_1_1' title="bbox 405 404 535 513; baseline 0.008 -1"><span class='ocrx_word' id='word_1_1' title='bbox 405 404 535 513; x_wconf 68' lang='grc' dir='ltr'><strong>ιυιι</strong></span> 
     </span>
    </p>
   </div>
   <div class='ocr_carea' id='block_1_2' title="bbox 1666 448 2428 527">
    <p class='ocr_par' dir='ltr' id='par_1_2' title="bbox 1666 448 2428 527">
     <span class='ocr_line' id='line_1_2' title="bbox 1666 448 2428 527; baseline 0.005 -12"><span class='ocrx_word' id='word_1_2' title='bbox 1666 448 1978 515; x_wconf 85' lang='lat' dir='ltr'><strong>LEONTII</strong></span> <span class='ocrx_word' id='word_1_3' title='bbox 2019 450 2428 527; x_wconf 64' lang='lat' dir='ltr'><strong>smmum</strong></span> 
     </span>
    </p>
   </div>
   <div class='ocr_carea' id='block_1_3' title="bbox 3540 461 3681 528">
    <p class='ocr_par' dir='ltr' id='par_1_3' title="bbox 3540 461 3681 528">
     <span class='ocr_line' id='line_1_3' title="bbox 3540 461 3681 528; baseline 0.021 -3"><span class='ocrx_word' id='word_1_4' title='bbox 3540 461 3681 528; x_wconf 67' lang='lat'><strong>1632</strong></span> 
     </span>
    </p>
   </div>
   <div class='ocr_carea' id='block_1_4' title="bbox 399 557 2005 650">
    <p class='ocr_par' dir='ltr' id='par_1_4' title="bbox 399 557 1989 638">
     <span class='ocr_line' id='line_1_4' title="bbox 399 557 1989 638; baseline 0.003 -20"><span class='ocrx_word' id='word_1_5' title='bbox 399 561 655 630; x_wconf 73' lang='lat' dir='ltr'><strong>Iudaica,</strong></span> <span class='ocrx_word' id='word_1_6' title='bbox 679 577 750 619; x_wconf 89' lang='lat' dir='ltr'><strong>ne</strong></span> <span class='ocrx_word' id='word_1_7' title='bbox 786 557 967 622; x_wconf 81' lang='lat' dir='ltr'><strong>dicam</strong></span> <span class='ocrx_word' id='word_1_8' title='bbox 998 560 1132 636; x_wconf 91' lang='lat' dir='ltr'><strong>quid</strong></span> <span class='ocrx_word' id='word_1_9' title='bbox 1163 564 1447 638; x_wconf 77' lang='lat' dir='ltr'><strong>amplius?</strong></span> <span class='ocrx_word' id='word_1_10' title='bbox 1476 565 1534 624; x_wconf 89' lang='lat' dir='ltr'><strong>Si</strong></span> <span class='ocrx_word' id='word_1_11' title='bbox 1565 566 1716 623; x_wconf 89' lang='lat' dir='ltr'><strong>enim</strong></span> <span class='ocrx_word' id='word_1_12' title='bbox 1746 583 1857 622; x_wconf 89' lang='lat' dir='ltr'><strong>non</strong></span> <span class='ocrx_word' id='word_1_13' title='bbox 1892 584 1989 623; x_wconf 76' lang='lat' dir='ltr'><strong>ex-</strong></span> 
     </span>
    </p>
   </div>
   <div class='ocr_carea' id='block_1_5' title="bbox 2106 557 3685 650">
    <p class='ocr_par' dir='ltr' id='par_1_5' title="bbox 2106 571 3685 650">
     <span class='ocr_line' id='line_1_5' title="bbox 2106 571 3685 650; baseline 0.001 -20"><span class='ocrx_word' id='word_1_14' title='bbox 2106 574 2306 650; x_wconf 72' lang='grc' dir='ltr'><strong>Βαῖκῆς,</strong></span> <span class='ocrx_word' id='word_1_15' title='bbox 2339 579 2428 632; x_wconf 77' lang='grc' dir='ltr'><strong>ἵνα</strong></span> <span class='ocrx_word' id='word_1_16' title='bbox 2480 577 2556 648; x_wconf 84' lang='grc' dir='ltr'><strong>μὴ</strong></span> <span class='ocrx_word' id='word_1_17' title='bbox 2609 571 2764 644; x_wconf 76' lang='grc' dir='ltr'><strong>λέγω</strong></span> <span class='ocrx_word' id='word_1_18' title='bbox 2807 593 2862 628; x_wconf 90' lang='grc' dir='ltr'><strong>τι</strong></span> <span class='ocrx_word' id='word_1_19' title='bbox 2913 575 3138 642; x_wconf 82' lang='grc' dir='ltr'><strong>πλεῖον;</strong></span> <span class='ocrx_word' id='word_1_20' title='bbox 3192 576 3244 630; x_wconf 80' lang='grc' dir='ltr'><strong>εί</strong></span> <span class='ocrx_word' id='word_1_21' title='bbox 3286 575 3386 647; x_wconf 66' lang='grc' dir='ltr'><strong>μιν</strong></span> <span class='ocrx_word' id='word_1_22' title='bbox 3414 576 3526 649; x_wconf 76' lang='grc' dir='ltr'><strong>γάρ</strong></span> <span class='ocrx_word' id='word_1_23' title='bbox 3581 579 3685 649; x_wconf 72' lang='grc' dir='ltr'><strong>οὐχ</strong></span> 
     </span>
    </p>
   </div>
   <div class='ocr_carea' id='block_1_6' title="bbox 401 655 1989 731">
    <p class='ocr_par' dir='ltr' id='par_1_6' title="bbox 401 655 1989 731">
     <span class='ocr_line' id='line_1_6' title="bbox 401 655 1989 731; baseline 0.004 -22"><span class='ocrx_word' id='word_1_24' title='bbox 401 655 573 720; x_wconf 88' lang='lat' dir='ltr'><strong>cellit,</strong></span> <span class='ocrx_word' id='word_1_25' title='bbox 603 671 735 712; x_wconf 92' lang='lat' dir='ltr'><strong>ecce</strong></span> <span class='ocrx_word' id='word_1_26' title='bbox 767 657 913 728; x_wconf 88' lang='lat' dir='ltr'><strong>apud</strong></span> <span class='ocrx_word' id='word_1_27' title='bbox 942 673 1046 713; x_wconf 89' lang='lat' dir='ltr'><strong>nos</strong></span> <span class='ocrx_word' id='word_1_28' title='bbox 1076 660 1132 714; x_wconf 89' lang='lat' dir='ltr'><strong>in</strong></span> <span class='ocrx_word' id='word_1_29' title='bbox 1169 659 1448 731; x_wconf 84' lang='lat' dir='ltr'><strong>dignitate</strong></span> <span class='ocrx_word' id='word_1_30' title='bbox 1481 659 1662 716; x_wconf 86' lang='lat' dir='ltr'><strong>solum</strong></span> <span class='ocrx_word' id='word_1_31' title='bbox 1688 658 1989 715; x_wconf 78' lang='lat' dir='ltr'><strong>Christiani</strong></span> 
     </span>
    </p>
   </div>
   <div class='ocr_carea' id='block_1_7' title="bbox 398 746 1988 817">
    <p class='ocr_par' dir='ltr' id='par_1_7' title="bbox 398 746 1988 817">
     <span class='ocr_line' id='line_1_7' title="bbox 398 746 1988 817; baseline 0.003 -15"><span class='ocrx_word' id='word_1_32' title='bbox 398 746 658 804; x_wconf 78' lang='lat' dir='ltr'><strong>Christus</strong></span> <span class='ocrx_word' id='word_1_33' title='bbox 698 757 818 804; x_wconf 89' lang='lat' dir='ltr'><strong>est:</strong></span> <span class='ocrx_word' id='word_1_34' title='bbox 844 750 891 805; x_wconf 91' lang='lat' dir='ltr'><strong>si</strong></span> <span class='ocrx_word' id='word_1_35' title='bbox 915 765 1052 805; x_wconf 85' lang='lat' dir='ltr'><strong>vero</strong></span> <span class='ocrx_word' id='word_1_36' title='bbox 1081 750 1356 807; x_wconf 81' lang='lat' dir='ltr'><strong>excellere</strong></span> <span class='ocrx_word' id='word_1_37' title='bbox 1384 767 1506 806; x_wconf 89' lang='lat' dir='ltr'><strong>eam</strong></span> <span class='ocrx_word' id='word_1_38' title='bbox 1533 751 1758 806; x_wconf 87' lang='lat' dir='ltr'><strong>omnino</strong></span> <span class='ocrx_word' id='word_1_39' title='bbox 1783 751 1988 817; x_wconf 75' lang='lat' dir='ltr'><strong>dicitis,</strong></span> 
     </span>
    </p>
   </div>
   <div class='ocr_carea' id='block_1_8' title="bbox 401 840 1992 914">
    <p class='ocr_par' dir='ltr' id='par_1_8' title="bbox 401 840 1992 914">
     <span class='ocr_line' id='line_1_8' title="bbox 401 840 1992 914; baseline 0.001 -20"><span class='ocrx_word' id='word_1_40' title='bbox 401 840 549 896; x_wconf 90' lang='lat' dir='ltr'><strong>sicut</strong></span> <span class='ocrx_word' id='word_1_41' title='bbox 605 849 664 898; x_wconf 89' lang='lat' dir='ltr'><strong>et</strong></span> <span class='ocrx_word' id='word_1_42' title='bbox 717 843 832 914; x_wconf 88' lang='lat' dir='ltr'><strong>jam</strong></span> <span class='ocrx_word' id='word_1_43' title='bbox 897 843 1272 908; x_wconf 89' lang='lat' dir='ltr'><strong>concessistis,</strong></span> <span class='ocrx_word' id='word_1_44' title='bbox 1328 851 1480 898; x_wconf 85' lang='lat' dir='ltr'><strong>certe</strong></span> <span class='ocrx_word' id='word_1_45' title='bbox 1534 841 1883 913; x_wconf 82' lang='lat' dir='ltr'><strong>superiorem</strong></span> <span class='ocrx_word' id='word_1_46' title='bbox 1935 848 1992 898; x_wconf 88' lang='lat' dir='ltr'><strong>et</strong></span> 
     </span>
    </p>
   </div>
   <div class='ocr_carea' id='block_1_9' title="bbox 404 935 1991 1008">
    <p class='ocr_par' dir='ltr' id='par_1_9' title="bbox 404 935 1991 1008">
     <span class='ocr_line' id='line_1_9' title="bbox 404 935 1991 1008; baseline 0.001 -20"><span class='ocrx_word' id='word_1_47' title='bbox 404 935 586 1006; x_wconf 90' lang='lat' dir='ltr'><strong>ipsum</strong></span> <span class='ocrx_word' id='word_1_48' title='bbox 619 935 1020 994; x_wconf 78' lang='lat' dir='ltr'><strong>eli‘ecitnostra</strong></span> <span class='ocrx_word' id='word_1_49' title='bbox 1051 937 1360 993; x_wconf 81' lang='lat' dir='ltr'><strong>substantia</strong></span> <span class='ocrx_word' id='word_1_50' title='bbox 1393 947 1605 992; x_wconf 90' lang='lat' dir='ltr'><strong>tantum</strong></span> <span class='ocrx_word' id='word_1_51' title='bbox 1635 944 1907 1008; x_wconf 87' lang='lat' dir='ltr'><strong>quantum</strong></span> <span class='ocrx_word' id='word_1_52' title='bbox 1934 943 1991 992; x_wconf 91' lang='lat' dir='ltr'><strong>et</strong></span> 
     </span>
    </p>
   </div>
   <div class='ocr_carea' id='block_1_10' title="bbox 402 1027 1990 1102">
    <p class='ocr_par' dir='ltr' id='par_1_10' title="bbox 402 1027 1990 1102">
     <span class='ocr_line' id='line_1_10' title="bbox 402 1027 1990 1102; baseline 0.001 -19"><span class='ocrx_word' id='word_1_53' title='bbox 402 1043 506 1083; x_wconf 87' lang='lat' dir='ltr'><strong>nos</strong></span> <span class='ocrx_word' id='word_1_54' title='bbox 552 1027 743 1084; x_wconf 81' lang='lat' dir='ltr'><strong>fideles</strong></span> <span class='ocrx_word' id='word_1_55' title='bbox 796 1029 1112 1086; x_wconf 86' lang='lat' dir='ltr'><strong>infidelibus</strong></span> <span class='ocrx_word' id='word_1_56' title='bbox 1165 1030 1486 1102; x_wconf 77' lang='lat' dir='ltr'><strong>superiores</strong></span> <span class='ocrx_word' id='word_1_57' title='bbox 1547 1029 1748 1086; x_wconf 80' lang='lat' dir='ltr'><strong>eﬂiciet</strong></span> <span class='ocrx_word' id='word_1_58' title='bbox 1803 1037 1990 1085; x_wconf 88' lang='lat' dir='ltr'><strong>nostra</strong></span> 
     </span>
    </p>
   </div>
   <div class='ocr_carea' id='block_1_11' title="bbox 405 1121 1137 1192">
    <p class='ocr_par' dir='ltr' id='par_1_11' title="bbox 405 1121 1137 1192">
     <span class='ocr_line' id='line_1_11' title="bbox 405 1121 1137 1192; baseline 0.004 -18"><span class='ocrx_word' id='word_1_59' title='bbox 405 1121 646 1176; x_wconf 89' lang='lat' dir='ltr'><strong>liliorum</strong></span> <span class='ocrx_word' id='word_1_60' title='bbox 678 1121 928 1192; x_wconf 87' lang='lat' dir='ltr'><strong>adoptio.</strong></span> <span class='ocrx_word' id='word_1_61' title='bbox 1132 1183 1137 1188; x_wconf 59' lang='grc'><strong>,</strong></span> 
     </span>
    </p>
   </div>
   <div class='ocr_carea' id='block_1_12' title="bbox 471 1211 1992 1286">
    <p class='ocr_par' dir='ltr' id='par_1_12' title="bbox 471 1211 1992 1286">
     <span class='ocr_line' id='line_1_12' title="bbox 471 1211 1992 1286; baseline 0 -18"><span class='ocrx_word' id='word_1_62' title='bbox 471 1211 743 1284; x_wconf 84' lang='lat' dir='ltr'><strong>Superior</strong></span> <span class='ocrx_word' id='word_1_63' title='bbox 772 1214 942 1284; x_wconf 80' lang='lat' dir='ltr'><strong>igitur</strong></span> <span class='ocrx_word' id='word_1_64' title='bbox 973 1214 1136 1271; x_wconf 89' lang='lat' dir='ltr'><strong>nobis</strong></span> <span class='ocrx_word' id='word_1_65' title='bbox 1173 1213 1606 1278; x_wconf 78' lang='lat' dir='ltr'><strong>hominibus,&#39;et</strong></span> <span class='ocrx_word' id='word_1_66' title='bbox 1641 1213 1780 1286; x_wconf 82' lang='lat' dir='ltr'><strong>ipsis</strong></span> <span class='ocrx_word' id='word_1_67' title='bbox 1823 1213 1992 1285; x_wconf 86' lang='lat' dir='ltr'><strong>spiri-</strong></span> 
     </span>
    </p>
   </div>
   <div class='ocr_carea' id='block_1_13' title="bbox 402 1303 1990 1378">
    <p class='ocr_par' dir='ltr' id='par_1_13' title="bbox 402 1303 1990 1378">
     <span class='ocr_line' id='line_1_13' title="bbox 402 1303 1990 1378; baseline 0 -19"><span class='ocrx_word' id='word_1_68' title='bbox 402 1304 648 1360; x_wconf 84' lang='lat' dir='ltr'><strong>tualibus</strong></span> <span class='ocrx_word' id='word_1_69' title='bbox 659 1306 993 1375; x_wconf 68' lang='lat' dir='ltr'><strong>Christianis</strong></span> <span class='ocrx_word' id='word_1_70' title='bbox 1008 1307 1313 1362; x_wconf 91' lang='lat' dir='ltr'><strong>secundum</strong></span> <span class='ocrx_word' id='word_1_71' title='bbox 1331 1304 1699 1361; x_wconf 79' lang='lat' dir='ltr'><strong>substantiam</strong></span> <span class='ocrx_word' id='word_1_72' title='bbox 1712 1303 1990 1378; x_wconf 84' lang='lat' dir='ltr'><strong>Christus,</strong></span> 
     </span>
    </p>
   </div>
   <div class='ocr_carea' id='block_1_14' title="bbox 405 1386 1993 1468">
    <p class='ocr_par' dir='ltr' id='par_1_14' title="bbox 405 1386 1993 1468">
     <span class='ocr_line' id='line_1_14' title="bbox 405 1386 1993 1468; baseline 0 -17"><span class='ocrx_word' id='word_1_73' title='bbox 405 1386 540 1468; x_wconf 74' lang='lat' dir='ltr'><strong>quid</strong></span> <span class='ocrx_word' id='word_1_74' title='bbox 590 1394 757 1467; x_wconf 79' lang='lat' dir='ltr'><strong>igitur</strong></span> <span class='ocrx_word' id='word_1_75' title='bbox 804 1399 914 1453; x_wconf 90' lang='lat' dir='ltr'><strong>erit</strong></span> <span class='ocrx_word' id='word_1_76' title='bbox 967 1398 1278 1454; x_wconf 91' lang='lat' dir='ltr'><strong>secundum</strong></span> <span class='ocrx_word' id='word_1_77' title='bbox 1333 1398 1630 1453; x_wconf 85' lang='lat' dir='ltr'><strong>naturam?</strong></span> <span class='ocrx_word' id='word_1_78' title='bbox 1681 1396 1793 1452; x_wconf 82' lang='lat' dir='ltr'><strong>Aut</strong></span> <span class='ocrx_word' id='word_1_79' title='bbox 1839 1404 1993 1451; x_wconf 90' lang='lat' dir='ltr'><strong>certe</strong></span> 
     </span>
    </p>
   </div>
   <div class='ocr_carea' id='block_1_15' title="bbox 407 1488 1994 1562">
    <p class='ocr_par' dir='ltr' id='par_1_15' title="bbox 407 1488 1994 1562">
     <span class='ocr_line' id='line_1_15' title="bbox 407 1488 1994 1562; baseline -0.001 -17"><span class='ocrx_word' id='word_1_80' title='bbox 407 1488 841 1545; x_wconf 83' lang='lat' dir='ltr'><strong>cherubim‘aut</strong></span> <span class='ocrx_word' id='word_1_81' title='bbox 885 1491 1134 1562; x_wconf 86' lang='lat' dir='ltr'><strong>angelus,</strong></span> <span class='ocrx_word' id='word_1_82' title='bbox 1187 1500 1287 1546; x_wconf 91' lang='lat' dir='ltr'><strong>aut</strong></span> <span class='ocrx_word' id='word_1_83' title='bbox 1332 1491 1536 1562; x_wconf 81' lang='lat' dir='ltr'><strong>aliquis</strong></span> <span class='ocrx_word' id='word_1_84' title='bbox 1575 1505 1648 1544; x_wconf 83' lang='lat' dir='ltr'><strong>ex</strong></span> <span class='ocrx_word' id='word_1_85' title='bbox 1681 1489 1994 1560; x_wconf 77' lang='lat' dir='ltr'><strong>legionibus</strong></span> 
     </span>
    </p>
   </div>
   <div class='ocr_carea' id='block_1_16' title="bbox 405 1580 1991 1653">
    <p class='ocr_par' dir='ltr' id='par_1_16' title="bbox 405 1580 1991 1653">
     <span class='ocr_line' id='line_1_16' title="bbox 405 1580 1991 1653; baseline -0.002 -15"><span class='ocrx_word' id='word_1_86' title='bbox 405 1598 530 1653; x_wconf 81' lang='lat' dir='ltr'><strong>quae</strong></span> <span class='ocrx_word' id='word_1_87' title='bbox 561 1590 692 1638; x_wconf 90' lang='lat' dir='ltr'><strong>sunt</strong></span> <span class='ocrx_word' id='word_1_88' title='bbox 749 1582 806 1636; x_wconf 91' lang='lat' dir='ltr'><strong>in</strong></span> <span class='ocrx_word' id='word_1_89' title='bbox 861 1582 1068 1645; x_wconf 89' lang='lat' dir='ltr'><strong>medio,</strong></span> <span class='ocrx_word' id='word_1_90' title='bbox 1127 1591 1224 1638; x_wconf 89' lang='lat' dir='ltr'><strong>aut</strong></span> <span class='ocrx_word' id='word_1_91' title='bbox 1267 1583 1415 1638; x_wconf 88' lang='lat' dir='ltr'><strong>Deus</strong></span> <span class='ocrx_word' id='word_1_92' title='bbox 1462 1597 1596 1636; x_wconf 85' lang='lat' dir='ltr'><strong>vere</strong></span> <span class='ocrx_word' id='word_1_93' title='bbox 1654 1580 1991 1637; x_wconf 89' lang='lat' dir='ltr'><strong>necessario.</strong></span> 
     </span>
    </p>
   </div>
   <div class='ocr_carea' id='block_1_17' title="bbox 403 1669 1994 1744">
    <p class='ocr_par' dir='ltr' id='par_1_17' title="bbox 403 1669 1994 1744">
     <span class='ocr_line' id='line_1_17' title="bbox 403 1669 1994 1744; baseline -0.003 -16"><span class='ocrx_word' id='word_1_94' title='bbox 403 1672 542 1728; x_wconf 91' lang='lat' dir='ltr'><strong>Cum</strong></span> <span class='ocrx_word' id='word_1_95' title='bbox 592 1672 760 1744; x_wconf 86' lang='lat' dir='ltr'><strong>igitur</strong></span> <span class='ocrx_word' id='word_1_96' title='bbox 801 1673 1058 1743; x_wconf 83' lang='lat' dir='ltr'><strong>angelum</strong></span> <span class='ocrx_word' id='word_1_97' title='bbox 1097 1672 1214 1727; x_wconf 85' lang='lat' dir='ltr'><strong>fieri</strong></span> <span class='ocrx_word' id='word_1_98' title='bbox 1263 1672 1444 1744; x_wconf 89' lang='lat' dir='ltr'><strong>ipsum</strong></span> <span class='ocrx_word' id='word_1_99' title='bbox 1481 1671 1796 1727; x_wconf 88' lang='lat' dir='ltr'><strong>secundum</strong></span> <span class='ocrx_word' id='word_1_100' title='bbox 1860 1669 1994 1724; x_wconf 90' lang='lat' dir='ltr'><strong>sub-</strong></span> 
     </span>
    </p>
   </div>
   <div class='ocr_carea' id='block_1_18' title="bbox 407 1761 1992 1834">
    <p class='ocr_par' dir='ltr' id='par_1_18' title="bbox 407 1761 1992 1834">
     <span class='ocr_line' id='line_1_18' title="bbox 407 1761 1992 1834; baseline -0.003 -14"><span class='ocrx_word' id='word_1_101' title='bbox 407 1765 688 1830; x_wconf 84' lang='lat' dir='ltr'><strong>stantiam,</strong></span> <span class='ocrx_word' id='word_1_102' title='bbox 735 1765 804 1820; x_wconf 88' lang='lat' dir='ltr'><strong>ab</strong></span> <span class='ocrx_word' id='word_1_103' title='bbox 837 1764 1099 1819; x_wconf 83' lang='lat' dir='ltr'><strong>omnibus</strong></span> <span class='ocrx_word' id='word_1_104' title='bbox 1129 1762 1449 1819; x_wconf 92' lang='lat' dir='ltr'><strong>omnimode</strong></span> <span class='ocrx_word' id='word_1_105' title='bbox 1485 1761 1863 1834; x_wconf 88' lang='lat' dir='ltr'><strong>improbatum</strong></span> <span class='ocrx_word' id='word_1_106' title='bbox 1898 1761 1992 1826; x_wconf 87' lang='lat' dir='ltr'><strong>sit,</strong></span> 
     </span>
    </p>
   </div>
   <div class='ocr_carea' id='block_1_19' title="bbox 404 1853 1992 1932">
    <p class='ocr_par' dir='ltr' id='par_1_19' title="bbox 404 1853 1992 1932">
     <span class='ocr_line' id='line_1_19' title="bbox 404 1853 1992 1932; baseline -0.004 -16"><span class='ocrx_word' id='word_1_107' title='bbox 404 1860 966 1932; x_wconf 84' lang='lat' dir='ltr'><strong>etavobismetipsis,</strong></span> <span class='ocrx_word' id='word_1_108' title='bbox 1005 1860 1169 1915; x_wconf 81' lang='lat' dir='ltr'><strong>fallax</strong></span> <span class='ocrx_word' id='word_1_109' title='bbox 1193 1859 1305 1915; x_wconf 90' lang='lat' dir='ltr'><strong>erit</strong></span> <span class='ocrx_word' id='word_1_110' title='bbox 1344 1867 1440 1914; x_wconf 89' lang='lat' dir='ltr'><strong>aut</strong></span> <span class='ocrx_word' id='word_1_111' title='bbox 1469 1857 1790 1912; x_wconf 88' lang='lat' dir='ltr'><strong>humanitas</strong></span> <span class='ocrx_word' id='word_1_112' title='bbox 1828 1853 1992 1911; x_wconf 86' lang='lat' dir='ltr'><strong>Verbi</strong></span> 
     </span>
    </p>
   </div>
   <div class='ocr_carea' id='block_1_20' title="bbox 407 1924 2070 2021">
    <p class='ocr_par' dir='ltr' id='par_1_20' title="bbox 407 1924 2070 2021">
     <span class='ocr_line' id='line_1_20' title="bbox 407 1924 2070 2021; baseline -0.004 -13"><span class='ocrx_word' id='word_1_113' title='bbox 407 1961 504 2008; x_wconf 87' lang='lat' dir='ltr'><strong>aut</strong></span> <span class='ocrx_word' id='word_1_114' title='bbox 552 1924 1068 2017; x_wconf 44' lang='lat' dir='ltr'><strong>deificatio&#39;carnis,</strong></span> <span class='ocrx_word' id='word_1_115' title='bbox 1099 1962 1156 2008; x_wconf 90' lang='lat' dir='ltr'><strong>et</strong></span> <span class='ocrx_word' id='word_1_116' title='bbox 1187 1951 1403 2021; x_wconf 88' lang='lat' dir='ltr'><strong>reliqua</strong></span> <span class='ocrx_word' id='word_1_117' title='bbox 1447 1949 1635 2004; x_wconf 89' lang='lat' dir='ltr'><strong>omnia</strong></span> <span class='ocrx_word' id='word_1_118' title='bbox 1684 1963 1806 2018; x_wconf 63' lang='lat' dir='ltr'><strong>quae</strong></span> <span class='ocrx_word' id='word_1_119' title='bbox 1849 1945 1995 2002; x_wconf 84' lang='lat' dir='ltr'><strong>allir-</strong></span> <span class='ocrx_word' id='word_1_120' title='bbox 2021 1924 2070 1984; x_wconf 79' lang='grc' dir='ltr'><strong>Β</strong></span> 
     </span>
    </p>
   </div>
   <div class='ocr_carea' id='block_1_21' title="bbox 409 2041 1997 2116">
    <p class='ocr_par' dir='ltr' id='par_1_21' title="bbox 409 2041 1997 2116">
     <span class='ocr_line' id='line_1_21' title="bbox 409 2041 1997 2116; baseline -0.003 -17"><span class='ocrx_word' id='word_1_121' title='bbox 409 2052 564 2099; x_wconf 92' lang='lat' dir='ltr'><strong>mant</strong></span> <span class='ocrx_word' id='word_1_122' title='bbox 599 2045 818 2116; x_wconf 89' lang='lat' dir='ltr'><strong>eloquia</strong></span> <span class='ocrx_word' id='word_1_123' title='bbox 849 2045 918 2100; x_wconf 90' lang='lat' dir='ltr'><strong>de</strong></span> <span class='ocrx_word' id='word_1_124' title='bbox 945 2044 1352 2109; x_wconf 87' lang='lat' dir='ltr'><strong>incarnatione,</strong></span> <span class='ocrx_word' id='word_1_125' title='bbox 1377 2053 1436 2099; x_wconf 92' lang='lat' dir='ltr'><strong>et</strong></span> <span class='ocrx_word' id='word_1_126' title='bbox 1463 2057 1693 2098; x_wconf 86' lang='lat' dir='ltr'><strong>necesse</strong></span> <span class='ocrx_word' id='word_1_127' title='bbox 1717 2049 1804 2096; x_wconf 87' lang='lat' dir='ltr'><strong>est</strong></span> <span class='ocrx_word' id='word_1_128' title='bbox 1824 2041 1997 2095; x_wconf 92' lang='lat' dir='ltr'><strong>Deum</strong></span> 
     </span>
    </p>
   </div>
   <div class='ocr_carea' id='block_1_22' title="bbox 407 2134 2000 2210">
    <p class='ocr_par' dir='ltr' id='par_1_22' title="bbox 407 2134 2000 2210">
     <span class='ocr_line' id='line_1_22' title="bbox 407 2134 2000 2210; baseline -0.004 -17"><span class='ocrx_word' id='word_1_129' title='bbox 407 2138 590 2210; x_wconf 85' lang='lat' dir='ltr'><strong>ipsum</strong></span> <span class='ocrx_word' id='word_1_130' title='bbox 642 2153 766 2194; x_wconf 87' lang='lat' dir='ltr'><strong>esse</strong></span> <span class='ocrx_word' id='word_1_131' title='bbox 801 2137 1108 2196; x_wconf 91' lang='lat' dir='ltr'><strong>secundum</strong></span> <span class='ocrx_word' id='word_1_132' title='bbox 1141 2136 1531 2202; x_wconf 87' lang='lat' dir='ltr'><strong>substantiam,</strong></span> <span class='ocrx_word' id='word_1_133' title='bbox 1559 2135 1732 2207; x_wconf 88' lang='lat' dir='ltr'><strong>gratia</strong></span> <span class='ocrx_word' id='word_1_134' title='bbox 1767 2134 2000 2204; x_wconf 88' lang='lat' dir='ltr'><strong>hujusce</strong></span> 
     </span>
    </p>
   </div>
   <div class='ocr_carea' id='block_1_23' title="bbox 408 2225 1997 2302">
    <p class='ocr_par' dir='ltr' id='par_1_23' title="bbox 408 2225 1997 2302">
     <span class='ocr_line' id='line_1_23' title="bbox 408 2225 1997 2302; baseline -0.005 -16"><span class='ocrx_word' id='word_1_135' title='bbox 408 2233 650 2287; x_wconf 84' lang='lat' dir='ltr'><strong>filiorum</strong></span> <span class='ocrx_word' id='word_1_136' title='bbox 669 2229 986 2302; x_wconf 89' lang='lat' dir='ltr'><strong>adoptionis</strong></span> <span class='ocrx_word' id='word_1_137' title='bbox 1004 2229 1073 2285; x_wconf 92' lang='lat' dir='ltr'><strong>de</strong></span> <span class='ocrx_word' id='word_1_138' title='bbox 1089 2245 1200 2299; x_wconf 89' lang='lat' dir='ltr'><strong>qua</strong></span> <span class='ocrx_word' id='word_1_139' title='bbox 1218 2227 1538 2298; x_wconf 84' lang='lat' dir='ltr'><strong>loquimini,</strong></span> <span class='ocrx_word' id='word_1_140' title='bbox 1563 2226 1737 2282; x_wconf 87' lang='lat' dir='ltr'><strong>Deum</strong></span> <span class='ocrx_word' id='word_1_141' title='bbox 1755 2225 1962 2280; x_wconf 90' lang='lat' dir='ltr'><strong>factum</strong></span> <span class='ocrx_word' id='word_1_142' title='bbox 1983 2242 1997 2278; x_wconf 94' lang='lat'><strong>:</strong></span> 
     </span>
    </p>
   </div>
   <div class='ocr_carea' id='block_1_24' title="bbox 407 2316 2003 2395">
    <p class='ocr_par' dir='ltr' id='par_1_24' title="bbox 407 2316 2003 2395">
     <span class='ocr_line' id='line_1_24' title="bbox 407 2316 2003 2395; baseline -0.004 -16"><span class='ocrx_word' id='word_1_143' title='bbox 407 2339 572 2379; x_wconf 88' lang='lat' dir='ltr'><strong>omne</strong></span> <span class='ocrx_word' id='word_1_144' title='bbox 598 2339 734 2379; x_wconf 86' lang='lat' dir='ltr'><strong>vero</strong></span> <span class='ocrx_word' id='word_1_145' title='bbox 768 2323 918 2395; x_wconf 89' lang='lat' dir='ltr'><strong>quod</strong></span> <span class='ocrx_word' id='word_1_146' title='bbox 951 2322 1088 2378; x_wconf 80' lang='lat' dir='ltr'><strong>facit</strong></span> <span class='ocrx_word' id='word_1_147' title='bbox 1115 2319 1324 2391; x_wconf 88' lang='lat' dir='ltr'><strong>aliquid</strong></span> <span class='ocrx_word' id='word_1_148' title='bbox 1355 2319 1533 2390; x_wconf 82' lang='lat' dir='ltr'><strong>majus</strong></span> <span class='ocrx_word' id='word_1_149' title='bbox 1557 2327 1643 2375; x_wconf 89' lang='lat' dir='ltr'><strong>est</strong></span> <span class='ocrx_word' id='word_1_150' title='bbox 1674 2333 1743 2374; x_wconf 89' lang='lat' dir='ltr'><strong>eo</strong></span> <span class='ocrx_word' id='word_1_151' title='bbox 1769 2317 1917 2389; x_wconf 88' lang='lat' dir='ltr'><strong>quod</strong></span> <span class='ocrx_word' id='word_1_152' title='bbox 1942 2316 2003 2372; x_wconf 85' lang='lat' dir='ltr'><strong>lit</strong></span> 
     </span>
    </p>
   </div>
   <div class='ocr_carea' id='block_1_25' title="bbox 406 2411 2004 2488">
    <p class='ocr_par' dir='ltr' id='par_1_25' title="bbox 406 2411 2004 2488">
     <span class='ocr_line' id='line_1_25' title="bbox 406 2411 2004 2488; baseline -0.004 -17"><span class='ocrx_word' id='word_1_153' title='bbox 406 2416 478 2471; x_wconf 86' lang='lat' dir='ltr'><strong>ab</strong></span> <span class='ocrx_word' id='word_1_154' title='bbox 507 2416 666 2488; x_wconf 88' lang='lat' dir='ltr'><strong>ipso:</strong></span> <span class='ocrx_word' id='word_1_155' title='bbox 704 2414 962 2486; x_wconf 88' lang='lat' dir='ltr'><strong>profecto</strong></span> <span class='ocrx_word' id='word_1_156' title='bbox 1001 2413 1172 2485; x_wconf 80' lang='lat' dir='ltr'><strong>igitur</strong></span> <span class='ocrx_word' id='word_1_157' title='bbox 1211 2411 1391 2484; x_wconf 87' lang='lat' dir='ltr'><strong>gratia</strong></span> <span class='ocrx_word' id='word_1_158' title='bbox 1436 2412 1580 2482; x_wconf 89' lang='lat' dir='ltr'><strong>ipsa,</strong></span> <span class='ocrx_word' id='word_1_159' title='bbox 1621 2411 1798 2482; x_wconf 85' lang='lat' dir='ltr'><strong>major</strong></span> <span class='ocrx_word' id='word_1_160' title='bbox 1824 2418 1911 2465; x_wconf 89' lang='lat' dir='ltr'><strong>est</strong></span> <span class='ocrx_word' id='word_1_161' title='bbox 1945 2418 2004 2465; x_wconf 91' lang='lat' dir='ltr'><strong>et</strong></span> 
     </span>
    </p>
   </div>
   <div class='ocr_carea' id='block_1_26' title="bbox 407 2504 2002 2580">
    <p class='ocr_par' dir='ltr' id='par_1_26' title="bbox 407 2504 2002 2580">
     <span class='ocr_line' id='line_1_26' title="bbox 407 2504 2002 2580; baseline -0.003 -16"><span class='ocrx_word' id='word_1_162' title='bbox 407 2509 596 2575; x_wconf 70' lang='lat' dir='ltr'><strong>divina</strong></span> <span class='ocrx_word' id='word_1_163' title='bbox 643 2524 809 2580; x_wconf 88' lang='lat' dir='ltr'><strong>quam</strong></span> <span class='ocrx_word' id='word_1_164' title='bbox 859 2507 979 2578; x_wconf 88' lang='lat' dir='ltr'><strong>ipsa</strong></span> <span class='ocrx_word' id='word_1_165' title='bbox 1016 2506 1148 2561; x_wconf 89' lang='lat' dir='ltr'><strong>fecit</strong></span> <span class='ocrx_word' id='word_1_166' title='bbox 1178 2505 1525 2561; x_wconf 86' lang='lat' dir='ltr'><strong>substantia:</strong></span> <span class='ocrx_word' id='word_1_167' title='bbox 1563 2520 1696 2576; x_wconf 88' lang='lat' dir='ltr'><strong>ergo</strong></span> <span class='ocrx_word' id='word_1_168' title='bbox 1731 2513 1788 2560; x_wconf 90' lang='lat' dir='ltr'><strong>et</strong></span> <span class='ocrx_word' id='word_1_169' title='bbox 1813 2504 2002 2560; x_wconf 86' lang='lat' dir='ltr'><strong>divina</strong></span> 
     </span>
    </p>
   </div>
   <div class='ocr_carea' id='block_1_27' title="bbox 409 2596 2002 2675">
    <p class='ocr_par' dir='ltr' id='par_1_27' title="bbox 409 2596 2002 2675">
     <span class='ocr_line' id='line_1_27' title="bbox 409 2596 2002 2675; baseline -0.004 -16"><span class='ocrx_word' id='word_1_170' title='bbox 409 2603 678 2675; x_wconf 79' lang='lat' dir='ltr'><strong>largiente</strong></span> <span class='ocrx_word' id='word_1_171' title='bbox 710 2601 884 2673; x_wconf 91' lang='lat' dir='ltr'><strong>ipsam</strong></span> <span class='ocrx_word' id='word_1_172' title='bbox 916 2599 1150 2671; x_wconf 75' lang='lat' dir='ltr'><strong>gratiam</strong></span> <span class='ocrx_word' id='word_1_173' title='bbox 1192 2597 1529 2662; x_wconf 88' lang='lat' dir='ltr'><strong>substantia,</strong></span> <span class='ocrx_word' id='word_1_174' title='bbox 1572 2596 1780 2668; x_wconf 88' lang='lat' dir='ltr'><strong>quippe</strong></span> <span class='ocrx_word' id='word_1_175' title='bbox 1814 2613 1846 2651; x_wconf 87' lang='lat' dir='ltr'><strong>a</strong></span> <span class='ocrx_word' id='word_1_176' title='bbox 1890 2597 2002 2652; x_wconf 93' lang='lat' dir='ltr'><strong>Deo</strong></span> 
     </span>
    </p>
   </div>
   <div class='ocr_carea' id='block_1_28' title="bbox 406 2689 2004 2767">
    <p class='ocr_par' dir='ltr' id='par_1_28' title="bbox 406 2689 2004 2767">
     <span class='ocr_line' id='line_1_28' title="bbox 406 2689 2004 2767; baseline -0.001 -18"><span class='ocrx_word' id='word_1_177' title='bbox 406 2695 715 2767; x_wconf 84' lang='lat' dir='ltr'><strong>gratificata</strong></span> <span class='ocrx_word' id='word_1_178' title='bbox 744 2693 850 2749; x_wconf 92' lang='lat' dir='ltr'><strong>fuit</strong></span> <span class='ocrx_word' id='word_1_179' title='bbox 875 2711 888 2746; x_wconf 93' lang='lat'><strong>:</strong></span> <span class='ocrx_word' id='word_1_180' title='bbox 919 2691 1069 2764; x_wconf 90' lang='lat' dir='ltr'><strong>quod</strong></span> <span class='ocrx_word' id='word_1_181' title='bbox 1094 2691 1245 2748; x_wconf 91' lang='lat' dir='ltr'><strong>enim</strong></span> <span class='ocrx_word' id='word_1_182' title='bbox 1277 2707 1389 2747; x_wconf 92' lang='lat' dir='ltr'><strong>uno</strong></span> <span class='ocrx_word' id='word_1_183' title='bbox 1420 2706 1452 2746; x_wconf 93' lang='lat' dir='ltr'><strong>e</strong></span> <span class='ocrx_word' id='word_1_184' title='bbox 1475 2689 1697 2746; x_wconf 90' lang='lat' dir='ltr'><strong>duobus</strong></span> <span class='ocrx_word' id='word_1_185' title='bbox 1726 2689 2004 2748; x_wconf 86' lang='lat' dir='ltr'><strong>similibus</strong></span> 
     </span>
    </p>
   </div>
   <div class='ocr_carea' id='block_1_29' title="bbox 407 2775 2004 2858">
    <p class='ocr_par' dir='ltr' id='par_1_29' title="bbox 407 2775 2004 2858">
     <span class='ocr_line' id='line_1_29' title="bbox 407 2775 2004 2858; baseline -0.004 -14"><span class='ocrx_word' id='word_1_186' title='bbox 407 2798 466 2844; x_wconf 89' lang='lat' dir='ltr'><strong>et</strong></span> <span class='ocrx_word' id='word_1_187' title='bbox 507 2787 815 2858; x_wconf 58' lang='lat' dir='ltr'><strong>aequalibus</strong></span> <span class='ocrx_word' id='word_1_188' title='bbox 859 2787 1122 2858; x_wconf 89' lang='lat' dir='ltr'><strong>superius</strong></span> <span class='ocrx_word' id='word_1_189' title='bbox 1153 2775 1233 2840; x_wconf 79' lang='grc' dir='ltr'><strong>ἐι</strong></span> <span class='ocrx_word' id='word_1_190' title='bbox 1278 2784 1462 2856; x_wconf 86' lang='lat' dir='ltr'><strong>majus</strong></span> <span class='ocrx_word' id='word_1_191' title='bbox 1508 2783 1756 2848; x_wconf 88' lang='lat' dir='ltr'><strong>videtur,</strong></span> <span class='ocrx_word' id='word_1_192' title='bbox 1811 2790 1896 2838; x_wconf 88' lang='lat' dir='ltr'><strong>est</strong></span> <span class='ocrx_word' id='word_1_193' title='bbox 1947 2789 2004 2837; x_wconf 91' lang='lat' dir='ltr'><strong>et</strong></span> 
     </span>
    </p>
   </div>
   <div class='ocr_carea' id='block_1_30' title="bbox 407 2877 2003 2949">
    <p class='ocr_par' dir='ltr' id='par_1_30' title="bbox 407 2877 2003 2949">
     <span class='ocr_line' id='line_1_30' title="bbox 407 2877 2003 2949; baseline -0.003 -14"><span class='ocrx_word' id='word_1_194' title='bbox 407 2881 585 2935; x_wconf 88' lang='lat' dir='ltr'><strong>altero</strong></span> <span class='ocrx_word' id='word_1_195' title='bbox 605 2879 922 2935; x_wconf 87' lang='lat' dir='ltr'><strong>omnimode</strong></span> <span class='ocrx_word' id='word_1_196' title='bbox 954 2878 1115 2949; x_wconf 90' lang='lat' dir='ltr'><strong>quasi</strong></span> <span class='ocrx_word' id='word_1_197' title='bbox 1144 2878 1345 2934; x_wconf 90' lang='lat' dir='ltr'><strong>lineari</strong></span> <span class='ocrx_word' id='word_1_198' title='bbox 1371 2877 1740 2934; x_wconf 89' lang='lat' dir='ltr'><strong>necessitate:</strong></span> <span class='ocrx_word' id='word_1_199' title='bbox 1764 2877 1840 2931; x_wconf 90' lang='lat' dir='ltr'><strong>ita</strong></span> <span class='ocrx_word' id='word_1_200' title='bbox 1867 2890 2003 2931; x_wconf 88' lang='lat' dir='ltr'><strong>vero</strong></span> 
     </span>
    </p>
   </div>
   <div class='ocr_carea' id='block_1_31' title="bbox 408 2969 2004 3043">
    <p class='ocr_par' dir='ltr' id='par_1_31' title="bbox 408 2969 2004 3043">
     <span class='ocr_line' id='line_1_31' title="bbox 408 2969 2004 3043; baseline -0.003 -15"><span class='ocrx_word' id='word_1_201' title='bbox 408 2983 466 3028; x_wconf 90' lang='lat' dir='ltr'><strong>et</strong></span> <span class='ocrx_word' id='word_1_202' title='bbox 521 2988 626 3028; x_wconf 90' lang='lat' dir='ltr'><strong>nos</strong></span> <span class='ocrx_word' id='word_1_203' title='bbox 673 2972 852 3043; x_wconf 87' lang='lat' dir='ltr'><strong>gratia</strong></span> <span class='ocrx_word' id='word_1_204' title='bbox 907 2979 965 3027; x_wconf 90' lang='lat' dir='ltr'><strong>et</strong></span> <span class='ocrx_word' id='word_1_205' title='bbox 1017 2987 1130 3026; x_wconf 90' lang='lat' dir='ltr'><strong>non</strong></span> <span class='ocrx_word' id='word_1_206' title='bbox 1186 2979 1389 3026; x_wconf 88' lang='lat' dir='ltr'><strong>natura</strong></span> <span class='ocrx_word' id='word_1_207' title='bbox 1457 2969 1551 3025; x_wconf 85' lang='lat' dir='ltr'><strong>filii</strong></span> <span class='ocrx_word' id='word_1_208' title='bbox 1594 2970 1716 3035; x_wconf 87' lang='lat' dir='ltr'><strong>Dei,</strong></span> <span class='ocrx_word' id='word_1_209' title='bbox 1768 2971 2004 3041; x_wconf 88' lang='lat' dir='ltr'><strong>majores</strong></span> 
     </span>
    </p>
   </div>
   <div class='ocr_carea' id='block_1_32' title="bbox 409 3063 2007 3135">
    <p class='ocr_par' dir='ltr' id='par_1_32' title="bbox 409 3063 2007 3135">
     <span class='ocr_line' id='line_1_32' title="bbox 409 3063 2007 3135; baseline -0.001 -15"><span class='ocrx_word' id='word_1_210' title='bbox 409 3065 619 3121; x_wconf 82' lang='lat' dir='ltr'><strong>erimus</strong></span> <span class='ocrx_word' id='word_1_211' title='bbox 645 3065 761 3120; x_wconf 88' lang='lat' dir='ltr'><strong>Deo</strong></span> <span class='ocrx_word' id='word_1_212' title='bbox 785 3063 1093 3120; x_wconf 87' lang='lat' dir='ltr'><strong>secundum</strong></span> <span class='ocrx_word' id='word_1_213' title='bbox 1121 3065 1510 3128; x_wconf 83' lang='lat' dir='ltr'><strong>substantiam,</strong></span> <span class='ocrx_word' id='word_1_214' title='bbox 1560 3072 1789 3134; x_wconf 86' lang='lat' dir='ltr'><strong>propter</strong></span> <span class='ocrx_word' id='word_1_215' title='bbox 1832 3063 2007 3135; x_wconf 85' lang='lat' dir='ltr'><strong>majo-</strong></span> 
     </span>
    </p>
   </div>
   <div class='ocr_carea' id='block_1_33' title="bbox 411 3155 2005 3229">
    <p class='ocr_par' dir='ltr' id='par_1_33' title="bbox 411 3155 2005 3229">
     <span class='ocr_line' id='line_1_33' title="bbox 411 3155 2005 3229; baseline -0.001 -16"><span class='ocrx_word' id='word_1_216' title='bbox 411 3173 526 3214; x_wconf 88' lang='lat' dir='ltr'><strong>rem</strong></span> <span class='ocrx_word' id='word_1_217' title='bbox 553 3158 861 3214; x_wconf 84' lang='lat' dir='ltr'><strong>substantia</strong></span> <span class='ocrx_word' id='word_1_218' title='bbox 892 3158 1126 3229; x_wconf 85' lang='lat' dir='ltr'><strong>gratiam</strong></span> <span class='ocrx_word' id='word_1_219' title='bbox 1153 3177 1165 3212; x_wconf 91' lang='lat'><strong>:</strong></span> <span class='ocrx_word' id='word_1_220' title='bbox 1188 3172 1362 3227; x_wconf 90' lang='lat' dir='ltr'><strong>quare</strong></span> <span class='ocrx_word' id='word_1_221' title='bbox 1392 3156 1563 3228; x_wconf 86' lang='lat' dir='ltr'><strong>igitur</strong></span> <span class='ocrx_word' id='word_1_222' title='bbox 1587 3155 1794 3211; x_wconf 90' lang='lat' dir='ltr'><strong>timetis</strong></span> <span class='ocrx_word' id='word_1_223' title='bbox 1818 3155 2005 3212; x_wconf 89' lang='lat' dir='ltr'><strong>dicere</strong></span> 
     </span>
    </p>
   </div>
   <div class='ocr_carea' id='block_1_34' title="bbox 413 3247 2007 3322">
    <p class='ocr_par' dir='ltr' id='par_1_34' title="bbox 413 3247 2007 3322">
     <span class='ocr_line' id='line_1_34' title="bbox 413 3247 2007 3322; baseline -0.003 -16"><span class='ocrx_word' id='word_1_224' title='bbox 413 3251 736 3322; x_wconf 74' lang='lat' dir='ltr'><strong>participem</strong></span> <span class='ocrx_word' id='word_1_225' title='bbox 788 3265 911 3306; x_wconf 89' lang='lat' dir='ltr'><strong>esse</strong></span> <span class='ocrx_word' id='word_1_226' title='bbox 967 3249 1170 3305; x_wconf 83' lang='lat' dir='ltr'><strong>divinae</strong></span> <span class='ocrx_word' id='word_1_227' title='bbox 1199 3249 1523 3305; x_wconf 73' lang='lat' dir='ltr'><strong>substantize</strong></span> <span class='ocrx_word' id='word_1_228' title='bbox 1554 3247 1881 3304; x_wconf 85' lang='lat' dir='ltr'><strong>Christum?</strong></span> <span class='ocrx_word' id='word_1_229' title='bbox 1909 3247 2007 3302; x_wconf 87' lang='lat' dir='ltr'><strong>Est</strong></span> 
     </span>
    </p>
   </div>
   <div class='ocr_carea' id='block_1_35' title="bbox 408 3336 2004 3412">
    <p class='ocr_par' dir='ltr' id='par_1_35' title="bbox 408 3336 2004 3412">
     <span class='ocr_line' id='line_1_35' title="bbox 408 3336 2004 3412; baseline -0.004 -14"><span class='ocrx_word' id='word_1_230' title='bbox 408 3342 640 3398; x_wconf 76' lang='lat' dir='ltr'><strong>ellector</strong></span> <span class='ocrx_word' id='word_1_231' title='bbox 673 3341 875 3397; x_wconf 71' lang='lat' dir='ltr'><strong>divina:</strong></span> <span class='ocrx_word' id='word_1_232' title='bbox 903 3350 1115 3398; x_wconf 74' lang='lat' dir='ltr'><strong>natura:</strong></span> <span class='ocrx_word' id='word_1_233' title='bbox 1143 3357 1268 3412; x_wconf 69' lang='lat' dir='ltr'><strong>quae</strong></span> <span class='ocrx_word' id='word_1_234' title='bbox 1301 3348 1386 3398; x_wconf 88' lang='lat' dir='ltr'><strong>est</strong></span> <span class='ocrx_word' id='word_1_235' title='bbox 1410 3340 1557 3411; x_wconf 88' lang='lat' dir='ltr'><strong>apud</strong></span> <span class='ocrx_word' id='word_1_236' title='bbox 1589 3355 1689 3395; x_wconf 89' lang='lat' dir='ltr'><strong>vos</strong></span> <span class='ocrx_word' id='word_1_237' title='bbox 1712 3347 1770 3394; x_wconf 89' lang='lat' dir='ltr'><strong>et</strong></span> <span class='ocrx_word' id='word_1_238' title='bbox 1789 3336 2004 3393; x_wconf 88' lang='lat' dir='ltr'><strong>naturis</strong></span> 
     </span>
    </p>
   </div>
   <div class='ocr_carea' id='block_1_36' title="bbox 411 3430 2007 3502">
    <p class='ocr_par' dir='ltr' id='par_1_36' title="bbox 411 3430 2007 3502">
     <span class='ocr_line' id='line_1_36' title="bbox 411 3430 2007 3502; baseline -0.003 -16"><span class='ocrx_word' id='word_1_239' title='bbox 411 3431 846 3502; x_wconf 86' lang='lat' dir='ltr'><strong>superadditur:</strong></span> <span class='ocrx_word' id='word_1_240' title='bbox 913 3431 1254 3487; x_wconf 77' lang='lat' dir='ltr'><strong>effectricem</strong></span> <span class='ocrx_word' id='word_1_241' title='bbox 1316 3430 1494 3502; x_wconf 90' lang='lat' dir='ltr'><strong>ipsius</strong></span> <span class='ocrx_word' id='word_1_242' title='bbox 1545 3437 1602 3486; x_wconf 90' lang='lat' dir='ltr'><strong>et</strong></span> <span class='ocrx_word' id='word_1_243' title='bbox 1669 3443 1894 3484; x_wconf 88' lang='lat' dir='ltr'><strong>causam</strong></span> <span class='ocrx_word' id='word_1_244' title='bbox 1949 3433 2007 3482; x_wconf 92' lang='lat' dir='ltr'><strong>et</strong></span> 
     </span>
    </p>
   </div>
   <div class='ocr_carea' id='block_1_37' title="bbox 415 3520 2007 3596">
    <p class='ocr_par' dir='ltr' id='par_1_37' title="bbox 415 3520 2007 3596">
     <span class='ocr_line' id='line_1_37' title="bbox 415 3520 2007 3596; baseline -0.002 -17"><span class='ocrx_word' id='word_1_245' title='bbox 415 3527 678 3596; x_wconf 81' lang='lat' dir='ltr'><strong>majorem</strong></span> <span class='ocrx_word' id='word_1_246' title='bbox 718 3525 843 3588; x_wconf 89' lang='lat' dir='ltr'><strong>ista,</strong></span> <span class='ocrx_word' id='word_1_247' title='bbox 870 3524 1086 3581; x_wconf 89' lang='lat' dir='ltr'><strong>scilicet</strong></span> <span class='ocrx_word' id='word_1_248' title='bbox 1114 3525 1349 3596; x_wconf 82' lang='lat' dir='ltr'><strong>gratiam</strong></span> <span class='ocrx_word' id='word_1_249' title='bbox 1394 3523 1636 3578; x_wconf 85' lang='lat' dir='ltr'><strong>filiorum</strong></span> <span class='ocrx_word' id='word_1_250' title='bbox 1687 3520 2007 3594; x_wconf 86' lang='lat' dir='ltr'><strong>adoptionis</strong></span> 
     </span>
    </p>
   </div>
   <div class='ocr_carea' id='block_1_38' title="bbox 415 3613 2005 3688">
    <p class='ocr_par' dir='ltr' id='par_1_38' title="bbox 415 3613 2005 3688">
     <span class='ocr_line' id='line_1_38' title="bbox 415 3613 2005 3688; baseline -0.004 -16"><span class='ocrx_word' id='word_1_251' title='bbox 415 3613 520 3688; x_wconf 80' lang='lat' dir='ltr'><strong>ipsi</strong></span> <span class='ocrx_word' id='word_1_252' title='bbox 543 3618 708 3682; x_wconf 85' lang='lat' dir='ltr'><strong>datis,</strong></span> <span class='ocrx_word' id='word_1_253' title='bbox 734 3634 838 3674; x_wconf 89' lang='lat' dir='ltr'><strong>nec</strong></span> <span class='ocrx_word' id='word_1_254' title='bbox 865 3617 1155 3679; x_wconf 87' lang='lat' dir='ltr'><strong>veremini,</strong></span> <span class='ocrx_word' id='word_1_255' title='bbox 1177 3633 1210 3672; x_wconf 92' lang='grc' dir='ltr'>ο</span> <span class='ocrx_word' id='word_1_256' title='bbox 1234 3615 1427 3672; x_wconf 90' lang='lat' dir='ltr'><strong>amici:</strong></span> <span class='ocrx_word' id='word_1_257' title='bbox 1457 3614 1554 3671; x_wconf 89' lang='lat' dir='ltr'><strong>sed</strong></span> <span class='ocrx_word' id='word_1_258' title='bbox 1576 3629 1709 3670; x_wconf 82' lang='lat' dir='ltr'><strong>vere</strong></span> <span class='ocrx_word' id='word_1_259' title='bbox 1732 3614 2005 3668; x_wconf 88' lang='lat' dir='ltr'><strong>malorum</strong></span> 
     </span>
    </p>
   </div>
   <div class='ocr_carea' id='block_1_39' title="bbox 415 3701 2004 3780">
    <p class='ocr_par' dir='ltr' id='par_1_39' title="bbox 415 3701 2004 3780">
     <span class='ocr_line' id='line_1_39' title="bbox 415 3701 2004 3780; baseline -0.003 -18"><span class='ocrx_word' id='word_1_260' title='bbox 415 3709 592 3763; x_wconf 90' lang='lat' dir='ltr'><strong>multo</strong></span> <span class='ocrx_word' id='word_1_261' title='bbox 632 3707 792 3780; x_wconf 85' lang='lat' dir='ltr'><strong>pejus</strong></span> <span class='ocrx_word' id='word_1_262' title='bbox 840 3716 900 3763; x_wconf 91' lang='lat' dir='ltr'><strong>et</strong></span> <span class='ocrx_word' id='word_1_263' title='bbox 938 3706 1239 3778; x_wconf 86' lang='lat' dir='ltr'><strong>pessimum</strong></span> <span class='ocrx_word' id='word_1_264' title='bbox 1272 3705 1657 3761; x_wconf 90' lang='lat' dir='ltr'><strong>machinantes</strong></span> <span class='ocrx_word' id='word_1_265' title='bbox 1690 3702 1794 3759; x_wconf 83' lang='lat' dir='ltr'><strong>visi</strong></span> <span class='ocrx_word' id='word_1_266' title='bbox 1835 3701 2004 3758; x_wconf 89' lang='lat' dir='ltr'><strong>estis:</strong></span> 
     </span>
    </p>
   </div>
   <div class='ocr_carea' id='block_1_40' title="bbox 411 3795 2010 3870">
    <p class='ocr_par' dir='ltr' id='par_1_40' title="bbox 411 3795 2010 3870">
     <span class='ocr_line' id='line_1_40' title="bbox 411 3795 2010 3870; baseline -0.004 -14"><span class='ocrx_word' id='word_1_267' title='bbox 411 3809 472 3856; x_wconf 89' lang='lat' dir='ltr'><strong>et</strong></span> <span class='ocrx_word' id='word_1_268' title='bbox 497 3815 631 3855; x_wconf 86' lang='lat' dir='ltr'><strong>vero</strong></span> <span class='ocrx_word' id='word_1_269' title='bbox 662 3815 772 3855; x_wconf 92' lang='lat' dir='ltr'><strong>non</strong></span> <span class='ocrx_word' id='word_1_270' title='bbox 811 3799 986 3855; x_wconf 89' lang='lat' dir='ltr'><strong>videri</strong></span> <span class='ocrx_word' id='word_1_271' title='bbox 1036 3798 1192 3870; x_wconf 89' lang='lat' dir='ltr'><strong>impii</strong></span> <span class='ocrx_word' id='word_1_272' title='bbox 1232 3814 1378 3864; x_wconf 86' lang='lat' dir='ltr'><strong>esse,</strong></span> <span class='ocrx_word' id='word_1_273' title='bbox 1423 3812 1740 3868; x_wconf 88' lang='lat' dir='ltr'><strong>quanquam</strong></span> <span class='ocrx_word' id='word_1_274' title='bbox 1768 3795 2010 3851; x_wconf 90' lang='lat' dir='ltr'><strong>libenter</strong></span> 
     </span>
    </p>
   </div>
   <div class='ocr_carea' id='block_1_41' title="bbox 413 3886 2009 3964">
    <p class='ocr_par' dir='ltr' id='par_1_41' title="bbox 413 3886 2009 3964">
     <span class='ocr_line' id='line_1_41' title="bbox 413 3886 2009 3964; baseline -0.004 -18"><span class='ocrx_word' id='word_1_275' title='bbox 413 3890 540 3947; x_wconf 85' lang='lat' dir='ltr'><strong>sitis</strong></span> <span class='ocrx_word' id='word_1_276' title='bbox 565 3890 744 3962; x_wconf 87' lang='lat' dir='ltr'><strong>impii,</strong></span> <span class='ocrx_word' id='word_1_277' title='bbox 768 3890 1018 3962; x_wconf 72' lang='lat' dir='ltr'><strong>quteritis</strong></span> <span class='ocrx_word' id='word_1_278' title='bbox 1047 3898 1295 3945; x_wconf 87' lang='lat' dir='ltr'><strong>tantum:</strong></span> <span class='ocrx_word' id='word_1_279' title='bbox 1337 3905 1452 3964; x_wconf 81' lang='lat' dir='ltr'><strong>non</strong></span> <span class='ocrx_word' id='word_1_280' title='bbox 1474 3888 1626 3943; x_wconf 89' lang='lat' dir='ltr'><strong>enim</strong></span> <span class='ocrx_word' id='word_1_281' title='bbox 1658 3886 1813 3942; x_wconf 88' lang='lat' dir='ltr'><strong>scitis</strong></span> <span class='ocrx_word' id='word_1_282' title='bbox 1845 3886 2009 3958; x_wconf 86' lang='lat' dir='ltr'><strong>plane</strong></span> 
     </span>
    </p>
   </div>
   <div class='ocr_carea' id='block_1_42' title="bbox 418 3975 2009 4050">
    <p class='ocr_par' dir='ltr' id='par_1_42' title="bbox 418 3975 2009 4050">
     <span class='ocr_line' id='line_1_42' title="bbox 418 3975 2009 4050; baseline -0.003 -16"><span class='ocrx_word' id='word_1_283' title='bbox 418 3979 474 4034; x_wconf 92' lang='lat' dir='ltr'><strong>in</strong></span> <span class='ocrx_word' id='word_1_284' title='bbox 518 3995 628 4050; x_wconf 92' lang='lat' dir='ltr'><strong>quo</strong></span> <span class='ocrx_word' id='word_1_285' title='bbox 675 3979 953 4050; x_wconf 71' lang='lat' dir='ltr'><strong>praecellat</strong></span> <span class='ocrx_word' id='word_1_286' title='bbox 1008 3979 1168 4034; x_wconf 77' lang='lat' dir='ltr'><strong>vobis</strong></span> <span class='ocrx_word' id='word_1_287' title='bbox 1205 3978 1465 4044; x_wconf 86' lang='lat' dir='ltr'><strong>Christus</strong></span> <span class='ocrx_word' id='word_1_288' title='bbox 1507 3993 1672 4048; x_wconf 91' lang='lat' dir='ltr'><strong>quem</strong></span> <span class='ocrx_word' id='word_1_289' title='bbox 1708 3991 1768 4030; x_wconf 92' lang='lat' dir='ltr'><strong>re</strong></span> <span class='ocrx_word' id='word_1_290' title='bbox 1795 3975 2009 4030; x_wconf 90' lang='lat' dir='ltr'><strong>nudum</strong></span> 
     </span>
    </p>
   </div>
   <div class='ocr_carea' id='block_1_43' title="bbox 418 4057 2010 4134">
    <p class='ocr_par' dir='ltr' id='par_1_43' title="bbox 418 4057 2010 4134">
     <span class='ocr_line' id='line_1_43' title="bbox 418 4057 2010 4134; baseline -0.001 -12"><span class='ocrx_word' id='word_1_291' title='bbox 418 4067 702 4123; x_wconf 89' lang='lat' dir='ltr'><strong>hominem</strong></span> <span class='ocrx_word' id='word_1_292' title='bbox 758 4067 1066 4122; x_wconf 90' lang='lat' dir='ltr'><strong>secundum</strong></span> <span class='ocrx_word' id='word_1_293' title='bbox 1091 4083 1191 4122; x_wconf 87' lang='lat' dir='ltr'><strong>vos</strong></span> <span class='ocrx_word' id='word_1_294' title='bbox 1222 4082 1344 4122; x_wconf 88' lang='lat' dir='ltr'><strong>esse</strong></span> <span class='ocrx_word' id='word_1_295' title='bbox 1363 4057 1369 4060; x_wconf 8' lang='lat' dir='ltr'><strong>ii</strong></span> <span class='ocrx_word' id='word_1_296' title='bbox 1392 4065 1764 4122; x_wconf 81' lang='lat' dir='ltr'><strong>existimatis:</strong></span> <span class='ocrx_word' id='word_1_297' title='bbox 1803 4063 2010 4134; x_wconf 89' lang='lat' dir='ltr'><strong>quippe</strong></span> 
     </span>
    </p>
   </div>
   <div class='ocr_carea' id='block_1_44' title="bbox 417 4157 2006 4233">
    <p class='ocr_par' dir='ltr' id='par_1_44' title="bbox 417 4157 2006 4233">
     <span class='ocr_line' id='line_1_44' title="bbox 417 4157 2006 4233; baseline -0.004 -17"><span class='ocrx_word' id='word_1_298' title='bbox 417 4159 650 4233; x_wconf 79' lang='lat' dir='ltr'><strong>gratiam</strong></span> <span class='ocrx_word' id='word_1_299' title='bbox 685 4169 744 4215; x_wconf 92' lang='lat' dir='ltr'><strong>et</strong></span> <span class='ocrx_word' id='word_1_300' title='bbox 782 4160 1050 4215; x_wconf 89' lang='lat' dir='ltr'><strong>honorem</strong></span> <span class='ocrx_word' id='word_1_301' title='bbox 1079 4167 1137 4214; x_wconf 88' lang='lat' dir='ltr'><strong>et</strong></span> <span class='ocrx_word' id='word_1_302' title='bbox 1186 4159 1440 4230; x_wconf 90' lang='lat' dir='ltr'><strong>gloriam,</strong></span> <span class='ocrx_word' id='word_1_303' title='bbox 1492 4157 1718 4213; x_wconf 88' lang='lat' dir='ltr'><strong>nomine</strong></span> <span class='ocrx_word' id='word_1_304' title='bbox 1767 4165 2006 4220; x_wconf 87' lang='lat' dir='ltr'><strong>tantum,</strong></span> 
     </span>
    </p>
   </div>
   <div class='ocr_carea' id='block_1_45' title="bbox 420 4248 2010 4323">
    <p class='ocr_par' dir='ltr' id='par_1_45' title="bbox 420 4248 2010 4323">
     <span class='ocr_line' id='line_1_45' title="bbox 420 4248 2010 4323; baseline -0.004 -15"><span class='ocrx_word' id='word_1_305' title='bbox 420 4248 502 4308; x_wconf 86' lang='lat' dir='ltr'><strong>illi</strong></span> <span class='ocrx_word' id='word_1_306' title='bbox 531 4252 785 4322; x_wconf 88' lang='lat' dir='ltr'><strong>aptatis:</strong></span> <span class='ocrx_word' id='word_1_307' title='bbox 841 4250 1086 4308; x_wconf 80' lang='lat' dir='ltr'><strong>Verbum</strong></span> <span class='ocrx_word' id='word_1_308' title='bbox 1141 4252 1352 4307; x_wconf 79' lang='lat' dir='ltr'><strong>frustra</strong></span> <span class='ocrx_word' id='word_1_309' title='bbox 1410 4249 1785 4323; x_wconf 82' lang='lat' dir='ltr'><strong>glorificantes</strong></span> <span class='ocrx_word' id='word_1_310' title='bbox 1843 4262 2010 4318; x_wconf 90' lang='lat' dir='ltr'><strong>supra</strong></span> 
     </span>
    </p>
   </div>
   <div class='ocr_carea' id='block_1_46' title="bbox 420 4339 2009 4410">
    <p class='ocr_par' dir='ltr' id='par_1_46' title="bbox 420 4339 2009 4410">
     <span class='ocr_line' id='line_1_46' title="bbox 420 4339 2009 4410; baseline -0.003 -13"><span class='ocrx_word' id='word_1_311' title='bbox 420 4341 628 4397; x_wconf 88' lang='lat' dir='ltr'><strong>unione</strong></span> <span class='ocrx_word' id='word_1_312' title='bbox 666 4339 867 4396; x_wconf 75' lang='lat' dir='ltr'><strong>divina:</strong></span> <span class='ocrx_word' id='word_1_313' title='bbox 909 4348 967 4396; x_wconf 92' lang='lat' dir='ltr'><strong>et</strong></span> <span class='ocrx_word' id='word_1_314' title='bbox 1022 4341 1277 4395; x_wconf 82' lang='lat' dir='ltr'><strong>humanae</strong></span> <span class='ocrx_word' id='word_1_315' title='bbox 1319 4351 1554 4402; x_wconf 84' lang='lat' dir='ltr'><strong>naturae.</strong></span> <span class='ocrx_word' id='word_1_316' title='bbox 1595 4348 1651 4397; x_wconf 94' lang='lat' dir='ltr'><strong>et</strong></span> <span class='ocrx_word' id='word_1_317' title='bbox 1688 4339 1813 4394; x_wconf 91' lang='lat' dir='ltr'><strong>ideo</strong></span> <span class='ocrx_word' id='word_1_318' title='bbox 1841 4353 2009 4410; x_wconf 90' lang='lat' dir='ltr'><strong>super</strong></span> 
     </span>
    </p>
   </div>
   <div class='ocr_carea' id='block_1_47' title="bbox 422 4430 1899 4502">
    <p class='ocr_par' dir='ltr' id='par_1_47' title="bbox 422 4430 1899 4502">
     <span class='ocr_line' id='line_1_47' title="bbox 422 4430 1899 4502; baseline -0.003 -12"><span class='ocrx_word' id='word_1_319' title='bbox 422 4434 806 4490; x_wconf 86' lang='lat' dir='ltr'><strong>incarnatione</strong></span> <span class='ocrx_word' id='word_1_320' title='bbox 833 4431 1000 4490; x_wconf 80' lang='lat' dir='ltr'><strong>Verbi</strong></span> <span class='ocrx_word' id='word_1_321' title='bbox 1035 4445 1092 4489; x_wconf 88' lang='lat' dir='ltr'><strong>et</strong></span> <span class='ocrx_word' id='word_1_322' title='bbox 1113 4432 1466 4488; x_wconf 81' lang='lat' dir='ltr'><strong>deificatione</strong></span> <span class='ocrx_word' id='word_1_323' title='bbox 1496 4432 1680 4488; x_wconf 89' lang='lat' dir='ltr'><strong>carnis</strong></span> <span class='ocrx_word' id='word_1_324' title='bbox 1701 4430 1899 4502; x_wconf 89' lang='lat' dir='ltr'><strong>ipsius.</strong></span> 
     </span>
    </p>
   </div>
   <div class='ocr_carea' id='block_1_48' title="bbox 491 4521 2009 4596">
    <p class='ocr_par' dir='ltr' id='par_1_48' title="bbox 491 4521 2009 4596">
     <span class='ocr_line' id='line_1_48' title="bbox 491 4521 2009 4596; baseline -0.003 -14"><span class='ocrx_word' id='word_1_325' title='bbox 491 4527 609 4582; x_wconf 87' lang='lat' dir='ltr'><strong>Jam</strong></span> <span class='ocrx_word' id='word_1_326' title='bbox 635 4526 783 4582; x_wconf 92' lang='lat' dir='ltr'><strong>enim</strong></span> <span class='ocrx_word' id='word_1_327' title='bbox 808 4535 866 4582; x_wconf 91' lang='lat' dir='ltr'><strong>et</strong></span> <span class='ocrx_word' id='word_1_328' title='bbox 892 4524 1028 4581; x_wconf 89' lang='lat' dir='ltr'><strong>illud</strong></span> <span class='ocrx_word' id='word_1_329' title='bbox 1071 4524 1452 4596; x_wconf 70' lang='lat' dir='ltr'><strong>eXpendamus</strong></span> <span class='ocrx_word' id='word_1_330' title='bbox 1472 4539 1485 4578; x_wconf 89' lang='lat'><strong>:</strong></span> <span class='ocrx_word' id='word_1_331' title='bbox 1507 4523 1798 4590; x_wconf 82' lang='lat' dir='ltr'><strong>Quomodo</strong></span> <span class='ocrx_word' id='word_1_332' title='bbox 1823 4521 2009 4578; x_wconf 87' lang='lat' dir='ltr'><strong>dicitis</strong></span> 
     </span>
    </p>
   </div>
   <div class='ocr_carea' id='block_1_49' title="bbox 2094 667 3684 742">
    <p class='ocr_par' dir='ltr' id='par_1_49' title="bbox 2094 667 3684 742">
     <span class='ocr_line' id='line_1_49' title="bbox 2094 667 3684 742; baseline 0.001 -18"><span class='ocrx_word' id='word_1_333' title='bbox 2094 670 2376 742; x_wconf 81' lang='grc' dir='ltr'><strong>ὑπερέχει,</strong></span> <span class='ocrx_word' id='word_1_334' title='bbox 2416 670 2527 725; x_wconf 89' lang='grc' dir='ltr'><strong>ίδού</strong></span> <span class='ocrx_word' id='word_1_335' title='bbox 2561 668 2686 725; x_wconf 81' lang='grc' dir='ltr'><strong>καθ’</strong></span> <span class='ocrx_word' id='word_1_336' title='bbox 2711 670 2862 741; x_wconf 76' lang='grc' dir='ltr'><strong>ἡμᾶς</strong></span> <span class='ocrx_word' id='word_1_337' title='bbox 2901 671 2961 723; x_wconf 79' lang='grc' dir='ltr'><strong>ὲν</strong></span> <span class='ocrx_word' id='word_1_338' title='bbox 2998 667 3127 741; x_wconf 74' lang='grc' dir='ltr'><strong>ἀξίᾳ.</strong></span> <span class='ocrx_word' id='word_1_339' title='bbox 3154 667 3316 739; x_wconf 89' lang='grc' dir='ltr'><strong>μόνον</strong></span> <span class='ocrx_word' id='word_1_340' title='bbox 3346 670 3684 740; x_wconf 81' lang='grc' dir='ltr'><strong>Χριστιανοῦ</strong></span> 
     </span>
    </p>
   </div>
   <div class='ocr_carea' id='block_1_50' title="bbox 2090 762 3689 835">
    <p class='ocr_par' dir='ltr' id='par_1_50' title="bbox 2090 762 3689 835">
     <span class='ocr_line' id='line_1_50' title="bbox 2090 762 3689 835; baseline -0.001 -18"><span class='ocrx_word' id='word_1_341' title='bbox 2090 764 2120 816; x_wconf 80' lang='grc' dir='ltr'><strong>ό</strong></span> <span class='ocrx_word' id='word_1_342' title='bbox 2148 765 2384 835; x_wconf 85' lang='grc' dir='ltr'><strong>Χριστός</strong></span> <span class='ocrx_word' id='word_1_343' title='bbox 2412 766 2562 818; x_wconf 75' lang='grc' dir='ltr'><strong>ἐστιν</strong></span> <span class='ocrx_word' id='word_1_344' title='bbox 2584 779 2598 795; x_wconf 84' lang='grc'>⁶</span> <span class='ocrx_word' id='word_1_345' title='bbox 2627 765 2676 817; x_wconf 85' lang='grc' dir='ltr'><strong>εί</strong></span> <span class='ocrx_word' id='word_1_346' title='bbox 2709 764 2767 818; x_wconf 78' lang='grc' dir='ltr'><strong>δὲ</strong></span> <span class='ocrx_word' id='word_1_347' title='bbox 2798 764 2862 819; x_wconf 79' lang='grc' dir='ltr'><strong>τὸ</strong></span> <span class='ocrx_word' id='word_1_348' title='bbox 2895 762 3190 834; x_wconf 72' lang='grc' dir='ltr'>ὑπερέχειν</span> <span class='ocrx_word' id='word_1_349' title='bbox 3240 763 3416 834; x_wconf 82' lang='grc' dir='ltr'><strong>αὐτὴν</strong></span> <span class='ocrx_word' id='word_1_350' title='bbox 3460 764 3689 828; x_wconf 77' lang='grc' dir='ltr'><strong>πάντως</strong></span> 
     </span>
    </p>
   </div>
   <div class='ocr_carea' id='block_1_51' title="bbox 2093 852 3690 927">
    <p class='ocr_par' dir='ltr' id='par_1_51' title="bbox 2093 852 3690 927">
     <span class='ocr_line' id='line_1_51' title="bbox 2093 852 3690 927; baseline 0 -19"><span class='ocrx_word' id='word_1_351' title='bbox 2093 855 2250 926; x_wconf 73' lang='grc' dir='ltr'><strong>φατὲ,</strong></span> <span class='ocrx_word' id='word_1_352' title='bbox 2287 852 2471 920; x_wconf 86' lang='grc' dir='ltr'><strong>καθὼς</strong></span> <span class='ocrx_word' id='word_1_353' title='bbox 2516 855 2609 908; x_wconf 74' lang='grc' dir='ltr'><strong>καὶ</strong></span> <span class='ocrx_word' id='word_1_354' title='bbox 2659 855 2761 927; x_wconf 74' lang='grc' dir='ltr'><strong>ἥδη</strong></span> <span class='ocrx_word' id='word_1_355' title='bbox 2801 853 3097 920; x_wconf 81' lang='grc' dir='ltr'><strong>δεδώκατε,</strong></span> <span class='ocrx_word' id='word_1_356' title='bbox 3149 853 3258 926; x_wconf 76' lang='grc' dir='ltr'><strong>ἄρα</strong></span> <span class='ocrx_word' id='word_1_357' title='bbox 3290 870 3356 922; x_wconf 85' lang='grc' dir='ltr'><strong>γε</strong></span> <span class='ocrx_word' id='word_1_358' title='bbox 3400 853 3690 924; x_wconf 84' lang='grc' dir='ltr'><strong>κρείττονα</strong></span> 
     </span>
    </p>
   </div>
   <div class='ocr_carea' id='block_1_52' title="bbox 2093 945 3692 1019">
    <p class='ocr_par' dir='ltr' id='par_1_52' title="bbox 2093 945 3692 1019">
     <span class='ocr_line' id='line_1_52' title="bbox 2093 945 3692 1019; baseline -0.001 -17"><span class='ocrx_word' id='word_1_359' title='bbox 2093 949 2188 1002; x_wconf 74' lang='grc' dir='ltr'><strong>καὶ</strong></span> <span class='ocrx_word' id='word_1_360' title='bbox 2223 948 2388 1004; x_wconf 82' lang='grc' dir='ltr'><strong>αὑτὸν</strong></span> <span class='ocrx_word' id='word_1_361' title='bbox 2416 946 2688 1017; x_wconf 85' lang='grc' dir='ltr'><strong>πεποίηκε</strong></span> <span class='ocrx_word' id='word_1_362' title='bbox 2731 947 2834 1017; x_wconf 81' lang='grc' dir='ltr'><strong>τῆς</strong></span> <span class='ocrx_word' id='word_1_363' title='bbox 2860 945 2986 1001; x_wconf 84' lang='grc' dir='ltr'><strong>καθ’</strong></span> <span class='ocrx_word' id='word_1_364' title='bbox 3020 949 3170 1019; x_wconf 76' lang='grc' dir='ltr'><strong>ημᾶς</strong></span> <span class='ocrx_word' id='word_1_365' title='bbox 3203 945 3395 1009; x_wconf 79' lang='grc' dir='ltr'><strong>οὐσίας</strong></span> <span class='ocrx_word' id='word_1_366' title='bbox 3427 945 3692 1000; x_wconf 73' lang='grc' dir='ltr'><strong>τοσοῦτον</strong></span> 
     </span>
    </p>
   </div>
   <div class='ocr_carea' id='block_1_53' title="bbox 2091 1037 3694 1111">
    <p class='ocr_par' dir='ltr' id='par_1_53' title="bbox 2091 1037 3694 1111">
     <span class='ocr_line' id='line_1_53' title="bbox 2091 1037 3694 1111; baseline -0.001 -17"><span class='ocrx_word' id='word_1_367' title='bbox 2091 1042 2217 1094; x_wconf 78' lang='grc' dir='ltr'><strong>ὅσον</strong></span> <span class='ocrx_word' id='word_1_368' title='bbox 2243 1041 2342 1096; x_wconf 82' lang='grc' dir='ltr'><strong>καὶ</strong></span> <span class='ocrx_word' id='word_1_369' title='bbox 2372 1041 2522 1111; x_wconf 77' lang='grc' dir='ltr'><strong>ἡμᾶς</strong></span> <span class='ocrx_word' id='word_1_370' title='bbox 2549 1040 2679 1104; x_wconf 79' lang='grc' dir='ltr'><strong>τούς</strong></span> <span class='ocrx_word' id='word_1_371' title='bbox 2703 1040 2928 1106; x_wconf 77' lang='grc' dir='ltr'><strong>πιστοὺς</strong></span> <span class='ocrx_word' id='word_1_372' title='bbox 2949 1037 3058 1094; x_wconf 86' lang='grc' dir='ltr'><strong>τῶν</strong></span> <span class='ocrx_word' id='word_1_373' title='bbox 3090 1039 3342 1094; x_wconf 76' lang='grc' dir='ltr'><strong>ἀπίστων</strong></span> <span class='ocrx_word' id='word_1_374' title='bbox 3366 1038 3694 1110; x_wconf 82' lang='grc' dir='ltr'><strong>κρείττονας</strong></span> 
     </span>
    </p>
   </div>
   <div class='ocr_carea' id='block_1_54' title="bbox 2093 1131 2944 1205">
    <p class='ocr_par' dir='ltr' id='par_1_54' title="bbox 2093 1131 2944 1205">
     <span class='ocr_line' id='line_1_54' title="bbox 2093 1131 2944 1205; baseline 0 -19"><span class='ocrx_word' id='word_1_375' title='bbox 2093 1135 2313 1204; x_wconf 78' lang='grc' dir='ltr'><strong>ποιήσει</strong></span> <span class='ocrx_word' id='word_1_376' title='bbox 2338 1133 2372 1204; x_wconf 77' lang='grc' dir='ltr'><strong>ἡ</strong></span> <span class='ocrx_word' id='word_1_377' title='bbox 2401 1132 2651 1205; x_wconf 75' lang='grc' dir='ltr'><strong>ἡμετέρα</strong></span> <span class='ocrx_word' id='word_1_378' title='bbox 2678 1131 2944 1187; x_wconf 81' lang='grc' dir='ltr'><strong>υἱοθεσία.</strong></span> 
     </span>
    </p>
   </div>
   <div class='ocr_carea' id='block_1_55' title="bbox 2162 1217 3692 1294">
    <p class='ocr_par' dir='ltr' id='par_1_55' title="bbox 2162 1217 3692 1294">
     <span class='ocr_line' id='line_1_55' title="bbox 2162 1217 3692 1294; baseline -0.003 -17"><span class='ocrx_word' id='word_1_379' title='bbox 2162 1224 2445 1294; x_wconf 87' lang='grc' dir='ltr'><strong>Κρείττων</strong></span> <span class='ocrx_word' id='word_1_380' title='bbox 2477 1217 2571 1277; x_wconf 83' lang='grc' dir='ltr'><strong>οὐν</strong></span> <span class='ocrx_word' id='word_1_381' title='bbox 2618 1222 2782 1294; x_wconf 78' lang='grc' dir='ltr'><strong>ἡμῶν</strong></span> <span class='ocrx_word' id='word_1_382' title='bbox 2831 1223 2942 1276; x_wconf 80' lang='grc' dir='ltr'><strong>τῶν</strong></span> <span class='ocrx_word' id='word_1_383' title='bbox 2987 1221 3317 1294; x_wconf 71' lang='grc' dir='ltr'><strong>ανθρώπων,</strong></span> <span class='ocrx_word' id='word_1_384' title='bbox 3370 1225 3470 1278; x_wconf 80' lang='grc' dir='ltr'><strong>καὶ</strong></span> <span class='ocrx_word' id='word_1_385' title='bbox 3509 1223 3692 1277; x_wconf 58' lang='grc' dir='ltr'><strong>αὐτῶν</strong></span> 
     </span>
    </p>
   </div>
   <div class='ocr_carea' id='block_1_56' title="bbox 2091 1314 3690 1387">
    <p class='ocr_par' dir='ltr' id='par_1_56' title="bbox 2091 1314 3690 1387">
     <span class='ocr_line' id='line_1_56' title="bbox 2091 1314 3690 1387; baseline -0.001 -17"><span class='ocrx_word' id='word_1_386' title='bbox 2091 1315 2203 1370; x_wconf 83' lang='grc' dir='ltr'><strong>τῶν</strong></span> <span class='ocrx_word' id='word_1_387' title='bbox 2223 1315 2616 1387; x_wconf 78' lang='grc' dir='ltr'><strong>πνευματικῶν</strong></span> <span class='ocrx_word' id='word_1_388' title='bbox 2645 1314 2994 1386; x_wconf 77' lang='grc' dir='ltr'><strong>Χριστιανῶν</strong></span> <span class='ocrx_word' id='word_1_389' title='bbox 3021 1317 3144 1370; x_wconf 78' lang='grc' dir='ltr'><strong>κατ’</strong></span> <span class='ocrx_word' id='word_1_390' title='bbox 3175 1316 3367 1370; x_wconf 75' lang='grc' dir='ltr'><strong>οὐσίαν</strong></span> <span class='ocrx_word' id='word_1_391' title='bbox 3395 1314 3474 1369; x_wconf 80' lang='grc' dir='ltr'><strong>ὣν</strong></span> <span class='ocrx_word' id='word_1_392' title='bbox 3496 1317 3529 1369; x_wconf 82' lang='grc' dir='ltr'><strong>δ</strong></span> <span class='ocrx_word' id='word_1_393' title='bbox 3549 1314 3690 1384; x_wconf 79' lang='grc' dir='ltr'><strong>Χριο</strong></span> 
     </span>
    </p>
   </div>
   <div class='ocr_carea' id='block_1_57' title="bbox 2094 1401 3694 1482">
    <p class='ocr_par' dir='ltr' id='par_1_57' title="bbox 2094 1401 3694 1482">
     <span class='ocr_line' id='line_1_57' title="bbox 2094 1401 3694 1482; baseline -0.001 -20"><span class='ocrx_word' id='word_1_394' title='bbox 2094 1408 2240 1476; x_wconf 75' lang='grc' dir='ltr'><strong>στὸς,</strong></span> <span class='ocrx_word' id='word_1_395' title='bbox 2274 1408 2327 1464; x_wconf 86' lang='grc' dir='ltr'><strong>τί</strong></span> <span class='ocrx_word' id='word_1_396' title='bbox 2356 1408 2468 1482; x_wconf 72' lang='grc' dir='ltr'><strong>ἄρα</strong></span> <span class='ocrx_word' id='word_1_397' title='bbox 2497 1407 2648 1463; x_wconf 75' lang='grc' dir='ltr'><strong>ἔσται</strong></span> <span class='ocrx_word' id='word_1_398' title='bbox 2676 1407 2777 1482; x_wconf 80' lang='grc' dir='ltr'><strong>τὴν</strong></span> <span class='ocrx_word' id='word_1_399' title='bbox 2829 1401 3028 1477; x_wconf 71' lang='grc' dir='ltr'><strong>φύσινς</strong></span> <span class='ocrx_word' id='word_1_400' title='bbox 3073 1408 3107 1479; x_wconf 78' lang='grc' dir='ltr'>ἢ</span> <span class='ocrx_word' id='word_1_401' title='bbox 3137 1409 3247 1480; x_wconf 81' lang='grc' dir='ltr'><strong>γὰρ</strong></span> <span class='ocrx_word' id='word_1_402' title='bbox 3293 1407 3586 1480; x_wconf 72' lang='grc' dir='ltr'><strong>Χερουϐὶμ</strong></span> <span class='ocrx_word' id='word_1_403' title='bbox 3607 1446 3625 1472; x_wconf 94' lang='grc'><strong>,</strong></span> <span class='ocrx_word' id='word_1_404' title='bbox 3658 1406 3694 1475; x_wconf 66' lang='grc' dir='ltr'><strong>ἢ</strong></span> 
     </span>
    </p>
   </div>
   <div class='ocr_carea' id='block_1_58' title="bbox 2093 1497 3696 1572">
    <p class='ocr_par' dir='ltr' id='par_1_58' title="bbox 2093 1497 3696 1572">
     <span class='ocr_line' id='line_1_58' title="bbox 2093 1497 3696 1572; baseline -0.002 -17"><span class='ocrx_word' id='word_1_405' title='bbox 2093 1501 2351 1571; x_wconf 72' lang='grc' dir='ltr'><strong>ἄγγελος,</strong></span> <span class='ocrx_word' id='word_1_406' title='bbox 2388 1500 2423 1572; x_wconf 72' lang='grc' dir='ltr'>ἦ</span> <span class='ocrx_word' id='word_1_407' title='bbox 2459 1517 2514 1554; x_wconf 90' lang='grc' dir='ltr'><strong>τι</strong></span> <span class='ocrx_word' id='word_1_408' title='bbox 2547 1498 2656 1554; x_wconf 84' lang='grc' dir='ltr'><strong>τῶν</strong></span> <span class='ocrx_word' id='word_1_409' title='bbox 2686 1500 2746 1554; x_wconf 78' lang='grc' dir='ltr'><strong>ὲν</strong></span> <span class='ocrx_word' id='word_1_410' title='bbox 2793 1498 2945 1571; x_wconf 72' lang='grc' dir='ltr'><strong>μέσῳ</strong></span> <span class='ocrx_word' id='word_1_411' title='bbox 2963 1498 3282 1570; x_wconf 77' lang='grc' dir='ltr'><strong>ταγμάτων,</strong></span> <span class='ocrx_word' id='word_1_412' title='bbox 3309 1498 3349 1572; x_wconf 68' lang='grc' dir='ltr'><strong>ἢ</strong></span> <span class='ocrx_word' id='word_1_413' title='bbox 3389 1497 3528 1563; x_wconf 75' lang='grc' dir='ltr'><strong>Θεὸς</strong></span> <span class='ocrx_word' id='word_1_414' title='bbox 3555 1499 3696 1571; x_wconf 71' lang='grc' dir='ltr'><strong>άλη-</strong></span> 
     </span>
    </p>
   </div>
   <div class='ocr_carea' id='block_1_59' title="bbox 2094 1587 3694 1662">
    <p class='ocr_par' dir='ltr' id='par_1_59' title="bbox 2094 1587 3694 1662">
     <span class='ocr_line' id='line_1_59' title="bbox 2094 1587 3694 1662; baseline -0.002 -15"><span class='ocrx_word' id='word_1_415' title='bbox 2094 1593 2204 1658; x_wconf 82' lang='grc' dir='ltr'><strong>θῶς</strong></span> <span class='ocrx_word' id='word_1_416' title='bbox 2233 1591 2294 1660; x_wconf 76' lang='grc' dir='ltr'><strong>ἐξ</strong></span> <span class='ocrx_word' id='word_1_417' title='bbox 2327 1593 2600 1662; x_wconf 76' lang='grc' dir='ltr'><strong>ἀνάγκηςο</strong></span> <span class='ocrx_word' id='word_1_418' title='bbox 2638 1591 2765 1648; x_wconf 71' lang='grc' dir='ltr'><strong>ἐπεὶ</strong></span> <span class='ocrx_word' id='word_1_419' title='bbox 2794 1587 2888 1647; x_wconf 87' lang='grc' dir='ltr'><strong>οὐν</strong></span> <span class='ocrx_word' id='word_1_420' title='bbox 2932 1591 2996 1646; x_wconf 84' lang='grc' dir='ltr'><strong>τδ</strong></span> <span class='ocrx_word' id='word_1_421' title='bbox 3027 1591 3263 1661; x_wconf 80' lang='grc' dir='ltr'><strong>ἄγγελον</strong></span> <span class='ocrx_word' id='word_1_422' title='bbox 3291 1591 3558 1662; x_wconf 78' lang='grc' dir='ltr'><strong>γενέσθαι</strong></span> <span class='ocrx_word' id='word_1_423' title='bbox 3586 1588 3694 1645; x_wconf 78' lang='grc' dir='ltr'><strong>αὐ·-</strong></span> 
     </span>
    </p>
   </div>
   <div class='ocr_carea' id='block_1_60' title="bbox 2092 1680 3697 1755">
    <p class='ocr_par' dir='ltr' id='par_1_60' title="bbox 2092 1680 3697 1755">
     <span class='ocr_line' id='line_1_60' title="bbox 2092 1680 3697 1755; baseline -0.002 -19"><span class='ocrx_word' id='word_1_424' title='bbox 2092 1683 2184 1737; x_wconf 80' lang='grc' dir='ltr'><strong>τὸν</strong></span> <span class='ocrx_word' id='word_1_425' title='bbox 2212 1682 2312 1755; x_wconf 77' lang='grc' dir='ltr'><strong>τὴν</strong></span> <span class='ocrx_word' id='word_1_426' title='bbox 2343 1681 2556 1748; x_wconf 90' lang='grc' dir='ltr'><strong>οὐσίαν,</strong></span> <span class='ocrx_word' id='word_1_427' title='bbox 2594 1683 2730 1740; x_wconf 80' lang='grc' dir='ltr'><strong>πᾶσι</strong></span> <span class='ocrx_word' id='word_1_428' title='bbox 2769 1683 2948 1754; x_wconf 80' lang='grc' dir='ltr'><strong>πάντη</strong></span> <span class='ocrx_word' id='word_1_429' title='bbox 2988 1680 3398 1753; x_wconf 83' lang='grc' dir='ltr'><strong>ἀπαράδεκτον,</strong></span> <span class='ocrx_word' id='word_1_430' title='bbox 3429 1681 3526 1735; x_wconf 78' lang='grc' dir='ltr'><strong>καὶ</strong></span> <span class='ocrx_word' id='word_1_431' title='bbox 3561 1681 3697 1751; x_wconf 71' lang='grc' dir='ltr'><strong>ὑμῖν</strong></span> 
     </span>
    </p>
   </div>
   <div class='ocr_carea' id='block_1_61' title="bbox 2093 1772 3694 1847">
    <p class='ocr_par' dir='ltr' id='par_1_61' title="bbox 2093 1772 3694 1847">
     <span class='ocr_line' id='line_1_61' title="bbox 2093 1772 3694 1847; baseline -0.002 -18"><span class='ocrx_word' id='word_1_432' title='bbox 2093 1776 2150 1829; x_wconf 80' lang='grc' dir='ltr'><strong>δὲ</strong></span> <span class='ocrx_word' id='word_1_433' title='bbox 2196 1775 2383 1839; x_wconf 85' lang='grc' dir='ltr'><strong>αὐτοῖς</strong></span> <span class='ocrx_word' id='word_1_434' title='bbox 2416 1774 2642 1846; x_wconf 74' lang='grc' dir='ltr'><strong>(ψευδὴς</strong></span> <span class='ocrx_word' id='word_1_435' title='bbox 2673 1773 2784 1847; x_wconf 86' lang='grc' dir='ltr'><strong>γὰρ</strong></span> <span class='ocrx_word' id='word_1_436' title='bbox 2811 1774 2965 1828; x_wconf 77' lang='grc' dir='ltr'><strong>ἔσται</strong></span> <span class='ocrx_word' id='word_1_437' title='bbox 2987 1774 3023 1845; x_wconf 78' lang='grc' dir='ltr'>ἦ</span> <span class='ocrx_word' id='word_1_438' title='bbox 3050 1791 3111 1829; x_wconf 88' lang='grc' dir='ltr'><strong>τε</strong></span> <span class='ocrx_word' id='word_1_439' title='bbox 3152 1773 3570 1844; x_wconf 80' lang='grc' dir='ltr'><strong>ὲνανθρώπησις</strong></span> <span class='ocrx_word' id='word_1_440' title='bbox 3593 1772 3694 1826; x_wconf 71' lang='grc' dir='ltr'><strong>τοῦ</strong></span> 
     </span>
    </p>
   </div>
   <div class='ocr_carea' id='block_1_62' title="bbox 2096 1863 3697 1938">
    <p class='ocr_par' dir='ltr' id='par_1_62' title="bbox 2096 1863 3697 1938">
     <span class='ocr_line' id='line_1_62' title="bbox 2096 1863 3697 1938; baseline -0.001 -17"><span class='ocrx_word' id='word_1_441' title='bbox 2096 1868 2294 1936; x_wconf 88' lang='grc' dir='ltr'><strong>Λόγου,</strong></span> <span class='ocrx_word' id='word_1_442' title='bbox 2330 1866 2426 1920; x_wconf 74' lang='grc' dir='ltr'><strong>καὶ</strong></span> <span class='ocrx_word' id='word_1_443' title='bbox 2459 1867 2493 1935; x_wconf 83' lang='grc' dir='ltr'><strong>ἠ</strong></span> <span class='ocrx_word' id='word_1_444' title='bbox 2528 1864 2724 1929; x_wconf 81' lang='grc' dir='ltr'><strong>θέωσις</strong></span> <span class='ocrx_word' id='word_1_445' title='bbox 2751 1865 2852 1936; x_wconf 82' lang='grc' dir='ltr'><strong>τῆς</strong></span> <span class='ocrx_word' id='word_1_446' title='bbox 2887 1864 3115 1938; x_wconf 70' lang='grc' dir='ltr'><strong>σαρκὸς,</strong></span> <span class='ocrx_word' id='word_1_447' title='bbox 3148 1866 3243 1919; x_wconf 79' lang='grc' dir='ltr'><strong>καὶ</strong></span> <span class='ocrx_word' id='word_1_448' title='bbox 3283 1863 3353 1918; x_wconf 80' lang='grc' dir='ltr'><strong>τὰ</strong></span> <span class='ocrx_word' id='word_1_449' title='bbox 3387 1864 3554 1918; x_wconf 77' lang='grc' dir='ltr'><strong>λοιπὰ</strong></span> <span class='ocrx_word' id='word_1_450' title='bbox 3583 1865 3697 1920; x_wconf 82' lang='grc' dir='ltr'><strong>τῶν</strong></span> 
     </span>
    </p>
   </div>
   <div class='ocr_carea' id='block_1_63' title="bbox 2099 1954 3698 2028">
    <p class='ocr_par' dir='ltr' id='par_1_63' title="bbox 2099 1954 3698 2028">
     <span class='ocr_line' id='line_1_63' title="bbox 2099 1954 3698 2028; baseline -0.002 -16"><span class='ocrx_word' id='word_1_451' title='bbox 2099 1957 2310 2025; x_wconf 88' lang='grc' dir='ltr'><strong>Λογίων</strong></span> <span class='ocrx_word' id='word_1_452' title='bbox 2339 1957 2520 2010; x_wconf 87' lang='grc' dir='ltr'><strong>πάντα</strong></span> <span class='ocrx_word' id='word_1_453' title='bbox 2543 1955 2614 2010; x_wconf 79' lang='grc' dir='ltr'><strong>τὰ</strong></span> <span class='ocrx_word' id='word_1_454' title='bbox 2657 1955 2787 2027; x_wconf 73' lang='grc' dir='ltr'><strong>περὶ</strong></span> <span class='ocrx_word' id='word_1_455' title='bbox 2809 1957 2910 2026; x_wconf 85' lang='grc' dir='ltr'><strong>τῆς</strong></span> <span class='ocrx_word' id='word_1_456' title='bbox 2932 1954 3295 2027; x_wconf 77' lang='grc' dir='ltr'><strong>οἰκονομίας),</strong></span> <span class='ocrx_word' id='word_1_457' title='bbox 3318 1956 3536 2028; x_wconf 79' lang='grc' dir='ltr'><strong>ἀνάγκη</strong></span> <span class='ocrx_word' id='word_1_458' title='bbox 3560 1956 3698 2009; x_wconf 77' lang='grc' dir='ltr'><strong>Θεδν</strong></span> 
     </span>
    </p>
   </div>
   <div class='ocr_carea' id='block_1_64' title="bbox 2101 2043 3695 2123">
    <p class='ocr_par' dir='ltr' id='par_1_64' title="bbox 2101 2043 3695 2123">
     <span class='ocr_line' id='line_1_64' title="bbox 2101 2043 3695 2123; baseline -0.002 -21"><span class='ocrx_word' id='word_1_459' title='bbox 2101 2049 2262 2102; x_wconf 71' lang='grc' dir='ltr'><strong>αὐτὸν</strong></span> <span class='ocrx_word' id='word_1_460' title='bbox 2299 2043 2439 2101; x_wconf 77' lang='grc' dir='ltr'><strong>εἶναι</strong></span> <span class='ocrx_word' id='word_1_461' title='bbox 2467 2047 2568 2119; x_wconf 73' lang='grc' dir='ltr'><strong>τὴν</strong></span> <span class='ocrx_word' id='word_1_462' title='bbox 2592 2047 2815 2114; x_wconf 85' lang='grc' dir='ltr'><strong>οὐσίαν,</strong></span> <span class='ocrx_word' id='word_1_463' title='bbox 2857 2047 3147 2123; x_wconf 73' lang='grc' dir='ltr'><strong>τῇ,χάριτι</strong></span> <span class='ocrx_word' id='word_1_464' title='bbox 3187 2047 3353 2117; x_wconf 85' lang='grc' dir='ltr'><strong>τῆσδε</strong></span> <span class='ocrx_word' id='word_1_465' title='bbox 3378 2049 3480 2118; x_wconf 81' lang='grc' dir='ltr'><strong>τῆς</strong></span> <span class='ocrx_word' id='word_1_466' title='bbox 3507 2046 3695 2101; x_wconf 64' lang='lat' dir='ltr'><strong>0158s-</strong></span> 
     </span>
    </p>
   </div>
   <div class='ocr_carea' id='block_1_65' title="bbox 2102 2136 3697 2210">
    <p class='ocr_par' dir='ltr' id='par_1_65' title="bbox 2102 2136 3697 2210">
     <span class='ocr_line' id='line_1_65' title="bbox 2102 2136 3697 2210; baseline 0 -18"><span class='ocrx_word' id='word_1_467' title='bbox 2102 2140 2224 2204; x_wconf 87' lang='grc' dir='ltr'><strong>σίας</strong></span> <span class='ocrx_word' id='word_1_468' title='bbox 2243 2139 2310 2210; x_wconf 71' lang='grc' dir='ltr'><strong>ἦν</strong></span> <span class='ocrx_word' id='word_1_469' title='bbox 2336 2155 2476 2208; x_wconf 85' lang='grc' dir='ltr'><strong>φατε</strong></span> <span class='ocrx_word' id='word_1_470' title='bbox 2505 2137 2916 2209; x_wconf 81' lang='grc' dir='ltr'><strong>θεοποιηθέντα·</strong></span> <span class='ocrx_word' id='word_1_471' title='bbox 2941 2139 3051 2192; x_wconf 79' lang='grc' dir='ltr'><strong>πᾶν</strong></span> <span class='ocrx_word' id='word_1_472' title='bbox 3069 2139 3130 2193; x_wconf 80' lang='grc' dir='ltr'><strong>δὲ</strong></span> <span class='ocrx_word' id='word_1_473' title='bbox 3150 2137 3214 2192; x_wconf 82' lang='grc' dir='ltr'><strong>τὺ</strong></span> <span class='ocrx_word' id='word_1_474' title='bbox 3244 2136 3432 2192; x_wconf 83' lang='grc' dir='ltr'><strong>ποιοῦν</strong></span> <span class='ocrx_word' id='word_1_475' title='bbox 3456 2153 3531 2199; x_wconf 89' lang='grc' dir='ltr'><strong>τι,</strong></span> <span class='ocrx_word' id='word_1_476' title='bbox 3567 2141 3697 2209; x_wconf 74' lang='lat' dir='ltr'><strong>pei-</strong></span> 
     </span>
    </p>
   </div>
   <div class='ocr_carea' id='block_1_66' title="bbox 2102 2228 3696 2302">
    <p class='ocr_par' dir='ltr' id='par_1_66' title="bbox 2102 2228 3696 2302">
     <span class='ocr_line' id='line_1_66' title="bbox 2102 2228 3696 2302; baseline -0.001 -18"><span class='ocrx_word' id='word_1_477' title='bbox 2102 2229 2194 2296; x_wconf 75' lang='grc' dir='ltr'><strong>ζον</strong></span> <span class='ocrx_word' id='word_1_478' title='bbox 2226 2229 2323 2284; x_wconf 87' lang='grc' dir='ltr'><strong>τού</strong></span> <span class='ocrx_word' id='word_1_479' title='bbox 2350 2229 2675 2302; x_wconf 82' lang='grc' dir='ltr'><strong>ποιουμένου</strong></span> <span class='ocrx_word' id='word_1_480' title='bbox 2705 2230 2799 2282; x_wconf 78' lang='grc' dir='ltr'><strong>ὐπ’</strong></span> <span class='ocrx_word' id='word_1_481' title='bbox 2828 2229 3015 2284; x_wconf 83' lang='grc' dir='ltr'><strong>αὐτοῦ·</strong></span> <span class='ocrx_word' id='word_1_482' title='bbox 3046 2229 3160 2301; x_wconf 82' lang='grc' dir='ltr'><strong>ἄρα</strong></span> <span class='ocrx_word' id='word_1_483' title='bbox 3197 2229 3292 2283; x_wconf 88' lang='grc' dir='ltr'><strong>οὐν</strong></span> <span class='ocrx_word' id='word_1_484' title='bbox 3324 2231 3360 2300; x_wconf 76' lang='grc' dir='ltr'>ὴ</span> <span class='ocrx_word' id='word_1_485' title='bbox 3397 2228 3562 2301; x_wconf 73' lang='grc' dir='ltr'><strong>χάρις</strong></span> <span class='ocrx_word' id='word_1_486' title='bbox 3592 2228 3696 2283; x_wconf 73' lang='grc' dir='ltr'><strong>αὐ-</strong></span> 
     </span>
    </p>
   </div>
   <div class='ocr_carea' id='block_1_67' title="bbox 2101 2324 3701 2398">
    <p class='ocr_par' dir='ltr' id='par_1_67' title="bbox 2101 2324 3701 2398">
     <span class='ocr_line' id='line_1_67' title="bbox 2101 2324 3701 2398; baseline -0.002 -18"><span class='ocrx_word' id='word_1_487' title='bbox 2101 2344 2193 2398; x_wconf 83' lang='grc' dir='ltr'><strong>τη,</strong></span> <span class='ocrx_word' id='word_1_488' title='bbox 2232 2325 2438 2398; x_wconf 76' lang='grc' dir='ltr'><strong>μείζων</strong></span> <span class='ocrx_word' id='word_1_489' title='bbox 2468 2326 2564 2380; x_wconf 78' lang='grc' dir='ltr'><strong>καὶ</strong></span> <span class='ocrx_word' id='word_1_490' title='bbox 2596 2325 2696 2396; x_wconf 81' lang='grc' dir='ltr'><strong>τῆς</strong></span> <span class='ocrx_word' id='word_1_491' title='bbox 2721 2325 3024 2398; x_wconf 79' lang='grc' dir='ltr'><strong>γενομένης</strong></span> <span class='ocrx_word' id='word_1_492' title='bbox 3065 2326 3157 2379; x_wconf 88' lang='grc' dir='ltr'><strong>ὐπ’</strong></span> <span class='ocrx_word' id='word_1_493' title='bbox 3187 2325 3363 2396; x_wconf 81' lang='grc' dir='ltr'><strong>αὐτῆς</strong></span> <span class='ocrx_word' id='word_1_494' title='bbox 3409 2325 3563 2390; x_wconf 86' lang='grc' dir='ltr'><strong>θείας</strong></span> <span class='ocrx_word' id='word_1_495' title='bbox 3607 2324 3701 2377; x_wconf 56' lang='lat' dir='ltr'><strong>ob.</strong></span> 
     </span>
    </p>
   </div>
   <div class='ocr_carea' id='block_1_68' title="bbox 2104 2417 3699 2491">
    <p class='ocr_par' dir='ltr' id='par_1_68' title="bbox 2104 2417 3699 2491">
     <span class='ocr_line' id='line_1_68' title="bbox 2104 2417 3699 2491; baseline -0.002 -19"><span class='ocrx_word' id='word_1_496' title='bbox 2104 2419 2246 2482; x_wconf 93' lang='grc' dir='ltr'><strong>σίας·</strong></span> <span class='ocrx_word' id='word_1_497' title='bbox 2286 2417 2609 2473; x_wconf 58' lang='grc' dir='ltr'><strong>οὐκούνίκαὶ</strong></span> <span class='ocrx_word' id='word_1_498' title='bbox 2639 2419 2738 2489; x_wconf 81' lang='grc' dir='ltr'><strong>τῆς</strong></span> <span class='ocrx_word' id='word_1_499' title='bbox 2778 2418 3157 2490; x_wconf 81' lang='grc' dir='ltr'><strong>χαρισαμένης</strong></span> <span class='ocrx_word' id='word_1_500' title='bbox 3191 2419 3361 2489; x_wconf 74' lang='grc' dir='ltr'><strong>αὐτὴν</strong></span> <span class='ocrx_word' id='word_1_501' title='bbox 3394 2418 3494 2491; x_wconf 73' lang='grc' dir='ltr'><strong>τὴν</strong></span> <span class='ocrx_word' id='word_1_502' title='bbox 3531 2419 3699 2489; x_wconf 77' lang='grc' dir='ltr'><strong>χάριν</strong></span> 
     </span>
    </p>
   </div>
   <div class='ocr_carea' id='block_1_69' title="bbox 2103 2509 3697 2584">
    <p class='ocr_par' dir='ltr' id='par_1_69' title="bbox 2103 2509 3697 2584">
     <span class='ocr_line' id='line_1_69' title="bbox 2103 2509 3697 2584; baseline -0.002 -20"><span class='ocrx_word' id='word_1_503' title='bbox 2103 2511 2255 2576; x_wconf 88' lang='grc' dir='ltr'><strong>θείας</strong></span> <span class='ocrx_word' id='word_1_504' title='bbox 2285 2511 2510 2574; x_wconf 81' lang='grc' dir='ltr'><strong>οὐσίας,</strong></span> <span class='ocrx_word' id='word_1_505' title='bbox 2550 2511 2713 2584; x_wconf 79' lang='grc' dir='ltr'><strong>εἰπερ</strong></span> <span class='ocrx_word' id='word_1_506' title='bbox 2749 2510 2856 2564; x_wconf 81' lang='grc' dir='ltr'><strong>ὐπὸ</strong></span> <span class='ocrx_word' id='word_1_507' title='bbox 2886 2509 3024 2564; x_wconf 78' lang='grc' dir='ltr'><strong>Θεοῦ</strong></span> <span class='ocrx_word' id='word_1_508' title='bbox 3076 2511 3403 2582; x_wconf 78' lang='grc' dir='ltr'><strong>κεχάρισται</strong></span> <span class='ocrx_word' id='word_1_509' title='bbox 3425 2529 3438 2540; x_wconf 78' lang='grc'><em>’</em></span> <span class='ocrx_word' id='word_1_510' title='bbox 3475 2510 3537 2563; x_wconf 78' lang='grc' dir='ltr'><strong>τὸ</strong></span> <span class='ocrx_word' id='word_1_511' title='bbox 3585 2509 3697 2580; x_wconf 71' lang='grc' dir='ltr'><strong>γὰρ</strong></span> 
     </span>
    </p>
   </div>
   <div class='ocr_carea' id='block_1_70' title="bbox 2103 2601 3698 2675">
    <p class='ocr_par' dir='ltr' id='par_1_70' title="bbox 2103 2601 3698 2675">
     <span class='ocr_line' id='line_1_70' title="bbox 2103 2601 3698 2675; baseline -0.004 -16"><span class='ocrx_word' id='word_1_512' title='bbox 2103 2605 2223 2670; x_wconf 80' lang='grc' dir='ltr'><strong>ἐνὸς</strong></span> <span class='ocrx_word' id='word_1_513' title='bbox 2251 2605 2347 2660; x_wconf 80' lang='grc' dir='ltr'><strong>δύο</strong></span> <span class='ocrx_word' id='word_1_514' title='bbox 2373 2603 2483 2658; x_wconf 83' lang='grc' dir='ltr'><strong>τῶν</strong></span> <span class='ocrx_word' id='word_1_515' title='bbox 2508 2605 2713 2675; x_wconf 84' lang='grc' dir='ltr'><strong>ὁμοίων</strong></span> <span class='ocrx_word' id='word_1_516' title='bbox 2747 2602 2842 2656; x_wconf 79' lang='grc' dir='ltr'><strong>καὶ</strong></span> <span class='ocrx_word' id='word_1_517' title='bbox 2892 2601 3025 2657; x_wconf 85' lang='grc' dir='ltr'><strong>ῐσων</strong></span> <span class='ocrx_word' id='word_1_518' title='bbox 3059 2603 3311 2672; x_wconf 87' lang='grc' dir='ltr'><strong>κρεῖττον</strong></span> <span class='ocrx_word' id='word_1_519' title='bbox 3364 2602 3461 2654; x_wconf 81' lang='grc' dir='ltr'><strong>καὶ</strong></span> <span class='ocrx_word' id='word_1_520' title='bbox 3506 2601 3698 2670; x_wconf 73' lang='grc' dir='ltr'><strong>μεῖξον</strong></span> 
     </span>
    </p>
   </div>
   <div class='ocr_carea' id='block_1_71' title="bbox 2104 2693 3698 2768">
    <p class='ocr_par' dir='ltr' id='par_1_71' title="bbox 2104 2693 3698 2768">
     <span class='ocr_line' id='line_1_71' title="bbox 2104 2693 3698 2768; baseline -0.004 -16"><span class='ocrx_word' id='word_1_521' title='bbox 2104 2697 2448 2768; x_wconf 86' lang='grc' dir='ltr'><strong>φαινόμενον,</strong></span> <span class='ocrx_word' id='word_1_522' title='bbox 2477 2697 2572 2751; x_wconf 68' lang='grc' dir='ltr'><strong>καὶ</strong></span> <span class='ocrx_word' id='word_1_523' title='bbox 2609 2693 2705 2750; x_wconf 80' lang='grc' dir='ltr'><strong>τοῦ</strong></span> <span class='ocrx_word' id='word_1_524' title='bbox 2747 2694 2936 2767; x_wconf 67' lang='grc' dir='ltr'><strong>ἐτέρου</strong></span> <span class='ocrx_word' id='word_1_525' title='bbox 2975 2694 3196 2758; x_wconf 82' lang='grc' dir='ltr'><strong>πάντως</strong></span> <span class='ocrx_word' id='word_1_526' title='bbox 3223 2696 3570 2765; x_wconf 85' lang='grc' dir='ltr'><strong>γραμμικαίς</strong></span> <span class='ocrx_word' id='word_1_527' title='bbox 3596 2693 3698 2746; x_wconf 79' lang='grc' dir='ltr'><strong>άν-</strong></span> 
     </span>
    </p>
   </div>
   <div class='ocr_carea' id='block_1_72' title="bbox 2103 2783 3696 2860">
    <p class='ocr_par' dir='ltr' id='par_1_72' title="bbox 2103 2783 3696 2860">
     <span class='ocr_line' id='line_1_72' title="bbox 2103 2783 3696 2860; baseline -0.006 -14"><span class='ocrx_word' id='word_1_528' title='bbox 2103 2791 2325 2860; x_wconf 78' lang='grc' dir='ltr'><strong>άγκαις’</strong></span> <span class='ocrx_word' id='word_1_529' title='bbox 2361 2788 2506 2843; x_wconf 76' lang='grc' dir='ltr'><strong>οὕτω</strong></span> <span class='ocrx_word' id='word_1_530' title='bbox 2533 2787 2590 2842; x_wconf 70' lang='grc' dir='ltr'><strong>δὲ</strong></span> <span class='ocrx_word' id='word_1_531' title='bbox 2619 2785 2686 2842; x_wconf 83' lang='grc' dir='ltr'><strong>ἂν</strong></span> <span class='ocrx_word' id='word_1_532' title='bbox 2727 2787 2825 2842; x_wconf 71' lang='grc' dir='ltr'><strong>καὶ</strong></span> <span class='ocrx_word' id='word_1_533' title='bbox 2854 2787 3019 2859; x_wconf 77' lang='grc' dir='ltr'><strong>ἡμεῖς</strong></span> <span class='ocrx_word' id='word_1_534' title='bbox 3045 2826 3062 2850; x_wconf 93' lang='grc'><strong>,</strong></span> <span class='ocrx_word' id='word_1_535' title='bbox 3092 2787 3278 2858; x_wconf 83' lang='grc' dir='ltr'><strong>χάριτι</strong></span> <span class='ocrx_word' id='word_1_536' title='bbox 3306 2787 3400 2840; x_wconf 78' lang='grc' dir='ltr'><strong>καὶ</strong></span> <span class='ocrx_word' id='word_1_537' title='bbox 3441 2785 3504 2838; x_wconf 92' lang='grc' dir='ltr'><strong>οὐ</strong></span> <span class='ocrx_word' id='word_1_538' title='bbox 3533 2783 3696 2855; x_wconf 74' lang='grc' dir='ltr'><strong>φύσει</strong></span> 
     </span>
    </p>
   </div>
   <div class='ocr_carea' id='block_1_73' title="bbox 2103 2873 3697 2951">
    <p class='ocr_par' dir='ltr' id='par_1_73' title="bbox 2103 2873 3697 2951">
     <span class='ocr_line' id='line_1_73' title="bbox 2103 2873 3697 2951; baseline -0.004 -15"><span class='ocrx_word' id='word_1_539' title='bbox 2103 2881 2259 2946; x_wconf 74' lang='grc' dir='ltr'><strong>ὄντες</strong></span> <span class='ocrx_word' id='word_1_540' title='bbox 2286 2881 2392 2935; x_wconf 79' lang='grc' dir='ltr'><strong>υἱοὶ</strong></span> <span class='ocrx_word' id='word_1_541' title='bbox 2420 2879 2584 2946; x_wconf 85' lang='grc' dir='ltr'><strong>Θεού,</strong></span> <span class='ocrx_word' id='word_1_542' title='bbox 2613 2877 2865 2951; x_wconf 78' lang='grc' dir='ltr'><strong>μείζονες</strong></span> <span class='ocrx_word' id='word_1_543' title='bbox 2885 2873 3038 2950; x_wconf 79' lang='grc' dir='ltr'><strong>ὦμεν</strong></span> <span class='ocrx_word' id='word_1_544' title='bbox 3065 2878 3203 2933; x_wconf 86' lang='grc' dir='ltr'><strong>Θεού</strong></span> <span class='ocrx_word' id='word_1_545' title='bbox 3232 2879 3332 2948; x_wconf 81' lang='grc' dir='ltr'><strong>τὴν</strong></span> <span class='ocrx_word' id='word_1_546' title='bbox 3365 2877 3578 2938; x_wconf 76' lang='grc' dir='ltr'><strong>οὐσίαν,</strong></span> <span class='ocrx_word' id='word_1_547' title='bbox 3605 2875 3697 2929; x_wconf 76' lang='grc' dir='ltr'><strong>διὰ</strong></span> 
     </span>
    </p>
   </div>
   <div class='ocr_carea' id='block_1_74' title="bbox 2104 2965 3696 3048">
    <p class='ocr_par' dir='ltr' id='par_1_74' title="bbox 2104 2965 3696 3048">
     <span class='ocr_line' id='line_1_74' title="bbox 2104 2965 3696 3048; baseline -0.006 -17"><span class='ocrx_word' id='word_1_548' title='bbox 2104 2978 2206 3048; x_wconf 80' lang='grc' dir='ltr'><strong>τὴν</strong></span> <span class='ocrx_word' id='word_1_549' title='bbox 2239 2975 2464 3047; x_wconf 79' lang='grc' dir='ltr'><strong>μείζονα</strong></span> <span class='ocrx_word' id='word_1_550' title='bbox 2492 2974 2594 3045; x_wconf 84' lang='grc' dir='ltr'><strong>τῆς</strong></span> <span class='ocrx_word' id='word_1_551' title='bbox 2623 2973 2810 3038; x_wconf 79' lang='grc' dir='ltr'><strong>οὐσίας</strong></span> <span class='ocrx_word' id='word_1_552' title='bbox 2845 2975 3027 3046; x_wconf 64' lang='grc' dir='ltr'><strong>χάριν</strong></span> <span class='ocrx_word' id='word_1_553' title='bbox 3060 2972 3114 3025; x_wconf 91' lang='grc' dir='ltr'><strong>τί</strong></span> <span class='ocrx_word' id='word_1_554' title='bbox 3141 2972 3207 3043; x_wconf 84' lang='grc' dir='ltr'><strong>δὴ</strong></span> <span class='ocrx_word' id='word_1_555' title='bbox 3238 2965 3330 3025; x_wconf 79' lang='grc' dir='ltr'><strong>οὖν</strong></span> <span class='ocrx_word' id='word_1_556' title='bbox 3371 2968 3696 3023; x_wconf 76' lang='grc' dir='ltr'><strong>εὐλαϐεῖσθε</strong></span> 
     </span>
    </p>
   </div>
   <div class='ocr_carea' id='block_1_75' title="bbox 2108 3057 3698 3136">
    <p class='ocr_par' dir='ltr' id='par_1_75' title="bbox 2108 3057 3698 3136">
     <span class='ocr_line' id='line_1_75' title="bbox 2108 3057 3698 3136; baseline -0.004 -19"><span class='ocrx_word' id='word_1_557' title='bbox 2108 3062 2336 3136; x_wconf 73' lang='grc' dir='ltr'><strong>μέτοχον</strong></span> <span class='ocrx_word' id='word_1_558' title='bbox 2367 3057 2510 3117; x_wconf 74' lang='grc' dir='ltr'><strong>εἶναι</strong></span> <span class='ocrx_word' id='word_1_559' title='bbox 2523 3061 2704 3130; x_wconf 83' lang='grc' dir='ltr'><strong>λέγειν</strong></span> <span class='ocrx_word' id='word_1_560' title='bbox 2733 3061 2885 3126; x_wconf 83' lang='grc' dir='ltr'><strong>θείας</strong></span> <span class='ocrx_word' id='word_1_561' title='bbox 2907 3061 3098 3124; x_wconf 83' lang='grc' dir='ltr'><strong>οὐσίας</strong></span> <span class='ocrx_word' id='word_1_562' title='bbox 3127 3060 3218 3114; x_wconf 76' lang='grc' dir='ltr'><strong>τὸν</strong></span> <span class='ocrx_word' id='word_1_563' title='bbox 3241 3059 3514 3131; x_wconf 83' lang='grc' dir='ltr'><strong>Χριστόν;</strong></span> <span class='ocrx_word' id='word_1_564' title='bbox 3539 3076 3698 3130; x_wconf 57' lang='lat' dir='ltr'><strong>mur</strong></span> 
     </span>
    </p>
   </div>
   <div class='ocr_carea' id='block_1_76' title="bbox 2103 3149 3699 3225">
    <p class='ocr_par' dir='ltr' id='par_1_76' title="bbox 2103 3149 3699 3225">
     <span class='ocr_line' id='line_1_76' title="bbox 2103 3149 3699 3225; baseline -0.004 -17"><span class='ocrx_word' id='word_1_565' title='bbox 2103 3153 2204 3224; x_wconf 84' lang='grc' dir='ltr'><strong>τῆς</strong></span> <span class='ocrx_word' id='word_1_566' title='bbox 2233 3171 2292 3208; x_wconf 89' lang='grc' dir='ltr'><strong>τε</strong></span> <span class='ocrx_word' id='word_1_567' title='bbox 2325 3152 2494 3225; x_wconf 73' lang='grc' dir='ltr'><strong>οὔσης</strong></span> <span class='ocrx_word' id='word_1_568' title='bbox 2540 3153 2664 3206; x_wconf 84' lang='grc' dir='ltr'><strong>καθ’</strong></span> <span class='ocrx_word' id='word_1_569' title='bbox 2687 3153 2834 3223; x_wconf 80' lang='grc' dir='ltr'><strong>ὑμᾶς</strong></span> <span class='ocrx_word' id='word_1_570' title='bbox 2877 3153 2975 3208; x_wconf 74' lang='grc' dir='ltr'><strong>καὶ</strong></span> <span class='ocrx_word' id='word_1_571' title='bbox 3029 3149 3544 3222; x_wconf 74' lang='grc' dir='ltr'><strong>ὲπισυμϐαινούσης</strong></span> <span class='ocrx_word' id='word_1_572' title='bbox 3571 3153 3699 3214; x_wconf 85' lang='grc' dir='ltr'><strong>ταῖς</strong></span> 
     </span>
    </p>
   </div>
   <div class='ocr_carea' id='block_1_77' title="bbox 2031 3240 3700 3335">
    <p class='ocr_par' dir='ltr' id='par_1_77' title="bbox 2031 3240 3700 3335">
     <span class='ocr_line' id='line_1_77' title="bbox 2031 3240 3700 3335; baseline -0.005 -33"><span class='ocrx_word' id='word_1_573' title='bbox 2031 3274 2076 3335; x_wconf 75' lang='lat' dir='ltr'><strong>c</strong></span> <span class='ocrx_word' id='word_1_574' title='bbox 2109 3245 2304 3318; x_wconf 80' lang='grc' dir='ltr'><strong>φύσεσι</strong></span> <span class='ocrx_word' id='word_1_575' title='bbox 2335 3248 2436 3317; x_wconf 79' lang='grc' dir='ltr'><strong>τῆς</strong></span> <span class='ocrx_word' id='word_1_576' title='bbox 2481 3246 2632 3310; x_wconf 87' lang='grc' dir='ltr'><strong>θείας</strong></span> <span class='ocrx_word' id='word_1_577' title='bbox 2663 3246 2903 3316; x_wconf 77' lang='grc' dir='ltr'><strong>φύσεωςο</strong></span> <span class='ocrx_word' id='word_1_578' title='bbox 2933 3243 3034 3316; x_wconf 83' lang='grc' dir='ltr'><strong>τὴν</strong></span> <span class='ocrx_word' id='word_1_579' title='bbox 3065 3241 3356 3315; x_wconf 78' lang='grc' dir='ltr'><strong>ποιητικὴν</strong></span> <span class='ocrx_word' id='word_1_580' title='bbox 3387 3240 3562 3312; x_wconf 82' lang='grc' dir='ltr'><strong>αὐτῆς</strong></span> <span class='ocrx_word' id='word_1_581' title='bbox 3603 3242 3700 3293; x_wconf 70' lang='grc' dir='ltr'><strong>καὶ</strong></span> 
     </span>
    </p>
   </div>
   <div class='ocr_carea' id='block_1_78' title="bbox 2111 3333 3701 3410">
    <p class='ocr_par' dir='ltr' id='par_1_78' title="bbox 2111 3333 3701 3410">
     <span class='ocr_line' id='line_1_78' title="bbox 2111 3333 3701 3410; baseline -0.006 -15"><span class='ocrx_word' id='word_1_582' title='bbox 2111 3340 2294 3395; x_wconf 76' lang='grc' dir='ltr'><strong>αἰτίαν</strong></span> <span class='ocrx_word' id='word_1_583' title='bbox 2345 3341 2445 3394; x_wconf 76' lang='grc' dir='ltr'><strong>καὶ</strong></span> <span class='ocrx_word' id='word_1_584' title='bbox 2493 3339 2716 3409; x_wconf 79' lang='grc' dir='ltr'><strong>μείζονα</strong></span> <span class='ocrx_word' id='word_1_585' title='bbox 2755 3336 2961 3410; x_wconf 84' lang='grc' dir='ltr'><strong>ταύτης</strong></span> <span class='ocrx_word' id='word_1_586' title='bbox 2986 3375 3002 3401; x_wconf 86' lang='grc'><strong>,</strong></span> <span class='ocrx_word' id='word_1_587' title='bbox 3050 3337 3222 3408; x_wconf 86' lang='grc' dir='ltr'><strong>ῆγουν</strong></span> <span class='ocrx_word' id='word_1_588' title='bbox 3273 3335 3370 3406; x_wconf 80' lang='grc' dir='ltr'><strong>τὴν</strong></span> <span class='ocrx_word' id='word_1_589' title='bbox 3405 3335 3566 3406; x_wconf 80' lang='grc' dir='ltr'><strong>χάριν</strong></span> <span class='ocrx_word' id='word_1_590' title='bbox 3598 3333 3701 3404; x_wconf 81' lang='grc' dir='ltr'><strong>τῆς</strong></span> 
     </span>
    </p>
   </div>
   <div class='ocr_carea' id='block_1_79' title="bbox 2111 3426 3699 3502">
    <p class='ocr_par' dir='ltr' id='par_1_79' title="bbox 2111 3426 3699 3502">
     <span class='ocr_line' id='line_1_79' title="bbox 2111 3426 3699 3502; baseline -0.006 -15"><span class='ocrx_word' id='word_1_591' title='bbox 2111 3432 2384 3497; x_wconf 68' lang='grc' dir='ltr'><strong>υἱοθεσίας</strong></span> <span class='ocrx_word' id='word_1_592' title='bbox 2439 3431 2588 3502; x_wconf 82' lang='grc' dir='ltr'><strong>αὐτῷ</strong></span> <span class='ocrx_word' id='word_1_593' title='bbox 2632 3430 2904 3496; x_wconf 88' lang='grc' dir='ltr'><strong>διδόντες,</strong></span> <span class='ocrx_word' id='word_1_594' title='bbox 2938 3429 3034 3484; x_wconf 75' lang='grc' dir='ltr'><strong>καὶ</strong></span> <span class='ocrx_word' id='word_1_595' title='bbox 3091 3427 3166 3501; x_wconf 79' lang='grc' dir='ltr'><strong>μὴ</strong></span> <span class='ocrx_word' id='word_1_596' title='bbox 3216 3426 3699 3496; x_wconf 85' lang='grc' dir='ltr'><strong>ὐποστειλάμενοι,</strong></span> 
     </span>
    </p>
   </div>
   <div class='ocr_carea' id='block_1_80' title="bbox 2114 3517 3700 3596">
    <p class='ocr_par' dir='ltr' id='par_1_80' title="bbox 2114 3517 3700 3596">
     <span class='ocr_line' id='line_1_80' title="bbox 2114 3517 3700 3596; baseline -0.007 -18"><span class='ocrx_word' id='word_1_597' title='bbox 2114 3524 2404 3596; x_wconf 83' lang='grc' dir='ltr'><strong>βέλτιστοι·</strong></span> <span class='ocrx_word' id='word_1_598' title='bbox 2440 3521 2557 3576; x_wconf 80' lang='grc' dir='ltr'><strong>ἀλλ’</strong></span> <span class='ocrx_word' id='word_1_599' title='bbox 2588 3520 2760 3586; x_wconf 75' lang='grc' dir='ltr'><strong>ὅντως</strong></span> <span class='ocrx_word' id='word_1_600' title='bbox 2805 3523 2864 3575; x_wconf 79' lang='grc' dir='ltr'><strong>ὲν</strong></span> <span class='ocrx_word' id='word_1_601' title='bbox 2909 3521 3100 3583; x_wconf 81' lang='grc' dir='ltr'><strong>κακοῖς</strong></span> <span class='ocrx_word' id='word_1_602' title='bbox 3147 3518 3208 3572; x_wconf 74' lang='grc' dir='ltr'><strong>τὸ</strong></span> <span class='ocrx_word' id='word_1_603' title='bbox 3241 3517 3442 3588; x_wconf 81' lang='grc' dir='ltr'><strong>μᾶλλον</strong></span> <span class='ocrx_word' id='word_1_604' title='bbox 3489 3518 3700 3587; x_wconf 87' lang='grc' dir='ltr'><strong>χεῖρον,</strong></span> 
     </span>
    </p>
   </div>
   <div class='ocr_carea' id='block_1_81' title="bbox 2111 3609 3704 3684">
    <p class='ocr_par' dir='ltr' id='par_1_81' title="bbox 2111 3609 3704 3684">
     <span class='ocr_line' id='line_1_81' title="bbox 2111 3609 3704 3684; baseline -0.008 -12"><span class='ocrx_word' id='word_1_605' title='bbox 2111 3617 2209 3672; x_wconf 82' lang='grc' dir='ltr'><strong>καὶ</strong></span> <span class='ocrx_word' id='word_1_606' title='bbox 2236 3615 2299 3668; x_wconf 77' lang='grc' dir='ltr'><strong>τὸ</strong></span> <span class='ocrx_word' id='word_1_607' title='bbox 2327 3614 2591 3669; x_wconf 79' lang='grc' dir='ltr'><strong>κάκιστον</strong></span> <span class='ocrx_word' id='word_1_608' title='bbox 2623 3611 3026 3684; x_wconf 86' lang='grc' dir='ltr'><strong>σκαιωροῦντες</strong></span> <span class='ocrx_word' id='word_1_609' title='bbox 3073 3609 3417 3682; x_wconf 70' lang='grc' dir='ltr'><strong>ὲφωράθητεο</strong></span> <span class='ocrx_word' id='word_1_610' title='bbox 3466 3609 3563 3662; x_wconf 75' lang='grc' dir='ltr'><strong>καὶ</strong></span> <span class='ocrx_word' id='word_1_611' title='bbox 3590 3609 3704 3679; x_wconf 76' lang='grc' dir='ltr'><strong>γὰρ</strong></span> 
     </span>
    </p>
   </div>
   <div class='ocr_carea' id='block_1_82' title="bbox 2116 3699 3699 3782">
    <p class='ocr_par' dir='ltr' id='par_1_82' title="bbox 2116 3699 3699 3782">
     <span class='ocr_line' id='line_1_82' title="bbox 2116 3699 3699 3782; baseline -0.006 -20"><span class='ocrx_word' id='word_1_612' title='bbox 2116 3708 2256 3782; x_wconf 69' lang='grc' dir='ltr'><strong>μηδὲ</strong></span> <span class='ocrx_word' id='word_1_613' title='bbox 2291 3708 2470 3763; x_wconf 84' lang='grc' dir='ltr'><strong>δοκεῖν</strong></span> <span class='ocrx_word' id='word_1_614' title='bbox 2507 3705 2747 3771; x_wconf 82' lang='grc' dir='ltr'><strong>ἀσεϐεῖν,</strong></span> <span class='ocrx_word' id='word_1_615' title='bbox 2797 3705 2977 3760; x_wconf 90' lang='grc' dir='ltr'><strong>καίτοι</strong></span> <span class='ocrx_word' id='word_1_616' title='bbox 3026 3702 3292 3764; x_wconf 72' lang='grc' dir='ltr'><strong>ἑκουσίως</strong></span> <span class='ocrx_word' id='word_1_617' title='bbox 3345 3699 3699 3764; x_wconf 78' lang='grc' dir='ltr'><strong>ἀσεϐοῦντες,</strong></span> 
     </span>
    </p>
   </div>
   <div class='ocr_carea' id='block_1_83' title="bbox 2115 3794 3707 3876">
    <p class='ocr_par' dir='ltr' id='par_1_83' title="bbox 2115 3794 3707 3876">
     <span class='ocr_line' id='line_1_83' title="bbox 2115 3794 3707 3876; baseline -0.008 -18"><span class='ocrx_word' id='word_1_618' title='bbox 2115 3800 2493 3876; x_wconf 75' lang='grc' dir='ltr'><strong>περιποιεῖσθε</strong></span> <span class='ocrx_word' id='word_1_619' title='bbox 2546 3800 2727 3873; x_wconf 82' lang='grc' dir='ltr'><strong>μόνον’</strong></span> <span class='ocrx_word' id='word_1_620' title='bbox 2763 3799 2826 3854; x_wconf 90' lang='grc' dir='ltr'><strong>οὐ</strong></span> <span class='ocrx_word' id='word_1_621' title='bbox 2861 3798 2974 3872; x_wconf 85' lang='grc' dir='ltr'><strong>γὰρ</strong></span> <span class='ocrx_word' id='word_1_622' title='bbox 3022 3798 3135 3852; x_wconf 77' lang='grc' dir='ltr'><strong>ἴστε</strong></span> <span class='ocrx_word' id='word_1_623' title='bbox 3182 3795 3324 3860; x_wconf 80' lang='grc' dir='ltr'><strong>ὅλως</strong></span> <span class='ocrx_word' id='word_1_624' title='bbox 3353 3813 3408 3850; x_wconf 89' lang='grc' dir='ltr'><strong>τι</strong></span> <span class='ocrx_word' id='word_1_625' title='bbox 3439 3794 3707 3866; x_wconf 79' lang='grc' dir='ltr'><strong>προύχειν</strong></span> 
     </span>
    </p>
   </div>
   <div class='ocr_carea' id='block_1_84' title="bbox 2115 3885 3708 3968">
    <p class='ocr_par' dir='ltr' id='par_1_84' title="bbox 2115 3885 3708 3968">
     <span class='ocr_line' id='line_1_84' title="bbox 2115 3885 3708 3968; baseline -0.008 -18"><span class='ocrx_word' id='word_1_626' title='bbox 2115 3895 2270 3968; x_wconf 87' lang='grc' dir='ltr'><strong>ὐμῶν</strong></span> <span class='ocrx_word' id='word_1_627' title='bbox 2295 3895 2385 3950; x_wconf 85' lang='grc' dir='ltr'><strong>τὸν</strong></span> <span class='ocrx_word' id='word_1_628' title='bbox 2413 3893 2650 3966; x_wconf 80' lang='grc' dir='ltr'><strong>Χριστὸν</strong></span> <span class='ocrx_word' id='word_1_629' title='bbox 2676 3891 2969 3964; x_wconf 83' lang='grc' dir='ltr'><strong>πράγματι</strong></span> <span class='ocrx_word' id='word_1_630' title='bbox 3003 3889 3158 3961; x_wconf 69' lang='grc' dir='ltr'><strong>ψιλὸν</strong></span> <span class='ocrx_word' id='word_1_631' title='bbox 3178 3888 3236 3943; x_wconf 81' lang='grc' dir='ltr'><strong>δὲ</strong></span> <span class='ocrx_word' id='word_1_632' title='bbox 3260 3887 3551 3958; x_wconf 69' lang='grc' dir='ltr'><strong>ἄνθρωπον</strong></span> <span class='ocrx_word' id='word_1_633' title='bbox 3578 3885 3708 3941; x_wconf 86' lang='grc' dir='ltr'><strong>καθ’</strong></span> 
     </span>
    </p>
   </div>
   <div class='ocr_carea' id='block_1_85' title="bbox 2116 3972 3709 4059">
    <p class='ocr_par' dir='ltr' id='par_1_85' title="bbox 2116 3972 3709 4059">
     <span class='ocr_line' id='line_1_85' title="bbox 2116 3972 3709 4059; baseline -0.008 -16"><span class='ocrx_word' id='word_1_634' title='bbox 2116 3989 2264 4059; x_wconf 80' lang='grc' dir='ltr'><strong>ὑμᾶς</strong></span> <span class='ocrx_word' id='word_1_635' title='bbox 2297 3982 2440 4042; x_wconf 75' lang='grc' dir='ltr'><strong>εἶναι</strong></span> <span class='ocrx_word' id='word_1_636' title='bbox 2468 3985 2634 4040; x_wconf 76' lang='grc' dir='ltr'><strong>αὐτὸν</strong></span> <span class='ocrx_word' id='word_1_637' title='bbox 2671 3982 2977 4055; x_wconf 77' lang='grc' dir='ltr'><strong>λογίζεσθεο</strong></span> <span class='ocrx_word' id='word_1_638' title='bbox 3013 3983 3064 4036; x_wconf 80' lang='grc' dir='ltr'><strong>εἰ</strong></span> <span class='ocrx_word' id='word_1_639' title='bbox 3104 3981 3199 4038; x_wconf 77' lang='grc' dir='ltr'><strong>καὶ</strong></span> <span class='ocrx_word' id='word_1_640' title='bbox 3229 3972 3394 4053; x_wconf 77' lang='grc' dir='ltr'><strong>χάριν</strong></span> <span class='ocrx_word' id='word_1_641' title='bbox 3420 3981 3515 4034; x_wconf 78' lang='grc' dir='ltr'><strong>καὶ</strong></span> <span class='ocrx_word' id='word_1_642' title='bbox 3533 3977 3709 4049; x_wconf 72' lang='grc' dir='ltr'><strong>τιμὴν</strong></span> 
     </span>
    </p>
   </div>
   <div class='ocr_carea' id='block_1_86' title="bbox 2113 4066 3709 4149">
    <p class='ocr_par' dir='ltr' id='par_1_86' title="bbox 2113 4066 3709 4149">
     <span class='ocr_line' id='line_1_86' title="bbox 2113 4066 3709 4149; baseline -0.008 -13"><span class='ocrx_word' id='word_1_643' title='bbox 2113 4079 2212 4136; x_wconf 77' lang='grc' dir='ltr'><strong>καὶ</strong></span> <span class='ocrx_word' id='word_1_644' title='bbox 2240 4078 2420 4144; x_wconf 80' lang='grc' dir='ltr'><strong>δόξαν,</strong></span> <span class='ocrx_word' id='word_1_645' title='bbox 2454 4077 2681 4149; x_wconf 82' lang='grc' dir='ltr'><strong>ὀνόματι</strong></span> <span class='ocrx_word' id='word_1_646' title='bbox 2718 4075 2899 4148; x_wconf 88' lang='grc' dir='ltr'><strong>μόνον,</strong></span> <span class='ocrx_word' id='word_1_647' title='bbox 2935 4066 3085 4145; x_wconf 86' lang='grc' dir='ltr'><strong>αὐτῷ</strong></span> <span class='ocrx_word' id='word_1_648' title='bbox 3120 4072 3460 4143; x_wconf 80' lang='grc' dir='ltr'><strong>περιάπτετε</strong></span> <span class='ocrx_word' id='word_1_649' title='bbox 3480 4087 3495 4101; x_wconf 89' lang='grc'><strong>·</strong></span> <span class='ocrx_word' id='word_1_650' title='bbox 3529 4071 3709 4137; x_wconf 80' lang='grc' dir='ltr'><strong>Λόγον</strong></span> 
     </span>
    </p>
   </div>
   <div class='ocr_carea' id='block_1_87' title="bbox 2113 4162 3709 4244">
    <p class='ocr_par' dir='ltr' id='par_1_87' title="bbox 2113 4162 3709 4244">
     <span class='ocr_line' id='line_1_87' title="bbox 2113 4162 3709 4244; baseline -0.008 -17"><span class='ocrx_word' id='word_1_651' title='bbox 2113 4170 2374 4242; x_wconf 80' lang='grc' dir='ltr'><strong>διακενῆς</strong></span> <span class='ocrx_word' id='word_1_652' title='bbox 2420 4170 2549 4234; x_wconf 77' lang='grc' dir='ltr'><strong>τοὺς</strong></span> <span class='ocrx_word' id='word_1_653' title='bbox 2590 4169 2722 4244; x_wconf 74' lang='grc' dir='ltr'><strong>περὶ</strong></span> <span class='ocrx_word' id='word_1_654' title='bbox 2772 4167 2873 4238; x_wconf 87' lang='grc' dir='ltr'><strong>τῆς</strong></span> <span class='ocrx_word' id='word_1_655' title='bbox 2906 4164 3157 4228; x_wconf 80' lang='grc' dir='ltr'><strong>ὲνώσεως</strong></span> <span class='ocrx_word' id='word_1_656' title='bbox 3203 4165 3304 4235; x_wconf 85' lang='grc' dir='ltr'><strong>τῆς</strong></span> <span class='ocrx_word' id='word_1_657' title='bbox 3339 4162 3493 4226; x_wconf 87' lang='grc' dir='ltr'><strong>θείας</strong></span> <span class='ocrx_word' id='word_1_658' title='bbox 3518 4179 3578 4215; x_wconf 87' lang='grc' dir='ltr'><strong>τε</strong></span> <span class='ocrx_word' id='word_1_659' title='bbox 3610 4162 3709 4215; x_wconf 72' lang='grc' dir='ltr'><strong>καὶ</strong></span> 
     </span>
    </p>
   </div>
   <div class='ocr_carea' id='block_1_88' title="bbox 2115 4251 3710 4334">
    <p class='ocr_par' dir='ltr' id='par_1_88' title="bbox 2115 4251 3710 4334">
     <span class='ocr_line' id='line_1_88' title="bbox 2115 4251 3710 4334; baseline -0.023 3"><span class='ocrx_word' id='word_1_660' title='bbox 2115 4260 2468 4334; x_wconf 76' lang='grc' dir='ltr'><strong>ἀνθρωπίνης</strong></span> <span class='ocrx_word' id='word_1_661' title='bbox 2489 4259 2704 4330; x_wconf 70' lang='grc' dir='ltr'><strong>φύσεως</strong></span> <span class='ocrx_word' id='word_1_662' title='bbox 2733 4256 3069 4322; x_wconf 64' lang='grc' dir='ltr'><strong>δοξάζοντες,</strong></span> <span class='ocrx_word' id='word_1_663' title='bbox 3100 4253 3270 4324; x_wconf 70' lang='grc' dir='ltr'><strong>ἤγουν</strong></span> <span class='ocrx_word' id='word_1_664' title='bbox 3296 4254 3422 4317; x_wconf 72' lang='grc' dir='ltr'><strong>τοὺς</strong></span> <span class='ocrx_word' id='word_1_665' title='bbox 3448 4251 3578 4323; x_wconf 84' lang='grc' dir='ltr'><strong>περὶ</strong></span> <span class='ocrx_word' id='word_1_666' title='bbox 3606 4251 3710 4322; x_wconf 77' lang='grc' dir='ltr'><strong>τῆς</strong></span> 
     </span>
    </p>
   </div>
   <div class='ocr_carea' id='block_1_89' title="bbox 2117 4343 3709 4424">
    <p class='ocr_par' dir='ltr' id='par_1_89' title="bbox 2117 4343 3709 4424">
     <span class='ocr_line' id='line_1_89' title="bbox 2117 4343 3709 4424; baseline -0.007 -18"><span class='ocrx_word' id='word_1_667' title='bbox 2117 4352 2450 4424; x_wconf 84' lang='grc' dir='ltr'><strong>σαρκώσεως</strong></span> <span class='ocrx_word' id='word_1_668' title='bbox 2477 4350 2572 4405; x_wconf 82' lang='grc' dir='ltr'><strong>τοῦ</strong></span> <span class='ocrx_word' id='word_1_669' title='bbox 2602 4350 2803 4420; x_wconf 87' lang='grc' dir='ltr'><strong>Λόγου,</strong></span> <span class='ocrx_word' id='word_1_670' title='bbox 2825 4349 2921 4404; x_wconf 72' lang='grc' dir='ltr'><strong>καὶ</strong></span> <span class='ocrx_word' id='word_1_671' title='bbox 2945 4347 3048 4418; x_wconf 81' lang='grc' dir='ltr'><strong>τῆς</strong></span> <span class='ocrx_word' id='word_1_672' title='bbox 3079 4345 3332 4409; x_wconf 85' lang='grc' dir='ltr'><strong>θεὼσεως</strong></span> <span class='ocrx_word' id='word_1_673' title='bbox 3363 4343 3466 4415; x_wconf 80' lang='grc' dir='ltr'><strong>τῆς</strong></span> <span class='ocrx_word' id='word_1_674' title='bbox 3501 4344 3709 4416; x_wconf 86' lang='grc' dir='ltr'><strong>σαρκὸς</strong></span> 
     </span>
    </p>
   </div>
   <div class='ocr_carea' id='block_1_90' title="bbox 2114 4463 2302 4505">
    <p class='ocr_par' dir='ltr' id='par_1_90' title="bbox 2114 4463 2302 4505">
     <span class='ocr_line' id='line_1_90' title="bbox 2114 4463 2302 4505; baseline -0.005 -5"><span class='ocrx_word' id='word_1_675' title='bbox 2114 4463 2302 4505; x_wconf 88' lang='grc' dir='ltr'><strong>αυτου.</strong></span> 
     </span>
    </p>
   </div>
   <div class='ocr_carea' id='block_1_91' title="bbox 2196 4518 3708 4607">
    <p class='ocr_par' dir='ltr' id='par_1_91' title="bbox 2196 4518 3708 4607">
     <span class='ocr_line' id='line_1_91' title="bbox 2196 4518 3708 4607; baseline -0.01 -15"><span class='ocrx_word' id='word_1_676' title='bbox 2196 4534 2565 4606; x_wconf 79' lang='grc' dir='ltr'><strong>Ἐξεταζέσθω</strong></span> <span class='ocrx_word' id='word_1_677' title='bbox 2613 4535 2725 4607; x_wconf 84' lang='grc' dir='ltr'><strong>γὰρ</strong></span> <span class='ocrx_word' id='word_1_678' title='bbox 2775 4518 2884 4607; x_wconf 73' lang='grc' dir='ltr'><strong>ἥδη</strong></span> <span class='ocrx_word' id='word_1_679' title='bbox 2929 4531 3026 4588; x_wconf 75' lang='grc' dir='ltr'><strong>καὶ</strong></span> <span class='ocrx_word' id='word_1_680' title='bbox 3065 4531 3184 4586; x_wconf 87' lang='grc' dir='ltr'><strong>τόδε</strong></span> <span class='ocrx_word' id='word_1_681' title='bbox 3209 4547 3224 4562; x_wconf 85' lang='grc'><strong>·</strong></span> <span class='ocrx_word' id='word_1_682' title='bbox 3261 4518 3390 4594; x_wconf 76' lang='grc' dir='ltr'><strong>Πῶς</strong></span> <span class='ocrx_word' id='word_1_683' title='bbox 3421 4543 3560 4600; x_wconf 84' lang='grc' dir='ltr'><strong>φατε</strong></span> <span class='ocrx_word' id='word_1_684' title='bbox 3605 4524 3708 4597; x_wconf 75' lang='grc' dir='ltr'><strong>τὴν</strong></span> 
     </span>
    </p>
   </div>
   <div class='ocr_carea' id='block_1_92' title="bbox 423 4611 2005 4701">
    <p class='ocr_par' dir='ltr' id='par_1_92' title="bbox 423 4611 2005 4687">
     <span class='ocr_line' id='line_1_92' title="bbox 423 4611 2005 4687; baseline -0.001 -17"><span class='ocrx_word' id='word_1_685' title='bbox 423 4616 686 4671; x_wconf 90' lang='lat' dir='ltr'><strong>unionem</strong></span> <span class='ocrx_word' id='word_1_686' title='bbox 720 4617 881 4672; x_wconf 82' lang='lat' dir='ltr'><strong>istaut</strong></span> <span class='ocrx_word' id='word_1_687' title='bbox 912 4632 1079 4687; x_wconf 89' lang='lat' dir='ltr'><strong>quam</strong></span> <span class='ocrx_word' id='word_1_688' title='bbox 1128 4615 1338 4687; x_wconf 86' lang='lat' dir='ltr'><strong>ﬁngitis</strong></span> <span class='ocrx_word' id='word_1_689' title='bbox 1367 4615 1663 4670; x_wconf 90' lang='lat' dir='ltr'><strong>admittere</strong></span> <span class='ocrx_word' id='word_1_690' title='bbox 1695 4611 1856 4670; x_wconf 84' lang='lat' dir='ltr'><strong>Verbi</strong></span> <span class='ocrx_word' id='word_1_691' title='bbox 1881 4628 2005 4669; x_wconf 91' lang='lat' dir='ltr'><strong>cum</strong></span> 
     </span>
    </p>
   </div>
   <div class='ocr_carea' id='block_1_93' title="bbox 2106 4611 3706 4701">
    <p class='ocr_par' dir='ltr' id='par_1_93' title="bbox 2114 4616 3706 4698">
     <span class='ocr_line' id='line_1_93' title="bbox 2114 4616 3706 4698; baseline -0.009 -16"><span class='ocrx_word' id='word_1_692' title='bbox 2114 4628 2312 4682; x_wconf 78' lang='grc' dir='ltr'><strong>ἕνωσιν</strong></span> <span class='ocrx_word' id='word_1_693' title='bbox 2345 4625 2572 4696; x_wconf 79' lang='grc' dir='ltr'><strong>ταύτην,</strong></span> <span class='ocrx_word' id='word_1_694' title='bbox 2611 4627 2678 4698; x_wconf 76' lang='grc' dir='ltr'><strong>ἣν</strong></span> <span class='ocrx_word' id='word_1_695' title='bbox 2725 4623 3114 4696; x_wconf 80' lang='grc' dir='ltr'><strong>προσποιεῖσθε</strong></span> <span class='ocrx_word' id='word_1_696' title='bbox 3150 4621 3434 4694; x_wconf 79' lang='grc' dir='ltr'><strong>ὁμολογεῖν</strong></span> <span class='ocrx_word' id='word_1_697' title='bbox 3468 4616 3558 4671; x_wconf 78' lang='grc' dir='ltr'><strong>τοῦ</strong></span> <span class='ocrx_word' id='word_1_698' title='bbox 3594 4617 3706 4671; x_wconf 85' lang='grc' dir='ltr'><strong>Λό-</strong></span> 
     </span>
    </p>
   </div>
   <div class='ocr_carea' id='block_1_94' title="bbox 422 4707 2008 4780">
    <p class='ocr_par' dir='ltr' id='par_1_94' title="bbox 422 4707 2008 4780">
     <span class='ocr_line' id='line_1_94' title="bbox 422 4707 2008 4780; baseline -0.001 -16"><span class='ocrx_word' id='word_1_699' title='bbox 422 4707 647 4765; x_wconf 90' lang='lat' dir='ltr'><strong>Christo</strong></span> <span class='ocrx_word' id='word_1_700' title='bbox 688 4709 782 4780; x_wconf 90' lang='lat' dir='ltr'><strong>qui</strong></span> <span class='ocrx_word' id='word_1_701' title='bbox 813 4709 974 4764; x_wconf 79' lang='lat' dir='ltr'><strong>vobis</strong></span> <span class='ocrx_word' id='word_1_702' title='bbox 1003 4707 1231 4764; x_wconf 81' lang='lat' dir='ltr'><strong>videtur</strong></span> <span class='ocrx_word' id='word_1_703' title='bbox 1264 4708 1452 4774; x_wconf 82' lang='lat' dir='ltr'><strong>homo,</strong></span> <span class='ocrx_word' id='word_1_704' title='bbox 1506 4708 1652 4763; x_wconf 90' lang='lat' dir='ltr'><strong>inter</strong></span> <span class='ocrx_word' id='word_1_705' title='bbox 1698 4707 1880 4762; x_wconf 84' lang='lat' dir='ltr'><strong>omnia</strong></span> <span class='ocrx_word' id='word_1_706' title='bbox 1937 4708 2008 4762; x_wconf 92' lang='lat' dir='ltr'><strong>ab</strong></span> 
     </span>
    </p>
   </div>
   <div class='ocr_carea' id='block_1_95' title="bbox 425 4793 2010 4873">
    <p class='ocr_par' dir='ltr' id='par_1_95' title="bbox 425 4793 2010 4873">
     <span class='ocr_line' id='line_1_95' title="bbox 425 4793 2010 4873; baseline -0.001 -17"><span class='ocrx_word' id='word_1_707' title='bbox 425 4801 584 4857; x_wconf 87' lang='lat' dir='ltr'><strong>initio</strong></span> <span class='ocrx_word' id='word_1_708' title='bbox 642 4801 1023 4873; x_wconf 88' lang='lat' dir='ltr'><strong>conceptionis</strong></span> <span class='ocrx_word' id='word_1_709' title='bbox 1082 4801 1258 4872; x_wconf 89' lang='lat' dir='ltr'><strong>ipsius</strong></span> <span class='ocrx_word' id='word_1_710' title='bbox 1314 4799 1619 4857; x_wconf 87' lang='lat' dir='ltr'><strong>confestim</strong></span> <span class='ocrx_word' id='word_1_711' title='bbox 1664 4793 1784 4855; x_wconf 79' lang='lat' dir='ltr'><strong>fieri</strong></span> <span class='ocrx_word' id='word_1_712' title='bbox 1831 4799 2010 4872; x_wconf 90' lang='lat' dir='ltr'><strong>ipsam</strong></span> 
     </span>
    </p>
   </div>
   <div class='ocr_carea' id='block_1_96' title="bbox 425 4887 2010 4966">
    <p class='ocr_par' dir='ltr' id='par_1_96' title="bbox 425 4887 2010 4966">
     <span class='ocr_line' id='line_1_96' title="bbox 425 4887 2010 4966; baseline -0.005 -14"><span class='ocrx_word' id='word_1_713' title='bbox 425 4897 736 4952; x_wconf 84' lang='lat' dir='ltr'><strong>asserentes</strong></span> <span class='ocrx_word' id='word_1_714' title='bbox 754 4895 937 4965; x_wconf 86' lang='lat' dir='ltr'><strong>specie</strong></span> <span class='ocrx_word' id='word_1_715' title='bbox 955 4894 1198 4966; x_wconf 87' lang='lat' dir='ltr'><strong>pietatis,</strong></span> <span class='ocrx_word' id='word_1_716' title='bbox 1217 4893 1310 4965; x_wconf 90' lang='lat' dir='ltr'><strong>qui</strong></span> <span class='ocrx_word' id='word_1_717' title='bbox 1332 4887 1519 4949; x_wconf 86' lang='lat' dir='ltr'><strong>tamen</strong></span> <span class='ocrx_word' id='word_1_718' title='bbox 1539 4891 2010 4964; x_wconf 88' lang='lat' dir='ltr'><strong>compositionem</strong></span> 
     </span>
    </p>
   </div>
   <div class='ocr_carea' id='block_1_97' title="bbox 427 4982 2014 5056">
    <p class='ocr_par' dir='ltr' id='par_1_97' title="bbox 427 4982 2014 5056">
     <span class='ocr_line' id='line_1_97' title="bbox 427 4982 2014 5056; baseline -0.003 -13"><span class='ocrx_word' id='word_1_719' title='bbox 427 4986 592 5044; x_wconf 86' lang='lat' dir='ltr'><strong>Verbi</strong></span> <span class='ocrx_word' id='word_1_720' title='bbox 641 5001 768 5041; x_wconf 91' lang='lat' dir='ltr'><strong>cum</strong></span> <span class='ocrx_word' id='word_1_721' title='bbox 821 5003 991 5041; x_wconf 84' lang='lat' dir='ltr'><strong>carne</strong></span> <span class='ocrx_word' id='word_1_722' title='bbox 1044 4985 1167 5043; x_wconf 81' lang='lat' dir='ltr'><strong>fieri</strong></span> <span class='ocrx_word' id='word_1_723' title='bbox 1215 4985 1471 5056; x_wconf 87' lang='lat' dir='ltr'><strong>negatis:</strong></span> <span class='ocrx_word' id='word_1_724' title='bbox 1526 4985 1661 5040; x_wconf 91' lang='lat' dir='ltr'><strong>unio</strong></span> <span class='ocrx_word' id='word_1_725' title='bbox 1705 4985 1876 5050; x_wconf 89' lang='lat' dir='ltr'><strong>enim,</strong></span> <span class='ocrx_word' id='word_1_726' title='bbox 1903 4982 2014 5039; x_wconf 91' lang='lat' dir='ltr'><strong>nisi</strong></span> 
     </span>
    </p>
   </div>
   <div class='ocr_carea' id='block_1_98' title="bbox 427 5077 2012 5151">
    <p class='ocr_par' dir='ltr' id='par_1_98' title="bbox 427 5077 2012 5151">
     <span class='ocr_line' id='line_1_98' title="bbox 427 5077 2012 5151; baseline -0.002 -16"><span class='ocrx_word' id='word_1_727' title='bbox 427 5079 733 5136; x_wconf 89' lang='lat' dir='ltr'><strong>secundum</strong></span> <span class='ocrx_word' id='word_1_728' title='bbox 752 5077 1214 5151; x_wconf 84' lang='lat' dir='ltr'><strong>compositionem</strong></span> <span class='ocrx_word' id='word_1_729' title='bbox 1237 5086 1351 5146; x_wconf 85' lang='lat' dir='ltr'><strong>hat,</strong></span> <span class='ocrx_word' id='word_1_730' title='bbox 1364 5080 1592 5134; x_wconf 80' lang='lat' dir='ltr'><strong>omnino</strong></span> <span class='ocrx_word' id='word_1_731' title='bbox 1605 5078 1692 5134; x_wconf 87' lang='lat' dir='ltr'><strong>vel</strong></span> <span class='ocrx_word' id='word_1_732' title='bbox 1708 5077 2012 5134; x_wconf 88' lang='lat' dir='ltr'><strong>secundum</strong></span> 
     </span>
    </p>
   </div>
   <div class='ocr_carea' id='block_1_99' title="bbox 429 5169 2014 5242">
    <p class='ocr_par' dir='ltr' id='par_1_99' title="bbox 429 5169 2014 5242">
     <span class='ocr_line' id='line_1_99' title="bbox 429 5169 2014 5242; baseline -0.001 -16"><span class='ocrx_word' id='word_1_733' title='bbox 429 5171 834 5242; x_wconf 90' lang='lat' dir='ltr'><strong>appositionem</strong></span> <span class='ocrx_word' id='word_1_734' title='bbox 862 5171 1093 5227; x_wconf 87' lang='lat' dir='ltr'><strong>localem</strong></span> <span class='ocrx_word' id='word_1_735' title='bbox 1127 5171 1376 5236; x_wconf 89' lang='lat' dir='ltr'><strong>videtur,</strong></span> <span class='ocrx_word' id='word_1_736' title='bbox 1409 5171 1555 5228; x_wconf 89' lang='lat' dir='ltr'><strong>sicut</strong></span> <span class='ocrx_word' id='word_1_737' title='bbox 1579 5169 1779 5241; x_wconf 87' lang='lat' dir='ltr'><strong>lapidis</strong></span> <span class='ocrx_word' id='word_1_738' title='bbox 1808 5178 1866 5224; x_wconf 90' lang='lat' dir='ltr'><strong>et</strong></span> <span class='ocrx_word' id='word_1_739' title='bbox 1890 5169 2014 5224; x_wconf 90' lang='lat' dir='ltr'><strong>auri</strong></span> 
     </span>
    </p>
   </div>
   <div class='ocr_carea' id='block_1_100' title="bbox 428 5261 2017 5337">
    <p class='ocr_par' dir='ltr' id='par_1_100' title="bbox 428 5261 2017 5337">
     <span class='ocr_line' id='line_1_100' title="bbox 428 5261 2017 5337; baseline 0 -18"><span class='ocrx_word' id='word_1_740' title='bbox 428 5265 486 5320; x_wconf 89' lang='lat' dir='ltr'><strong>in</strong></span> <span class='ocrx_word' id='word_1_741' title='bbox 521 5266 730 5321; x_wconf 90' lang='lat' dir='ltr'><strong>annulo</strong></span> <span class='ocrx_word' id='word_1_742' title='bbox 751 5275 808 5321; x_wconf 91' lang='lat' dir='ltr'><strong>et</strong></span> <span class='ocrx_word' id='word_1_743' title='bbox 832 5265 1024 5321; x_wconf 85' lang='lat' dir='ltr'><strong>finium</strong></span> <span class='ocrx_word' id='word_1_744' title='bbox 1045 5265 1248 5322; x_wconf 71' lang='lat' dir='ltr'><strong>Judsea:</strong></span> <span class='ocrx_word' id='word_1_745' title='bbox 1267 5266 1510 5337; x_wconf 90' lang='lat' dir='ltr'><strong>regionis</strong></span> <span class='ocrx_word' id='word_1_746' title='bbox 1535 5265 1602 5321; x_wconf 89' lang='lat' dir='ltr'><strong>ad</strong></span> <span class='ocrx_word' id='word_1_747' title='bbox 1626 5265 1764 5322; x_wconf 87' lang='lat' dir='ltr'><strong>ﬁnes</strong></span> <span class='ocrx_word' id='word_1_748' title='bbox 1782 5261 2017 5320; x_wconf 81' lang='lat' dir='ltr'><strong>conﬁnis</strong></span> 
     </span>
    </p>
   </div>
   <div class='ocr_carea' id='block_1_101' title="bbox 429 5357 2016 5430">
    <p class='ocr_par' dir='ltr' id='par_1_101' title="bbox 429 5357 2016 5430">
     <span class='ocr_line' id='line_1_101' title="bbox 429 5357 2016 5430; baseline 0 -18"><span class='ocrx_word' id='word_1_749' title='bbox 429 5357 532 5430; x_wconf 88' lang='lat' dir='ltr'><strong>ipsi</strong></span> <span class='ocrx_word' id='word_1_750' title='bbox 573 5357 856 5424; x_wconf 64' lang='lat' dir='ltr'><strong>Samaria,</strong></span> <span class='ocrx_word' id='word_1_751' title='bbox 891 5367 950 5416; x_wconf 86' lang='lat' dir='ltr'><strong>et</strong></span> <span class='ocrx_word' id='word_1_752' title='bbox 977 5360 1107 5416; x_wconf 86' lang='lat' dir='ltr'><strong>talia</strong></span> <span class='ocrx_word' id='word_1_753' title='bbox 1134 5378 1147 5415; x_wconf 93' lang='lat'><strong>:</strong></span> <span class='ocrx_word' id='word_1_754' title='bbox 1180 5361 1266 5416; x_wconf 85' lang='lat' dir='ltr'><strong>vel</strong></span> <span class='ocrx_word' id='word_1_755' title='bbox 1298 5359 1607 5417; x_wconf 88' lang='lat' dir='ltr'><strong>secundum</strong></span> <span class='ocrx_word' id='word_1_756' title='bbox 1636 5359 1888 5414; x_wconf 88' lang='lat' dir='ltr'><strong>habitum</strong></span> <span class='ocrx_word' id='word_1_757' title='bbox 1918 5372 2016 5412; x_wconf 79' lang='lat' dir='ltr'><strong>vo-</strong></span> 
     </span>
    </p>
   </div>
   <div class='ocr_carea' id='block_1_102' title="bbox 428 5449 2012 5519">
    <p class='ocr_par' dir='ltr' id='par_1_102' title="bbox 428 5449 2012 5519">
     <span class='ocr_line' id='line_1_102' title="bbox 428 5449 2012 5519; baseline 0.001 -14"><span class='ocrx_word' id='word_1_758' title='bbox 428 5449 672 5507; x_wconf 82' lang='lat' dir='ltr'><strong>luntarie</strong></span> <span class='ocrx_word' id='word_1_759' title='bbox 692 5451 956 5519; x_wconf 90' lang='lat' dir='ltr'><strong>electum,</strong></span> <span class='ocrx_word' id='word_1_760' title='bbox 975 5461 1040 5508; x_wconf 90' lang='lat' dir='ltr'><strong>ut</strong></span> <span class='ocrx_word' id='word_1_761' title='bbox 1060 5469 1119 5509; x_wconf 87' lang='lat' dir='ltr'><strong>se</strong></span> <span class='ocrx_word' id='word_1_762' title='bbox 1143 5453 1316 5510; x_wconf 89' lang='lat' dir='ltr'><strong>habet</strong></span> <span class='ocrx_word' id='word_1_763' title='bbox 1335 5454 1458 5510; x_wconf 88' lang='lat' dir='ltr'><strong>auri</strong></span> <span class='ocrx_word' id='word_1_764' title='bbox 1475 5461 1690 5509; x_wconf 88' lang='lat' dir='ltr'><strong>amator</strong></span> <span class='ocrx_word' id='word_1_765' title='bbox 1707 5452 1776 5508; x_wconf 88' lang='lat' dir='ltr'><strong>ad</strong></span> <span class='ocrx_word' id='word_1_766' title='bbox 1793 5467 2012 5516; x_wconf 89' lang='lat' dir='ltr'><strong>aurum,</strong></span> 
     </span>
    </p>
   </div>
   <div class='ocr_carea' id='block_1_103' title="bbox 429 5543 2015 5618">
    <p class='ocr_par' dir='ltr' id='par_1_103' title="bbox 429 5543 2015 5618">
     <span class='ocr_line' id='line_1_103' title="bbox 429 5543 2015 5618; baseline 0.001 -20"><span class='ocrx_word' id='word_1_767' title='bbox 429 5558 698 5614; x_wconf 88' lang='lat' dir='ltr'><strong>equorum</strong></span> <span class='ocrx_word' id='word_1_768' title='bbox 729 5543 799 5598; x_wconf 91' lang='lat' dir='ltr'><strong>ad</strong></span> <span class='ocrx_word' id='word_1_769' title='bbox 831 5561 1026 5615; x_wconf 89' lang='lat' dir='ltr'><strong>equos,</strong></span> <span class='ocrx_word' id='word_1_770' title='bbox 1070 5552 1127 5600; x_wconf 86' lang='lat' dir='ltr'><strong>et</strong></span> <span class='ocrx_word' id='word_1_771' title='bbox 1163 5545 1511 5618; x_wconf 78' lang='lat' dir='ltr'><strong>votuptatum</strong></span> <span class='ocrx_word' id='word_1_772' title='bbox 1546 5545 1616 5600; x_wconf 89' lang='lat' dir='ltr'><strong>ad</strong></span> <span class='ocrx_word' id='word_1_773' title='bbox 1651 5546 2015 5616; x_wconf 87' lang='lat' dir='ltr'><strong>voluptatem,</strong></span> 
     </span>
    </p>
   </div>
   <div class='ocr_carea' id='block_1_104' title="bbox 429 5635 2014 5705">
    <p class='ocr_par' dir='ltr' id='par_1_104' title="bbox 429 5635 2014 5705">
     <span class='ocr_line' id='line_1_104' title="bbox 429 5635 2014 5705; baseline -0.002 -11"><span class='ocrx_word' id='word_1_774' title='bbox 429 5645 488 5694; x_wconf 89' lang='lat' dir='ltr'><strong>ct</strong></span> <span class='ocrx_word' id='word_1_775' title='bbox 509 5635 604 5692; x_wconf 85' lang='lat' dir='ltr'><strong>Dei</strong></span> <span class='ocrx_word' id='word_1_776' title='bbox 638 5636 851 5693; x_wconf 91' lang='lat' dir='ltr'><strong>amicus</strong></span> <span class='ocrx_word' id='word_1_777' title='bbox 879 5637 946 5693; x_wconf 88' lang='lat' dir='ltr'><strong>ad</strong></span> <span class='ocrx_word' id='word_1_778' title='bbox 975 5639 1169 5705; x_wconf 90' lang='lat' dir='ltr'><strong>Deum,</strong></span> <span class='ocrx_word' id='word_1_779' title='bbox 1200 5648 1258 5695; x_wconf 87' lang='lat' dir='ltr'><strong>et</strong></span> <span class='ocrx_word' id='word_1_780' title='bbox 1290 5640 1534 5695; x_wconf 82' lang='lat' dir='ltr'><strong>similia:</strong></span> <span class='ocrx_word' id='word_1_781' title='bbox 1576 5639 1665 5695; x_wconf 81' lang='lat' dir='ltr'><strong>vel</strong></span> <span class='ocrx_word' id='word_1_782' title='bbox 1706 5637 2014 5694; x_wconf 88' lang='lat' dir='ltr'><strong>secundum</strong></span> 
     </span>
    </p>
   </div>
   <div class='ocr_carea' id='block_1_105' title="bbox 432 5729 2016 5802">
    <p class='ocr_par' dir='ltr' id='par_1_105' title="bbox 432 5729 2016 5802">
     <span class='ocr_line' id='line_1_105' title="bbox 432 5729 2016 5802; baseline 0.001 -18"><span class='ocrx_word' id='word_1_783' title='bbox 432 5729 682 5785; x_wconf 89' lang='lat' dir='ltr'><strong>habitum</strong></span> <span class='ocrx_word' id='word_1_784' title='bbox 719 5730 1028 5786; x_wconf 89' lang='lat' dir='ltr'><strong>naturalem</strong></span> <span class='ocrx_word' id='word_1_785' title='bbox 1060 5730 1378 5800; x_wconf 86' lang='lat' dir='ltr'><strong>quemdam,</strong></span> <span class='ocrx_word' id='word_1_786' title='bbox 1406 5732 1863 5802; x_wconf 79' lang='lat' dir='ltr'><strong>sicutparentum</strong></span> <span class='ocrx_word' id='word_1_787' title='bbox 1889 5745 2016 5801; x_wconf 86' lang='lat' dir='ltr'><strong>erga</strong></span> 
     </span>
    </p>
   </div>
   <div class='ocr_carea' id='block_1_106' title="bbox 429 5815 2020 5895">
    <p class='ocr_par' dir='ltr' id='par_1_106' title="bbox 429 5815 2020 5895">
     <span class='ocr_line' id='line_1_106' title="bbox 429 5815 2020 5895; baseline 0.003 -19"><span class='ocrx_word' id='word_1_788' title='bbox 429 5825 677 5895; x_wconf 71' lang='lat' dir='ltr'><strong>ejusdem</strong></span> <span class='ocrx_word' id='word_1_789' title='bbox 729 5834 943 5882; x_wconf 78' lang='lat' dir='ltr'><strong>naturae</strong></span> <span class='ocrx_word' id='word_1_790' title='bbox 975 5815 1155 5888; x_wconf 77' lang='lat' dir='ltr'><strong>filios:</strong></span> <span class='ocrx_word' id='word_1_791' title='bbox 1199 5834 1295 5880; x_wconf 83' lang='lat' dir='ltr'><strong>aut</strong></span> <span class='ocrx_word' id='word_1_792' title='bbox 1335 5826 1533 5882; x_wconf 90' lang='lat' dir='ltr'><strong>similis</strong></span> <span class='ocrx_word' id='word_1_793' title='bbox 1561 5826 1885 5882; x_wconf 70' lang='lat' dir='ltr'><strong>substantia:</strong></span> <span class='ocrx_word' id='word_1_794' title='bbox 1917 5826 2020 5881; x_wconf 79' lang='lat' dir='ltr'><strong>ho-</strong></span> 
     </span>
    </p>
   </div>
   <div class='ocr_carea' id='block_1_107' title="bbox 427 5919 2015 5992">
    <p class='ocr_par' dir='ltr' id='par_1_107' title="bbox 427 5919 2015 5992">
     <span class='ocr_line' id='line_1_107' title="bbox 427 5919 2015 5992; baseline 0.001 -19"><span class='ocrx_word' id='word_1_795' title='bbox 427 5919 680 5984; x_wconf 76' lang='lat' dir='ltr'><strong>mitium,</strong></span> <span class='ocrx_word' id='word_1_796' title='bbox 728 5929 822 5974; x_wconf 85' lang='lat' dir='ltr'><strong>aut</strong></span> <span class='ocrx_word' id='word_1_797' title='bbox 871 5934 1176 5992; x_wconf 85' lang='lat' dir='ltr'><strong>equorum,</strong></span> <span class='ocrx_word' id='word_1_798' title='bbox 1226 5928 1320 5976; x_wconf 83' lang='lat' dir='ltr'><strong>aut</strong></span> <span class='ocrx_word' id='word_1_799' title='bbox 1375 5920 1685 5992; x_wconf 79' lang='lat' dir='ltr'><strong>aquilarum</strong></span> <span class='ocrx_word' id='word_1_800' title='bbox 1744 5921 2015 5990; x_wconf 89' lang='lat' dir='ltr'><strong>omnium,</strong></span> 
     </span>
    </p>
   </div>
   <div class='ocr_carea' id='block_1_108' title="bbox 2110 4708 3704 4792">
    <p class='ocr_par' dir='ltr' id='par_1_108' title="bbox 2110 4708 3704 4792">
     <span class='ocr_line' id='line_1_108' title="bbox 2110 4708 3704 4792; baseline -0.01 -16"><span class='ocrx_word' id='word_1_801' title='bbox 2110 4739 2234 4792; x_wconf 89' lang='grc' dir='ltr'><strong>γου,</strong></span> <span class='ocrx_word' id='word_1_802' title='bbox 2282 4720 2420 4790; x_wconf 86' lang='grc' dir='ltr'><strong>πρὸς</strong></span> <span class='ocrx_word' id='word_1_803' title='bbox 2463 4719 2556 4771; x_wconf 80' lang='grc' dir='ltr'><strong>τὸν</strong></span> <span class='ocrx_word' id='word_1_804' title='bbox 2605 4715 2868 4771; x_wconf 74' lang='grc' dir='ltr'><strong>δοκοῦντα</strong></span> <span class='ocrx_word' id='word_1_805' title='bbox 2919 4716 3049 4788; x_wconf 83' lang='grc' dir='ltr'><strong>ὑμῖν</strong></span> <span class='ocrx_word' id='word_1_806' title='bbox 3104 4714 3394 4784; x_wconf 78' lang='grc' dir='ltr'><strong>ἄνθρωπον</strong></span> <span class='ocrx_word' id='word_1_807' title='bbox 3441 4708 3704 4780; x_wconf 77' lang='grc' dir='ltr'><strong>Χριστὸν,</strong></span> 
     </span>
    </p>
   </div>
   <div class='ocr_carea' id='block_1_109' title="bbox 2114 4799 3697 4886">
    <p class='ocr_par' dir='ltr' id='par_1_109' title="bbox 2114 4799 3697 4886">
     <span class='ocr_line' id='line_1_109' title="bbox 2114 4799 3697 4886; baseline -0.009 -18"><span class='ocrx_word' id='word_1_808' title='bbox 2114 4813 2267 4886; x_wconf 81' lang='grc' dir='ltr'><strong>παρὰ</strong></span> <span class='ocrx_word' id='word_1_809' title='bbox 2297 4811 2479 4865; x_wconf 79' lang='grc' dir='ltr'><strong>πάντα</strong></span> <span class='ocrx_word' id='word_1_810' title='bbox 2507 4827 2566 4866; x_wconf 85' lang='grc' dir='ltr'><strong>τε</strong></span> <span class='ocrx_word' id='word_1_811' title='bbox 2595 4809 2691 4864; x_wconf 79' lang='grc' dir='ltr'><strong>καὶ</strong></span> <span class='ocrx_word' id='word_1_812' title='bbox 2720 4809 2818 4864; x_wconf 78' lang='grc' dir='ltr'><strong>ἀπ’</strong></span> <span class='ocrx_word' id='word_1_813' title='bbox 2851 4809 3028 4881; x_wconf 74' lang='grc' dir='ltr'><strong>ἀρχῆς</strong></span> <span class='ocrx_word' id='word_1_814' title='bbox 3070 4808 3324 4878; x_wconf 76' lang='grc' dir='ltr'><strong>κυήσεως</strong></span> <span class='ocrx_word' id='word_1_815' title='bbox 3345 4803 3511 4857; x_wconf 83' lang='grc' dir='ltr'><strong>αὐτοῦ</strong></span> <span class='ocrx_word' id='word_1_816' title='bbox 3537 4799 3697 4864; x_wconf 83' lang='grc' dir='ltr'><strong>εὐθύς</strong></span> 
     </span>
    </p>
   </div>
   <div class='ocr_carea' id='block_1_110' title="bbox 2122 4894 3705 4978">
    <p class='ocr_par' dir='ltr' id='par_1_110' title="bbox 2122 4894 3705 4978">
     <span class='ocr_line' id='line_1_110' title="bbox 2122 4894 3705 4978; baseline -0.009 -18"><span class='ocrx_word' id='word_1_817' title='bbox 2122 4905 2298 4978; x_wconf 77' lang='grc' dir='ltr'><strong>αὐτὴν</strong></span> <span class='ocrx_word' id='word_1_818' title='bbox 2331 4903 2584 4973; x_wconf 82' lang='grc' dir='ltr'><strong>λέγοντες</strong></span> <span class='ocrx_word' id='word_1_819' title='bbox 2617 4903 2872 4974; x_wconf 83' lang='grc' dir='ltr'><strong>γενέσθαι</strong></span> <span class='ocrx_word' id='word_1_820' title='bbox 2923 4899 3324 4968; x_wconf 85' lang='grc' dir='ltr'><strong>εὐσεϐοφανῶς,</strong></span> <span class='ocrx_word' id='word_1_821' title='bbox 3368 4897 3420 4950; x_wconf 82' lang='lat' dir='ltr'><strong>oi</strong></span> <span class='ocrx_word' id='word_1_822' title='bbox 3452 4894 3705 4949; x_wconf 75' lang='grc' dir='ltr'><strong>σύνθεσιν</strong></span> 
     </span>
    </p>
   </div>
   <div class='ocr_carea' id='block_1_111' title="bbox 2111 4984 3707 5067">
    <p class='ocr_par' dir='ltr' id='par_1_111' title="bbox 2111 4984 3707 5067">
     <span class='ocr_line' id='line_1_111' title="bbox 2111 4984 3707 5067; baseline -0.008 -16"><span class='ocrx_word' id='word_1_823' title='bbox 2111 4996 2207 5052; x_wconf 83' lang='grc' dir='ltr'><strong>τοῦ</strong></span> <span class='ocrx_word' id='word_1_824' title='bbox 2241 4996 2415 5066; x_wconf 81' lang='grc' dir='ltr'><strong>Λόγου</strong></span> <span class='ocrx_word' id='word_1_825' title='bbox 2462 4995 2602 5067; x_wconf 84' lang='grc' dir='ltr'><strong>πρὸς</strong></span> <span class='ocrx_word' id='word_1_826' title='bbox 2635 4993 2737 5066; x_wconf 77' lang='grc' dir='ltr'><strong>τὴν</strong></span> <span class='ocrx_word' id='word_1_827' title='bbox 2781 4995 2961 5065; x_wconf 86' lang='grc' dir='ltr'><strong>σάρκα</strong></span> <span class='ocrx_word' id='word_1_828' title='bbox 2987 4991 3244 5062; x_wconf 83' lang='grc' dir='ltr'><strong>γενέσθαι</strong></span> <span class='ocrx_word' id='word_1_829' title='bbox 3279 4989 3357 5061; x_wconf 79' lang='grc' dir='ltr'><strong>μὴ</strong></span> <span class='ocrx_word' id='word_1_830' title='bbox 3399 4984 3707 5061; x_wconf 78' lang='grc' dir='ltr'><strong>παραδεχό-</strong></span> 
     </span>
    </p>
   </div>
   <div class='ocr_carea' id='block_1_112' title="bbox 2117 5078 3708 5162">
    <p class='ocr_par' dir='ltr' id='par_1_112' title="bbox 2117 5078 3708 5162">
     <span class='ocr_line' id='line_1_112' title="bbox 2117 5078 3708 5162; baseline -0.009 -17"><span class='ocrx_word' id='word_1_831' title='bbox 2117 5107 2269 5162; x_wconf 83' lang='grc' dir='ltr'><strong>μενοι</strong></span> <span class='ocrx_word' id='word_1_832' title='bbox 2292 5106 2308 5156; x_wconf 86' lang='lat'><strong>;</strong></span> <span class='ocrx_word' id='word_1_833' title='bbox 2334 5091 2368 5160; x_wconf 85' lang='grc' dir='ltr'>ὴ</span> <span class='ocrx_word' id='word_1_834' title='bbox 2399 5088 2508 5159; x_wconf 84' lang='grc' dir='ltr'><strong>γὰρ</strong></span> <span class='ocrx_word' id='word_1_835' title='bbox 2538 5088 2731 5151; x_wconf 77' lang='grc' dir='ltr'><strong>ἓνωσις</strong></span> <span class='ocrx_word' id='word_1_836' title='bbox 2755 5087 2789 5158; x_wconf 81' lang='grc' dir='ltr'>ἡ</span> <span class='ocrx_word' id='word_1_837' title='bbox 2814 5084 2890 5158; x_wconf 77' lang='grc' dir='ltr'><strong>μὴ</strong></span> <span class='ocrx_word' id='word_1_838' title='bbox 2917 5083 3060 5139; x_wconf 86' lang='grc' dir='ltr'><strong>κατὰ</strong></span> <span class='ocrx_word' id='word_1_839' title='bbox 3098 5082 3348 5137; x_wconf 83' lang='grc' dir='ltr'><strong>σύνθεσιν</strong></span> <span class='ocrx_word' id='word_1_840' title='bbox 3375 5078 3535 5146; x_wconf 85' lang='grc' dir='ltr'><strong>οὐσα,</strong></span> <span class='ocrx_word' id='word_1_841' title='bbox 3566 5078 3708 5132; x_wconf 78' lang='grc' dir='ltr'><strong>πάν-</strong></span> 
     </span>
    </p>
   </div>
   <div class='ocr_carea' id='block_1_113' title="bbox 2114 5168 3706 5253">
    <p class='ocr_par' dir='ltr' id='par_1_113' title="bbox 2114 5168 3706 5253">
     <span class='ocr_line' id='line_1_113' title="bbox 2114 5168 3706 5253; baseline -0.007 -17"><span class='ocrx_word' id='word_1_842' title='bbox 2114 5199 2222 5243; x_wconf 85' lang='grc' dir='ltr'><strong>τως</strong></span> <span class='ocrx_word' id='word_1_843' title='bbox 2255 5183 2288 5253; x_wconf 80' lang='grc' dir='ltr'><strong>ἢ</strong></span> <span class='ocrx_word' id='word_1_844' title='bbox 2340 5180 2486 5235; x_wconf 85' lang='grc' dir='ltr'><strong>κατὰ</strong></span> <span class='ocrx_word' id='word_1_845' title='bbox 2525 5179 2828 5251; x_wconf 84' lang='grc' dir='ltr'><strong>παράθεσιν</strong></span> <span class='ocrx_word' id='word_1_846' title='bbox 2872 5179 3067 5250; x_wconf 80' lang='grc' dir='ltr'><strong>ὁρᾶται</strong></span> <span class='ocrx_word' id='word_1_847' title='bbox 3104 5173 3357 5246; x_wconf 82' lang='grc' dir='ltr'><strong>τοπικὴν,</strong></span> <span class='ocrx_word' id='word_1_848' title='bbox 3405 5168 3519 5225; x_wconf 76' lang='grc' dir='ltr'><strong>οἷον</strong></span> <span class='ocrx_word' id='word_1_849' title='bbox 3551 5170 3706 5225; x_wconf 83' lang='grc' dir='ltr'><strong>λίθου</strong></span> 
     </span>
    </p>
   </div>
   <div class='ocr_carea' id='block_1_114' title="bbox 2116 5253 3709 5346">
    <p class='ocr_par' dir='ltr' id='par_1_114' title="bbox 2116 5253 3709 5346">
     <span class='ocr_line' id='line_1_114' title="bbox 2116 5253 3709 5346; baseline -0.006 -18"><span class='ocrx_word' id='word_1_850' title='bbox 2116 5273 2211 5328; x_wconf 79' lang='grc' dir='ltr'><strong>καὶ</strong></span> <span class='ocrx_word' id='word_1_851' title='bbox 2241 5272 2465 5346; x_wconf 80' lang='grc' dir='ltr'><strong>χρυσίου</strong></span> <span class='ocrx_word' id='word_1_852' title='bbox 2501 5274 2559 5326; x_wconf 80' lang='grc' dir='ltr'><strong>ὲν</strong></span> <span class='ocrx_word' id='word_1_853' title='bbox 2591 5271 2881 5342; x_wconf 82' lang='grc' dir='ltr'><strong>δακτυλίῳ,</strong></span> <span class='ocrx_word' id='word_1_854' title='bbox 2912 5253 3008 5325; x_wconf 61' lang='grc' dir='ltr'><strong>καί</strong></span> <span class='ocrx_word' id='word_1_855' title='bbox 3033 5269 3270 5339; x_wconf 76' lang='grc' dir='ltr'><strong>πέρατος</strong></span> <span class='ocrx_word' id='word_1_856' title='bbox 3301 5269 3400 5337; x_wconf 82' lang='grc' dir='ltr'><strong>τῆς</strong></span> <span class='ocrx_word' id='word_1_857' title='bbox 3437 5263 3709 5328; x_wconf 86' lang='grc' dir='ltr'><strong>Ἰουδαίας</strong></span> 
     </span>
    </p>
   </div>
   <div class='ocr_carea' id='block_1_115' title="bbox 2115 5346 3711 5439">
    <p class='ocr_par' dir='ltr' id='par_1_115' title="bbox 2115 5346 3711 5439">
     <span class='ocr_line' id='line_1_115' title="bbox 2115 5346 3711 5439; baseline -0.006 -20"><span class='ocrx_word' id='word_1_858' title='bbox 2115 5365 2300 5439; x_wconf 79' lang='grc' dir='ltr'><strong>χώρας</strong></span> <span class='ocrx_word' id='word_1_859' title='bbox 2328 5365 2468 5436; x_wconf 77' lang='grc' dir='ltr'><strong>πρὸς</strong></span> <span class='ocrx_word' id='word_1_860' title='bbox 2492 5346 2564 5418; x_wconf 58' lang='grc' dir='ltr'><strong>’τὸ</strong></span> <span class='ocrx_word' id='word_1_861' title='bbox 2599 5363 2776 5436; x_wconf 80' lang='grc' dir='ltr'><strong>πέρας</strong></span> <span class='ocrx_word' id='word_1_862' title='bbox 2821 5361 2923 5432; x_wconf 76' lang='grc' dir='ltr'><strong>τῆς</strong></span> <span class='ocrx_word' id='word_1_863' title='bbox 2969 5361 3367 5432; x_wconf 80' lang='grc' dir='ltr'><strong>ἀγχιτέρμονος</strong></span> <span class='ocrx_word' id='word_1_864' title='bbox 3408 5358 3552 5430; x_wconf 79' lang='grc' dir='ltr'><strong>αὐτῇ</strong></span> <span class='ocrx_word' id='word_1_865' title='bbox 3600 5357 3711 5410; x_wconf 82' lang='grc' dir='ltr'><strong>Σα-</strong></span> 
     </span>
    </p>
   </div>
   <div class='ocr_carea' id='block_1_116' title="bbox 2121 5450 3706 5532">
    <p class='ocr_par' dir='ltr' id='par_1_116' title="bbox 2121 5450 3706 5532">
     <span class='ocr_line' id='line_1_116' title="bbox 2121 5450 3706 5532; baseline -0.006 -19"><span class='ocrx_word' id='word_1_866' title='bbox 2121 5457 2373 5532; x_wconf 85' lang='grc' dir='ltr'><strong>μαρείας,</strong></span> <span class='ocrx_word' id='word_1_867' title='bbox 2403 5458 2501 5511; x_wconf 67' lang='grc' dir='ltr'><strong>κα)⁸</strong></span> <span class='ocrx_word' id='word_1_868' title='bbox 2537 5455 2608 5510; x_wconf 82' lang='grc' dir='ltr'><strong>τὰ</strong></span> <span class='ocrx_word' id='word_1_869' title='bbox 2657 5454 2838 5511; x_wconf 81' lang='grc' dir='ltr'><strong>τοιάδε</strong></span> <span class='ocrx_word' id='word_1_870' title='bbox 2859 5469 2873 5484; x_wconf 89' lang='grc'><strong>·</strong></span> <span class='ocrx_word' id='word_1_871' title='bbox 2900 5453 2935 5524; x_wconf 76' lang='grc' dir='ltr'>ἢ</span> <span class='ocrx_word' id='word_1_872' title='bbox 2967 5453 3110 5507; x_wconf 84' lang='grc' dir='ltr'><strong>κατὰ</strong></span> <span class='ocrx_word' id='word_1_873' title='bbox 3151 5451 3547 5525; x_wconf 79' lang='grc' dir='ltr'><strong>προαιρετικὴν</strong></span> <span class='ocrx_word' id='word_1_874' title='bbox 3579 5450 3706 5520; x_wconf 75' lang='grc' dir='ltr'><strong>σχέο</strong></span> 
     </span>
    </p>
   </div>
   <div class='ocr_carea' id='block_1_117' title="bbox 2120 5543 3708 5620">
    <p class='ocr_par' dir='ltr' id='par_1_117' title="bbox 2120 5543 3708 5620">
     <span class='ocr_line' id='line_1_117' title="bbox 2120 5543 3708 5620; baseline -0.006 -16"><span class='ocrx_word' id='word_1_875' title='bbox 2120 5569 2226 5614; x_wconf 91' lang='grc' dir='ltr'><strong>σιν,</strong></span> <span class='ocrx_word' id='word_1_876' title='bbox 2259 5550 2336 5614; x_wconf 81' lang='grc' dir='ltr'><strong>ὡς</strong></span> <span class='ocrx_word' id='word_1_877' title='bbox 2385 5550 2416 5604; x_wconf 81' lang='grc' dir='ltr'><strong>ὁ</strong></span> <span class='ocrx_word' id='word_1_878' title='bbox 2458 5549 2782 5620; x_wconf 76' lang='grc' dir='ltr'><strong>φιλόχρυσος</strong></span> <span class='ocrx_word' id='word_1_879' title='bbox 2809 5545 2948 5618; x_wconf 80' lang='grc' dir='ltr'><strong>πρὸς</strong></span> <span class='ocrx_word' id='word_1_880' title='bbox 2974 5545 3068 5599; x_wconf 83' lang='grc' dir='ltr'><strong>τὸν</strong></span> <span class='ocrx_word' id='word_1_881' title='bbox 3105 5544 3329 5616; x_wconf 80' lang='grc' dir='ltr'><strong>χρυσὸν,</strong></span> <span class='ocrx_word' id='word_1_882' title='bbox 3361 5547 3390 5598; x_wconf 84' lang='grc' dir='ltr'>ὁ</span> <span class='ocrx_word' id='word_1_883' title='bbox 3438 5543 3708 5612; x_wconf 72' lang='grc' dir='ltr'><strong>φίλιππος</strong></span> 
     </span>
    </p>
   </div>
   <div class='ocr_carea' id='block_1_118' title="bbox 2120 5634 3704 5715">
    <p class='ocr_par' dir='ltr' id='par_1_118' title="bbox 2120 5634 3704 5715">
     <span class='ocr_line' id='line_1_118' title="bbox 2120 5634 3704 5715; baseline -0.007 -18"><span class='ocrx_word' id='word_1_884' title='bbox 2120 5643 2255 5715; x_wconf 71' lang='grc' dir='ltr'><strong>πρὸς</strong></span> <span class='ocrx_word' id='word_1_885' title='bbox 2281 5643 2410 5707; x_wconf 71' lang='grc' dir='ltr'><strong>τοὺς</strong></span> <span class='ocrx_word' id='word_1_886' title='bbox 2443 5641 2665 5706; x_wconf 81' lang='grc' dir='ltr'><strong>ἵππους,</strong></span> <span class='ocrx_word' id='word_1_887' title='bbox 2699 5641 2796 5695; x_wconf 72' lang='grc' dir='ltr'><strong>καὶ</strong></span> <span class='ocrx_word' id='word_1_888' title='bbox 2832 5640 2862 5694; x_wconf 82' lang='grc' dir='ltr'>ὁ</span> <span class='ocrx_word' id='word_1_889' title='bbox 2888 5638 3172 5711; x_wconf 80' lang='grc' dir='ltr'><strong>φιλήδονος</strong></span> <span class='ocrx_word' id='word_1_890' title='bbox 3197 5639 3335 5710; x_wconf 78' lang='grc' dir='ltr'><strong>πρὸς</strong></span> <span class='ocrx_word' id='word_1_891' title='bbox 3353 5638 3454 5708; x_wconf 77' lang='grc' dir='ltr'><strong>τὴν</strong></span> <span class='ocrx_word' id='word_1_892' title='bbox 3485 5634 3704 5706; x_wconf 75' lang='grc' dir='ltr'><strong>ἡδονὴν,</strong></span> 
     </span>
    </p>
   </div>
   <div class='ocr_carea' id='block_1_119' title="bbox 2121 5727 3708 5806">
    <p class='ocr_par' dir='ltr' id='par_1_119' title="bbox 2121 5727 3708 5806">
     <span class='ocr_line' id='line_1_119' title="bbox 2121 5727 3708 5806; baseline -0.008 -14"><span class='ocrx_word' id='word_1_893' title='bbox 2121 5737 2215 5792; x_wconf 78' lang='grc' dir='ltr'><strong>καὶ</strong></span> <span class='ocrx_word' id='word_1_894' title='bbox 2242 5733 2487 5805; x_wconf 80' lang='grc' dir='ltr'><strong>φιλόθεος</strong></span> <span class='ocrx_word' id='word_1_895' title='bbox 2535 5735 2675 5806; x_wconf 79' lang='grc' dir='ltr'><strong>πρὸς</strong></span> <span class='ocrx_word' id='word_1_896' title='bbox 2713 5733 2807 5787; x_wconf 84' lang='grc' dir='ltr'><strong>τὸν</strong></span> <span class='ocrx_word' id='word_1_897' title='bbox 2842 5731 2998 5799; x_wconf 77' lang='grc' dir='ltr'><strong>Θεὸν,</strong></span> <span class='ocrx_word' id='word_1_898' title='bbox 3033 5732 3126 5785; x_wconf 77' lang='grc' dir='ltr'><strong>καὶ</strong></span> <span class='ocrx_word' id='word_1_899' title='bbox 3163 5731 3233 5784; x_wconf 84' lang='grc' dir='ltr'><strong>τὰ</strong></span> <span class='ocrx_word' id='word_1_900' title='bbox 3275 5732 3457 5800; x_wconf 84' lang='grc' dir='ltr'><strong>ὅμοια·</strong></span> <span class='ocrx_word' id='word_1_901' title='bbox 3489 5728 3524 5799; x_wconf 75' lang='grc' dir='ltr'>ἢ</span> <span class='ocrx_word' id='word_1_902' title='bbox 3559 5727 3708 5780; x_wconf 69' lang='grc' dir='ltr'><strong>κατὰ</strong></span> 
     </span>
    </p>
   </div>
   <div class='ocr_carea' id='block_1_120' title="bbox 2121 5819 3754 5899">
    <p class='ocr_par' dir='ltr' id='par_1_120' title="bbox 2121 5819 3754 5899">
     <span class='ocr_line' id='line_1_120' title="bbox 2121 5819 3754 5899; baseline -0.004 -19"><span class='ocrx_word' id='word_1_903' title='bbox 2121 5826 2307 5899; x_wconf 68' lang='grc' dir='ltr'><strong>σχίσιν</strong></span> <span class='ocrx_word' id='word_1_904' title='bbox 2338 5826 2577 5896; x_wconf 81' lang='grc' dir='ltr'><strong>φυσικήν</strong></span> <span class='ocrx_word' id='word_1_905' title='bbox 2631 5842 2786 5891; x_wconf 83' lang='grc' dir='ltr'><strong>τινα,</strong></span> <span class='ocrx_word' id='word_1_906' title='bbox 2816 5819 2929 5880; x_wconf 73' lang='grc' dir='ltr'><strong>οἷον</strong></span> <span class='ocrx_word' id='word_1_907' title='bbox 2980 5824 3149 5896; x_wconf 75' lang='grc' dir='ltr'><strong>ἡτῶν</strong></span> <span class='ocrx_word' id='word_1_908' title='bbox 3199 5824 3405 5892; x_wconf 81' lang='grc' dir='ltr'><strong>γονέων</strong></span> <span class='ocrx_word' id='word_1_909' title='bbox 3455 5822 3592 5894; x_wconf 79' lang='grc' dir='ltr'><strong>πρὸς</strong></span> <span class='ocrx_word' id='word_1_910' title='bbox 3634 5820 3710 5874; x_wconf 78' lang='grc' dir='ltr'><strong>τά</strong></span> <span class='ocrx_word' id='word_1_911' title='bbox 3743 5845 3754 5853; x_wconf 76' lang='lat'><strong><em>~</em></strong></span> 
     </span>
    </p>
   </div>
   <div class='ocr_carea' id='block_1_121' title="bbox 2121 5914 3704 5990">
    <p class='ocr_par' dir='ltr' id='par_1_121' title="bbox 2121 5914 3704 5990">
     <span class='ocr_line' id='line_1_121' title="bbox 2121 5914 3704 5990; baseline -0.004 -16"><span class='ocrx_word' id='word_1_912' title='bbox 2121 5918 2338 5990; x_wconf 77' lang='grc' dir='ltr'><strong>ὁμοφυῆ</strong></span> <span class='ocrx_word' id='word_1_913' title='bbox 2365 5917 2542 5975; x_wconf 83' lang='grc' dir='ltr'><strong>αὐτῶν</strong></span> <span class='ocrx_word' id='word_1_914' title='bbox 2581 5917 2770 5975; x_wconf 76' lang='grc' dir='ltr'><strong>τέκνα·</strong></span> <span class='ocrx_word' id='word_1_915' title='bbox 2812 5919 2845 5990; x_wconf 77' lang='grc' dir='ltr'>ἦ</span> <span class='ocrx_word' id='word_1_916' title='bbox 2895 5915 3005 5974; x_wconf 78' lang='grc' dir='ltr'><strong>τῶν</strong></span> <span class='ocrx_word' id='word_1_917' title='bbox 3033 5917 3338 5990; x_wconf 80' lang='grc' dir='ltr'><strong>ὁμοουσίων</strong></span> <span class='ocrx_word' id='word_1_918' title='bbox 3375 5914 3704 5990; x_wconf 78' lang='grc' dir='ltr'><strong>ἀνθρώπων,</strong></span> 
     </span>
    </p>
   </div>
  </div>
