4042 6540
350 464 491 528 1633

1270 464 1668 527 ADVERSUS
1706 463 2340 528 NESTORIANOS.—
2369 467 2516 527 LIB.
2552 467 2666 529 ΠΙ.

3490 465 3623 531 1631

340 579 380 649 ἢ
412 576 619 637 ῐππων,
644 572 678 644 ἢ
715 572 889 627 ἀετῶν
915 571 1155 637 πάντων,
1184 570 1263 641 τῷ
1280 572 1427 643 λόγῳ
1446 572 1542 626 τοῦ
1574 570 1736 627 ἀετοῦ
1764 571 1938 632 είδους

2040 571 2248 642 quippe
2269 571 2364 642 qui
2394 588 2565 627 unum
2590 573 2695 649 sub
2715 572 2935 630 ratione
2958 572 3163 646 speciei
3195 573 3395 645 aquila:
3422 574 3627 629 eﬂieiat

337 666 404 722 ἓν
443 663 676 721 ποιοῦσα
711 666 780 719 τά
809 664 932 718 κατ’
974 663 1136 718 αὑτὸν
1168 664 1347 718 πάντα
1378 664 1579 734 ἄτομα,
1625 666 1828 733 φυσικῇ
1862 664 1930 733 τῇ

340 758 647 831 ὁμοιότητι*
700 757 735 829 ἢ
776 757 853 822 ὡς
896 757 1103 821 εἰκόνος
1147 756 1289 829 πρὸς
1340 756 1402 810 τὸ
1430 756 1761 828 ἀρχέτυπον
1794 754 1826 828 ἢ
1863 757 1932 827 τῇ

340 851 626 923 ὁμοιότητι
655 851 817 906 πάλιν
848 851 943 905 καὶ
967 850 1141 922 αὐτὴν
1171 850 1435 905 συνάπτει
1466 850 1530 904 τὸ
1557 850 1616 904 ὲν
1651 850 1933 922 ἑκατέροις

341 940 505 1008 εἶδος⁶
542 944 591 997 εί
638 938 739 1013 μὲν
758 942 853 997 οὖν
882 944 1024 997 κατά
1054 941 1362 1015 παράθεσιν
1397 944 1631 1012 τοπικήν
1661 959 1800 1012 φατε
1832 942 1935 1013 τὴν

341 1035 540 1090 ἕνωσιν
564 1034 659 1087 τοῦ
695 1035 871 1103 Λόγου
911 1033 1048 1105 πρὸς
1077 1034 1169 1088 τὸν
1207 1033 1464 1105 Χριστὸν.
1501 1035 1661 1104 σῶμά
1688 1052 1747 1088 τε
1775 1037 1804 1089 ὁ
1831 1034 1935 1089 Λόο

344 1142 444 1196 γος
476 1127 505 1180 ὁ
553 1126 718 1190 θεῖος.
754 1127 847 1180 καὶ
881 1126 1097 1196 ὁρατὸς,
1144 1128 1239 1179 καὶ
1280 1128 1471 1190 ἁπτὸς,
1524 1128 1617 1180 καὶ¹
1667 1128 1726 1180 ὲν
1758 1129 1930 1198 τόπῳ,

345 1218 445 1273 καὶ⁸
477 1217 874 1291 περιγραπτὸς,
924 1219 1018 1272 καὶ
1049 1218 1118 1272 τὰ
1147 1217 1311 1273 λοιπά
1358 1220 1559 1274 ἀτοπαο
1590 1221 1639 1273 εί
1680 1220 1737 1274 δὲ
1791 1220 1934 1276 κατά

347 1309 746 1380 προαιρετικὴν
799 1311 1007 1381 σχέσιν,
1049 1311 1111 1365 οὐ
1165 1311 1409 1384 Χριστοῦ
1451 1314 1614 1383 μόνου
1656 1316 1795 1386 πρὸς
1840 1316 1932 1369 τὸν

344 1404 479 1457 Θεὸν
506 1406 540 1473 ἡ
578 1403 795 1471 ἓνωσις,
828 1404 964 1458 ἀλλά
994 1406 1089 1459 καὶ
1114 1406 1297 1475 ,Ἅϐελ
1342 1406 1439 1460 καὶ
1480 1407 1651 1480 Ἑνὼχ
1680 1409 1777 1463 καὶ
1806 1408 1932 1463 Νῶε

344 1495 443 1550 καὶ
482 1495 734 1567 ’Δϐραάμ
764 1496 861 1551 καὶ
902 1495 1089 1550 Ἰσαὰκ
1121 1497 1215 1552 καὶ
1261 1496 1478 1564 Ἰακὼϐ,
1502 1500 1805 1566 Μωῠσὲως,
1838 1501 1933 1555 καὶ

345 1586 625 1657 Σαμουὴλ,
655 1589 751 1641 καὶ
785 1587 971 1652 Δαϐὶδ,
1006 1589 1100 1643 καὶ
1140 1588 1430 1660 Ἰερεμίου,
1465 1593 1561 1646 καὶ⁵
1598 1592 1707 1647 τῶν
1729 1592 1933 1649 λοιπῶν

347 1679 610 1751 Πατέρων
665 1681 759 1733 καὶ
822 1681 1182 1753 πατριαρχῶν
1232 1683 1330 1736 καὶ
1357 1684 1657 1755 προφητῶν
1713 1686 1932 1740 πάντων

343 1771 453 1826 τῶν
507 1771 698 1843 μέχρις
748 1771 996 1827 Ἰωάννου
1033 1772 1128 1827 τοῦ
1172 1773 1501 1841 Βαπτιστοῦ,
1543 1776 1638 1830 καὶ
1684 1777 1795 1831 τῶν
1825 1778 1933 1833 ἀπὸ

358 1865 633 1931 Ἰωάννου,
665 1866 763 1919 καὶ
796 1865 957 1938 μέχρι
990 1864 1086 1921 τοῦ
1136 1867 1233 1920 νῦν
1272 1868 1760 1940 εύαρεστησάντων
1786 1872 1928 1944 Θεῷο

343 1959 404 2011 ού
445 1958 558 2031 γὰρ
586 1958 802 2030 εἴρηται
834 1937 961 2027 περὶ
988 1960 1105 2024 ἐνὸς
1136 1959 1320 2031 μόνου,
1360 1937 1475 2015 ἀλλ’
1521 1937 1604 2017 ότι
1656 1982 1675 2017 ι
1710 1937 1935 2019 Εύδοκέἶ
1966 1937 2007 1991 Β

347 2051 551 2124 Κύριος
574 2053 632 2106 ὲν
657 2054 766 2115 τοῖς
796 2052 1152 2124 φοϐουμένοις
1180 2054 1365 2121 αὐτὸν,
1390 2055 1450 2108 ὲν
1480 2056 1615 2116 πᾶσι
1635 2058 1748 2120 τοῖς
1777 2057 1930 2111 ἑλπί-

347 2142 539 2208 ζουσιν
588 2144 681 2196 ἐπὶ
730 2144 791 2197 τὸ
851 2143 1000 2207 ἔλεος
1069 2143 1257 2199 αὑτοῦ.
1307 2165 1325 2197 ι
1400 2145 1530 2207 Καὶ,
1602 2164 1622 2197 ι
1660 2146 1776 2200 Οὐκ
1817 2149 1933 2202 ἐστι

346 2235 785 2308 προσωποληψία
821 2236 975 2308 παρά
1012 2235 1089 2308 τῷ
1128 2237 1269 2310 Θεῷ,
1308 2257 1328 2292 ι
1367 2239 1481 2293 ἀλλ’
1508 2240 1567 2293 ὲν
1595 2242 1759 2294 παντὶ
1789 2239 1932 2295 ἔθνει

342 2328 373 2379 ό
409 2326 745 2399 φοϐούμενος
777 2328 939 2384 αὑτὸν
993 2332 1088 2383 καὶ
1139 2330 1509 2402 ἐργαζόμενος
1549 2332 1929 2405 δικαιοσύνην,

342 2417 534 2484 δεκτὸς
561 2420 711 2491 αὺτῷ
756 2422 898 2477 ἐστι·
939 2422 1109 2493 σαφὲς
1138 2424 1251 2490 οὖν,
1287 2424 1363 2488 ὡς
1394 2425 1516 2479 οὐδὲ
1550 2429 1616 2480 ὲκ
1646 2425 1810 2497 τῆσδε
1831 2427 1933 2498 τῆς

346 2514 618 2580 δνώσεως,
641 2517 793 2572 οὐδὲν
830 2519 995 2574 πλέον
1032 2521 1098 2575 ὲκ
1125 2521 1234 2574 τῶν
1276 2520 1417 2592 ὑπὲρ
1448 2523 1575 2585 τοὺς
1609 2522 1705 2575 ἀπ’
1733 2521 1932 2586 αἰῶνος

345 2605 547 2677 ἄνδρας
579 2608 875 2677 θεοφόϐους
921 2612 1015 2667 καὶ
1067 2612 1333 2681 ἀγγέλους
1387 2612 1541 2667 ἔσται
1574 2612 1837 2683 Χριστοῦο
1866 2612 1928 2668 οὐ

345 2698 575 2753 δύνασθε
611 2700 704 2754 οὖν
747 2702 930 2771 λέγειν
972 2705 1055 2760 ὅτι
1090 2702 1379 2771 ἐξελέξατο
1419 2707 1583 2760 αὐτὸν
1625 2708 1787 2777 μόνον
1820 2706 1932 2761 ἀπὸ

349 2793 569 2847 πάντων
600 2794 814 2867 ὁρατῶν
858 2799 953 2851 καὶ
986 2799 1257 2869 ἀοράτων·
1296 2800 1392 2854 καὶ
1430 2802 1513 2856 ὅτι
1543 2802 1684 2872 ὑπὲρ
1717 2801 1932 2866 πάντας

343 2884 573 2955 ⁴Ιγξίωται
633 2890 802 2959 τιμῆς
848 2906 994 2954 τινος
1033 2891 1066 2962 ἢ
1114 2889 1361 2958 ἐνὼσεως
1409 2893 1442 2965 ἢ
1477 2893 1725 2966 υίότητος
1758 2895 1790 2965 ἧ
1830 2895 1930 2966 χά-

350 2994 499 3049 ριτος
532 2979 598 3033 ὲκ
634 2980 736 3050 τῆς
760 2984 1020 3053 τοιαύτης
1056 2971 1325 3047 ὲνὼσεως.
1805 3014 1822 3029 ο

417 3070 482 3124 Ei
510 3070 566 3124 δὲ
596 3072 657 3125 οὐ
695 3071 921 3143 ταύτην,
955 3072 1093 3128 ἀλλά
1126 3073 1226 3147 τὴν
1260 3074 1403 3128 κατὰ
1458 3075 1642 3147 σχέσιν
1693 3076 1930 3148 φυσικὴν

347 3163 534 3231 λέγετε
580 3165 776 3220 ἕνωσιν
829 3166 925 3222 τοῦ
962 3168 1139 3238 Λόγου
1179 3169 1318 3240 πρὸς
1358 3169 1449 3222 τὸν
1504 3170 1760 3241 Χριστὸν,
1807 3173 1929 3225 ἐπεὶ

2036 662 2184 732 apud
2223 662 2397 733 ipsam
2426 648 2611 719 omnia
2657 665 3041 732 indivisibilia,
3084 668 3323 722 naturali
3365 667 3627 721 similitu-

2035 754 2202 814 dine:
2245 766 2342 811 aut
2372 766 2433 811 ιιι
2463 756 2689 813 habitus
2718 758 2977 830 imaginis
3007 759 3073 814 ad
3103 759 3501 831 archetypum:
3528 757 3624 828 qui

2035 848 2400 903 similitudine
2427 849 2629 904 iterum
2660 859 2719 905 et
2746 850 2918 920 ipsam
2945 860 3168 922 coaptat
3200 853 3253 907 in
3287 866 3626 921 unoquoque

2034 940 2299 1012 speciem.
2330 942 2386 996 Si
2412 941 2582 1013 igitur
2613 943 2835 1013 quidem
2874 944 3181 999 secundum
3214 943 3624 1015 appositionem

2036 1035 2269 1090 iocalem
2305 1035 2495 1093 dicitis
2544 1037 2661 1092 fieri
2702 1039 2966 1093 unionem
3016 1038 3184 1093 Verbi
3222 1054 3347 1093 cum
3374 1039 3621 1099 Christo.

2035 1143 2346 1201 corpusque
2396 1143 2481 1185 est
2512 1130 2749 1187 Verbum
2778 1130 3051 1195 divinum,
3086 1140 3142 1185 et
3181 1131 3356 1186 videri
3387 1140 3444 1186 et
3475 1130 3624 1198 tangi

2034 1227 2238 1289 potest,
2256 1230 2313 1276 et
2332 1221 2386 1275 in
2408 1222 2533 1276 loco
2555 1230 2830 1287 versatur,
2853 1230 2909 1276 et
2924 1221 3220 1277 limitatum
3234 1230 3341 1287 est,
3362 1229 3626 1276 etczetera

2034 1313 2313 1368 absurda:
2363 1314 2407 1369 si
2457 1330 2591 1369 vero
2640 1313 2949 1369 secundum
3004 1314 3257 1369 habitum
3312 1312 3627 1369 voluntarie

2031 1401 2293 1468 electum,
2317 1420 2427 1459 non
2460 1403 2665 1461 Christi
2696 1403 2870 1459 solius
2897 1419 3022 1459 cum
3069 1404 3183 1459 Deo
3211 1404 3347 1459 unio
3370 1403 3499 1467 erit,
3526 1388 3625 1457 sed

2033 1503 2091 1549 et
2118 1495 2256 1551 Abel
2286 1504 2341 1552 et
2387 1496 2612 1552 Henoch
2648 1506 2705 1553 et
2748 1498 2867 1553 Noe
2900 1506 2956 1554 et
2984 1498 3265 1554 Abraham
3296 1506 3352 1553 et
3387 1496 3541 1552 Isaac
3569 1502 3626 1550 et

2031 1591 2226 1655 Iacob,
2250 1592 2453 1663 Moysis
2490 1602 2545 1648 et
2573 1592 2816 1658 Samuel,
2849 1602 2906 1649 et
2936 1593 3131 1657 David,
3174 1602 3231 1648 et
3271 1592 3545 1658 Jeremize,
3566 1597 3625 1652 et

2031 1693 2360 1739 ceterorum
2378 1684 2608 1740 Patrum
2630 1693 2687 1739 et
2707 1686 3154 1756 patriarcharum
3174 1685 3424 1740 omnium
3446 1703 3624 1759 usque

2032 1776 2101 1830 ad
2155 1777 2425 1832 Joannem
2474 1777 2798 1847 Baptistam,
2857 1788 2915 1833 et
2957 1794 3151 1833 eorum
3183 1778 3278 1848 qui
3324 1795 3354 1832 a
3410 1779 3623 1836 Joanne

2039 1882 2215 1937 usque
2249 1866 2317 1920 ad
2350 1866 2404 1921 id
2452 1866 2721 1937 temporis
2759 1868 3216 1937 complacuerunt
3242 1867 3298 1922 in
3330 1869 3443 1923 Deo
3470 1885 3484 1923 :
3510 1884 3629 1924 non

2035 1960 2184 2015 enim
2208 1958 2418 2014 dictum
2460 1967 2546 2015 est
2586 1960 2655 2015 de
2702 1974 2814 2015 uno
2844 1960 2999 2015 solo:
3040 1980 3059 2012 ι
3097 1960 3508 2030 Beneplacitum
3538 1971 3624 2017 cst

2035 2052 2269 2108 Domino
2291 2070 2459 2124 super
2489 2054 2756 2109 timentes
2781 2069 2932 2121 eum.
2964 2062 3020 2108 et
3047 2054 3101 2107 in
3127 2054 3210 2108 eis
3254 2058 3348 2123 qui
3392 2062 3625 2125 sperant

2035 2160 2204 2217 super
2228 2145 2610 2201 misericordia
2640 2146 2761 2216 eius
2778 2146 2853 2211 “;
2894 2164 2912 2195 ι
2948 2154 3041 2199 et:
3074 2165 3092 2197 ι
3134 2146 3253 2201 Non
3298 2155 3384 2201 est
3435 2163 3628 2216 perso-

2034 2254 2229 2293 narum
2262 2239 2517 2309 acceptio
2541 2239 2686 2309 apud
2716 2239 2888 2293 Deum
2909 2239 2980 2303 '°,
3006 2237 3102 2293 sed
3135 2238 3191 2293 in
3223 2239 3375 2293 omni
3396 2239 3622 2296 natione

2035 2330 2241 2387 timens
2263 2347 2389 2387 eum
2432 2342 2489 2387 et
2511 2333 2702 2388 colens
2728 2332 3002 2403 justitiam
3028 2333 3130 2403 ipsi
3160 2342 3424 2404 acceptus
3445 2342 3565 2390 est:
3596 2354 3615 2388 ι

2033 2423 2388 2479 manifestum
2463 2424 2632 2496 igitur
2681 2423 2831 2494 quod
2886 2439 3070 2494 neque
3113 2439 3179 2479 ex
3234 2425 3339 2481 hac
3391 2427 3624 2492 unione,

2032 2516 2173 2571 nihil
2200 2517 2436 2588 amplius
2458 2534 2525 2573 ex
2548 2517 2670 2573 istis
2691 2532 2860 2588 super
2885 2516 3141 2572 homines
3159 2517 3228 2573 ab
3246 2519 3395 2573 omni
3421 2518 3624 2574 saeculo

2031 2610 2295 2665 timentes
2317 2612 2487 2665 Deum
2510 2625 2565 2665 ei.
2584 2610 2809 2681 angelos
2835 2610 2941 2665 erit
2965 2609 3219 2665 Christo:
3251 2627 3363 2665 non
3390 2609 3652 2682 potestis,

2034 2701 2207 2773 igitur
2229 2702 2453 2767 dicere;
2485 2702 2652 2773 elegit
2692 2702 2872 2772 ipsum
2899 2702 3079 2758 solum
3111 2703 3181 2758 ab
3204 2703 3465 2758 omnibus
3487 2702 3626 2758 visi-

2031 2796 2238 2852 bilibus
2278 2803 2335 2850 et
2379 2792 2790 2849 invisibilibus:
2835 2804 2913 2859 et,
2960 2808 3132 2865 supra
3176 2810 3372 2850 omnes
3426 2796 3626 2867 dignus

2033 2888 2260 2944 habitus
2285 2895 2370 2942 est
2396 2886 2630 2940 honoris
2668 2885 2904 2957 alicujus
2953 2894 3051 2940 aut
3100 2886 3323 2943 unionis
3356 2896 3453 2943 aut
3484 2887 3627 2943 lilia-

2035 2980 2207 3035 tionis
2236 2987 2333 3033 aut
2358 2977 2549 3048 gratia:
2576 2993 2644 3032 ex
2675 2976 2771 3031 tali
2805 2979 3034 3033 unione.

2102 3070 2160 3127 Si
2191 3086 2325 3125 vero
2360 3086 2473 3125 non
2505 3070 2676 3133 illam,
2703 3068 2801 3124 sed
2834 3056 3144 3125 seCundum
3173 3070 3424 3126 habitum
3461 3081 3625 3127 natu-

2033 3163 2203 3218 ralem
2243 3162 2493 3219 asseritis
2534 3162 2799 3217 unionem
2844 3161 3012 3218 Verbi
3044 3177 3168 3217 cum
3198 3162 3423 3219 Christo
3450 3205 3465 3230 ,
3498 3182 3627 3220 cum

348 3259 487 3331 αὕτη
515 3260 573 3314 ὲν
610 3264 722 3326 τοῖς
747 3261 1057 3332 όμοουσίοις
1110 3264 1325 3332 ὁρᾶταιο
1375 3263 1487 3316 πᾶν
1541 3262 1650 3333 γάρ
1700 3264 1836 3329 ζῶον
1875 3268 1934 3321 τὸ

2040 3255 2157 3327 ipsa
2208 3255 2264 3310 in
2303 3254 2876 3310 consubstantialibus
2908 3255 3166 3310 videatur
3215 3273 3229 3310 :
3276 3273 3439 3313 omne
3473 3259 3627 3316 enim

346 3351 535 3423 ὅμοιον
568 3353 780 3426 ἀγαπᾷ,
811 3354 872 3407 ού
903 3353 966 3409 τὸ
996 3354 1071 3426 μὴ
1121 3354 1328 3425 ὅμοιονο
1370 3354 1404 3424 ἢ
1437 3356 1581 3410 κατά
1608 3374 1762 3418 τινας
1796 3375 1934 3431 συμ-

348 3443 670 3514 ϐεϐηκώσας
694 3444 867 3500 ’τινῶν
904 3447 1255 3519 ὁμοιότητας,
1298 3447 1456 3518 δῆλον
1502 3448 1644 3521 ὡςῆ
1698 3451 1842 3507 κατά
1881 3469 1934 3506 τι

349 3536 697 3611 συμϐεϐηκὸς
718 3540 905 3610 ὅμοιον
932 3540 1022 3593 τὸν
1042 3540 1216 3611 Λόγον
1238 3542 1460 3615 Χριστῷ
1486 3539 1624 3617 εἶναί
1651 3562 1807 3613 φατε,
1840 3547 1937 3600 καὶ

347 3630 409 3684 ού
438 3629 570 3694 Θεὸς
600 3632 753 3693 ἔσται
786 3632 817 3685 ὁ
849 3632 1022 3701 Λόγος
1049 3633 1208 3707 οὐσία
1242 3636 1335 3688 καὶ
1360 3631 1790 3707 συμϐεϐηκόσιν
1835 3640 1937 3708 ὐφ-

353 3720 531 3787 εστὼς
572 3724 632 3776 τὸ
678 3724 809 3778 ῐὸιον
836 3726 1147 3797 πρόσωπον·
1174 3726 1207 3796 ἢ
1251 3728 1373 3780 κατ’
1404 3728 1615 3793 οὐσίαν,
1651 3732 1745 3784 καὶ
1775 3731 1936 3802 δῆλον

347 3811 424 3876 ὡς
475 3813 508 3886 ἢ
553 3813 645 3868 τὸν
677 3815 850 3884 Λόγον
880 3816 1063 3886 σάρκα
1094 3819 1210 3872 ῐστε
1243 3818 1463 3891 ὁμοφυῆ
1494 3824 1561 3894 τῇ
1589 3823 1748 3893 σαρκὶ
1780 3823 1932 3889 ὄντα,

350 3904 448 3958 καὶ
492 3904 670 3960 λείπει
719 3907 848 3978 ὑμῖν
883 3909 916 3977 ἡ
949 3907 1069 3962 θεία
1098 3909 1272 3982 Τριάς
1312 3911 1394 3965 ένὶ
1426 3911 1725 3985 προσώπῳο
1770 3915 1804 3989 ἢ
1841 3916 1937 3971 καὶ

348 3997 449 4070 τὴν
480 3999 679 4071 σάρκα,
710 3998 845 4055 Θεὸν
888 4001 1175 4072 όμοούσιον
1221 4002 1318 4058 τοῦ
1376 4004 1554 4075 Λόγου
1595 4004 1795 4072 οἴεσθε,
1842 4005 1936 4062 καὶ

352 4094 663 4165 περιττεύει
715 4095 844 4166 ὑμῖν
876 4096 910 4168 ἡ
941 4095 1074 4165 ἀγία
1130 4096 1300 4166 Τριάς
1361 4100 1461 4172 μιᾷ
1503 4099 1822 4155 ὑποστάσειο
1876 4101 1936 4168 ἐξ

350 4186 598 4258 ἀνάγκης
625 4186 719 4243 οὖν
753 4187 921 4245 δυάδα
953 4188 988 4260 ἢ
1039 4190 1277 4262 τετράδα
1325 4195 1706 4262 προσκυνεῖτε’
1751 4193 1852 4264 τὴν
1878 4192 1937 4247 δὲ

350 4279 514 4348 ἁγίαν
547 4280 777 4351 Τριάδα,
813 4281 1034 4348 πάντως
1060 4284 1534 4356 παραχαράττετεο
1566 4286 1615 4339 εί
1644 4284 1702 4340 δὲ
1728 4284 1937 4340 τούτων

351 4369 458 4423 τῶν
498 4372 746 4427 ὲνώσεων
795 4374 1054 4445 οὐδεμίαν
1088 4375 1458 4448 καταδέχεσθε
1511 4376 1692 4447 λέγειν
1741 4377 1830 4433 διά
1867 4377 1935 4431 τά

351 4461 551 4529 ἄτοπα,
575 4464 698 4518 οὐδὲ
725 4465 825 4537 τὴν
862 4468 1004 4521 κατὰ
1047 4468 1297 4523 σύνθεσιν
1343 4469 1535 4524 ἕνωσιν
1564 4470 1654 4526 διὰ
1697 4469 1767 4524 τὰ
1795 4470 1932 4541 ὑμέ-

350 4572 484 4626 τερα
511 4557 781 4625 δόγματα·
814 4560 863 4612 εί
897 4560 975 4627 δὲ,
1018 4562 1095 4626 ὡς
1141 4562 1479 4634 ὁμολογεῖτε,
1505 4563 1622 4627 πῶς
1650 4563 1832 4633 λέγειν
1856 4564 1937 4618 δο-

2037 3348 2239 3405 animal
2273 3347 2453 3403 simile
2483 3347 2590 3401 sibi
2633 3358 2779 3402 amat
2807 3348 2876 3413 ⁸³,
2906 3363 3017 3404 non
3055 3347 3325 3405 dissimile
3362 3368 3377 3405 :
3415 3361 3512 3406 aut
3541 3367 3631 3408 se-

2036 3440 2279 3496 cundum
2332 3439 2597 3511 quasdam
2649 3439 2964 3496 accidentes
3011 3441 3378 3512 quorumdam
3427 3443 3631 3499 simili-

2036 3533 2279 3593 tudines.
2314 3532 2546 3588 evidens
2576 3532 2723 3603 quod
2771 3533 3078 3589 secundum
3125 3534 3335 3605 aliquid
3372 3537 3632 3595 accidens

2036 3625 2215 3681 simile
2245 3624 2487 3680 Verbum
2534 3624 2758 3680 Christo
2792 3640 2914 3680 esse
2962 3625 3183 3688 dicitis,
3233 3633 3290 3681 et
3326 3643 3436 3682 non
3481 3628 3635 3686 Deus

2036 3717 2144 3773 erit
2175 3717 2419 3773 Verbum
2470 3716 2781 3772 substantia
2825 3727 2881 3771 et
2924 3717 3310 3773 accidentibus
3342 3721 3631 3790 supposita

2036 3810 2261 3880 propria
2309 3822 2547 3879 persona
2579 3827 2593 3864 :
2628 3817 2725 3865 aut
2773 3809 3082 3864 secundum
3129 3810 3492 3867 substantiam
3516 3854 3531 3879 ,
3568 3823 3626 3868 et

2036 3902 2265 3957 evidens
2296 3902 2445 3973 quod
2486 3902 2730 3957 Verbum
2758 3917 2983 3957 carnem
3020 3904 3229 3973 putatis
3262 3920 3383 3960 esse
3429 3917 3631 3963 natura

2036 3994 2191 4050 carni
2222 3994 2427 4059 simile,
2458 4003 2515 4050 et
2545 3993 2702 4049 deest
2736 3993 2896 4049 vobis
2923 3992 3111 4048 divina
3138 3992 3382 4050 Trinitas
3414 3995 3467 4049 in
3500 4012 3628 4066 per-
3662 4008 3665 4015 '

2037 4103 2172 4143 sona
2202 4105 2215 4141 :
2249 4096 2346 4142 aut
2390 4102 2635 4150 carnem,
2674 4086 2845 4141 Deum
2881 4085 3412 4140 consubstantialem
3442 4087 3633 4143 Verbo

2036 4181 2407 4246 existimatis,
2453 4192 2512 4236 et
2552 4188 2807 4250 superest
2850 4179 3010 4234 vobis
3058 4189 3246 4235 sancta
3276 4180 3520 4236 Trinitas
3570 4181 3632 4241 in

2037 4290 2147 4330 una
2177 4273 2460 4345 hypostasi
2504 4289 2518 4327 :
2559 4272 2877 4329 necessario
2917 4271 3086 4342 igitur
3112 4272 3285 4327 Deum
3318 4272 3374 4327 in
3407 4272 3632 4345 duabus

2036 4375 2134 4422 aut
2160 4375 2400 4437 quatuor
2429 4365 2680 4436 personis
2710 4364 2959 4423 adoratis
2993 4381 3007 4419 :
3042 4372 3289 4419 sanctam
3339 4380 3473 4420 vero
3499 4364 3625 4419 Tri-

2038 4458 2268 4515 nitatem
2301 4458 2530 4514 omnino
2574 4456 2789 4512 vitiatis
2825 4472 2836 4508 :
2874 4456 2921 4511 si
2966 4467 3153 4512 autem
3205 4456 3411 4510 nullam
3443 4473 3510 4512 ex
3537 4457 3633 4513 his

2039 4551 2342 4607 unionibus
2383 4565 2506 4605 esse
2562 4548 2868 4604 admittatis
2914 4555 3142 4618 propter
3188 4547 3467 4615 absurda,
3522 4566 3627 4606 nec

352 4650 498 4704 κείτε
537 4651 633 4703 ἐπὶ
667 4651 759 4705 τοῦ
804 4652 980 4719 Λόγου
1024 4654 1121 4709 καὶ
1162 4657 1259 4725 τῆς
1315 4656 1517 4726 σαρκὸς
1559 4657 1793 4723 ἕνωσιν,
1827 4657 1933 4711 πά-

2039 4642 2347 4698 secundnm
2377 4641 2836 4713 compositionem
2882 4638 3147 4694 unionem
3188 4648 3413 4711 propter
3442 4652 3630 4701 vestra

353 4756 454 4811 σης
510 4740 759 4807 ἑνώσεως
813 4746 1014 4815 τρόπον
1085 4746 1493 4819 ἀπαρνούμενοι
1550 4749 1609 4801 ὲν
1676 4749 1928 4816 ἑαυτοτςς

348 4831 547 4887 οὐκοῦν
570 4832 730 4906 δῆλον
751 4834 998 4905 γέγονεν,
1032 4839 1108 4903 ὡς
1133 4840 1417 4912 μόρφωσιν
1447 4841 1735 4907 εὐσεϐείας
1773 4843 1933 4915 μόνον

351 4923 715 4999 ὑποκρίνεσθε
741 4967 756 4993 ,
792 4927 891 5001 τὴν
917 4929 1147 5003 δύναμιν
1179 4933 1351 5003 αὐτῆς
1382 4935 1681 5007 ἠρνημένοι
1709 4936 1770 4989 τὸ
1812 4935 1935 4989 σύν-

349 5016 491 5071 ολοψ
517 5022 613 5073 καὶ
641 5020 752 5094 γὰρ
775 5020 840 5093 δὴ
862 5024 958 5077 καὶ
1000 5026 1058 5079 ὲν
1083 5028 1199 5090 τοῖς
1224 5026 1374 5098 ἑξῆς,
1414 5029 1610 5083 τοιοίδε
1645 5029 1932 5101 ἐλέγχεσθε

352 5112 433 5174 είς
462 5113 771 5185 φανέρωσιν
796 5115 890 5169 τοῦ
919 5117 1093 5187 Λόγου
1136 5118 1342 5189 ταύτην
1382 5119 1633 5189 λέγοντες
1662 5116 1802 5176 εἶναι
1835 5120 1934 5194 τὴν

354 5207 566 5274 ἕνωσιν,
590 5210 684 5264 καὶ
699 5210 779 5274 εἰς
795 5212 1088 5284 πρόσωπον
1116 5213 1216 5268 ούκ
1246 5208 1362 5267 οἶδα
1393 5213 1509 5276 πῶς
1532 5213 1933 5278 ἀποκαλοῦντες

353 5303 547 5375 αὑτήν.
566 5303 809 5377 Τῷχάρ,
830 5308 984 5377 φησὶ,
1009 5306 1070 5361 τὸ
1091 5308 1381 5379 πρόσωπον
1404 5308 1624 5379 ἐπέχειν
1644 5307 1738 5363 τοῦ
1759 5308 1933 5379 Λόγου

354 5394 443 5448 τὸν
468 5394 725 5468 Χριστόν,
758 5397 963 5469 ταύτην
996 5398 1178 5471 ἴσμεν.

439 5662 602 5730 Ἀλλ’,
633 5658 679 5717 ὣ
713 5662 963 5732 σοφισταὶ
1002 5664 1098 5720 καὶ
1125 5666 1188 5720 οὐ
1213 5664 1391 5735 σοφοὶ,
1416 5662 1559 5734 τάχα
1589 5662 1647 5717 δὲ
1675 5662 1770 5716 καλ¹
1801 5660 1937 5732 πρὸς

355 5756 515 5813 τοῦτο
558 5757 852 5828 ἀδόκιμοι·
900 5757 997 5827 οὐχ
1043 5755 1216 5821 οὕτως
1262 5758 1409 5835 ἐστὶν
1444 5758 1476 5826 ὴ
1509 5758 1589 5819 είς
1640 5755 1935 5826 πρόσωπον

425 5938 469 5972 δ’
498 5938 639 5996 Psal.
678 5954 853 6005 cxtvt,
890 5938 977 6017 ii.

2040 4734 2315 4805 dogmata.
2371 4732 2463 4797 Si,
2497 4740 2558 4787 ut
2604 4725 2951 4795 convenitis,
2993 4730 3182 4800 aliquo
3236 4730 3402 4786 modo
3441 4732 3631 4790 dicere

2040 4826 2304 4882 videmini
2342 4826 2411 4881 de
2434 4824 2603 4881 Verbi
2633 4832 2691 4879 et
2717 4823 2903 4879 carnis
2933 4822 3137 4879 unione
3159 4863 3175 4888 ,
3202 4839 3422 4879 omnem
3461 4826 3627 4880 unio-

2040 4920 2130 4977 nis
2182 4919 2423 4991 speciem
2473 4917 2793 4990 reiicientes
2847 4916 2903 4970 in
2953 4914 3405 4986 vobismetipsis;
3456 4916 3631 4989 igitur

2039 5013 2269 5069 evidens
2311 5012 2517 5067 factum
2557 5020 2641 5065 est
2664 5049 2678 5071 ,
2707 5009 2854 5080 quod
2904 5008 3137 5062 formam
3173 5009 3394 5080 pietatis
3418 5011 3627 5065 virtute

2042 5106 2216 5178 ipsius
2245 5119 2476 5176 prorsus
2504 5102 2802 5172 denegata,
2835 5108 3049 5155 tantum
3081 5099 3339 5171 eﬂingitis
3369 5119 3383 5153 :
3415 5102 3625 5157 etenim

2042 5208 2193 5254 certe
2233 5206 2290 5253 et
2325 5195 2637 5252 successive
2660 5193 2952 5266 probatum
2987 5203 3072 5249 est
3108 5209 3210 5248 vos
3241 5192 3429 5247 dicere
3459 5193 3623 5248 istam

2043 5292 2305 5346 unionem
2331 5304 2452 5345 esse
2475 5287 2544 5342 ad
2572 5285 3077 5341 inanifeslationcm
3108 5285 3293 5351 Verbi,
3316 5286 3411 5340 sed
3439 5286 3621 5357 quoad

2032 5396 2326 5455 personam
2370 5380 2559 5435 nescio
2610 5378 2890 5449 quomodo
2929 5393 3051 5432 eam
3103 5376 3441 5447 appelletis:
3490 5393 3622 5447 pro-

2032 5481 2227 5545 pterea
2254 5471 2402 5543 quod
2432 5471 2580 5526 enim
2611 5485 2903 5541 personam
2929 5470 3132 5525 retinet
3155 5468 3322 5524 Verbi
3342 5467 3619 5536 Christus,

2034 5566 2198 5622 istam
2224 5564 2504 5620 novimus.

2104 5659 2209 5716 Sed
2237 5700 2251 5725 ,
2280 5674 2314 5712 o
2341 5657 2603 5729 sophistae
2628 5665 2685 5713 et
2714 5674 2825 5713 non
2861 5656 3163 5728 sapientes,
3189 5671 3317 5711 mox
3350 5664 3533 5712 autem
3567 5664 3625 5711 et

2033 5762 2261 5825 propter
2311 5751 2418 5805 hoc
2470 5750 2699 5821 reprobi
2751 5767 2766 5804 :
2823 5766 2935 5806 non
2982 5750 3063 5805 ita
3108 5757 3197 5805 est
3226 5748 3282 5802 in
3326 5760 3623 5821 personam

1085 5939 1131 5978 ⁸ς⁶
1159 5939 1318 5995 Deut.
1348 5954 1457 6004 xvi,
1501 5936 1599 6004 l9;
1654 5934 1814 5991 Rom.
1846 5949 1908 5999 ιι,
1942 5932 2029 5988 Η.
2094 5932 2137 5963 ⁸¹
2172 5929 2344 5989 Eccli.
2368 5946 2484 5998 xm,
2517 5930 2606 5988 i9.
