4006 6546
452 467 588 534 1635

1684 469 1994 532 LEONTII
2030 468 2347 539 ΒῩΖΛΝΤΙ
2354 474 2438 536 NI

3572 490 3725 555 1636

444 581 579 636 unio
626 595 641 635 :
693 578 840 636 sient
876 577 1026 636 enim
1067 579 1123 635 in
1156 577 1604 664 commistionem
1636 582 1772 637 unio
1796 622 1812 645 ,
1866 596 2023 638 com-

2132 582 2570 675 Evmatg'idmrrep
2604 591 2714 662 γὰρ
2759 592 2794 664 ἡ
2847 592 2928 659 είς
2981 593 3181 669 φύρσιν
3228 597 3462 665 ἓνωσις,
3507 602 3723 675 φύρσιν

443 674 760 729 mistionem
808 671 974 735 facit,
1004 680 1068 726 ιιι
1101 687 1282 742 poscat
1318 672 1455 727 unio
1484 690 1499 725 :
1528 680 1588 728 et
1626 673 1774 728 sicut
1805 673 1861 727 in
1891 688 2024 729 con-

439 775 669 822 ventum
705 764 950 836 aliquem
992 765 1165 829 unio,
1207 772 1548 820 conventum
1591 763 1756 827 facit,
1782 772 1845 820 ut
1868 764 2025 821 chori

442 860 576 914 unio
608 879 620 913 :
659 867 717 915 et
748 859 893 914 sicut
917 859 970 912 in
1005 856 1458 913 assimilationem
1493 857 1647 920 unio,
1673 857 2029 913 assimilatio-

443 967 568 1005 nem
618 952 785 1015 facit,
822 961 883 1006 ιιι
923 951 1124 1005 domus
1171 948 1307 1004 unio
1341 966 1355 1002 :
1389 958 1445 1006 et
1493 950 1637 1006 sicut
1674 950 1732 1005 in
1768 959 2025 1006 naturam

443 1044 685 1113 aliquam
718 1043 853 1098 unio
896 1053 1152 1098 naturam
1184 1040 1357 1107 facit,
1392 1050 1456 1098 ut
1500 1044 1753 1114 corporis
1792 1044 1928 1103 unio
1955 1060 2025 1101 ex

402 1135 615 1199 ,‘variis
650 1134 983 1200 elementis;
1036 1133 1111 1188 ita
1152 1134 1287 1189 unio
1333 1133 1391 1189 in
1437 1148 1732 1204 personam
1782 1135 2026 1191 novissi-

445 1239 590 1280 mam
617 1232 714 1279 aut
746 1225 1051 1279 novissime
1094 1223 1355 1279 ostendet
1402 1224 1643 1293 aliquam
1682 1239 1976 1294 personam
2006 1241 2023 1279 :

444 1330 557 1371 non
602 1323 755 1371 certe
804 1316 930 1370 loco
958 1314 1043 1369 sui
1087 1313 1264 1384 ipsius
1308 1312 1603 1369 ostendere
1654 1313 1898 1385 aliquam
1943 1314 2026 1369 al-

446 1390 623 1464 teram
649 1421 942 1478 personam
964 1446 980 1471 ,
1020 1412 1086 1459 ut
1116 1405 1327 1468 dicitis,
1361 1404 1497 1460 illud
1525 1411 1613 1460 est
1645 1404 1782 1460 unio
1810 1405 1865 1459 in
1898 1418 2028 1475 per--

446 1516 660 1563 sonam,
688 1509 781 1554 aut
801 1484 1179 1554 manifestatio
1194 1498 1425 1552 alterius
1440 1512 1693 1568 persona:
1709 1497 2024 1567 incognitae,

445 1600 541 1655 sed
603 1612 636 1655 e
684 1597 968 1653 contrario
1013 1595 1318 1651 occultatio
1360 1609 1615 1665 persona:
1666 1593 1724 1647 in
1772 1593 2026 1662 antiper-

447 1706 677 1754 sonam,
726 1692 904 1745 solum
955 1701 1140 1744 autem
1190 1687 1435 1742 nominis
1480 1684 1834 1742 declaratio:
1889 1682 2025 1739 illud

443 1787 608 1840 etiam
634 1783 753 1840 sine
782 1798 1020 1854 persona
1047 1789 1265 1851 poterat
1293 1778 1616 1834 annuntiari
1655 1793 1687 1833 a
1721 1777 2022 1849 propheta:

444 1893 552 1949 qua
584 1877 796 1932 ratione
826 1872 1279 1930 connectuntur?
1308 1871 1416 1927 Ant
1444 1886 1553 1941 qua
1589 1870 1808 1925 ratione
1846 1868 2024 1939 parti-

441 1970 672 2041 cipant?
694 1969 802 2023 Aut
839 1983 946 2037 qua
974 1967 1188 2022 ratione
1221 1964 1492 2020 uniuntur
1533 1971 1729 2018 mutuo
1762 1970 1824 2016 ut
1861 1961 1934 2017 sit
1957 1960 2025 2017 de

441 2063 566 2118 aliis
594 2061 761 2116 rebus
786 2060 809 2114 ?
848 2059 906 2115 Si
935 2058 1159 2129 quidem
1187 2057 1337 2113 enim
1386 2053 1755 2110 similitudine
1776 2093 1791 2116 ,
1820 2052 2025 2107 iterum

441 2156 587 2211 Deus
610 2168 774 2217 caro,
820 2167 953 2209 caro
984 2151 1231 2207 Verbum
1275 2148 1389 2204 erit
1418 2165 1433 2202 :
1476 2146 1852 2216 qualeautem
1884 2158 2028 2213 opus

328 2299 333 2305 .
444 2259 564 2307 erat
608 2248 976 2306 similitudine
1009 2262 1136 2304 cum
1170 2260 1284 2301 non
1333 2244 1391 2298 in
1426 2240 1661 2297 veritate
1703 2237 2027 2309 principalis

441 2358 703 2416 persona,
733 2341 830 2397 sed
877 2339 1079 2397 similis
1098 2336 1549 2392 manifestaretur
1579 2331 1657 2386 illi
1691 2345 1815 2399 quae
1838 2327 2026 2383 occul—

443 2435 547 2492 tari
580 2434 803 2490 nolebat
829 2432 1103 2502 amplius?
1137 2430 1195 2486 Si
1228 2443 1362 2484 vero
1390 2434 1478 2482 est
1511 2420 1932 2485 dissimilitudo,
1966 2418 2024 2475 in

442 2543 556 2598 quo
589 2533 808 2583 constat
858 2524 993 2579 unio
1032 2518 1444 2593 personarum?
1496 2514 1789 2584 Quomodo
1838 2521 2025 2570 autem

447 2638 560 2678 non
613 2634 861 2676 errorem
917 2616 1094 2673 solum
1157 2613 1384 2669 inducet
1449 2608 1804 2681 investigatio
1832 2649 1848 2671 ,
1897 2621 2024 2663 cum

445 2711 659 2783 aliquid
684 2709 837 2765 aliud
868 2707 1199 2764 ostendetur
1224 2713 1288 2760 ut
1315 2700 1490 2766 aliud,
1516 2708 1575 2755 et
1608 2715 1721 2755 non
1751 2708 1812 2755 ut
1842 2699 2023 2770 ipsum

443 2805 567 2861 est?
588 2804 811 2873 Utique,
841 2801 1041 2872 inquit,
1070 2798 1261 2854 divino
1288 2794 1515 2851 nomine
1533 2791 2023 2863 uuiunturlambo:

442 2899 670 2971 dignum
695 2898 841 2953 enim
867 2895 1117 2950 habitum
1143 2902 1228 2949 est
1254 2890 1430 2947 divini
1460 2887 1710 2947 nominis
1736 2885 1888 2957 quod
1911 2900 2025 2941 non

440 2993 564 3041 erat
592 2993 792 3040 natura
839 2983 1117 3054 divinum._
1174 2982 1369 3037 Nonne
1411 2980 1584 3051 igitur
1627 2976 1922 3033 manifeste
1967 2975 2024 3031 in

444 3092 643 3132 vanam
694 3074 1203 3131 denom’inationem
1232 3071 1394 3126 vobis
1440 3083 1654 3141 magna;
1697 3066 1904 3123 Christi
1934 3065 2025 3121 di-

443 3172 683 3243 gnitates
732 3184 801 3224 ex
854 3167 1118 3223 diuturna
1183 3163 1545 3220 distinctione
1611 3159 2026 3215 occurrerunt?

2127 679 2296 742 ποιεῖ,
2330 674 2443 733 οἷον
2498 682 2531 752 ἡ
2569 681 2665 736 τοῦ
2697 684 3004 756 ὀξυκράτου
3027 704 3043 720 ’
3075 691 3172 743 καὶ
3202 686 3395 765 ὥσπερ
3427 694 3462 764 ἠ
3493 674 3724 758 είςγσύο

2129 767 2320 823 στασίν
2350 786 2474 824 τινα
2520 772 2737 838 ἐνωσις,
2770 774 3032 830 σύστασιν
3071 780 3241 843 ποιεῖ,
3274 775 3388 835 οἷον
3418 780 3453 855 ἠ
3496 785 3591 839 τοῦ
3622 805 3722 857 χο-

2092 858 2097 863 ’
2129 858 2247 929 ροῦ’
2279 862 2377 947 και
2410 860 2602 935 ὥσπερ
2637 864 2670 936 ἡ
2698 867 2779 929 εἰς
2809 869 3118 940 παράθεσιν
3146 870 3366 940 ἓνωσις,
3405 877 3722 947 παράθεσιν

2127 951 2290 1016 ποιεῖ,
2322 945 2437 1007 οἷον
2479 955 2512 1024 ἠ
2542 954 2636 1008 τοῦ
2674 955 2848 1011 οἴκουο
2881 961 2977 1014 καὶ
3008 961 3258 1035 ὥσπερὴ
3285 965 3366 1028 εἰς
3396 945 3559 1035 φύσιν
3586 970 3723 1024 τινὰ

2126 1040 2341 1107 ἕνωσις.
2388 1045 2551 1114 φύσιν
2592 1054 2757 1117 ποιεῖ,
2792 1046 2907 1106 οἷον
2950 1054 2986 1126 ἡ
3026 1055 3121 1108 τοῦ
3155 1055 3411 1127 σώματος
3453 1059 3564 1112 ἀπὸ
3599 1062 3722 1115 τῶν

2128 1136 2410 1207 στοιχείων
2432 1155 2447 1171 ο
2477 1137 2624 1195 οὕτω
2653 1142 2750 1197 καὶ
2778 1144 2812 1215 ἡ
2842 1144 2924 1208 είς
2953 1145 3251 1217 πρόσωπον
3298 1148 3496 1213 ἐνωσις
3526 1152 3720 1205 καινό-

2126 1221 2432 1302 τερόντιῆ
2475 1234 2806 1307 καινοτέρως
2846 1235 3010 1302 δείξει
3057 1255 3110 1292 τι
3140 1240 3456 1309 πρόσωπον·
3503 1243 3568 1296 οὐ
3603 1245 3720 1315 μὴν

2126 1320 2259 1390 τόγε
2289 1321 2411 1376 ἀντὶ
2456 1323 2653 1380 ἑαυτοῦ
2680 1326 2954 1383 δεικνύναι
2987 1329 3112 1385 τινὰ
3155 1329 3347 1403 ἕτερον
3387 1332 3715 1404 πρόσωπον,

2126 1411 2204 1477 ὥς
2225 1431 2382 1482 φατε.
2414 1415 2576 1473 τοῦτο
2620 1418 2654 1489 ἡ
2707 1419 2901 1482 ἓνωσίς
2951 1423 3068 1474 ἐστι
3122 1422 3157 1494 ἡ
3197 1424 3281 1487 εἰς
3322 1424 3645 1495 πρόσωπον,
3680 1427 3718 1496 ή

2127 1506 2435 1576 φανέρωσις
2460 1508 2567 1575 τοῦ
2609 1510 2804 1582 ἑτέρου
2835 1511 3131 1580 προσώπου
3178 1512 3274 1568 τοῦ
3320 1516 3717 1587 ἀγνοουμένου,

2126 1598 2263 1654 ἀλλὰ
2292 1602 2605 1656 τούναντίον
2628 1604 2940 1675 ἀπόκρυψις
2977 1606 3275 1679 προσώπου
3304 1611 3385 1673 εἰς
3412 1610 3720 1682 ἀντιπρδσ-

2126 1710 2295 1755 ωπον,
2323 1694 2484 1763 μόνον
2510 1695 2567 1749 δὲ
2593 1695 2860 1767 ὀνόματος
2889 1697 3170 1769 ἔκφανσις·
3197 1701 3227 1755 ὃ
3255 1703 3349 1756 καὶ
3379 1702 3511 1758 ἄνευ
3539 1721 3720 1776 προσ-

2126 1782 2279 1839 ώπου
2309 1784 2533 1839 δυνατὸν
2581 1781 2652 1859 ἦν
2688 1787 3057 1859 κηρύττεσθαι
3111 1791 3182 1845 δι’
3217 1778 3502 1864 ὑποφήτου
3534 1811 3552 1828 ·
3610 1795 3716 1850 ξίνι

2127 1878 2236 1948 γὰρ
2266 1881 2584 1949 συνέχεται;
2618 1879 2653 1952 ἢ
2682 1881 2799 1935 τίνι
2838 1887 3122 1951 κοινωνεῖς
3170 1885 3203 1958 ἢ
3256 1887 3366 1940 τίνι
3401 1888 3617 1959 ἥνωται
3645 1888 3721 1941 τὰ

2127 1970 2307 2025 τοιάδε
2365 1972 2602 2027 ἀνταλλα
2655 1974 2958 2046 πράγματα
3013 1976 3299 2048 ὰλλήλοις;
3349 1981 3398 2032 εί
3459 1980 3561 2050 μὲν
3602 1981 3717 2050 γὰρ

2124 2062 2427 2133 ὁμοιότητι,
2455 2066 2621 2119 πάλιν
2657 2066 2793 2133 Θεδς
2827 2069 2861 2139 ἡ
2908 2067 3065 2141 σὰρξ,
3097 2069 3128 2140 ἢ
3164 2070 3304 2145 σὰρξ
3329 2073 3358 2125 δ
3386 2073 3583 2139 Λόγος
3628 2073 3718 2136 τίς

2126 2154 2184 2210 δὲ
2217 2157 2316 2210 καὶ
2354 2156 2516 2228 χρεία
2545 2153 2616 2229 ἦν
2652 2159 2754 2230 τῆς
2788 2160 3107 2232 ὁμοιότητος
3150 2162 3339 2232 οὔσης,
3380 2164 3455 2234 μὴ
3483 2165 3543 2217 ὲν
3572 2164 3717 2234 ἀλη-

2128 2248 2249 2321 θεία
2288 2249 2350 2303 τδ
2383 2250 2578 2323 κύριον
2611 2254 2930 2324 πρόσωπον,
2978 2254 3116 2309 ἀλλὰ
3151 2255 3214 2309 τὸ
3252 2256 3439 2326 ὅμοιον
3471 2257 3719 2327 ἐμφανι-

2129 2342 2322 2415 σθῆναι
2354 2343 2434 2414 τῷ
2469 2345 2544 2415 μὴ
2595 2347 2892 2417 σκαιωρεῖν
2945 2345 3261 2417 βουλομένῳ
3294 2346 3536 2417 μᾶλλονς
3574 2347 3629 2400 εἰ
3659 2347 3720 2400 δὲ

2127 2434 2363 2505 ἀνόμοιά
2401 2436 2542 2499 ἐστι,
2576 2436 2634 2489 ὲν
2658 2436 2765 2489 τίνι
2796 2437 2829 2508 ὴ
2858 2435 3054 2504 ἓνωσις
3081 2437 3191 2491 τῶν
3217 2437 3559 2509 προσώπων;
3591 2436 3719 2499 πῶς

2125 2528 2184 2584 δὲ
2213 2529 2276 2582 ού
2316 2528 2584 2598 πλάνησις
2620 2528 2782 2599 μόνον
2821 2529 3167 2599 ἐπιτήδευσις
3203 2529 3378 2595 ἔσται,
3405 2528 3465 2583 τὸ
3495 2528 3631 2585 ἄλλο
3663 2545 3717 2581 τι

2125 2622 2298 2690 δεῖξαι
2319 2622 2397 2687 ὡς
2416 2622 2566 2687 ἄλλο,
2599 2622 2694 2677 καὶ
2731 2622 2831 2694 οὐχ
2863 2621 2939 2685 ὡς
2966 2621 3102 2676 αύτὺ
3142 2622 3173 2677 δ
3197 2623 3338 2677 ’ἐστι
3358 2638 3374 2689 ;
3395 2622 3528 2691 Ναὶ,
3549 2623 3717 2694 φησὶ,

2124 2712 2204 2783 τῷ
2231 2712 2362 2785 θείῳ
2406 2713 2631 2784 ὀνόματι
2667 2713 2872 2785 ἥνωται
2902 2714 3091 2783 ἄμφω·
3126 2713 3334 2785 ἠξιώθη
3376 2714 3488 2785 γὰρ
3520 2714 3622 2768 καὶ
3656 2712 3718 2767 τδ

2130 2802 2205 2875 μὴ
2239 2803 2400 2871 φύσει
2427 2803 2574 2858 θεῖον
2627 2802 2725 2857 τοῦ
2745 2803 2902 2857 θείου
2942 2803 3228 2875 ὀνόματος.
3262 2799 3417 2875 Ἀρα
3446 2804 3548 2858 οὐκ
3596 2803 3716 2858 ἰδοὺ

2128 2895 2317 2965 σαφῶς
2343 2897 2425 2959 εἰς
2451 2895 2550 2967 τὴν
2576 2895 2835 2967 διακενῆς
2874 2895 3175 2981 ὀνομασίαν
3203 2894 3336 2965 ὑμῖν
3380 2894 3450 2948 τὰ
3495 2895 3716 2966 μεγάλα

2124 2986 2366 3060 Χριστοῦ
2395 2987 2686 3059 ἀξιώματα
2717 2986 2784 3041 ὲκ
2819 2986 3036 3060 μακρᾶς
3083 2985 3408 3057 διαιρέσεως
3431 2988 3718 3058 κατηντή-

2125 3097 2293 3147 κασι;
2325 3081 2557 3153 μηδενὸς
2577 3083 2685 3154 γὰρ
2717 3082 2870 3146 ὄντος
2906 3080 3058 3153 αὐτῷ
3089 3080 3213 3136 καθ’
3241 3081 3270 3135 ὃ
3306 3082 3557 3134 κοινωνεί
3586 3079 3718 3151 Θεῷ

2127 3174 2314 3246 ἐτέρου
2341 3174 2691 3247 πράγματος,
2737 3174 2879 3248 πλὴν
2925 3175 3019 3230 τοῦ
3058 3175 3322 3244 ὀνόματος
3360 3173 3544 3244 μόνον,
3586 3173 3718 3237 πῶς

442 3264 580 3320 Cum
627 3260 775 3317 enim
814 3260 965 3315 nulla
996 3258 1071 3314 sit
1099 3257 1202 3328 ipsi
1230 3255 1335 3311 alia
1379 3269 1470 3311 res
1509 3252 1816 3309 secundum
1853 3265 2019 3322 quam

2132 3267 2247 3339 οὐχὶ
2274 3265 2419 3321 κατὰ
2442 3265 2542 3337 τὴν
2570 3266 2679 3321 τῶν
2708 3268 3018 3339 ὁμωνύμων
3048 3267 3263 3332 ἕνωσιν,
3289 3266 3391 3338 τὴν
3418 3266 3558 3319 κατὰ
3578 3262 3717 3319 τοῦ·

443 3354 737 3427 participet
776 3353 913 3416 Deo,
954 3349 1060 3406 nisi
1093 3364 1295 3405 nomen
1330 3347 1506 3403 solum
1528 3387 1543 3411 ,
1589 3343 1872 3415 quomodo
1909 3357 2023 3398 non

444 3444 754 3501 secundum
797 3443 1263 3512 homonymorum
1298 3436 1559 3492 unionem
1585 3434 1815 3489 habebit
1852 3433 2023 3488 Chri-

442 3549 565 3596 stus
596 3535 1077 3609 participationem
1107 3548 1235 3588 cum
1262 3532 1377 3587 Deo
1404 3544 1526 3600 qua:
1552 3527 1613 3583 fit
1640 3528 1795 3600 juxta
1821 3541 2026 3581 nomen

444 3616 658 3695 solum,
686 3645 798 3685 non
824 3637 1010 3684 autem
1063 3624 1372 3682 secundum
1418 3638 1533 3678 rem
1578 3620 1790 3676 nomini
1837 3619 2027 3690 subia-

445 3724 709 3783 centem?
739 3723 981 3794 Hujusce
1025 3734 1157 3774 vere
1186 3727 1243 3775 et
1272 3716 1454 3788 angeli
1482 3715 1615 3770 olim
1663 3722 1722 3769 et
1768 3713 2028 3768 homines

445 3819 572 3891 puri
603 3834 636 3873 a
682 3817 796 3872 Deo
824 3814 976 3886 digni
1009 3811 1185 3868 habiti
1216 3819 1368 3876 sunt,
1399 3815 1528 3864 ante
1570 3814 1634 3863 ut
1662 3806 1873 3861 dictum
1901 3811 2024 3860 est:

444 3919 506 3965 et
540 3910 818 3965 daemones
842 3914 899 3963 et
938 3904 1236 3961 simulacra
1266 3911 1323 3957 et
1358 3897 1603 3956 volatilia
1627 3905 1685 3953 et
1722 3896 1941 3966 reptilia
1973 3904 2032 3951 et

446 4002 661 4073 lapides
701 4001 857 4071 digni
888 3998 1062 4054 habiti
1103 4005 1233 4053 sunt
1267 3994 1339 4050 ab
1383 3990 1706 4048 hominibus
1743 3989 1932 4060 diique
1974 4000 2032 4047 et

451 4090 664 4146 domini
694 4098 751 4144 et
784 4088 878 4142 lilii
922 4087 1020 4142 Dei
1064 4094 1122 4142 et
1153 4085 1385 4141 deorum
1411 4081 1547 4138 dicti
1582 4087 1713 4136 sunt
1757 4097 1772 4134 :
1808 4080 1867 4135 in
1906 4080 2031 4136 istis

452 4182 622 4253 igitur
663 4181 769 4243 sita
814 4187 901 4234 est
946 4177 1288 4233 beatificatio
1334 4171 1543 4230 Christi
1588 4187 1756 4242 supra
1799 4171 2032 4227 omnes?

453 4276 580 4347 Haec
611 4284 697 4331 est
724 4271 1069 4329 excelsitudo
1090 4271 1301 4326 donum
1329 4268 1525 4338 ipsius,
1548 4264 1686 4320 falsa
1717 4264 1814 4321 Dei
1842 4265 2035 4336 appel-

453 4367 627 4425 latio?
658 4367 802 4423 Proh
831 4364 1218 4422 confusionem
1242 4359 1595 4432 dogmatuml
1626 4377 1660 4418 o
1693 4360 1882 4418 futiles
1899 4375 2035 4431 pro-

454 4456 760 4528 positiones
782 4457 800 4510 l

525 4550 725 4605 Dicant
769 4549 939 4622 igitur
986 4547 1170 4605 adhuc
1201 4548 1410 4606 nobis:
1462 4550 1668 4622 quippe
1696 4549 2032 4622 homonyma

2128 3377 2269 3432 νομα
2305 3359 2464 3432 μόνον
2496 3359 2650 3415 ἔσται
2675 3359 2814 3432 ἔχων
2846 3359 2944 3433 τὴν
2986 3359 3123 3431 πρὸς
3174 3359 3309 3414 Θεὸν
3342 3357 3640 3413 κοινωνίαν
3684 3358 3716 3411 δ

2127 3454 2383 3523 Χριστὸς,
2415 3453 2537 3524 οὐχὶ
2568 3452 2626 3507 δὲ
2658 3453 2800 3508 κατὰ
2837 3453 2900 3507 τὸ
2944 3452 3308 3524 ὑποκείμενον
3351 3442 3433 3521 τῷ
3480 3451 3717 3519 ὀνόματι

2127 3547 2397 3619 πρᾶγμα;
2431 3545 2636 3618 ταύτης
2677 3546 2723 3600 δ’
2762 3544 2856 3599 οῦν
2885 3547 2979 3599 καὶ
3008 3544 3230 3613 ἄγγελοι
3266 3542 3437 3598 πάλαι
3480 3543 3577 3596 καὶ
3618 3542 3716 3596 ἂν·

2129 3636 2338 3708 θρωποι
2375 3636 2512 3691 ὅσιοι
2559 3636 2666 3689 ὑπὸ
2710 3633 2848 3689 Θεοῦ
2878 3633 3157 3706 ἠξίωνται.
3203 3634 3571 3704 προείρηται·
3616 3630 3718 3684 καὶ

2127 3728 2382 3799 δαίμονες
2415 3727 2476 3781 δὲ
2505 3726 2601 3781 καὶ
2635 3725 2801 3792 ξόανα
2829 3725 2926 3780 καὶ
2974 3724 3199 3779 πετεινὰ
3231 3724 3327 3777 καὶ
3374 3722 3583 3794 ἑρπετὰ
3613 3722 3717 3775 καὶ

2129 3819 2269 3873 λίθοι
2299 3818 2611 3891 ἠξιώθησαν
2653 3818 2759 3872 ὑπὸ
2805 3817 2917 3871 τῶν
2968 3816 3297 3888 ἀνθρώπων,
3330 3814 3458 3869 Θεοί
3502 3829 3567 3866 τε
3614 3813 3718 3866 καὶ

2130 3902 2312 3984 κύριοι
2344 3913 2438 3968 καὶ
2459 3912 2568 3967 υἱοὶ
2593 3911 2733 3966 Θεοῦ
2753 3911 2849 3967 καὶ
2875 3910 3016 3966 θεῶν
3054 3910 3360 3983 λεχθέντες.
3382 3909 3475 3962 Ἐν
3507 3906 3718 3970 τούτοις

2129 4006 2223 4062 οῦν
2247 4008 2276 4060 ὁ
2313 4004 2661 4077 μακαρισμὸς
2687 4002 2926 4076 Χριστοῦ
2954 4001 3106 4073 παρὰ
3128 4001 3371 4065 πάντας;
3402 3998 3565 4053 τοῦτό
3596 3998 3718 4050 ἐστι

2129 4100 2193 4155 τὸ
2234 4098 2584 4170 ύπερύψωμα
2607 4097 2780 4168 δῶρον
2815 4095 3004 4156 αὐτοῦ.
3032 4096 3068 4165 ἡ
3101 4091 3460 4165 ψευδώνυμος
3487 4088 3718 4159 θεοκλη-

2134 4187 2330 4254 σία;.ὣ
2375 4189 2477 4258 τῆς
2517 4185 2782 4258 αἰσχύνης
2824 4185 2937 4240 τῶν
2975 4183 3264 4256 δογμάτων
3293 4182 3308 4236 l
3334 4180 3383 4235 ὣ
3417 4179 3515 4234 τοῦ
3543 4179 3716 4249 λήρου

2132 4280 2244 4337 τῶν
2272 4280 2674 4353 προϐλημάτων
2698 4279 2712 4333 !

2209 4550 2533 4621 Λεγέτωσαν
2585 4547 2680 4604 οῦν
2734 4548 2871 4621 ἡμῖν
2921 4546 3026 4601 ἔτι·
3072 4544 3197 4602 ἐπεὶ
3244 4516 3314 4600 τὰ
3356 4541 3715 4615 δμώνυμα,ῆ

452 4650 552 4698 aut
573 4658 697 4713 quae
743 4649 875 4697 sunt
902 4641 1150 4713 ejusdem
1192 4642 1516 4698 substantiae
1562 4657 1630 4697 ex
1662 4642 1887 4713 speciali
1930 4657 2029 4697 no.

2134 4642 2398 4714 ὀμοούσιά
2428 4643 2577 4697 ἐστιν
2605 4641 2664 4708 ἐξ
2695 4638 2869 4695 ἰδικοῦ
2898 4638 3161 4710 ὀνόματος
3192 4634 3616 4707 ὀμωνυμοῦντα,
3644 4634 3718 4696 ὡς

457 4734 607 4789 mine
639 4733 784 4789 idem
833 4748 1036 4789 nomen
1081 4732 1307 4797 habent,
1339 4742 1402 4789 ut
1426 4731 1602 4788 Judas
1644 4731 1933 4789 lscariotes
1973 4742 2032 4788 et

456 4825 629 4881 Judas
671 4826 841 4880 frater
884 4824 1103 4880 Domini
1144 4842 1159 4880 :
1195 4825 1284 4879 vel
1321 4832 1452 4880 sunt
1500 4824 1751 4895 quaedam
1794 4823 2030 4879 diversa:

458 4919 782 4976 substantiae
823 4933 949 4989 quae
972 4934 1038 4974 ex
1072 4918 1354 4974 communi
1379 4917 1603 4973 nomine
1651 4917 1797 4974 idem
1827 4932 2033 4972 nomen

461 5012 704 5092 habeant
752 5021 815 5067 ut
859 5012 1018 5067 stella
1065 5010 1237 5068 maris
1280 5018 1339 5066 et
1382 5011 1541 5067 stella
1573 5010 1699 5067 coeli
1724 5050 1740 5075 ,
1770 5010 1859 5066 vel
1903 5016 2035 5066 sunt

459 5104 711 5175 quaedam
749 5104 984 5160 diversae
1006 5103 1330 5160 substantiae
1362 5118 1599 5175 quorum
1629 5103 1863 5160 alterum
1904 5103 2033 5173 qui-

460 5200 611 5264 dem,
645 5215 713 5254 ex
759 5198 1042 5267 communi
1074 5198 1299 5253 nomine
1321 5238 1337 5264 ,
1365 5206 1422 5253 et
1442 5197 1680 5253 alterum
1708 5211 1776 5251 ex
1807 5195 2035 5265 speciali

461 5290 612 5344 idem
652 5305 856 5346 nomen
891 5290 1080 5356 habet,
1114 5298 1178 5345 nt
1208 5289 1437 5362 angelus
1460 5290 1556 5360 qui
1588 5297 1675 5345 est
1704 5288 1954 5360 spiritus,
1980 5295 2038 5343 et

463 5380 732 5452 propheta
756 5380 851 5451 qui
875 5382 1081 5437 dicitur
1107 5381 1401 5438 Malachias
1421 5390 1518 5437 aut
1540 5381 1781 5436 alterum
1807 5379 2036 5451 quidem

464 5472 794 5535 substantia,
812 5473 1048 5528 alterum
1068 5489 1203 5530 vero
1218 5473 1529 5530 substantia
1545 5489 1762 5538 carens,
1784 5482 1847 5528 ut
1871 5471 2037 5536 λύκος

464 5561 682 5634 quiest
711 5561 911 5616 animal
954 5571 1010 5617 et
1056 5562 1251 5619 animae
1300 5563 1573 5619 affectus:
1615 5563 1770 5635 juxta
1817 5562 2039 5633 qualem

465 5656 730 5712 unionem
755 5655 949 5710 barum
972 5669 1154 5709 rerum
1183 5654 1489 5710 secundum
1510 5669 1714 5710 nomen
1733 5656 2037 5719 unitarum,

466 5749 657 5805 habita
711 5748 845 5803 unio
887 5745 1093 5801 Christi
1125 5746 1371 5802 nominis
1419 5761 1545 5802 cum
1571 5746 1796 5802 nomine
1841 5747 1940 5803 Dei
1985 5756 2043 5802 et

468 5839 637 5896 Verbi
657 5849 713 5896 et
734 5839 857 5897 Filii
876 5838 993 5905 Dei,
1018 5837 1197 5908 ipsum
1226 5837 1543 5901 meliorem,
1575 5841 2040 5897 autexcelsiorem

470 5931 659 6002 aliquo
694 5932 859 5988 modo
894 5930 1062 5989 faciet
1085 5938 1181 5987 aut
1204 5928 1415 6001 aliquid
1438 5930 1540 6002 ipsi
1570 5931 1858 6001 proderit?
1893 5932 2043 5989 Nihil

2148 4735 2351 4800 Ἰούδας
2386 4737 2414 4790 ὁ
2440 4732 2799 4807 Ἰσκαριώτης
2841 4732 2942 4786 καὶ
2992 4731 3195 4794 Ἰούδας
3222 4731 3253 4783 ὁ
3290 4726 3615 4796 ἀδελφόθεος
3638 4744 3653 4758 ’
3683 4725 3715 4795 ἦ

2138 4826 2455 4901 ἑτεροούσιά
2486 4824 2603 4880 ἐστι
2648 4842 2769 4880 τινα
2816 4823 2925 4879 ἀπὸ
2969 4821 3151 4877 κοινοῦ
3191 4820 3457 4892 ὀνόματος
3483 4818 3717 4889 ώμωνυ-

2142 4919 2366 4992 μοῦντα,
2390 4912 2503 4972 οἷον
2534 4918 2711 4989 ἀστὴρ
2740 4917 2769 4971 ὅ
2808 4933 2869 4970 τε
2903 4914 3191 4976 θαλάττιος
3240 4913 3335 4966 καὶ
3374 4910 3655 4982 οὐράνιος,
3685 4907 3716 4977 ἦ

2139 5009 2458 5085 ἐτερ,οούσιά
2487 5027 2552 5082 γε
2571 5027 2587 5044 ³
2611 5010 2707 5064 καὶ
2743 5008 2950 5064 τούτων
2990 5006 3219 5078 θάτερον
3247 5003 3365 5075 μὲν,
3396 5002 3507 5057 ἀπὸ
3534 4998 3719 5055 κοινοῦ

2140 5104 2423 5174 ὀνόματος·
2447 5104 2544 5172 καὶ
2588 5103 2796 5174 ἕτερον,
2837 5100 2898 5168 ἐξ
2933 5097 3102 5154 ίδικοῦ
3127 5096 3442 5166 ὁμωνυμεῖ,
3472 5087 3591 5147 οἷον
3620 5090 3720 5159 ἄγ-

2141 5197 2299 5267 γελος
2348 5196 2409 5251 τό
2454 5212 2515 5249 τε
2565 5193 2803 5265 πνεῦμα,
2833 5192 2928 5247 καὶ
2976 5193 3005 5245 δ
3039 5190 3328 5260 προφήτης
3367 5186 3399 5239 δ
3430 5184 3722 5253 λεγόμενος

2142 5288 2449 5360 Μαλαχίας·
2471 5286 2506 5358 ἢ
2533 5285 2760 5358 θάτερον
2789 5284 2890 5357 μὲν
2909 5283 3092 5350 οὐσία,
3120 5282 3349 5349 θάτερον
3371 5278 3428 5332 δὲ
3449 5275 3721 5338 ἀνούσιον,

2143 5380 2220 5445 ὡς
2248 5379 2415 5443 λύκος
2454 5377 2518 5431 τό
2560 5394 2622 5430 τε
2650 5375 2802 5442 -ζῶον
2838 5375 2932 5429 καὶ
2996 5372 3058 5426 τὸ
3111 5370 3320 5435 πάθος·
3371 5367 3515 5451 κατὰ
3564 5366 3723 5419 ποίαν

2144 5471 2313 5526 τῶνδε
2336 5471 2444 5525 τῶν
2473 5469 2616 5524 κατά
2648 5467 2889 5539 τοῦνομα
2919 5466 3243 5537 ἡνωμένων,
3271 5464 3305 5534 ἡ
3338 5459 3433 5516 τοῦ
3457 5458 3722 5529 ὀνόματος

2146 5561 2385 5635 Χριστοῦ
2409 5561 2547 5633 πρὸς
2569 5562 2633 5615 τὸ
2657 5559 2831 5631 δνόμα
2857 5557 2951 5612 τοῦ
2977 5554 3119 5610 Θεοῦ
3150 5554 3246 5609 καὶ
3272 5554 3448 5622 Λόγου
3475 5551 3570 5605 καὶ
3592 5546 3722 5604 Υἱοῦ

2147 5654 2242 5709 τοῦ
2268 5652 2406 5708 Θεοῦ
2441 5652 2636 5716 ἓνωσις
2658 5649 2816 5713 οὖσα,
2842 5648 2879 5721 ἢ
2913 5646 3034 5701 κατ’
3061 5643 3252 5700 ούσίαν
3279 5640 3442 5696 αὐτόν
3460 5657 3515 5693 τι
3542 5654 3723 5710 κρειτ-

2147 5745 2335 5810 τώσει.
2373 5746 2407 5817 ἢ
2440 5743 2791 5817 ὑπερυψώσει
2827 5740 2861 5812 ἢ
2913 5740 3099 5811 ὀνήσει
3146 5753 3242 5803 τι;
3281 5734 3450 5790 Οὐδὲν
3480 5730 3594 5802 γὰρ
3618 5731 3718 5793 τῶι

2149 5838 2458 5911 ὁμωνύμων
2477 5835 2776 5892 ἀπολαύσει
2802 5832 2951 5896 τινὸς
2968 5829 3076 5885 τῶν
3100 5827 3198 5882 τοῦ
3219 5825 3401 5898 δμωνύ
3411 5835 3534 5896 μου*
3566 5823 3617 5875 εἰ
3652 5821 3722 5890 μὴ

2152 5910 2260 6003 ἄρα
2312 5928 2444 5985 αὐτὸ
2480 5928 2545 6001 δὴ
2598 5926 2758 5984 τοῦτό
2794 5940 2963 5997 φασι,
3011 5921 3073 5975 τὸ
3117 5922 3186 5990 τῇ
3232 5913 3589 5989 ψευδωνυμίᾳ
3628 5910 3726 5981 τὴν
