4006 6532
262 460 396 530 1637

1156 462 1551 527 ADVERSUS
1589 460 2139 523 NESTORIANOS.
2162 484 2225 494 -υ
2259 459 2405 519 LIB.
2447 457 2564 518 III.

3383 448 3517 515 1633

255 580 409 632 θείαν
435 576 591 641 δόξαν
621 574 1007 649 συναρπὰξειν,
1036 576 1127 630 καὶ
1149 576 1519 648 ἀποφέρεσθαι
1553 575 1688 645 πρὸς
1712 574 1836 636 τοὺς

1953 572 2088 626 anim
2131 570 2591 640 homonymorum
2644 566 2865 621 fruetur
2919 562 3105 633 aliquo
3149 576 3216 616 ex
3262 559 3351 615 his
3394 578 3516 630 quae

255 668 586 737 ἀγνοοῦντας
618 669 717 740 τὴν
746 668 840 722 τοῦ
877 669 1036 739 φύσει
1070 669 1205 723 Θεοῦ
1239 670 1376 740 πρὸς
1408 671 1534 731 τοὺς
1564 667 1835 738 ψευδωνύ-

258 780 393 832 μους
426 762 719 832 διάκρισινο
772 764 819 815 εί
874 762 929 814 δὲ
978 761 1115 831 αὕτη
1163 763 1311 814 ἐστὶν
1368 762 1401 832 ὴ
1465 759 1676 830 μεγάλη
1709 757 1837 822 δόξα

254 855 521 927 Χριστοῦ,
551 854 759 924 ταύτης
794 854 973 925 πολλῷ
1008 854 1275 925 πρότερον
1306 851 1545 925 Χριστοῦ
1589 850 1837 913 διάϐολός

254 965 315 999 τε
367 950 461 999 καὶ
507 945 761 1016 δαίμονες
796 946 1257 1016 ἐπιθυμήσαντες,
1290 944 1645 1015 ἀπήλαυσαν
1700 942 1838 997 ἀλλὰ

256 1038 351 1092 καὶ
383 1037 496 1102 ζῶα
529 1039 623 1091 καὶ
655 1039 858 1108 ἑρπετὰ
885 1037 1164 1110 ὴξίωνται,
1192 1038 1267 1101 ὡς
1293 1037 1530 1107 εἴρηται,
1554 1036 1715 1105 τῆσδε
1738 1052 1750 1065 ·
1772 1038 1837 1089 ἐκ

257 1130 474 1182 πάντων
497 1126 589 1180 οῦν
618 1128 883 1182 δέδεικται
916 1128 1129 1198 τρανῶς
1178 1127 1252 1191 ὡς
1289 1126 1322 1197 ἢ
1360 1127 1481 1180 οὐδὲ
1518 1126 1683 1196 τιμῆς
1714 1125 1834 1178 οὐδὲ

256 1221 415 1289 δόξης
454 1219 573 1273 οὐδὲ
605 1220 767 1273 ἄλλου
794 1221 939 1282 τινὸς
966 1220 1074 1272 τῶν
1102 1219 1321 1290 ὑψηλῶν
1350 1219 1446 1271 καλ⁹
1481 1217 1639 1271 θείων
1664 1218 1834 1285 ἠξίω-

257 1330 346 1366 ται
379 1314 545 1374 ὅντως
597 1314 689 1367 καὶ
720 1315 1007 1383 πράγματι
1052 1313 1316 1383 Χριστόςι
1347 1311 1379 1381 ἢ
1428 1312 1585 1382 εἴπερ
1615 1312 1829 1375 ἀληθῶς

257 1404 314 1454 ὲν
362 1401 573 1471 μεθέξει
607 1403 712 1455 τῶν
740 1403 898 1456 θείων
929 1403 1044 1455 ἐστὶ
1068 1402 1467 1473 προσηγοριῶν,
1496 1402 1572 1473 τῷ
1596 1401 1827 1472 πρώτως

164 1502 167 1505 ’
257 1494 418 1545 αὑτὸν
450 1494 539 1545 τὸν
569 1492 784 1563 ἀληθῶς
819 1493 912 1545 καὶ
943 1494 1102 1561 φύσει
1138 1494 1263 1546 τάδε
1291 1493 1659 1564 οἰκειούμενον
1694 1492 1835 1562 ἔχειν

258 1589 316 1639 ὲν
366 1586 545 1652 ἑαυτῴ
575 1585 708 1638 Θεοῦ
739 1586 932 1652 Λόγοψ
964 1585 1054 1638 διὰ
1089 1585 1241 1638 τοῦδε
1278 1584 1387 1654 γὰρ
1420 1587 1513 1638 καὶ
1554 1585 1733 1637 πάντα
1766 1585 1834 1638 τὰ

257 1678 392 1730 θεοῦ
442 1677 583 1730 ἱδικὰ
628 1678 788 1747 μόνον
841 1677 936 1730 καὶ
988 1677 1137 1745 αὐτῷ
1183 1678 1525 1746 συνεπόμενα
1580 1677 1835 1746 ἐξαίρετα

256 1771 501 1833 πλουτεῖ,
533 1772 625 1824 καὶ
652 1773 707 1823 ὲν
731 1770 907 1841 ἑαυτῷ
938 1771 1307 1825 ἐπιδείκνυται
1339 1771 1508 1834 ὄντως
1526 1772 1553 1824 ὁ
1576 1771 1832 1839 Χριστός.

1934 675 2063 719 sunt
2096 664 2410 734 homonymi
2446 680 2458 715 :
2492 661 2596 715 nisi
2629 669 2779 715 certe
2812 658 2944 713 illud
2980 658 3158 727 ipsum
3183 672 3303 711 csse
3331 656 3519 709 dicant

1935 757 2178 811 divinam
2223 756 2451 825 gloriam
2511 753 2644 807 falsa
2692 752 3069 806 nominatione
3113 750 3418 818 corripere,
3461 757 3518 801 et

1935 848 2162 919 gloriari
2213 863 2397 901 coram
2466 846 2574 900 illis
2638 846 2733 915 qui
2791 845 3047 913 ignorant
3093 841 3518 896 distinctionem

1936 942 2102 1010 hujus
2137 940 2283 1009 quod
2326 947 2409 993 est
2441 947 2637 992 natura
2668 946 2724 991 et
2770 936 2937 1006 hujus
2975 934 3119 1004 quod
3168 942 3251 987 est
3297 934 3519 985 nomine

1945 1028 2140 1083 ﬁctitio
2168 1030 2331 1082 Deus.
2362 1027 2417 1081 Si
2440 1042 2574 1080 vero
2603 1031 2719 1096 ipsa
2746 1035 2830 1081 est
2859 1041 3053 1094 magna
3085 1024 3256 1094 gloria
3287 1022 3516 1081 Christi,

1942 1123 2093 1178 illam
2139 1122 2312 1175 multo
2342 1130 2469 1175 ante
2512 1119 2797 1175 Christum
2842 1118 3096 1172 diabolus
3143 1125 3197 1171 et
3242 1116 3520 1170 daemones

1940 1214 2324 1269 desiderantes
2382 1219 2754 1282 perceperunt
2810 1229 2822 1265 :
2884 1209 2979 1265 sed
3048 1220 3105 1263 et
3154 1206 3413 1261 animalia
3466 1213 3521 1258 et

1939 1308 2163 1378 reptilia
2200 1308 2346 1361 illius
2387 1307 2549 1375 digna
2601 1305 2788 1358 habita
2841 1311 3007 1367 sunt,
3048 1309 3109 1355 ut
3149 1300 3360 1353 dictum
3391 1305 3517 1351 est:

1935 1414 2003 1453 ex
2032 1399 2297 1454 onmibus
2324 1398 2493 1467 igitur
2522 1403 2891 1449 monstratum
2925 1403 3009 1449 est
3034 1394 3181 1455 clare
3218 1400 3312 1444 aut
3342 1402 3521 1457 neque

1943 1491 2194 1553 honoris,
2246 1507 2429 1561 neque
2502 1490 2714 1559 glorias,
2761 1502 2940 1557 neque
3000 1486 3233 1554 alicujus
3291 1482 3522 1535 alterius

1943 1584 2143 1639 horum
2185 1601 2308 1653 quze
2350 1594 2480 1638 sunt
2507 1582 2725 1636 excelsa
2772 1591 2828 1634 et
2877 1579 3063 1632 divina
3097 1578 3321 1647 dignum
3361 1573 3523 1626 habi-

1943 1686 2057 1732 tum
2094 1677 2265 1731 fuisse
2301 1692 2428 1730 vere
2462 1685 2519 1731 et
2550 1676 2777 1729 realiter
2822 1672 3106 1727 Christum
3140 1711 3152 1733 ,
3192 1677 3287 1723 aut
3312 1669 3356 1723 si
3389 1679 3519 1719 vere

1940 1780 2025 1827 est
2053 1772 2106 1825 in
2141 1770 2564 1840 participatione
2606 1767 2917 1821 divinarum
2946 1762 3403 1832 appellationum,
3452 1756 3523 1809 il-

254 1860 348 1919 lud
384 1875 634 1920 constare
663 1882 730 1919 ex
767 1880 833 1919 eo
862 1864 1006 1935 quod
1038 1865 1275 1934 primum
1303 1864 1502 1918 habeat
1561 1865 1617 1918 in
1649 1865 1946 1934 semetipso
1976 1865 2219 1920 Verbum
2267 1866 2385 1926 Dei,
2426 1865 2543 1917 hiec
2607 1877 2737 1915 vere
2773 1872 2967 1915 natura
3028 1859 3133 1913 sibi
3183 1857 3474 1910 vindicans
3504 1847 3523 1887 ³

255 1958 380 2013 ideo
409 1960 555 2013 enim
620 1970 675 2014 et
743 1958 1002 2015 omnibus
1042 1958 1137 2014 Dei
1188 1959 1525 2030 specialibus
1569 1968 1785 2015 tantum
1838 1969 1894 2016 et
1954 1962 2059 2031 ipsi
2111 1960 2527 2031 pertinentibus
2581 1957 2816 2021 ditatur,
2860 1966 2917 2011 et
2964 1956 3081 2010 hanc
3128 1955 3181 2007 in
3230 1951 3525 2018 semetipso

255 2054 477 2107 exhibet
505 2069 635 2106 vere
658 2050 935 2107 Christus.

331 2149 452 2201 Ἔτι
487 2148 593 2217 μὴν
619 2146 867 2211 λέγοντες
896 2138 1041 2200 οὗτοι
1066 2145 1223 2214 ἀξίας
1250 2146 1411 2201 αὐτὸν
1442 2148 1826 2219 μετειληφέναι

2002 2147 2219 2201 Rursus
2272 2158 2442 2214 porro
2507 2141 2756 2195 dicentes
2805 2139 2894 2194 isti
2963 2136 3282 2207 dignitatem
3347 2138 3524 2204 ipsum

256 2237 475 2293 οἱασοῦν
507 2239 793 2309 μεγίστης,
817 2238 1300 2309 ἁποκρινέσθωσαν
1325 2240 1477 2309 ἡμῖν·
1506 2239 1652 2310 Αὕτη
1676 2240 1836 2293 ὁποία

259 2336 465 2405 ἐστὶνὴ
500 2333 654 2399 ἀξίας
685 2333 888 2403 φυσική
918 2349 1025 2398 τις,
1056 2332 1203 2403 οῖαή
1235 2332 1329 2386 τοῦ
1370 2331 1663 2404 ἀνθρώπου
1700 2332 1837 2404 πρὸς

259 2429 329 2481 τὰ
355 2430 526 2496 κτήνη
545 2425 664 2479 κατ’
690 2425 877 2479 οὐσίαν
894 2424 1157 2496 ὑπεροχὴ,
1185 2426 1319 2478 καθὸ
1345 2425 1582 2497 εἴρηται,
1613 2445 1630 2476 ‹
1653 2426 1839 2480 Πάντα

263 2517 539 2582 ὑπέταξας
576 2514 836 2569 ὑποκάτω
873 2514 982 2567 τῶν
1022 2514 1200 2568 ποδῶν
1247 2515 1413 2569 αὐτοῦ
1459 2516 1710 2587 πρόϐατα
1744 2516 1839 2570 καὶ

264 2608 393 2681 βόας
432 2608 676 2673 ἁπάσας
717 2625 736 2658 ι
775 2608 808 2677 ἢ
840 2606 1266 2677 συμϐεϐηκῶσα,
1296 2608 1384 2662 οἶα
1434 2609 1467 2679 ή
1520 2607 1617 2661 τοῦ
1664 2608 1839 2662 Σαοὺλ

264 2704 402 2776 πρὸς
430 2703 558 2766 τοὺς
584 2701 892 2772 ὁμοφύλους
934 2702 1177 2771 ῦψωσις;
1213 2705 1261 2755 εί
1291 2703 1388 2774 μὲν
1423 2704 1530 2774 γὰρ
1563 2704 1841 2776 συμϐεϐη-

266 2797 442 2863 κῶσα,
476 2796 703 2850 αὐτόθεν
737 2796 859 2851 οὐδὲ
896 2795 1017 2850 θεία
1050 2796 1172 2850 οὐδὲ
1212 2796 1490 2866 ἀξιόλογος
1522 2813 1537 2828 ·
1567 2799 1616 2850 εί
1641 2797 1699 2851 δὲ
1738 2816 1840 2867 φυ-

269 2891 423 2961 σικὴ,
453 2890 611 2960 δῆλον
645 2889 720 2953 ὡς
751 2889 850 2942 οὐκ
879 2888 996 2942 ἔστι
1026 2889 1195 2959 αὐτῆς
1226 2889 1474 2960 μετέχειν
1505 2890 1721 2959 ἀληθῶς
1746 2892 1842 2944 καὶ

268 2984 326 3035 οὐ
356 2982 759 3052 ψευδωνύμως,
804 2983 896 3035 τὸν
940 2980 1013 3051 μὴ
1066 2982 1327 3053 πρότερον
1378 2982 1475 3052 τῆς
1519 2983 1639 3035 κατ’
1673 2982 1843 3053 αὐτὴν

268 3075 486 3144 φύσεως
533 3074 764 3144 τυχόντα
806 3090 820 3105 ο
863 3074 1023 3145 ειπερ
1060 3070 1152 3127 οῦν
1210 3072 1448 3142 φυσικῆς
1500 3073 1656 3139 ἀξίας
1706 3072 1841 3127 Θεοῦ

268 3168 504 3240 Χριστὸς
538 3167 850 3238 μετείληφε,
889 3166 983 3219 καὶ
1014 3166 1074 3219 τὸ
1102 3166 1245 3231 Θεὸς
1278 3164 1495 3235 φύσεως
1537 3166 1708 3236 ὄνομα
1749 3184 1844 3221 κυ-

276 3263 406 3332 ρίως
436 3262 576 3326 ἐστὶ,
604 3260 761 3330 δῆλον
783 3260 858 3323 ὡς
880 3259 978 3330 τὴν
1004 3258 1167 3329 φύσιν
1196 3258 1367 3330 αὐτὴν
1399 3259 1499 3329 τὴν
1530 3258 1679 3312 θείαν
1710 3276 1844 3329 κτηο

275 3360 507 3426 σάμενος
535 3356 749 3427 πρῶτον
770 3395 785 3420 ,
829 3350 896 3429 ἦς
922 3354 1026 3408 ίδία
1054 3355 1200 3407 ἐστὶν
1234 3355 1266 3425 ἡ
1300 3352 1427 3419 ἀξία
1456 3353 1551 3406 καὶ
1582 3354 1613 3422 ὴ
1645 3354 1845 3421 ὀνομα-

277 3449 388 3512 σία,
418 3448 513 3502 καὶ
540 3446 712 3501 ταῦτα
739 3446 1191 3517 συνεκληρώσατο
1215 3462 1229 3476 ⁶
1262 3444 1460 3498 οὐκοῦν
1487 3443 1660 3515 ὀρθῶς
1692 3442 1847 3507 δοξάο

279 3544 446 3611 ζομεν
479 3541 727 3595 σύνθεσιν
771 3542 867 3609 τῆς
896 3540 1044 3603 Θείας
1073 3540 1168 3593 καὶ
1206 3537 1553 3610 ἀνθρωπίνης
1595 3536 1810 3605 φύσεως
1831 3551 1845 3566 ⁸

275 3635 309 3705 ἣ
345 3637 392 3686 εί
423 3635 497 3703 μὴ
530 3633 651 3686 τόδε
673 3632 848 3695 οὕτως
874 3632 1008 3701 ἔχει,
1040 3632 1200 3694 αὐτὸς
1235 3631 1469 3701 τραπεὶς
1514 3630 1595 3691 εἰς
1640 3627 1849 3681 τοιάνδε

278 3730 431 3782 θείαν
461 3727 619 3797 φύσιν
648 3728 677 3780 ὁ
702 3725 1009 3795 ἄνθρωπος,
1045 3724 1277 3794 ἠξίωται
1306 3724 1404 3793 τῆς
1436 3721 1672 3792 φυσικῆς
1699 3720 1851 3784 Θείας

280 3821 375 3871 καὶ
407 3816 703 3885 ὀνομασίας
732 3833 745 3847 ·
777 3815 871 3868 καὶ
913 3813 1068 3866 ἔσται
1121 3812 1317 3875 οὕτως,
1366 3810 1487 3863 οὐδὲ
1543 3808 1853 3878 σωζόμενος

281 3911 441 3974 αὐτὸς
476 3909 555 3963 ἔτι
578 3911 606 3962 ὁ
637 3906 891 3972 ἀξιωθεὶς
927 3906 1025 3975 τῆς
1062 3903 1219 3969 ἀξίας
1242 3942 1257 3966 ,
1289 3902 1408 3956 οὐδὲ
1440 3900 1617 3972 μένων
1644 3902 1672 3952 ὁ
1700 3897 1853 3962 δεξά-

288 4020 449 4073 μενος
476 4001 575 4071 τὴν
606 3999 789 4069 χάριν,
818 3997 939 4051 οὐδὲ
968 3996 1063 4050 δύο
1090 3995 1281 4067 φύσεις
1308 3994 1445 4057 ὅλως
1471 3992 1852 4062 ὑποκείμεναι,

282 4096 403 4149 οῦδὲ
437 4093 745 4166 σωζόμενον
768 4090 949 4154 αὐτοῖς
982 4090 1117 4153 ὅλως
1146 4089 1206 4142 τὸ
1257 4087 1596 4157 ἀνθρώπινον
1631 4086 1689 4137 ὲν
1719 4087 1856 4155 Χριο

287 4189 419 4262 στῷ,
474 4189 653 4242 καίτοι
686 4184 1021 4251 τούναντίον,
1062 4182 1124 4237 τὸ
1156 4180 1299 4237 θεῖον
1333 4178 1429 4234 ἀπ’
1450 4176 1615 4232 αὑτοῦ
1657 4176 1857 4249 μᾶλλον

288 4290 559 4364 περιελεῖν
585 4286 938 4360 μαχομένοις.

369 4557 571 4620 Ἡδέως
596 4556 639 4609 δ’
673 4556 738 4609 ἂν
773 4551 951 4607 αὐτῶν
976 4550 1057 4605 ἔτι
1076 4549 1171 4603 καὶ
1192 4546 1313 4602 τόδε
1337 4544 1635 4615 πυθοίμην,
1673 4541 1735 4595 Ei
1767 4539 1860 4594 τὸν

292 4651 467 4719 Λόγον
490 4647 727 4717 Χριστέιν
758 4641 1086 4713 όνομάζουσί
1115 4658 1231 4703 πως
1258 4656 1272 4704 ;
1299 4637 1332 4708 ἢ
1363 4637 1458 4690 καλ⁵
1486 4636 1577 4689 τὸν
1605 4633 1861 4704 Χριστὸν,

292 4745 341 4798 εί
365 4737 604 4813 πρὶς-τῷ
634 4734 745 4807 Υίῷ
768 4735 862 4787 καὶ
879 4731 1015 4802 Θεῷ,
1043 4730 1177 4799 φασὶ
1220 4730 1313 4782 καὶ
1339 4728 1533 4794 Λόγον,
1559 4725 1606 4795 ,ἣ
1632 4725 1781 4793 οὐχί;
1817 4722 1865 4773 εἰ

1936 2253 2099 2306 quam
2132 2237 2422 2289 maximam
2469 2233 2832 2304 participasse
2864 2271 2877 2295 ,
2920 2227 3287 2299 respondeant
3314 2226 3471 2280 nobis
3508 2243 3522 2279 :

1936 2330 2125 2397 Qualis
2179 2337 2263 2383 est
2328 2328 2567 2396 dignitas
2638 2325 2779 2380 ista?
2844 2322 2987 2378 Num
3041 2338 3147 2390 qua
3215 2320 3523 2382 naturalis,

1939 2422 2117 2492 qualis
2170 2431 2255 2476 est
2322 2421 2563 2475 hominis
2619 2434 2787 2488 super
2845 2416 3101 2471 animalia
3143 2413 3522 2468 substantialis

1940 2516 2274 2585 praestantia,
2315 2520 2475 2585 prout
2520 2512 2728 2567 dictum
2759 2519 2845 2565 est
2886 2526 2898 2563 :
2938 2529 2955 2560 ι
2994 2508 3187 2563 Omnia
3239 2504 3522 2575 subjecisti

1941 2607 2044 2660 sub
2109 2606 2341 2675 pedibus
2372 2606 2526 2674 ejus,
2567 2619 2697 2658 oves
2729 2614 2785 2657 et
2836 2602 3007 2656 boves
3055 2598 3461 2653 universas"?
3502 2615 3523 2647 ι

1941 2700 2023 2755 An
2057 2698 2331 2761 accidens,
2366 2697 2543 2765 qualis
2590 2711 2755 2765 supra
2798 2693 3141 2747 contribules
3186 2685 3367 2745 Saulis
3412 2688 3524 2741 ccl—

1943 2791 2178 2848 situdo?
2220 2789 2276 2843 Si
2319 2790 2544 2858 quidem
2592 2788 2740 2841 enim
2792 2785 3079 2849 accidens,
3136 2798 3203 2837 eo
3249 2783 3369 2851 ipso
3425 2795 3528 2833 nec

1944 2885 2165 2948 divina,
2208 2898 2311 2937 nec
2352 2879 2732 2943 memoranda;
2776 2878 2823 2934 si
2870 2893 3003 2931 vero
3047 2875 3358 2937 naturalis,
3410 2889 3529 2926 nta-

1944 2978 2202 3032 nifestum
2251 2986 2340 3031 est
2395 2990 2504 3029 non
2536 2989 2664 3027 vere
2710 2973 2937 3041 sineque
2987 2969 3207 3024 fictione
3252 2982 3371 3021 eam
3401 2980 3528 3034 par-

1946 3069 2201 3137 ticipasse
2271 3067 2424 3121 illum
2489 3064 2582 3135 qui
2646 3064 2798 3134 prior
2857 3070 3053 3116 natura
3116 3075 3183 3114 ex
3241 3059 3334 3111 illa
3389 3072 3528 3111 con-

1946 3171 2123 3217 stante
2173 3176 2283 3214 non
2338 3167 2474 3213 erat.
2531 3157 2587 3212 Si
2649 3171 2780 3225 ergo
2831 3154 3138 3209 naturalem
3208 3150 3531 3220 dignitatem

1945 3255 2041 3309 Dei
2101 3252 2351 3308 Christus
2410 3250 2797 3320 participavit,
2862 3255 2919 3300 et
2976 3260 3175 3299 nomen
3226 3244 3370 3297 Deus
3430 3257 3532 3294 na-

1950 3354 2071 3401 tura
2114 3344 2395 3415 pr0prium
2442 3350 2545 3403 est,
2592 3350 2741 3410 patet
2779 3338 2952 3401 illum,
2991 3338 3107 3405 ipsa
3152 3336 3305 3405 prius
3346 3333 3532 3387 divina

1948 3438 2188 3508 positum
2212 3443 2430 3497 natura,
2452 3433 2608 3502 cujus
2635 3429 2852 3500 pmpria
2876 3436 2959 3482 est
2975 3426 3213 3497 dignitas
3236 3434 3290 3479 et
3310 3438 3532 3485 nomen,

1951 3541 2009 3586 et
2044 3530 2160 3584 haec
2189 3528 2351 3582 simul
2381 3527 2637 3580 sortitum
2682 3540 2823 3577 esse.
2867 3523 3033 3576 Recte
3077 3521 3243 3589 igitur
3271 3517 3536 3594 przedica-

1952 3638 2076 3677 mus
2117 3621 2317 3675 divinae
2362 3633 2486 3673 cum
2529 3618 2768 3670 humana
2814 3613 3257 3683 conjunctionem
3302 3619 3531 3662 natum.

1952 3715 2062 3769 Aut
2106 3713 2150 3768 si
2188 3728 2275 3766 res
2318 3712 2391 3765 ita
2432 3725 2502 3789 se
2538 3724 2649 3763 non
2680 3707 2867 3768 habet,
2912 3706 3077 3758 homo
3106 3703 3221 3772 ipse
3256 3701 3309 3753 in
3344 3700 3536 3769 hujus-

1955 3804 2105 3858 modi
2139 3803 2381 3856 divinam
2426 3808 2678 3854 naturam
2714 3811 3035 3857 conversus,
3082 3793 3281 3847 divina:
3325 3799 3538 3843 natura:

1956 3892 2278 3963 dignitatem
2322 3904 2448 3944 cum
2483 3886 2704 3941 nomine
2738 3884 2998 3939 obtinuit.
3050 3882 3117 3936 Et
3144 3880 3271 3935 inde
3313 3880 3418 3933 erit
3443 3886 3540 3931 aut

1955 4000 2137 4053 neque
2168 3989 2418 4037 servetur
2452 3979 2633 4035 adhuc
2667 3978 2783 4047 ipse
2826 3976 2919 4045 qui
2956 3973 3277 4045 dignitatem
3310 3984 3533 4039 prome-

1960 4076 2093 4139 ruit,
2130 4090 2235 4129 nec
2272 4078 2592 4145 permaneat
2624 4069 2718 4140 qui
2766 4066 2973 4138 recepit
3016 4066 3268 4136 gratiam,
3302 4080 3403 4117 nec
3429 4061 3540 4116 sint

1961 4168 2189 4225 omnino
2227 4166 2351 4220 dum
2398 4170 2610 4217 natum
2665 4161 2946 4230 subjectae,
2988 4173 3090 4231 nec
3132 4157 3267 4227 ipsis
3311 4170 3541 4226 prorsus

1961 4268 2215 4317 servetur
2264 4256 2412 4327 quod
2467 4264 2552 4309 est
2598 4254 2901 4307 humanum
2945 4251 3001 4305 in
3056 4248 3299 4310 Christo,
3336 4248 3465 4302 licet
3510 4261 3541 4301 e

1962 4362 2152 4410 contra
2200 4350 2346 4421 quod
2401 4357 2486 4405 est
2537 4346 2787 4402 divinum
2839 4344 2908 4399 ab
2948 4343 3069 4413 ipso
3110 4342 3294 4413 potius
3323 4339 3541 4394 auferre

1964 4444 2321 4502 contendant.
2477 4505 2481 4509 _
3180 4482 3185 4487 .

2031 4533 2294 4587 Libenter
2331 4529 2511 4583 adhuc
2552 4527 2620 4581 ab
2669 4526 2831 4580 eis‘et
2863 4525 2966 4578 hoc
2998 4521 3447 4576 sciscitaremur:
3485 4515 3541 4570 Si

1966 4624 2206 4679 Verbum
2256 4620 2533 4689 appellant
2587 4616 2908 4679 Christum,
2963 4610 3277 4682 quomodo?
3335 4609 3427 4663 Vel
3489 4616 3547 4660 ct

1966 4715 2268 4776 Christum,
2316 4721 2514 4780 praeter
2542 4708 2741 4762 Filium
2776 4714 2832 4760 et
2875 4706 3067 4767 Deum,
3102 4703 3292 4757 dicunt
3325 4710 3379 4754 et
3407 4699 3545 4754 Ver~

297 4836 396 4907 μὲν
413 4789 507 4886 θῦν
535 4792 655 4901 ούχὶ
678 4871 693 4893 ,
718 4789 838 4881 ⁸ἰδοὺ
866 4789 1143 4879 πάνταέὰ
1173 4820 1397 4874 δοθέντα
1429 4789 1519 4870 im’
1566 4789 1746 4869 αἰτῶι
1780 4815 1848 4877 είς

1968 4804 2246 4870 bum,~vel
2296 4818 2428 4856 non.
2486 4800 2542 4854 Si
2573 4798 2797 4869 quidem
2848 4812 2996 4861 non;
3046 4810 3175 4849 ecce
3232 4801 3431 4847 cuncta
3477 4789 3548 4843 ab

1967 4901 1978 4909 -
2054 4899 2064 4909 .
2439 4893 2451 4905 ο
2526 4892 2537 4909 .
2650 4908 2657 4909 ,
3076 4892 3384 4909 ____.-__m.
3445 4897 3547 4909 MA

294 4926 459 4997 τιμὴν
489 4919 726 4994 Χριστοῦ
758 4916 1085 4987 ἀνέτρεψαν,
1112 4913 1204 4967 καὶ
1229 4910 1351 4965 οὐδὲ
1374 4908 1474 4980 τὴν
1496 4908 1638 4963 κατὰ
1663 4906 1723 4959 τὸ
1748 4906 1865 4958 ὅνο-

300 5034 375 5088 μα
405 4996 570 5083 ψιλὴν
598 5007 885 5065 κοινωνίαν
909 5004 1237 5075 παρέχουσιν
1268 5001 1338 5071 ἣν
1394 4996 1815 5070 προσποιοῦνται
1847 5010 1863 5026 ·

296 5085 343 5160 ἐξ
373 5107 482 5177 γὰρ
510 5104 585 5177 μὴ
621 5102 801 5172 λόγος,
827 5099 947 5153 οὐδὲ
986 5094 1123 5150 Θεοῦ
1165 5094 1292 5157 re;
1328 5090 1557 5162 φυσικὸς
1581 5128 1597 5153 ,
1629 5088 1748 5142 οὐδὲ
1792 5085 1868 5157 τῷ

298 5199 554 5269 ὀνόματι·
585 5197 633 5249 εί
654 5195 712 5249 δὲ
741 5192 915 5248 ταῦτα
957 5186 1376 5256 διαΰλεψάμενοι
1411 5181 1734 5252 ὀνομάζουσι
1777 5179 1872 5233 καὶ

300 5290 469 5359 Λόγον
493 5287 583 5341 τὸν
608 5284 865 5359 Χριστὸν,
890 5283 983 5336 καὶ
1009 5281 1100 5336 τὸν
1128 5280 1301 5347 Λόγον
1321 5276 1576 5348 Χριστὸν,
1602 5274 1683 5337 είς
1702 5288 1871 5343 προσ-

302 5384 455 5435 ώπου
500 5378 822 5443 ἁντένδειξιν
850 5376 958 5447 ἄρα
983 5376 1077 5429 καὶ
1124 5369 1557 5441 ἀντωνομασίαν,
1592 5367 1691 5437 τῆς
1743 5365 1876 5435 κλήο

306 5490 442 5535 σεως
467 5472 567 5542 τῆς
604 5469 803 5541 σαρκὸς
833 5468 930 5521 καὶ
974 5466 1065 5520 τὸν
1114 5465 1285 5532 Λόγον
1330 5461 1493 5515 αὐτὸν
1548 5457 1875 5531 μεταλαϐεῖν

306 5582 470 5635 φασιν
492 5577 505 5592 ⁸
542 5566 600 5616 ὲν
622 5564 731 5632 ὅσῳ
760 5556 852 5615 οὖν
891 5560 955 5613 τὸ
999 5559 1129 5612 αὐτδ
1163 5557 1293 5611 ἴδιον
1326 5555 1617 5625 πρόσωπον
1657 5550 1876 5620 ἐπέχειν

306 5657 403 5728 τὴν
438 5656 618 5726 σάρκα
645 5653 893 5724 βούλεται
924 5653 1018 5706 καὶ
1046 5650 1205 5704 τοῦτο
1236 5647 1563 5720 ἐμφανίσαι,
1589 5644 1879 5715 εὑρεθήσε-

306 5769 392 5805 ται
426 5751 585 5815 αὐτὸς
614 5751 673 5802 τὸ
701 5750 917 5819 ἐκείνης
962 5747 1173 5817 ἐπέχων
1196 5761 1210 5774 ⁶
1249 5744 1406 5799 τοῦτο
1450 5742 1505 5796 δὲ
1556 5736 1878 5794 ἀντικαταλ-

378 5927 428 5959 "
469 5924 609 5981 Psal.
639 5941 752 5991 \‘lll,
787 5923 832 5977 8.

1966 4899 2099 4970 ipsis
2132 4910 2391 4953 concessa
2438 4893 2493 4947 in
2526 4892 2790 4947 honorem
2816 4888 3024 4945 Christi
3070 4892 3413 4967 everterunt,
3445 4897 3547 4937 nec

1965 4992 2141 5064 ipsam
2172 4990 2312 5044 hanc
2352 4986 2654 5057 simplicem
2689 4984 2992 5038 secundum
3026 4995 3227 5035 nomen
3260 4976 3550 5047 proferunt

1970 5083 2435 5145 communionem,
2469 5094 2632 5148 quam
2665 5077 2894 5147 lingunt.
2951 5073 3066 5128 Nisi
3103 5072 3250 5126 enim
3283 5068 3546 5128 Verbum,

1970 5194 2075 5234 nec
2121 5175 2218 5230 Dei
2249 5173 2422 5229 Filius
2447 5147 2735 5233 naturalis,
2792 5183 2891 5222 nec
2935 5164 3249 5219 nominalis.
3306 5160 3362 5214 Si
3395 5174 3548 5217 vero,

1975 5270 2098 5326 istis
2136 5265 2485 5339 perspectis,
2532 5262 2806 5332 appellent
2869 5258 3148 5314 Christum
3202 5254 3440 5308 Verbum
3497 5258 3554 5306 et

1979 5363 2220 5419 Verbum
2248 5360 2548 5422 Christum,
2587 5363 2718 5410 tunc
2741 5354 2807 5408 ad
2842 5366 3088 5422 persona:
3118 5348 3461 5418 negationem
3490 5360 3553 5398 ac

1981 5452 2499 5513 contradictionem,
2547 5463 2745 5502 nomen
2777 5446 2959 5501 carnis
3004 5453 3059 5499 et
3104 5444 3280 5513 ipsum
3310 5439 3551 5494 Verbum

1981 5550 2259 5621 accepisse
2289 5548 2499 5602 dicunt.
2551 5544 2611 5598 In
2653 5556 2983 5613 quocunque
3028 5554 3157 5594 sane
3188 5538 3303 5606 ipsa
3332 5530 3556 5605 propria

1980 5657 2216 5714 persona
2245 5654 2465 5696 carnem
2487 5651 2765 5692 assumere
2795 5634 2928 5690 velit
2964 5632 3127 5701 idque
3171 5626 3369 5691 videri,
3414 5625 3553 5692 ipse,

1984 5712 2132 5806 quod
2160 5742 2244 5789 est
2286 5731 2490 5795 carnis,
2539 5729 2747 5785 habere
2790 5724 3117 5798 reperietur.
3174 5718 3279 5775 Sed
3308 5717 3424 5770 haec
3451 5712 3558 5768 erit
