4042 6538
503 477 527 542 1
539 476 644 542 639

1780 477 2098 555 LEONTII,
2125 477 2533 539 BYZANTINI

3632 478 3778 544 1610

505 595 758 669 quaedam
809 590 1176 664 reciprocatio
1225 605 1592 663 personarum
1648 602 1706 648 et
1758 590 2083 657 nominum,

2189 590 2332 662 λαγή
2371 605 2455 653 τις
2493 588 2646 641 ἔσται
2675 583 2990 659 προσώπων
3010 585 3105 640 καὶ
3129 583 3434 656 ὀνομάτων,
3469 583 3560 640 διά
3606 588 3776 641 ποίαν

489 691 646 764 juxta
694 695 902 744 certam
963 683 1434 756 dispensationem
1486 701 1500 738 :
1551 683 1756 740 etenim
1807 685 1852 739 si
1905 685 2082 739 solum

494 789 644 836 certe
677 775 937 834 convenit
983 774 1175 845 majori
1223 775 1447 829 nomine
1488 774 1759 830 minorem
1792 790 2084 846 personam

494 872 760 936 exaltare,
786 869 919 940 quid
957 883 1096 938 opus
1141 874 1226 921 est
1263 868 1526 938 majorem
1556 881 1847 936 personam
1880 866 2083 921 minori

495 963 721 1018 nomine
755 961 1089 1031 deprimere.
1132 960 1291 1015 Nulla
1331 967 1418 1014 est
1447 959 1598 1014 extim
1632 958 1840 1013 utilitas
1870 957 2083 1029 gloriﬁ-

496 1066 622 1112 cato
671 1072 738 1110 ex
797 1054 1140 1126 ignobilitate
1187 1051 1552 1125 glorificantis
1605 1066 1753 1106 eum.
1813 1049 1923 1106 Sed
1979 1065 2084 1106 nec

495 1150 676 1220 ipsum
720 1149 981 1212 Verbum,
1041 1161 1142 1202 suo
1176 1146 1399 1217 proprio
1442 1145 1667 1200 nomine
1701 1159 1922 1199 carnem
1967 1144 2084 1215 glo-

495 1242 741 1307 riﬁcans,
784 1257 851 1296 ex
906 1242 1025 1311 ejus
1081 1239 1302 1294 nomine
1345 1238 1573 1309 gloriam
1619 1253 1895 1308 quaerens,
1946 1235 2081 1292 illud

489 1333 733 1404 accepit.
805 1333 1066 1398 Quaanam
1125 1331 1293 1401 igitur
1336 1339 1421 1385 est
1467 1346 1634 1386 causa
1682 1339 1868 1402 partes
1910 1329 2081 1384 advo-

494 1423 678 1486 candi,
726 1422 933 1487 dicant,
981 1421 1086 1476 nisi
1142 1429 1317 1474 totum
1356 1419 1652 1491 colligendi
1704 1419 1888 1474 ratio?
1941 1419 2079 1474 Dum

488 1530 628 1569 vero
669 1512 870 1568 frustra
896 1511 1108 1576 dicunt,
1159 1511 1343 1566 omnia
1373 1527 1504 1566 sane
1552 1527 1896 1582 quaecumque
1935 1511 2082 1565 Deus

489 1591 738 1661 Verbum
771 1612 877 1670 est,
935 1605 1051 1658 haec
1086 1612 1143 1658 et
1194 1620 1316 1659 esse
1364 1604 1646 1659 hominem
1693 1603 1795 1674 ipsi
1838 1604 2076 1661 unitum.

487 1695 633 1750 nihil
679 1695 847 1750 Verbi
905 1694 1213 1750 tribuentes
1263 1695 1485 1751 Christo
1527 1695 1598 1752 ab
1642 1696 1736 1749 illo
1788 1705 2076 1765 separato,

492 1785 772 1855 quomodo
813 1783 1024 1855 pudore
1075 1800 1185 1839 non
1248 1783 1600 1840 adicientur?
1629 1783 1764 1839 Nam
1832 1784 1900 1848 si,
1940 1801 2080 1855 prmo

493 1888 579 1935 ter
629 1878 804 1949 ipsius
855 1879 1223 1934 substantiam
1267 1879 1475 1950 aliquid
1521 1889 1607 1935 est
1655 1879 1800 1934 Deus
1834 1879 2076 1933 Verbum

485 1973 645 2043 quod
695 1971 917 2028 Christo
967 1973 1382 2040 communicat,
1440 1988 1508 2028 eo
1561 1975 1683 2044 ipso
1729 1971 1936 2044 aliquid
1994 1979 2079 2027 est

484 2065 752 2122 accidens
784 2075 993 2120 tantum
1024 2084 1038 2120 :
1071 2064 1221 2137 quod
1274 2082 1382 2121 non
1418 2082 1488 2123 ex
1535 2082 1624 2123 me
1677 2066 1837 2133 dico;
1887 2065 1984 2120 sed
2034 2065 2080 2120 si

486 2158 627 2230 quid
678 2159 733 2213 in
768 2159 888 2229 ipso
926 2172 1167 2229 prorsus
1214 2157 1475 2214 accidens
1527 2168 1774 2233 putatur,
1820 2168 2080 2215 caeterum

488 2269 605 2308 non
640 2252 747 2308 erit
774 2253 940 2307 Deus.
983 2251 1038 2308 Si
1072 2260 1257 2306 autem
1292 2261 1492 2323 praeter
1536 2252 1902 2308 substantiam
1943 2253 2081 2309 Ver-

492 2344 624 2400 bum
655 2355 738 2399 est
771 2351 982 2397 tantum
1032 2343 1342 2414 hypostasis
1380 2343 1496 2408 Dei,
1527 2343 1633 2400 hoc
1663 2345 1826 2399 etiam
1870 2345 2076 2400 dicant.

486 2438 576 2494 Eo
623 2437 772 2509 quod
829 2453 980 2491 nunc
1030 2436 1198 2492 homo
1257 2435 1515 2493 Christus
1567 2447 1654 2493 est
1693 2453 1819 2492 cum
1875 2437 2076 2505 Verbo,

473 2530 772 2602 lquomodo
794 2545 903 2584 non
948 2528 1240 2584 evidenter
1289 2531 1601 2585 secundum
1644 2530 1965 2601 hypostasin
1996 2532 2077 2588 illi

490 2623 686 2680 unitus
711 2625 836 2680 est?
882 2623 978 2680 Vel
1025 2623 1172 2678 enim
1209 2622 1354 2693 apud
1387 2623 1627 2681 Verbum
1656 2623 1818 2679 aliam
1842 2624 2077 2680 similem

493 2715 741 2773 hominis
789 2731 912 2771 esse
965 2715 1162 2770 dicunt
1217 2715 1560 2787 hypostasin,
1613 2714 1743 2770 huic
1781 2714 1987 2782 datam,
2021 2726 2080 2772 et

487 2818 662 2866 erunt
703 2808 816 2864 duo
847 2808 1048 2872 Verba,
1086 2816 1144 2862 et
1186 2806 1290 2862 ista
1327 2805 1440 2860 duo
1475 2805 1574 2872 dii,
1626 2816 1683 2861 et
1715 2806 1826 2861 duo
1867 2807 1985 2872 lilii,
2013 2815 2078 2863 et

493 2902 852 2974 quaternaria
893 2908 1080 2955 sancta
1127 2898 1413 2965 Trinitas;
1460 2899 1548 2954 vel
1573 2899 1618 2954 si
1666 2898 1784 2954 haec
1822 2915 1931 2954 una
1970 2901 2076 2956 bu-

494 3012 671 3051 mana:
707 3004 920 3050 natura:
963 2992 1388 3056 communicata.
1417 2990 1473 3046 id
1502 3001 1608 3055 est,
1639 3007 1763 3047 eam
1789 3008 2078 3050 assumens

486 3089 551 3144 in
585 3087 900 3158 semetipsa,
934 3084 1246 3146 communis
1270 3091 1355 3139 est
1382 3083 1550 3140 Verbi
1580 3093 1637 3140 et
1659 3085 1843 3141 carnis
1869 3085 2076 3142 Christi

487 3180 828 3252 hypostasis,
878 3186 1028 3234 recte
1059 3192 1161 3233 nos
1200 3191 1531 3232 veneramur
1561 3176 1617 3231 in
1663 3177 1885 3233 Christo
1909 3177 2076 3234 Verbi

2187 681 2298 752 ἄρα
2334 680 2685 752 οίκονομίαν;
2725 681 2772 733 εί
2810 677 2922 751 γὰρ
2964 678 3030 751 δὴ
3085 679 3248 750 μόνον
3294 677 3509 750 ὑψῶσαι
3554 679 3664 735 ἔδει
3695 682 3778 752 τῷ

2190 773 2396 846 μείζονι
2423 771 2650 843 ὀνόματι
2672 770 2735 826 τὸ
2757 767 2924 844 ἦττον
2954 772 3272 843 πρόσωπον,
3305 772 3392 836 τίς
3421 773 3457 843 ἡ
3494 775 3656 844 χρεία
3677 773 3776 828 τοῦ

2184 863 2525 918 ταπεινῶσαι
2552 861 2615 916 τὸ
2647 863 2832 934 μεῖζον
2862 862 3160 934 πρόσωπον
3187 863 3268 934 τῷ
3300 865 3485 934 ἥττονι
3506 866 3774 936 ὀνόματις

2183 957 2246 1011 οὑ
2281 957 2392 1028 γάρ
2427 972 2515 1020 τις
2533 953 2729 1027 όνησις
2755 954 2834 1026 τῷ
2863 954 3211 1022 δοξασθέντι,
3243 959 3307 1010 ὲκ
3334 957 3434 1028 τῆς
3470 958 3568 1011 τοῦ
3616 958 3774 1024 δοξά-

2185 1067 2379 1113 σαντος
2409 1048 2574 1104 αὑτὸν
2604 1047 2851 1116 ἀδοξίας·
2883 1048 3001 1102 ἀλλ’
3035 1049 3162 1104 οὑδὲ
3188 1049 3348 1112 αὐτὸς
3373 1053 3401 1103 ό
3435 1050 3670 1116 δοξάσας
3695 1052 3775 1122 τῷ

2187 1143 2303 1216 ίδίῳ
2317 1142 2547 1214 ὀνόματι
2567 1139 2667 1213 τὴν
2692 1142 2874 1212 σάρκα
2895 1142 3092 1210 Λόγος,
3122 1142 3278 1214 δόξης
3304 1142 3559 1214 δεόμενος
3587 1149 3651 1199 ἑκ
3678 1146 3774 1200 τοῦ

2181 1236 2448 1307 ὀνόματος
2470 1233 2643 1304 αὐτῆς
2673 1233 2832 1289 τοῦτο
2863 1235 3161 1307 μετείληφε
3179 1251 3196 1270 ο
3213 1237 3296 1301 τίς
3315 1234 3410 1291 οὖν
3434 1239 3468 1308 ἡ
3491 1239 3646 1293 αἰτία
3671 1239 3776 1308 τῆς

2186 1326 2577 1399 μετακλήσεως
2605 1326 2716 1380 τῶν
2749 1327 2959 1400 μερῶν,
2991 1328 3224 1393 εἴποιεν,
3249 1330 3298 1383 εί
3335 1328 3412 1402 μὴ
3434 1331 3466 1383 ό
3494 1331 3654 1401 λόγος
3673 1332 3775 1400 τῆς

2179 1419 2273 1472 τοῦ
2309 1419 2432 1474 ὅλου
2466 1418 2810 1485 συνθέσεως;
2854 1420 2913 1472 ὲν
2947 1419 3005 1473 δὲ
3038 1421 3119 1494 τῷ
3147 1419 3328 1490 λέγειν
3362 1423 3562 1486 αὐτοὺς
3599 1423 3727 1493 εικῆ
3754 1464 3770 1487 ,

2179 1511 2262 1564 ὅτι
2295 1511 2427 1578 Ναὶ,
2459 1509 2638 1568 πάντα
2680 1511 2784 1566 ὃσα
2805 1511 2955 1565 ἐστὶν
2981 1514 3010 1566 ό
3037 1512 3174 1576 Θεὸς
3196 1513 3372 1582 Λόγος
3395 1555 3411 1578 ,
3447 1517 3566 1568 ἐστὶ
3612 1515 3709 1568 καὶ
3744 1516 3774 1568 ό

2181 1605 2406 1668 ὲνωθεὶς
2431 1603 2581 1675 αὑτῷ
2602 1603 2910 1676 ἄνθρωπος,
2941 1605 3110 1676 μηδὲν
3141 1603 3237 1659 τοῦ
3267 1605 3444 1673 Λόγου
3491 1604 3771 1669 διδοῦντας

2179 1695 2406 1769 Χριστῷ
2425 1697 2916 1769 διακεχωρισμένῳ
2959 1697 3128 1752 αὐτοῦ
3153 1738 3169 1763 ,
3223 1696 3344 1763 πῶς
3389 1699 3618 1764 ἑαυτοὺς
3669 1701 3772 1752 οὐκ

2179 1790 2657 1862 ὲντραπὴσονται;
2688 1791 2738 1843 εί
2765 1791 2873 1861 γὰρ
2901 1790 3016 1845 ἐστι
3044 1807 3098 1844 τι
3125 1792 3154 1845 ό
3176 1789 3310 1854 Θεὸς
3329 1790 3504 1859 Λόγος
3533 1791 3672 1864 πρὸς
3704 1794 3769 1862 τῇ

2177 1882 2340 1954 οὐσίᾳ
2371 1866 2540 1934 αὑτοῦ
2565 1879 2594 1935 ὃ
2622 1880 2948 1951 μεταδίδωσι
3003 1881 3226 1953 Χριστῷ
3248 1923 3264 1946 ,
3321 1881 3674 1952 συμϐεϐηκός
3717 1900 3772 1935 τι

2184 1972 2305 2027 κατ’
2337 1973 2516 2027 ὲκείνο
2541 1972 2702 2044 μόνον
2732 1973 2906 2038 ἐστὶν,
2932 1974 2993 2027 οὑ
3023 1973 3167 2042 λέγω
3198 1969 3292 2028 οὗν
3318 1963 3484 2038 αὑτός
3513 1991 3527 2005 ·
3559 1974 3699 2029 ἀλλά
3721 1976 3769 2029 εί

2183 2067 2242 2119 ὲν
2274 2065 2426 2138 αὐτῷ
2453 2066 2592 2130 ὅλως
2623 2065 2976 2137 συμσεὸηκός
3014 2083 3067 2121 τι
3088 2070 3316 2132 νοεῖται,
3349 2069 3414 2121 οὑ
3441 2067 3576 2130 Θεὸς
3615 2067 3770 2121 ἔσται

2183 2157 2369 2214 λοιπόν
2394 2172 2409 2187 ο
2451 2158 2502 2210 εί
2533 2156 2591 2211 δὲ
2621 2157 2926 2220 ὑπόστασις
2975 2158 3094 2210 ἐστι
3129 2156 3268 2212 Θεοῦ
3311 2157 3450 2228 πρὸς
3503 2162 3569 2230 τῇ
3609 2159 3770 2231 οὐσία

2174 2250 2349 2333 ,μόνον
2370 2252 2402 2305 ὁ
2426 2250 2622 2320 Λόγος,
2654 2253 2764 2304 ικαὶ
2792 2249 2954 2304 τοῦτο
2997 2250 3204 2307 εῐποιεν
3230 2267 3244 2282 ·
3271 2253 3355 2306 ὅτι
3378 2251 3476 2305 καὶ
3503 2254 3531 2306 ό
3557 2251 3770 2322 ἄνθρω-

2183 2359 2286 2407 πος
2314 2342 2552 2416 Χριστός
2573 2343 2690 2397 ἐστι
2710 2342 2806 2397 νῦν
2823 2345 2920 2398 σὺν
2945 2342 3026 2415 τῷ
3051 2345 3232 2417 Λόγῳ,
3261 2343 3381 2409 πῶς
3401 2345 3462 2398 οὐ
3485 2343 3611 2400 καθ’
3635 2345 3769 2398 ὑπό-

2184 2451 2372 2490 στασιν
2414 2435 2625 2509 ἥνωται
2669 2434 2821 2507 αὑτῷ
2871 2437 3092 2506 seruarc;
3128 2437 3162 2508 ἢ
3202 2436 3311 2510 γὰρ
3363 2437 3533 2509 ἀλλην
3573 2437 3769 2508 ὁμοίαν

2183 2526 2482 2585 ὕπόστασίν
2515 2543 2649 2598 φασι
2677 2527 2772 2582 τοῦ
2801 2528 3092 2600 ἀνθρώπου
3115 2529 3261 2586 κατά
3289 2529 3382 2585 τὸν
3401 2530 3576 2599 Λόγον
3627 2525 3769 2584 εἶναι

2179 2620 2280 2692 τὴν
2308 2608 2554 2676 δοθεῖσαν
2586 2619 2756 2690 αὐτῷ,
2779 2623 2874 2674 καὶ
2900 2622 2993 2675 δύο
3019 2622 3169 2691 λόγοι
3194 2619 3305 2676 εἷεν
3332 2663 3346 2684 .
3383 2623 3479 2678 καὶ
3509 2623 3604 2680 δύο
3654 2623 3768 2676 θεοὶ

2179 2705 2349 2776 οὗτοι,
2382 2712 2477 2766 καὶ
2504 2711 2610 2764 υίοὶ
2641 2711 2755 2774 δύο,
2785 2713 2883 2770 καὶ
2917 2715 3116 2785 τετρὰς
3159 2717 3194 2785 ἡ
3238 2716 3372 2785 ἀγία
3403 2717 3606 2787 Τριάς·
3646 2719 3683 2789 ἤ
3721 2721 3769 2771 εἰ

2179 2803 2319 2876 αῦτη
2356 2804 2458 2875 μία
2498 2805 2852 2877 μεταδοθεῖσα
2867 2809 2934 2879 τῇ
2955 2807 3116 2878 φύσει
3133 2812 3199 2882 τῇ
3230 2810 3572 2883 ἀνθρωπεία,
3596 2811 3771 2882 ἤγουν

2181 2894 2688 2966 συμπαραλαὸοῦσα
2703 2899 2762 2951 ὲν
2779 2899 2977 2970 ἑαυτῇ,
3011 2901 3164 2973 κοινή
3202 2904 3317 2954 ἐστι
3345 2900 3441 2954 τοῦ
3467 2902 3650 2970 Λόγου
3680 2903 3771 2959 καὶ

2177 2991 2278 3060 τῆς
2311 2990 2512 3064 σαρκὸς
2548 2991 2788 3062 Χριστοῦ
2822 2991 3162 3058 ὑπόστασις,
3203 2993 3382 3064 ὀρθῶς
3433 2993 3674 3065 σέϐομεν
3715 2995 3772 3049 ἐν

2178 3082 2402 3154 Χριστῷ
2433 3084 2535 3153 τὴν
2561 3085 2686 3138 καθ’
2719 3085 3021 3142 ὑπόστασιν
3049 3085 3142 3139 τοῦ
3173 3087 3348 3155 Λόγου
3381 3087 3605 3158 καὶτῆς
3637 3103 3772 3160 σαρ-

2180 3174 2277 3240 κὸς
2307 3175 2506 3234 ἕνωσιν
2528 3177 2691 3249 ἡμεῖς
2730 3193 2746 3210 ο
2785 3177 2899 3232 ἀλλ’
2924 3176 3102 3243 οὑτως
3139 3178 3241 3250 μὲν
3269 3178 3417 3238 τάδε.

484 3284 552 3332 et
579 3274 764 3330 carnis
805 3270 1110 3328 secundum
1141 3269 1461 3342 hypostasin
1499 3269 1784 3326 unionem.
1815 3269 1923 3326 Sed
1957 3271 2080 3342 qui—
2106 3299 2149 3358 ο
2213 3269 2220 3277 ’

487 3368 620 3424 dem
647 3382 738 3423 res
773 3366 847 3422 ita
873 3373 976 3421 est.

565 3461 770 3518 Verum
811 3458 1028 3516 etiamsi
1076 3473 1187 3515 non
1237 3465 1387 3513 esset
1441 3457 1550 3514 ulla
1587 3457 1898 3514 confutatio
1940 3459 2079 3515 isto-

490 3570 620 3614 tum
663 3562 1122 3626 argumentorum
1161 3551 1230 3606 ab
1256 3551 1412 3622 'ipsis
1443 3551 1742 3608 allatorum
1769 3553 1826 3608 in
1849 3553 2082 3625 gratiam

491 3649 753 3720 ipsorum
804 3643 1130 3715 impietatis,
1180 3641 1463 3712 quomodo
1495 3657 1606 3698 non
1647 3643 1765 3699 sola
1805 3643 2086 3700 sulliceret

486 3742 568 3804 .ad
599 3737 976 3812 repellendam
1001 3751 1194 3792 eorum
1222 3734 1674 3806 superstitionem
1707 3736 1800 3793 illa
1839 3753 1962 3809 qua:
1993 3753 2084 3795 se-

491 3831 688 3904 quitur
715 3844 784 3884 ex
814 3828 1039 3884 illorum
1066 3825 1543 3898 propositionibus
1565 3825 1880 3883 absurditas
1898 3829 1921 3882 ?
1939 3826 2085 3886 Cum

487 3925 650 3983 enim
676 3937 824 3978 unus
854 3921 928 3977 sit
965 3919 1306 3993 proprietate
1342 3918 1538 3991 Filius,
1567 3926 1632 3975 .ut
1669 3918 1884 3987 dicunt,
1912 3929 2092 3977 totus-

489 4033 612 4091 que
643 4027 841 4071 natura
867 4013 1044 4069 Filius
1080 4011 1202 4078 Dei,
1221 4019 1360 4066 ante
1377 4010 1669 4068 Christum
1697 4021 1754 4069 et
1781 4022 1908 4084 post
1926 4013 2090 4071 Chri-

488 4114 642 4164 stum
671 4102 881 4173 absque
914 4116 1079 4157 carne
1103 4100 1438 4167 intellectus,
1467 4117 1573 4157 una
1591 4102 1804 4161 scilicet
1829 4104 2087 4177 hyposta-

490 4194 597 4259 sis,
613 4207 847 4262 cumque
857 4190 970 4246 alia
983 4190 1056 4248 sit
1072 4188 1630 4262 hypostasisChristi,
1648 4199 1868 4262 totaque
1887 4201 2086 4248 natura

493 4285 676 4344 Filius
710 4280 953 4337 hominis
993 4285 1051 4334 et
1093 4278 1378 4333 incarnata
1408 4279 1648 4348 cognita,
1676 4279 1771 4334 sed
1798 4280 1975 4350 gratia
1999 4279 2086 4335 di-

487 4379 868 4454 gnationeque
891 4389 1027 4447 pura
1049 4389 1112 4430 ac
1149 4373 1389 4445 simplici
1419 4373 1594 4430 Filius
1613 4372 1711 4428 Dei
1750 4371 1921 4437 dicta,
1948 4386 2088 4443 quo-

493 4475 665 4532 modo
692 4487 808 4528 non
853 4477 1046 4525 essent
1067 4466 1182 4524 duo
1200 4465 1303 4526 ﬁlii
1329 4467 1448 4522 ista:
1474 4466 1597 4521 dum
1619 4465 1962 4538 hypostases,
1990 4480 2090 4537 per

488 4569 790 4625 distinctas
823 4563 1122 4619 tlliationes
1150 4570 1206 4618 et
1247 4560 1540 4618 distinctos
1581 4568 1766 4630 patres
1791 4558 2086 4626 distincta},

2252 3447 2321 3504 Εί
2349 3446 2408 3501 δὲ
2431 3447 2525 3503 καὶ
2547 3446 2622 3519 μὴ
2646 3443 2716 3520 ἦν
2754 3466 2840 3514 τις
2877 3449 3159 3525 ἀνατροπὴ
3186 3451 3356 3509 τῶνδε
3391 3454 3502 3508 τῶν
3535 3456 3769 3528 είρημᾶ-

2185 3553 2292 3592 νων
2328 3537 2514 3602 αὐτοῖς
2542 3537 2968 3610 πειθανολογιῶν
2999 3541 3141 3614 ὑπὲρ
3164 3542 3264 3613 τῆς
3286 3543 3468 3599 αὐτῶν
3485 3546 3768 3612 ἀσεϐείας,

2186 3629 2305 3692 πῶς
2335 3631 2436 3717 οὐκ
2469 3630 2694 3702 ἀρκέσει
2738 3633 2833 3686 καὶ
2881 3634 3018 3706 μόνη
3073 3635 3210 3706 πρὸς
3257 3638 3616 3711 ἀποστροφὴν
3671 3641 3770 3713 τῆς

2185 3727 2307 3783 κατ’
2331 3727 2529 3792 αὑτοὺς
2551 3726 2980 3802 δεισιδαιμονίας
3005 3733 3040 3803 ἡ
3063 3733 3306 3806 ἑπομένη
3353 3737 3467 3798 τοῖς
3501 3737 3638 3810 παρ’
3669 3739 3770 3793 αὐ·

2185 3818 2294 3872 τῶν
2326 3817 2559 3889 θέμασιν
2587 3821 2830 3888 ἀτοπίας
2863 3822 2983 3888 ἰνὸς
3010 3825 3119 3896 γὰρ
3166 3824 3296 3879 Υίοῦ
3327 3825 3478 3890 ὄντος
3513 3827 3644 3900 ίδίᾳ,
3697 3828 3771 3894 ὥς

2186 3927 2371 3978 φασιν,
2403 3911 2529 3966 ὅλου
2556 3929 2618 3966 τε
2645 3912 2806 3982 φύσει
2835 3913 2970 3970 Υίοῦ
2997 3915 3095 3970 τοῦ
3127 3916 3287 3982 Θεοῦ,
3316 3919 3424 3989 πρὸ
3449 3920 3693 3992 Χριστοῦ
3712 3940 3768 3980 τε

2187 4005 2282 4058 καὶ
2317 4004 2458 4076 μετά
2490 4006 2727 4077 Χριστὸν
2758 4008 3016 4080 ἀσάρκως
3053 4011 3369 4082 νοουμένου,
3418 4013 3592 4084 ἧγουν
3641 4017 3769 4086 μιᾶς

2187 4097 2540 4165 ὑποστάσεως
2565 4140 2581 4166 ,
2611 4101 2705 4154 καὶ
2732 4101 2924 4173 ἑτέρας
2963 4103 3314 4171 ὑποστάσεως
3355 4107 3456 4178 τῆς
3494 4107 3591 4162 τοῦ
3630 4110 3769 4183 X9;-

2191 4189 2342 4257 στοῦ,
2365 4191 2494 4264 ὅλης
2521 4209 2582 4248 τε
2610 4193 2770 4264 φύσει
2804 4194 2934 4250 Υίοῦ
2956 4197 3246 4266 ἀνθρώπου
3276 4199 3372 4254 καὶ
3389 4201 3662 4273 ὲνσάρκου
3687 4219 3770 4274 γι-

2189 4282 2561 4354 νωσκομένης,
2597 4285 2782 4358 χάριτι
2801 4286 2858 4341 δὲ
2883 4288 2978 4342 καὶ
3001 4287 3128 4362 δόξῃ
3152 4288 3282 4363 ψιλῇ
3313 4291 3451 4364 μόνῃ
3470 4292 3770 4365 λεγομένης

2191 4373 2323 4428 Υίοῦ
2353 4373 2490 4429 Θεοῦ
2513 4414 2531 4443 ,
2567 4375 2685 4441 πῶς
2713 4377 2775 4432 οὑ
2814 4377 2909 4434 δύο
2951 4379 3059 4436 υἱοὶ
3087 4377 3199 4436 εἷεν
3228 4383 3286 4437 αί
3314 4383 3408 4438 δύο
3441 4385 3770 4449 ὑποστάσεις

2189 4462 2350 4523 αῦται
2371 4466 2621 4540 διάφοροί
2651 4485 2710 4523 τε
2733 4471 2829 4524 καὶ
2848 4471 2941 4526 ἐπὶ
2959 4472 3238 4545 διαφόροις
3254 4476 3519 4548 υίότησιν,
3541 4482 3639 4532 καὶ
3663 4480 3770 4533 ἀπὸ

2189 4562 2464 4635 διαφόρων
2494 4565 2702 4619 τοκέων
2723 4607 2739 4632 ,
2771 4567 2868 4621 καὶ
2921 4566 3280 4641 διωρισμέναι
3307 4573 3375 4640 τῇ
3407 4571 3641 4644 ὑπάρξει
3680 4576 3771 4632 καὶ

487 4670 554 4716 ct
574 4655 919 4716 subsistendi
943 4653 1108 4710 modo
1128 4655 1359 4724 locoque
1384 4666 1604 4723 semper
1627 4649 1916 4708 discretae?
1937 4649 2084 4718 Qua-

2191 4655 2342 4726 τόπῳ
2371 4655 2492 4723 det;
2517 4647 2593 4709 ὧν
2615 4657 2664 4709 εί
2691 4656 2790 4727 μὲν
2811 4659 2912 4730 τὴν
2941 4658 3100 4728 φύσει
3130 4660 3286 4715 θείαν
3312 4663 3767 4735 προσκυνοῦντες.

493 4765 622 4808 rum
641 4746 688 4802 si
705 4745 931 4817 quidem
951 4759 1118 4799 unam
1133 4751 1335 4798 natura
1354 4741 1599 4802 divinam
1623 4749 1975 4806 venerantes,
2005 4741 2090 4799 al-

492 4849 676 4897 teram
705 4849 790 4895 est
817 4836 1348 4894 consubstantialem
1397 4835 1504 4890 sibi
1552 4832 1856 4890 diﬁiteutur
1890 4831 2089 4898 Judaei,

487 4933 706 4992 Christi
726 4931 1032 4988 adversarii
1055 4928 1331 4986 manifesti
1359 4937 1564 4995 erunt;
1590 4927 1841 4983 dicentes
1862 4935 1919 4983 et
1942 4925 2047 4998 ipsi
2073 4944 2088 4982 :

498 5047 525 5079 4
550 5027 783 5098 Propter
807 5025 1018 5080 nullum
1032 5023 1237 5080 bonum
1255 5038 1397 5096 opus
1417 5021 1730 5095 lapidamus
1747 5029 1822 5086 te,
1844 5019 1941 5078 sed
1961 5018 2092 5091 quia

502 5125 562 5169 tu
591 5115 756 5170 homo
771 5129 898 5172 cum
919 5113 1018 5179 sis,
1042 5112 1179 5168 facis
1199 5111 1548 5183 temetipsum
1568 5111 1768 5170 Filium
1795 5111 1913 5167 Dei.
1935 5129 1956 5164 ι
1983 5110 2092 5168 Sed

499 5215 556 5263 et
579 5207 625 5263 si
648 5209 816 5263 istam
846 5216 906 5262 ut
932 5207 1106 5263 Deum
1133 5205 1386 5271 adorant,
1423 5221 1586 5277 quam
1613 5203 1960 5262 solummodo
1984 5203 2093 5260 hu-

499 5315 723 5355 manam
755 5307 1064 5372 agnoscunt
1091 5313 1214 5354 esse
1247 5308 1526 5364 naturam,
1554 5297 1731 5354 Graeci
1756 5297 2090 5376 produntur,

492 5401 814 5448 creaturam
843 5394 966 5448 loco
1001 5392 1282 5448 Creatoris
1305 5391 1626 5456 adorantes,
1656 5390 1954 5461 reipsaque
1983 5389 2094 5445 An-

497 5481 882 5552 thropolatrae,
923 5489 980 5537 et
1025 5479 1450 5553 quaternionem
1482 5479 1798 5534 divinarum
1827 5477 2092 5551 hyposta-

491 5588 636 5631 soon
657 5589 724 5629 ex
753 5573 930 5630 tribus
967 5572 1536 5630 consubstantialibus
1553 5581 1608 5628 et
1630 5572 2089 5644 unaalienigena,

494 5663 925 5721 constituentes.
971 5666 1037 5720 Et
1060 5682 1170 5720 non
1194 5665 1418 5720 dicant:
1445 5665 1750 5722 Voluntate
1782 5664 1880 5719 Dei
1913 5664 2093 5719 homi-

502 5774 631 5814 nem
663 5757 944 5814 ChriStum
969 5759 1288 5814 adoramus.
1321 5758 1428 5815 Ubi
1463 5757 1616 5813 enim
1646 5757 1960 5814 docuerunt
1992 5771 2093 5813 nos

502 5851 693 5907 divina
727 5852 950 5908 oracula
977 5852 1258 5907 hominem
1285 5861 1344 5905 ut
1366 5851 1540 5906 Deum
1567 5851 1839 5909 adorare?
1861 5853 1930 5908 At
1961 5867 2091 5908 vero

505 5958 628 6006 non
654 5953 739 6004 est
766 5945 923 6004 locus
942 5961 1052 6018 quo
1071 5943 1259 6002 divina
1284 5943 1570 6019 Scriptura
1603 5959 1717 6004 non
1741 5957 1935 6018 arguat
1956 5947 2094 6003 tales

2191 4748 2295 4819 τὴν
2327 4747 2524 4822 ἑτέραν
2545 4747 2621 4814 ὡς
2648 4750 2936 4820 όμοοῦσιον
2961 4752 3175 4819 ἑαυτοῖς
3215 4754 3767 4828 ἀποπροσποιοῦνταε,

2205 4839 2444 4912 Ἑϐραῖοι
2466 4841 2660 4910 σαφεῖς
2686 4837 2798 4895 εἶεν
2826 4841 3185 4914 ἀντίχριστοι·
3206 4844 3459 4914 λέγοντες
3485 4848 3584 4902 καὶ
3599 4849 3766 4903 αὑτοίι

2199 4949 2219 4984 ι
2245 4931 2383 5002 Περὶ
2413 4931 2580 4989 καλοῦ
2613 4933 2775 5006 ἔργου
2812 4935 2876 4989 οὑ
2909 4933 3200 5008 λιθάζομέν
3221 4953 3304 5005 σε,
3329 4937 3445 4993 ἀλλ’
3475 4939 3559 4994 ὅτι
3589 4943 3655 4995 σὺ
3679 4943 3768 4998 ἀνα

2195 5022 2412 5090 θρωπος
2437 5021 2538 5090 ὢν,
2553 5028 2725 5088 ποιεῖς
2747 5024 2939 5081 ἑαυτὸν
2967 5026 3094 5081 Υίδν
3118 5027 3256 5084 Θεοῦ
3277 5045 3292 5060 ·
3313 5045 3337 5081 λι
3363 5030 3412 5083 εί
3437 5028 3496 5084 δὲ
3519 5033 3623 5087 καὶ
3647 5033 3772 5086 ταύο

2192 5131 2295 5187 την
2317 5113 2396 5179 ὡς
2424 5115 2558 5173 Θεὸν
2603 5115 2880 5183 σὲὗουσιν,
2931 5120 2999 5190 ἠν
3041 5119 3204 5190 μόνον
3235 5119 3592 5194 ἀνθρωπίνην
3639 5119 3773 5178 εἶναι

2195 5207 2359 5278 φύσιν
2387 5207 2768 5280 γινώσκουσιν,
2794 5210 3057 5283 Ἕλληνες
3085 5212 3343 5284 πρόδηλοι
3365 5211 3653 5285 σεϐόμενοι
3685 5216 3774 5287 τὴν

2193 5300 2373 5357 κτίσιν
2403 5301 2558 5373 παρά
2591 5300 2684 5355 τὸν
2714 5302 3000 5369 κτίσαντα,
3056 5302 3154 5358 καὶ
3210 5302 3382 5369 ὅντως
3423 5308 3774 5379 ἁνθρωπολά-

2192 5409 2342 5464 τραι,
2366 5393 2463 5448 καὶ
2499 5394 2736 5466 τετράδα
2767 5395 3126 5461 συνιστῶντες
3169 5395 3330 5450 θείων
3379 5380 3771 5465 ὑποστάσεων,

2192 5481 2258 5535 ἐκ
2286 5483 2456 5554 τριῶν
2502 5483 2805 5554 όμοουσίων
2840 5484 2936 5538 καὶ
2973 5484 3103 5556 μιᾶς
3133 5484 3480 5556 ἑτεροουσίου
3507 5501 3524 5516 ο
3553 5485 3655 5538 καὶ
3681 5484 3774 5538 οὐκ

2192 5575 2417 5642 εἷποιεν,
2461 5577 2543 5631 ὅτι
2589 5575 2750 5631 ’Λλλά
2776 5575 3027 5649 βουλήσει
3052 5575 3190 5632 Θεοῦ
3221 5577 3312 5631 τὸν
3340 5578 3631 5649 ἄνθρωπον
3651 5576 3776 5649 Χρι-

2193 5668 2318 5722 στὸν
2346 5668 2760 5742 προσκυνοῦμεν
2781 5685 2794 5698 ·
2821 5669 2928 5723 ποῦ
2958 5670 3068 5739 γὰρ
3090 5664 3245 5724 εἶπεν
3268 5671 3404 5742 ἡμῖν
3431 5670 3499 5724 τά
3531 5669 3654 5723 θεία
3678 5667 3773 5723 A6-

2192 5777 2308 5831 για,
2361 5764 2689 5830 προσκυνεῖν
2737 5763 2896 5835 ἀνδρὶ
2926 5764 3003 5828 ὡς
3049 5763 3205 5835 Θεῷ;
3251 5763 3367 5819 ἀλλ’
3396 5763 3506 5818 οὐδ’
3537 5762 3690 5817 ἐστιν
3718 5755 3773 5817 οῦ

2195 5852 2271 5926 μὴ
2303 5853 2574 5925 ἐγκαλεῖὴ
2604 5852 2736 5922 άγία
2767 5852 2959 5925 ι’ραφὴ
2985 5855 3097 5916 τοῖς
3130 5852 3357 5908 τοιοῖσδε
3381 5868 3396 5883 ·
3445 5853 3542 5906 καὶ
3565 5868 3747 5923 παρετ

2191 5947 2321 6018 γυᾷ,
2344 5946 2428 6001 ὃτι
2453 5964 2471 6000 ι
2501 5943 2782 6018 Κυρίῳτῷ
2802 5944 2922 6017 Θεῷ
2943 5961 3038 6001 σου
3058 5945 3482 6020 προσκυνήσεις,
3511 5944 3609 6000 καὶ
3630 5941 3774 6018 αὐτῷ

3786 5636 3794 5688 l
