4042 6544
326 412 456 477 1641

1248 417 1644 478 ADVERSUS
1680 415 2302 480 NESTORIANOS.-‘-
2340 422 2488 485 LIB.
2531 423 2646 483 III.

3435 416 3573 479 lﬁi2

329 529 476 596 αόνῳ
497 526 810 597 λατρεύσεις
833 544 848 557 ο
882 546 900 579 ι
929 528 1043 582 ἀλλ’
1075 527 1274 598 ἴδοιμεν
1300 528 1428 599 ἑξῆς
1440 529 1490 582 τί
1507 529 1600 581 καὶ
1621 528 1756 599 πρὸς
1773 528 1898 582 τάδε
1925 577 1932 589 ι

2036 528 2324 588 doratores
2377 542 2434 588 et
2490 535 2742 589 clamet:
2801 552 2819 585 ι
2851 531 3144 587 Dominum
3198 530 3370 585 Deum
3418 539 3574 584 tuum

335 617 720 689 ιιπολογοῦνται
741 620 794 673 οἱ
835 619 1121 690 βέλτιστοι.

890 909 1144 964 ΚΕΦΛΛ.
1204 911 1347 965 Θὀι’.

403 1003 463 1056 Ei
485 1003 610 1064 τοὺς
635 1003 728 1056 δύο
757 1002 926 1067 υίοὺς,
952 1005 1106 1073 φησὶ,
1138 1002 1278 1056 κατά
1301 1001 1463 1070 φύσιν
1484 1000 1743 1069 ἐλέγομεν
1764 992 1903 1051 εἶναι

331 1097 396 1149 ὲκ
431 1095 522 1149 τοῦ
560 1095 718 1157 Θεοῦ,
756 1095 986 1166 ήάμφω
1016 1093 1156 1147 κατά
1194 1092 1377 1164 χάριν,
1407 1092 1576 1153 ὅντως
1616 1089 1797 1154 καλῶς
1840 1088 1905 1142 ἂν

334 1188 466 1254 ἡμῖν
520 1183 612 1237 δύο
660 1183 841 1252 λέγειν
891 1185 1040 1247 υίοὺς
1079 1181 1216 1236 Θεοῦ
1251 1183 1513 1253 συνήγετε
1542 1197 1558 1214 ο
1591 1181 1741 1244 υἱοὺς
1798 1181 1906 1250 γὰρ

331 1274 425 1326 δύο
454 1275 486 1344 ἢ
515 1274 730 1338 πλείους
760 1273 1061 1346 τηνικαῦτα
1084 1273 1234 1342 λέγει
1273 1275 1306 1342 ή
1337 1274 1468 1341 ἁγία
1496 1271 1708 1343 Γραφὴ,
1742 1272 1909 1343 ήνίκα

333 1368 398 1419 ἐκ
426 1365 519 1418 τοῦ
552 1367 717 1419 αὑτοῦ
743 1367 931 1435 εῑησαν
968 1367 1170 1429 πάντες
1196 1367 1245 1418 οἱ
1279 1363 1615 1436 συναριθμού
1626 1381 1778 1434 μενοι
1809 1365 1906 1417 καὶ

336 1458 476 1511 κατά
496 1460 585 1511 τὸν
606 1459 768 1512 αὑτὸν
795 1459 952 1527 λόγον
981 1459 1076 1512 καὶ
1106 1458 1306 1527 τρόπον
1341 1473 1356 1488 ·
1390 1457 1490 1510 εἴτ’
1534 1453 1628 1509 οὖν
1663 1455 1824 1524 φύσει
1875 1455 1907 1524 ἢ

335 1550 484 1602 θέσει
511 1550 675 1620 ἄμφω
697 1551 1054 1621 γεγενημένοι
1084 1549 1254 1620 αὐτῷ,
1308 1547 1450 1601 ὥστε
1499 1547 1596 1600 καὶ
1647 1546 1911 1614 ἀδελφοὺς

335 1644 534 1707 αὐτοὺς
569 1645 814 1710 ἀλλήλων
851 1642 1113 1697 δύνασθαι
1160 1642 1338 1709 λέγειν
1367 1657 1380 1672 ·
1410 1639 1585 1702 οὕτως
1633 1639 1768 1707 γοῦν
1819 1638 1912 1691 καὶ

339 1737 554 1804 εἴρηται
589 1736 622 1804 ή
652 1736 852 1805 Μήτηρ
886 1733 995 1786 τῶν
1013 1733 1106 1786 δύο
1139 1733 1268 1786 υίῶν
1289 1730 1576 1784 Ζεϐεδαίου
1597 1745 1612 1760 ’
1644 1729 1739 1782 καὶ
1763 1729 1822 1781 ὲν
1845 1729 1910 1797 τῇ

340 1824 575 1876 Γενέσειο
606 1822 695 1892 Τῷ
722 1825 778 1876 δὲ
824 1823 1020 1891 Ἰωσὴφ
1044 1824 1290 1888 ἐγένοντο
1321 1822 1426 1872 υἱοὶ
1454 1819 1566 1873 δύο·
1602 1819 1698 1872 καὶ
1730 1837 1748 1870 ι
1778 1813 1911 1870 Eine

351 1913 576 1983 Ῥουὸὶμ
607 1890 684 1983 τῷ
721 1912 887 1983 πατρὶ
915 1910 1085 1965 αὑτοῦ
1104 1928 1118 1942 ο
1161 1912 1300 1972 Τοὺς
1328 1908 1424 1962 δύο
1469 1907 1616 1970 υἱούς
1650 1924 1752 1976 μου
1782 1905 1918 1960 ἀπό·
1949 1890 1991 1945 Β

341 2023 573 2071 κτεινον,
609 2006 704 2057 ἐὰν
737 2005 812 2074 μὴ
841 2004 1034 2071 ἀγάγω
1065 2003 1229 2056 αὑτὸν
1256 2001 1395 2072 πρὸς
1421 2001 1502 2064 σὲ,
1535 1999 1780 2052 τουτέστι
1822 1995 1914 2048 τὸν

344 2094 622 2164 Βενιαμίν·
647 2112 665 2144 τ
697 2098 792 2148 καὶ
819 2093 968 2163 παρά
981 2091 1378 2161 τῷἈποστόλῳ
1407 2089 1568 2142 πάλιν
1585 2087 1916 2156 γέγραπται,

347 2205 367 2239 ι
394 2188 516 2241 Ὀτι
531 2186 782 2257 Ἀὅραάμ
797 2185 888 2238 δύο
905 2186 1051 2247 υἱοὺς
1070 2183 1245 2254 ἔσχεν·
1273 2201 1292 2235 ι
1319 2182 1446 2235 ἔνθα
1459 2177 1552 2236 οὖν
1565 2181 1658 2234 δύο
1679 2181 1711 2250 ἢ
1739 2177 1923 2231 πολλοὶ

341 2281 467 2343 υἱοὶ,
499 2280 594 2332 καὶ
621 2278 838 2346 ἀδελφοὶ
861 2277 1128 2348 εἴρηνται,
1149 2276 1240 2328 καὶ
1255 2275 1620 2345 πρωτοτόκια,
1641 2273 1737 2326 καὶ
1761 2271 1920 2323 ὑστε-

345 2373 566 2444 ροτόκια
599 2371 818 2440 λέγεται
876 2370 952 2434 ὡς
1001 2371 1058 2423 ὲν
1107 2370 1277 2423 Ἡσαῦ
1313 2368 1410 2422 καὶ
1455 2365 1647 2421 Ἰακώϐ
1691 2381 1707 2396 ο
1749 2365 1798 2417 εί
1829 2362 1923 2416 οὖν

343 2464 504 2532 φύσει
535 2463 628 2516 τόν
653 2479 711 2515 τε
730 2461 902 2529 Λόγον
931 2461 1024 2514 καὶ
1048 2461 1138 2513 τὸν
1164 2460 1396 2529 Χριστὸν
1420 2459 1628 2528 ἔφημεν
1657 2458 1721 2509 ἐκ
1751 2454 1912 2518 Θεοῦ,

344 2554 379 2624 ἦ
411 2553 588 2624 χάριτι
613 2552 780 2621 ἄμφω
815 2550 996 2612 καλῶς
1024 2550 1089 2603 ἂν
1131 2548 1440 2617 ἐλογίζεσθε
1469 2549 1644 2618 ἡμᾶς’
1669 2545 1777 2599 ἔδει
1800 2548 1910 2614 γὰρ

347 2645 439 2697 καὶ
466 2643 724 2711 ἀδελφοὺς
746 2642 996 2709 λέγεσθαι
1024 2641 1221 2701 αὐτοὺς
1249 2639 1340 2692 δύο
1365 2639 1546 2702 ὄντας,
1576 2638 1670 2692 καὶ
1697 2637 1923 2705 θάτερον

347 2739 691 2809 πρωτότοκον
721 2739 816 2790 καὶ
850 2735 1219 2806 πρεσϐύτερον
1246 2729 1386 2788 εἶναι
1410 2774 1425 2799 ,
1455 2735 1614 2799 εἴπερ
1658 2734 1733 2804 μὴ
1779 2732 1920 2786 δίδυ-

350 2848 440 2901 μοι
463 2847 475 2859 ·
505 2832 554 2884 εί
585 2830 642 2882 δὲ
671 2833 698 2883 6
739 2830 836 2898 μὲν
868 2829 1037 2892 θέσει,
1076 2829 1105 2880 6
1136 2827 1191 2880 δὲ
1225 2828 1387 2897 φύσει
1419 2827 1568 2891 ἐστὶ,
1603 2830 1696 2881 καὶ
1729 2828 1917 2900 ἐτέρου

350 2920 449 2990 μὲν
475 2920 632 2988 φύσει
662 2921 846 2990 ἐτέρου
877 2919 932 2972 δὲ
968 2919 1114 2971 θέσει
1145 2920 1174 2972 6
1205 2918 1440 2986 Χριστὸς
1467 2919 1614 2982 Υίος,
1643 2919 1802 2989 δῆλον
1831 2921 1914 2974 ὃτι

346 3009 447 3063 οὐκ
467 3009 578 3080 ἔχει
612 3009 795 3080 χώραν
821 3011 854 3081 ή
880 3010 989 3064 τῶν
1013 3009 1105 3062 δύο
1134 3009 1266 3062 υἱῶν
1313 3010 1732 3081 συναρίθμησις.

2005 620 2264 679 adorabis
2307 633 2366 679 et
2421 626 2500 680 illi
2553 627 2655 681 soli
2703 625 2914 681 servies
2938 626 3005 679 ⁸³.
3045 643 3063 675 ι
3117 621 3223 678 Sed
3274 637 3340 676 ex
3383 621 3578 676 ordine

2006 714 2292 772 videamus
2343 719 2478 788 quid
2525 719 2593 773 ad
2650 717 2766 774 haec
2809 718 3044 788 allegent
3087 715 3180 772 isti
3228 711 3578 770 reverendis-

2008 818 2154 859 sum.

2603 916 2754 970 CAP.
2796 915 2964 969 lxx.

2080 1006 2138 1060 Si
2174 1006 2313 1062 duos
2347 1007 2510 1071 ﬁlios,
2543 1008 2824 1078 inquiunt,
2859 1007 3190 1070 diceremus,
3227 1021 3292 1060 ex
3323 1007 3435 1060 Deo
3455 1017 3579 1061 esse

2011 1096 2316 1152 secundum
2359 1107 2614 1153 naturam
2657 1098 2743 1153 vel
2792 1098 2955 1152 ambo
2988 1095 3288 1153 secundum
3326 1097 3578 1168 gratiam,

2013 1193 2162 1240 recte
2191 1185 2412 1254 quidem
2443 1201 2544 1242 nos
2576 1188 2715 1241 duos
2748 1187 2932 1241 dicere
2967 1184 3110 1240 ﬁlios
3153 1184 3250 1240 Dei
3280 1183 3578 1240 inferretis.

2014 1275 2162 1331 Duos
2209 1277 2358 1331 enim
2394 1278 2477 1331 vel
2519 1279 2708 1348 plures
2753 1278 2893 1332 ﬁlios
2931 1285 3062 1332 tunc
3116 1276 3252 1332 dicit
3296 1275 3585 1344 Scriptura

2015 1383 2192 1433 sacra,
2245 1384 2370 1423 cum
2419 1385 2485 1424 ex
2526 1371 2720 1425 eodem
2772 1380 2902 1426 sunt
2939 1384 3130 1424 omnes
3173 1368 3286 1431 isti,
3329 1383 3440 1422 uno
3465 1382 3585 1422 ser-

2016 1474 2177 1514 mone
2204 1460 2506 1530 codemque
2555 1462 2718 1516 modo
2764 1459 3166 1525 connumerati,
3199 1460 3324 1514 'sive
3367 1467 3584 1520 natura,

2017 1548 2133 1602 sive
2184 1548 2479 1618 adoptione
2518 1551 2628 1604 sint
2671 1551 2833 1604 ambo
2866 1551 3046 1606 eidem
3090 1548 3358 1621 generati,
3400 1547 3476 1602 ita
3527 1553 3592 1602 ut

2019 1639 2216 1694 fratres
2251 1656 2395 1694 unus
2422 1641 2562 1695 alius
2592 1640 2697 1696 dici
2731 1649 2954 1710 queant.
2986 1641 3064 1695 lta
3087 1639 3310 1711 quidem
3343 1637 3587 1692 dicitur:

2022 1732 2194 1785 Mater
2250 1731 2486 1786 duorum
2533 1733 2783 1788 Zebedaei
2833 1733 3100 1798 ﬁliorum;
3151 1741 3209 1787 et
3253 1733 3306 1786 ih
3339 1729 3587 1787 Genesi:

2020 1823 2222 1894 Joseph
2269 1833 2450 1878 autem
2500 1835 2658 1879 erant
2690 1825 2799 1879 duo
2833 1825 2925 1879 ﬁlii
2961 1843 2974 1879 :
3021 1825 3090 1880 Et
3119 1842 3132 1879 :
3172 1842 3190 1876 ‹
3221 1823 3368 1878 Dixit
3394 1822 3591 1877 Ruben

2021 1912 2162 1981 patri
2196 1927 2296 1968 suo
2322 1930 2335 1967 :
2369 1914 2518 1968 Duos
2547 1914 2690 1969 ﬁlios
2725 1931 2878 1968 meos
2906 1914 3068 1969 morti
3107 1911 3279 1978 trade,
3307 1913 3351 1967 si
3383 1927 3492 1966 non
3523 1909 3592 1964 ad

2021 2012 2075 2059 te
2101 2004 2359 2060 reducam
2392 2007 2567 2068 illum,
2601 2006 2654 2060 id
2674 2015 2776 2068 est,
2807 2005 3092 2076 Benjamin
3114 2003 3180 2058 ".
3217 2022 3235 2054 ι
3272 2002 3595 2070 Rursusque

2021 2098 2164 2167 apud
2204 2100 2524 2168 Apostolum
2576 2100 2842 2169 scriptum
2888 2105 2974 2153 est
3011 2116 3024 2151 :
3067 2115 3086 2148 ι
3130 2095 3286 2162 Quod
3317 2094 3594 2149 Abraham

2021 2191 2161 2246 duos
2188 2191 2326 2246 ﬁlios
2347 2192 2540 2246 habuit
2568 2192 2635 2244 ³⁸.
2669 2210 2688 2243 ›
2721 2191 2801 2245 ibi
2836 2205 2968 2262 ergo
2997 2201 3129 2245 sunt
3151 2188 3262 2244 duo
3291 2189 3375 2242 vel
3407 2187 3600 2257 plures

2029 2283 2150 2348 ﬁlii,
2203 2281 2514 2352 fratresque
2570 2282 2851 2346 dicuntur,
2912 2291 2969 2336 et
3013 2281 3166 2352 prior
3211 2279 3599 2350 posteriorque

2023 2382 2199 2436 ortus,
2232 2383 2292 2428 ut
2323 2373 2376 2426 in
2405 2374 2548 2427 Esau
2578 2381 2632 2428 et
2660 2373 2851 2436 Jacob,
2897 2379 3302 2426 memorantur.
3349 2370 3520 2440 Igitur
3551 2365 3598 2422 si

2023 2465 2268 2520 Verbum
2296 2473 2350 2520 et
2372 2464 2650 2520 Christum
2679 2465 2990 2519 diceremus
3016 2479 3084 2517 ex
3116 2463 3227 2517 Deo
3257 2470 3475 2527 natura,
3509 2459 3599 2515 vel

2025 2559 2197 2629 gratia
2242 2557 2455 2624 ambos,
2488 2564 2639 2612 recte
2680 2557 2841 2611 nobis
2889 2556 2942 2610 id
2983 2553 3350 2610 causaremini
3387 2569 3400 2606 :
3436 2568 3602 2624 Opor-

2024 2647 2174 2701 tebat
2198 2647 2345 2700 enim
2372 2647 2514 2710 illos,
2541 2655 2732 2716 utpote
2757 2646 2916 2710 duos,
2946 2645 3144 2700 fratres
3167 2644 3296 2708 dici,
3320 2655 3603 2712 unumque

2024 2750 2146 2791 esse
2194 2735 2622 2807 primogenitum
2679 2743 2735 2789 et
2791 2743 2925 2788 natu
2981 2736 3265 2805 majorem,
3323 2731 3597 2802 siquidem

2028 2844 2138 2884 non
2168 2828 2393 2899 gemini.
2436 2827 2493 2883 Si
2534 2835 2717 2882 autem
2742 2827 2835 2881 hic
2863 2825 3181 2896 adoptione,
3217 2824 3309 2880 ille
3335 2840 3469 2879 vero
3502 2839 3606 2878 na-

2026 2929 2172 2985 tura,
2204 2930 2260 2975 et
2279 2919 2531 2976 Christus
2559 2921 2725 2975 unius
2749 2920 2971 2990 quidem
2995 2928 3211 2982 natura,
3245 2918 3388 2973 alius
3417 2924 3604 2971 autem

2028 3013 2324 3082 adoptione
2359 3014 2430 3069 sit
2459 3013 2650 3078 Filius,
2680 3013 2904 3068 evidens
2932 3019 3019 3066 est
3049 3027 3159 3066 non
3185 3011 3391 3066 habere
3421 3010 3606 3064 locum

2029 3106 2266 3161 duorum
2296 3105 2533 3160 ﬁliorum
2563 3104 3132 3159 connumerationem.

419 3189 608 3244 Ταῦτα
641 3187 739 3258 μὲν
763 3183 856 3242 οὖν
878 3187 1052 3252 οὕτως
1081 3188 1130 3241 oi
1158 3187 1325 3251 ὅντως
1371 3187 1692 3258 παραδόξων
1723 3188 1926 3259 δογμά-

2102 3198 2226 3252 Haec
2259 3198 2478 3267 quidem
2507 3196 2580 3252 ita
2618 3197 2800 3252 ferunt
2829 3196 2915 3251 isti
2951 3195 3311 3250 fabricatores
3343 3192 3600 3248 invento-

351 3299 460 3335 των
481 3280 716 3334 πλάσται
741 3297 800 3332 τε
831 3279 1258 3349 καὶὲφευρεταὶ,
1307 3277 1360 3330 οί
1407 3278 1505 3341 τὰς
1548 3277 1641 3331 δύο
1692 3278 1880 3346 φύσεις
1910 3319 1926 3341 ,

353 3373 522 3444 ἤγουν
553 3371 652 3443 τὴν
687 3370 836 3424 θείαν
867 3371 960 3424 καὶ
990 3371 1369 3442 ἀνθρωπίνην,
1418 3371 1498 3431 εἰς
1541 3370 1639 3423 ἕνα
1678 3370 1792 3423 υἱὸν
1836 3371 1931 3424 καὶ

359 3467 489 3536 μίαν
519 3464 816 3518 ὑπόστασιν
846 3462 1152 3515 συντιθέναι
1192 3463 1268 3527 ὠς
1312 3463 1573 3517 ἁδυνατον
1615 3463 1814 3534 τρόπον
1857 3462 1932 3533 μὴ

288 3574 293 3578 ·
356 3557 702 3621 εὐδοκοῦντες
735 3574 750 3589 ⁸
784 3556 1001 3611 καὶδύο
1034 3556 1325 3626 πρόσωπα,
1370 3558 1464 3609 καὶ
1512 3555 1606 3609 δύο
1650 3555 1801 3618 υἱοὺς
1842 3573 1932 3608 τε-

357 3653 536 3714 λείους
574 3650 681 3722 ἰδίᾳ
712 3667 771 3702 τε
810 3649 1170 3720 κεκριμένους
1211 3650 1292 3712 είς
1333 3649 1430 3702 ἕνα
1477 3649 1592 3701 υἱὸν
1637 3649 1936 3702 συνάπτειν

359 3743 563 3813 ἀρτίως
591 3739 1009 3811 νομοθετοῦντες
1041 3754 1055 3767 ·
1100 3739 1353 3810 εἴποιμεν
1391 3735 1483 3791 οὖν
1527 3736 1664 3807 πρὸς
1694 3736 1890 3799 αὐτούς
1917 3751 1933 3768 ο

359 3836 452 3906 Μὴ
474 3832 835 3904 περιφέρεσθε
861 3835 974 3895 τοῖς
1011 3831 1244 3902 νοήμασι
1279 3828 1732 3902 κραιπαλούντων
1756 3827 1934 3896 δίκην,

362 3925 408 3984 ὦ
443 3930 704 4000 βέλτιστοι
738 3942 753 3956 ⁸
787 3927 821 3997 ἢ
856 3927 963 3997 γὰρ
996 3928 1024 3979 6
1071 3925 1325 3994 ἀνόμοιος
1370 3925 1571 3995 τρόπος
1603 3923 1703 3991 τῆς
1748 3921 1941 3990 γεννή-

366 4022 503 4085 σεώς
542 4024 689 4073 ἐστιν
714 4021 742 4072 ό
771 4020 944 4081 αἴτιος
979 4018 1072 4070 τοῦ
1125 4016 1581 4088 συναριθμεῖσθαι
1628 4015 1729 4084 τὴν
1771 4013 1941 4066 δυάδα

363 4116 471 4168 τῶν
498 4114 652 4177 υίῶν,
688 4113 793 4166 κᾶν
822 4112 916 4164 τοῦ
951 4109 1117 4163 αὑτοῦ
1146 4107 1256 4163 εἷεν
1283 4111 1514 4178 πατρὸς,
1563 4108 1594 4179 ἢ
1633 4108 1693 4160 τὸ
1730 4109 1794 4160 ὲκ
1823 4106 1941 4159 δια-

364 4201 544 4274 φόρων
574 4195 712 4252 εἶναι
746 4199 948 4266 γονέων
966 4198 1225 4268 ἑκάτερον
1262 4200 1397 4262 υἱὸν,
1425 4197 1457 4268 ἢ
1484 4198 1652 4266 ἄμφω
1673 4197 1778 4249 εἰσὶ
1817 4214 1945 4249 συν-

365 4294 517 4347 αίτια
567 4296 665 4362 τῆς
715 4293 1051 4362 ἀναιρέσεως
1104 4293 1203 4361 τῆς
1255 4291 1444 4353 δυάδος
1489 4291 1725 4344 ἐπὶτῶν
1771 4290 1943 4352 υίῶν,

365 4385 533 4454 ἦγουν
569 4383 603 4450 ἡ
655 4383 890 4451 διαφορὰ
921 4384 1020 4452 τῆς
1077 4383 1323 4452 υίότητος
1359 4383 1456 4436 καὶ
1494 4382 1605 4435 τῶν
1637 4381 1903 4434 τεκόντων
1929 4397 1942 4409 ·

367 4477 416 4530 εἰ
457 4475 557 4545 μὲν
585 4471 678 4528 οὖν
702 4477 730 4528 6
753 4475 1010 4543 διάφορος
1032 4475 1235 4544 τρόπος
1263 4475 1363 4543 τῆς
1409 4473 1724 4543 γεννήσεως
1759 4474 1908 4526 ἐστιν
1930 4511 1947 4537 ,

2032 3303 2227 3357 resque
2243 3287 2660 3357 paradoxorum,
2678 3286 2772 3355 qui
2790 3284 2926 3339 duas
2942 3294 3072 3339 natu
3082 3299 3187 3348 ras,
3208 3283 3449 3339 divinam
3468 3282 3614 3338 scili-

2031 3388 2117 3434 cet
2143 3389 2198 3436 et
2220 3378 2603 3443 humanam,in
2635 3394 2807 3432 unum
2835 3377 3007 3431 ﬁlium
3029 3385 3083 3433 et
3106 3391 3270 3431 unam
3293 3375 3614 3447 hypostasin

2032 3472 2345 3532 converire,
2371 3471 2526 3541 quasi
2553 3470 2773 3524 modum
2797 3469 3211 3539 impossibilem,
3232 3484 3338 3522 non
3359 3468 3612 3538 probant;

2032 3576 2089 3622 et
2120 3566 2256 3620 duas
2285 3580 2545 3636 personas
2568 3573 2623 3620 et
2644 3564 2782 3618 duos
2805 3563 2945 3618 ﬁlios
2961 3563 3232 3633 perfectos
3254 3562 3619 3632 proprietate-

2036 3675 2142 3728 que
2159 3657 2428 3712 discretos
2449 3656 2502 3710 in
2525 3671 2694 3709 unum
2714 3654 2884 3709 ﬁlium
2906 3653 3149 3724 coaptari
3169 3653 3328 3723 plane
3346 3660 3615 3708 statuunt.

2037 3750 2292 3805 Dicamus
2334 3747 2502 3818 igitur
2544 3746 2652 3801 illis
2684 3764 2698 3800 :
2733 3745 2934 3810 Nolite,
2977 3745 3305 3808 charissimi,
3341 3745 3621 3800 ebriorum

2041 3842 2250 3906 instar,
2305 3837 2734 3910 cogitationibus
2780 3836 3063 3891 vacillare.
3119 3837 3215 3892 Vel
3252 3836 3400 3892 enim
3436 3837 3623 3892 varius

2041 3931 2416 4002 generationis
2448 3928 2642 3984 modus
2664 3938 2856 3984 auctor
2898 3935 2982 3983 est
3022 3928 3162 3983 duos
3194 3928 3250 3983 in
3276 3944 3446 3983 unum
3487 3944 3623 3984 con-

2052 4022 2382 4078 numerandi
2420 4022 2583 4084 ﬁlios,
2631 4021 2762 4079 licet
2817 4020 3063 4092 ejusdem
3118 4020 3229 4074 sint
3275 4019 3479 4091 patris,
3535 4021 3624 4075 vel

2049 4121 2339 4185 utriusque
2368 4113 2465 4168 ﬁlii
2492 4129 2558 4168 ex
2582 4111 2815 4167 diversis
2834 4111 3156 4181 parentibus
3180 4111 3515 4182 procreatio,
3539 4112 3624 4168 vel

2047 4204 2230 4270 ambo,
2264 4203 2480 4258 diversa
2523 4201 2734 4256 scilicet
2781 4202 2971 4255 ﬁliatio
3010 4209 3065 4255 et
3098 4208 3485 4271 generatorum
3512 4202 3626 4257 dis-

2051 4297 2246 4361 cretio,
2289 4294 2450 4350 simul
2479 4309 2656 4348 causa:
2700 4302 2830 4348 sunt
2859 4308 2958 4348 cur
3008 4294 3187 4348 dualis
3232 4293 3474 4348 ﬁliorum
3526 4310 3627 4348 nu-

2049 4403 2238 4442 merus
2285 4387 2526 4441 tollatur.
2576 4386 2631 4440 Si
2679 4386 2904 4456 quidem
2951 4386 3120 4455 igitur
3168 4386 3422 4441 diversus
3460 4403 3628 4457 gene-

2050 4479 2280 4534 rationis
2301 4478 2497 4532 modus
2520 4479 2712 4546 estqui
2736 4493 2834 4546 pro
2857 4477 3072 4531 duobus
3093 4477 3218 4532 filiis
3242 4493 3408 4531 unum
3431 4493 3625 4533 nume-

365 4568 395 4620 6
429 4566 570 4618 κατά
598 4567 722 4629 τοὺς
752 4567 846 4620 δύο
875 4568 1028 4628 υἱοὺς
1058 4567 1155 4620 ἕνα
1183 4566 1350 4618 ποιῶν
1375 4565 1764 4635 ἀριθμεῖσθαι,
1797 4565 1932 4635 πρῶι

2052 4573 2162 4627 rari
2203 4572 2386 4637 faciat,
2419 4571 2597 4640 primo
2635 4570 2858 4638 quidem
2902 4570 3177 4638 quomodo
3231 4569 3378 4624 hunc
3409 4585 3630 4640 quoque

367 4676 460 4712 τον
497 4658 595 4728 μὲν
627 4658 744 4720 πῶς
777 4660 870 4711 καὶ
897 4659 987 4710 τὸν
1014 4658 1113 4710 ἕνα
1138 4658 1264 4709 Υίὸν
1287 4657 1527 4726 διχάζειν
1570 4657 1673 4726 τὴν
1695 4656 1952 4725 διάφορον

368 4753 626 4820 γέννησιν
649 4750 886 4816 ἐλέγετε,
914 4751 972 4801 ὲν
995 4749 1072 4818 τῷ
1089 4749 1458 4802 δυσωπεῖσθαι
1483 4749 1617 4818 παρ’
1644 4747 1802 4817 ἡμῶν
1819 4747 1952 4800 Θεο-

371 4844 527 4898 τόκον
566 4843 749 4910 λέγειν
768 4843 867 4911 τὴν
895 4841 1060 4908 ἁγίαν
1082 4841 1356 4911 Παρθένον
1385 4857 1400 4906 ;
1441 4841 1490 4892 εἰ
1539 4840 1810 4908 ἐγεννήθη
1843 4839 1952 4909 γὰρ

371 4936 533 5006 ἑτέρᾳ
577 4935 864 5002 γεννήσει,
915 4933 990 5003 μὴ
1041 4935 1221 5002 μεῖναι
1251 4932 1345 4985 τὸν
1376 4931 1542 4985 αὑτὸν
1572 4931 1804 5002 ἄχρονον
1827 4931 1953 4983 Υἱὸν

371 5029 508 5082 Θεοῦ
542 5029 714 5096 Λόγον
744 5027 1016 5096 ἐφάσκετε
1036 5043 1050 5057 ο
1085 5027 1146 5078 τὸ
1174 5025 1282 5098 γὰρ
1313 5025 1563 5078 ὁπωσοῦν
1585 5023 1951 5094 γεννώμενον,

374 5123 560 5190 ἕτερον
589 5116 729 5173 εἶναι
762 5120 914 5190 παρά
938 5121 998 5171 τὸ
1024 5119 1125 5189 ἤδη
1159 5118 1326 5185 προὸν
1350 5159 1364 5182 ,
1408 5119 1682 5179 παντοίως
1721 5117 1956 5184 ἀπεφαί-

376 5213 532 5265 νεσθε
567 5231 580 5244 ο
616 5213 789 5276 ἄλλως
822 5213 900 5272 δὲ,
931 5213 979 5264 εἱ
1010 5215 1038 5264 6
1065 5212 1321 5282 διάφορος
1347 5212 1548 5279 τρόπος
1584 5209 1775 5272 ἁπλῶς
1807 5211 1957 5263 ἀναι-

378 5305 464 5372 ρεῖ
496 5303 584 5353 τὸν
610 5303 840 5372 ἀριθμὸν
866 5304 978 5355 τῶν
1007 5303 1160 5364 υἱῶν,
1190 5301 1370 5354 καίτοι
1424 5303 1517 5354 καὶ
1553 5302 1786 5371 υἱότητα
1830 5317 1956 5354 και-

377 5396 600 5464 νοτέραν
646 5396 956 5463 προστιθεὶς
1002 5395 1254 5465 Ἰωάννης
1283 5397 1310 5446 6
1356 5394 1782 5462 εὑαγγελιστὴς,
1841 5393 1956 5455 υίὸς

377 5487 452 5539 ὢν
481 5487 628 5539 θέσει
668 5487 764 5554 τῆς
805 5487 1122 5556 Δεσποίνης,
1152 5487 1240 5539 διὰ
1283 5487 1346 5538 τὸ
1396 5488 1695 5556 εἰρημένον
1725 5485 1830 5537 ὑπὸ
1857 5484 1951 5538 τοῦ

379 5578 650 5631 Δεσπότου
683 5579 738 5628 ἐν
768 5578 842 5646 τῷ
865 5579 1103 5648 σταυριῖν
1142 5598 1157 5628 ι
1185 5579 1314 5630 Ἰδοὺ
1349 5580 1381 5646 ἡ
1417 5578 1600 5646 μήτηρ
1637 5593 1755 5628 σου·
1797 5596 1814 5628 ι
1839 5575 1958 5640 καὶ,

387 5691 402 5723 ι
429 5671 562 5724 Ἰδοὺ
591 5673 618 5722 6
642 5669 753 5730 υἱός
787 5687 900 5723 σουο
931 5690 948 5721 ι
973 5673 1000 5721 ὁ
1026 5671 1081 5722 δὲ
1105 5669 1307 5740 Κύριος
1332 5669 1492 5739 φύσει
1515 5670 1630 5729 υίὸς
1660 5669 1835 5738 αὐτῆς
1860 5667 1958 5734 ὢν,

2056 4677 2228 4716 unum
2265 4661 2462 4715 Filium
2512 4661 2786 4729 duplicem
2815 4675 2880 4713 ac
2909 4660 3181 4714 diversam
3217 4661 3631 4732 generationem

2061 4754 2267 4808 habere
2308 4753 2598 4816 dicebatis,
2651 4768 2760 4806 non
2807 4753 3143 4806 sustinentes
3192 4767 3402 4806 sacram
3450 4752 3631 4823 Virgi-

2062 4860 2190 4898 nem
2221 4860 2251 4898 a
2283 4843 2444 4897 nobis
2479 4844 2767 4911 Deiparam
2797 4842 3018 4894 vocari?
3059 4841 3114 4896 Si
3155 4843 3301 4897 enim
3333 4844 3437 4897 alia
3467 4861 3605 4914 gene

2059 4936 2273 4990 ratione
2318 4944 2610 5005 generatus
2654 4941 2834 4994 esset,
2889 4935 3144 4988 eumdem
3209 4951 3318 4989 non
3364 4937 3630 4990 mansisse

2059 5038 2326 5082 aeternum
2373 5027 2567 5080 Filium
2599 5027 2693 5080 Dei
2723 5029 2958 5082 Verbum
2998 5027 3299 5090 dicebatis;
3339 5042 3464 5079 nam
3495 5043 3632 5096 quo-

2059 5117 2195 5168 libet
2227 5115 2390 5167 modo
2432 5115 2677 5183 genitum
2716 5113 2864 5168 aliud
2911 5128 3031 5168 esse
3079 5130 3142 5166 ac
3179 5115 3289 5181 jam
3315 5121 3434 5166 erat
3470 5113 3630 5182 plane

2057 5208 2437 5278 exponebatis.
2483 5207 2915 5270 Aliunde'vcro,
2973 5207 3016 5260 si
3061 5207 3292 5276 simplex
3346 5206 3492 5259 modi
3548 5207 3632 5260 di-

2059 5303 2291 5356 versitas
2314 5316 2605 5355 numerum
2635 5300 2870 5354 ﬁliorum
2893 5300 3054 5363 tollit,
3080 5309 3230 5354 certe
3257 5308 3313 5353 et
3338 5299 3406 5353 ad
3435 5316 3631 5353 novam

2058 5392 2376 5446 ﬁliationem
2409 5391 2681 5458 ascriptus
2722 5390 2960 5444 Joannes
2991 5390 3355 5458 evangelista,
3393 5389 3634 5442 Domina:
3717 5433 3724 5440 .

2062 5482 2208 5535 ﬁlius
2247 5479 2542 5549 adeptione
2572 5479 2750 5532 factus
2783 5479 2886 5532 hoc
2917 5479 2970 5531 in
2995 5494 3161 5533 cruce
3192 5479 3404 5533 Domini
3435 5478 3586 5532 dicto
3617 5497 3629 5530 :

2066 5593 2085 5626 ι
2125 5576 2263 5628 Ecce
2300 5581 2473 5626 mater
2508 5580 2637 5638 tua;
2679 5593 2697 5624 ι
2731 5582 2787 5626 et
2816 5589 2827 5624 :
2878 5590 2895 5622 ι
2921 5573 3058 5626 Ecce
3088 5573 3231 5626 ﬁlius
3265 5583 3390 5626 tuus
3413 5572 3478 5637 ⁵⁸,
3523 5590 3539 5622 ι
3579 5580 3635 5624 et

2063 5666 2351 5731 Dominus,
2402 5664 2558 5720 illius
2609 5675 2805 5718 natura
2861 5664 3025 5728 ﬁlius,
3078 5680 3222 5718 unus
3283 5663 3427 5718 ﬁlius
3477 5670 3633 5718 erant

451 5853 498 5883 ⁸³
535 5853 695 5907 Deut.
740 5870 813 5913 vi,
857 5852 952 5916 15;
993 5852 1179 5906 Matth.
1226 5869 1296 5917 Iv,
1343 5853 1426 5906 10.
1503 5853 1549 5885 ⁵⁵
1585 5852 1726 5906 Gen.
1790 5867 1916 5916 xm,
1955 5851 2042 5904 57.
2118 5851 2163 5880 ⁸⁵
2214 5848 2387 5904 Galat.
2439 5863 2510 5911 Iv,
2560 5847 2650 5900 ‘29..
2729 5845 3098 5910 “Joan.x1x,
3128 5843 3217 5905 26,
3253 5842 3342 5894 27.

640 5947 907 6006 l‘unon.
957 5948 1070 6006 Gn.
1121 5949 1442 6007 LXXXVI.

3233 5937 3312 5996 52
