4006 6548
454 454 598 522 1643

1732 448 2046 512 LEONTII
2080 439 2484 508 BYZANTINI

3578 421 3736 488 1644

453 569 641 634 ambo,
676 569 904 637 propter
927 562 1144 620 varium
1180 563 1464 620 ﬁliationis
1499 561 1760 618 modum!
1798 561 1955 630 Quod
1990 561 2035 616 si

2144 551 2224 621 εἷς
2250 555 2369 618 υίὸς
2391 552 2561 625 ἄμφω
2605 543 2772 621 ἦσαν,
2799 544 2889 600 διὰ
2933 543 3027 598 τδν
3074 540 3332 637 διάφορον

451 673 571 716 non
604 657 980 730 generationis
1012 656 1308 727 disparitas
1354 655 1450 710 sed
1489 655 1824 726 genitorum,
1863 668 2033 708 unum

449 755 510 802 et
545 761 667 803 esse
699 745 890 816 plures
916 752 1214 816 generatos
1254 743 1519 803 ostendit.
1561 742 1820 813 nunquid
1866 740 2036 812 igitur

453 833 584 905 quia
613 833 802 888 Simon
834 832 1060 902 quidem
1092 830 1265 898 Jonas,
1294 831 1536 886 Joannes
1558 839 1742 886 autem
1768 827 2036 884 Zebedazo

453 930 772 993 generatur,
814 936 961 975 unus
991 919 1138 976 ﬁlius
1166 928 1326 976 erant
1355 919 1563 975 ambo?
1614 919 1671 975 Si
1717 927 1902 974 autem
1945 917 2035 972 di-

453 1027 649 1068 versus
671 1013 1046 1084 generationis
1093 1013 1293 1068 modus
1323 1011 1818 1084 generantiumque
1842 1023 2036 1080 perso-

455 1119 654 1159 narum
707 1103 997 1159 diversitas
1029 1104 1195 1159 simul
1237 1103 1628 1160 concurrentia
1674 1111 1968 1173 generatos
2004 1114 2035 1154 a

456 1196 692 1252 diversis
727 1204 784 1252 et
825 1195 1044 1253 diverse
1083 1197 1332 1253 diversos
1366 1213 1538 1252 unum
1568 1196 1741 1251 ﬁlium
1771 1195 2034 1259 eﬁiciant,

453 1301 585 1357 ergo
610 1285 848 1340 Joannes
880 1284 1173 1356 adeptione
1206 1284 1352 1340 ﬁlius
1384 1285 1627 1340 Domina:
1647 1293 1704 1339 et
1732 1283 1922 1339 Simon
1944 1299 2038 1340 na-

458 1381 582 1428 tura
611 1373 756 1428 ﬁlius
779 1372 932 1428 Jonas
965 1389 1110 1428 unus
1140 1373 1290 1428 ﬁlius
1312 1381 1471 1428 erant
1498 1381 1725 1442 propter
1753 1371 2034 1426 diversum

456 1465 684 1522 modum
734 1475 793 1521 et
845 1466 1158 1537 genitorum
1210 1465 1629 1520 diversitatem?
1680 1465 1809 1520 llaec
1852 1471 2036 1519 autem

454 1557 639 1612 omnia
672 1557 718 1612 si
747 1557 1035 1613 manifeste
1065 1557 1198 1613 falsa
1223 1558 1354 1623 sint,
1388 1557 1676 1612 evidenter
1705 1556 1760 1611 in
1786 1556 1889 1622 eis,
1916 1557 2039 1626 qui-

451 1647 558 1703 bus
597 1661 704 1700 una
736 1654 950 1703 tantum
1005 1646 1250 1717 suppetit
1299 1645 1633 1716 liypostasis,
1691 1645 1801 1701 hoc
1842 1659 2036 1699 verum

452 1747 556 1795 est.
578 1739 794 1794 Etenim
819 1739 1069 1794 Zebedxei
1106 1748 1323 1805 natura,
1365 1738 1718 1808 Dominaaque
1741 1738 2037 1808 adoptione

457 1830 604 1888 idem
648 1839 769 1886 erat
809 1847 954 1889 unus
997 1831 1144 1886 ﬁlius
1187 1831 1366 1901 reipsa
1411 1831 1562 1886 solus
1591 1831 1859 1894 Joannes,
1908 1829 2038 1900 quia

2137 647 2385 716 υίότητος
2410 659 2425 675 ο
2459 643 2509 694 εί
2539 640 2598 695 δὲ
2631 640 2693 693 ού
2719 637 2819 708 τῆς
2856 636 3162 705 γεννήσεως
3204 633 3241 703 ή
3281 628 3549 700 διαφορὰ,
3584 626 3744 681 ἀλλὰ

2133 740 2244 793 τῶν
2268 734 2669 807 γεννησάντων,
2692 730 2788 782 ἕνα
2811 725 2954 783 εἶναι
2979 726 3219 780 δείκνυσι
3242 723 3482 786 καὶτοὺς
3502 721 3745 781 πλείους

2135 828 2499 899 γεννηθέντας
2534 841 2548 854 °
2580 819 2692 895 ἆρά
2717 839 2782 890 γε
2814 821 2948 874 διότι
2973 819 3158 889 Σίμων
3186 816 3286 888 μὲν
3328 815 3505 878 Ἰωνᾶ,
3539 813 3744 866 Ἰωάν-

2137 939 2236 993 νης
2272 921 2329 974 δὲ
2354 917 2624 987 Ζεϐεδαίῳ
2666 913 2956 982 γεννᾶται,
2991 904 3073 973 εἷς
3107 907 3224 971 υίὸς
3260 902 3400 977 ἦσαν
3437 906 3638 976 ἄμφω;
3681 902 3740 954 εξ

2135 1014 2193 1068 δὲ
2237 1013 2321 1066 ὅτι
2375 1009 2632 1080 διάφορος
2681 1005 2882 1077 τρόπος
2951 1002 3054 1074 τῆς
3126 1000 3456 1071 γεννήσεως.
3516 1000 3614 1050 καὶ
3672 994 3746 1045 τὸ

2135 1106 2372 1176 διάφορα
2448 1096 2592 1156 εἷναι
2646 1098 2917 1170 πρόσωπα
2991 1095 3064 1149 τά
3140 1094 3481 1162 γεννήσαντα
3509 1129 3526 1153 ,
3588 1088 3746 1144 ἀλλὰ

2137 1196 2463 1254 συνελθόντα
2525 1193 2624 1247 ἕνα
2673 1190 2790 1244 υἱὸν
2851 1188 2995 1254 τοὺς
3026 1185 3390 1256 γεννηθέντας
3442 1181 3744 1252 διαφόροις

2136 1289 2233 1345 καὶ
2299 1283 2570 1356 διαφόρως
2619 1281 2940 1352 διαφόρους
3013 1275 3397 1348 παριστῶσιν,
3484 1268 3600 1342 ἆρά
3661 1288 3740 1338 γε

2149 1381 2404 1447 Ἰωάννης
2454 1375 2604 1429 θέσει
2659 1373 2775 1436 υίὸς
2817 1371 2894 1424 ὢν
2938 1370 3040 1440 τῆς
3081 1366 3401 1436 Δεσποίνης,
3430 1363 3618 1432 Σίμων
3665 1361 3741 1413 δὲ

2139 1472 2255 1535 υίὸς
2283 1471 2358 1524 ὢν
2400 1467 2558 1522 Ἰωνᾶ
2580 1465 2780 1536 φύσει,
2815 1461 2896 1526 εἷς
2923 1461 3038 1525 υίὸς
3065 1456 3204 1532 ἦσαν
3236 1458 3324 1512 διὰ
3349 1457 3444 1509 τὸν
3467 1455 3742 1523 διάφορον

2137 1563 2363 1635 τρόπον,
2389 1560 2484 1615 καὶ
2505 1560 2632 1622 τοὺς
2660 1556 2957 1627 διαφόρους
2983 1553 3094 1606 τῶν
3123 1549 3360 1620 γονέων;
3387 1551 3438 1602 εί
3469 1549 3523 1601 δὲ
3549 1546 3740 1635 ταῦτα

2137 1632 2320 1710 πάντα
2349 1648 2628 1724 προφανὲς
2648 1646 2870 1718 ψεῦδος,
2909 1645 3066 1716 δῆλον
3109 1645 3187 1707 ὡς
3220 1642 3308 1712 ἐφ’
3337 1637 3412 1696 ὧν
3445 1632 3571 1712 μία’
3596 1639 3742 1694 ὑπό.

2141 1763 2332 1810 στασις
2365 1743 2652 1799 ὑπόκειται
2683 1741 2866 1815 μόνον,
2893 1738 3096 1812 ἀληθὲς
3111 1738 3230 1792 τόδε
3251 1737 3370 1791 ὲστί
3390 1753 3404 1766 ·
3434 1735 3737 1790 Ζεϐεδαξου

2138 1840 2250 1910 γὰρ
2283 1836 2464 1906 φύσει,
2495 1837 2593 1891 καὶ
2623 1837 2723 1907 τῆς
2746 1833 3045 1902 Δεσποίνης
3069 1830 3252 1892 θέσει,
3282 1828 3312 1880 6
3345 1827 3508 1892 αὐτὸς
3553 1822 3625 1896 ἦν
3649 1820 3740 1888 εἷς

452 1923 676 1980 duobus
705 1923 1070 1981 ﬁliationibus
1114 1923 1314 1997 subjici
1361 1931 1542 1996 potest
1571 1939 1677 1979 una
1709 1922 2039 1995 hypostasis.

2145 1931 2257 1994 υίὸς
2286 1929 2456 1994 ὅντως
2488 1928 2649 1999 μόνος
2689 1927 2978 1996 Ἰωάννης,
3021 1924 3107 1978 ὅτι
3154 1920 3436 1994 διαφόροις
3483 1919 3744 1989 υἱότησιν

525 2103 633 2161 Sed
674 2102 885 2159 Christi
923 2113 980 2160 et
1031 2103 1200 2159 Verbi
1253 2102 1392 2158 duas
1433 2101 1758 2173 hypostases
1787 2099 2032 2170 duasque

451 2213 722 2270 personas
746 2195 1022 2267 perfectas
1047 2210 1161 2250 non
1185 2196 1440 2266 ambigue
1463 2193 1822 2250 conclamatis
1845 2210 1859 2246 :
1881 2192 2034 2259 Quo-

453 2290 621 2345 modo
668 2304 800 2360 ergo
830 2287 1002 2342 Filius
1043 2302 1145 2358 per
1177 2286 1452 2342 diversam
1485 2286 1901 2358 generationem
1925 2284 2036 2338 erit

452 2380 711 2437 Christus
743 2387 799 2434 et
826 2379 1092 2444 Verbum,
1127 2393 1160 2432 ο
1202 2378 1342 2432 mira
1374 2377 1714 2450 loquentes?
1752 2376 1844 2432 Sic
1877 2375 2037 2431 vobis

454 2467 752 2524 diversitas
779 2467 1003 2522 unionis
1031 2475 1180 2521 esset
1217 2480 1407 2532 causa,
1445 2473 1503 2521 et
1540 2465 1868 2528 similitudo,
1894 2463 2036 2518 ratio

454 2559 809 2617 discretionis
863 2559 922 2613 in
977 2558 1148 2613 rebus
1179 2597 1195 2623 ,
1241 2572 1365 2627 qua:
1395 2556 1620 2628 quidem
1663 2562 1790 2612 ante
1828 2571 1928 2610 vos
1966 2554 2036 2610 ab

456 2663 670 2711 aeterno
715 2649 928 2708 nemini
975 2649 1216 2706 revelata
1248 2657 1398 2705 sunt.
1452 2647 1617 2704 Certe
1663 2647 1712 2702 si
1748 2647 1936 2703 dicant
1963 2646 2037 2702 ob

455 2742 769 2814 genitorum
799 2737 1203 2805 diversitatem,
1245 2751 1420 2792 unum
1451 2751 1595 2802 esse,
1632 2735 1880 2791 ridenda:
1909 2741 2039 2790 sunt

454 2828 718 2899 ineptiae;
751 2826 796 2882 si
825 2825 1049 2897 quidem
1076 2840 1144 2880 ex
1171 2823 1469 2891 similibus,
1498 2823 1641 2878 duos
1673 2837 1837 2890 esse;
1862 2838 1931 2876 ex
1953 2821 2040 2876 di-

453 2917 630 2974 versis
654 2924 838 2971 autem
874 2912 1246 2985 genitoribus,
1277 2927 1450 2966 unum
1479 2925 1601 2966 esse
1636 2909 2040 2978 ﬁlium,omnes

453 3011 671 3085 genitos
701 3007 1064 3082 pra2tendant,
1108 3023 1238 3079 ergo
1285 3004 1465 3078 Ophni
1511 3014 1569 3061 et
1618 3004 1858 3062 Phinees
1880 3011 2041 3060 erant

455 3107 567 3162 duo
614 3104 735 3170 ﬁlii,
789 3110 981 3171 utpote
1035 3115 1105 3156 ex
1147 3101 1342 3156 eodem
1401 3098 1522 3154 Heli
1575 3098 1727 3166 nati;
1776 3096 2040 3153 Jonathas

456 3208 642 3255 autem
679 3205 735 3252 et
785 3194 978 3260 David,
1025 3202 1214 3264 utpote
1265 3208 1408 3248 unus
1435 3209 1505 3248 ex
1549 3191 1679 3248 Saul
1707 3199 1766 3247 et
1791 3191 1932 3246 alter
1971 3205 2040 3243 ex

2136 2024 2290 2079 ἔστιν
2316 2020 2723 2077 ὑποϐάλλεσθαι
2765 2019 2893 2091 μίαν
2925 2018 3252 2073 ὑπόστασιν.

2205 2111 2311 2166 Δύο
2335 2111 2393 2165 δὲ
2425 2110 2754 2172 ὑποστάσεις
2774 2103 3014 2178 Χριστοῦ
3038 2105 3136 2158 καὶ
3163 2102 3261 2156 τοῦ
3289 2101 3493 2170 Λόγου,
3518 2098 3738 2153 καὶδύο

2134 2205 2407 2276 πρόσωπα
2424 2203 2608 2258 τέλεια
2637 2201 2936 2274 διαρρήδην
2957 2198 3120 2269 βοᾶτε
3147 2214 3164 2231 ο
3193 2197 3313 2260 πῶς
3344 2192 3443 2250 οὖν
3476 2195 3612 2258 Υἱὸς
3639 2193 3738 2245 διὰ

2135 2295 2236 2368 τὴν
2266 2295 2529 2366 διάφορον
2551 2293 2806 2365 γέννησιν
2833 2292 2988 2345 ἔσται
3019 2286 3255 2360 Χριστὸς
3276 2287 3374 2342 καὶ
3398 2288 3427 2340 ὁ
3460 2286 3659 2354 Λόγος,
3683 2282 3739 2335 ὢ

2135 2387 2522 2461 τερατολόγοι;
2569 2384 2744 2448 οὕτως
2791 2383 2849 2437 δὲ
2906 2383 2979 2437 ἂν
3021 2382 3122 2436 καὶ
3151 2380 3238 2450 εἴη
3293 2380 3326 2449 ὴ
3363 2378 3463 2449 μὲν
3491 2373 3738 2446 διαφορά

2138 2478 2386 2543 ὲνὼσεως
2435 2477 2589 2532 αίτία
2620 2476 2744 2530 καθ’
2777 2474 2922 2545 ὑμᾶς
2945 2487 2962 2504 ⁸
3004 2474 3038 2544 ή
3092 2471 3150 2525 δὲ
3200 2470 3482 2541 ὁμοιότης,
3517 2466 3735 2535 διακρι-

2141 2587 2280 2633 σεως
2334 2571 2392 2623 ὲν
2443 2570 2558 2633 τοῖς
2604 2567 2931 2638 πράγμασιν
2954 2580 2973 2599 ·
3029 2562 3174 2633 ἅπερ
3220 2561 3282 2626 ἐξ
3310 2560 3509 2623 αἰῶνος
3550 2557 3738 2610 οὐδενὶ

2138 2663 2249 2734 πρό
2278 2659 2436 2734 ὑμῶν
2469 2658 2836 2730 ἀπεκαλύφθη
2865 2671 2881 2687 ⁸
2913 2658 2964 2710 εί
2987 2656 3053 2727 δὴ
3088 2655 3304 2723 λέγοιεν
3345 2653 3435 2706 διὰ
3466 2651 3565 2722 τὴν
3617 2651 3736 2703 τῶν

2135 2754 2345 2826 γονέων
2374 2755 2644 2826 διαφορὰν
2665 2793 2681 2820 ,
2713 2752 2810 2806 ἕνα
2845 2749 2988 2806 εῖναι
3015 2788 3033 2817 ,
3066 2749 3276 2819 γελοῖος
3315 2746 3483 2818 λῆρος
3522 2760 3542 2780 ο
3593 2746 3648 2800 σί
3669 2743 3742 2797 τὸ

2145 2849 2246 2920 μὲν
2281 2847 2341 2916 ἐξ
2368 2847 2598 2920 ὁμοίων,
2633 2845 2730 2901 δύο
2755 2841 2898 2900 εἶναι
2919 2861 2936 2878 ο
2955 2844 3019 2899 τὸ
3047 2843 3108 2898 δὲ
3135 2842 3200 2898 ἐκ
3224 2841 3504 2913 διαφόρων
3524 2839 3742 2910 γονέων

2141 2943 2238 2997 ενα
2271 2941 2386 2997 υἱὸν
2417 2939 2580 3008 εἶναι,
2613 2941 2826 3005 πάντας
2853 2939 2982 3002 τοὺς
3008 2936 3304 3010 τεχθέντας
3347 2935 3685 3007 παρίστησιν
3715 2949 3734 2964 ο

2142 3030 2253 3107 ἆρα
2285 3031 2382 3090 οὖν
2414 3033 2574 3102 Ὀφνὶ
2607 3034 2710 3105 μὲν
2735 3031 2833 3088 καὶ
2865 3032 3053 3095 Φινεὲς
3080 3029 3179 3084 δύο
3200 3030 3330 3093 υίοὶ,
3382 3030 3506 3082 ἐπεὶ
3531 3031 3599 3083 ὲκ
3633 3025 3743 3081 τοῦ

2142 3129 2310 3184 αὑτοῦ
2377 3129 2563 3184 Ἠλεί’
2621 3127 2876 3183 Ἰωνάθαν
2924 3126 2980 3180 δὲ
3032 3127 3128 3182 καὶ
3163 3125 3328 3180 Δαόὶδ
3357 3165 3374 3190 ,
3412 3124 3590 3178 ὲπεὶὸ
3632 3124 3748 3193 μὲν

2144 3223 2317 3277 Σαοὺλ
2350 3223 2380 3275 ό
2403 3222 2460 3278 δὲ
2497 3223 2557 3290 ἐξ
2602 3220 2845 3289 Ἰεσσαὶ,
2878 3221 2943 3274 ού
2990 3219 3084 3274 δύο
3107 3220 3238 3285 υἱοὶ,
3288 3214 3371 3284 εἷς
3428 3219 3486 3273 δι
3527 3218 3736 3289 μόνους

451 3292 633 3358 Iesse,
664 3305 776 3345 non
800 3289 912 3344 duo
935 3287 1058 3353 ﬁlii,
1095 3287 1190 3342 sed
1223 3301 1367 3344 unus
1400 3293 1637 3340 tantum.
1676 3285 1848 3339 Porro
1874 3283 1920 3337 si
1952 3295 2040 3336 res

2144 3315 2257 3370 ἀλλ’
2289 3317 2338 3370 εί
2367 3316 2486 3370 τόδε
2519 3283 2716 3380 ᾰιτως,
2738 3283 2860 3370 οὐδὲ
2891 3316 2942 3368 οι
2970 3315 3035 3368 tr.
3057 3315 3198 3369 Κάϊν
3224 3283 3318 3368 και
3345 3311 3456 3366 ἀπδ
3478 3283 3586 3383 Σὴθ
3617 3311 3736 3365 τῶν

456 3380 534 3436 ita
566 3379 657 3445 sit,
691 3394 760 3434 ex
799 3377 934 3433 Cain
977 3386 1035 3432 et
1078 3392 1146 3432 ex
1179 3375 1314 3432 Setlt
1351 3375 1589 3431 diversis
1636 3374 1744 3429 orti
1792 3389 1906 3428 non
1931 3372 2040 3429 duo

457 3469 584 3537 ﬁlii,
606 3468 702 3525 sed
741 3484 885 3524 unus
921 3467 1068 3523 ﬁlius
1096 3477 1261 3523 erunt
1284 3483 1481 3523 omnes
1509 3466 1786 3522 homines.
1820 3463 1879 3521 Si
1911 3479 2041 3520 vere

457 3561 696 3632 simplex
760 3560 966 3632 speciei
1035 3560 1346 3631 genitorum
1400 3559 1692 3629 disparitas
1741 3558 1912 3630 hujus
1958 3557 2041 3613 rei

460 3667 628 3706 causa
660 3649 732 3704 sit
756 3689 771 3714 ,
812 3649 940 3720 equi
983 3657 1040 3704 et
1071 3648 1254 3720 pisces
1279 3657 1443 3704 erunt
1476 3664 1668 3704 omnes
1697 3664 1842 3704 unus
1872 3648 2039 3703 ﬁlius.

459 3743 595 3812 Quis
613 3743 735 3799 bam
765 3741 1006 3799 absurda
1045 3742 1220 3798 feret?
1261 3742 1378 3798 Hoc
1405 3741 1550 3796 enim
1587 3741 1668 3798 sic
1700 3742 1860 3812 plane
1889 3756 2045 3796 resu-

458 3836 650 3903 mitur,
702 3844 782 3903 ut,
831 3834 878 3890 si
915 3834 1197 3906 genitores
1243 3833 1451 3889 diversi
1476 3842 1645 3902 sunt,
1693 3834 1880 3904 plures
1934 3832 2045 3887 sint

458 3925 606 3982 ﬁlius
634 3941 798 3992 unus,
837 3932 916 3990 et,
941 3925 986 3982 si
1013 3939 1122 3979 non
1154 3922 1356 3979 diversi
1388 3933 1536 3990 sunt,
1570 3908 1757 3995 plures
1779 3923 1899 3980 ﬁlii.
1925 3923 2047 3979 Erit

458 4019 629 4087 igitur
655 4015 949 4072 diversitas
993 4016 1216 4071 unionis
1247 4025 1304 4070 et
1338 4016 1569 4072 unitatis
1606 4031 1810 4083 causa;
1839 4015 2042 4071 simili-

461 4108 595 4164 tudo
626 4118 834 4174 autem,
865 4108 1219 4164 discretionis
1242 4117 1300 4164 et
1325 4107 1699 4164 multitudinis
1729 4125 1744 4163 :
1772 4122 1894 4179 quae
1915 4113 2047 4163 sunt

466 4205 800 4261 interversa.

1117 4293 1267 4350 CAP.
1305 4291 1399 4347 XI.

532 4387 676 4442 Ecce
693 4394 893 4453 tamen,
915 4384 1192 4456 inquiunt,
1214 4385 1282 4441 de
1295 4384 1642 4440 duabusistis
1659 4382 1863 4446 causis,
1881 4382 2046 4446 Βοιαὶ,

461 4479 674 4536 ancilla:
700 4478 928 4544 Rachel,
955 4480 1232 4534 naturales
1261 4477 1383 4545 ﬁlii,
1411 4485 1540 4533 sunt
1561 4487 1616 4532 et
1635 4476 1929 4546 adoptione
1949 4475 2047 4529 ﬁlii

460 4571 689 4638 Rachel,
707 4580 888 4628 etnon
919 4571 1356 4643 multiplicantur
1370 4585 1625 4635 numero,
1649 4569 1792 4625 sicut
1807 4568 1951 4625 abea
1967 4567 2051 4622 di-

2141 3408 2416 3479 διαφόρων
2449 3408 2546 3462 δύο
2574 3409 2704 3474 υίοὶ,
2755 3407 2872 3462 ἀλλ’
2905 3403 2987 3471 εἷς
3019 3406 3139 3470 υίὸς
3190 3406 3400 3468 πάντες
3428 3405 3477 3458 οῑ
3523 3403 3740 3474 ἄνθρω-

2144 3517 2275 3554 ποι·
2295 3502 2343 3554 εί
2388 3500 2448 3554 δὲ
2494 3500 2682 3565 ἁπλῶς
2704 3502 2738 3572 ή
2772 3499 3008 3570 διαφορὰ
3038 3497 3134 3551 τοῦ
3168 3497 3341 3560 εἴδους
3385 3494 3495 3549 τῶν
3525 3494 3738 3563 γονέων

2144 3593 2295 3647 αίτία
2319 3591 2500 3659 τοῦδε,
2536 3593 2635 3648 καὶ
2665 3593 2827 3646 ἵπποι
2861 3593 2956 3648 καὶ
2992 3591 3173 3663 ἰχθύες
3200 3589 3426 3653 πάντες,
3477 3582 3559 3650 εἷς
3586 3585 3727 3649 υἱός.

2145 3685 2257 3740 Kal
2282 3685 2371 3750 τίς
2391 3685 2645 3753 ἀνέξεται
2670 3685 2782 3739 τῶν
2802 3685 3206 3754 ἀτοπημάτων;
3232 3681 3422 3745 ἁπλῶς
3442 3679 3552 3751 γὰρ
3576 3677 3739 3733 τοῦτο

2131 3777 2462 3848 συνάγεται,
2515 3779 2594 3832 ὅτι
2623 3779 2674 3832 εί
2713 3777 2812 3849 μὲν
2839 3777 3088 3848 διάφοροι
3147 3770 3257 3828 εἶεν
3289 3775 3340 3828 oi
3387 3773 3589 3843 γονεῖς,
3651 3765 3738 3834 εἷς

2147 3869 2262 3933 υίὸς
2311 3871 2362 3923 oi
2411 3868 2634 3934 πλείους
2667 3885 2683 3901 ·
2711 3870 2761 3922 εί
2808 3869 2866 3923 δὲ
2907 3866 3191 3938 ἀδιάφοροι
3234 3866 3342 3920 εἰσι
3377 3904 3392 3929 ,
3441 3864 3734 3930 πλείονες’

2146 3961 2301 4014 ἔσται
2324 3955 2418 4015 οὖν
2443 3960 2477 4031 ὴ
2505 3959 2762 4031 διαφορὰ,
2798 3958 3046 4023 ὲνὼσεως
3081 3958 3175 4012 καὶ
3201 3956 3433 4028 μονάδος
3463 3955 3616 4009 αίτία
3651 3968 3670 3986 ο
3699 3955 3736 4024 ἡ

2145 4054 2202 4106 δὲ
2238 4052 2517 4124 ὁμοιότης,
2547 4051 2875 4125 διακρίσεως
2905 4051 3001 4107 καὶ
3035 4049 3300 4123 πλήθους,
3337 4048 3373 4104 ἃ.
3403 4049 3553 4102 ἐστιν
3579 4048 3737 4102 me

2147 4146 2415 4204 κατάλλα.

2735 4307 2985 4361 ΚΕΦΑΛ.
3039 4306 3145 4360 ῙΑ’.

2221 4401 2366 4455 Ἀλλ’
2399 4401 2531 4468 ίδοῦ,
2561 4399 2749 4473 φησιν,
2768 4402 2860 4455 ἐπὶ
2884 4404 3006 4465 ταῖς
3031 4400 3126 4455 δύο
3142 4399 3346 4465 αίτίαις
3367 4400 3417 4454 οί
3435 4397 3598 4468 φύσει
3624 4396 3737 4450 υἱοὶ

2149 4493 2360 4557 Βάλλας
2380 4492 2481 4564 τῆς
2511 4491 2828 4563 παιδίσκης,
2842 4493 3046 4566 Ῥαχὴλ
3061 4494 3159 4549 καὶ
3171 4493 3276 4548 υἱοὶ
3301 4491 3502 4562 Ῥαχήλ
3517 4493 3622 4544 είσι
3645 4488 3736 4542 θέ-

2153 4601 2258 4648 σει,
2281 4583 2379 4638 ml
2405 4583 2505 4636 οὐκ
2525 4581 2854 4636 ἐπλεόνασαν
2891 4583 3110 4655 ἀριθμῷ
3131 4622 3147 4647 ,
3172 4581 3356 4646 καθὼς
3388 4581 3606 4653 εἴρηται
3639 4579 3736 4631 ὑπ’

461 4674 612 4720 ctum
634 4673 720 4720 est
739 4663 941 4721 Jacob:
971 4682 989 4716 ι
1013 4663 1302 4736 Ingredere
1319 4662 1387 4718 ad
1405 4662 1658 4718 ancillam
1681 4677 1856 4718 meam
1882 4669 1938 4717 et
1958 4676 2040 4732 pa-

2157 4674 2328 4746 αὐτῆς
2346 4671 2636 4745 τῷἸακώϐ
2655 4688 2672 4704 ·
2709 4691 2728 4726 ι
2756 4671 2978 4726 Είσελθε
2993 4672 3132 4745 πρὸς
3155 4672 3256 4745 τήν
3274 4671 3572 4742 παιδίσκην
3602 4687 3731 4742 μου,

459 4761 568 4815 riet
586 4774 752 4830 super
785 4773 961 4830 genua
990 4772 1135 4824 mea,
1160 4765 1219 4812 et
1249 4771 1349 4828 ego
1377 4755 1672 4826 suscipiam
1704 4768 1772 4810 ex
1794 4769 1859 4810 ea
1879 4753 2045 4809 sobo-

457 4855 568 4911 lem
600 4853 671 4908 ".
696 4873 715 4906 ι
751 4855 820 4909 Et
849 4868 1078 4908 rursus:
1120 4871 1138 4906 ι
1165 4852 1443 4908 .ludicavit
1463 4851 1600 4906 mihi
1628 4851 1778 4906 Deus
1793 4860 1851 4906 et
1871 4865 2042 4905 exau-

461 4948 603 5004 divit
646 4962 840 5004 vocem
906 4963 1106 5015 meum,
1159 4955 1217 5002 et
1265 4946 1419 5003 dedit
1478 4945 1616 5002 mihi
1662 4944 1860 5001 ﬁlium.
1912 4945 2046 5001 Pro-

458 5047 650 5110 pterea
689 5036 987 5109 appellavit
1017 5053 1219 5094 nomen
1243 5039 1362 5105 ejus
1391 5037 1507 5092 Dan
1541 5036 1608 5092 ⁸⁸.
1644 5055 1666 5090 ι
1694 5035 1810 5092 Sed
1843 5043 1898 5090 et
1925 5035 2042 5105 ipsa

461 5129 681 5201 peperit
715 5139 912 5186 natura
951 5129 1154 5201 Joseph
1187 5137 1244 5185 et
1275 5130 1590 5201 Benjamin;
1637 5140 1694 5185 et
1739 5144 1850 5184 non
1894 5127 2040 5194 ideo,

453 5238 528 5282 ex
560 5221 852 5278 duodecim
883 5223 1235 5293 patriarchis,
1259 5231 1495 5292 quatuor
1522 5230 1652 5278 sunt
1675 5221 1772 5277 ﬁlii
1799 5221 2041 5278 Rachel:

459 5328 572 5368 non
616 5315 766 5371 enim
815 5324 1181 5369 numerantur
1223 5314 1534 5385 adoptionis
1581 5314 1702 5370 ﬁlii.
1751 5315 2047 5371 Possemus

461 5411 646 5458 tamen
679 5404 908 5461 dicere:
944 5405 1001 5461 Si
1035 5422 1146 5460 non
1195 5405 1422 5460 omnino
1471 5415 1855 5472 numerantur,
1905 5421 2047 5477 quo-

461 5495 650 5560 modo,
692 5497 804 5550 Dan
830 5505 886 5551 et
912 5497 1203 5567 Nephthali
1232 5513 1344 5552 non
1369 5499 1720 5568 computatis,
1753 5499 2044 5555 duodecim

461 5584 795 5658 patriarcha:
844 5586 1017 5640 sunt?
1058 5587 1165 5641 Sed
1213 5602 1310 5643 eos
1357 5604 1482 5642 cum
1531 5596 1740 5644 naturae
1772 5589 1901 5644 ﬁliis
1932 5605 2045 5644 non

462 5677 744 5735 numerari
782 5677 1134 5733 manifestum
1167 5690 1271 5735 est.
1295 5681 1466 5736 Porro
1497 5682 1544 5737 si
1577 5697 1688 5737 non
1719 5689 1781 5737 ut
1816 5681 1913 5738 ﬁlii
1940 5683 2048 5738 Ra-

461 5769 609 5838 chel,
644 5781 701 5827 at
728 5778 881 5827 certe
925 5771 1072 5828 sicut
1109 5772 1204 5827 ﬁlii
1235 5773 1395 5842 Balae,
1422 5791 1545 5847 quae
1574 5775 1680 5831 alia
1710 5783 1816 5844 est,
1847 5790 2044 5832 nume-

536 5883 583 5924 ⁵⁷
613 5884 756 5943 Gen.
788 5901 912 5952 xxx,
941 5885 998 5942 5.
1071 5886 1116 5918 ⁸⁸
1146 5885 1282 5941 ibid.
1324 5887 1373 5944 6.

2127 4767 2246 4819 xui.
2268 4765 2482 4831 τέξεται
2504 4765 2600 4818 ὲπί
2613 4763 2723 4818 τῶν
2752 4764 2995 4834 γονάτων
3021 4782 3124 4836 μου
3143 4765 3240 4820 καὶ
3267 4765 3736 4834 τεκνοποιήσομαι

2150 4855 2308 4925 κάγὼ
2330 4855 2389 4922 ἐξ
2403 4854 2596 4925 αὐτῆς.
2625 4873 2644 4907 ι
2681 4855 2792 4909 Καὶ
2812 4854 2994 4923 πάλιν,
3015 4855 3097 4909 δτι
3113 4870 3135 4905 ο
3178 4855 3398 4924 Ἐκρινέ
3413 4871 3506 4924 μοι
3526 4853 3558 4904 ὁ
3579 4852 3736 4914 Θεὸς,

2149 4947 2246 5000 καὶ
2267 4947 2543 5017 ἐπήκουσε
2565 4947 2665 5018 τῆς
2681 4944 2866 5016 φωνῆς
2887 4962 3010 5016 μου,
3030 4944 3125 4998 καὶ
3144 4944 3313 4998 ἔδωκέ
3340 4962 3431 5014 μοι
3457 4945 3573 4997 υἱόν
3598 4959 3612 4973 ·
3637 4942 3732 4995 διὰ

2148 5036 2310 5092 τοῦτο
2342 5037 2569 5092 ἐκάλεσε
2593 5037 2654 5092 τὸ
2694 5037 2866 5108 ὄνομα
2894 5035 3059 5091 αὑτοῦ
3089 5037 3220 5092 Δάν.
3255 5053 3277 5089 ι
3311 5037 3514 5090 Τέτοκε
3543 5035 3606 5090 δὲ
3640 5035 3739 5088 καὶ

2149 5126 2289 5199 αὔτη
2314 5126 2476 5198 φύσει
2495 5127 2590 5182 τὸν
2625 5127 2822 5198 Ἰωσὴφ
2845 5127 2941 5182 καὶ
2961 5128 3224 5199 Βενιαμίν
3246 5141 3262 5158 ⁸
3289 5128 3381 5182 καὶ
3412 5129 3476 5181 οὐ
3503 5127 3594 5181 διὰ
3615 5127 3739 5182 τόδε

2140 5222 2408 5293 τέσσαρες
2432 5220 2540 5275 υἱοὶ
2576 5221 2680 5294 τῆς
2719 5221 2960 5293 Ῥαχὴλ,
2994 5223 3059 5275 ὲκ
3102 5221 3212 5274 τῶν
3254 5220 3321 5290 ιβ’
3372 5223 3740 5293 πατριάρχῶν

2134 5317 2280 5369 ἐἰσιν
2303 5331 2318 5346 ο
2354 5316 2416 5370 ού
2447 5315 2557 5387 γὰρ
2589 5314 2958 5389 ἀριθμοῦνται
2973 5315 3075 5368 καὶ
3093 5315 3143 5368 οί
3171 5313 3319 5368 θέσει
3368 5316 3493 5368 υίοί.
3541 5315 3739 5368 Καίτοι

2153 5409 2407 5480 εἴποιμεν
2435 5411 2486 5462 εί
2512 5409 2636 5464 οὐδὲ
2680 5408 2819 5471 ὅλως
2864 5407 3267 5480 ἀριθμοῦνται,
3307 5407 3426 5472 πῶς
3460 5402 3555 5460 οὖν
3594 5407 3661 5478 ιβ’
3688 5410 3740 5460 ot

2155 5500 2496 5572 πατριάρχαι
2525 5502 2653 5568 εἰσὶ,
2685 5499 2795 5555 Δὰν
2821 5500 2917 5555 καὶ
2963 5499 3288 5571 Νεφθαλείμ
3315 5499 3392 5572 μὴ
3427 5500 3741 5570 συλλογιζο-

2157 5593 2367 5663 μένων;
2396 5593 2514 5648 ἀλλ’
2561 5595 2644 5649 ὅτι
2672 5594 2774 5647 οὐκ
2803 5593 3167 5667 ἀριθμοῦνται
3205 5594 3303 5647 σὺν
3334 5596 3445 5657 τοῖς
3475 5593 3641 5662 φύσει
3689 5594 3743 5647 οἱ

2155 5683 2325 5750 θέσει,
2347 5684 2508 5755 δῆλόν
2533 5686 2684 5739 ἐστιν
2723 5699 2740 5717 ⁸
2793 5684 2842 5736 εί
2870 5683 2980 5755 γάρ
3005 5686 3100 5738 καὶ
3136 5683 3211 5756 μὴ
3239 5683 3313 5748 ὼς
3341 5684 3439 5755 τῆς
3492 5683 3696 5754 Ῥαχὴλ
3724 5725 3741 5748 ,

2154 5775 2291 5831 ἀλλά
2320 5792 2384 5846 γε
2410 5777 2486 5841 ὼς
2512 5777 2611 5848 τῆς
2637 5775 2848 5842 Βάλλας
2875 5775 2987 5830 ἰδοὺ
3013 5775 3374 5850 ἀριθμοῦνται
3407 5777 3609 5848 ἐτέρας
3636 5774 3740 5830 οὔα-
