4006 6512
282 434 420 498 1545

1226 428 1623 492 ADVERSUS
1659 427 2209 492 NESTORIANOS.
2243 455 2307 467 -·
2340 433 2487 494 LIB.
2525 433 2643 494 ῐίῐ.

3388 436 3526 501 1646

278 564 381 616 σης
400 562 414 574 ·
444 543 539 599 καὶ
565 542 661 597 δύο
684 541 786 613 μὲν
821 540 1047 613 Ῥαχὴλ,
1080 541 1175 596 δύο
1202 541 1263 597 δὲ
1288 543 1469 615 ἕτεροι
1510 542 1610 612 τῆς
1640 541 1848 604 Βάλλας

1952 551 2175 610 rantur;
2211 554 2267 599 et
2304 547 2529 615 quidem
2573 546 2687 601 duo
2733 545 2829 602 ﬁlii
2879 547 3103 616 Rachel,
3143 550 3255 606 duo
3279 568 3410 611 vero
3433 556 3526 611 alii

278 633 421 692 εἶναι
472 636 722 705 λέγονται
763 637 822 690 έν
867 639 980 699 τοῖς
1034 634 1101 704 ιβ’
1126 650 1139 663 ·
1182 636 1248 689 ἐκ
1292 635 1566 706 διαφόρων
1596 651 1657 687 τε
1698 634 1851 696 ὄντες

278 730 534 802 μητέρων
565 729 674 782 υἱοὶ
703 728 797 782 καὶ
818 727 879 793 ὲξ
898 728 1194 799 ἀδιαφόρου
1226 727 1434 797 πατρός
1465 741 1481 757 ’
1512 725 1654 780 ὥστε
1681 726 1776 779 καὶ
1799 726 1851 778 οῑ

275 822 343 874 ἐκ
379 820 675 891 διαφόρων,
716 819 813 871 καὶ
839 819 891 872 οἱ
924 817 984 883 ἐξ
1007 817 1319 888 ἀδιαφόρων
1345 816 1505 882 ὅλως,
1527 817 1577 869 εί
1607 816 1851 879 πλείονές

275 916 383 967 είσι
407 898 528 975 ταῖς
577 911 943 965 ὑποστάσεσιν
965 950 981 975 ,
1020 910 1126 963 υἱοὶ
1162 908 1548 980 ἀριθμοῦνται.
1582 906 1758 962 Μόνον
1790 907 1849 961 δὲ

272 1006 396 1058 τότε
425 1004 526 1058 οὑκ
555 1003 915 1075 ἀριθμοῦνται
964 1001 1211 1065 πλείονες
1254 1000 1384 1065 uici,
1433 1002 1522 1054 ὅτε
1560 999 1850 1056 κατάτῶν

273 1097 455 1151 αὑτῶν
476 1097 849 1159 ὑποστάσεων,
891 1095 1107 1157 πλείους
1155 1093 1421 1163 υῐοτήτων
1463 1094 1656 1162 τρόποι
1706 1091 1845 1145 είσί’

272 1191 355 1245 διο
385 1191 491 1245 υἱοὶ
520 1188 728 1252 Βάλλας
750 1188 871 1241 ἐπεὶ
894 1186 989 1241 καὶ
1017 1185 1223 1257 ταύτης
1253 1185 1415 1256 φύσει
1445 1185 1542 1239 καὶ
1588 1185 1688 1255 τῆς
1726 1184 1851 1238 Ῥα-

275 1283 379 1356 γὴλ
407 1283 557 1337 θέσει
585 1281 721 1335 εἰσὶν
742 1280 850 1335 υἱοὶ
871 1281 922 1334 οἱ
950 1281 1127 1343 αὐτοὶ,
1156 1278 1256 1349 οὑχ
1308 1278 1534 1341 ἕκαστος
1553 1275 1731 1329 αὑτῶν
1760 1275 1851 1329 διά

275 1376 375 1439 τάς
407 1375 500 1430 δύο
528 1376 782 1446 υἱότητας
806 1413 820 1435 ,
852 1372 948 1427 δύο
985 1372 1091 1425 υἱοὶ
1137 1369 1586 1439 καταλογίζονται
1605 1384 1620 1399 °
1669 1368 1702 1440 ἢ
1737 1368 1848 1438 γάρ

274 1469 343 1523 ἂν
392 1465 564 1529 οὕτως
600 1464 997 1533 δεκατέσσαρες
1045 1458 1188 1534 ἦσαν
1228 1463 1277 1515 oi
1316 1460 1699 1532 πατριάρχαι·
1730 1458 1844 1515 ἀλλ’

276 1553 359 1620 εἷς
396 1558 676 1628 ἑκάτερος,
711 1556 990 1625 διαφόροις
1012 1555 1222 1624 υἱότησι
1248 1552 1349 1623 τὴν
1381 1553 1635 1624 διάφορον
1665 1551 1846 1622 σχέσιν

274 1650 599 1721 ποιούμενος
640 1650 778 1721 πρὸς
806 1650 933 1711 τοὺς
962 1647 1180 1712 τοκέας,
1204 1648 1266 1701 οὑ
1290 1646 1571 1718 διαφόροις
1591 1644 1847 1715 ἀριθμοῖς

275 1741 372 1794 καὶ
405 1739 737 1793 ὑποστάσεσι
775 1736 1134 1809 μετρούμενοι
1158 1752 1174 1768 ⁸
1208 1738 1344 1791 ὅπου
1379 1753 1445 1805 γε
1475 1736 1537 1789 τὸ
1556 1734 1847 1805 λεγόμενον

274 1833 368 1886 ὑπ’
392 1832 592 1898 αὑτῶν,
627 1832 675 1884 εί
702 1830 791 1883 διά
827 1830 888 1884 τὸ
918 1830 1064 1883 θέσει
1088 1826 1228 1883 εῖναι
1277 1830 1366 1883 τὸν
1403 1828 1690 1900 ἄνθρωπον
1718 1826 1847 1880 Υἱὺν

1953 635 2095 691 Baiae
2141 636 2407 692 dicuntur
2451 654 2574 693 esse
2619 639 2765 694 inter
2807 640 3130 708 duodecim,
3179 659 3246 699 ex
3293 645 3529 703 diversis

1953 726 2245 795 matribus,
2277 730 2372 784 sed
2401 746 2467 785 ex
2495 740 2650 801 patre
2678 746 2788 785 non
2820 732 3063 797 diverso,
3099 734 3213 790 nati
3241 752 3255 788 :
3283 735 3360 791 ita
3393 747 3531 794 utet

1950 833 2017 874 ex
2046 819 2283 876 diversis
2306 822 2440 885 nati,
2471 830 2528 875 et
2557 835 2625 876 ex
2650 836 2761 876 non
2789 821 3024 877 diversis
3068 824 3195 888 orti,
3230 825 3276 880 si
3314 828 3530 885 ratione

1951 911 2319 982 hypostaseon
2366 913 2551 983 plures
2592 913 2731 978 sint,
2780 913 2877 967 ﬁlii
2922 927 3311 972 numerantur.
3370 918 3529 973 Tunc

1950 1002 2128 1057 solum
2161 1018 2270 1057 non
2297 1012 2661 1059 numerantur
2684 1005 2873 1075 plures
2902 1006 3000 1060 ﬁlii
3026 1021 3153 1060 cum
3191 1006 3296 1062 sub
3327 1008 3529 1064 iisdem

1951 1094 2357 1165 hypostasibus,
2404 1096 2591 1165 plures
2635 1095 2918 1152 ﬁliationis
2967 1096 3115 1151 modi
3178 1108 3325 1153 sunt.
3392 1101 3527 1155 Pro-

1950 1192 2161 1253 pterea,
2186 1184 2282 1239 ﬁlii
2311 1185 2475 1250 Balae,
2525 1201 2650 1241 cum
2678 1186 2848 1241 iidem
2888 1186 3000 1242 sint
3027 1187 3192 1258 hujus
3235 1198 3432 1243 natura
3470 1200 3529 1245 et

1951 1275 2156 1331 Rachel
2209 1276 2507 1347 adoptione
2550 1277 2685 1343 ﬁlii,
2734 1293 2847 1333 non
2893 1278 3245 1349 singulatim,
3311 1281 3526 1335 ratione

1951 1367 2186 1422 duarum
2216 1367 2566 1433 ﬁliationum,
2587 1370 2700 1425 duo
2723 1368 2818 1424 ﬁlii
2842 1381 3244 1426 numerantur:
3274 1372 3356 1426 sic
3375 1372 3525 1426 enim

1950 1463 2142 1510 essent
2169 1457 2586 1527 quatuordecim
2618 1458 2977 1529 patriarcha;
2997 1460 3090 1514 sed
3122 1460 3525 1530 unusquisque,

1951 1546 2185 1603 diversis
2226 1548 2586 1606 ﬁliatiouibus
2630 1550 2903 1605 diversam
2942 1550 3155 1607 habens
3200 1552 3526 1608 relationem

1952 1651 2076 1692 cum
2129 1637 2508 1708 genitoribus,
2567 1654 2681 1695 non
2740 1640 2988 1695 numeris
3031 1649 3088 1695 et
3138 1641 3527 1713 hypostasibus

1950 1728 2233 1785 deﬁnitur.
2264 1731 2368 1788 Ubi
2401 1740 2552 1786 certe
2584 1732 2792 1788 dictum
2817 1740 2903 1789 est
2932 1734 3001 1788 ab
3018 1734 3123 1800 eis,
3156 1735 3326 1805 quod,
3357 1736 3401 1791 si
3431 1752 3528 1806 per

1950 1821 2305 1893 adoptionem
2343 1833 2430 1879 est
2455 1824 2621 1879 homo
2651 1825 2798 1880 ﬁlius
2833 1826 2948 1893 Dei,
2979 1827 3113 1882 illud
3146 1843 3257 1883 non
3291 1830 3439 1899 cogit
3471 1828 3527 1885 in

272 1922 431 1989 Θεοῦ,
467 1923 541 1996 μὴ
568 1920 1014 1991 συναριθμεῖσθαι
1034 1922 1112 1983 είς
1141 1920 1308 1974 δυάδα
1335 1920 1464 1973 Υἱὸν
1495 1898 1584 1972 τὸν
1608 1917 1845 1991 Χριστὸν

1952 1914 2096 1972 duali
2122 1932 2354 1974 numero
2384 1917 2559 1974 ﬁlium
2588 1919 2899 1991 computari
2927 1920 3207 1977 Christum
3234 1898 3526 1979 cumiFilio

274 2018 423 2069 ποιεί
446 2017 543 2069 σὺν
562 2013 640 2087 τῷ
671 2012 833 2084 φύσει
868 2012 983 2084 Υίῷ
1011 2012 1108 2067 τοῦ
1162 2013 1299 2067 Θεοῦ
1327 2013 1406 2083 τῷ
1432 2013 1615 2084 Λόγῳ,
1655 2012 1779 2066 ἐπεὶ
1817 2013 1847 2065 6

266 2106 505 2178 ἀριθμὸς
531 2107 628 2159 ἐπὶ
659 2106 768 2160 τῶν
792 2103 951 2176 φύσει
978 2105 1115 2170 ἐστὶ,
1158 2105 1317 2159 τοῦτο
1347 2105 1623 2159 δείκνυται
1647 2143 1663 2167 .
1691 2104 1773 2159 ὅτι
1810 2103 1845 2174 ἢ

268 2198 346 2261 ὡς
364 2198 669 2270 ὑπερέχων,
692 2199 726 2269 ἢ
749 2199 823 2263 ὡς
852 2199 1005 2253 οὐδὲν
1020 2198 1097 2252 ὢν
1120 2199 1278 2265 ὅλως,
1313 2198 1411 2269 οὑχ
1456 2198 1576 2268 ἥξει
1610 2200 1688 2261 είς
1722 2198 1848 2268 ἀρι-

273 2288 412 2359 θμὸν
441 2290 574 2344 υἱῶν
609 2294 639 2345 6
676 2291 823 2345 θέσει
856 2308 870 2323 ·
908 2293 956 2345 εἰ
993 2292 1091 2363 μὲν
1115 2286 1209 2346 οὖν
1237 2291 1313 2355 ὡς
1338 2291 1623 2364 ὑπερέχων
1647 2290 1847 2361 μείζων

284 2379 535 2451 Ἰωάννης
562 2379 660 2434 τοῦ
701 2381 972 2436 Δεσπότου
1009 2383 1064 2435 ὲν
1090 2385 1227 2447 υἱοῖς
1259 2384 1358 2454 τῆς
1382 2380 1697 2451 Δεσποίνης.
1752 2379 1847 2433 καὶ

270 2473 367 2526 τοῦ
400 2474 573 2543 Λόγου
607 2474 791 2538 ἁπλῶς
812 2475 840 2528 6
871 2475 1153 2543 ἄνθρωπος
1194 2474 1345 2546 παρὰ
1378 2473 1499 2544 Θεῷ
1525 2473 1603 2543 τῷ
1631 2472 1803 2545 Πατρί
1828 2486 1843 2501 ⁸

273 2569 322 2619 εἰ
350 2566 407 2621 δὲ
435 2567 661 2640 χείρων,
703 2567 820 2632 πῶς
868 2560 949 2631 εἷς
980 2566 1091 2631 υἱὸς
1131 2568 1160 2621 6
1204 2567 1404 2639 χείρων
1434 2568 1532 2619 σὺν
1560 2566 1638 2637 τῷ
1668 2565 1850 2638 κρείτ-

272 2675 429 2727 τονι;
460 2660 522 2713 οὑ
564 2658 675 2733 γὰρ
723 2658 782 2714 ἓν
820 2658 891 2714 τὰ
926 2659 1160 2732 διάφορα
1187 2656 1427 2731 ἐροῦσιν.

344 2841 408 2897 ΕΙ
441 2840 497 2896 δὲ
527 2842 730 2895 εἴποιεν
760 2840 843 2894 ὅτι
869 2840 947 2904 ὡς
989 2840 1145 2895 οὐδὲν
1174 2840 1275 2907 ὢν,
1310 2841 1636 2912 ἑλήλεγκται
1665 2838 1848 2893 αὑτῶν

273 2938 310 3009 η
334 2937 557 3007 δόκησις
589 2938 687 3008 τῆς
735 2938 866 3009 περὶ
914 2938 1152 3010 Χριστοῦ
1195 2938 1476 3010 υῑότητοςο
1514 2938 1599 2992 ῐνα
1635 2938 1693 2992 δὲ
1744 2937 1848 2993 κάν

273 3029 448 3101 τούτῳ
483 3029 744 3101 δειχθεῐεν
782 3030 1127 3102 ψευδόμενοι,
1161 3031 1269 3086 ίδοὺ
1306 3034 1363 3085 ὲν
1405 3034 1473 3104 τῇ
1529 3031 1850 3103 γενεαλογίᾳ

271 3122 368 3176 τοῦ
403 3122 629 3194 Κυρίου,
666 3122 864 3193 Ἰωσὴφ
912 3122 1004 3176 τὸν
1040 3123 1327 3195 μνηστῆρα
1377 3124 1477 3191 τῆς
1524 3112 1847 3195 Δεσποίνης,

274 3215 391 3269 υἱὸν
423 3213 573 3283 λέγει
620 3213 720 3268 τοῦ
768 3213 935 3278 Ἠλεὶ,
977 3215 1152 3269 καίτοι
1190 3216 1249 3279 ἐξ
1306 3214 1500 3269 Ἰακὼϐ
1531 3215 1691 3285 φύσει
1719 3215 1849 3270 ὄντα

273 3306 369 3362 τοῦ
415 3306 642 3377 ἀδελφοῦ
689 3307 856 3361 αὑτοῦ
896 3308 1260 3378 πρωτότοκον,
1293 3308 1430 3362 ἀλλά
1475 3308 1618 3361 κατά
1661 3308 1845 3378 νόμον,

274 3400 486 3455 ἐκείνου
519 3398 741 3472 σπέρμα
768 3398 864 3454 τοῦ
893 3401 1425 3471 προτελευτησαντος
1448 3400 1675 3465 ἄπαιδος
1702 3400 1852 3453 ἀδελ-

276 3490 379 3561 φοῦ
414 3490 913 3565 ἀναγορευόμενονο
956 3490 1038 3544 ἐτι
1079 3490 1137 3544 δὲ
1185 3490 1246 3544 τὸ
1292 3491 1620 3563 τρανότερον
1670 3490 1850 3544 αὐτῶν

276 3582 521 3653 γυμνοῦν
560 3583 662 3654 τὴν
708 3582 903 3653 διπλῆν
948 3582 1224 3649 ἀσέϐειαν,
1251 3582 1532 3653 εἴποιμενο
1562 3582 1637 3645 ὡς
1664 3583 1727 3636 Et
1756 3582 1850 3635 καὶ

278 3677 356 3749 μὴ
388 3677 800 3749 συναριθμεῖται
826 3679 854 3731 6
876 3677 1021 3731 θέσει
1047 3678 1175 3742 Υἱὸς
1194 3677 1291 3731 τοῦ
1307 3676 1442 3731 Θεοῦ
1467 3678 1703 3750 Χριστὸς
1727 3674 1850 3731 καθ’

276 3768 422 3838 ὑμᾶς
461 3767 539 3839 τῷ
573 3769 734 3837 φύσει
764 3769 878 3841 Υἱῷ
919 3769 1014 3824 καὶ
1053 3771 1214 3839 Λόγῳ
1239 3768 1335 3823 τοῦ
1365 3768 1522 3834 Θεοῦ,
1555 3768 1850 3824 κάντεῦθεν

275 3859 369 3913 δύο
409 3861 558 3923 υἱοὺς
602 3860 927 3932 πρεσδεύειν
973 3862 1072 3931 οὑχ
1098 3860 1424 3926 ἀλίσκεσθε;
1451 3859 1592 3912 Ἀλλ’
1617 3859 1739 3913 ὲπεί
1770 3876 1850 3913 τι-

277 3952 367 4015 νός
386 3952 618 4006 ἐστικαὶ
639 3953 800 4017 αὑτὸς
827 3953 986 4023 φύσει
1010 3954 1159 4017 Υἱὸς,
1183 3954 1401 4016 πάντως
1423 3953 1519 4006 xui.
1533 3952 1654 4007 καθ’
1682 3953 1849 4023 ὑμᾶς,

275 4043 445 4115 ἠγουν
488 4043 584 4097 τοῦ
633 4045 922 4117 ἀνθρώπου
943 4061 957 4075 ·
992 4045 1053 4099 οὐ
1102 4045 1212 4118 γὰρ
1246 4046 1356 4100 ἀπὸ
1384 4048 1730 4118 ταυτομάτου
1760 4064 1852 4117 γε·

277 4135 523 4208 γένηται,
551 4138 709 4210 δῆλον
738 4139 813 4205 ὡς
843 4141 970 4205 Υἱός
1010 4142 1183 4209 ἐστιν,
1218 4144 1267 4196 εί
1315 4144 1408 4197 καὶ
1437 4142 1512 4215 μὴ
1544 4142 1703 4209 Θεοῦ,
1734 4142 1851 4197 ἀλλ’

279 4226 429 4298 ὅμως
452 4230 668 4293 πάντως
701 4230 844 4295 τινὸς
878 4232 1173 4302 προσώπου
1212 4234 1372 4303 φύσει
1402 4236 1491 4288 καὶ
1519 4234 1643 4289 καθ’
1670 4234 1813 4305 ὑμᾶς
1832 4250 1847 4265 ⁸

276 4320 467 4375 τοῦτον
493 4321 587 4375 οὖν
623 4326 716 4377 τὸν
759 4324 821 4377 οὑ
861 4324 1012 4389 Θεὸν,
1042 4326 1163 4380 οὑδὲ
1205 4325 1342 4381 Θεοῦ
1391 4327 1553 4398 φύσει
1581 4326 1730 4393 Υίὸν,
1758 4328 1850 4381 ἀν-

279 4411 500 4484 θρώπου
529 4416 585 4470 δὲ
612 4416 773 4486 φύσει
804 4417 935 4471 Υίὸν
964 4420 1087 4474 καθ’
1112 4421 1278 4491 ὑμᾶς,
1310 4422 1404 4477 καὶ
1430 4423 1520 4478 τὸν
1540 4423 1703 4492 φύσει
1723 4424 1850 4478 Υῑὸν

277 4504 373 4558 τοῦ
419 4505 555 4559 Θεοῦ
607 4508 803 4578 Λόγον,
857 4510 950 4564 δύο
992 4511 1143 4576 υίούς
1188 4529 1361 4581 φατε’
1392 4514 1426 4584 ἢ
1453 4516 1577 4569 οὑδὲ
1600 4516 1708 4580 Σὴθ
1758 4517 1851 4571 τὸν

1947 2010 2070 2076 Dei,
2113 2026 2213 2081 per
2258 2020 2513 2067 naturam
2562 2012 2743 2068 Verbo
2789 2014 2888 2083 (5),
2934 2014 3041 2070 hoc
3091 2015 3525 2084 demonstratur,

1947 2102 2181 2168 scilicet,
2219 2102 2392 2159 ﬁlium
2437 2120 2537 2175 per
2569 2105 2923 2176 adoptionem
2970 2105 3056 2162 vel
3102 2107 3232 2178 quia
3280 2117 3523 2179 praestat,

1948 2192 2034 2247 vel
2082 2194 2211 2263 quia
2252 2194 2392 2249 nihil
2436 2196 2663 2251 omnino
2704 2204 2811 2263 est,
2856 2197 2913 2252 in
2948 2214 3238 2254 numerum
3288 2200 3526 2256 ﬁliorum

1948 2298 2061 2339 non
2092 2299 2215 2341 esse
2254 2293 2591 2341 venturum:
2640 2303 2828 2358 porro,
2858 2290 2904 2344 si
2934 2299 3192 2360 tanquam
3235 2303 3525 2362 praestans,

1948 2390 2079 2447 ergo
2107 2376 2366 2444 Joannes,
2388 2378 2443 2433 in
2465 2379 2711 2435 Dominae
2737 2379 2883 2446 ﬁliis,
2924 2382 3120 2437 melior
3159 2392 3241 2438 est
3266 2383 3523 2443 Domino.

1948 2470 2170 2541 etapud
2223 2472 2394 2527 Deum
2438 2472 2655 2529 Patrem
2708 2468 2875 2530 homo
2915 2473 3167 2530 absolute
3211 2475 3406 2529 melior
3444 2482 3529 2529 est

1951 2565 2173 2621 Verbo:
2225 2566 2374 2637 quod
2423 2566 2469 2621 si
2525 2576 2783 2636 tanquam
2828 2568 3005 2637 pejor,
3046 2567 3324 2638 quomodo
3374 2568 3529 2637 pejor

1950 2672 2097 2714 unus
2127 2658 2274 2714 ﬁlius
2306 2666 2392 2715 est
2414 2673 2543 2714 cum
2569 2658 2845 2714 meliore?
2883 2657 3003 2713 Non
3046 2660 3193 2713 enim
3236 2674 3407 2713 unum
3435 2658 3525 2713 di-

1948 2766 2108 2808 versa
2134 2761 2349 2824 rogant.

2022 2842 2129 2898 Sed
2157 2852 2213 2899 et
2251 2843 2297 2898 si
2332 2842 2551 2898 dicant:
2579 2842 2708 2914 quia
2736 2841 2872 2897 nihil
2906 2850 3010 2907 est,
3042 2842 3292 2914 arguitur
3333 2857 3525 2897 eorum

1951 2933 2140 3005 opinio
2163 2935 2231 2990 tle
2256 2934 2459 2991 Christi
2497 2935 2788 2991 ﬁliatione.
2825 2935 3028 2989 Verum
3056 2942 3116 2989 ut
3146 2935 3203 2989 in
3229 2935 3334 2989 hoc
3356 2935 3525 2989 etiam

1952 3026 2245 3082 mendaces
2278 3027 2662 3092 ostendantur,
2698 3027 2752 3082 in
2793 3026 3010 3082 Domini
3042 3021 3381 3098 genealogia,
3431 3025 3526 3080 Jo-

1952 3119 2109 3189 seph,
2158 3119 2403 3174 Domina:
2444 3135 2700 3189 sponsus,
2753 3119 2959 3175 dicitur
2997 3119 3142 3174 ﬁlius
3182 3117 3321 3183 Heli,
3354 3132 3527 3188 quan-

1952 3226 2118 3281 quam
2149 3226 2216 3265 ex
2243 3210 2434 3277 Jacob,
2465 3210 2631 3281 hujus
2662 3210 2853 3275 fratre,
2880 3217 3076 3265 natura
3099 3208 3524 3280 primogenitus,

1951 3303 2047 3358 sed
2072 3304 2227 3375 juxta
2257 3304 2456 3376 legem,
2498 3303 2649 3360 illius
2671 3313 2832 3359 antea
2880 3305 2999 3359 sine
3043 3304 3234 3358 liberis
3280 3299 3525 3358 defuncti

1950 3397 2137 3453 fratris
2164 3413 2353 3454 semen
2388 3398 2717 3454 declaratus.
2748 3398 2829 3453 Ad
2869 3397 3114 3468 apertius
3146 3405 3329 3452 autem
3363 3395 3520 3450 dete-

1949 3489 2183 3561 gendam
2234 3505 2429 3545 eorum
2473 3490 2751 3560 duplicem
2786 3489 3146 3560 impietatem,
3193 3489 3443 3543 dicamus
3468 3498 3527 3543 et

1951 3582 2132 3637 istud:
2158 3582 2213 3638 Si
2235 3583 2389 3654 juxta
2421 3598 2518 3639 vos
2544 3583 2715 3638 Filius
2742 3582 2839 3638 Dei
2871 3599 2970 3653 per
2994 3582 3345 3652 adoptionem
3373 3579 3528 3635 Chri-

1950 3683 2070 3730 stus
2091 3690 2199 3730 non
2220 3691 2331 3730 uno
2354 3690 2588 3729 numero
2611 3676 2874 3747 jungatur
2894 3674 3033 3728 Filio
3058 3689 3157 3743 per
3182 3682 3438 3727 naturam
3467 3680 3527 3726 et

1951 3770 2132 3826 Verbo
2170 3770 2289 3833 Dei,
2317 3768 2517 3825 exinde
2550 3767 2691 3824 duos
2728 3767 2870 3824 ﬁlios
2896 3776 3147 3823 astruere
3174 3782 3361 3822 nonne
3389 3781 3526 3821 con-

1949 3862 2294 3917 vincemini?
2336 3864 2407 3916 At
2446 3878 2607 3926 vero,
2653 3876 2779 3917 cum
2812 3868 2868 3915 et
2897 3861 3011 3930 ipse
3046 3860 3207 3929 plane
3240 3858 3527 3930 cujusdam

1948 3953 2021 4007 sit
2053 3962 2248 4007 natura
2283 3952 2447 4019 ﬁlius,
2478 3962 2537 4008 et
2572 3954 2726 4023 juxta
2764 3966 2884 4017 vos,
2930 3951 3189 4014 hominis,
3225 3966 3337 4005 non
3376 3950 3527 4005 enim

1948 4055 2252 4116 spontanee
2279 4055 2577 4118 generatus
2605 4055 2710 4110 est,
2751 4045 2979 4100 evidens
3024 4054 3112 4099 est
3150 4044 3325 4109 illum,
3359 4043 3527 4098 etiam

1944 4138 2100 4210 juxta
2132 4153 2249 4203 vos,
2275 4137 2322 4193 si
2358 4153 2472 4193 non
2502 4137 2621 4204 Dei,
2656 4145 2712 4193 at
2743 4146 2894 4193 certe
2933 4136 3248 4193 necessario
3293 4137 3529 4207 alicujus

1950 4248 2219 4303 personae,
2251 4241 2447 4287 natura
2473 4232 2643 4287 ﬁlium
2668 4248 2811 4287 esse.
2854 4232 3011 4287 Hunc
3033 4231 3201 4303 igitur
3222 4247 3331 4286 non
3355 4232 3527 4286 Deum

1949 4344 2054 4385 nec
2100 4328 2198 4383 Dei
2242 4327 2552 4383 naturalem
2597 4327 2820 4393 Filium,
2870 4328 2966 4383 sed
3007 4328 3163 4399 juxta
3207 4343 3306 4382 vos
3354 4327 3527 4381 ﬁlium

1950 4417 2193 4473 hominis
2236 4417 2567 4483 naturalem,
2597 4425 2656 4471 et
2697 4418 3003 4471 naturalem
3036 4418 3231 4472 Filium
3265 4418 3360 4472 Dei
3389 4418 3529 4474 Ver-

1950 4509 2106 4575 bum,
2155 4510 2295 4564 duos
2346 4508 2489 4563 ﬁlios
2537 4508 2748 4573 dicitis,
2792 4509 2878 4563 vel
2923 4524 3104 4577 neque
3149 4509 3306 4573 Seth,
3356 4509 3531 4564 ﬁlium

281 4597 395 4650 υἱὸν
434 4597 625 4668 Ἀδὰμ,
659 4599 753 4653 καὶ
781 4601 873 4654 τὸν
903 4603 1074 4669 Λόγον
1103 4602 1197 4657 τοῦ
1225 4605 1383 4672 Θεοῦ,
1408 4606 1502 4660 δύο
1536 4609 1686 4673 υἱοὺς
1709 4609 1850 4679 ἐρεῖ-

1953 4601 2148 4666 Adam,
2191 4608 2248 4654 et
2290 4600 2531 4655 Verbum
2567 4600 2687 4665 Dei,
2738 4610 2928 4670 utpote
2977 4600 3141 4654 unius
3191 4609 3247 4655 et
3300 4600 3532 4655 alterius

278 4706 362 4753 τε,
394 4687 585 4760 ἑτέρου
625 4691 719 4743 καὶ
761 4693 948 4763 ἐτέρου
992 4694 1154 4759 ὄντας
1220 4697 1391 4762 υἱούς.
1446 4698 1509 4752 Εἰ
1549 4699 1607 4753 δὲ
1669 4700 1849 4767 τοῦτο,

283 4780 501 4843 πάντως
540 4779 700 4851 δῆλον
733 4782 809 4845 ὼς
838 4783 932 4837 δύο
972 4802 1071 4855 μεν
1118 4787 1266 4849 υίοὺς
1307 4789 1442 4853 ῐστε,
1472 4790 1563 4842 τόν
1592 4807 1652 4843 τε
1679 4791 1852 4860 Λόγον

282 4870 375 4924 καὶ
394 4871 486 4923 τὸν
511 4871 745 4941 Χριστόν
767 4888 779 4901 ·
803 4871 991 4946 ὥσπερ
1003 4870 1096 4928 οὖν
1122 4875 1322 4930 καὶδύο
1344 4877 1611 4947 πρόσωπα
1632 4879 1817 4949 λέγετε
1836 4897 1849 4912 ·

282 4961 396 5015 ἀλλ’
436 4962 558 5017 οὑδὲ
586 4962 740 5028 Θεὸν,
772 4964 891 5017 οὑδὲ
922 4964 1057 5018 Θεοῦ
1089 4965 1217 5020 Υἱδν
1252 4968 1345 5021 τὸν
1391 4970 1648 5037 Χριστὸν,
1694 4972 1855 5042 μόνον

280 5056 337 5109 δὲ
351 5055 505 5123 ψιλὸν
536 5057 650 5111 υἱὸν
681 5057 810 5112 ὅντα
837 5057 959 5112 καθ’
978 5059 1123 5129 ἡμᾶς
1154 5059 1279 5123 τοὺς
1300 5060 1620 5131 ἀνθρώπους
1640 5063 1854 5134 ἀνθρώ-

282 5165 388 5201 που
412 5164 427 5181 ⁶
458 5150 629 5203 ταῦτα
657 5150 714 5204 δὲ
743 5146 811 5223 ἦν
848 5150 986 5205 αὑτά
1019 5151 1055 5206 6.
1090 5152 1256 5205 πάλαι
1302 5154 1694 5225 ἐγκαλούμενοι
1722 5158 1854 5229 παρ’

280 5240 463 5311 ήμῶν,
511 5240 677 5313 ἄλλην
709 5242 943 5315 ἀλλαχοῦ
985 5243 1372 5310 διεκδύνοντες,
1418 5246 1601 5302 λαθεῖν
1642 5248 1853 5319 ἐμηχα-

285 5332 481 5388 νᾶσθε*
516 5335 608 5388 καὶ
643 5335 751 5389 ίδοὺ
782 5336 987 5408 θατέρᾳ
1022 5335 1255 5409 θατέραν
1284 5337 1604 5403 κακοδοξίαν
1642 5339 1853 5394 ἑαυτῶν

283 5424 628 5496 διηλέγξατερ·
664 5425 821 5480 τοῦτο
852 5426 1112 5492 πολλάκις
1137 5429 1237 5482 κάν
1266 5430 1377 5491 τοῖς
1406 5428 1727 5498 δαιμονιῶσι
1752 5432 1852 5502 τῆς

285 5518 436 5583 θείας
480 5520 761 5591 δυνάμεως
821 5520 1140 5591 δεικνύσης,
1186 5523 1279 5575 καὶ
1326 5520 1850 5593 καταναγκαξούσης

285 5612 372 5665 διὰ
398 5612 505 5665 τῶν
534 5612 705 5681 ἀγίων
731 5611 913 5681 λέγειν
940 5614 1137 5677 αὑτοὺς
1173 5614 1300 5677 τοὺς
1330 5614 1590 5683 δαίμονας
1617 5613 1850 5678 ἄκοντας

285 5705 385 5768 τὰς
413 5704 619 5758 ἑαυτῶν
647 5704 870 5774 ἐφόδους
895 5705 987 5757 καὶ
1026 5705 1313 5769 ἐπιϐουλὰς
1343 5705 1438 5759 καὶ
1468 5705 1732 5776 πονηρίας
1757 5705 1853 5769 τὰς

358 5878 435 5949 (5)
465 5878 748 5949 Siquidem
788 5894 1059 5935 numerus
1092 5880 1147 5934 in
1170 5879 1325 5952 ﬁlios
1348 5896 1446 5951 per
1471 5889 1725 5936 naturam
1750 5878 1915 5935 cadit.

1951 4693 2120 4758 ﬁlios,
2155 4692 2295 4747 duos
2324 4692 2468 4748 ﬁlios
2500 4690 2815 4761 loquimini.
2847 4689 2952 4746 Sed
2988 4691 3033 4745 si
3067 4690 3139 4746 ita
3166 4700 3269 4755 est,
3302 4707 3531 4760 prorsus

1950 4793 2103 4855 patet
2133 4783 2282 4854 quod
2323 4799 2421 4839 vos
2462 4782 2604 4838 duos
2641 4782 2784 4838 ﬁlios
2822 4783 3143 4854 agnoscitis,
3191 4782 3433 4838 Verbum
3474 4793 3532 4838 et

1952 4875 2271 4940 Christum,
2322 4872 2790 4945 quemadmodum
2844 4872 3022 4942 reipsa
3073 4872 3214 4928 duas
3264 4888 3532 4943 personas

1954 4967 2161 5034 dicitis,
2194 4982 2389 5022 verum
2420 4982 2602 5036 neque
2624 4966 2795 5021 Deum
2828 4981 3008 5035 neque
3036 4965 3229 5019 Filium
3250 4966 3344 5019 Dei
3371 4964 3533 5021 Chri-

1958 5069 2123 5124 stum,
2156 5060 2251 5115 sed
2278 5074 2493 5113 merum
2520 5067 2577 5113 et
2599 5058 2927 5127 simplicem,
2956 5058 3099 5113 sicut
3128 5073 3229 5112 nos
3253 5056 3529 5124 homines,

1959 5149 2136 5204 ﬁlium
2173 5148 2436 5204 hominis.
2476 5147 2602 5203 Haec
2645 5156 2832 5203 autem
2882 5158 3045 5203 erant
3077 5149 3193 5218 ipsa
3215 5148 3283 5204 de
3331 5148 3534 5218 quibus

1957 5254 1988 5294 a
2038 5239 2200 5295 nobis
2254 5240 2555 5306 criminati,
2605 5241 2701 5296 alii
2748 5242 2855 5296 alio
2902 5240 3277 5311 diﬁ'ugientes,
3306 5242 3530 5313 jamjam

1954 5331 2129 5387 latere
2156 5332 2642 5388 machinabamini.
2669 5333 2739 5388 Et
2760 5348 2889 5389 ecce
2922 5349 3084 5387 unam
3111 5333 3216 5388 alia
3245 5350 3532 5404 perversas

1955 5427 2235 5484 doctrinas
2269 5438 2481 5485 vestras
2511 5428 2854 5499 prodidistis.
2887 5429 3001 5484 lloc
3029 5444 3172 5499 saepe
3213 5428 3403 5484 videre
3446 5439 3535 5484 est

1957 5520 2013 5575 in
2044 5521 2416 5586 daemoniacis,
2452 5521 2638 5577 divina
2673 5522 2919 5593 potentia
2960 5521 3228 5592 prodente
3275 5528 3533 5592 cogente-

1958 5630 2087 5685 que,
2133 5613 2332 5669 mediis
2356 5614 2550 5679 sacris,
2585 5614 2733 5685 ipsos
2778 5613 3056 5668 daemones
3102 5628 3231 5668 suos
3273 5611 3441 5667 calles
3475 5622 3532 5666 et

1960 5705 2189 5761 consilia
2225 5713 2281 5761 et
2314 5704 2593 5775 nequitias
2621 5720 2750 5777 erga
2781 5719 3203 5777 encrgumenos,
3237 5704 3409 5760 invite
3443 5702 3532 5759 di-
