4042 6514
531 441 667 510 1647

1830 440 2141 502 LEONTII
2182 442 2586 508 ΒΥΖΑΝΤΙΝΙ

3661 445 3789 515 1ΰ48

525 571 677 622 cere,
703 559 765 608 ut
793 568 894 624 per
923 551 1253 622 semetipsos
1283 551 1538 624 proprias
1565 549 1828 622 perﬁdiae
1849 561 2083 622 tanquar

2183 593 2193 616 ,
2219 557 2359 610 κατὰ
2407 556 2521 612 τῶν
2560 559 2977 630 ἐνεργουμένων
2998 575 3014 592 ο
3049 560 3140 615 ἴνα
3173 561 3240 616 δι’
3271 559 3486 616 ἑαυτῶν
3524 561 3627 626 τὰς
3660 564 3790 629 ιδίας

524 645 933 716 triumphantes
980 641 1290 713 producant
1337 654 1393 697 et
1427 657 1537 696 non
1585 641 1808 700 aliunde
1833 657 1933 711 per
1959 641 2101 694 invi-

525 739 674 795 dium
720 734 880 790 illudi
915 733 1228 789 videantur.
1262 733 1519 788 Attamen
1548 747 1654 787 nec
1686 730 2104 786 ratiocinatione

521 847 628 886 nec
676 828 1074 901 principiorum
1117 825 1482 897 expositione,
1533 823 1812 895 quomodo
1857 821 2106 877 diversas

520 937 786 994 personas
832 934 942 975 non
989 917 1131 974 duos
1183 918 1328 974 ﬁlios
1373 932 1495 972 esse
1545 916 1757 982 dicant,
1810 912 2104 970 ostendere

519 1014 790 1079 valentes,
841 1027 990 1069 nunc
1023 1010 1294 1082 exemplis
1331 1008 1468 1066 illud
1509 1007 1678 1065 nobis
1719 1007 2102 1064 demonstrare

520 1104 716 1160 volunt
749 1111 805 1159 et
835 1103 1028 1160 dicunt
1050 1119 1064 1158 :

1153 1215 1306 1272 CAP.
1344 1213 1464 1270 XII.

593 1336 750 1406 Stepe
776 1347 867 1389 res
892 1337 1092 1386 natura
1120 1327 1369 1384 diversas
1407 1340 1518 1381 uno
1562 1323 1785 1382 nomine
1821 1321 2101 1396 designari

521 1442 740 1498 unaque
761 1423 954 1480 haberi
980 1418 1345 1478 aestimatione
1366 1417 1588 1489 dignas;
1615 1417 1713 1473 sed
1739 1417 1914 1472 nihilo
1940 1431 2101 1488 pror-

521 1535 620 1578 sus
679 1519 818 1575 duas
867 1511 1133 1585 reputari.
1195 1510 1410 1582 Corpus
1450 1509 1602 1566 enim
1643 1523 1766 1566 esse
1817 1509 2100 1565 credimus

518 1619 578 1666 et
606 1608 931 1671 Ecelesiam,
959 1615 1016 1661 et
1044 1617 1242 1674 panem
1269 1607 1542 1666 sanctum,
1571 1607 1629 1655 et
1654 1598 2015 1665 cruciﬁxum;
2043 1605 2100 1654 et

520 1713 674 1760 certe
727 1699 877 1756 aliud
920 1707 1085 1768 atque
1127 1694 1276 1750 aliud
1321 1693 1757 1764 unumquodque
1789 1707 2016 1759 eorum;
2041 1698 2099 1746 et

515 1795 882 1853 nihilominus
926 1792 1054 1848 ideo
1090 1790 1197 1845 tria
1237 1788 1445 1847 Christi
1481 1802 1714 1858 corpora
1757 1786 1945 1842 dicere
1980 1800 2095 1840 non

520 1886 924 1958 compellimur.
959 1882 1164 1940 Verum
1192 1879 1421 1936 evidens
1447 1886 1533 1934 est
1560 1877 1717 1949 quasi
1741 1876 1949 1932 Christi
1974 1890 2096 1930 cor-

517 1995 654 2053 pora
699 1994 811 2033 non
854 1990 976 2032 esse
1010 1974 1121 2030 duo
1167 1972 1255 2028 vel
1294 1971 1432 2026 tria:
1463 1985 1589 2026 nam
1627 1978 1920 2040 propterea
1945 1965 2094 2038 quod

520 2068 957 2141 unumquodque
985 2081 1180 2123 eorum
1211 2063 1468 2121 eumdem
1495 2063 1790 2134 participat
1811 2061 2089 2132 spiritum,

517 2163 655 2219 illud
706 2161 932 2233 quidem
989 2157 1346 2223 cruciﬁxum,
1389 2163 1720 2226 ungentem,
1765 2153 1914 2210 hunc
1957 2168 2094 2209 vero

515 2271 750 2328 panem,
799 2260 1138 2318 sacrantem;
1173 2248 1477 2306 Ecclesiam
1515 2257 1732 2322 autem,
1782 2261 1882 2303 sua
1922 2254 2094 2301 totam

517 2346 1020 2404 communicatione
1095 2342 1569 2407 sanctiﬁcantem,
1632 2339 1817 2395 omnia
1890 2353 2095 2409 corpus

515 2439 724 2496 Christi
768 2445 1085 2493 censentur.
1118 2434 1403 2504 Tanquam
1430 2431 1599 2504 igitur
1627 2430 1856 2497 Christi,
1887 2445 2090 2496 unum;

516 2532 564 2587 si
609 2539 794 2585 autem
845 2529 964 2583 hasc
1008 2526 1336 2598 simpliciter
1379 2534 1443 2580 ut
1483 2539 1719 2596 corpora
1759 2524 2092 2596 iudicamus,

515 2622 623 2676 tria
662 2629 814 2684 sunt,
856 2633 1078 2689 nempe,
1110 2631 1311 2689 corpus
1334 2615 1539 2673 Christi
1570 2614 1880 2687 preprium,
1911 2623 1967 2670 et
1991 2629 2091 2685 pa-

515 2714 624 2776 nis,
662 2721 719 2766 et
761 2709 1030 2766 Ecclesia.
1077 2709 1137 2764 Si
1178 2723 1312 2780 ergo
1352 2707 1433 2763 sic
1464 2707 1705 2763 Verbum
1741 2713 1798 2763 et
1835 2705 2090 2762 Christus

514 2800 665 2857 aliud
719 2799 854 2870 quid
904 2814 1198 2856 commune
1249 2799 1614 2872 participant,
1668 2807 1726 2854 et
1770 2799 1934 2854 ambo
1983 2797 2090 2854 hoc

513 2893 714 2949 eodem
770 2889 1095 2946 ﬁliationem
1143 2891 1243 2950 Dei
1286 2891 1602 2960 obtineant,
1653 2890 1787 2961 quid
1830 2890 1903 2946 sit
1954 2890 2089 2946 illud

513 2985 725 3050 dicant,
761 2997 981 3040 necnon
1015 2983 1150 3054 quid
1175 2991 1322 3039 esset
1348 2999 1446 3040 sua
1479 2984 1817 3055 proprietate
1854 2980 2089 3038 Verbum

513 3078 722 3148 absque
772 3091 860 3143 eo,
907 3091 1007 3148 per
1046 3076 1195 3146 quod
1224 3076 1397 3132 Filius
1445 3076 1544 3132 Dei
1587 3075 1797 3132 factum
1838 3083 1944 3132 est.
1982 3075 2088 3132 Ubi

511 3185 644 3226 sane
682 3183 856 3223 unum
897 3179 954 3224 et
994 3167 1140 3224 idem
1159 3167 1397 3224 diversis
1433 3168 1645 3224 naturis
1672 3167 1864 3224 datum
1887 3166 2087 3222 Filium

2207 649 2589 721 θριαμϐεύωσι
2613 653 2971 724 μιαρότητας,
3003 654 3098 707 καὶ
3127 652 3203 726 μὴ
3234 655 3324 721 ὑφ’
3353 655 3564 726 ἑτέρων
3590 655 3793 723 δόξοιεν

2205 741 2274 795 δι’
2303 741 2609 814 ἀπέχθειαν
2661 745 3145 815 συκοφαντεῖσθαι.
3206 746 3350 800 Ἀλλ’
3381 747 3510 803 οῦτε
3549 747 3794 819 συλλογι·

2206 835 2431 902 στικῶς,
2488 835 2615 890 οὔτε
2676 837 3059 909 αἰτιολογικῶς
3095 839 3366 894 δεικνύειν
3403 841 3557 905 ὅπως
3599 842 3662 896 οὐ
3703 841 3792 896 δύο

2202 927 2356 992 υἱούς
2413 945 2583 998 φασιν
2621 925 2757 984 εἶναι
2782 930 2852 986 τὰ
2876 930 3113 1003 διάφορα
3145 932 3414 1003 πρόσωπα
3453 933 3790 1006 δυνηθέντες,

2202 1019 2300 1074 νῦν
2346 1022 2872 1096 παραδειγματικῶς
2913 1025 3047 1096 ἡμῖν
3108 1024 3270 1081 τοῦτο
3315 1024 3602 1098 βούλονται
3654 1040 3794 1100 παρ-

2204 1113 2387 1168 ιστάνε
2397 1130 2465 1182 ιν,
2500 1114 2594 1170 καί
2630 1131 2821 1186 φασινο

2782 1230 3041 1287 ΚΕΦΛΛ.
3083 1232 3184 1288 IB'.

2273 1342 2403 1399 Ὀτι
2448 1342 2712 1410 πολλάκις
2753 1346 2824 1400 τά
2861 1346 3096 1418 διάφορα
3143 1349 3211 1419 τῇ
3244 1347 3429 1418 φύσει,
3452 1347 3536 1421 ἐνὶ
3557 1349 3788 1420 ὀνόματι

2199 1437 2699 1510 προσαγορεύεται,
2749 1438 2846 1494 καὶ
2897 1441 3028 1511 μιᾶς
3073 1441 3242 1510 τιμῆς
3283 1441 3550 1511 ἠξίωταν
3593 1441 3687 1496 δύο
3727 1442 3786 1496 δὲ

2198 1533 2319 1589 οὐδὲ
2356 1533 2495 1596 ὅλως
2533 1535 2764 1587 νοείταιυ
2804 1532 2965 1604 σῶμα
3002 1536 3113 1606 γὰρ
3149 1537 3483 1607 πιστεύομεν
3517 1531 3658 1591 εἶναι
3685 1541 3786 1609 τήν

2196 1643 2256 1681 τε
2296 1627 2652 1697 Ἐκκλησίαν,
2677 1627 2774 1682 καὶ
2805 1628 2898 1681 τὸν
2922 1628 3078 1697 ἅγιον
3105 1628 3292 1701 ἄρτον,
3325 1631 3420 1684 καὶ
3443 1629 3508 1685 τὸ
3534 1648 3786 1702 σταυρω-

2197 1717 2293 1774 θέν
2311 1736 2326 1752 ο
2357 1719 2535 1773 καίτοι
2587 1719 2718 1773 ἄλλο
2746 1721 2838 1773 καὶ
2854 1715 2982 1774 ἄλλο
3002 1719 3234 1775 ἕκαστον
3251 1720 3459 1775 τούτων
3478 1739 3494 1754 ·
3513 1725 3611 1776 καὶ
3634 1723 3788 1790 ὅμως

2196 1810 2258 1865 οὐ
2290 1809 2380 1864 διὰ
2397 1809 2687 1880 τόδε,τρία
2721 1809 2954 1880 σώματα
2979 1810 3162 1880 λέγειν
3190 1811 3431 1882 Χριστοῦ
3460 1812 3785 1882 εἰσπραττό-

2124 1907 2169 1965 Β
2201 1903 2363 1974 μεθα.
2399 1901 2559 1956 Ἀλλά
2581 1901 2742 1972 δῆλόν
2766 1902 2904 1968 ἐστι,
2935 1902 3108 1967 ὅτιὼς
3128 1902 3370 1975 Χριστοῦ
3399 1906 3652 1975 σώματα,
3680 1905 3784 1959 οὐκ

2195 1993 2304 2048 εἰσὶ
2329 1992 2425 2046 δύο
2447 1993 2481 2066 ἢ
2511 1992 2664 2062 τρίαο
2691 1991 2780 2047 διὰ
2799 1992 2906 2064 γὰρ
2937 1993 3001 2048 τὸ
3027 1992 3122 2047 τοῦ
3147 1992 3313 2047 αὐτοῦ
3336 1993 3652 2064 πνεύματος
3679 2012 3782 2066 με.

2195 2088 2417 2158 τασχείν
2455 2085 2664 2141 τούτων
2695 2086 2950 2152 ἕκαστον,
2977 2085 3071 2140 τοῦ
3100 2086 3391 2157 χρίσαντὸς
3435 2103 3498 2140 τε
3527 2086 3590 2140 τὸ
3613 2103 3781 2140 σταυ-

2195 2174 2370 2248 ρωθὲν
2397 2176 2592 2243 ἐκεῖνο,
2626 2175 2722 2230 καὶ⁵
2747 2176 3072 2246 ἀγιάξοντος
3096 2173 3290 2230 τοῦτον
3329 2176 3422 2229 τὸν
3462 2175 3652 2249 ἄρτον,
3681 2176 3780 2231 καὶ

2193 2269 2295 2339 τὴν
2352 2267 2681 2341 Ἐκκλησίαν
2728 2267 2892 2324 πάλιν
2934 2268 3027 2323 διά
3065 2267 3164 2339 τῆς
3211 2268 3570 2339 μεταλήψεως
3609 2267 3786 2321 αὐτοῦ

2193 2362 2378 2414 πᾶσαν
2407 2358 2841 2429 ἁγιοποιοῦντος,
2887 2359 3049 2429 σῶμα
3088 2358 3326 2430 Χριστοῦ
3369 2358 3621 2412 νοοῦνται
3647 2358 3776 2412 πὰνμ

2191 2467 2260 2504 τα
2281 2467 2296 2480 ·
2321 2450 2399 2514 ὡς
2423 2451 2660 2521 Χριστοῦ
2683 2446 2798 2518 οὖν,
2828 2452 2887 2504 ἒν
2909 2470 2923 2483 ·
2965 2452 3015 2505 εί
3065 2452 3250 2523 μέντοι
3293 2452 3482 2516 ἁπλῶς
3530 2451 3659 2506 τάδε
3691 2451 3772 2512 ὡς

2192 2540 2424 2612 σώματα
2461 2543 2742 2614 κρίνομεν,
2777 2543 2908 2614 τρία
2950 2543 3088 2597 είσί*
3117 2544 3180 2598 τό
3211 2560 3271 2597 τε
3303 2543 3549 2616 Χριστοῦ
3576 2543 3772 2610 ίδικδν,

2192 2638 2290 2690 καὶ
2310 2635 2340 2690 6
2369 2635 2558 2707 ἄρτος,
2604 2638 2699 2691 καὶ
2725 2639 2759 2708 ἡ
2805 2635 3133 2708 Ἐκκλησία·
3178 2639 3230 2692 εί
3274 2633 3372 2693 οὖν
3401 2637 3577 2702 οὕτως
3608 2639 3704 2694 καὶ
3742 2639 3778 2694 6

2191 2728 2362 2797 Λόγος
2389 2730 2482 2785 καὶ
2509 2730 2540 2783 ὁ
2562 2730 2797 2801 Χριστὸς
2826 2729 3126 2801 μεταλήψει
3147 2729 3329 2785 κοινοῦ
3368 2748 3516 2795 τινος
3553 2732 3772 2802 ἑτέρου,

2191 2821 2362 2891 ἄμφω
2383 2820 2443 2874 δὲ
2467 2821 2564 2876 τοῦ
2603 2822 2772 2876 αὑτοῦ
2821 2821 3191 2877 υἱοποιοῦνται
3231 2821 3372 2894 Θεῷ,
3395 2823 3449 2876 τί
3474 2821 3637 2877 τοῦτό
3653 2824 3775 2877 ἐστι

2191 2913 2502 2983 λεγέτωσαν
2529 2931 2546 2947 ο
2573 2915 2670 2969 καὶ
2710 2916 2765 2968 τί
2797 2915 2948 2980 ὄντος
2980 2916 3149 2987 χωρὶς
3172 2915 3324 2969 τοῦδε
3352 2915 3472 2970 κατ’
3505 2916 3645 2969 ἰδίαν
3675 2915 3778 2969 τοῦ

2191 3005 2390 3076 Λόγου,
2415 3007 2542 3071 Υίδς
2585 3007 2810 3077 γέγονεν
2830 3008 2859 3061 ὁ
2880 3007 3053 3078 Λόγος
3091 3007 3164 3060 δι’
3184 3007 3394 3062 ἐκείνου
3415 3025 3430 3040 ο
3464 3008 3600 3062 ὅπου
3627 3024 3692 3076 γε
3718 3009 3775 3061 εί

2189 3097 2252 3150 τὸ
2293 3097 2428 3153 αύτδ
2460 3097 2519 3152 ἓν
2561 3098 2715 3153 δοθὲν
2741 3098 3020 3171 διαφόροις
3063 3097 3312 3169 φύσεσιν,
3345 3098 3475 3152 Υίδν
3501 3097 3640 3152 Θεοῦ
3671 3100 3775 3153 καὶ

2190 3189 2282 3244 τὸν
2311 3191 2483 3259 Λόγον
2512 3189 2735 3261 ἐποίησε
2770 3191 2863 3244 καὶ⁸
2893 3191 2985 3245 τὸν
3014 3189 3270 3263 Χριστὸν,
3301 3189 3413 3262 ἄρα
3440 3188 3599 3259 φύσει
3639 3191 3778 3244 Υἰὸν

509 3262 612 3317 Dei
651 3260 847 3316 fecerit
871 3269 928 3316 et
956 3258 1195 3316 Verbum
1235 3269 1293 3315 et
1326 3259 1635 3328 Christum,
1666 3259 1723 3316 id
1747 3273 1880 3332 ergo
1923 3257 2083 3314 faciet

2189 3281 2324 3337 Θεοῦ
2373 3257 2614 3354 ποιήσει,
2748 3281 2917 3351 θέσει,
2955 3257 3184 3340 καὶ-τδν
3226 3257 3400 3354 Λόγον
3436 3257 3578 3340 εἷναι
3621 3283 3776 3338 κατὰ.

511 3353 711 3410 Filium
745 3351 844 3407 Dei
882 3360 1080 3407 natura
1119 3351 1205 3407 vel
1249 3351 1566 3423 adoptione,
1595 3359 1653 3408 et
1691 3351 1934 3408 Verbum
1966 3364 2088 3407 esse

510 3442 815 3499 secundum
849 3440 1130 3497 Christum
1164 3441 1479 3498 necessario
1506 3440 1784 3498 ostendet.

1131 3581 1283 3638 CAP.
1321 3576 1470 3634 χιιι.

579 3702 867 3763 Attamen,
913 3695 1208 3766 inquiunt,
1256 3706 1370 3748 non
1411 3687 1524 3744 duo
1575 3683 1820 3741 dicimus
1865 3681 2080 3753 sigilla,

507 3790 868 3860 archetypum
917 3795 974 3842 et
1018 3785 1225 3850 locum,
1261 3779 1360 3837 sed
1399 3792 1594 3842 unum,
1625 3776 1755 3831 licet
1783 3772 1932 3829 aliud
1975 3788 2082 3828 nu-

509 3892 662 3932 mero
690 3877 966 3935 videntes.
994 3873 1112 3940 Ast,
1145 3889 1177 3927 o
1201 3887 1299 3928 vos
1328 3870 1422 3942 qui
1450 3869 1530 3924 sic
1558 3865 1874 3938 loquimini,
1901 3879 2080 3935 neque

507 3969 647 4023 duos
680 3967 936 4022 homines
971 3975 1141 4020 totam
1170 3962 1802 4029 humanitatem,ueque
1825 3957 1936 4012 duo
1963 3957 2083 4011 ani-

508 4057 672 4111 malia
703 4063 877 4111 totum
909 4055 1229 4110 animalium
1260 4069 1453 4126 genus,
1487 4067 1685 4123 nempe
1709 4051 1858 4122 quod
1881 4050 2080 4106 simili-

509 4148 699 4203 tudine
744 4163 1035 4204 commune
1064 4155 1172 4212 est,
1211 4145 1530 4216 singulatim
1558 4144 1929 4209 nominamus,
1972 4157 2078 4198 nec

506 4255 738 4294 numero
790 4238 1060 4309 plurimos
1106 4237 1417 4293 videbimus
1455 4251 1577 4292 esse
1619 4243 1679 4291 et.
1722 4234 1976 4290 homines
2019 4243 2080 4290 et

505 4331 785 4397 animalia,
831 4340 886 4386 et
933 4330 1183 4395 arbores,
1229 4337 1286 4384 et
1328 4327 1526 4400 sigilla,
1573 4326 1847 4396 siquidem
1879 4339 2073 4381 eorum

502 4422 748 4477 omnium
792 4421 1035 4490 speciem
1078 4419 1134 4472 in
1173 4416 1528 4473 multitudine
1562 4416 1796 4473 similem
1826 4425 1882 4472 et
1909 4431 2079 4471 unam

498 4528 621 4570 esse
651 4513 907 4570 dicimus.
941 4511 1332 4568 Verumtamen
1359 4519 1415 4564 et
1443 4509 1553 4565 duo
1598 4517 1654 4566 et
1693 4510 1821 4575 tria,
1867 4517 1926 4564 et
1973 4508 2074 4564 de-

2187 3375 2423 3447 Χριστδν
2446 3374 2614 3441 δείξει
2639 3375 2700 3444 ἐξ
2735 3374 3006 3446 ἀνάγκης.

2773 3576 3024 3631 ΚΕΦΔΛ.
3065 3576 3159 3630 ιβ.

2265 3690 2546 3746 Ἄλλόῦτε
2573 3690 2669 3746 δύο
2698 3690 3023 3763 σφραγῖδας,
3050 3690 3208 3761 φησὶ,
3231 3689 3485 3762 λέγομεν,
3505 3690 3566 3745 τὸ
3592 3691 3766 3762 ἀρχά·

2179 3803 2352 3842 τυπον
2393 3786 2489 3841 καὶ
2532 3785 2625 3840 τὸν
2648 3784 2837 3852 τόπον,
2872 3782 3011 3838 ἀλλὰ
3042 3782 3194 3854 μίαν,
3222 3782 3426 3838 καίτοιξ
3448 3783 3637 3854 ἕτερον
3669 3782 3770 3836 καὶ

2178 3881 2366 3953 ἕτερον
2410 3878 2614 3944 εἰδότες
2652 3874 2729 3950 τῷ
2765 3876 3006 3949 ἀριθμῷ.
3050 3874 3214 3942 Ἀλλ’,
3245 3868 3298 3930 ὦ
3319 3873 3489 3946 οὗτοι,
3509 3877 3588 3948 τῷ
3615 3875 3766 3946 λόγῳ

2177 3971 2336 4042 τῷδε,
2365 3969 2492 4024 οῦ-τε
2527 3969 2622 4024 δύο
2653 3968 2976 4041 ἀνθρώπους
3011 3970 3119 4040 ἄρα
3161 3973 3345 4025 πᾶσαν
3385 3970 3486 4042 τὴν
3548 3968 3766 4037 ἀνθρω-

2179 4063 2410 4132 πὸτητα,
2444 4061 2563 4114 οὐδὲ
2589 4059 2684 4114 δύο
2707 4059 2827 4126 ζῶα
2862 4061 2924 4114 τὸ
2949 4061 3182 4115 καθόλου
3219 4060 3377 4128 ζῶον,
3406 4062 3578 4133 ἤγουν
3610 4060 3675 4113 τὸ
3700 4059 3765 4125 ἐξ

2179 4151 2500 4221 ὁμοιότητος
2545 4149 2749 4215 κοινὸν,
2797 4149 2994 4214 ἑνικῶς
3041 4148 3418 4222 ὀνομάζομεν*
3465 4149 3590 4203 οὐδὲ
3635 4151 3760 4203 κατ’

2175 4242 2409 4312 ἀριθμὸν
2447 4241 2668 4305 πλείους
2693 4240 2954 4312 εἰσόμεθα
2975 4236 3115 4296 εἶναι
3157 4241 3252 4297 καὶ
3277 4242 3406 4305 τοὺς
3429 4241 3760 4314 ἀνθρώπους

2177 4337 2271 4390 καὶ
2313 4335 2384 4390 τά
2435 4334 2551 4399 ζῶα
2591 4333 2686 4388 καὶ
2727 4334 2798 4386 τὰ
2828 4333 2971 4401 φυτά
3002 4333 3096 4387 καὶ
3130 4334 3227 4397 τὰς
3253 4334 3559 4405 σφραγῖδας
3582 4349 3599 4363 °
3631 4335 3759 4387 ἐπεὶ

2176 4429 2362 4500 ὅμοιον
2394 4428 2614 4480 πάντων
2647 4425 2830 4481 αὐτῶν
2876 4443 3058 4496 φαμεν
3082 4425 3143 4480 τὸ
3170 4423 3311 4491 εἶδος
3352 4422 3493 4481 εἶναι
3520 4427 3586 4481 τὸ
3611 4428 3759 4482 κατά

2173 4521 2235 4575 τὸ
2268 4520 2473 4590 πλῆθος
2505 4519 2600 4573 καὶ
2633 4519 2722 4572 ἕν’
2753 4519 2848 4572 καλ⁵
2880 4519 2986 4591 μὴν
3017 4517 3114 4574 δύο
3147 4536 3210 4572 τε
3251 4519 3346 4573 καὶ
3373 4518 3500 4592 τρία
3529 4520 3627 4574 καὶ
3658 4537 3760 4589 μυ-

499 4621 619 4662 cem
650 4605 818 4661 millia
861 4605 1097 4660 dicimus
1140 4603 1396 4660 animalia
1427 4610 1483 4658 et
1519 4603 1790 4659 homines.
1830 4602 1899 4658 At
1941 4617 2072 4657 vero

2184 4613 2272 4684 ρία
2305 4612 2538 4682 λέγομεν
2572 4612 2690 4678 ζῶα
2723 4612 2816 4666 καὶ
2847 4610 3203 4684 ἀνθρώπους
3252 4612 3402 4680 ὅμως
3453 4610 3516 4665 τὸ
3570 4613 3757 4681 παρά-

496 4698 653 4754 vohis
713 4699 1026 4769 exemplum
1087 4699 1194 4753 alia
1258 4713 1407 4753 nunc
1461 4698 1785 4754 consiliatur
1832 4712 1896 4752 ac
1944 4712 2070 4767 quae

2183 4704 2372 4774 δειγμα
2426 4703 2558 4772 ὑμῖν
2614 4703 2684 4757 τὰ
2741 4702 2961 4756 ἐναντία
3015 4700 3264 4772 βούλεται.
3316 4700 3412 4756 νῦν
3454 4694 3530 4756 ὦν
3585 4702 3764 4756 πάλαι.

495 4792 627 4847 olim
675 4793 811 4848 estis
843 4792 1093 4863 opinati:
1127 4792 1268 4847 duos
1298 4790 1447 4848 enim
1487 4805 1723 4846 numero
1753 4790 1897 4846 ﬁlios
1922 4805 2064 4853 esse,

495 4886 762 4941 ﬁliatione
815 4894 998 4940 tamen
1031 4885 1241 4940 similes
1282 4893 1338 4940 et
1370 4900 1481 4941 non
1518 4884 1764 4940 diversas
1800 4881 2062 4947 ostendit,

492 4993 808 5048 quanquam
844 4992 1019 5047 usque
1050 4977 1214 5032 modo
1243 4976 1512 5032 dicebatis
1539 4976 1700 5031 ambo
1743 4975 1828 5031 vel
1870 4985 2067 5030 natura

492 5069 580 5124 τοι
623 5068 923 5138 adoptione
961 5067 1103 5123 ﬁlios
1134 5082 1258 5123 esse
1287 5077 1565 5139 oportere,
1593 5076 1651 5123 et
1689 5066 1899 5122 similes
1924 5066 2067 5121 ﬁlia-

495 5159 662 5214 tionis
702 5159 888 5231 specie
929 5159 986 5214 in
1020 5159 1171 5214 duali
1199 5158 1439 5215 ﬁliorum
1469 5175 1706 5215 numero,
1733 5159 2069 5230 computari-

493 5251 666 5320 igitur
693 5252 740 5307 si
767 5252 987 5307 diversa
1031 5267 1143 5307 non
1184 5261 1270 5308 est
1304 5267 1497 5308 eorum
1538 5251 1820 5308 ﬁliationis
1851 5252 2072 5322 species.

492 5352 752 5413 tanquam
803 5344 972 5415 sigilli
1015 5344 1243 5400 relative
1285 5345 1354 5400 ad
1400 5345 1790 5416 archetypum,
1836 5355 2067 5416 propter

490 5435 931 5504 similitudinem,
948 5438 1097 5508 iuxta
1115 5453 1232 5504 vos,
1259 5437 1369 5494 duo
1389 5439 1601 5494 censeri
1620 5445 1887 5509 possunt;
1913 5447 1967 5494 et
1984 5438 2066 5494 sic

489 5526 694 5593 denuo,
712 5526 757 5582 si
783 5528 963 5582 taliter
978 5543 1042 5582 ac
1058 5543 1147 5584 res
1165 5529 1373 5585 similes
1387 5528 1453 5584 ad
1471 5545 1529 5585 se
1551 5529 1786 5585 invicem
1805 5529 2064 5584 similitu-

488 5621 676 5675 dinem
698 5619 954 5686 habeant,
991 5622 1078 5676 vel
1112 5636 1242 5676 caro
1273 5631 1472 5677 natura
1501 5622 1675 5678 Fili-us
1711 5622 1952 5688 Deierit,
1974 5622 2061 5677 vel

487 5715 656 5768 etiam
687 5711 929 5769 Verbum
978 5714 1153 5785 gratia
1186 5714 1294 5768 erit
1316 5715 1414 5771 Dei
1458 5715 1651 5770 Filius.
1683 5716 1789 5772 Sed
1822 5726 1878 5770 et
1903 5717 2064 5770 Pater

485 5806 595 5859 erit
630 5821 797 5861 caro:
828 5822 952 5862 nam
986 5806 1188 5862 similia
1219 5808 1324 5862 sibi
1361 5809 1665 5864 secundum
1694 5809 2061 5865 substantiam

485 5907 714 5970 generat
740 5900 1005 5956 naturalis
1026 5911 1201 5972 pater.
1233 5901 1292 5958 Si
1313 5917 1443 5974 ergo
1471 5905 1796 5960 naturaliter
1839 5919 2060 5960 carnem

2174 4795 2464 4861 δοξάζετε·
2496 4795 2590 4849 δύο
2639 4795 2742 4866 μὲν
2779 4795 2890 4865 γὰρ
2947 4790 3087 4848 εἶναι
3138 4798 3266 4858 τοὺς
3314 4795 3464 4859 υἱοὺς
3509 4793 3757 4866 ἀριθμῷ,

2174 4886 2313 4943 ἀλλά
2364 4888 2590 4959 ὁμοίους
2645 4887 2788 4941 κατὰ
2829 4885 2928 4957 τὴν
2975 4887 3200 4957 υίὸτητα
3240 4887 3338 4940 καὶ
3359 4887 3422 4940 ού
3459 4887 3759 4958 διαφόρους

2172 4979 2354 5051 δηλοῖ·
2398 4979 2576 5033 καίτοι
2631 4978 2849 5048 ἐλέγετε
2888 4976 2994 5041 ἕως
3035 4978 3183 5048 ἄρτι,
3216 4978 3292 5043 ὡς
3335 4978 3560 5049 ἄμφωῆ
3595 4979 3762 5050 φύσει

2173 5068 2315 5128 εἶναι
2347 5071 2429 5128 δεῖ
2486 5073 2520 5144 ἢ
2575 5071 2723 5126 θέσει
2760 5070 2947 5135 υἱούςο
2982 5070 3078 5124 καὶ
3107 5071 3325 5142 ὁμοίους
3370 5070 3452 5142 τῷ
3490 5071 3627 5125 εῐδει
3656 5071 3764 5142 τῆς

2175 5167 2423 5237 υίότητος
2483 5166 2611 5229 τοὺς
2683 5164 3123 5237 ἀριθμουμένους
3161 5166 3242 5228 εἰς
3292 5164 3459 5218 δυάδα
3499 5163 3670 5216 υἱῶν·
3707 5165 3760 5217 εί

2172 5255 2266 5314 οῦν
2295 5259 2586 5329 ἀδιάφορον
2610 5257 2790 5312 αὐτῶν
2821 5259 2883 5311 τὺ
2909 5257 3014 5327 τῆς
3063 5257 3307 5327 υίὸτητος
3355 5251 3514 5320 εἶδος,
3563 5255 3765 5326 ὥσπερ

2171 5352 2272 5421 τῆς
2321 5351 2614 5424 σφραγῖδος
2665 5350 2803 5422 πρὸς
2859 5349 2922 5403 τὸ
2963 5349 3304 5421 ἀρχέτυπον,
3343 5346 3600 5403 δύνανται
3660 5347 3761 5402 δύο

2172 5441 2411 5497 νοεῖσθαι
2461 5442 2547 5496 διὰ
2592 5442 2694 5512 τὴν
2738 5441 3034 5512 ὁμοιότητα
3075 5440 3196 5495 καθ’
3241 5441 3420 5510 ὑμᾶς·
3462 5439 3608 5494 ὥστε
3661 5436 3761 5494 οὖν

2171 5535 2333 5591 πάλιν
2367 5535 2463 5589 καὶ
2495 5536 2544 5588 εί
2583 5531 2758 5597 οὕτως
2784 5534 2966 5604 ἔχουσι
2997 5534 3097 5605 τὴν
3138 5533 3436 5605 ὁμοιότητα
3476 5533 3617 5605 πρὸς
3657 5533 3760 5587 ἄλ·

2170 5627 2306 5700 ληλοι
2358 5627 2435 5690 ὡς
2481 5626 2550 5681 τά
2594 5625 2840 5696 ὁμοειδῆ,
2890 5625 2985 5679 καὶ
3019 5626 3054 5694 ἡ
3097 5623 3234 5695 σάρξ
3284 5624 3444 5694 φύσει
3486 5624 3617 5688 Υἱὸς
3657 5622 3760 5678 τοῦ

2169 5719 2326 5782 Θεοῦ,
2356 5720 2389 5789 ἢ
2420 5721 2564 5772 καὶὸ
2592 5717 2766 5786 Λόγος
2793 5717 2978 5788 χάριτι
3021 5716 3150 5780 Υἱὸς
3175 5717 3312 5770 Θεοῦ
3333 5734 3348 5749 ·
3383 5716 3537 5770 ἔσται
3567 5715 3626 5768 δὲ
3657 5717 3759 5769 καὶ

2169 5813 2198 5864 ὁ
2225 5813 2436 5884 Πατὴρ,
2475 5811 2614 5881 σάρξ
2633 5828 2648 5842 ο
2674 5811 2836 5881 ὃμοια
2861 5809 2969 5881 γὰρ
3003 5811 3180 5864 τίκτει
3203 5809 3381 5880 ἑαυτῷ
3410 5810 3530 5864 κατ’
3561 5808 3758 5861 οὐσίαν

2169 5907 2198 5960 ὁ
2227 5905 2388 5976 φύσει
2413 5905 2599 5976 πατήρ
2618 5920 2632 5934 '
2661 5905 2708 5958 εί
2736 5903 2826 5958 οὖν
2859 5903 3039 5974 σάρκα
3059 5903 3244 5958 τέτοκε
3275 5901 3456 5974 φύσει,
3485 5902 3579 5956 καί
3611 5900 3756 5972 σάρξ
