4006 6550
302 455 376 523 16
385 454 448 521 ιε

1227 453 1623 516 ADVERSUS
1660 451 2209 514 NESTORIANOS.
2233 452 2305 490 -ἓ
2334 455 2483 518 LIB.
2520 456 2621 517 IV.

3428 444 3566 523 1650

305 574 426 627 ἐστι
451 569 612 642 φύσει
637 586 652 603 ·
679 568 774 624 καὶ
803 568 833 622 6
868 567 1038 637 Λόγος
1064 566 1122 620 δὲ
1147 565 1282 630 Θεὸς
1305 565 1381 622 ὣν
1415 566 1602 636 φύσει,
1633 566 1695 620 οὐ
1724 566 1888 635 φύσει

2003 566 2186 636 gignit,
2232 575 2319 645 est
2340 567 2507 622 etiam
2552 570 2885 627 naturaliter
2920 586 3069 629 caro.
3103 570 3211 629 Sed
3242 578 3299 627 et
3321 570 3565 626 Verbum

308 665 440 729 Υἱός
477 665 597 717 ἐστι
636 660 734 716 τοῦ
779 659 1015 733 Πατρὺς,
1044 658 1181 714 ἀλλά
1225 660 1408 730 χάριτι
1439 660 1538 713 σὺν
1577 661 1645 731 τῇ
1686 659 1887 730 σαρκί·

307 760 370 811 ο)
411 756 543 819 Θεὸς
568 755 675 827 ἄρα
696 755 725 809 6
756 755 938 825 πατήρ
962 755 1134 821 ἐστιν,
1163 753 1276 806 είτε
1316 751 1411 806 οὖν
1442 752 1623 823 ὅμοιοι
1644 752 1757 805 εἴτε
1789 752 1890 804 ἀν-

310 848 491 917 όμοιοι
510 849 649 900 εἰσιν
674 847 724 899 οί
751 847 858 899 υἱοὶ
880 844 1185 915 καὶιοῦτως,
1215 844 1376 915 είπερ
1395 844 1453 896 αἱ
1478 844 1773 917 σφραγῖδες
1796 842 1892 897 καὶ

310 942 380 993 τὰ
414 939 699 1011 ἀρχέτυπα
729 936 793 992 τὸ
835 936 955 991 κατ’
994 936 1228 1009 ἀριθμὸν
1273 935 1532 1006 διάφορον
1576 935 1813 1006 ἔχουσιν,
1840 935 1891 989 εί

312 1034 409 1085 καὶ
452 1032 529 1103 μὴ
574 1031 638 1085 τὸ
672 1030 815 1086 κατὰ.
859 1030 922 1083 τὸ
960 1026 1099 1094 εἶδος
1142 1028 1495 1084 διαλλάσσον*
1531 1029 1628 1084 καὶ
1668 1028 1776 1082 οἵδε
1813 1028 1893 1099 τῷ

312 1122 537 1195 ἀριθμῷ
558 1120 1184 1193 διαφέροντες,δύναιντο
1210 1120 1278 1175 ἂν
1305 1120 1467 1185 εἶναι,
1495 1120 1591 1175 καὶ
1621 1120 1702 1183 είς
1726 1120 1894 1176 δυάδα

315 1213 451 1267 υἱῶν
498 1213 971 1285 συναριθμεῖσθαι,
1024 1211 1216 1286 ὥσπερ
1258 1212 1471 1276 Παῦλος
1512 1211 1606 1266 καὶ
1653 1211 1882 1281 Πέτροςθ

312 1304 346 1373 ἢ
374 1303 405 1355 6
442 1302 726 1366 δακτύλιος
768 1303 864 1357 καὶ
909 1305 939 1356 6
981 1303 1172 1375 κηρὸς,
1220 1303 1254 1374 ἢ
1300 1303 1471 1373 πηλὸς
1518 1302 1612 1356 καὶ
1647 1301 1895 1373 μόλιϐδος

313 1396 786 1465 ἐντετυπωμένον
826 1395 963 1451 ἀλλά
1001 1395 1168 1450 πάλιν
1226 1395 1327 1468 τὴν
1355 1395 1611 1468 διάφορον
1642 1394 1776 1467 ὓλην
1800 1396 1895 1449 ἀν-

322 1485 466 1538 ελεῖν
493 1503 627 1554 φασι
664 1485 759 1540 τὸν
784 1486 1017 1557 ἀριθμὸν
1036 1486 1148 1541 τῶν
1162 1487 1493 1557 ’σφραγίδιυν
1528 1486 1773 1555 ἠλιθίως,
1798 1485 1896 1540 καὶ

316 1576 451 1647 μίαν
474 1579 647 1632 ποιεῖν
671 1577 772 1642 τὰς
794 1577 997 1643 πολλὰς
1015 1578 1293 1633 νοεῖσθαι·
1321 1578 1517 1632 οὐκοῦν
1545 1578 1607 1632 τὸ
1634 1578 1896 1652 διάφορον

313 1671 487 1741 αὐτῆς
522 1672 770 1742 εἴποιμεν
797 1672 1002 1737 εἰσάξει
1024 1673 1187 1727 αὐτόν
1211 1689 1224 1702 ⁶
1250 1674 1299 1727 εί
1321 1672 1430 1743 γὰρ
1463 1671 1542 1741 τῷ
1572 1672 1799 1742 ἐναντίῳ
1834 1671 1897 1725 τὸ

312 1763 577 1827 ἐναντίον,
594 1765 652 1816 ἐν
673 1764 829 1835 κηρῷ
855 1760 949 1818 οὖν
967 1764 1131 1834 τυχὸν
1151 1759 1309 1818 οὖσαι
1321 1765 1514 1828 πᾶσαι,
1538 1763 1756 1827 πλείους
1784 1756 1895 1816 εἷεν

314 1854 612 1925 σφραγῖδες
635 1869 650 1883 ο
687 1856 747 1909 ὲν
788 1855 1070 1926 διαφόροις
1103 1855 1161 1909 δὲ
1193 1854 1347 1919 ὕλαις
1385 1854 1743 1918 τυπωθεωαι,
1794 1854 1894 1926 μία

313 1944 424 1996 εἰσὶ
451 1943 575 1997 καθ’
608 1945 784 2014 ὑμᾶς·
812 1944 954 1999 ἀλλὰ
994 1945 1171 2000 ταῦτα
1215 1944 1450 2018 δάκρυον
1477 1945 1773 2015 ὀφείλεται,
1801 1947 1896 2002 καὶ

313 2036 528 2123 γέλωτα
555 2036 705 2108 ὅμως
734 2038 884 2109 ἡμᾶς
904 2038 1172 2103 ὲκὸιάζει.

916 2306 1168 2363 ΚΕΦΑΛ.
1203 2306 1297 2363 1Δ’.
1664 2374 1669 2377 ,

392 2394 459 2448 Ti.
486 2388 602 2462 οὖν,
632 2394 806 2466 φησί;
840 2395 934 2449 δύο
959 2397 1110 2466 λόγοι
1133 2397 1293 2463 εἰσὶν,
1323 2397 1353 2451 ὅ
1371 2414 1430 2452 τε
1462 2398 1776 2470 λεγόμενος,
1805 2402 1900 2456 καὶ

317 2490 347 2540 6
385 2486 755 2558 ἁκουόμενος;
799 2488 963 2542 Ἀλλά
992 2490 1133 2543 κάπὶ
1174 2492 1402 2558 τούτων,
1427 2492 1645 2561 πρῶτον
1674 2493 1774 2565 μὲν
1803 2493 1899 2549 άλ-

316 2577 407 2642 λος
451 2580 481 2633 6
530 2578 857 2645 ἐνδιάθετος,
908 2582 1004 2635 καὶ
1046 2580 1207 2644 ἄλλος
1246 2583 1276 2636 6
1318 2582 1463 2636 κατά
1500 2581 1767 2638 διάνοιαν·
1804 2587 1899 2640 καὶ

316 2670 504 2741 ἕτερος
530 2672 560 2725 6
588 2670 950 2744 προφορικδς,
982 2671 1079 2727 καὶ
1107 2674 1136 2727 6
1166 2672 1273 2727 ὑπὸ
1314 2674 1535 2728 τοῦτονο
1565 2677 1595 2731 6
1614 2679 1895 2747 γραπτὸς,

318 2763 415 2817 καὶ
440 2762 578 2834 μετά
605 2763 827 2829 τούτους
844 2765 873 2817 6
896 2764 1227 2835 ἀκουόμενός
1243 2765 1359 2819 ἐστι
1380 2784 1394 2797 ·
1410 2766 1733 2822 καὶτούτων
1760 2768 1819 2824 δὲ
1839 2769 1900 2824 τὺ

318 2856 498 2910 κοινόν
515 2871 531 2889 ο
560 2854 762 2926 ὁμοίως
806 2859 925 2921 ταῖς
962 2856 1255 2926 σφραγῖσιν
1280 2855 1340 2909 ἓν
1371 2855 1424 2910 τί
1448 2857 1568 2910 ἐστι
1594 2856 1654 2912 τὸ
1670 2857 1812 2912 κατά
1839 2858 1902 2912 τὸ

321 2951 726 3023 σημαινόμενον
748 2950 808 3005 τὸ
836 2950 966 3005 αὑτό
990 2967 1002 2981 ·
1033 2951 1108 3015 ὡς
1129 2951 1179 3005 εί
1205 2950 1313 3005 τῶν
1336 2950 1669 3021 πολυσήμων
1699 2966 1786 3013 τις
1811 2948 1898 3022 είη

318 3044 479 3115 λόγος
514 3046 613 3099 εἴτ’
642 3044 736 3099 οὖν
773 3043 1112 3115 ὁμωνύμωνο
1150 3044 1254 3098 κᾶν
1295 3044 1378 3099 ἑνὶ
1414 3044 1562 3115 μόνῳ
1604 3043 1831 3115 λέγηται
1864 3043 1898 3114 ἢ

318 3136 604 3206 ἀκούηται,
641 3138 736 3206 οὐχ
780 3132 861 3201 εἷς
888 3137 1047 3206 λόγος
1088 3136 1170 3191 ἔτι
1202 3136 1452 3206 λέγεται·
1495 3136 1599 3190 κᾶν
1641 3137 1741 3209 μιᾷ
1770 3153 1902 3207 προ-

1992 659 2140 730 quod
2184 668 2269 714 est
2316 662 2645 716 naturaliter
2687 663 2853 729 Deus,
2903 681 3014 720 non
3057 674 3144 721 est
3178 663 3356 719 Patris
3398 662 3571 717 Filius

1993 751 2279 815 naturalis,
2319 752 2420 807 sed
2448 752 2615 808 simul
2644 768 2771 809 cum
2802 770 2965 811 carne
2996 756 3168 811 Filius
3191 770 3292 825 per
3313 755 3567 826 gratiam.

1992 842 2115 897 Non
2154 844 2301 899 Deus
2337 844 2524 914 itaque
2554 854 2711 915 pater
2748 856 2855 911 est,
2890 848 3009 903 sive
3050 848 3260 903 similes
3302 846 3420 901 sive
3469 845 3573 899 als-

1994 933 2204 990 similes
2234 934 2347 989 sint
2381 935 2567 991 taliter
2598 936 2719 1003 filii,
2758 936 3030 1008 siquidem
3064 936 3242 1008 sigilla
3272 945 3329 991 et
3373 935 3573 989 arcbe-

1997 1035 2122 1097 typa
2176 1026 2484 1082 secundum
2543 1044 2836 1084 numerum
2886 1028 3269 1084 diversitatem
3325 1026 3569 1090 habent,

1994 1119 2125 1175 licet
2178 1121 2481 1176 secundum
2545 1123 2784 1192 speciem
2839 1137 2951 1177 non
3007 1122 3305 1188 differant;
3363 1130 3420 1177 et
3480 1120 3571 1175 isti

1995 1224 2229 1265 numero
2271 1209 2595 1267 diil‘erentes
2636 1228 2761 1268 esse
2805 1222 3033 1283 possent
3069 1208 3125 1269 et
3153 1213 3211 1268 in
3244 1212 3394 1268 duali
3432 1211 3575 1266 ﬁlio-

1997 1317 2118 1355 rum
2160 1317 2390 1359 numero
2431 1305 2949 1375 computaripsicut
2998 1306 3203 1362 Paulus
3244 1314 3301 1361 et
3350 1305 3571 1369 Petrus,

1995 1392 2082 1447 vel
2120 1393 2359 1449 annulus
2391 1404 2448 1449 et
2492 1410 2640 1461 cera,
2690 1406 2787 1451 aut
2830 1398 3008 1452 lutum
3045 1406 3103 1452 et
3143 1397 3432 1468 plumbum
3470 1397 3576 1451 im-

1995 1484 2291 1553 pressione
2337 1484 2570 1556 signata.
2609 1484 2717 1542 Sed
2759 1504 2978 1543 rursum
3020 1487 3207 1558 inepte
3254 1487 3450 1543 dicunt
3490 1487 3577 1543 di-

1996 1589 2213 1629 versam
2243 1577 2533 1632 materiam
2562 1594 2855 1634 numerum
2888 1579 3196 1649 sigillorum
3236 1580 3427 1636 tollere
3454 1576 3577 1635 eiii;

1996 1680 2233 1737 cereque
2258 1676 2319 1721 ut
2344 1669 2515 1724 multa
2545 1680 2878 1726 censeantur
2918 1687 3111 1726 unum.
3150 1673 3315 1743 Ergo,
3360 1671 3578 1727 dicere-

1997 1773 2141 1822 mus,
2187 1758 2334 1829 quod
2386 1758 2666 1815 diversum
2715 1772 2800 1816 est
2839 1763 3082 1819 materia:
3132 1762 3355 1818 adducit
3400 1778 3572 1818 eum:

1996 1847 2135 1904 Cum
2154 1850 2305 1905 enim
2327 1852 2602 1907 contraria
2629 1853 2927 1909 contrariis
2951 1855 3276 1924 probantur,
3303 1854 3346 1910 si
3376 1863 3576 1910 cuncta

1997 1941 2176 2014 sigilla
2225 1942 2282 1997 in
2325 1958 2506 1999 ceram
2552 1945 2906 2012 cecidissent,
2946 1948 3105 2016 plura
3142 1954 3329 2001 essent
3356 1945 3574 2015 sigilla:

1996 2037 2094 2094 sed
2125 2037 2182 2092 in
2208 2038 2445 2094 diversis
2477 2040 2727 2095 materiis
2754 2038 3043 2109 impressa,
3072 2040 3225 2112 juxta
3254 2054 3373 2103 vos,
3403 2052 3576 2092 unum

1998 2137 2148 2183 sunt.
2198 2128 2404 2184 Verum
2448 2128 2577 2184 talia
2619 2127 2739 2185 ﬂeri
2788 2129 2994 2185 debent
3022 2138 3078 2186 et
3109 2138 3293 2185 tamen
3329 2127 3499 2185 risum
3543 2141 3579 2183 α

1998 2221 2159 2277 nobis
2191 2220 2445 2278 eliciunt.

2621 2314 2771 2371 CAP.
2810 2314 2950 2370 XIV.

2075 2403 2217 2471 Quid
2250 2405 2435 2477 igitur,
2468 2405 2667 2463 aiunt?
2694 2406 2906 2461 Suntne
2935 2405 3047 2460 duo
3074 2405 3256 2460 Verba
3285 2411 3343 2460 et
3369 2404 3579 2459 dictum

1998 2508 2056 2556 et
2084 2498 2384 2553 auditum?
2431 2496 2540 2553 Sed
2583 2506 2783 2568 praeter
2821 2495 2925 2551 ista
2952 2496 3131 2565 primo
3163 2494 3387 2565 quidem
3430 2494 3580 2549 aliud

1999 2598 2085 2645 est
2124 2588 2379 2643 intimum
2426 2587 2620 2651 menti,
2651 2595 2708 2641 et
2734 2584 2884 2640 aliud
2923 2585 2979 2639 in
3021 2584 3385 2656 cogitatione;
3432 2583 3583 2638 aliud

2000 2679 2151 2752 quod
2199 2694 2296 2735 ore
2327 2668 2609 2748 profertur
2641 2686 2699 2732 et
2725 2675 2875 2730 aliud
2906 2674 2977 2731 ab
3009 2674 3115 2729 isto
3151 2674 3403 2745 pendens
3442 2673 3583 2729 scri-

2000 2784 2194 2845 ptum;
2245 2779 2303 2827 et
2354 2778 2480 2841 post
2527 2769 2621 2824 illa
2667 2768 2821 2823 venit
2876 2767 3151 2822 auditum.
3204 2765 3312 2821 Sed
3360 2766 3584 2822 illorum

2000 2877 2248 2935 quoque,
2286 2870 2545 2932 tanquam
2582 2859 2639 2915 in
2684 2858 2902 2930 sigillis,
2944 2872 3239 2914 commune
3287 2867 3344 2912 et
3376 2857 3585 2927 aliquid

2003 2972 2212 3023 unum,
2262 2955 2319 3011 in
2361 2970 2428 3009 eo
2476 2953 2785 3009 consistens
2830 2949 2978 3022 quod
3029 2951 3175 3006 idem
3222 2949 3583 3021 significetur.

2002 3050 2166 3107 Velut
2212 3049 2260 3105 si
2306 3047 2530 3119 quidam
2556 3055 2705 3101 esset
2730 3061 2914 3102 sermo
2949 3045 3107 3116 plura
3147 3042 3465 3114 signiﬁcans
3489 3052 3588 3099 aut

2003 3138 2283 3210 duplicem
2326 3152 2550 3193 sensum
2584 3134 2791 3201 ferens,
2823 3134 2931 3190 etsi
2975 3132 3071 3188 uni
3114 3143 3330 3189 tantum
3368 3131 3588 3187 dicatur

318 3228 467 3299 φορᾷ
499 3226 916 3297 ἐξαγγέλληται,
951 3224 1089 3279 ἀλλά
1138 3225 1360 3288 πλείους
1399 3224 1547 3292 λόγοι
1577 3218 1716 3277 εἶναι
1748 3222 1897 3295 παρά

2004 3231 2089 3286 vel
2134 3228 2416 3293 audiatur,
2455 3242 2567 3283 non
2623 3225 2807 3281 adhuc
2862 3241 3008 3281 unus
3039 3240 3223 3281 sermo
3254 3223 3488 3289 dicitur;
3531 3231 3591 3279 et

320 3322 454 3373 πᾶσι
478 3321 591 3384 τοῖς
610 3318 970 3384 διαλεκτικοῖς
997 3316 1374 3388 ὡμολόγηνται
1388 3334 1402 3350 ·
1428 3315 1584 3388 δῆλον
1605 3314 1697 3370 οὖν
1726 3315 1802 3379 ὡς
1822 3316 1899 3387 τῷ

320 3411 706 3484 σημαινομένῳ
750 3412 813 3467 τὸ
852 3412 1059 3483 κυρίως
1085 3409 1143 3466 ἓν
1163 3411 1258 3465 τοῦ
1300 3411 1460 3480 λόγου
1483 3412 1630 3480 ἑστίῃ
1660 3412 1710 3465 εί
1733 3411 1791 3465 δὲ
1815 3412 1899 3465 ὅτι

320 3504 611 3576 συμϐαίνει
650 3504 743 3559 τὸν
789 3505 951 3560 αὐτὸν
990 3505 1087 3559 ἕνα
1113 3503 1193 3576 τῷ
1242 3503 1465 3575 ἀριθμῷ
1492 3504 1671 3574 λόγον,
1707 3504 1900 3559 λεκτόν

316 3616 377 3652 τε
410 3594 548 3652 εἶναι
593 3598 674 3670 τῷ
718 3597 949 3662 εἰπόντι,
984 3597 1079 3651 καὶ
1122 3596 1390 3651 ἀκουστὸν
1436 3595 1515 3667 τῷ
1561 3596 1898 3667 παρεστῶτι,

327 3692 462 3747 εἴποι
491 3706 578 3754 τις
604 3688 777 3752 οὕτως
808 3688 907 3742 ἕνα
941 3688 1104 3743 αὑτὸν
1132 3684 1294 3754 εἶναι,
1327 3688 1428 3742 οὐκ
1475 3686 1590 3758 ἔχοι
1619 3688 1687 3743 ἂν
1713 3687 1900 3759 ὁμοιό-

320 3798 461 3849 τητα
493 3781 626 3852 ὑμῖν
656 3780 717 3833 τὸ
743 3780 1128 3850 παράδειγμαο
1164 3779 1285 3834 οὐδὲ
1307 3781 1417 3851 γάρ
1468 3778 1785 3833 ὑπόκεινται
1810 3778 1903 3834 δύο

318 3872 443 3927 τινά
485 3872 705 3945 ἀριθμῷ
758 3872 967 3936 ἐνθάδε,
999 3872 1178 3926 εῖτουν
1215 3870 1308 3927 δύο
1355 3871 1503 3941 λόγοι
1546 3871 1629 3925 ὲνὶ
1675 3871 1903 3943 ὀνόματι

318 3965 722 4036 ὀνομαζόμενα,
766 3963 957 4036 ὥσπερ
1004 3964 1066 4017 τό
1112 3982 1171 4017 τε
1213 3963 1509 4034 πρόσωπον
1538 3961 1781 4033 Χριστοῦ
1807 3963 1902 4016 καὶ

320 4058 417 4115 τοῦ
451 4059 625 4128 Λόγου
668 4058 762 4111 δύο
791 4056 957 4121 οὔσας
999 4055 1312 4127 ἀριθμητάς
1340 4055 1691 4120 ὑποστάσεις,
1722 4054 1899 4109 ἐδόκει

322 4154 451 4223 ὑμῖν
473 4153 571 4207 ἕνα
601 4152 728 4206 Υἰὸν
752 4153 962 4221 λέγειν’
998 4150 1135 4206 ἀλλά
1158 4150 1468 4206 τούναντίον
1497 4149 1752 4223 βούλεσθε
1787 4150 1899 4203 δεῖ·

323 4248 433 4314 ξαι,
473 4247 533 4302 ἓν
565 4246 787 4319 ἀριθμῷ
820 4244 1178 4317 ὑποκείμενον
1222 4243 1479 4308 ἐνταῦθα,
1522 4244 1617 4299 δύο
1640 4243 1903 4315 ὀνόμασιν

323 4345 435 4398 ἀπὸ
476 4344 735 4415 διαφόρου
782 4343 1023 4415 σχέσεως
1070 4342 1613 4415 προσαγορευόμενόν
1660 4342 1845 4397 ἐστιν·
1872 4343 1901 4397 6

322 4436 431 4508 γὰρ
476 4437 638 4500 αὐτὸς
685 4431 764 4500 εἷς
813 4436 1034 4508 ἀριθμῷ
1078 4436 1237 4505 λόγος
1284 4436 1478 4506 μόνος·
1515 4434 1627 4488 ἀπὸ
1659 4434 1899 4505 σχέσεως

328 4528 427 4599 μὲν
450 4528 545 4581 τοῦ
575 4529 839 4592 εἰπόντος,
872 4530 1090 4593 λεκτός’
1110 4529 1219 4582 ἀπὸ
1238 4527 1295 4581 δὲ
1314 4527 1551 4597 σχέσεως
1573 4526 1667 4581 τοῦ
1696 4528 1903 4595 ἁκροα·

2005 3321 2140 3377 licet
2190 3336 2300 3375 una
2352 3318 2659 3389 prolatione
2706 3315 3099 3381 annuntietur,
3159 3315 3347 3385 plures
3404 3322 3588 3369 tamen

2003 3428 2127 3469 esse
2162 3426 2451 3469 sermones
2478 3425 2509 3464 a
2538 3407 2754 3464 cunctis
2774 3408 3080 3465 dialecticis
3102 3406 3435 3462 admittitur.
3461 3405 3591 3459 Evi-

2002 3506 2141 3561 dens
2166 3503 2335 3575 igitur
2366 3511 2452 3558 est
2484 3515 2658 3555 unum
2702 3499 2861 3555 verbi
2900 3499 3191 3570 proprium
3228 3499 3284 3555 in
3315 3498 3592 3570 signiﬁca-

2007 3597 2158 3653 tione
2200 3611 2344 3651 essc.
2381 3593 2439 3650 Si
2486 3608 2641 3659 vero,
2678 3606 2804 3647 cum
2840 3591 3044 3648 accidit
3073 3590 3333 3647 eumdem
3376 3604 3593 3646 sermo-

2007 3704 2158 3755 nem,
2190 3702 2425 3742 numero
2450 3701 2645 3751 unum,
2674 3700 2798 3740 esse
2827 3683 3035 3739 dictum
3064 3683 3312 3753 loquenti
3346 3691 3401 3739 et
3432 3682 3594 3738 audi-

2005 3792 2122 3838 tum
2171 3778 2474 3843 assistenti,
2527 3778 2696 3843 dicat,
2726 3776 2851 3847 quis
2899 3776 3055 3831 illum
3097 3777 3179 3831 sic
3227 3791 3399 3830 unum
3444 3788 3589 3841 esse,

2002 3890 2117 3933 non
2151 3872 2382 3930 haberet
2427 3870 2851 3927 similitudinem
2897 3869 3059 3925 vobis
3109 3870 3216 3924 hoc
3253 3868 3589 3939 exemplum.

2002 3967 2124 4024 Non
2152 3965 2299 4022 enim
2326 3965 2418 4020 hic
2444 3964 2744 4035 subjaccnt
2775 3962 2886 4017 duo
2919 3958 3168 4031 quaedam
3192 3975 3447 4028 numero,
3469 3976 3595 4031 quae

2004 4063 2117 4119 duo
2148 4062 2319 4118 verba
2361 4076 2473 4117 uno
2524 4061 2751 4115 nomine
2804 4058 3085 4124 dicantur,
3121 4057 3593 4128 quemadmodum

2004 4172 2298 4230 personam
2317 4154 2524 4212 Christi
2547 4163 2603 4209 ct
2624 4153 2789 4209 Verbi
2812 4152 2950 4208 duas
2976 4167 3218 4207 numero
3248 4151 3593 4224 hypostases,

2006 4265 2179 4305 unum
2207 4249 2406 4305 Filium
2435 4247 2619 4303 dicere
2650 4246 2810 4301 vobis
2851 4246 3052 4317 placet.
3103 4243 3213 4300 Sed
3253 4244 3597 4299 contrarium

2004 4338 2174 4394 vultis
2215 4338 2543 4403 ostendere;
2601 4352 2772 4392 unum
2826 4335 2919 4391 hic
2967 4349 3205 4390 numero
3258 4334 3596 4404 subjectum,

2007 4431 2228 4487 duobus
2272 4430 2593 4487 nominibus
2634 4445 2665 4484 a
2711 4429 2934 4484 diversa
2995 4426 3269 4482 relatione
3316 4428 3595 4479 vocatum.

2008 4524 2156 4580 Idem
2180 4523 2331 4579 enim
2369 4537 2604 4577 numero
2657 4521 2891 4575 verbum
2918 4534 3095 4593 unum
3146 4526 3231 4572 est
3276 4524 3522 4570 tantum:
3565 4534 3598 4572 a

324 4618 441 4683 τοῦ,
472 4619 735 4684 ἀκουστὸς
767 4620 1061 4691 ὠνομάσθη
1084 4636 1099 4654 ·
1130 4619 1292 4674 πάλιν
1341 4620 1435 4674 οὖν
1478 4620 1575 4673 καὶ
1607 4618 1782 4681 οὕτως
1816 4620 1897 4681 εἰς

2003 4614 2335 4685 proferentis
2368 4613 2655 4677 relatione,
2702 4611 2949 4673 dictum;
2984 4609 3055 4664 ab
3090 4606 3375 4663 audientis
3407 4615 3597 4661 autem

270 4767 273 4769 ,
325 4711 619 4783 πρόσωπον
647 4712 802 4782 ὑμῶν
837 4715 1228 4787 ἁντικαταρῤεῖ
1263 4713 1333 4767 τὰ
1376 4711 1618 4784 ὑμέτερα
1653 4709 1900 4765 ἀναπτύ-

327 4817 532 4872 σματα.

2008 4704 2303 4769 relatione,
2343 4704 2592 4760 auditum
2634 4702 2973 4757 nominatur.
3014 4702 3230 4757 Rursus
3261 4699 3429 4773 igitur
3456 4699 3509 4754 in
3536 4713 3599 4755 os

2008 4806 2253 4854 vestrum
2281 4797 2605 4853 relabuntur
2628 4805 2790 4865 sputa
2814 4803 3020 4849 vestra.

330 4969 3566 5009 __________________________________________________.

1689 5085 2246 5188 ΛΟΓΟΣΑᾹ.

530 5240 815 5313 Τετάρτης
838 5238 1037 5297 αὐτῶν
1061 5240 1341 5309 ἀσεϐείας
1362 5239 1611 5312 ἔλεγχος
1641 5240 2134 5312 παραιτουμένων
2153 5238 2357 5308 λέγειν
2387 5234 2681 5291 Θεοτόκον
2708 5231 2824 5301 τὴν
2848 5232 3028 5302 ἁγίαν
3060 5225 3387 5298 Παρθένον.

1658 5474 2017 5562 LIBER
2114 5472 2287 5560 IV.

645 5628 887 5693 Ipsarum
929 5641 1143 5681 sacram
1178 5623 1440 5699 Virginem
1472 5623 1765 5697 Deiparam
1802 5624 1971 5679 dicere
2000 5622 2357 5677 recusantium
2390 5624 2597 5687 quarta:
2627 5615 2916 5684 impietatis
2945 5616 3261 5686 confutatio.

788 5846 1185 5901 ΚΕΦΑΛᾹΙΟΝ
1228 5847 1271 5898 Π
1282 5843 1524 5899 ΡΩΤΟΝ.

406 5936 514 5993 Θὲα
552 5939 682 6011 γοῦν
716 5940 880 6004 αὐτὸς
909 5938 1004 5995 καὶ
1027 5942 1083 5994 εν
1111 5940 1224 6002 τοῖς
1257 5939 1380 6009 ἑξῆς
1420 5937 1480 5993 τὸ
1510 5936 1641 5991 αὐτὸ
1668 5933 1905 6010 ἐνθύμη-

1950 5746 2019 5759 μ

2543 5829 2768 5887 CAPUT
2803 5828 3088 5887 PRIMUM.

2093 5928 2229 5986 Vide
2259 5926 2427 5999 igitur
2455 5926 2569 5994 ipse
2612 5926 2668 5980 in
2698 5928 2779 5983 cis
2813 5942 2935 5996 quae
2965 5924 3072 5982 sibi
3107 5920 3414 5979 succedunt
3452 5919 3597 5976 idem
