4042 6580
445 456 581 524 1651

1715 450 2028 516 LEONTII
2068 450 2475 515 BYZANTINI

3585 455 3718 523 1652

439 574 621 630 latens
651 568 952 642 cogitatum
980 583 1172 626 eorum
1197 567 1292 640 qui
1337 583 1504 624 unam
1538 566 1734 624 dicunt
1762 568 2027 640 hyposta-

2138 584 2214 637 μα
2250 567 2638 640 κεκρυμμένον
2662 567 2772 623 τῶν
2803 567 2935 640 μίαν
2957 567 3226 638 λεγόντων
3271 569 3374 643 τὴν
3421 569 3721 629 ὑπόστασιν

440 669 527 724 sin
564 666 773 724 Christi
805 680 870 720 ac
899 664 1160 720 unionem
1183 663 1282 720 Dei
1310 662 1476 719 Verbi
1507 677 1634 717 cum
1663 676 1852 717 carne.
1881 659 2024 728 Quid

437 761 588 820 enim
624 746 1018 814 inveniendum
1049 764 1136 813 est
1170 756 1226 812 in
1260 770 1398 811 voce
1436 754 1696 826 Deipara,
1742 753 1855 809 illis
1882 768 2025 825 prae-

439 851 633 906 sertim
682 847 1082 906 adhibentibus
1133 847 1283 918 quod
1321 847 1477 919 juxta
1531 845 1922 917 proprietatem
1969 853 2028 901 et

439 940 738 996 veritatem
767 949 874 1006 est,
905 939 1015 995 nisi
1050 939 1157 997 hoc
1192 939 1338 995 idem
1379 938 1530 1010 quod
1567 939 1626 994 in
1662 937 1909 1010 synthesi
1935 952 2027 994 se-

440 1041 699 1104 paratum
731 1031 1069 1094 invenimus.
1095 1047 1207 1087 non
1240 1031 1472 1088 deﬁnito
1499 1046 1610 1102 quo
1636 1045 1803 1088 sensu
1825 1045 2028 1087 nomen

439 1123 706 1195 Deipara,
752 1123 902 1180 sicut
964 1139 1170 1180 nomen
1213 1123 1362 1179 Deus
1406 1123 1628 1179 diverse
1679 1121 2026 1187 adhibitum,

439 1216 870 1288 explicationem
899 1215 1093 1288 pietati
1122 1215 1462 1272 conformem
1497 1214 1716 1270 habeat.
1747 1214 1906 1270 Nunc
1931 1230 2032 1270 au-

443 1318 578 1376 tem,
615 1310 843 1381 pr0prio
868 1318 927 1366 et
960 1309 1184 1366 veritati
1223 1308 1504 1365 conformi
1535 1322 1702 1365 sensu
1732 1307 1864 1364 huic
1904 1308 2028 1364 voci

444 1401 749 1474 assignato,
780 1417 904 1459 eam
935 1403 1086 1459 omni
1121 1403 1403 1472 impietate
1433 1411 1731 1473 apertaque
1765 1401 2028 1473 blasphe-

443 1495 554 1551 mia
571 1497 948 1568 repleverunt.
974 1495 1059 1551 Ab
1084 1495 1168 1551 eis
1191 1505 1374 1551 tamen
1397 1493 1758 1566 quaerendum
1785 1503 1872 1551 est
1894 1495 2028 1566 quid

443 1590 579 1662 ipsis
626 1578 902 1662 signiﬁcat
952 1589 1077 1645 talis
1122 1588 1501 1645 denominatio
1531 1604 1752 1660 quoque
1787 1589 2028 1659 cogitatu

443 1683 582 1754 ipsis
618 1692 703 1740 est
732 1682 994 1754 sumpta?
1017 1683 1102 1738 An
1133 1683 1278 1738 sicut
1305 1682 1543 1738 dicimus
1575 1681 1908 1753 mariparam
1935 1689 2030 1736 aut

441 1773 828 1845 feminiparam
901 1773 1193 1830 mulierem
1242 1789 1368 1844 quae
1422 1788 1604 1829 mares
1659 1781 1757 1828 aut
1797 1771 2030 1828 feminas

441 1879 639 1936 parere
685 1865 1006 1928 consuevit.
1063 1864 1146 1921 sic
1199 1863 1482 1935 deiparam
1533 1871 1736 1920 vocant
1782 1870 2028 1918 sanctam

443 1955 695 2022 Mariam,
717 1971 840 2012 eam
866 1955 935 2010 ad
960 1955 1098 2012 deos
1121 1955 1428 2029 gignendos
1450 1963 1637 2011 natam
1661 1955 1766 2011 hac
1789 1953 2032 2010 dictione

442 2048 867 2121 signiﬁcantes?
909 2049 1007 2105 sed
1035 2058 1171 2104 tunc
1195 2064 1337 2120 quos
1373 2048 1510 2105 deos
1545 2049 1804 2121 genuerit
1848 2047 2035 2104 dicant

441 2151 500 2200 et
528 2157 644 2197 rem
678 2142 921 2212 ignotam
955 2140 1211 2198 doceant.
1255 2140 1340 2197 An
1373 2139 1522 2212 quod
1565 2139 1740 2196 Deum
1787 2139 1980 2212 genuit
2012 2140 2036 2194 ?

444 2235 502 2292 Si
535 2235 702 2292 etiam
737 2233 830 2306 pio
875 2250 984 2290 una
1014 2235 1137 2291 vice
1178 2233 1378 2290 volunt
1408 2231 1558 2288 istud
1586 2230 1902 2303 signiﬁcare
1938 2246 2037 2300 per

445 2329 613 2383 talem
660 2326 907 2398 Virginis
951 2325 1486 2391 denominationem,
1524 2325 1808 2380 nescimus
1849 2329 2034 2379 tamen

446 2437 520 2477 an
567 2420 747 2492 possit
791 2420 898 2476 hoc
943 2419 1239 2476 ostendere
1289 2418 1420 2474 talis
1455 2416 1700 2474 nominis
1736 2414 1936 2472 forma.

524 2715 544 2750 ι
569 2695 862 2768 Disperdet
888 2695 1154 2752 Dominus
1178 2694 1364 2752 omnia
1383 2692 1528 2748 labia
1561 2691 2036 2764 dolosa,linguam

445 2789 876 2862 magniloquam,
917 2805 1014 2845 eos
1061 2788 1155 2860 qui
1195 2787 1388 2844 dicunt
1417 2803 1436 2840 :
1468 2785 1732 2857 Linguam
1791 2793 2036 2840 nostram

449 2881 964 2953 magnilicabimus;
1001 2881 1150 2937 labia
1199 2888 1384 2937 nostra
1439 2896 1470 2937 a
1505 2879 1665 2936 nobis
1703 2886 1871 2943 sunt;
1911 2878 2039 2947 quis

449 2983 640 3030 noster
671 2974 942 3029 Dominus
957 2972 1078 3030 estl
1100 2973 1124 3027 τ
1149 2991 1168 3026 ι
1196 2973 1390 3030 Dicitis
1408 2972 1591 3035 nobis,
1623 2987 1658 3028 ο
1681 2985 1781 3027 vos
1806 2971 2042 3026 auctori-

443 3073 557 3121 tate
613 3065 789 3137 legem
845 3063 1108 3131 ferentes,
1157 3079 1270 3120 non
1321 3079 1391 3121 ex
1418 3078 1533 3120 uno
1565 3061 1664 3119 sed
1691 3078 1761 3120 ex
1786 3061 2043 3134 pluribus

445 3154 594 3211 natis
625 3171 823 3211 nomen
870 3155 1122 3228 accipere
1161 3155 1488 3226 parientem.
1536 3153 1798 3224 Nunquid
1849 3153 2038 3226 igitur,

2068 1928 2108 1982 li

2129 662 2391 734 Χριστοῦ,
2424 663 2523 717 καὶ
2568 662 2820 718 σύνθεσιν
2865 663 2962 717 τοῦ
3017 663 3155 718 θεοῦ
3210 665 3388 734 Λόγου
3441 664 3581 736 πρὸς
3628 668 3721 737 τὴν

2131 754 2334 829 σάρκα.
2373 755 2440 809 Τί
2480 755 2592 827 γὰρ
2632 755 2781 809 ἔστιν
2806 756 2988 827 εὑρεῖν
3019 757 3078 810 ὲν
3107 758 3174 828 τῇ
3224 758 3516 825 Θεοτόκος
3545 760 3720 829 φωνῇ.

2129 846 2566 932 προστιθεμένου
2600 847 2838 918 μάλιστα
2866 848 3058 911 αὐτοῖς
3086 847 3181 903 τοῦ
3213 849 3423 920 κυρίως
3449 849 3550 904 καὶ
3581 850 3722 904 κατὰ

2129 937 2419 1010 άλήθειανς
2450 938 2486 1010 ἢ
2523 939 2657 993 αὐτὸ
2705 937 2864 993 τοῦτο
2910 940 3050 1011 ὅπερ
3081 939 3142 993 ὲν
3167 943 3235 1012 τῇ
3269 940 3524 995 συνθέσει
3553 958 3723 1012 κεχω-

2130 1036 2392 1110 ρισμένον
2421 1036 2762 1108 εὑρήκαμεν,
2801 1035 3264 1109 ἅπροσδιορίστως
3289 1034 3386 1090 τοῦ
3415 1036 3721 1103 Θεοτόκος,

2129 1129 2207 1196 ὥς
2239 1131 2334 1186 τοῦ
2367 1130 2515 1199 Θεὸς
2546 1130 2810 1204 ὀνόματος
2853 1129 3140 1201 πολλαχῶς
3181 1129 3500 1202 λεγομένου,
3545 1133 3722 1202 σχέσει

2131 1241 2250 1290 πως
2280 1225 2381 1294 τὴν
2423 1223 2518 1278 ἐπὶ
2566 1225 2627 1279 τὸ
2662 1224 2903 1288 εὐσεϐὲς
2939 1224 3274 1296 διασάφησιν
3315 1224 3432 1296 ἔχει
3455 1240 3471 1257 ο
3523 1226 3643 1278 νυνὶ
3668 1225 3722 1279 δὲ

2130 1315 2227 1372 τοῦ
2288 1316 2497 1388 κυρίως
2551 1313 2819 1372 καὶκατὰ
2867 1316 3131 1388 ἀλήθειαν
3195 1316 3606 1388 προσκειμένου
3655 1319 3719 1388 τῇ

2137 1409 2312 1479 φωνῇ,
2357 1407 2542 1480 πάσης
2579 1407 2839 1472 ἀσεϐείας
2865 1407 2962 1462 καὶ
2993 1406 3450 1478 ἀπερικαλύπτου
3476 1408 3719 1480 βλασφη-

2135 1499 2266 1570 μίας
2297 1499 2468 1570 αύτὴν
2499 1497 2919 1571 ἀνεπλήρωσαν.
2941 1500 3134 1570 Ὅμως
3168 1499 3476 1570 ὲρωτητέσν
3504 1500 3720 1564 αὐτοὺς.

2131 1589 2185 1643 τί
2219 1589 2473 1661 βούλεται
2498 1592 2686 1654 αὐτοῖς
2709 1593 2743 1663 ή
2768 1591 2946 1646 τοιάδε
2965 1591 3253 1661 ὀνομασία,
3272 1593 3367 1647 καὶ
3395 1592 3544 1646 κατὰ
3569 1593 3723 1646 ποίαν

2132 1681 2317 1746 αὐτοῖς
2384 1682 2596 1739 ἔννοιαν
2628 1683 2981 1755 ὲξείληπται;
3031 1678 3214 1756 Ἀρα,
3252 1684 3330 1750 ὥς
3394 1703 3598 1756 φαμεν,
3627 1686 3725 1758 άῤ-

2134 1771 2439 1844 ρενοτόκον,
2517 1773 2551 1845 ἢ
2623 1773 2919 1845 θηλυτόκον
2994 1777 3232 1844 γυναῖκα
3254 1816 3270 1842 ,
3319 1776 3424 1847 τὴν
3478 1775 3728 1830 είωθεῖαν

2135 1862 2377 1936 ἇρῤενας
2422 1865 2457 1936 ἢ
2515 1865 2682 1936 θήλεα
2737 1865 2988 1934 τίκτειν,
3041 1866 3218 1932 οὕτως
3293 1868 3451 1923 αὐτοὶ
3509 1867 3731 1936 λέγουσι

2139 1955 2402 2010 Θεοτόκον
2451 1955 2552 2027 τὴν
2606 1957 2772 2026 ἁγίαν
2820 1959 3065 2030 Μαρίαν,
3115 1959 3273 2024 θεοὺς
3326 1959 3502 2032 αὐτὴν
3554 1976 3730 2031 πεφυ-

2138 2047 2300 2100 κυῖαν
2325 2045 2558 2112 τίκτειν,
2582 2047 2674 2102 διὰ
2705 2049 2808 2120 τῆς
2834 2049 3052 2104 τοιᾶσδε
3101 2050 3298 2118 λέξεως
3331 2051 3732 2128 σημαίνοντεςς

2137 2138 2232 2192 καὶ
2283 2138 2472 2203 ποίους
2537 2139 2698 2204 θεοὺς
2750 2140 3067 2213 ἐγέννησεν,
3116 2145 3459 2206 εἰπάτωσαν,
3515 2145 3612 2199 καὶ
3669 2145 3737 2199 τὺ

2137 2231 2502 2302 ἀγνοούμενον
2529 2231 2958 2291 διδασκέτωσαν.
3007 2235 3082 2289 Ἦ
3126 2236 3210 2290 ὅτι
3239 2236 3372 2291 Θεὸν
3399 2237 3696 2307 ἐγέννησεν
3713 2254 3738 2304 ;

2137 2323 2203 2378 El
2239 2325 2336 2379 καὶ
2381 2324 2520 2397 πρὸς
2557 2325 2707 2394 ἅπαξ
2735 2324 2899 2380 τοῦτο
2940 2326 3186 2382 ἐθέλουσι
3216 2331 3484 2401 σημᾶναι,
3511 2328 3604 2383 διά
3634 2329 3736 2383 τοῦ

2139 2414 2314 2480 οὕτως
2341 2414 2632 2486 ὀνομάζειν
2666 2415 2767 2490 τὴν
2797 2418 3112 2492 Παρθένον·
3143 2418 3260 2474 ἀλλ’
3285 2419 3387 2474 οὐκ
3420 2421 3650 2491 οἴδαμεν
3683 2424 3736 2475 εί

2137 2509 2360 2566 δύναται
2395 2507 2558 2563 τοῦτο
2585 2509 2825 2583 δηλῶσαι
2853 2511 2914 2566 τὸ
2939 2510 3152 2567 τοιοῦτο
3184 2513 3374 2585 σχῆμα
3401 2513 3499 2568 τοῦ
3526 2515 3737 2587 ὀνόμα-

2137 2621 2254 2670 τος.

2214 2712 2236 2746 ι
2274 2693 2682 2770 Ἐξολοθρεύσει
2713 2695 2924 2768 Κύριος
2956 2696 3138 2753 πάντα
3168 2697 3238 2754 τά
3274 2697 3430 2771 χείλη
3450 2697 3524 2753 τὰ
3548 2698 3738 2764 δόλια.

2139 2782 2395 2853 γλῶσσαν
2435 2786 2918 2860 μγαλορῤήμονα,
2953 2789 3082 2853 τοὺς
3113 2789 3387 2854 είπόνταςο
3410 2789 3524 2862 Τὴν
3544 2790 3737 2860 γλῶσο

2143 2893 2244 2932 σαν
2271 2877 2431 2950 ἡμῶν
2463 2879 2911 2953 μεγαλυνοῦμεν·
2942 2881 3012 2936 τὰ
3040 2881 3194 2954 χείλη
3237 2882 3399 2955 ἡμῶν
3427 2883 3564 2955 παρ’
3597 2884 3738 2956 ἡμῖν

2140 2971 2290 3025 ἐστι·
2319 2971 2405 3036 τίς
2443 2973 2603 3044 ἡμῶν
2629 2973 2835 3046 Κύριός
2863 2976 3047 3040 έστινς
3081 2995 3099 3027 ι
3134 2975 3337 3030 Εἴπατε
3369 2979 3524 3048 ἡμῖν,
3549 2977 3602 3031 οἱ
3631 2977 3738 3032 αύ-

2141 3060 2328 3135 θεντίᾳ
2374 3063 2818 3135 νομοθετοῦντες,
2854 3065 2929 3136 μὴ
2961 3065 3022 3133 ἐξ
3061 3066 3202 3132 ἑνὸς,
3235 3066 3350 3122 ἀλλ’
3374 3068 3440 3122 ὲκ
3466 3067 3739 3125 πλειόνων

2141 3155 2318 3210 τόκων
2343 3153 2635 3228 ὀνομάζειν
2672 3155 2772 3229 τὴν
2795 3157 3092 3212 τίκτουσαν
3113 3175 3129 3189 ·
3155 3154 3265 3233 ἆρα
3297 3156 3390 3214 οὖν
3421 3161 3544 3213 ἐπεὶ
3570 3178 3739 3232 μονο-

449 3264 580 3304 eum
619 3248 941 3320 unigenitus
964 3250 1038 3307 sit
1061 3249 1209 3307 Sara:
1239 3251 1410 3317 Isaac,
1442 3251 1612 3304 Anna:
1652 3247 1894 3313 Samuel,
1920 3249 2034 3305 Eli-

2149 3247 2315 3340 γςνὴς
2339 3251 2405 3320 τῇ
2440 3249 2629 3322 Σάρῤᾳ
2657 3253 2686 3303 ό
2718 3249 2925 3316 Ἰσαὰκ,
2956 3252 3022 3322 τῇ
3063 3252 3236 3324 Ἀννῃ
3273 3252 3302 3306 ὁ
3342 3252 3621 3324 Σαμουὴλ.
3660 3256 3733 3325 τῇ

446 3341 640 3398 sabeth
667 3341 930 3406 Joannes,
955 3350 1012 3397 et
1039 3342 1206 3399 Anna:
1226 3341 1412 3408 Maria,
1437 3342 1484 3398 si
1512 3342 1640 3414 quis
1671 3341 1809 3398 istos
1836 3350 1894 3397 et
1914 3356 2032 3396 om-

445 3451 568 3500 nes,
599 3435 761 3506 plane
786 3434 1106 3506 quicunque
1164 3435 1252 3491 vel
1277 3449 1620 3506 quaecunque
1664 3451 1832 3490 unum
1857 3434 2032 3490 ﬁlium

447 3535 545 3582 aut
575 3527 742 3582 ﬁliam
777 3541 942 3582 unam
966 3536 1180 3583 tantum
1213 3526 1473 3583 habuisse
1489 3526 1831 3593 scribuntur,
1853 3527 2034 3583 nomi-

447 3633 584 3674 nare
604 3618 792 3685 vellet,
835 3633 905 3674 ex
943 3621 1210 3690 progenie
1238 3619 1524 3690 prolisque
1551 3628 1753 3674 natura
1803 3633 2032 3684 vocans,

447 3724 562 3764 non
604 3709 906 3779 mariparas
936 3709 1020 3764 vel
1047 3708 1407 3780 feminiparas
1458 3709 1692 3767 auderet
1719 3709 1926 3766 dicere.
1964 3709 2034 3766 Et

448 3800 598 3871 quis,
626 3799 834 3856 talibus
894 3800 1120 3868 auditis,
1151 3801 1269 3868 haec
1295 3810 1480 3859 vestra
1538 3802 1879 3874 sophismata
1920 3819 2032 3859 non

449 3883 728 3962 eonspuit,
760 3892 1042 3949 omiseri?
1071 3893 1178 3951 Sed
1216 3902 1274 3950 et
1305 3895 1351 3952 si
1373 3911 1462 3952 res
1487 3905 1550 3952 ut
1581 3895 1741 3953 fertis
1763 3905 1916 3963 sunt,
1933 3911 2034 3953 vos

453 3983 552 4054 qui
580 3983 796 4039 nescire
830 3998 898 4039 an
921 3984 1184 4054 possibile
1209 3985 1282 4041 sit
1317 3985 1423 4042 hoc
1460 3987 1555 4042 tali
1586 3987 1830 4044 nominis
1854 3987 2036 4044 forma

449 4078 822 4134 demonstrari
850 4079 1061 4146 dicitis,
1088 4080 1368 4150 quomodo
1416 4095 1514 4136 vos
1539 4079 1940 4152 Christiparam
1980 4089 2038 4137 et

449 4169 856 4239 bominiparam
890 4185 1012 4224 eam
1067 4187 1190 4242 quae
1226 4186 1420 4228 revera
1449 4172 1684 4243 Deipara
1711 4182 1797 4228 est
1836 4187 2038 4230 vocare

449 4263 796 4334 intelligitis?
824 4262 880 4319 Si
911 4263 1060 4319 enim
1089 4280 1156 4319 ex
1176 4279 1289 4319 uno
1327 4273 1489 4335 partu
1516 4281 1627 4321 non
1653 4273 1740 4322 est
1775 4267 2040 4337 possibile

453 4357 860 4428 parturientem
893 4356 1148 4427 accipere
1175 4372 1399 4423 nomen,
1427 4357 1514 4412 vel
1542 4358 1732 4430 plures
1765 4360 2037 4426 Christus,

449 4449 538 4506 vel
573 4463 743 4522 puros
764 4447 1017 4504 homines
1040 4447 1247 4520 putatis
1284 4448 1570 4520 peperisse
1621 4465 1834 4506 sacram
1863 4450 2043 4522 Virgi-

2151 3339 2432 3396 Ἐλισάϐετ
2483 3341 2512 3394 ὀ
2569 3340 2843 3412 Ἰωάννης,
2898 3343 2966 3412 τῇ
3023 3343 3195 3416 ’Ᾱννῃ
3247 3343 3280 3414 ἡ
3339 3343 3597 3414 Μαριάμ,
3629 3347 3733 3398 καὶ

2132 3431 2321 3498 ἁπλῶς
2367 3432 2572 3498 πάντες
2595 3434 2709 3488 ὅσοι
2747 3449 2808 3487 τε
2837 3433 2933 3488 καὶ
2958 3435 3082 3488 ὅσαι
3111 3434 3211 3489 ἕνα
3239 3434 3356 3488 υίδν
3387 3434 3422 3506 ἢ
3449 3435 3731 3508 θυγατέρα

2137 3525 2268 3596 μίαν
2299 3525 2462 3597 μόνον
2495 3525 2918 3598 ἐπιγράφονται,
2960 3527 3064 3599 ἢδη
3114 3527 3242 3582 καθ’
3287 3528 3458 3598 ὑμᾶς,
3499 3529 3732 3596 τούτους

2133 3620 2250 3689 εἴγε
2285 3635 2372 3683 τις
2417 3617 2708 3690 ὀνομάζειν
2753 3619 2950 3684 ἐθέλοι,
3003 3619 3070 3674 ἐκ
3124 3637 3186 3674 τε
3238 3620 3333 3676 τοῦ
3373 3622 3598 3676 τοκετοῦ
3635 3624 3734 3677 καὶ

2133 3709 2234 3781 τῆς
2268 3709 2483 3780 φύσεως
2515 3707 2610 3763 τοῦ
2639 3707 2893 3780 τεχθέντε
2914 3726 2941 3774 ς
2968 3709 3172 3778 καλῶν,
3192 3712 3294 3766 οὐκ
3312 3712 3734 3784 ἀῤῥενοτόκους,

2133 3802 2168 3875 ἢ
2205 3802 2536 3874 θηλυτόκους
2585 3802 2852 3874 τολμήσοι
2883 3803 3099 3872 λέγειν;
3131 3805 3229 3860 καὶ
3256 3804 3342 3870 τίς
3368 3805 3635 3876 ἀκούσας,
3669 3807 3732 3862 οῦ

2135 3894 2445 3950 καταπτύει
2469 3894 2579 3949 τῶν
2609 3895 2872 3951 τοιούτων
2899 3897 3056 3967 ὑμῶν
3076 3899 3454 3969 σοφισμάτων,
3486 3893 3533 3953 ὧ
3557 3900 3731 3955 τάλα-

2078 4059 2086 4064 ν
2141 4005 2263 4055 νες;
2299 3989 2349 4043 εί
2399 3987 2458 4042 δὲ
2509 3988 2604 4042 καὶ
2649 3987 2826 4052 οὓτως
2868 3984 3018 4060 εἶχεν
3051 3988 3128 4054 ὣς
3162 4007 3300 4059 φατε
3332 3993 3382 4044 οί
3416 3989 3491 4062 μὴ
3527 3991 3731 4046 εἰδέναι

2139 4084 2188 4137 εί
2226 4081 2452 4137 δυνατὸν
2495 4081 2652 4136 τοῦτο
2697 4080 2989 4152 δηλοῦσθαι
3023 4081 3112 4137 διὰ
3154 4083 3398 4138 τοιούτου
3446 4084 3734 4156 σχήματος

2138 4177 2417 4248 λέγοντες,
2447 4175 2568 4238 πῶς
2597 4175 2756 4246 ὑμεῖς
2798 4175 3165 4246 Χριστοτόκον
3193 4177 3292 4230 καὶ
3315 4177 3741 4247 ἁνθρωποτόκον

2139 4267 2329 4323 καλεῖν
2356 4267 2456 4338 τὴν
2479 4265 2662 4329 ὅντως
2693 4264 2958 4320 Θεοτόκον
2999 4265 3302 4334 συνείδετε;
3339 4269 3389 4321 εί
3413 4267 3524 4339 γὰρ
3554 4269 3621 4322 ἐκ
3641 4269 3742 4324 τοῦ

2141 4362 2262 4428 ἐνὸς
2311 4361 2475 4416 τόκου
2523 4359 2584 4414 ού
2642 4358 2868 4413 δυνατὸν
2906 4359 3269 4429 ὀνομάζεσθαι
3304 4359 3404 4431 τὴν
3445 4361 3744 4415 τίκτουσαν

2142 4451 2375 4518 τοιάνδε,
2424 4449 2458 4520 ἢ
2511 4448 2730 4514 πλείους
2765 4449 3058 4519 Χριστοὺς,
3095 4449 3130 4521 ἢ
3191 4449 3381 4513 ἁπλῶς
3419 4450 3744 4523 ἀνθρώπους

450 4557 604 4608 nem,
646 4541 735 4597 vel
763 4557 867 4598 nec
895 4541 1114 4607 habetis
1142 4541 1270 4596 talia
1286 4541 1512 4597 nomina
1541 4542 1610 4599 de
1641 4557 1708 4599 ea
1735 4543 2034 4600 adhibendi

2142 4541 2322 4598 οἴεσθε
2352 4542 2543 4595 τεκεῖν
2573 4540 2672 4612 τὴν
2711 4539 2877 4610 ἁγίαν
2910 4539 3212 4610 Παρθένον,
3243 4539 3277 4610 ἦ
3312 4541 3437 4595 οὐδὲ
3469 4542 3648 4596 ταῦτα
3670 4542 3744 4597 τὰ

452 4649 699 4700 causam,
723 4649 756 4689 ο
786 4632 1105 4690 miserrimi.
1133 4633 1240 4690 Sed
1265 4636 1516 4706 sequitur
1531 4651 1598 4692 ex
1625 4644 1811 4694 vestra
1836 4654 2034 4710 suppo-

2145 4633 2389 4704 ὀνόματα
2422 4630 2596 4703 ἔχοιτε
2644 4630 2826 4700 λέγειν
2865 4629 2954 4683 ἐπ’
2988 4629 3180 4701 αὐτῆς,
3214 4629 3561 4686 ἀθλιώτατοι.
3583 4631 3744 4686 Ἀκό-

453 4727 657 4783 sitione
695 4741 877 4798 neque
920 4726 1151 4783 unicum
1192 4727 1414 4784 Patrem
1469 4729 1634 4785 unius
1670 4730 1792 4802 ejus
1827 4729 1950 4786 Filii
1983 4738 2034 4787 et

2148 4724 2342 4780 λουθον
2404 4722 2462 4776 δὲ
2509 4723 2577 4793 τῇ
2619 4721 2865 4794 ἡμετέρᾳ
2906 4720 3184 4788 ὑποθέσει,
3231 4721 3368 4792 μηδὲ
3413 4722 3508 4776 τὸν
3580 4723 3746 4794 μόνον

453 4819 625 4876 Verbi
683 4819 782 4875 Dei
822 4820 1128 4892 genitorem
1193 4819 1343 4888 dici;
1381 4822 1510 4892 quia
1562 4823 1788 4878 unicum
1823 4832 1882 4879 et
1927 4838 2041 4878 non

452 4911 643 4981 plures
680 4910 874 4981 genuit
900 4908 1061 4966 Deos.
1097 4910 1166 4966 Et
1187 4911 1465 4982 quomodo
1488 4928 1615 4968 eum
1669 4927 1790 4968 esse
1819 4913 2043 4984 proprie

453 5002 552 5058 Dei
573 5002 878 5074 genitorem
907 5003 1129 5060 dicitis?
1153 5002 1250 5059 sed
1271 5019 1403 5060 vere
1420 5004 1672 5060 dicentes
1699 5023 1713 5061 :
1740 5023 1760 5057 ι
1792 5005 1904 5061 Vos
1919 5020 2042 5062 esse

455 5095 735 5167 sapientes
767 5095 921 5152 stulti
949 5095 1077 5152 facti
1101 5096 1259 5167 estis,
1297 5106 1354 5152 et
1391 5097 1745 5153 obscuratum
1791 5107 1877 5153 est
1903 5097 2042 5153 insi-

456 5187 617 5257 piens
632 5202 730 5242 cor
744 5194 991 5243 vestrum
1009 5196 1074 5242 ιιι.
1103 5207 1121 5240 ι
1156 5187 1314 5243 Tunc
1333 5186 1483 5243 enim
1511 5186 1898 5243 tantummodo
1921 5187 2047 5259 plu-

456 5277 596 5333 ritas
649 5277 719 5333 ad
779 5278 1292 5335 denominationem
1341 5278 1686 5334 denominati
1737 5278 2043 5345 confertur,

457 5384 586 5424 cum
619 5370 869 5442 subjecta
899 5388 1010 5438 res,
1038 5387 1272 5428 numero
1293 5371 1518 5444 quidem
1540 5372 1752 5443 plures,
1777 5372 2043 5443 singulari

457 5468 645 5516 autem
671 5461 998 5518 charactere
1054 5462 1297 5519 nominis
1334 5463 1584 5535 usurpati
1625 5471 1888 5534 tanquam
1921 5461 2010 5517 col

458 5550 645 5607 lectivi
671 5552 1052 5624 designantur.
1076 5553 1170 5611 Sic
1215 5554 1475 5612 videlicet
1508 5554 1640 5612 vitis
1679 5569 1789 5610 una
1823 5555 2043 5609 vineam

458 5658 572 5701 non
597 5645 937 5714 constituet;
973 5662 1079 5703 nec
1105 5647 1315 5703 vitibus
1357 5647 1598 5705 feracem
1649 5647 1911 5720 depinget
1949 5646 2048 5702 ali-

459 5737 587 5809 quis
617 5737 781 5794 talem
807 5739 1114 5813 regionem,
1159 5755 1264 5796 nec
1295 5739 1639 5813 frugiferam,
1670 5755 1776 5798 nec
1801 5739 2046 5810 piscibus

545 5924 559 5966 ³
599 5927 743 5984 Psal.
770 5943 844 5992 xI,
879 5925 992 5994 ιβ.
1072 5937 1110 5965 ω
1140 5925 1300 5982 Ilum.
1334 5941 1370 5992 ι,
1401 5923 1494 5980 2‘2.

2153 4819 2379 4890 Πατέρα
2408 4813 2504 4870 τοῦ
2539 4815 2703 4884 μόνου
2741 4812 2876 4868 Υίοῦ
2923 4813 3089 4869 αὐτοῦ
3116 4813 3213 4869 καὶ
3234 4814 3413 4884 Λόγου
3440 4815 3580 4870 Θεοῦ
3611 4833 3745 4886 γεν-

2149 4910 2354 4982 νήτορα
2399 4905 2688 4976 λέγεσθαι·
2739 4904 2865 4959 ἐπεὶ
2913 4905 3011 4958 ἕνα
3068 4905 3230 4976 μόνον
3278 4907 3375 4959 καὶ⁵
3427 4907 3490 4960 ού
3521 4907 3748 4974 πλείους

2148 4999 2308 5054 ἔτεκε
2349 4999 2478 5062 τοὺς
2524 4997 2680 5064 θεούς
2704 5014 2718 5029 ο
2753 4997 2848 5051 καὶ
2887 4997 3006 5062 πῶς
3050 4998 3216 5052 αὑτὸν
3245 4992 3388 5052 εἷναι
3414 4999 3505 5052 τὸν
3533 5000 3748 5070 κυρίως

2148 5092 2412 5147 Θεοτόκον
2427 5092 2650 5162 λέγετε;
2674 5109 2693 5144 ι
2719 5089 2862 5146 Ἀλλ’
2878 5090 3049 5155 ὅντως
3067 5091 3370 5157 φάσκοντες
3393 5087 3537 5146 εἶναι
3561 5092 3744 5161 σοφοὶ,

2103 5177 2105 5179 ’
2150 5182 2548 5256 ἑμωράνθητε·
2579 5183 2675 5239 καὶ⁸
2720 5181 3014 5253 ἐσκοτίσθη
3057 5183 3090 5254 ἠ
3131 5181 3393 5246 ἀσύνετος
3420 5183 3577 5253 ύμιῖιν
3611 5200 3750 5255 καρ-

2151 5273 2262 5329 δία.
2294 5293 2314 5327 ι
2346 5274 2482 5328 Τότε
2513 5273 2624 5344 γὰρ
2649 5274 2810 5346 μόνον
2832 5273 3122 5345 τδζπλῆθος
3140 5275 3278 5345 πρὸς
3319 5274 3517 5345 κυρίαν
3537 5274 3748 5345 ὀνομα-

2154 5365 2277 5420 σίαν
2316 5367 2412 5420 τοῦ
2456 5364 2861 5437 ὀνομαζομένου
2914 5364 3308 5436 συμϐάλλεται,
3351 5365 3481 5418 ὃταν
3513 5365 3747 5420 πλείονά

2150 5474 2275 5511 τινα
2305 5457 2384 5528 τῷ
2416 5457 2638 5531 ἀριθμῷ
2672 5457 3031 5528 ὑποκείμενα,
3080 5455 3245 5526 ἑνικῷ
3291 5456 3603 5530 χαρακτῆρι
3641 5459 3744 5512 τοῦ

2152 5550 2413 5621 ὀνόματος
2438 5549 2532 5604 τοῦ
2554 5551 2853 5622 λεγομένου
2886 5549 2962 5612 ὡς
2991 5549 3342 5622 περιεκτικοῦ
3376 5551 3745 5621 σημαίνεταιο

2155 5645 2298 5700 κατὰ
2336 5644 2529 5700 τοῦτον
2564 5643 2673 5716 γὰρ
2717 5643 2810 5698 τὸν
2859 5643 3085 5714 τρόπον,
3116 5642 3361 5713 ἄμπελος
3389 5643 3487 5713 μία
3516 5643 3610 5696 τὸν
3636 5643 3750 5712 άμ-

2157 5737 2377 5795 πελῶνα
2405 5738 2465 5792 ού
2504 5737 2837 5809 συστήσεται
2860 5751 2873 5764 ”
2905 5735 3030 5791 οὐδὲ
3078 5735 3460 5808 ἀμπελοφόρον
3499 5731 3642 5790 εἶναι
3683 5737 3750 5790 τὶ
