4042 6536
364 461 503 529 1ί53

1315 469 1712 529 ADVERSUS
1748 469 2371 531 NESTORIANOS.—
2404 470 2550 529 LIB.
2601 471 2698 531 1v.

3482 467 3620 534 1654

362 578 561 651 χωρίον
603 572 895 649 διαγράψει
943 593 1027 640 τις
1070 575 1264 639 οὕτως,
1312 577 1436 630 οὐδὲ
1494 579 1865 650 καρποφόρον,
1906 580 1940 652 ἢ

2069 577 2343 631 'ecundam
2380 594 2598 647 aquam.
2630 578 2737 632 Sed
2765 579 2879 633 haec
2917 587 3047 634 sunt
3096 578 3289 649 primze
3316 586 3513 635 vestra:
3562 581 3620 637 in

358 670 676 741 ίχθυσγόνον
707 668 767 722 τὸ
808 668 987 740 Giipr
1022 668 1182 723 Ἀλλὰ
1209 669 1382 722 ταῦτα
1411 670 1512 739 μὲν
1554 671 1623 724 τὰ
1666 671 1766 741 τῆς
1795 670 1941 742 πρὼ·

360 763 459 830 τῆς
486 760 643 831 ὑμῶν
690 759 814 813 καθ’
847 759 1006 831 ἡμῶν
1042 759 1303 831 μέμψεως
1322 776 1337 791 '
1368 759 1718 826 ὲξαταζέσθω
1746 763 1803 816 δὲ
1846 765 1944 817 καὶ

362 853 431 907 τὰ
456 851 583 923 ἑξῆς
610 854 743 923 ὑμῖν
774 852 1041 923 εἰρημένα
1077 852 1395 923 βλάσφημα,
1431 853 1528 907 καὶ
1568 855 1645 926 μὴ
1681 854 1945 909 λανθανέ-

362 960 442 996 τω
471 942 622 1006 τινὰς
651 941 728 1014 μὴ
751 941 1206 1013 στηλιτευόμενα.

970 1055 1219 1109 ΚΕΦΑΔ.
1260 1054 1337 1111 B'.

437 1146 545 1202 Τοῦ
605 1147 760 1214 Θεὸς
809 1147 1100 1219 ὀνόματος,
1134 1148 1288 1216 (pact,
1312 1148 1597 1220 πολλαχῶς
1648 1148 1949 1220 λεγομένου

372 1240 524 1312 παρὰ
565 1241 632 1311 τῇ
679 1238 795 1311 θείᾳ
832 1239 1047 1311 Γραφῇ,
1088 1232 1203 1293 οἷον
1249 1240 1483 1311 ἐπείπερ
1530 1260 1550 1293 ι
1588 1236 1683 1304 Εἷς
1720 1241 1852 1303 Θεὸς
1891 1242 1950 1307 ὃς

373 1331 677 1386 δικαιώσει·
704 1332 1008 1403 περιτομὴν
1056 1333 1123 1387 ἐκ
1168 1331 1404 1396 πίστεως
1441 1331 1536 1387 καὶ¹
1582 1332 1952 1404 ἀκροϐυστίαν

373 1426 465 1480 διὰ
488 1426 587 1495 τῆς
612 1425 871 1488 πίστεωςο
898 1445 916 1477 ι
949 1426 1042 1478 καὶ
1071 1424 1256 1491 πάλιν,
1282 1442 1302 1475 ι
1323 1425 1381 1478 '0
1409 1424 1543 1489 Θεὸς
1570 1423 1702 1494 ἔστη
1732 1426 1792 1477 ὲν
1825 1442 1951 1479 συν-

372 1518 565 1587 αγωγῇ
595 1515 754 1580 θεῶν,
789 1516 848 1568 ἐν
888 1515 1039 1587 μέσῳ
1079 1515 1137 1569 δὲ
1174 1516 1331 1579 θεοὺς
1359 1515 1646 1585 διακρινεῖ⁶
1681 1535 1701 1569 ι
1732 1517 1826 1569 καὶ
1854 1516 1947 1571 αῦο

371 1609 472 1670 θις·
512 1627 529 1658 ι
570 1609 780 1678 Ὥσπερ
818 1608 925 1662 εἰσὶ
977 1607 1090 1661 θεοὶ
1118 1608 1304 1661 πολλοὶ
1346 1608 1438 1661 καὶ
1473 1608 1654 1677 κύριοι
1676 1607 1882 1672 πολλοὶ,
1926 1628 1945 1660 ιι

370 1702 512 1753 κατὰ
552 1701 706 1753 ποῖον
734 1699 1051 1769 ὲξείληπται
1078 1700 1480 1770 σημαινόμενον
1505 1700 1690 1763 αὐτοῖς
1718 1700 1953 1754 ἐνταῦθα

370 1790 430 1843 τὸ
456 1790 603 1857 Θεὸς
632 1791 803 1860 ὄνομα
832 1791 927 1844 ἐπὶ
970 1790 1073 1861 τῆς
1118 1791 1416 1858 Θεοτόκου;
1455 1792 1613 1845 Κατὰ
1647 1792 1709 1844 τὸ
1737 1793 1955 1863 πρῶτον

2043 684 2144 722 nos
2176 669 2623 738 reprehensionis
2654 679 2872 739 puncta.
2901 671 3059 725 Nunc
3087 682 3269 726 autem
3301 688 3626 729 recensean-

2044 770 2135 816 tur
2161 771 2218 817 et
2268 772 2565 832 sequentes
2620 772 2818 819 vestrae
2844 764 3219 836 blasphemiae,
3250 775 3306 823 et
3343 767 3623 823 neminem

2048 853 2218 908 lateat
2247 868 2339 909 eas
2370 868 2493 908 esse
2522 854 2830 909 damnatas.

2679 1055 2831 1113 CAP.
2864 1058 2931 1112 Il.

2122 1150 2332 1205 Nomen
2368 1150 2533 1214 Deus,
2563 1149 2742 1215 aiunt,
2790 1150 2944 1204 vario
3001 1149 3164 1204 modo
3201 1150 3347 1221 apud
3381 1151 3627 1207 divinam

2054 1241 2395 1311 Scripturam
2436 1250 2735 1313 usurpatur
2766 1258 2780 1295 :
2814 1241 2967 1296 verbi
3029 1243 3222 1312 gratia,
3263 1242 3445 1298 «Unus
3482 1245 3627 1300 Deus

2049 1338 2145 1407 qui
2174 1336 2497 1406 justiﬁeabit
2542 1336 3022 1392 eircumcisionem
3056 1353 3122 1391 ex
3154 1337 3260 1391 ﬁde
3309 1347 3365 1391 et
3410 1354 3628 1408 przepu—

2054 1429 2189 1484 tium
2224 1444 2322 1499 per
2360 1428 2520 1483 iidem
2540 1437 2620 1482 υ.»
2646 1429 2710 1485 Et
2747 1444 2970 1482 rursum
3009 1447 3022 1482 :
3056 1430 3229 1483 «Deus
3255 1428 3409 1495 stetit
3440 1429 3493 1482 in
3548 1446 3631 1496 sy-

2052 1537 2262 1593 nagoga
2285 1523 2539 1586 deorum,
2558 1523 2612 1577 in
2636 1522 2817 1577 medio
2847 1531 3030 1576 autem
3051 1522 3184 1576 deos
3209 1521 3537 1591 dijudicat°.
3560 1524 3631 1579 Et

2052 1619 2239 1674 adhuc
2270 1636 2284 1672 :
2325 1636 2342 1669 ι
2379 1617 2534 1673 Sicut
2557 1627 2686 1673 sunt
2718 1618 2794 1671 dii
2828 1618 2985 1672 multi
3017 1627 3074 1673 et
3100 1616 3307 1672 domini
3341 1618 3499 1672 multi
3526 1624 3574 1671 Ρ,
3607 1638 3626 1669 ι

2052 1710 2299 1778 Quonam
2326 1726 2492 1781 porro
2517 1726 2681 1765 sensu
2707 1710 2800 1764 hic
2832 1709 3073 1764 indicato
3105 1725 3307 1764 nomen
3330 1712 3475 1765 Deus
3506 1727 3633 1765 cum

2054 1806 2234 1877 agitur
2252 1804 2319 1858 de
2350 1804 2620 1873 Deipara?
2647 1803 2789 1858 Num
2821 1803 2876 1857 in
2906 1804 3106 1874 primo,
3132 1802 3187 1858 id
3220 1814 3323 1869 est,
3356 1805 3499 1860 Deus
3538 1821 3636 1860 na-

368 1883 506 1956 ὅπερ
538 1883 656 1936 ἐστὶ
698 1885 859 1952 φύσει
903 1883 1083 1953 λέγειν
1128 1883 1293 1946 Θεὸν,
1330 1884 1363 1955 ἢ
1416 1884 1559 1938 κατὰ
1606 1885 1668 1937 τὸ
1699 1884 1954 1955 δεύτερον

2069 1909 2218 1959 :ura;
2254 1905 2349 1949 aut
2379 1895 2431 1949 in
2456 1894 2719 1959 secundo,
2756 1895 2810 1949 id
2871 1905 2952 1950 est
2989 1897 3133 1951 Deus
3173 1896 3501 1966 adoptione;
3540 1906 3636 1953 aut

372 1976 620 2029 τουτέστι
653 1976 819 2040 θέσει,
857 1976 890 2047 ἢ
924 1976 1063 2030 κατὰ
1103 1976 1163 2029 τὸ
1195 1976 1378 2047 τρίτον
1405 1976 1543 2047 ὅπερ
1572 1977 1693 2030 ἐστὶ
1731 1976 1792 2030 τὸ
1819 1976 1955 2046 ψευ-

372 2067 490 2134 δές;
527 2066 662 2123 ἀλλὰ
694 2069 834 2123 κατὰ
862 2069 923 2122 τὸ
952 2068 1202 2140 ὕστερον,
1235 2069 1338 2122 οὐκ
1386 2069 1454 2123 ἂν
1499 2069 1728 2136 εἴποιεν,
1760 2070 1881 2123 οὐδὲ
1906 2071 1958 2124 εί

373 2161 628 2230 δαίμονες
681 2160 946 2231 γένοιντο.
998 2160 1138 2214 Ἀλλ’
1198 2161 1248 2214 εί
1284 2160 1428 2215 κατὰ
1478 2161 1540 2214 τὸ
1584 2161 1832 2232 δεύτερον
1865 2163 1956 2216 λέο

374 2269 545 2321 γοιεν,
574 2254 809 2307 ῐστωσαν
838 2254 921 2307 ὅτι
952 2252 1084 2316 Θεὸς
1120 2251 1268 2305 θέσει
1300 2252 1399 2307 οὐκ
1426 2252 1677 2321 ἄγγελος,
1701 2255 1800 2307 οὐκ
1832 2253 1957 2307 ἄλο-

375 2362 471 2412 γον
510 2344 671 2408 ζῶον,
704 2344 766 2397 οῦ
809 2362 862 2397 τι
912 2343 1020 2398 τῶν
1075 2344 1392 2415 κτισμάτων
1440 2344 1637 2415 ἐλέχθη
1695 2344 1847 2415 παρὰ
1886 2347 1953 2416 τῇ

377 2436 499 2509 θείᾳ
539 2438 727 2508 Γραφῇ
778 2454 929 2491 ποτε.
970 2437 1042 2489 Ἣ
1085 2437 1502 2505 ἀνθρωποτόκον
1547 2436 1639 2491 οῦν
1678 2454 1811 2506 φασι
1855 2438 1957 2509 τὴν

380 2528 646 2599 παρθένον
673 2529 859 2598 φύσεις
887 2528 1003 2580 ἀλλ’
1025 2526 1383 2597 ἐπιλέλησμαι
1401 2528 1498 2597 τῆς
1520 2528 1835 2600 προσθήκης
1860 2526 1955 2581 τοῦ

379 2620 597 2687 κυρίως
622 2622 717 2675 καὶ
748 2620 898 2675 κατὰ
926 2619 1234 2685 ἀλήθειαν·
1269 2619 1332 2672 τὸ
1365 2618 1473 2690 γὰρ
1509 2619 1725 2687 κυρίως
1761 2618 1959 2691 παρεί-

379 2712 446 2782 λη
458 2730 588 2765 πται
614 2713 799 2775 αὐτοῖς
828 2712 923 2764 ἐπὶ
954 2709 1187 2780 δηλώσει
1216 2708 1311 2763 τοῦ
1345 2710 1506 2777 φύσει
1533 2708 1667 2763 Θεὸν
1697 2725 1959 2781 γεγεννη-

382 2803 537 2857 κέναι
562 2802 658 2874 τὴν
692 2803 988 2874 Παρθένον·
1020 2801 1136 2855 ἀλλ’
1170 2803 1218 2855 εἰ
1246 2801 1518 2872 ἐνδέχεται
1546 2799 1724 2865 τοῦτο,
1756 2800 1851 2854 καὶ
1883 2799 1958 2872 μὴ

384 2899 681 2953 ἀντίκειται
705 2900 815 2960 τοῖς
846 2899 1045 2961 κοινοῖς
1076 2896 1510 2968 ὁμολογήμασιν,
1544 2894 1762 2966 ἴδωμεν.
1796 2894 1961 2965 Ὀμο·

384 2991 601 3059 λογοῦσι
626 2990 732 3062 γὰρ
756 2990 1027 3061 ἄτρεπτον
1051 2985 1190 3043 εἶναι
1213 2988 1305 3041 τὸν
1329 2988 1462 3041 Θεὸν
1478 2987 1651 3056 Λόγον
1678 2987 1769 3040 καὶ
1798 2985 1959 3039 ἀναλ-

382 3082 604 3136 λοίωτον
634 3083 775 3136 κατὰ
804 3084 902 3154 τὴν
931 3082 1146 3137 ἔκθεσιν
1186 3081 1293 3134 τῶν
1324 3081 1517 3135 κοινῶν
1558 3081 1818 3151 Πατέρων
1857 3078 1960 3149 τῆς

387 3175 446 3225 ὲν
480 3172 685 3243 Νικαίᾳ
732 3171 877 3240 λέγω
933 3171 1172 3225 συνόδου·
1209 3170 1237 3222 ὁ
1271 3170 1329 3223 δὲ
1359 3170 1630 3241 ἄτρεπτος
1669 3170 1765 3223 καὶ
1798 3169 1961 3223 ἀναλ-

384 3263 627 3328 λοίωτος,
656 3263 780 3317 οὔτε
813 3262 1012 3335 χείρων
1037 3262 1234 3316 ἑαυτοῦ
1263 3263 1577 3333 γενήσεται,
1617 3260 1741 3314 οὕτε
1769 3260 1957 3331 κρείτ-

384 3373 515 3419 των,
537 3355 652 3410 ἀλλ’
678 3356 766 3410 ἀεὶ
795 3354 937 3410 κατὰ
966 3356 1026 3409 τὸ
1056 3354 1187 3409 αὐτὸ
1222 3354 1394 3426 μένει,
1432 3354 1506 3424 μὴ
1554 3353 1957 3424 ἀλλοιούμενος,

388 3449 556 3510 ἀΐδιος
582 3447 675 3502 ὢν·
703 3450 794 3502 καὶ
820 3448 1076 3502 οὐδέποτε
1100 3448 1198 3501 οὐκ
1238 3448 1336 3512 ὣν,
1374 3448 1552 3517 ἀρχὴν
1584 3446 1680 3499 τοῦ
1719 3442 1860 3500 εἷναι
1890 3445 1965 3517 μὴ
1998 3472 1999 3475 η

387 3538 700 3609 δεξάμενος·
739 3539 1065 3608 θεασώμεθα
1092 3540 1223 3609 γοῦν
1256 3540 1305 3592 εἰ
1336 3538 1410 3611 μὴ
1444 3538 1597 3592 λύσει
1620 3538 1873 3610 γέννησις
1903 3541 1968 3592 ὲκ

390 3631 645 3699 γυναικὸς
679 3632 1131 3706 κατηγορουμένη
1167 3632 1262 3686 τοῦ
1291 3632 1427 3686 Θεοῦ
1449 3630 1626 3701 Λόγου
1656 3630 1771 3701 ἢτὸ
1799 3630 1968 3685 ἀΐδιον

392 3723 579 3788 αὐτοῦ,
618 3723 651 3794 ἦ
678 3723 739 3777 τὸ
788 3723 1168 3791 ἀναλλοίωτον,
1205 3724 1301 3778 καὶ
1333 3723 1565 3778 καθόλου
1599 3723 1669 3777 τὰ
1699 3723 1972 3794 προσόντα

392 3815 543 3886 αὐτῷ
589 3816 683 3869 καὶ
723 3815 1134 3887 ὁμολογούμενα
1168 3817 1294 3886 παρ’
1322 3815 1482 3887 ἡμῶν
1508 3814 1709 3880 κοινῶς
1739 3815 1814 3879 ὡς
1848 3814 1970 3887 Θεῷ

395 3910 489 3963 καὶ
514 3909 622 3962 τῶν
662 3908 936 3964 ἁπάντων.

462 4082 579 4136 Νῦν
622 4083 724 4136 οὐκ
770 4084 835 4136 ὲκ
881 4082 976 4136 τοῦ
1014 4084 1090 4154 μὴ
1126 4082 1375 4147 πολλοὺς,
1425 4083 1542 4137 ἀλλ’
1582 4084 1647 4137 ὲκ
1680 4082 1776 4137 τοῦ
1840 4084 1974 4156 μηδὲ

394 4175 489 4229 τὸν
517 4174 612 4228 ἕνα
636 4174 797 4227 αὐτὸν
825 4174 917 4226 τὸν
952 4175 1213 4244 τεχθέντα
1258 4177 1465 4245 κυρίως
1495 4170 1635 4229 εἶναι
1658 4175 1813 4243 Θεὸν,
1841 4176 1975 4232 ἀνα-

398 4265 621 4335 τρέπειν
648 4266 748 4338 τὴν
786 4266 878 4319 ἐπὶ
912 4268 1010 4336 τῆς
1052 4266 1212 4335 ἁγίας
1257 4266 1537 4337 Παρθένου
1579 4266 1677 4339 τὴν
1703 4269 1805 4337 τῆς
1844 4268 1976 4323 Θεο-

396 4360 556 4413 τᾶκου
586 4358 769 4429 φωνῆς
795 4358 1004 4412 ἔννοιαν
1042 4359 1246 4429 κυρίως
1275 4354 1440 4413 οὖσαν
1466 4360 1562 4413 καὶ
1586 4359 1801 4430 ἀληθῶς
1824 4360 1979 4430 λεγο-

403 4450 591 4520 μένην,
636 4449 990 4519 ἐτολμήσατε.
1030 4449 1105 4503 Τὸ
1133 4451 1242 4521 γὰρ
1276 4450 1420 4517 Θεὸς
1449 4450 1644 4521 ΰνομα.
1676 4452 1980 4522 ὁμωνύμως

400 4541 692 4610 λεγόμενον
725 4541 816 4593 ἐπὶ
848 4542 1118 4612 διαφόρων
1145 4540 1303 4594 τινῶν
1334 4545 1399 4613 τῇ
1433 4542 1596 4614 οὐσία
1629 4544 1980 4614 παραγαγόν-

2057 1991 2112 2045 in
2141 1990 2305 2046 tertio
2341 1991 2435 2060 qui
2469 1998 2553 2045 est
2569 1990 2737 2044 falsus
2764 1990 2786 2043 *ί
2811 1989 2917 2044 Sed
2943 1990 2998 2043 in
3028 1998 3311 2060 postremo
3348 2006 3635 2061 nunquam

2057 2081 2331 2143 dicerent,
2366 2095 2437 2133 ne
2465 2079 2512 2133 si
2561 2078 2838 2133 daemones
2874 2078 3096 2147 quidem
3145 2088 3352 2134 essent.
3382 2079 3537 2146 Quod
3589 2080 3635 2135 si

2056 2171 2113 2224 in
2150 2168 2393 2224 secundo
2424 2167 2693 2230 dicerent,
2727 2169 2903 2224 sciant
2932 2169 3101 2222 Deum
3148 2168 3445 2237 adoptione
3491 2186 3636 2225 nun-

2057 2272 2219 2327 quam
2240 2270 2420 2324 ncquc
2442 2254 2715 2325 angelum,
2747 2270 2925 2323 neque
2956 2256 3276 2310 irrationale
3300 2257 3521 2323 animal,
3542 2274 3640 2313 ne-

2056 2364 2162 2417 que
2187 2348 2351 2402 ullam
2415 2363 2483 2400 ex
2517 2346 2788 2400 creaturis
2812 2345 3139 2400 allirmatum
3174 2347 3343 2403 fuisse
3374 2348 3429 2402 in
3450 2347 3637 2404 divina

2055 2440 2365 2510 Scriptura.
2386 2439 2528 2493 Num
2557 2437 2725 2507 igitur
2748 2437 3058 2491 inhominis
3091 2438 3415 2508 genitricem
3443 2438 3640 2493 dicunt

2056 2529 2381 2600 Virginem?
2417 2527 2525 2583 Sed
2560 2526 2858 2581 obliviscor
2872 2525 3026 2579 verbi
3055 2528 3266 2597 proprie
3280 2535 3336 2581 et
3358 2528 3636 2583 veraciter.

2056 2622 2192 2677 Nam
2230 2620 2463 2675 verbum
2489 2620 2701 2689 proprie
2722 2618 2790 2672 ab
2812 2618 2947 2687 ipsis
2976 2626 3274 2688 usurpatur
3308 2617 3377 2673 ad
3406 2617 3643 2673 demon-
3676 2684 3678 2686 τ

2058 2710 2344 2767 strandum
2381 2710 2651 2780 virginem
2672 2710 2929 2779 genuisse
2961 2710 3130 2763 Deum
3159 2718 3375 2765 natura.
3419 2709 3528 2765 Sed
3556 2711 3643 2765 vi-

2058 2803 2288 2857 deamus
2320 2811 2506 2854 utrum
2542 2799 2868 2853 admittatur
2896 2800 3030 2852 illud
3056 2808 3112 2855 et
3156 2816 3268 2855 non
3317 2801 3643 2857 adversetur

2058 2891 2447 2948 communibus
2474 2888 2764 2944 confessis.
2809 2888 3075 2944 Fatentur
3122 2890 3269 2944 enim
3302 2891 3473 2945 Deum
3504 2893 3644 2948 Ver-

2059 2987 2191 3041 bum
2231 2984 2628 3039 immutabilem
2668 2997 2788 3037 esse
2829 2990 2885 3036 et
2917 2982 3095 3037 omnis
3124 2984 3501 3039 conversionis
3545 3000 3643 3040 ex-

2058 3086 2293 3149 pertem,
2305 3076 2607 3130 secundum
2623 3075 3019 3143 expositionem
3033 3076 3405 3129 communium
3420 3077 3646 3134 Patrum

2059 3167 2280 3221 Nicena:
2300 3162 2512 3234 synodi.
2552 3161 2708 3228 Quod
2740 3161 2905 3231 igitur
2930 3170 3013 3215 est
3068 3162 3407 3219 immutabile
3433 3172 3488 3219 et
3512 3179 3648 3218 con-

2065 3256 2338 3312 versionis
2362 3269 2578 3323 expers,
2610 3269 2790 3323 neque
2824 3253 3006 3322 seipso
3044 3254 3225 3308 minor
3252 3270 3430 3324 neque
3474 3258 3652 3327 major

2068 3352 2182 3415 liet,
2216 3348 2313 3403 sed
2344 3362 2562 3417 semper
2591 3345 2734 3399 idem
2767 3352 2970 3409 manet,
3002 3360 3111 3399 non
3141 3336 3408 3411 mutatus,
3438 3362 3561 3401 cum
3580 3348 3652 3401 sit

2065 3450 2323 3505 aeternus,
2353 3446 2411 3493 et
2437 3452 2715 3506 nunquam
2738 3450 2847 3490 non
2875 3435 3164 3496 exsistens,
3188 3449 3313 3489 cum
3352 3435 3654 3501 exsistendi

2069 3533 2285 3588 initium
2315 3545 2425 3585 non
2481 3528 2777 3598 acceperit.
2837 3526 3265 3581 Consideremus
3312 3527 3482 3597 igitur
3521 3543 3655 3582 num

2069 3626 2320 3696 obiectus
2357 3621 2520 3677 Verbi
2556 3620 2653 3675 Dei
2685 3626 2880 3690 partus
2921 3633 2988 3673 ex
3045 3619 3275 3673 muliere
3316 3620 3491 3674 solvet
3539 3620 3657 3674 sive

2070 3719 2191 3789 ejus
2243 3714 2626 3777 aeternitatem,
2693 3711 2808 3767 sive
2854 3710 3374 3776 immutabilitatem,
3435 3720 3493 3766 et
3545 3729 3659 3767 uno

2071 3810 2263 3875 verbo,
2298 3805 2446 3878 quod
2494 3806 2597 3875 ipsi
2648 3803 2943 3859 essentiale
2992 3813 3095 3869 est,
3139 3803 3395 3874 quodque
3442 3804 3545 3875 ipsi
3597 3814 3659 3861 ut

2073 3907 2185 3961 Deo
2214 3902 2535 3958 attribuitur
2570 3908 2685 3955 tum
2708 3914 2741 3953 a
2768 3897 2952 3963 nobis,
2980 3906 3092 3952 tum
3120 3899 3283 3953 simul
3328 3907 3384 3954 et
3436 3900 3505 3955 ab
3529 3900 3667 3956 'om‘

2073 4000 2256 4055 nibus.

2146 4092 2304 4145 Nunc
2328 4103 2437 4142 non
2468 4101 2537 4141 ex
2567 4100 2635 4140 eo
2663 4083 2809 4153 quod
2844 4099 2952 4137 non
2983 4082 3141 4137 multi
3170 4082 3281 4137 sint;
3333 4083 3433 4149 dii,
3464 4084 3561 4139 sed
3593 4100 3671 4139 eo

2077 4184 2224 4255 quod
2253 4197 2355 4236 nec
2397 4194 2540 4234 unus
2581 4177 2698 4247 ipse
2740 4178 2961 4247 genitus
3011 4184 3067 4231 et
3095 4176 3317 4246 preprie
3364 4176 3510 4232 Deus
3565 4177 3659 4242 sit,

2078 4282 2404 4332 convertere
2429 4284 2548 4326 eam
2578 4284 2700 4338 qua:
2742 4268 2811 4323 de
2863 4277 3051 4323 sancta
3101 4268 3327 4338 Virgine
3373 4267 3519 4323 dicta
3579 4279 3667 4323 est:

2079 4366 2301 4440 proprie
2319 4372 2376 4418 et
2396 4361 2666 4417 veraciter
2720 4360 2873 4415 vocis
2931 4361 3177 4427 Deiparae
3217 4359 3496 4413 notionem
3544 4360 3665 4414 ausi

2080 4461 2236 4516 estis.
2270 4460 2481 4514 Nomen
2502 4456 2649 4511 enim
2680 4456 2825 4509 Deus
2851 4454 3057 4522 pariter
3080 4469 3187 4507 una
3211 4453 3415 4507 dictum
3448 4452 3519 4506 de
3537 4452 3666 4521 qui-

2081 4547 2315 4603 busdam
2341 4553 2536 4598 natura
2591 4541 2981 4596 differentibus
3028 4539 3466 4602 introducentes,
3498 4538 3667 4592 vultis

400 4649 512 4696 τες,
554 4632 805 4702 βούλεσθε
846 4634 902 4684 ὲν
928 4632 1103 4702 τούτῳ
1118 4650 1177 4685 τε
1199 4633 1294 4686 καὶ
1323 4634 1400 4704 τῷ
1429 4634 1680 4704 ἑπομένῳ
1711 4636 1835 4705 ἑξῆς
1856 4637 1968 4688 ὲπι-

2082 4641 2137 4694 in
2172 4638 2279 4691 hoc
2300 4638 2431 4690 etin
2458 4633 2708 4702 sequenti
2754 4640 2938 4686 vestro
2998 4630 3297 4684 tentamine
3350 4628 3665 4693 ostendere,

402 4722 696 4793 χειρήματι
744 4720 895 4791 ὑμῶν
937 4723 1229 4787 δεικνύναι,
1266 4723 1455 4795 ὥσπερ
1497 4723 1591 4777 οῦν
1639 4725 1734 4777 καὶ
1766 4726 1833 4777 δι’
1855 4726 1983 4795 ὅλης

403 4813 559 4883 ὑμῶν
599 4813 759 4885 τῆσδε
814 4814 913 4884 τῆς
955 4814 1281 4882 ὑποθέσεως,
1314 4816 1375 4868 οὐ
1412 4818 1503 4869 τὸν
1538 4814 1696 4886 φύσει
1726 4816 1858 4869 Θεὸν
1891 4817 1985 4870 ἐπὶ

404 4905 641 4978 Χριστοῦ
686 4905 977 4976 λεγόμενον
1024 4906 1330 4975 σημαίνειν,
1376 4908 1491 4960 ἀλλ’
1530 4907 1656 4961 οὐδέ
1681 4924 1801 4961 τινα
1836 4907 1985 4978 ὅμως

402 4999 512 5053 τῶν
534 4998 901 5070 ψευδωνύμως
930 4998 1237 5069 λεγομένων
1261 4999 1397 5053 θεῶν
1430 5000 1652 5073 δηλαδή·
1684 5000 1846 5054 τοῦτο
1876 5002 1985 5070 γὰρ

404 5090 501 5144 καὶ
548 5092 767 5162 δαίμοσι
816 5091 1181 5162 παραιτητέον
1233 5091 1656 5164 ὡμολογήσατε·
1710 5092 1850 5147 ἀλλὰ
1895 5091 1986 5146 τὸν

408 5188 554 5242 θέσει
584 5190 739 5255 Θεὸν,
774 5188 865 5242 διὰ
905 5188 999 5241 τοῦ
1040 5188 1243 5241 τοιοῦδε
1284 5189 1545 5258 ὀνόματος
1590 5189 1685 5242 ἐπὶ
1736 5188 1981 5259 Χριστοῦ

413 5278 789 5348 σημαίνεσθαι.
824 5279 983 5332 Θέσει
1015 5277 1071 5331 δὲ
1111 5278 1240 5340 Θεὸς
1263 5319 1277 5344 ,
1316 5277 1392 5341 ὣς
1444 5296 1602 5347 φατε,
1652 5278 1775 5332 οὔτε
1809 5280 1982 5348 ἅγγε-

408 5370 516 5434 λος,
545 5368 666 5421 οὔτε
713 5370 840 5424 ἄλλο
882 5387 935 5422 τι
970 5369 1127 5437 ζῶον,
1164 5368 1304 5441 πλὴν
1347 5370 1634 5441 ἀνθρώπου
1661 5410 1677 5435 ,
1727 5374 1793 5442 τῇ
1847 5370 1980 5441 ἁγίᾳ

411 5461 602 5531 Γραφῇ
652 5460 885 5530 εἴρηταιο
920 5460 1115 5515 οὐκοῦν
1159 5460 1219 5527 ἐξ
1248 5461 1494 5531 ἀνάγκης
1535 5462 1659 5515 καθ’
1691 5463 1857 5532 ὑμᾶς,
1885 5462 1981 5515 ἄν-

412 5551 625 5622 θρωπός
656 5568 714 5603 τε
741 5553 769 5603 ό
793 5551 1028 5621 τεχθεὶς,
1077 5551 1172 5605 καὶ
1224 5551 1637 5623 ἀνθρωποτόκος
1679 5554 1713 5624 ἡ
1747 5552 1982 5607 τεκοῦσα

411 5644 755 5714 λεχθήσεται.
796 5644 857 5696 Εἰ
909 5644 965 5698 δὲ
1015 5644 1299 5714 ἄνθρωπος
1337 5648 1365 5699 ὁ
1405 5645 1637 5717 τεχθεὶς,
1692 5646 1788 5699 καὶ
1835 5644 1982 5697 θέσει

411 5734 543 5799 Θεός
571 5752 585 5765 ’
619 5737 647 5789 ὁ
678 5735 733 5788 δὲ
765 5736 924 5805 φύσει
956 5736 1088 5801 Θεὸς
1118 5739 1443 5810 προστάττει
1468 5739 1635 5791 πᾶσιν
1675 5736 1985 5804 ἀνθρώποις

2087 4732 2229 4786 sicut
2276 4738 2332 4782 et
2364 4743 2465 4796 per
2513 4734 2683 4780 totam
2737 4725 2880 4777 hanc
2916 4732 3153 4777 vestram
3212 4722 3665 4791 propositionem,

2088 4834 2197 4873 non
2215 4825 2409 4871 natura
2440 4816 2609 4869 Deum
2636 4812 2708 4875 ,de
2748 4811 2969 4866 Christo
2996 4810 3205 4864 dictum
3247 4809 3511 4871 indicare,
3570 4808 3668 4863 sed

2086 4927 2189 4966 nec
2217 4907 2513 4979 quemdam
2569 4904 2828 4959 videlicet
2856 4917 2943 4966 ‘ex
2973 4902 3114 4955 falso
3154 4901 3320 4955 dictis
3357 4900 3507 4965 diis;
3541 4914 3669 4953 nam

2085 5004 2155 5058 ab
2182 5003 2288 5058 hoc
2303 5001 2604 5055 abhorrere
2635 4997 2801 5051 etiam
2828 4993 3063 5049 dacmoni
3099 4991 3334 5047 confessi
3357 4991 3532 5056 estis;
3572 4990 3670 5045 sed

2089 5098 2261 5151 Deum
2293 5092 2587 5162 adoptione
2615 5105 2714 5160 per
2764 5086 3075 5158 hujusmodi
3112 5100 3311 5141 nomen
3343 5085 3411 5138 de
3450 5083 3672 5139 Christo

2090 5184 2341 5241 indicari.
2395 5184 2539 5236 Deus
2593 5188 2777 5233 autem
2834 5177 3149 5246 adoptione,
3184 5185 3243 5230 ut
3308 5174 3492 5229 dicitis
3543 5174 3670 5244 ipsi,

2090 5291 2271 5347 neque
2310 5274 2557 5345 angelus,
2597 5286 2777 5341 neque
2829 5270 3003 5323 ullum
3042 5268 3242 5322 animal
3269 5276 3467 5337 prieter
3496 5267 3675 5320 homi-

2088 5386 2214 5427 nem
2239 5384 2391 5424 sacra
2423 5365 2706 5435 Scriptura
2749 5362 2931 5417 dictus
2987 5370 3093 5415 est.
3145 5360 3316 5430 Igitur
3359 5355 3673 5414 necessario

2084 5461 2395 5521 secundum
2423 5467 2665 5514 vestram
2698 5464 2958 5518 mentem,
2979 5461 3034 5509 et
3065 5453 3281 5524 genitus
3318 5450 3535 5506 dicetur
3567 5450 3671 5504 ho~

2086 5572 2181 5611 mo
2228 5564 2285 5610 et
2311 5552 2532 5623 pariens
2566 5550 2785 5604 dicetur
2816 5546 3059 5601 hominis
3085 5544 3329 5615 genitrix
3360 5562 3374 5598 :
3404 5543 3450 5598 si
3486 5548 3674 5597 autem

2084 5646 2308 5718 genitus
2336 5652 2422 5698 est
2442 5642 2625 5704 homo,
2659 5648 2742 5695 est
2766 5641 2909 5694 Deus
2928 5637 3242 5708 adoptione.
3268 5636 3438 5690 Porro
3460 5634 3550 5688 ille
3578 5632 3673 5701 qui

2088 5741 2172 5791 est
2191 5742 2391 5789 natura
2433 5730 2756 5805 Deusjubet
2785 5729 3047 5785 omnibus
3085 5726 3407 5782 hominibus
3452 5739 3520 5779 ne
3553 5739 3672 5779 sera

484 5902 513 5932 η
543 5891 703 5950 Rom.
727 5910 806 5960 nt,
836 5894 924 5951 50.
1009 5903 1033 5930 ο
1070 5895 1210 5950 Psal.
1269 5911 1447 5963 Luxu,
1482 5895 1531 5949 -Ι,
1606 5906 1633 5947 P
1664 5894 1683 5950 l
1723 5894 1850 5949 Cor.
1888 5907 2001 5957 vui,
