4006 6588
369 445 512 514 1655

1614 418 1925 514 LEONTIl
1969 449 2370 514 BYZANTINI

3506 445 3664 511 1655

368 587 521 645 viant
547 588 616 646 iis
649 590 744 662 qui
782 605 895 647 non
935 597 1067 648 sunt
1115 599 1313 648 natura
1364 590 1452 647 Dii
1491 609 1508 648 :
1554 591 1735 663 palam
1776 599 1961 647 autem

2089 591 2141 662 ιὴ
2173 591 2446 646 δουλεύειν
2480 592 2594 651 τοῖς
2622 588 2698 660 μὴ
2723 587 2883 659 φύσει
2906 583 3029 642 οὖσι
3068 586 3232 652 θεοῖς’
3264 558 3566 660 διαρρήδην
3589 589 3664 645 εδ

367 683 572 739 clamat
614 699 628 738 :
676 683 996 740 «Dominum
1023 685 1197 740 Deum
1252 694 1409 741 tuum
1448 685 1709 743 adorabis
1753 693 1811 741 et
1873 683 1954 739 illi

371 773 473 828 soli
498 775 710 832 servies
733 786 782 831 ιι.
796 795 815 828 ›
843 775 1000 832 Unde
1019 778 1272 848 sequitur
1293 793 1391 833 vos
1421 794 1534 834 non
1549 778 1782 833 adorare
1797 775 1958 832 Chri-

371 875 522 920 stum
566 882 746 938 neque
794 867 874 922 illi
921 869 1154 933 servire,
1192 884 1320 926 cum
1369 869 1464 934 sit,
1496 869 1652 939 iuxta
1710 875 1959 924 vestrum

369 970 648 1025 errorem,
675 958 975 1030 adoptione
1007 975 1118 1014 non
1144 970 1343 1016 natura
1363 961 1511 1016 Deus
1538 977 1554 1026 ;
1588 959 1686 1015 sed
1717 974 1817 1014 vos
1843 958 1962 1014 evi-

372 1047 570 1105 denter
598 1065 720 1107 esse
743 1051 1010 1122 quosdam
1034 1051 1426 1113 Antichristos.
1454 1067 1560 1108 nec
1582 1051 1758 1107 videri
1799 1049 1962 1107 Chri-

373 1143 601 1200 stianos.
625 1142 755 1209 Aut,
780 1144 827 1199 si
858 1144 964 1200 hoc
985 1143 1212 1216 quidem
1240 1143 1467 1206 timetis.
1502 1142 1800 1198 adorantes
1834 1156 1962 1197 eum

373 1231 564 1302 illique
581 1233 906 1302 servientes,
938 1245 1205 1291 creatura
1220 1233 1503 1306 cujusdam
1525 1244 1583 1288 et
1608 1231 1965 1302 anthropola-

375 1333 474 1381 tra
502 1325 771 1396 propriea
800 1327 962 1383 nobis
984 1326 1486 1398 deprehendimini.
1516 1325 1598 1380 Ne
1629 1323 1798 1394 igitur
1823 1336 1964 1392 agre

375 1412 568 1471 feratis
599 1415 669 1473 de
701 1425 902 1474 catero
932 1432 1030 1472 vos
1077 1417 1153 1472 ita
1179 1415 1401 1483 vocari;
1438 1422 1494 1471 et
1519 1413 1685 1469 talem
1709 1411 1778 1468 de
1806 1409 1968 1467 vobis

378 1509 699 1578 Opinionem
730 1519 992 1566 excutere
1019 1509 1300 1565 conamini
1325 1525 1341 1574 ;
1362 1521 1469 1563 nec
1509 1513 1708 1563 cuncta
1740 1505 1968 1560 miscete

376 1598 448 1654 ad
475 1599 963 1663 demonstrandum
992 1616 1093 1658 vos
1148 1600 1286 1657 tales
1308 1615 1418 1656 non
1440 1598 1640 1662 videri,
1677 1597 1820 1654 sicut
1855 1597 1968 1668 iam

379 1705 481 1762 per
522 1690 792 1761 plurimas
819 1700 1034 1748 vestras
1058 1690 1300 1763 prolian
1313 1689 1594 1746 orationes
1610 1686 1846 1760 probare
1878 1701 1972 1742 co-

379 1783 498 1840 nati
548 1783 707 1840 estis.

1098 1892 1252 1950 CAP.
1286 1891 1378 1949 III.

455 1982 649 2042 Omnis
685 1985 970 2058 generatio
996 1995 1130 2041 nota
1159 2001 1227 2042 ex
1280 1984 1568 2056 Scriptura
1605 1983 1816 2049 divina,
1855 1983 1972 2040 sive

383 2078 744 2136 constituitur
766 2094 933 2134 causa
964 2077 1305 2137 exsistentia
1328 2077 1479 2134 illius
1514 2077 1610 2148 qui
1642 2076 1862 2149 genitus
1891 2075 1975 2132 di-

383 2169 554 2232 citur,
617 2178 682 2225 ut
746 2169 1052 2224 «Abraham
1108 2169 1300 2241 genuit
1350 2168 1505 2224 Isaac
1539 2178 1640 2236 '5:
1697 2167 1814 2223 sive
1861 2182 1974 2224 non

385 2263 744 2320 constituitur
772 2279 938 2320 causa
984 2262 1160 2335 ipsius
1199 2261 1555 2328 exsistentia,
1617 2259 1977 2332 quemadmo~

385 2357 520 2414 dum
544 2357 840 2428 Apostolus
875 2357 1065 2428 genuit
1089 2355 1428 2422 Corinthios,
1486 2354 1790 2411 secundum
1827 2351 1977 2422 quod

389 2444 598 2501 dictum
615 2454 703 2502 est
733 2464 747 2500 :
787 2445 879 2500 «ιη
909 2444 1133 2501 Christo
1159 2444 1309 2500 enim
1338 2443 1471 2507 Jesu
1499 2457 1600 2512 per
1618 2441 1978 2512 Evangelium

389 2549 492 2606 ego
512 2550 614 2591 vos
633 2535 799 2606 genui
824 2545 902 2590 ο.»
937 2533 1234 2590 Generatio
1291 2541 1478 2588 autem
1517 2545 1639 2602 qua
1683 2538 1770 2585 est
1813 2543 1978 2583 causa

389 2631 755 2696 exsistentia,
813 2631 922 2686 alia
973 2629 1200 2701 quidem
1252 2628 1520 2685 exsistere
1566 2626 1700 2683 facit
1732 2627 1978 2698 genitum

393 2725 557 2784 simul
573 2741 701 2782 cum
722 2723 1000 2796 gignente,
1030 2723 1136 2778 alia
1159 2731 1343 2778 autem
1367 2720 1642 2792 posterius
1667 2720 1937 2776 exsistere
1963 2735 1978 2773 :

393 2818 608 2874 exsistit
638 2832 835 2888 nempe
854 2818 1002 2872 Deus
1023 2816 1262 2873 Verbum
1291 2813 1454 2870 simul
1491 2829 1616 2870 cum
1632 2814 1814 2878 Patre,
1830 2809 1986 2884 geni-

398 2920 489 2966 lus
514 2925 584 2966 ex
621 2909 741 2980 ipso
766 2925 780 2963 :
805 2909 1025 2966 exsistit
1067 2923 1203 2964 vero
1237 2917 1359 2978 post
1390 2906 1666 2962 Abraham
1727 2905 1900 2971 Isaac,
1926 2914 1987 2961 et

393 3001 476 3055 sic
507 3000 690 3070 quivis
709 2999 1052 3070 huiusmodi.
1076 2997 1373 3056 Generatio
1393 3005 1578 3053 autem
1611 3012 1735 3068 qua
1755 3012 1870 3053 non
1899 3004 1987 3053 est

393 3107 562 3152 causa
595 3091 928 3149 exsistentia
982 3091 1178 3162 geniti,
1214 3090 1320 3146 alia
1351 3089 1574 3161 quidem
1639 3089 1987 3146 demonstrat

395 3182 642 3253 genitum
695 3180 882 3252 seipse
908 3180 1221 3245 meliorem,
1255 3179 1365 3235 alia
1412 3194 1545 3236 vero
1575 3179 1820 3251 peiorem
1865 3195 1985 3234 me-

2059 683 2178 755 βοᾷ,
2208 702 2227 736 ι
2257 685 2448 755 Κυρίῳ
2481 681 2560 755 τῷ
2604 682 2724 752 Θεῷ
2771 699 2866 735 σου
2891 681 3320 752 προσκυνήσεις,
3368 681 3461 733 καὶ
3498 683 3665 754 αὐτῷ

2061 777 2208 849 μόνῳ
2234 775 2572 847 λατρεύσειςο
2602 791 2623 827 ι
2651 774 2944 828 ἀκόλουθον
2962 775 3109 845 ὑμᾶς
3132 776 3267 845 μήτε
3300 778 3664 844 προσκυνεῖν,

2067 869 2206 942 μήτε
2239 869 2528 941 λατρεύειν
2561 867 2641 938 τῷ
2683 867 2906 939 Χριστῷ
2939 867 3088 920 θέσει
3115 866 3232 920 ὄντι
3269 867 3363 919 καὶ
3393 867 3452 919 οὑ
3486 867 3664 935 φύσει

2060 961 2200 1032 Θεῷ,
2228 961 2372 1014 κατὰ
2401 960 2500 1031 τὴν
2537 959 2814 1031 ὑμετέραν
2857 957 3068 1026 πλάνην
3091 977 3104 992 ·
3150 957 3268 1012 ἀλλ’
3317 953 3458 1012 εἶναι
3505 959 3667 1027 ὑμᾶς

2062 1053 2348 1126 παρρησίᾳ
2378 1052 2530 1116 τινὰς
2565 1051 2990 1122 Ἀντιχρίστους,
3010 1051 3107 1104 κοιλ⁵
3142 1050 3218 1122 μὴ
3251 1050 3539 1120 ὑποκρίσει
3565 1051 3669 1104 60-

2063 1149 2181 1204 κεῖν
2218 1163 2278 1200 τε
2319 1144 2683 1218 Χριστιανοὺς
2726 1139 2884 1198 εἶναι.
2924 1145 2994 1196 Ἢ
3012 1144 3062 1196 εί
3107 1143 3266 1196 τοῦτο
3309 1143 3665 1204 εὐλαϐεῖσθε,

2065 1238 2500 1310 προσκυνοῦντες
2529 1237 2626 1290 καὶ
2649 1235 3006 1306 λατρεύοντες
3043 1233 3215 1305 αὐτῷ,
3257 1233 3479 1288 κτιστοῦ
3506 1251 3671 1296 τινος

2067 1328 2442 1402 προσκυνηταὶ
2492 1329 2590 1382 καὶ⁷
2630 1326 3086 1399 άνθρωπολάτραι
3139 1326 3354 1398 κυρίως
3373 1329 3512 1396 ἡμῖν
3539 1344 3669 1393 φω-

2071 1419 2396 1492 ραθήσεσθε.
2429 1417 2521 1490 Μὴ
2561 1417 2881 1490 δυσφορεϊτε
2909 1414 3003 1472 οὖν
3037 1417 3225 1471 λοιπὸν
3250 1416 3425 1480 οὕτως
3453 1418 3671 1485 ὄνομα·

2069 1512 2286 1584 ζόμενοι
2308 1551 2325 1578 ,
2355 1511 2453 1568 καὶ
2484 1510 2584 1578 τὴν
2629 1509 2888 1579 τοιαύτην
2935 1509 3066 1578 περὶ
3117 1507 3271 1579 ὑμῶν
3316 1506 3474 1572 δόξαν
3521 1509 3671 1561 άπι-

2072 1602 2313 1658 σείεσθαι
2361 1601 2715 1666 σπουδάζετεο
2750 1599 2886 1671 μηδέ
2907 1599 3089 1654 πάντα
3114 1600 3322 1652 κυκᾶτε
3354 1596 3495 1668 πρὸς
3526 1598 3673 1649 ἀπό-

2069 1694 2238 1762 δειξιν
2269 1695 2364 1749 τοῦ
2400 1694 2476 1767 μὴ
2516 1692 2751 1748 τοιοῦτοι
2778 1692 2979 1758 δοκεῖν,
3007 1690 3192 1755 καθὼς
3221 1691 3322 1762 ἥδη
3370 1691 3462 1745 διὰ
3506 1689 3674 1744 πλεί-

2069 1806 2218 1844 στων
2243 1787 2398 1861 ὑμῶν
2429 1786 2809 1860 μακρολογιῶν
2839 1785 3182 1856 ὴγωνίσασθε
3211 1784 3589 1856 παραστῆσαι.

2074 2096 2365 2170 ὑπάρξεως
2414 2095 2592 2165 αὐτῆς
2637 2093 2977 2166 καθέστηκεν
3027 2093 3177 2150 αίτία
3228 2092 3324 2149 τοῦ
3366 2093 3672 2165 λεγομένου

2073 2190 2457 2262 γεγεννῆσθαι,
2495 2183 2606 2244 οἷον
2635 2187 2928 2261 «Ἀϐραὰμ
2957 2188 3216 2260 ἐγέννησε
3264 2187 3356 2241 τὸν
3389 2188 3601 2242 Ἶσαάκ’
3640 2205 3668 2238 ν
3735 2249 3749 2256 θ

2075 2285 2109 2357 ἢ
2153 2283 2214 2338 οὑ
2243 2283 2344 2354 τῆς
2372 2279 2662 2353 ὑπάρξεως
2707 2279 2877 2351 αὐτῆς
2910 2278 3256 2349 καθέστηκεν
3285 2275 3460 2339 αίτία,
3487 2271 3605 2330 οἷον
3631 2277 3668 2329 ὁ

2087 2374 2412 2438 Ἀπόστολος
2439 2373 2696 2443 ἐγέννησε
2721 2373 2847 2436 τοὺς
2865 2369 3224 2443 Κορινθίους,
3256 2369 3398 2424 κατὰ
3424 2368 3486 2423 τὸ
3507 2371 3672 2439 signo

2081 2469 2263 2540 μένον,
2301 2486 2319 2519 ι
2343 2465 2433 2520 Ἐν
2461 2466 2568 2536 γὰρ
2598 2464 2820 2535 Χριστῷ
2859 2462 3038 2534 Ἰησοῦ
3071 2463 3160 2516 διὰ
3191 2462 3285 2516 τοῦ
3330 2459 3673 2531 Εὑαγγελίου

2079 2557 2190 2628 ἐγὼ
2212 2559 2357 2629 ὑμᾶς
2388 2557 2678 2628 ἐγέννησα.
2711 2576 2729 2609 ι
2759 2555 2871 2628 Τῆς
2886 2555 2942 2608 δέ
2967 2554 3145 2618 αἰτίας
3166 2554 3264 2608 τοῦ
3281 2548 3422 2608 εἶναι
3453 2553 3676 2624 γινομέ-

2079 2668 2178 2723 νης
2201 2649 2490 2720 γενέσεως,
2516 2651 2550 2722 ἠ
2586 2649 2684 2720 μὲν
2727 2647 3093 2720 συνυπάρχειν
3130 2650 3276 2700 ποιεῖ
3305 2646 3368 2699 τὸ
3387 2645 3674 2716 γεννώμε-

2080 2760 2170 2798 νον
2194 2741 2272 2813 τῷ
2295 2741 2574 2812 γεννῶντιο
2604 2742 2640 2812 η
2670 2740 2727 2793 δὲ
2759 2739 3160 2811 μεθυπάρχειν.
3190 2737 3538 2809 Συνυπάρχει
3569 2737 3673 2808 μὲν

2079 2833 2190 2905 γὰρ
2217 2835 2246 2888 ό
2275 2833 2409 2897 Θεὸς
2428 2831 2600 2902 Λόγος
2626 2831 2704 2902 τῷ
2730 2831 2906 2904 Πατρὶ
2926 2831 3206 2901 γεννηθεὶς
3233 2830 3293 2896 ἐξ
3312 2829 3498 2884 αὑτοῦ·
3535 2828 3672 2899 μεθ-

2083 2927 2325 2998 υπάρχει
2380 2926 2436 2979 δέ
2474 2923 2569 2978 τοῦ
2629 2923 2882 2996 Ἀϐραάμ
2909 2925 2938 2975 ὁ
2987 2923 3174 2978 Ἰσαὰκ
3207 2923 3304 2976 καὶ
3329 2923 3463 2986 εἴτις
3488 2919 3672 2974 τοιοῦο

2082 3034 2194 3084 τος⁶
2229 3019 2329 3089 τῆς
2355 3018 2411 3072 δὲ
2449 3017 2525 3089 μὴ
2556 3016 2649 3070 τοὺ
2677 3012 2816 3070 εἶναι
2852 3016 3147 3086 γινομένης
3182 3015 3364 3078 αἰτίας
3405 3012 3499 3067 τοῦ
3539 3029 3674 3080 γεν-

2083 3112 2353 3183 νωμένου,
2386 3111 2421 3181 ὴ
2459 3110 2557 3181 μὲν
2595 3109 2886 3180 κρείττονα
2919 3108 3115 3162 ἑαυτοῦ
3149 3107 3392 3161 δείκνυσι
3426 3106 3520 3159 τὸν
3545 3123 3674 3175 γεν-

2086 3205 2350 3276 νώμενον,
2398 3205 2431 3273 ἡ
2490 3200 2548 3255 δὲ
2607 3201 2853 3272 χείροναο
2909 3200 3004 3255 καὶ
3056 3199 3346 3271 κρείττονα
3401 3197 3522 3270 μὲν,
3557 3193 3674 3252 οἷον

395 3274 596 3330 liorem
643 3272 893 3344 quidem,
927 3280 990 3328 ut
1047 3291 1066 3326 ι
1102 3271 1383 3345 Quotquot
1427 3281 1610 3327 autem
1653 3280 1985 3342 receperunt

2092 3321 2110 3356 ι
2135 3271 2290 3353 “fleet
2312 3297 2369 3351 δὲ
2390 3271 2582 3350 ἔλαϐον
2608 3271 2791 3358 αὑτὸν,
2818 3293 3016 3347 ἔδωκεν
3037 3293 3221 3355 αὑτοῖς
3247 3292 3494 3357 ἐξουσίαν
3507 3291 3673 3344 τέκνα

397 3383 547 3433 eum,
581 3366 736 3422 dedit
758 3366 843 3422 eis
885 3372 1215 3436 potestatem
1247 3365 1392 3421 filios
1423 3365 1516 3420 Dei
1544 3364 1688 3431 fieri,
1726 3364 1824 3435 qui
1872 3380 1984 3419 non

395 3473 466 3515 ex
485 3457 870 3530 sanguinibus,
895 3472 1078 3527 neque
1099 3473 1170 3512 ex
1187 3457 1468 3513 voluntate
1486 3457 1691 3522 carnis,
1715 3471 1896 3527 neque
1918 3471 1986 3512 ex
2055 3483 2063 3491 -

397 3554 684 3611 voluntate
711 3552 853 3618 viri,
887 3551 986 3607 sed
1009 3566 1078 3607 ex
1127 3551 1238 3607 Deo
1265 3550 1382 3606 nati
1435 3559 1564 3606 sunt
1591 3550 1611 3589 ί
1632 3568 1678 3605 ,ι
1741 3551 1988 3622 peiorem

397 3661 553 3710 vero,
577 3655 640 3702 ut
673 3644 992 3702 «Genimina
1013 3644 1349 3715 viperarum,
1383 3643 1511 3714 quis
1559 3643 1720 3700 vobis
1763 3643 1992 3699 demon—

398 3739 597 3797 stravit
619 3737 810 3810 fugere
825 3753 856 3794 a
871 3748 1106 3794 ventura
1123 3738 1202 3794 ira
1224 3745 1253 3775 ι
1269 3739 1321 3792 2»
1350 3736 1666 3794 Secundum
1693 3751 1991 3807 quamnam

401 3832 570 3904 igitur
604 3829 1014 3903 generationem
1063 3830 1310 3901 genitum
1351 3829 1523 3885 fuisse
1549 3829 1721 3885 Deum
1747 3829 1992 3886 Verbum

399 3941 470 3984 ex
490 3925 723 3981 muliere
761 3923 996 3980 dicunt?
1026 3923 1221 3981 Utrum
1251 3923 1557 3980 secundum
1581 3938 1704 3978 eam
1749 3938 1872 3994 qua
1900 3923 1994 3977 dat

399 4017 780 4074 exsistentiam
829 4016 1060 4087 genito?
1093 4015 1235 4086 Ergo
1286 4031 1395 4071 non
1441 4025 1683 4072 aternus
1732 4024 1819 4072 est
1850 4016 1996 4071 Deus

402 4107 673 4165 Verbum.
700 4108 862 4164 Nulla
895 4109 1044 4163 enim
1070 4109 1197 4164 talis
1218 4108 1504 4179 generatio
1536 4108 1693 4164 novit
1732 4109 1995 4180 praexsi-

405 4207 555 4256 stere
583 4199 830 4270 genitum
841 4199 1087 4270 gignenti
1120 4215 1136 4253 :
1159 4199 1308 4269 quod
1331 4206 1516 4253 autem
1531 4214 1643 4254 non
1666 4197 2000 4269 praexsistit

404 4291 663 4362 cuiquam
689 4304 799 4345 non
819 4299 1048 4353 aterno,
1082 4305 1195 4345 non
1241 4298 1326 4344 est
1351 4298 1642 4345 aeternum.
1674 4289 1833 4357 Quod
1894 4290 1999 4344 im-

405 4384 563 4455 pium
585 4391 674 4439 est
693 4382 880 4439 dicere
901 4383 970 4438 de
997 4383 1110 4438 Deo
1162 4382 1365 4439 Verbo.
1401 4381 1508 4438 Sed
1531 4383 1724 4438 dicunt
1752 4382 1999 4454 genitum

409 4477 586 4533 fuisse
618 4475 928 4532 secundum
952 4475 1102 4530 illam
1138 4473 1547 4546 generationem
1571 4491 1696 4545 qua
1737 4490 1851 4530 non
1908 4475 2002 4530 dat

407 4569 596 4640 genito
619 4570 1023 4625 exsistentiam.
1050 4568 1223 4639 Igitur
1245 4567 1530 4623 variahilis
1555 4568 1702 4623 Deus
1728 4568 1998 4634 Verbum,

2088 3392 2224 3448 Θεοῦ
2260 3390 2537 3461 γενέσθαιο
2571 3386 2620 3440 οἳ
2651 3386 2750 3440 οὑκ
2803 3386 2862 3450 ἐξ
2896 3385 3165 3457 αἱμάτων,
3190 3384 3311 3439 οὑδὲ
3339 3386 3404 3438 ἐκ
3436 3382 3677 3455 θελήμα-

2088 3505 2182 3552 τος
2219 3484 2444 3554 σαρκὸς,
2477 3481 2597 3535 οὑδὲ
2627 3482 2690 3533 ἐκ
2724 3480 3028 3551 θελήματος
3062 3478 3274 3550 ἀνδρὸς,
3310 3477 3426 3530 ἀλλ’
3449 3479 3514 3532 ἐκ
3537 3477 3675 3531 Θεοῦ

2090 3579 2480 3650 ἐγεννήθησαν·
2505 3594 2523 3627 ›
2539 3573 2758 3646 χείρονα
2781 3573 2859 3636 δὲ,
2884 3567 3016 3626 οἷον·
3044 3591 3062 3624 ι
3085 3569 3408 3642 Γεννήματα
3430 3570 3676 3641 ἐχιδνῶν,

2090 3672 2172 3735 τίς
2211 3672 2339 3742 ὑμῖν
2387 3667 2659 3734 ὑπέδειξιν
2709 3667 2905 3735 φυγεῖν
2938 3663 3046 3718 άπὸ
3093 3662 3196 3733 τῆς
3249 3661 3547 3735 μελλούσης
3585 3663 3680 3734 ὁρ-

2092 3767 2230 3837 γῆς;
2263 3784 2282 3817 ι
2302 3765 2444 3819 κατά
2466 3763 2624 3818 ποίαν
2645 3758 2738 3816 οὖν
2761 3758 3016 3832 γέννησιν
3039 3758 3401 3830 γεγεννῆσθαι
3423 3760 3515 3813 τὸν
3545 3759 3680 3812 Θεὸν

2101 3858 2277 3927 Λόγον
2307 3857 2373 3911 ἐκ
2399 3855 2657 3926 γυναικός
2690 3871 2856 3924 φασι;
2879 3853 3020 3907 κατὰ
3043 3853 3144 3920 τὴν
3172 3853 3233 3905 τὸ
3260 3847 3400 3905 εἶναι
3427 3850 3680 3904 διδοῦσαν

2095 3949 2176 4021 τῷ
2227 3949 2582 4020 γεννωμένῳ;
2639 3945 2852 4000 Οὐκοῦν
2896 3945 2998 3998 οὑκ
3052 3944 3226 4006 ἀΐδιος
3255 3945 3284 3996 ὁ
3313 3941 3450 4006 Θεὸς
3484 3941 3678 4009 Λόγοςο

2097 4043 2330 4114 οὐδεμία
2356 4040 2465 4112 γὰρ
2492 4037 2720 4109 τοιαύτη
2752 4037 3010 4106 γέννησις
3037 4034 3417 4106 προϋπάρχειν
3446 4029 3556 4086 οἶδε
3583 4030 3682 4086 τὸν

2097 4134 2440 4205 γεννώμενον
2467 4130 2562 4186 τοῦ
2592 4131 2911 4200 γεννῶντοςο
2937 4128 2998 4182 τὸ
3027 4127 3084 4181 δὲ
3111 4127 3186 4199 μὴ
3212 4123 3567 4200 προῦπάρχον
3586 4122 3681 4178 τοῦ

2104 4228 2180 4300 μὴ
2211 4226 2404 4294 ἀϊδίου,
2435 4224 2535 4279 οὑκ
2577 4223 2779 4276 ἀΐδιον·
2810 4221 2964 4292 ,ὅπερ
3000 4217 3196 4282 ἀσεϐὲς
3239 4218 3422 4286 λέγειν
3461 4215 3560 4271 ἐπὶ
3587 4214 3682 4268 τοῦ

2101 4322 2235 4377 Θεοὺ
2266 4323 2466 4390 Λόγου.
2514 4317 2676 4372 Ἀλλὰ
2729 4314 2870 4369 κατὰ
2906 4315 3007 4386 τὴν
3061 4311 3226 4385 μὴτὸ
3268 4307 3410 4365 εἶναι
3434 4308 3684 4364 διδοῦσαν

2100 4414 2180 4484 τῷ
2213 4410 2538 4483 γεννωμένῳ
2581 4409 2714 4478 φασὶ
2755 4405 3142 4478 γεγεννῆσθαιο
3172 4404 3408 4476 τρεπτὸς
3428 4400 3636 4456 οὑκοῦντ
3658 4403 3687 4456 ὁ

2104 4507 2236 4571 Θεὸς
2256 4505 2449 4576 Λόγος,
2480 4503 2576 4558 καὶ
2603 4503 2707 4556 οὑκ
2733 4498 3115 4562 ἀναλλοίωτος·
3138 4497 3258 4552 ἐπεὶ
3276 4498 3430 4551 πᾶσα
3462 4494 3687 4565 τοιαύτη

2106 4599 2382 4670 γέννησις,
2412 4595 2447 4668 ἢ
2477 4595 2763 4667 κρείττονα
2788 4592 2823 4665 ἢ
2860 4593 3080 4664 χείρονα
3100 4589 3342 4644 δείκνυσι
3368 4588 3462 4641 τὸν
3490 4585 3692 4654 γεννώε-

407 4671 466 4720 et
524 4661 1044 4726 non'immutabilis,
1058 4675 1183 4717 cum
1201 4676 1544 4732 quaecunque
1571 4661 1697 4717 talis
1717 4661 1986 4734 generatic

2112 4657 2295 4763 μενού-
2429 4657 2487 4743 δὲ
2518 4657 3100 4760 ,κρείττων-ηῄχείρων
3144 4679 3346 4736 ἐαυτοῦ
3379 4679 3690 4749 γινόμενος.

409 4753 528 4811 sive
546 4754 830 4810 meliorem
848 4753 966 4808 sive
1001 4753 1246 4824 peiorem
1302 4753 1546 4823 prabeat
1592 4753 1860 4825 genitum.
1900 4752 2003 4819 Qui

409 4855 598 4901 autem
627 4845 690 4899 fit
711 4845 895 4916 seipse
925 4845 1121 4901 melior
1137 4844 1223 4900 vel
1276 4845 1450 4916 peior,
1479 4843 1528 4900 is
1566 4845 1853 4900 evidenter
1907 4861 2008 4916 per

421 4938 568 4992 hanc
597 4938 961 4993 mutationem
988 4937 1340 4993 convincitur
1367 4951 1490 4993 esse
1510 4937 1797 4992 mutabilis
1819 4945 1876 4992 et
1903 4953 2002 4992 va-

412 5029 715 5086 riabilis.Si
740 5038 926 5086 autem
947 5046 1059 5086 non
1085 5029 1369 5086 mutabilis
1395 5030 2004 5099 DeusVerbum,neque

412 5138 526 5178 non
558 5123 994 5192 aternus,igitur
1022 5137 1133 5178 non
1157 5121 1380 5192 proprie
1397 5129 1454 5177 et
1483 5121 1786 5177 secundum
1801 5123 2007 5176 verita-

417 5225 526 5269 tem
543 5224 878 5272 natusestex
890 5215 1142 5280 muliere,
1162 5230 1342 5286 neque
1355 5215 1582 5270 omnino
1592 5215 2008 5286 eiuspradicari

417 5317 602 5380 potest
649 5309 934 5380 generatio
962 5325 1030 5365 ex
1063 5309 1315 5374 muliere,
1342 5309 1408 5364 ad
1438 5309 1738 5378 Scriptura
1759 5324 2001 5365 sensum.

495 5399 680 5455 Multis
707 5402 1005 5457 verborum
1029 5400 1516 5457 substitutionihus
1535 5409 1591 5455 et
1619 5401 2016 5458 sententiarum

421 5489 824 5545 mutationibus
854 5490 1027 5546 latere
1072 5499 1370 5556 conantes,
1411 5491 1673 5562 perfacile
1707 5501 1887 5548 tamen
1907 5493 2014 5546 im-

427 5582 650 5654 pietatis
675 5582 756 5636 rei
791 5581 1296 5652 deprehendimini.
1340 5582 1472 5638 Esto
1503 5584 1649 5638 enim
1712 5583 1850 5639 alios
1893 5599 2015 5639 esse

423 5676 527 5732 hos
542 5676 964 5749 generationum
987 5675 1177 5732 modos
1202 5683 1259 5731 et
1282 5676 1417 5731 alias
1448 5691 1638 5732 eorum
1673 5691 2017 5747 consequen-

427 5767 534 5828 tiae
555 5811 574 5838 ,
605 5769 917 5826 utdixistis.
973 5767 1079 5824 Sed
1115 5769 1265 5839 quod
1294 5784 1443 5824 nunc
1484 5785 1515 5824 a
1539 5770 1695 5826 vobis
1724 5784 1824 5825 nos
1864 5785 2016 5842 qua-

502 5925 716 5983 cIbant.
735 5943 812 5993 v1,
837 5926 938 5996 15;
971 5926 1261 5993 Matth.tv,
1293 5925 1381 5981 l0.
1423 5937 1446 5968 ι
1473 5925 1612 5982 Gen.
1641 5943 1768 5993 xxv,
1821 5925 1908 5983 l9.
1964 5933 1988 5962 ⁸
2025 5924 2195 5981 lCor.
2221 5940 2295 5991 tv,
2337 5920 2423 5978 lii.

2107 4779 2198 4837 διὰ
2224 4781 2326 4852 τῆς
2349 4779 2565 4835 τοιᾶσδε
2595 4775 2902 4850 μεταϐολῆς
2945 4773 3188 4846 δηλονότι
3209 4771 3442 4843 τρεπτὸς
3473 4770 3694 4840 ἐλέγχε-

2106 4893 2200 4930 ται
2229 4875 2307 4930 ὦν
2343 4876 2438 4929 καὶ
2470 4871 2785 4934 ἀλλοιωτός.
2811 4871 2873 4924 El
2904 4869 2959 4923 δὲ
2995 4869 3058 4922 οὑ
3091 4866 3325 4939 τρεπτδς
3362 4867 3392 4919 ὁ
3419 4864 3556 4927 Θεὸς
3589 4864 3695 4917 Λό-

2108 4983 2226 5037 γος,
2252 4965 2378 5020 οὑτε
2406 4967 2509 5020 οὑκ
2545 4965 2739 5026 ἀΐδιος.
2766 4963 2866 5017 οὑκ
2892 4962 3001 5034 ἄρα
3030 4960 3230 5031 κυρίως
3259 4958 3356 5013 καὶ
3390 4956 3532 5012 κατὰ
3561 4956 3695 5028 ἀλήτ-

2110 5062 2262 5114 θειαν
2287 5059 2552 5131 ἐγεννήθη
2572 5058 2637 5110 ἐκ
2663 5055 2940 5127 γυναικὸς,
2972 5054 3093 5108 οὑδὲ
3109 5055 3246 5116 ὅλως
3263 5049 3696 5120 κατηγορεῖσθαι

2110 5154 2335 5207 δύναται
2390 5153 2642 5223 γέννησις
2692 5151 2757 5204 ἐκ
2803 5147 3083 5219 γυναικὸς,
3113 5145 3254 5200 κατὰ
3275 5143 3376 5214 τὴν
3405 5141 3695 5214 Γραφικὴν

2122 5246 2387 5300 διάνοιαν.

2185 5402 2420 5466 Πολλαῖς
2468 5402 2828 5473 άντεμδολαῖς
2865 5399 3040 5469 λόγων
3081 5398 3177 5453 καὶ
3225 5395 3546 5452 άτλλοιὼσεσι
3574 5413 3697 5466 νοη-

2113 5495 2307 5564 μάτων
2331 5493 2615 5548 λανθάνειν
2642 5491 2998 5563 πειρώμενοι,
3025 5490 3173 5559 ὃμως
3198 5487 3486 5540 ἁλίσκεσθε
3519 5487 3695 5556 ῥᾷστα

2115 5586 2216 5657 τὴν
2242 5586 2521 5660 άσέόειαν.
2561 5586 2745 5638 Ἔστω
2773 5584 2883 5654 γάρ
2925 5581 3145 5653 ἐτέρους
3171 5576 3312 5633 εἶναι
3343 5577 3530 5631 τούσδε
3571 5577 3696 5648 τρό-

2121 5695 2255 5741 πους
2295 5677 2402 5730 τῶν
2432 5678 2758 5748 γεννήσεων,
2792 5676 2886 5728 καὶ
2914 5674 3077 5745 ἐτερα
3107 5673 3176 5726 τὰ
3211 5671 3422 5734 τούτοις
3449 5667 3692 5740 παρεπόο

2124 5787 2283 5842 μενα,
2311 5767 2388 5832 ὡς
2414 5769 2696 5840 εἰρήκατεο
2719 5766 2855 5821 ἀλλὰ
2889 5765 2950 5818 τὸ
2974 5765 3069 5819 νῦν
3090 5765 3224 5836 ἡμῖν
3253 5763 3584 5834 ζητούμενον
3614 5760 3692 5823 εἰς

2503 5923 2521 5960 ⁸
2556 5920 2716 5978 Joan.
2743 5937 2782 5991 ι,
2817 5923 2905 5990 12,
2942 5921 3029 5978 15.
3100 5931 3128 5960 ιι
3153 5917 3349 5974 Matth.
3386 5930 3466 5983 ιιι,
3495 5914 3552 5970 7.
