4006 6536
281 452 417 517 1657

1236 455 1648 519 ADVERSUS
1687 456 2316 524 NESTORIANOS.—
2343 466 2491 528 LIB.
2532 466 2645 531 IV.

3432 474 3575 539 1658

274 539 553 606 ἀπόδειξιν
575 539 705 613 παρ’
732 540 884 612 ὑμῶν
914 542 1052 606 ἑστι,
1087 541 1136 597 εί
1161 542 1377 614 ἀληθῶς
1410 544 1477 597 οὺ
1511 544 1738 599 δυνατὸν
1764 545 1860 601 ἕνα

1983 548 2139 604 imus
2167 551 2219 603 in
2253 551 2810 624 demonstrationem,
2833 556 2970 615 illud
2992 569 3081 617 est
3115 561 3357 634 :Nempe
3389 575 3576 623 utrum

273 632 398 688 τινὰ
420 633 625 688 καὶτὸν
642 633 805 687 αὐτὸν
834 633 1016 698 καθὼς
1042 634 1203 706 ἡμεῖς
1232 652 1411 705 φαμεν
1442 632 1727 699 δόο⁸τινὰς
1747 653 1869 705 γεν-

274 726 462 798 νήσεις
492 724 700 779 τούτων
734 725 916 779 αὐτῶν
945 725 1053 779 τῶν
1090 725 1363 797 διαφόρων
1401 728 1714 798 γεννήσεων
1768 727 1871 797 ὑφ-

285 815 561 879 ίστασθαι,
592 816 677 871 ἵνα
703 817 801 871 καὶ
834 820 947 880 τοῖς
977 816 1265 889 ἑπομένοις
1315 819 1561 890 ἑκατέρα
1588 819 1698 873 τῶν
1743 838 1871 890 γεν-

276 910 487 981 νὴσεων
507 908 1143 985 γνωρίζηταιΣκεπτέον
1163 913 1271 980 γὰρ
1293 913 1373 965 ὅτι
1397 912 1605 966 ἐθνικοὶ
1628 913 1871 968 πλεῖστοι

275 1001 383 1054 τῶν
417 1001 475 1053 ὲν
503 999 724 1072 Χριστῷ
762 1001 940 1073 Ἰησοῦ
972 1001 1061 1055 διὰ
1108 1002 1449 1072 Εὑαγγελίου
1507 1004 1612 1059 ὑπὸ
1652 1003 1869 1058 Παύλου

276 1092 667 1164 γεννηθέντων,
721 1094 1116 1164 προγεγονότες
1157 1090 1299 1167 ἦσαν
1349 1098 1524 1152 αὑτοῦ
1574 1101 1718 1155 κατὰ
1770 1099 1869 1171 τὴν

279 1186 551 1256 σαρκικὴν
586 1185 839 1255 γέννησιν
880 1186 1342 1258 ὠμολογημένως·
1404 1186 1515 1263 ἆρα
1563 1186 1657 1247 οῦν
1714 1194 1811 1263 οὑχ
1839 1193 1868 1246 ό

278 1278 445 1342 αὐτὸς
483 1273 624 1331 εἶναι
650 1278 866 1345 λέγοιτό
897 1296 983 1344 τις
1010 1280 1119 1334 τῶν
1160 1282 1379 1336 ἐκείνου
1414 1284 1698 1357 μαθητῶν,
1730 1303 1869 1357 προ-

277 1370 417 1426 εῖναί
474 1388 535 1424 τε
569 1371 662 1424 τοῦ
700 1370 830 1425 ἰδίου
872 1372 1077 1443 πατρὸς
1122 1375 1216 1427 καὶ
1256 1374 1587 1429 διδασκάλου
1624 1377 1863 1441 Παύλου,

276 1462 374 1517 καὶ
409 1465 648 1535 μετεῖναι
678 1462 1124 1536 μαρτυρούμενος
1156 1465 1348 1534 τοῦδες
1382 1469 1491 1531 πᾶς
1525 1469 1624 1540 μὲν
1659 1468 1753 1524 οῦν
1776 1486 1865 1533 τις

276 1556 605 1627 όμολογήσοι
630 1595 646 1620 ,
676 1556 752 1621 ὠς
789 1550 964 1627 οἶμαι·
1001 1557 1140 1612 ἀλλὰ
1191 1559 1315 1613 κατ’
1342 1560 1470 1615 ἄλλο
1500 1562 1594 1616 καὶ
1623 1562 1751 1616 ἄλλο
1772 1561 1867 1616 τὸν

276 1649 442 1704 αὐτὸν
484 1647 578 1703 τοῦ
609 1648 775 1703 αὐτοῦ
808 1650 1187 1723 προϋπάρχειν
1239 1668 1301 1707 τε
1360 1654 1452 1707 καὶ
1492 1654 1866 1727 μεθυπάρχειν

277 1744 415 1815 ἐρεῖ·
447 1742 542 1797 καὶ
591 1742 699 1814 γὰρ
732 1742 926 1807 ὅντως,
972 1742 1048 1807 ὡς
1080 1743 1270 1815 ἔφητε,
1323 1746 1466 1799 κατὰ
1491 1746 1589 1816 τὴν
1604 1747 1697 1800 τοῦ
1724 1744 1864 1802 εἶναι

278 1834 550 1903 γέννησιν,
575 1834 975 1906 προϋπάρχειν·
1018 1836 1160 1891 κατὰ
1194 1837 1253 1890 δὲ
1282 1839 1381 1908 τὴν
1411 1840 1491 1904 εἰς
1513 1839 1574 1894 τὸ
1615 1839 1864 1910 Εὐαγγέ-

278 1926 391 1981 λιον
418 1926 694 1998 γέννησιν,
729 1928 1122 2000 μεθυπάρχειν·
1154 1931 1358 1997 ὁμοίως
1384 1932 1443 1986 δὲ
1491 1934 1586 1987 καὶ
1636 1934 1705 1989 τὰ
1748 1950 1871 2003 γεν-
1896 1910 1946 1971 Β

278 2020 500 2090 νήματα
522 2018 630 2072 τῶν
658 2017 903 2089 ἐχιδνῶν,
928 2022 979 2073 οἱ
1004 2021 1113 2075 ἀπὸ
1142 2022 1244 2092 μὲν
1262 2024 1357 2076 τοῦ
1404 2024 1654 2095 Ἀϐραὰμ
1683 2024 1872 2090 ἔθνους

280 2108 424 2161 κατὰ
455 2108 658 2179 σάρκα,
689 2110 800 2173 τοῖς
835 2109 984 2174 ἰδίοις
1036 2112 1252 2178 τέκνοις
1294 2114 1463 2185 ἦγουν
1500 2117 1612 2178 τοῖς
1635 2115 1868 2170 ἀποστόο

280 2201 396 2265 λοις
430 2200 881 2273 μαθητευόμενοι,
910 2204 1335 2277 ἐπιστρέφοντος
1370 2205 1466 2260 τοῦ
1498 2206 1704 2277 Κυρίου
1735 2224 1873 2280 κιρ-

281 2286 399 2353 δίας
421 2287 675 2360 πατέρων
710 2290 807 2343 ἐπὶ
834 2292 1021 2356 τέκνα,
1055 2294 1171 2360 πῶς
1201 2295 1300 2367 οὐχ
1338 2297 1389 2349 oi
1443 2296 1600 2349 αὐτοὶ
1632 2297 1874 2366 λέγοιντο

280 2380 531 2450 προεῖναι
560 2379 659 2449 μὲν
688 2379 832 2433 κατὰ
848 2380 946 2451 τὴν
973 2383 1243 2454 σαρκικὴν
1276 2384 1553 2456 γέννησιν,
1590 2384 1876 2458 μεθυπάρ-

280 2488 400 2541 χειν
456 2471 515 2525 δὲ
579 2473 727 2528 κατὰ
774 2475 875 2545 τὴν
930 2477 1310 2547 πνευματικὴν
1354 2479 1716 2549 ἀναγέννησιν
1766 2481 1876 2536 τῶν

287 2560 435 2616 ίδίων
474 2561 643 2631 υἰῶν;
672 2563 736 2617 Ei
762 2563 819 2616 δὲ
844 2562 1020 2618 ταῦτα
1049 2565 1221 2629 οὕτως
1246 2566 1381 2638 ἔχει,
1411 2569 1464 2621 τί
1492 2567 1723 2622 ἄπιστον
1746 2570 1876 2641 ὑμῖν

282 2654 432 2708 δοκεῖ
460 2655 555 2710 καὶ
580 2655 674 2709 ἑπὶ
705 2656 800 2710 τοῦ
822 2656 1023 2726 Λόγου,
1047 2657 1170 2712 καθ’
1200 2659 1396 2731 ἑτέραν
1429 2661 1528 2732 μὲν
1553 2662 1718 2716 αὐτοῦ
1753 2662 1875 2732 γέν-

284 2766 463 2819 νησιν,
496 2750 667 2805 ἀΐδιόν
698 2768 758 2804 τε
804 2750 1074 2823 ὑπάρχειν
1120 2754 1284 2808 αὐτὸν
1329 2755 1426 2809 καὶ
1488 2755 1695 2811 ἁπλοῦν
1743 2757 1879 2829 ἀλη-

286 2840 416 2908 θῶς,
450 2842 572 2896 καθ’
609 2843 803 2915 ἑτέραν
836 2844 894 2899 δὲ
929 2847 1237 2916 ἀρχόμενον
1264 2845 1359 2900 τοῦ
1394 2847 1670 2920 συνθέτως
1701 2844 1875 2917 εἶναις

288 2935 429 3004 μετὰ
458 2935 888 3008 προσλήμματος
938 2938 1050 3008 γάρ
1082 2956 1233 3003 τινος
1265 2940 1577 3011 πρόσφατος
1609 2941 1880 3010 γινώσκε-

286 3043 400 3094 ται,
456 3028 552 3081 καὶ
596 3027 695 3099 οὐχ
722 3027 928 3093 ἁπλοῦς
976 3031 1152 3100 Λόγος
1199 3032 1409 3099 λοιπὸν,
1434 3034 1571 3088 ἀλλὰ
1624 3036 1879 3103 σύνθετος

287 3118 525 3191 Χριστὸς
565 3119 918 3191 ὀνομάζεται.
950 3120 1138 3185 Οὕτως
1175 3122 1234 3175 δὲ
1277 3122 1423 3194 ἔχειν
1455 3124 1664 3180 τούτων
1694 3126 1878 3181 δοθέν-

286 3226 418 3274 των,
479 3211 517 3281 ἠ
566 3210 667 3281 μὲν
716 3210 950 3268 τεκοῦσα
987 3212 1049 3265 τὸ
1110 3211 1388 3277 σύνθετον,
1419 3216 1639 3279 πάντως
1681 3219 1777 3271 καὶ
1817 3219 1879 3271 τὸ

297 3302 506 3357 ἁπλοῦν
531 3304 772 3358 τέτοκεν·
802 3306 860 3360 ὲν
895 3304 1005 3376 γὰρ
1036 3304 1115 3376 τῷ
1144 3306 1385 3378 συνθέτῳ
1412 3310 1530 3361 ἐστὶ
1560 3309 1737 3364 τοῦτο·
1773 3314 1801 3365 ὁ
1824 3313 1882 3365 δὲ

288 3396 352 3449 τὸ
387 3395 595 3449 ἁπλοῦν
622 3394 823 3460 τεκὼν,
849 3397 912 3450 οὐ
940 3397 1127 3452 τέτοκε
1155 3400 1252 3452 καὶ¹
1284 3400 1345 3453 τὸ
1378 3400 1654 3455 σύνθετον·
1686 3404 1746 3457 οὐ
1772 3404 1882 3477 γὰρ

292 3489 351 3540 ἑν
394 3486 471 3558 τῷ
518 3488 677 3558 ἁπλῷ
723 3489 786 3543 τὸ
819 3488 1094 3543 σύνθετον·
1129 3489 1328 3544 οὐκοῦν
1383 3493 1523 3547 κατὰ
1561 3494 1660 3565 μὲν
1688 3496 1787 3564 τὴν
1822 3497 1884 3551 τὸ

295 3577 437 3634 εἶναι
463 3580 555 3635 καὶ
584 3580 773 3646 ἁῖδίως
801 3575 942 3635 εἶναι
989 3582 1242 3636 διδοῦσαν
1277 3583 1530 3656 γέννησιν
1561 3586 1640 3655 τῷ
1679 3604 1883 3655 γεννωη

299 3675 447 3746 μένῳ
476 3676 634 3745 Λόγῳ
661 3675 872 3740 ἁπλῶς,
913 3676 975 3729 οὐ
1013 3676 1225 3747 μητέρα
1249 3678 1428 3747 φαμὲν
1452 3678 1553 3747 τὴν
1585 3679 1881 3751 Παρθένον·

292 3767 437 3819 κατὰ
468 3766 647 3837 δὲτὴν
675 3767 899 3820 τοιῶσδε
930 3764 1070 3821 εῖναι
1096 3770 1267 3840 ἤγουν
1299 3774 1758 3844 σεσαρκωμὲνην,
1790 3776 1885 3829 καὶ

293 3857 352 3910 ἑν
378 3858 543 3929 σαρκὶ⁸
586 3861 652 3929 τῇ
685 3858 791 3913 ὑπὸ
830 3859 1024 3931 χρόνον
1053 3858 1194 3915 εἶναι
1222 3861 1472 3917 διδοῦσαν
1505 3864 1655 3935 αὐτῷ
1686 3866 1903 3938 γέννηειν

296 3966 401 4016 σιν,
454 3951 529 4016 ὡς
581 3950 891 4023 συγχρόνως
935 3952 1074 4024 αὐτῇ
1107 3956 1174 4024 τῇ
1208 3956 1372 4025 σαρκὶ
1419 3954 1597 4025 ἔχοντι
1626 3955 1725 4025 τὴν
1761 3958 1887 4011 σύν-

297 4045 444 4100 θεσιν
469 4042 665 4099 ἑαυτοῦ
694 4044 1183 4116 συγγεγεννημένῳ
1212 4046 1386 4119 ταύτῃ
1419 4045 1480 4113 ἑξ
1511 4048 1681 4120 αὐτῆς
1720 4047 1886 4121 οὔσης

294 4140 439 4194 κατὰ
466 4140 527 4192 τὺ
557 4135 701 4194 εῐναι
752 4139 1070 4210 ὑποχρόνως
1093 4182 1108 4206 ,
1138 4141 1372 4214 Μητέρα
1404 4142 1625 4212 ἀληθῶς
1657 4144 1753 4197 καὶ
1790 4145 1884 4199 τοῦ

302 4231 496 4287 ἁπλοῦ·
526 4231 617 4285 διὰ
664 4232 849 4303 μέντοι
910 4230 1217 4295 συνθέσεως
1265 4232 1569 4305 γενομένην
1605 4232 1762 4305 ἴσμεν
1787 4235 1886 4303 τὴν

297 4326 561 4396 ἀμίαντον
582 4339 597 4355 ·
631 4325 697 4378 ἑκ
727 4324 902 4391 Λόγου
934 4324 1044 4395 γὰρ
1076 4322 1246 4378 ἀϊδίου
1295 4325 1390 4379 καὶ
1418 4324 1621 4399 σαρκὸς
1646 4326 1886 4399 ὑτιτοχρό⁴

297 4437 409 4480 νου,
437 4420 466 4473 ό
490 4418 768 4488 Δεσπότης
800 4417 957 4488 ἡμῶν
980 4417 1216 4486 Χριστὸς
1254 4418 1375 4482 ὅλος
1407 4422 1730 4493 συνέστηκε·
1764 4437 1889 4489 γεν-

296 4510 553 4584 νηθέντος
596 4509 693 4579 μὲν
726 4506 821 4562 τοῦ
853 4507 1027 4576 Λόγου
1079 4508 1182 4571 δὶς,
1217 4509 1477 4578 ἀσάρκως
1536 4509 1638 4580 μὲν
1678 4511 1744 4562 ὲκ
1790 4509 1885 4563 τοῦ

1981 655 2113 697 vere
2145 658 2255 697 non
2286 642 2405 699 ﬁeri
2437 647 2612 715 possit
2645 665 2817 706 unum
2867 653 3162 722 quemdam
3202 663 3259 710 et
3294 656 3576 725 eumdem,

1982 739 2044 785 ut
2074 747 2176 786 nos
2203 734 2462 801 dicimus,
2492 738 2630 795 duas
2667 741 2883 812 aliquas
2932 747 3344 815 generationes,
3371 764 3439 803 ex
3493 750 3580 806 his

1980 824 2152 880 variis
2175 830 2655 898 generationibus,
2702 836 2914 902 sortiri,
2960 848 3105 895 utet
3164 844 3581 912 consequentiis

1975 924 2214 989 utraque
2267 925 2553 993 generatio
2601 926 2996 998 dignoscatur.
3034 932 3346 987 Notandum
3428 936 3579 991 enim

1974 1016 2061 1062 est
2121 1010 2378 1068 ethnicos
2431 1015 2727 1087 plerosque
2784 1034 2854 1074 ex
2935 1021 3023 1076 his
3101 1023 3284 1091 quiin
3356 1024 3579 1081 Christo

1973 1099 2104 1156 Jesu
2133 1118 2233 1172 per
2259 1104 2620 1178 Evangelium
2649 1125 2681 1165 a
2710 1112 2880 1167 Paulo
2904 1113 3077 1183 geniti
3113 1124 3278 1180 sunt,
3313 1117 3415 1186 ipsi
3434 1133 3579 1188 pra:-

1973 1192 2275 1262 exstitisse,
2327 1201 2637 1256 secundum
2688 1206 2967 1260 carnalem
3025 1210 3461 1278 generationem,
3504 1219 3567 1267 ut

1974 1286 2031 1343 in
2044 1289 2298 1347 confesso
2314 1292 2516 1349 est.An
2541 1296 2713 1366 igitur
2744 1314 2854 1353 non
2898 1297 3044 1354 idem
3066 1300 3351 1356 diceretur
3381 1303 3580 1371 quise!

1973 1381 2095 1452 ejus
2110 1378 2401 1453 discipulis
2416 1394 2473 1440 et
2495 1386 2878 1455 praaexsistere
2902 1404 3006 1445 suo
3036 1392 3177 1459 patri
3223 1399 3281 1446 et
3305 1394 3570 1463 magistro

1972 1481 2145 1537 Paulo
2174 1477 2341 1534 simul
2356 1485 2413 1533 et
2439 1476 2561 1547 ipso
2575 1479 2852 1547 posterior
2865 1481 3058 1549 fuisse,
3079 1499 3147 1539 ex
3179 1486 3301 1556 ejus
3323 1487 3552 1542 tcstimo

1971 1572 2105 1628 nio?
2134 1570 2256 1627 Non
2284 1578 2370 1625 est
2391 1576 2566 1632 certe,
2599 1585 2745 1636 reor,
2776 1572 2868 1642 qui
2894 1586 3005 1629 non
3028 1574 3434 1643 fateretur;sed
3450 1573 3581 1633 sub"

1984 1664 2211 1719 diverso
2234 1670 2489 1732 respectu
2521 1661 2672 1717 dicet
2699 1664 2957 1719 eumdem
2982 1664 3164 1721 eidem
3189 1669 3577 1736 praeexsistere

1971 1756 2137 1814 simul
2183 1763 2242 1810 et
2280 1754 2643 1825 posteriorem
2711 1772 2835 1812 esse
2877 1759 3088 1815 scilicet
3123 1760 3448 1825 secundum,
3519 1768 3579 1815 ut

1971 1846 2171 1911 dicitis,
2190 1844 2596 1915 generationem
2614 1845 3332 1919 exsistentimpraeessistere
3352 1866 3365 1915 ;
3385 1862 3580 1904 secun-

1972 1941 2102 1998 dum
2133 1953 2262 1993 vero
2285 1939 2701 2009 generationem
2734 1938 2788 1992 in
2814 1937 3166 2010 Evangelium
3211 1940 3577 2010 posteriorem

1973 2051 2115 2093 esse.
2132 2036 2399 2092 Similiter
2420 2041 2607 2090 autem
2643 2040 2699 2087 et
2726 2031 3005 2103 genimina
3036 2033 3372 2103 viperarum,
3402 2032 3459 2087 hi
3479 2033 3576 2102 qui

1973 2129 2044 2186 de
2058 2144 2262 2201 genere
2281 2134 2412 2184 sunt
2427 2126 2666 2183 Abrahae
2684 2123 2990 2180 secundum
3004 2139 3225 2179 carnem
3246 2140 3275 2179 a
3293 2124 3407 2181 suis
3424 2123 3574 2189 ﬁliis,

1975 2224 2243 2295 apostolis
2266 2222 2497 2286 scilicet,
2520 2219 2726 2285 edocti,
2758 2226 3121 2274 convertente
3146 2217 3380 2273 Domino
3407 2218 3576 2273 corda

1977 2325 2200 2388 patrum
2266 2314 2320 2369 in
2361 2313 2525 2377 ﬁlios,
2557 2310 2837 2382 quomodo
2868 2325 2980 2365 non
3033 2309 3201 2364 iidem
3251 2309 3577 2365 dicerentur

1974 2406 2361 2478 pratexsistere
2385 2404 2612 2475 quidem
2638 2400 2948 2458 secundum
2986 2400 3403 2471 generationem
3446 2415 3571 2456 car-

1974 2501 2154 2556 nalem
2172 2498 2288 2555 suis
2319 2497 2467 2560 (iliis,
2493 2494 2835 2566 posteriores
2856 2502 3040 2548 tamen
3089 2508 3213 2548 esse
3268 2493 3577 2549 secundum

1977 2590 2285 2661 Spiritalem
2325 2585 2864 2659 regenerationem?
2907 2584 2965 2639 Si
3002 2593 3188 2639 autem
3232 2584 3350 2640 haec
3392 2583 3465 2639 ita
3518 2599 3579 2640 se

1977 2682 2243 2748 habeant,
2277 2680 2411 2751 quid
2430 2679 2755 2735 incredibile
2801 2677 2961 2732 vobis
2993 2677 3216 2731 videtur
3259 2677 3327 2732 de
3373 2677 3577 2739 Verbo,

1984 2774 2297 2831 secundum
2340 2773 2577 2827 alteram
2631 2785 2787 2825 suam
2826 2772 3271 2839 generationem,
3305 2776 3579 2823 aeternum

1979 2869 2204 2941 quidem
2222 2869 2404 2937 ipsum
2434 2864 2701 2921 exsistere
2724 2871 2781 2917 et
2807 2863 3043 2932 simplex
3062 2876 3228 2927 vere;
3262 2861 3571 2917 secundum

1981 2962 2211 3017 alteram
2240 2973 2373 3013 vero
2403 2955 2625 3011 initium
2667 2955 2880 3010 habere
2915 2962 3120 3008 etesse
3158 2953 3529 3022 compositum
3556 2951 3580 3006 τ

1980 3052 2117 3109 Cum
2164 3048 2520 3121 adjunctione
2549 3047 2697 3102 enim
2748 3046 2986 3116 quadam
3037 3060 3182 3099 novo
3218 3043 3444 3099 nomine
3487 3058 3582 3098 co-

1982 3140 2293 3214 gnoscitur,
2328 3148 2517 3194 etnon
2584 3137 2820 3206 simplex
2872 3136 3116 3192 Verbum
3169 3135 3415 3199 tandem,
3483 3133 3582 3189 sed

1908 3265 1954 3326 ρ
1983 3234 2324 3305 compositus
2357 3231 2614 3288 Christus
2641 3238 2893 3286 vocatur.
2924 3229 3021 3283 llis
3044 3236 3228 3283 autem
3260 3228 3340 3282 sic
3393 3243 3451 3283 se
3480 3226 3581 3281 ha-

1984 3329 2119 3384 bere
2155 3325 2458 3390 concessis,
2506 3338 2631 3393 quae
2676 3322 2902 3392 quidem
2948 3321 3141 3391 genuit
3186 3318 3579 3389 compositum,

1984 3421 2215 3477 omnino
2264 3418 2459 3489 genuit
2506 3425 2565 3471 et
2626 3415 2903 3485 simplex;
2956 3414 3011 3468 in
3079 3412 3385 3482 composito
3432 3413 3583 3467 enim

1982 3512 2118 3569 illud
2139 3520 2245 3567 est.
2286 3509 2391 3577 Qui
2451 3516 2634 3563 autem
2662 3506 2850 3578 genuit
2878 3505 3132 3574 simplex,
3161 3519 3272 3558 non
3333 3502 3460 3557 ideo
3485 3518 3581 3571 ge-

1980 3605 2106 3660 nuit
2158 3612 2214 3659 ct
2237 3601 2604 3672 compositum
2632 3618 2646 3665 ;
2674 3614 2786 3653 non
2815 3598 2964 3654 enim
2999 3598 3054 3651 in
3085 3595 3322 3666 simplici
3356 3610 3583 3664 compo-

1985 3699 2177 3753 situm.
2209 3696 2384 3767 igitur
2415 3693 2720 3749 secundum
2749 3707 2869 3747 eam
2897 3690 3311 3761 generationem
3340 3704 3464 3758 quae
3490 3688 3585 3742 dat

1983 3787 2312 3858 sim-pliciter
2358 3785 2548 3856 genito
2583 3783 2764 3840 Verbo
2804 3781 3204 3845 exsistcntiam,
3262 3787 3318 3834 et
3358 3778 3583 3849 quidem

1985 3880 2363 3939 exsistentiam
2389 3888 2675 3942 aeternam,
2723 3891 2837 3931 non
2884 3882 3117 3929 matrem
3139 3873 3376 3927 dicimus
3406 3870 3585 3941 Virgi-

1984 3989 2133 4029 nem.
2174 3970 2492 4028 Secundum
2522 3983 2654 4024 vero
2694 3981 2816 4023 eam
2860 3964 3273 4037 generationem
3325 3978 3448 4033 qua:
3489 3960 3585 4016 dat

1984 4062 2039 4119 ei
2077 4060 2457 4118 exsistentiam
2516 4059 2701 4121 talem,
2751 4056 2966 4112 scilicet
3022 4055 3386 4118 incarnatam,
3436 4059 3497 4106 ut
3528 4051 3584 4106 in

1986 4166 2153 4209 carne
2183 4149 2387 4204 habeat
2415 4145 2797 4204 exsistentiam
2829 4144 3211 4215 temporalem,
3256 4142 3333 4197 ita
3362 4150 3425 4196 ut
3453 4156 3587 4195 con-

1986 4240 2367 4313 temporaliter
2391 4238 2497 4310 ipsi
2520 4236 2671 4292 carni
2701 4236 2901 4292 haheat
2945 4233 3400 4305 compositionem
3428 4246 3583 4285 suam

1984 4330 2147 4388 simul
2183 4343 2307 4386 cum
2355 4326 2473 4398 ipsa
2505 4326 2725 4397 genitus
2758 4340 2826 4379 ex
2880 4321 3053 4378 Matre
3096 4318 3400 4376 secundum
3435 4318 3586 4373 cxsio

1987 4421 2245 4479 stentiam
2268 4418 2647 4488 temporalem,
2683 4415 2913 4469 Matrem
2965 4428 3095 4468 vere
3136 4410 3372 4465 dicimus
3416 4408 3586 4462 etiam

1988 4511 2275 4584 simplicis.
2340 4510 2411 4565 Et
2449 4508 2675 4579 quidem
2728 4521 2827 4575 per
2860 4502 3320 4572 compositionem
3381 4497 3590 4553 scimus

298 4601 536 4672 Πατρός,
559 4600 990 4671 σεσαρκωμένως
1016 4600 1073 4653 δὲ
1104 4601 1168 4652 ὲκ
1190 4601 1435 4671 Μητρὸς,
1469 4603 1569 4671 τῆς
1590 4601 1648 4654 δὲ
1683 4603 1876 4673 σαρκὸς

1989 4622 2109 4662 eam
2127 4605 2323 4659 factam
2350 4601 2635 4656 illibatam.
2653 4599 2732 4653 Ex
2756 4596 2937 4651 Verbo
2964 4594 3114 4650 enim
3147 4603 3357 4649 aeterno
3383 4600 3439 4646 ct
3462 4606 3586 4645 car-

301 4693 450 4761 ἅπαξ
506 4692 601 4747 καὶ
655 4691 817 4763 μόνον
858 4691 1212 4762 γεννηθείσης
1249 4695 1314 4746 ὲκ
1349 4693 1573 4765 Μητρὸς
1598 4694 1877 4766 ἀσπόρως.

312 4785 468 4841 Ἐπεὶ
524 4778 619 4839 οὖν
669 4782 804 4846 Θεὸς
836 4782 1043 4853 ἀληθὴς
1087 4782 1325 4852 ἄσαρκός
1368 4801 1427 4837 τε
1463 4784 1562 4851 ὣν,
1599 4785 1692 4839 καὶ
1748 4784 1885 4855 μετὰ

302 4878 507 4951 σαρκὸς
538 4878 566 4932 ό
598 4876 795 4944 Λόγος,
832 4874 1076 4929 θεοτόκοι
1103 4875 1225 4929 καθ’
1252 4875 1526 4947 ἑκατέραν
1547 4876 1802 4947 γέννησιν
1833 4878 1882 4930 οἱ

299 4971 488 5025 τούτου
517 4970 842 5040 γεννήτορες
866 4966 1106 5037 ἀληθῶς.
1133 4966 1321 5022 Ταῦτα
1375 4969 1476 5038 μὲν
1520 4968 1613 5022 οῦν
1641 4968 1712 5022 τὰ
1755 4969 1884 5040 περὶ

299 5062 400 5132 τῆς
440 5061 582 5116 κατὰ
611 5060 712 5125 τὰς
749 5059 1034 5129 γεννήσεις
1080 5059 1338 5132 διαφόρου
1380 5060 1759 5130 προελεύσεως
1784 5061 1880 5115 τοῦ

299 5154 499 5223 Λόγου·
534 5154 593 5208 αἱ
618 5153 677 5208 δὲ
718 5151 865 5208 κατὰ
888 5152 1177 5226 προκοπὴν
1210 5152 1399 5217 ἁπλῶς
1425 5153 1523 5206 καὶ
1560 5153 1628 5206 τὰ
1658 5153 1888 5208 τοιαῦτα

303 5247 642 5318 παραγωγαὶ
672 5248 780 5301 τῶν
802 5248 1134 5317 γεννήσεων,
1165 5245 1435 5316 περιττῶς
1468 5245 1597 5316 ὑμῖν
1622 5246 1716 5299 ἐπὶ
1746 5246 1886 5317 Χρι-

307 5340 432 5394 στοῦ
469 5340 904 5411 παραφέρονται·
940 5338 1002 5393 οὐ
1049 5338 1158 5409 γὰρ
1214 5339 1277 5392 ὲκ
1319 5337 1524 5391 τοιοῦδε
1565 5338 1771 5410 τρόπου
1802 5339 1888 5403 τὶς

304 5432 463 5502 λόγος
504 5432 766 5487 Θεοτόκον
810 5431 915 5503 ἔφη
972 5431 1104 5485 ποτὲ
1149 5432 1250 5501 τὴν
1292 5431 1583 5501 ἄχραντον·
1625 5431 1749 5484 οὐδὲ
1780 5432 1887 5485 τῶν

306 5525 427 5580 λίαν
449 5525 751 5595 ἀλογίστων
776 5528 884 5579 τινὶ
904 5526 1031 5580 τάδε
1064 5525 1145 5588 εἰς
1169 5523 1471 5593 φαντασίαν
1498 5522 1812 5594 γεγένηται.

1990 4710 2060 4751 ne
2089 4688 2377 4762 temporali
2407 4688 2671 4743 Dominus
2711 4694 2900 4739 noster
2931 4683 3092 4737 Jesus
3139 4681 3397 4736 Christus
3440 4689 3588 4736 totus

1990 4793 2256 4849 constat;
2310 4780 2493 4835 Verbo
2538 4777 2763 4848 quidem
2804 4775 2891 4830 his
2938 4773 3147 4844 genito,
3210 4772 3422 4827 scilicet
3472 4770 3590 4825 sine

1989 4893 2157 4935 carne
2183 4891 2251 4931 ex
2288 4875 2446 4929 Patre
2471 4881 2528 4927 et
2556 4885 2682 4925 cum
2710 4883 2874 4923 carne
2907 4883 2973 4921 ex
3001 4866 3173 4919 Matre
3201 4881 3216 4931 ;
3284 4878 3452 4919 carne
3488 4878 3591 4917 au-

1994 4980 2104 5028 tem
2122 4969 2291 5027 semel
2313 4975 2527 5023 tantum
2550 4963 2733 5037 genita
2762 4978 2831 5018 ex
2861 4960 3035 5016 Matre
3057 4959 3178 5014 sine
3202 4959 3434 5014 semine.
3452 4955 3590 5012 Cum

1991 5065 2161 5137 igitur
2191 5064 2335 5119 Deus
2357 5076 2519 5116 verus
2550 5059 2668 5114 sine
2693 5071 2858 5111 carne
2886 5064 2942 5110 et
2969 5069 3095 5108 cum
3123 5067 3290 5108 carne
3324 5050 3594 5115 Verbum,

1995 5160 2092 5214 Dei
2135 5172 2265 5214 vere
2296 5163 2426 5212 sunt
2459 5152 2740 5225 genitores
2763 5148 3070 5205 secundum
3107 5157 3401 5215 utramque
3426 5158 3592 5215 gene-

1997 5250 2268 5307 rationem
2319 5247 2415 5319 qui
2464 5245 2601 5301 illud
2662 5248 2992 5315 genuerunt.
3027 5239 3154 5294 Haec
3183 5237 3353 5308 igitur
3383 5235 3451 5290 de
3502 5231 3592 5290 di-

1995 5358 2157 5398 verso
2191 5339 2371 5412 quoad
2403 5335 2791 5410 generationes
2836 5331 3079 5386 adventu
3130 5328 3321 5385 Verbi.
3377 5324 3592 5381 Produ-

1996 5437 2211 5492 ctiones
2234 5442 2418 5489 autem
2472 5427 2890 5503 generationum
2921 5422 3223 5479 secundum
3245 5432 3599 5492 progressum

1998 5526 2344 5597 simpliciter,
2368 5531 2425 5578 et
2454 5522 2561 5576 alia
2607 5516 2830 5583 similia,
2860 5516 3065 5571 frustra
3096 5530 3126 5569 a
3156 5512 3317 5568 vobis
3343 5510 3412 5566 de
3432 5508 3596 5565 Chri-

305 5631 395 5680 sto
424 5622 802 5694 proferuntur.
834 5622 914 5676 Ex
934 5621 1038 5676 hoc
1058 5621 1205 5676 enim
1228 5618 1391 5675 modo
1415 5619 1600 5674 nullus
1632 5634 1873 5688 unquam
1898 5634 2080 5675 sermo
2107 5620 2399 5692 Deiparam
2419 5616 2558 5673 dixit
2583 5614 2858 5687 virginem
2880 5610 3147 5667 illibatam
3173 5625 3189 5675 ;
3226 5623 3331 5663 nec
3365 5603 3591 5660 irratio-

311 5721 522 5778 nalium
572 5720 870 5776 admodum
896 5718 1153 5790 cuiquam
1189 5718 1306 5774 hzec
1336 5718 1393 5773 in
1433 5728 1673 5774 mentem
1702 5726 1995 5774 venerunt.

898 5813 1154 5867 ΚΕΦΑΛ.
1202 5816 1274 5867 Δ’.
1847 5840 1855 5848 ο

385 5909 451 5965 El
501 5907 707 5980 κυρίως
753 5905 848 5963 καὶ
895 5906 1014 5961 κατ’
1042 5907 1300 5978 ἀλήθειαν
1347 5907 1391 5993 ,ἠ
1430 5907 1494 5959 ἑκ
1549 5903 1761 5976 [lat-pb;
1799 5902 1895 5958 τοῦ

2744 5845 2757 5858 .
2795 5801 2887 5857 IV.

2606 5804 2757 5861 CAP.
2795 5804 2887 5857 1V.

2079 5902 2135 5958 Si
2170 5900 2391 5974 proprie
2417 5899 2566 5955 dicta
2590 5910 2652 5954 ct-
2675 5912 2802 5954 vera
2831 5903 2923 5953 est
2944 5887 3227 5967 generatio
3260 5885 3358 5943 Dei
3413 5883 3590 5941 Verbi
