4042 6508
475 432 613 498 1659

1780 431 2092 493 LEONTII
2135 429 2537 489 BYZANTINI

3615 429 3748 494 1660

467 563 536 600 ex
566 547 750 610 Patre,
780 560 893 600 non
952 544 1178 614 proprie
1213 543 1361 599 dicta
1407 553 1463 599 et
1501 558 1630 598 vera
1685 553 1771 598 est
1820 559 1885 598 ea
1941 557 2059 613 qua:

2166 539 2302 592 Θεοῦ
2342 541 2520 609 Λόγου
2545 538 2800 609 γέννησίς
2827 540 2997 605 ἐστιν,
3018 539 3081 592 οὗ
3110 539 3315 612 κυρίως
3342 539 3437 594 καὶ
3467 541 3591 592 κατ’
3620 541 3747 614 ἀλή-

468 639 799 708 ιιπειίἰοιιιω·
847 636 1130 708 generatio
1181 636 1278 691 Dei
1309 635 1474 690 Verbi
1517 651 1584 691 ex
1635 643 1836 700 matre,
1869 642 2059 705 utpote

2164 633 2317 687 θειαν
2352 634 2385 703 ἡ
2421 635 2486 687 ἐκ
2518 633 2778 702 γυναικὸς
2810 631 3256 704 ὲπιφημιξομένη
3282 631 3378 684 τοῦ
3405 632 3544 684 Θεοῦ
3573 631 3743 701 Λόγου

468 746 591 798 quae
621 730 796 784 ambae
829 744 941 784 non
1008 729 1247 795 similes;
1284 728 1380 783 sed
1410 727 1456 782 si
1509 726 1666 798 prius
1699 743 1914 791 verum,
1946 741 2059 781 non

468 823 852 891 posterius.-—
874 821 982 876 Sed
1006 823 1050 877 si
1095 822 1371 892 prepriam
1405 829 1463 876 et
1493 821 1712 876 unicam
1736 811 1930 875 dicitis
1962 834 2058 890 ge-

467 915 835 981 nerationem,
869 929 990 971 eam
1017 931 1140 985 qua:
1166 925 1253 969 est
1281 914 1376 969 Dei
1403 913 1569 969 Verbi
1597 912 1902 969 secundum
1924 927 2058 966 cau-

466 1022 584 1062 sam
625 1017 860 1072 tantum,
885 1015 942 1061 et
971 1016 1098 1062 ante
1132 1018 1400 1077 tempora,
1432 1015 1487 1062 et
1513 1014 1846 1061 coaeternam
1885 1003 2054 1069 Patri,

463 1097 550 1151 vel
591 1113 714 1167 quae
744 1097 1088 1153 demonstrat
1120 1097 1366 1168 genitura
1398 1098 1753 1158 coexsistere,
1784 1091 2055 1166 gignenti,

464 1203 597 1259 ergo
617 1205 738 1244 eam
764 1191 1178 1261 generationem
1217 1207 1339 1261 qua:
1367 1205 1479 1245 non
1508 1196 1592 1244 est
1623 1188 1756 1243 huic
1810 1185 2009 1242 similis
2038 1226 2054 1252 ,

465 1292 570 1331 nec
593 1277 816 1348 proprie
841 1278 1255 1348 generationem
1305 1277 1624 1348 agnoscitis.
1655 1275 1921 1346 Superest
1957 1273 2058 1344 igi-

468 1375 559 1420 tur
581 1375 642 1420 ut
681 1383 790 1421 non
823 1367 1102 1437 propriam
1135 1365 1443 1436 agnoscatis
1471 1362 1880 1436 generationem
1905 1362 2056 1416 Isaac

463 1475 533 1512 ex
565 1459 860 1525 Abraham,
889 1460 1006 1514 sive
1035 1457 1280 1529 cujusvis
1307 1459 1448 1513 alius
1475 1457 1717 1513 hominis
1731 1472 1799 1511 ex
1815 1455 2055 1526 quodam

463 1546 708 1614 homine,
745 1547 860 1602 sive
893 1547 1148 1602 animalis
1192 1561 1258 1601 ex
1285 1545 1530 1610 animali,
1585 1545 1701 1600 sive
1757 1544 1958 1614 planta:
1987 1558 2055 1597 ex

461 1641 686 1709 planta;
719 1656 829 1694 non
855 1640 1003 1694 enim
1035 1639 1152 1694 haec
1201 1646 1331 1693 sunt
1353 1638 1475 1693 sine
1499 1645 1771 1706 tempore,
1804 1650 1908 1689 nec
1959 1648 2055 1688 co-

459 1739 663 1787 interna
700 1747 804 1788 nec
851 1730 1181 1802 simpliciter
1237 1730 1626 1786 coexsistentia
1681 1725 2055 1799 gignentibus.

460 1825 649 1894 Neque
681 1819 840 1879 enim
865 1825 1050 1879 omnia
1087 1822 1404 1895 huiusmodi
1449 1823 1748 1892 gignuntur
1778 1835 1846 1875 eo
1888 1819 2054 1873 modo

461 1893 574 1984 quo
594 1915 738 1969 Deus
766 1916 1005 1970 etPater
1055 1893 1296 1970 Verbum
1350 1914 1562 1985 genuit.
1601 1911 1659 1968 Si
1709 1921 1891 1967 autem
1926 1927 2054 1968 vera
2080 1893 2129 1953 Β

466 2013 552 2058 est
573 2014 632 2060 et
661 2007 944 2075 generatio
977 2009 1125 2064 Isaac
1153 2024 1219 2064 ex
1254 2008 1552 2074 Abraham,
1583 2016 1643 2062 ut
1675 2015 1732 2062 et
1770 2023 1871 2064 vos
1921 2008 2052 2065 alibi

461 2095 699 2158 dixistis,
731 2106 788 2151 et
819 2109 1147 2154 cancrorum
1183 2107 1298 2154 tum
1334 2099 1655 2154 animalium
1685 2109 1801 2154 tum
1839 2100 2054 2171 planta-

463 2203 609 2253 rum,
647 2191 962 2260 temporalis
982 2207 1109 2247 cum
1137 2192 1210 2248 sit
1233 2203 1290 2248 et
1340 2192 1618 2263 posterius
1653 2207 1776 2247 esse
1821 2192 2053 2248 demon-

460 2287 602 2335 stret
630 2283 901 2353 genitum,
936 2285 1008 2339 ita
1055 2292 1141 2339 est
1172 2285 1316 2341 etde
1346 2284 1702 2355 generatione
1729 2285 1916 2340 divina
1933 2299 2057 2356 qua:

461 2373 704 2442 pertinet
731 2374 802 2428 ad
843 2375 1088 2431 inﬁnitas
1127 2387 1183 2430 et
1213 2391 1386 2446 prope
1430 2391 1625 2432 omnes
1670 2377 1915 2432 rationes
1958 2393 2056 2447 ge-

464 2464 838 2520 nerationum.
875 2466 994 2521 Non
1013 2467 1180 2537 igitur
1206 2481 1270 2521 ea
1330 2476 1542 2522 tantum
1567 2469 1818 2524 eritvera
1847 2479 1902 2524 et
1922 2485 2056 2539 pro-

465 2555 588 2626 prie
615 2556 760 2611 dicta
811 2558 1112 2628 generatio,
1153 2560 1457 2614 secundum
1477 2569 1722 2616 vestrum
1753 2561 2014 2631 placitum
2036 2601 2052 2625 ,

463 2659 589 2714 quae
619 2645 688 2700 de
717 2645 902 2701 Verbo
936 2647 1264 2717 intelligitur
1305 2664 1374 2702 ex
1398 2649 1512 2704 Deo
1540 2650 1702 2705 Patre
1728 2665 1797 2706 ex
1822 2648 2052 2708 αξιοι-τιὸ.

465 2731 522 2786 Si
552 2749 684 2804 ergo
731 2744 790 2790 et
816 2735 932 2791 haec
957 2745 1016 2792 et
1054 2737 1161 2790 illa:
1206 2753 1350 2792 verte
1380 2747 1510 2793 sunt
1531 2747 1586 2794 et
1606 2740 1868 2796 dicuntur
1888 2758 2056 2813 gene-a

463 2827 729 2893 rationes,
777 2827 892 2883 veri
919 2829 1090 2900 igitur
1120 2841 1173 2886 et
1212 2831 1517 2886 secundum
1565 2833 1839 2889 diversam
1886 2835 2058 2890 ratio-

463 2933 590 2974 nem
617 2921 1034 2990 generationum
1082 2922 1160 2975 illi
1197 2922 1290 2990 qui
1326 2922 1588 2978 dicuntur
1613 2925 1911 2996 gignentes.
1947 2927 2056 2998 lgi-

463 3019 557 3065 tur
575 3023 631 3067 et
657 3012 859 3067 Paulus
887 3028 991 3082 per
1026 3013 1408 3086 Evangelium.
1465 3026 1521 3072 et
1547 3016 1788 3086 Spiritus
1833 3035 1932 3088 per
1954 3019 2054 3074 ba-

463 3107 748 3178 ptismum,
763 3117 818 3163 et
835 3108 1110 3163 Abraham
1123 3125 1191 3164 ex
1209 3110 1436 3174 femore,
1459 3118 1516 3166 et
1531 3109 1736 3164 Rachel
1757 3125 1826 3164 ex
1840 3119 2054 3178 ventre,

461 3209 521 3254 et
542 3201 704 3256 Pater
722 3216 788 3256 ex
807 3203 1108 3272 semetipso
1122 3213 1180 3258 et
1193 3202 1248 3257 in
1265 3203 1564 3274 semetipso
1587 3203 1835 3274 gignens,
1863 3219 2057 3260 omnes

463 3307 594 3347 vere
617 3293 896 3364 genitores
923 3305 1133 3352 suntet
1167 3295 1451 3351 dicuntur.
1485 3295 1544 3352 Si
1590 3295 1759 3366 igitur
1783 3305 1840 3351 et
1868 3298 2057 3368 plures

463 3385 766 3440 secundum
793 3387 976 3458 plures
1001 3404 1069 3442 ex
1093 3389 1177 3444 his
1196 3388 1390 3444 modos
1417 3397 1602 3444 essent
1623 3389 1870 3461 ejusdem
1892 3390 2058 3446 unius

462 3479 747 3548 cujusdam
788 3480 1088 3550 genitores,
1120 3495 1250 3536 vere
1266 3481 1514 3536 omnium
1579 3482 1726 3537 idem
1782 3499 1930 3538 unus
1951 3483 2058 3540 erit

465 3567 630 3622 ﬁlius.
647 3567 838 3635 Quoad
861 3583 1082 3624 causam
1109 3584 1295 3640 porro,
1320 3583 1389 3624 ex
1409 3570 1601 3636 Patre;
1625 3570 1808 3640 quoad
1833 3585 2059 3640 compo-

463 3658 722 3712 sitionem
753 3674 886 3713 vero
937 3669 996 3714 et
1033 3659 1477 3729 conceptionem,
1504 3675 1572 3714 ex
1603 3660 1775 3715 Matre
1810 3659 2056 3716 Verbum

464 3750 707 3818 genitum
741 3758 845 3805 est.
871 3749 1030 3817 Quod
1063 3751 1215 3805 enim
1299 3751 1562 3821 concipit,
1595 3767 1711 3806 non
1761 3759 1940 3806 totum
1987 3765 2058 3810 ex
2093 3748 2102 3757 ’

467 3841 651 3911 διείρεο
675 3841 870 3914 gignit,
898 3851 960 3898 ut
983 3840 1192 3898 indicat
1216 3841 1398 3912 ipsum
1422 3841 1804 3914 conceptionis
1832 3856 2054 3896 nomen.

1130 3957 1285 4013 CAP.
1331 3959 1396 4014 V.

536 4047 592 4101 Si
624 4063 689 4102 ea
717 4049 999 4119 generatio
1025 4050 1192 4105 Verbi
1231 4049 1330 4106 Dei
1360 4065 1485 4121 quae
1515 4065 1647 4105 vere
1685 4056 1770 4105 est
1797 4064 1865 4105 ex
1893 4048 2057 4103 Patre

466 4139 652 4194 dilfert
690 4140 758 4194 ab
802 4157 868 4196 ea
897 4157 1019 4211 qua:
1069 4141 1147 4196 illi
1186 4157 1320 4198 vere
1374 4143 1696 4197 attribuitur
1737 4157 1805 4197 ex
1848 4151 2056 4206 matre,

464 4249 690 4289 necesse
721 4243 908 4290 autem
926 4246 1010 4292 est
1033 4237 1299 4306 omnium?
1324 4237 1380 4293 in
1400 4238 1603 4308 quibus
1636 4243 1825 4308 partus
1847 4237 2054 4302 differt,

466 4327 553 4382 his
582 4344 803 4398 quoque
826 4329 1055 4384 dilferre
1091 4330 1492 4399 substantiam;
1521 4348 1750 4387 necesse
1775 4342 1860 4386 est
1888 4331 2059 4402 igitur

465 4421 693 4476 omnino
721 4421 962 4478 Verbum
986 4423 1159 4476 Deum
1190 4421 1411 4478 diﬂerre
1432 4440 1462 4479 a
1485 4423 1669 4494 seipse
1690 4423 1874 4493 quoad
1923 4423 2059 4478 sub-

464 4512 744 4579 stantiam,
779 4529 845 4568 ex
875 4528 941 4568 eo
967 4513 1115 4583 quod
1163 4512 1421 4569 differant
1467 4529 1597 4569 vere
1646 4515 1796 4570 illius
1826 4531 2061 4585 genera-

2159 721 2435 791 γὲννησις,
2468 720 2655 792 ἐπειδὴ
2709 720 2808 791 οὐχ
2863 721 3070 791 ὅμοιαι·
3101 719 3216 774 ἀλλ’
3258 721 3308 774 εί
3337 718 3440 790 μὲν
3470 719 3533 772 τὺ
3555 721 3746 792 πρότεο

2161 830 2272 886 ρον,
2321 813 2422 868 οὐκ
2463 812 2572 885 ἄρα
2617 814 2680 868 τὸ
2720 813 2996 886 δεύτερον.
3039 813 3256 868 ’Δλλέί
3287 813 3497 886 κυρίως
3523 813 3619 868 καὶ
3648 814 3744 883 p.6-

2159 920 2259 974 νην
2292 901 2433 958 εἶναι
2467 904 2722 976 γέννησίν
2750 923 2886 975 φατε
2932 907 3034 974 τὴν
3064 905 3186 958 κατ’
3216 905 3403 958 αἰτίαν
3430 905 3626 975 μόνην,
3655 904 3748 958 καὶ

2159 996 2390 1068 ἄχρονον
2419 998 2515 1052 καὶ
2546 998 2819 1053 συναῖδιον
2848 997 2925 1069 τῷ
2971 999 3148 1070 Πατρ)⁸
3174 997 3271 1053 τοῦ
3299 996 3436 1051 Θεοῦ
3481 998 3678 1066 Λόγου,
3707 997 3741 1067 ἦ

2163 1090 2536 1161 συνυπάρχειν
2584 1089 2663 1162 τῷ
2701 1091 2962 1158 γεννῶντι
2987 1090 3261 1144 δείκνυσιν
3288 1089 3352 1144 τὸ
3379 1087 3743 1160 γεννώμενον,

2157 1183 2259 1254 τὴν
2296 1184 2396 1255 οὐχ
2431 1183 2626 1252 ὁμοίαν
2678 1180 2814 1255 αὐτῇ
2850 1183 3125 1255 γέννησιν,
3152 1183 3274 1237 οὐδὲ
3318 1181 3526 1254 κυρίως
3557 1181 3748 1251 γέννη-

2161 1291 2246 1328 σιν
2283 1274 2419 1330 ίστε.
2449 1274 2679 1328 Ἐσεσθε
2711 1273 2805 1328 οῦν
2829 1275 3015 1328 λοιπὸν
3053 1277 3130 1347 μὴ
3159 1275 3357 1347 κυρίαν
3392 1275 3596 1338 εἰδότες
3622 1274 3746 1342 γέν-

2158 1383 2315 1436 νησιν
2367 1366 2463 1420 τοῦ
2512 1365 2697 1425 Ἰσαὰκ
2724 1366 2785 1432 ἐξ
2833 1368 3110 1438 Ἀδραάμ,
3149 1369 3184 1440 ἢ
3220 1385 3368 1432 τινος
3425 1369 3617 1440 ἑτέρου
3648 1370 3743 1422 άν-

2165 1456 2390 1526 θρώπου
2425 1457 2484 1525 ἐξ
2525 1457 2815 1529 ἀνθρώπου
2841 1459 3013 1526 ὄντος,
3045 1460 3077 1530 ἢ
3111 1459 3248 1525 ζώου
3284 1462 3350 1513 ὲκ
3381 1457 3542 1525 ζὼου,
3579 1461 3613 1530 ἢ
3645 1478 3746 1528 φυ-

2157 1550 2254 1604 τοῦ
2281 1554 2346 1605 ὲκ
2374 1551 2544 1621 φυτοῦ
2565 1552 2887 1623 γινομένηνο
2915 1551 3038 1606 οὔτε
3060 1552 3170 1623 γάρ
3195 1553 3403 1623 ἄχρονα
3433 1551 3605 1607 ταῦτα
3627 1553 3744 1606 οὐδὲ

2160 1641 2406 1697 συναῖδια
2453 1643 2574 1696 οὐδὲ
2633 1643 2822 1708 ἁπλῶς
2875 1645 2990 1706 τοῖς
3016 1643 3260 1698 τίκτουσι
3306 1644 3744 1715 συνυπάρχονταο

2157 1732 2281 1786 οὐδὲ
2309 1734 2486 1804 πάντη
2514 1735 2677 1806 ὅμοια
2709 1735 2974 1804 γίνονται,
3005 1735 3197 1808 ὥσπερ
3226 1737 3254 1789 ό
3277 1737 3409 1799 Θεὸς
3434 1739 3530 1790 καὶ
3557 1737 3746 1810 Πατὴρ

2157 1821 2250 1876 τὸν
2284 1823 2459 1892 Λόγον
2487 1821 2800 1895 ἐγέννησεν.
2834 1825 2898 1878 Εί
2945 1824 3003 1877 δὲ
3059 1823 3266 1895 ἀληθής
3293 1824 3408 1877 ἐστι
3438 1825 3534 1877 καὶ
3557 1825 3592 1893 ἡ
3619 1825 3747 1892 γέν.

2157 1931 2314 1985 νησις
2365 1913 2460 1967 τοῦ
2523 1915 2711 1969 Ἰσαὰκ
2759 1915 2794 1986 ἠ
2835 1915 2895 1980 ἐξ
2935 1914 3205 1985 Ἀϐραὰμ,
3249 1915 3326 1978 ὼς
3366 1914 3462 1967 καὶ
3492 1914 3652 1983 ὑμεῖς
3688 1914 3748 1966 ὲν

2157 2007 2366 2079 ἑτέροις
2397 2007 2611 2072 εἴπατε,
2639 2007 2734 2060 καὶ
2755 2006 2866 2062 τῶν
2894 2007 3100 2061 λοιπῶν
3135 2006 3287 2071 ζώων
3313 2023 3376 2060 τε
3411 2006 3507 2060 καὶ
3537 2006 3722 2075 φυτῶν

2155 2099 2455 2171 ῦπόχρονός
2504 2116 2565 2153 τε
2603 2094 2741 2154 οὖσα
2790 2100 2886 2154 καὶ
2950 2101 3325 2171 μεθυπάρχειν
3375 2097 3637 2152 δεικνῦσα
3682 2105 3748 2151 το

2155 2194 2520 2264 γεννώμενον,
2553 2193 2650 2248 καὶ⁹
2679 2194 2868 2258 ἁπλῶς
2902 2195 3003 2264 τῆς
3033 2195 3184 2258 θείας
3215 2195 3459 2266 φέρουσα
3491 2194 3746 2264 ἀπείροις

2157 2287 2252 2341 καὶ
2278 2290 2412 2342 πᾶσι
2438 2288 2625 2359 σχεδὸν
2655 2292 2768 2354 τοῖς
2793 2289 2973 2358 λόγοις
3007 2289 3117 2342 τῶν
3142 2292 3471 2359 γεννήσεων,
3502 2290 3604 2343 οὑκ
3636 2290 3744 2360 ἄρα

2156 2377 2312 2432 ἔσται
2343 2379 2550 2448 κυρίως
2571 2379 2828 2434 καὶκατὰ
2857 2378 3118 2451 ἀλήθειαν
3153 2378 3288 2451 μόνη
3319 2375 3454 2432 οὖσα
3489 2376 3748 2447 γέννησις

2158 2471 2279 2525 καθ’
2311 2472 2458 2542 ὑμᾶς
2490 2472 2524 2542 ἡ
2570 2471 2636 2526 ὲκ
2674 2471 2809 2525 Θεοῦ
2847 2471 3062 2544 Πατρδς
3103 2471 3292 2535 ἀῖδίως
3338 2470 3612 2542 νοουμένη
3645 2469 3745 2524 τοῦ

2157 2559 2355 2627 Λόγου.
2406 2559 2470 2613 Et
2501 2555 2596 2614 οὖν
2651 2560 2881 2632 κάκείνη
2931 2560 3025 2614 καὶ
3065 2554 3224 2614 αὗται
3269 2560 3494 2633 ἀληθεῖς
3539 2560 3653 2613 είσί
3684 2575 3748 2612 τε

2157 2653 2254 2706 καὶ
2301 2651 2550 2722 λέγονται
2591 2653 2895 2722 γεννήσεις,
2929 2651 3148 2722 ἀληθεῖς
3199 2652 3310 2722 ἄρα
3341 2652 3435 2705 καὶ
3477 2650 3624 2704 κατὰ
3651 2649 3749 2702 τὸν

2155 2743 2412 2814 διάφορον
2440 2744 2600 2813 λόγον
2649 2743 2760 2798 τῶν
2794 2744 3106 2815 γεννήσεων
3136 2745 3185 2798 οί
3227 2744 3515 2815 λεγόμενοι
3545 2745 3745 2814 γεννή-

2156 2853 2332 2906 τορες.
2362 2835 2572 2890 Οὐκοῦν
2607 2835 2703 2890 καὶ
2750 2835 2961 2898 Παῦλος
2990 2835 3081 2890 διὰ
3126 2835 3220 2888 τοῦ
3259 2835 3618 2904 Εὐαγγελίου,
3647 2835 3751 2890 καὶ

2156 2926 2217 2980 τδ
2260 2925 2488 2997 Πνεῦμα
2539 2927 2630 2980 διὰ
2671 2926 2766 2981 τοῦ
2823 2927 3222 2998 βαπτίσματος,
3253 2929 3351 2982 καὶ
3394 2930 3649 3000 Ἀϐραὰμ
3679 2931 3747 2983 ἐκ

2156 3019 2256 3090 τῆς
2289 3017 2511 3088 ὀσφύος,
2547 3018 2641 3073 καὶ
2693 3019 2894 3090 Ῥαχὴλ
2923 3019 2989 3073 ὲκ
3027 3021 3129 3091 τῆς
3156 3019 3384 3086 κοιλίας,
3431 3021 3528 3075 καὶ
3570 3022 3599 3073 ό
3631 3021 3746 3073 lla-

2156 3112 2262 3184 τὴρ
2293 3111 2354 3178 ἐξ
2380 3111 2574 3166 ἑαυτοῦ
2601 3113 2696 3167 καὶ
2727 3115 2784 3166 ὲν
2819 3112 3000 3184 ἑαυτῷ
3037 3113 3264 3182 γεννῶν,
3297 3113 3497 3176 πάντες
3523 3112 3750 3182 άληθῶς

2158 3206 2482 3278 γεννήτορες
2510 3207 2615 3258 εἰσι
2639 3207 2735 3259 καὶ
2761 3205 3028 3274 λέγονταιο
3059 3206 3216 3277 είπερ
3249 3201 3343 3258 οὖν
3375 3204 3472 3258 καὶ
3493 3205 3752 3268 πλείονες

2159 3294 2301 3350 κατά
2330 3295 2550 3359 πλείους
2591 3295 2798 3348 τούτων
2843 3296 3078 3368 τρόπους
3137 3291 3247 3349 εἷεν
3277 3293 3370 3348 τοῦ
3405 3293 3572 3347 αὑτοῦ
3621 3294 3749 3359 ἑνός

2157 3403 2302 3450 τινος
2330 3387 2686 3458 γεννήτορες,
2738 3385 2955 3458 ἀληθῶς
3004 3387 3222 3440 πάντων
3260 3387 3288 3439 ό
3326 3384 3489 3447 αὐτὸς
3517 3378 3597 3447 εἷς
3626 3385 3750 3447 υίὸς

2157 3479 2335 3537 ἔσται.
2361 3478 2499 3552 Κατ’
2527 3479 2709 3532 αἰτίαν
2734 3480 2842 3550 ἄρα
2878 3481 2943 3532 ὲκ
2971 3479 3202 3548 Πατρός,
3231 3478 3370 3531 κατὰ
3401 3477 3459 3531 δὲ
3492 3477 3752 3531 σύνθεστν

2159 3571 2255 3624 καὶ
2294 3570 2558 3640 σύλληψιν
2583 3571 2647 3624 ἐκ
2677 3570 2884 3641 μητρὸς
2911 3572 2940 3624 ό
2966 3569 3139 3638 Λόγος
3167 3570 3510 3638 γεγέννηται·
3536 3567 3599 3622 τὸ
3635 3569 3751 3638 γὰρ

2159 3663 2424 3717 συλλαδὸν
2455 3663 2622 3728 ἆπαξ,
2653 3665 2715 3716 οὐ
2757 3663 2818 3716 τὸ
2855 3661 2977 3716 ὅλον
3026 3663 3084 3732 ἐξ
3114 3662 3278 3717 αὑτοῦ
3321 3662 3516 3729 τίκτει,
3543 3662 3622 3726 ὡς
3649 3661 3752 3732 δη.

2157 3754 2243 3808 λοί
2272 3755 2449 3809 καὶτὸ
2488 3755 2588 3826 τῆς
2618 3755 2833 3827 λήψεως
2854 3753 3046 3826 ὄνομα.

2775 3959 3027 4012 ΚΕΦΛΛ.
3059 3957 3137 4012 E'.

2230 4049 2293 4102 Εί
2344 4051 2377 4118 ἡ
2425 4049 2683 4122 γέννησις
2729 4051 2822 4107 τοῦ
2863 4050 2999 4104 Θεοῦ
3039 4051 3216 4119 Λόγου
3255 4051 3318 4103 ἐκ
3349 4048 3564 4120 Πατρός
3601 4049 3752 4104 κατὰ

2161 4140 2421 4211 ἀλήθειαν
2472 4140 2610 4196 οὖσα
2667 4143 3050 4214 παρήλλακται
3105 4145 3207 4212 τῆς
3261 4142 3751 4212 ὲπιφημιζομὲνης

2161 4233 2325 4288 αὐτοῦ
2359 4234 2504 4290 κατὰ
2531 4235 2792 4307 ἀλήθειαν
2823 4238 2888 4289 ὲκ
2916 4234 3178 4306 γυναικὸς
3201 4275 3216 4300 ,
3267 4234 3481 4304 ἀνάγκη
3508 4233 3566 4286 δὲ
3596 4235 3753 4287 πᾶσα

2160 4319 2236 4380 ὧν
2285 4328 2314 4380 ό
2355 4329 2516 4392 τόκος
2557 4329 2586 4382 ὁ
2620 4327 2764 4382 κατὰ
2792 4327 3052 4398 ἀλήθειαν
3082 4327 3498 4398 παρήλλακται,
3535 4325 3751 4379 τούτων

2161 4420 2257 4473 καὶ
2307 4420 2410 4491 τὴν
2461 4421 2652 4475 οὐσίαν
2701 4421 3120 4492 παρηλλάχθαι,
3179 4422 3396 4492 ἀνάγκη
3442 4421 3554 4492 ἄρα
3596 4423 3751 4476 πᾶσα

2165 4511 2568 4583 παραλλάττειν
2625 4512 2719 4568 τδν
2769 4514 2902 4566 Θεὸν
2947 4513 3122 4582 Λόγον
3170 4513 3336 4568 αὑτὸν
3386 4515 3583 4567 ἑαυτοῦ
3627 4515 3750 4567 κατ’

468 4602 634 4659 tionis
665 4603 846 4659 modi.
868 4603 925 4659 Si
949 4613 1134 4660 autem
1163 4621 1194 4659 a
1219 4605 1402 4674 seipso
1427 4603 1616 4661 diﬂ‘ert
1645 4605 1791 4661 Deus
1815 4607 2056 4661 Verbum

2162 4603 2374 4671 οὐσίαν,
2408 4605 2496 4659 διὰ
2521 4605 2581 4658 τὸ
2611 4606 2993 4679 παρηλλάχθαι
3027 4608 3113 4659 ἐπ’
3142 4606 3310 4660 αὑτοῦ
3338 4609 3468 4671 τοὺς
3488 4608 3751 4670 τοκετοὺς

466 4695 648 4765 quoad
679 4695 1068 4762 substantiam,
1119 4697 1257 4750 nulli
1291 4714 1423 4768 ergo
1448 4697 1556 4753 erit
1588 4697 1769 4768 quoad
1795 4699 2057 4754 substan-

469 4784 598 4839 tiam
630 4785 848 4850 similis,
899 4801 1082 4856 neque
1130 4786 1278 4840 Patri
1326 4787 1558 4856 scilicet,
1596 4804 1777 4859 neque
1826 4789 2058 4860 Spiritui

466 4886 694 4933 sancto:
731 4878 878 4948 quod
914 4878 1058 4934 tollit
1086 4879 1739 4936 consubstantialitatem.
1762 4913 1834 4922 --
1873 4884 2060 4940 Multis

467 4967 955 5038 impertinentibus
1006 4976 1063 5022 et
1098 4966 1398 5037 :equivocis
1449 4968 1791 5038 argumentis
1817 4976 2058 5025 vestram

468 5057 806 5127 impietatem
865 5060 1184 5124 sustinetis;
1230 5068 1288 5115 et
1317 5059 1384 5114 de
1431 5060 1762 5130 quibusnam
1819 5061 2058 5132 primum

470 5165 566 5203 vos
592 5150 908 5206 incusemus
938 5151 1290 5222 ambigimus.
1325 5152 1443 5207 Jam
1475 5153 1645 5220 enim,
1671 5169 1796 5208 cum
1825 5154 2060 5210 diversa:

469 5237 582 5292 sint
610 5241 1014 5309 generationes,
1049 5257 1242 5296 omnes
1275 5249 1456 5296 tamen
1482 5257 1612 5296 vere
1644 5257 1786 5308 esse,
1813 5244 1929 5299 sive
1949 5245 2062 5299 sint

475 5329 640 5383 unius
675 5331 958 5400 cujusdam
985 5373 999 5398 ,
1029 5333 1146 5388 sive
1189 5333 1303 5389 sint
1337 5333 1581 5403 plurium
1618 5334 1816 5391 similis
1846 5336 2057 5403 formae,

475 5427 636 5475 antea
662 5438 692 5476 a
721 5422 883 5478 nobis
916 5423 1354 5481 demonstratum
1392 5425 1516 5480 fuit.
1549 5427 1617 5482 Et
1652 5443 1784 5482 ecce
1826 5443 1922 5483 vos
1953 5429 2058 5498 ipsi

407 5553 410 5558 .
474 5513 766 5568 nobiscum
801 5517 1150 5583 consentitis,
1199 5517 1438 5572 dicendo
1478 5537 1495 5569 ι
1533 5517 1738 5589 quibus
1774 5535 1904 5574 vere
1935 5535 2062 5590 par-

476 5615 566 5663 tus
596 5605 802 5674 dill‘ert,
827 5626 845 5657 ι
876 5607 1030 5662 scitis
1059 5609 1206 5664 enim
1231 5619 1287 5666 et
1311 5627 1411 5667 vos
1435 5613 1546 5683 jam
1590 5611 1912 5668 dill‘erentes
1939 5615 2062 5684 qui-

477 5702 626 5768 dem,
659 5703 754 5758 sed
785 5717 948 5759 veros
976 5713 1160 5760 tamen
1203 5715 1397 5776 partus
1424 5708 1713 5778 quosdam.
1746 5709 1916 5765 Error
1959 5727 2062 5767 au-

476 5803 587 5848 tem
611 5804 791 5849 vester
822 5809 967 5849 nunc
993 5805 1078 5850 est
1106 5796 1251 5866 quod
1277 5797 1472 5854 dicatis
1497 5839 1512 5864 ,
1547 5815 1785 5868 quorum
1831 5817 2060 5872 genera-

478 5886 656 5942 tiones
679 5886 962 5955 diﬂ'erunt,
1003 5903 1195 5946 eorum
1224 5889 1448 5948 diﬂ‘erre
1481 5899 1536 5948 et
1569 5891 1922 5952 substantias.
1952 5894 2059 5961 Qui

2162 4698 2304 4750 κατὰ
2351 4696 2629 4768 ἀλήθειαν.
2694 4699 2756 4750 Et
2806 4697 2864 4750 δὲ
2910 4698 3074 4762 αὐτὸς
3125 4697 3320 4752 ἑαυτοῦ
3361 4697 3750 4769 παρήλλακται

2160 4789 2187 4840 ὁ
2219 4786 2353 4852 Θεὸς
2383 4787 2557 4857 Λόγος
2607 4788 2729 4841 κατ’
2763 4788 2974 4854 οὐσίαν,
3012 4790 3188 4843 οὐδενὶ
3219 4790 3374 4843 ἔσται
3405 4792 3529 4843 κατ’
3556 4791 3749 4844 οὐσίαν

2161 4881 2384 4951 ὅμοιος,
2441 4882 2564 4934 οὐδὲ
2612 4881 2690 4952 τῷ
2740 4883 2915 4953 Πατρὶ
2965 4883 3072 4952 ἄρα
3115 4884 3208 4937 καὶ
3249 4883 3327 4954 τῷ
3357 4883 3640 4954 Πνεῦματι
3671 4883 3750 4952 τῷ

2163 4971 2302 5043 ἁγίῳ
2325 5012 2341 5038 ,
2396 4973 2536 5043 ὅπερ
2579 4973 2799 5046 ἀναιρεῖ
2835 4975 2895 5027 τὸ
2925 4974 3230 5044 ὁμοούσιον,
3271 4974 3494 5038 Πολλοῖς
3524 4975 3750 5036 ἀτόποις

2163 5064 2257 5116 καὶ
2289 5064 2601 5135 ίσοῤῥόποις
2626 5064 2726 5135 τὴν
2746 5065 3000 5118 ἀσέόειαν
3028 5064 3322 5136 συνέχεσθε
3344 5084 3358 5096 ·
3392 5065 3486 5120 καὶ
3512 5066 3752 5136 ἀποροῦ-

2165 5173 2265 5226 μεν
2303 5156 2434 5226 περὶ
2466 5154 2643 5210 ποίων
2678 5156 2807 5227 ὑμῖν
2837 5157 3160 5227 πρωτίστων
3187 5157 3563 5227 ὲγκαλέσομεν
3591 5173 3607 5188 ο
3647 5156 3747 5227 ἤδη

2165 5251 2266 5320 μὲν
2297 5249 2406 5322 γὰρ
2438 5251 2535 5302 καὶ
2563 5249 2836 5318 διαφόρων
2865 5250 3040 5302 οὐσῶν
3073 5250 3183 5303 τῶν
3213 5252 3554 5320 γεννήσεων,
3595 5250 3748 5318 ὅμως

2161 5340 2380 5412 άληθῶς
2427 5341 2608 5404 πάσας
2655 5335 2795 5394 εἶναι
2849 5339 2952 5393 κᾶν
2987 5341 3108 5403 ἑνός
3138 5357 3308 5404 τινος,
3347 5341 3451 5394 κᾶν
3481 5340 3748 5393 πλειόνων

2161 5433 2428 5502 ὁμοειδῶν
2475 5428 2585 5486 εἷεν
2608 5473 2621 5496 ,
2671 5433 3168 5501 προαποδέδεικται
3198 5433 3354 5503 ἡμῖν.
3403 5432 3534 5486 Ἰδοὺ
3565 5431 3624 5485 δὲ
3652 5433 3750 5486 καὶ

2164 5527 2320 5595 ὑμεῖς
2353 5524 2645 5579 συνέθεσθε
2679 5526 2844 5596 ἡμῖν,
2892 5519 3022 5580 «Ὧν
3065 5529 3093 5581 ὁ
3126 5525 3269 5580 κατὰ
3298 5523 3557 5594 ἀλήθειαν
3587 5524 3749 5588 τόκος

2166 5616 2584 5688 παρήλλακται,
2608 5636 2626 5670 ι
2679 5616 2934 5685 λέγοντες
2958 5635 2972 5648 ο
3029 5619 3145 5670 ἴστε
3179 5617 3287 5688 γὰρ
3328 5619 3431 5687 ἤδη
3464 5617 3557 5669 καὶ
3587 5616 3748 5685 ὑμεῖς

2169 5708 2648 5780 παραλλάττοντας
2683 5709 2784 5779 μὲν
2800 5749 2815 5775 ,
2852 5708 3075 5779 ἀληθεῖς
3099 5710 3158 5763 δὲ
3185 5705 3325 5764 εἶναι
3349 5709 3543 5772 τόκους
3568 5711 3746 5773 τινας.

2165 5802 2372 5867 Ψεῦδος
2403 5803 2461 5856 δὲ
2496 5803 2592 5857 καὶ
2635 5801 2696 5856 τὸ
2737 5801 2831 5856 νῦν
2869 5803 3162 5873 λεγόμενον
3192 5803 3323 5875 ὑμῖν
3349 5804 3518 5869 ἐστιν,
3553 5801 3639 5856 ὅτι
3668 5793 3748 5858 ὦν

2168 5895 2224 5949 al.
2254 5895 2538 5966 γεννήσεις
2579 5894 2862 5968 διάφοροι,
2905 5895 3112 5953 τούτων
3150 5895 3245 5953 καὶ
3278 5895 3335 5952 αἱ
3363 5895 3560 5951 οὐσίαι.
3596 5893 3745 5950 οἱτε
