4042 6540
397 459 533 530 1661

1357 469 1759 534 ADVERSUS
1798 471 2421 538 NESTORIANOS.-
2450 478 2596 539 LIB.
2638 478 2739 540 IV.

3532 465 3670 543 1662

392 580 504 651 γὰρ
552 577 765 633 Παῦλον
810 579 1025 652 πατέρα
1069 580 1502 653 ἐπιγραφόμενοι
1545 582 1636 637 διὰ
1670 581 1766 635 τοῦ
1799 583 1964 651 Εύαγ⁴

2076 584 2225 639 enim
2254 596 2559 655 agnoscunt
2588 587 2818 642 Paulum
2853 597 3095 658 patrem;
3127 588 3220 659 qui
3250 588 3433 644 carnis
3452 596 3668 660 patres;

392 671 598 740 γελίου,
642 672 696 725 οἴ
724 688 784 726 τε
837 674 965 736 τοὺς
1008 672 1107 743 τῆς
1146 673 1349 744 σαρκὸς
1389 674 1670 745 πατέρας,
1715 673 1858 728 οἵτε
1889 674 1982 727 τὸν

393 764 618 835 Πατέρα
645 764 756 817 τῶν
785 764 1134 835 πνευμάτων,
1166 765 1220 818 οἶ
1246 783 1306 818 τε
1340 768 1404 819 ἑκ
1429 765 1525 820 τοῦ
1548 767 1802 821 διασόλου
1828 767 1983 837 λεγό-

395 872 547 924 μενοι
570 856 951 927 γεγεννῆσθαι,
984 855 1039 909 οἳ
1060 874 1119 911 τε
1150 856 1208 923 ἑξ
1237 856 1483 929 ἐχιδνῶν,
1515 859 1638 913 καθ’
1663 859 1856 931 ἑτέραν
1883 861 1982 930 μὲν

395 948 629 1012 ἕκαστος
678 947 934 1019 γέννησιν
973 949 1332 1022 γεγέννηται,
1388 952 1481 1005 καὶ
1510 952 1660 1023 ὅμως
1688 952 1786 1023 τῆς
1811 951 1982 1022 αὐτῆς

396 1038 622 1104 πάντες,
647 1038 816 1109 ἤγουν
836 1038 1025 1108 ὁμοίας
1046 1038 1414 1112 ἀνθρωπίνης,
1436 1041 1575 1094 είσὶν
1593 1040 1803 1105 οὐσίας.
1822 1039 1985 1110 Τιμό-

398 1128 520 1195 θεος
546 1130 603 1184 δὲ
633 1132 663 1184 ό
690 1130 857 1201 ἱερὸς,
885 1130 1098 1185 Παύλου
1126 1147 1187 1184 τε
1214 1131 1307 1184 καὶ
1329 1132 1538 1203 πατρὸς
1556 1131 1818 1205 Ἕλληνος
1843 1132 1978 1199 υίὸς,

395 1222 491 1278 καὶ
520 1217 601 1286 είς
631 1222 707 1276 ὢν
733 1222 813 1294 τῷ
836 1221 1077 1293 ἀριθμῷ,
1115 1222 1337 1286 πλείους
1369 1222 1714 1295 ἐπεγράφετο
1740 1224 1981 1278 τοιούσδε

362 1316 365 1321 ⁷
390 1316 657 1386 πατέρας.
684 1314 812 1377 Πῶς
835 1309 928 1369 οὖν
950 1313 1123 1368 ταῦτα
1145 1315 1484 1386 μαρτυρήσει
1509 1318 1620 1380 τοῖς
1641 1315 1771 1388 παρ’
1796 1317 1978 1388 ύμῶν;

391 1406 501 1475 Καὶ
549 1405 723 1471 οὕτως
768 1406 868 1475 μὲν
914 1405 1079 1460 τάδε·
1137 1406 1231 1459 τοῦ
1281 1406 1337 1460 δὲ
1386 1406 1558 1477 Ἀδὰμ
1607 1408 1838 1479 ἑτέρως,
1885 1410 1981 1463 καὶ

392 1498 535 1563 Εὔας
583 1500 785 1572 ἑτέρως
805 1540 820 1565 ,
856 1500 951 1554 καὶ
979 1498 1086 1570 Σὴθ
1118 1500 1317 1571 ἑτέρως
1345 1502 1792 1573 γεγεννημένων,
1849 1502 1980 1573 μίαν

390 1593 576 1656 αὐτοῖς
621 1593 769 1663 ὅμως
814 1588 955 1646 εἶναι
1008 1592 1108 1661 τὴν
1147 1592 1308 1661 φύσιν
1356 1592 1451 1646 καὶ
1486 1592 1587 1662 τὴν
1617 1593 1787 1665 αὐτὴν
1817 1596 1977 1661 πᾶσι,

385 1686 470 1750 τίς
493 1685 737 1756 ἀντερεῖ;
773 1685 914 1739 ὥστε
945 1685 1065 1741 οὐδὲ
1094 1678 1172 1739 ὧν
1199 1686 1255 1739 αί
1280 1687 1562 1758 γεννήσεις
1585 1686 1850 1756 διάφοροι,
1883 1689 1980 1743 καὶ

384 1778 444 1831 ui
465 1776 667 1831 οὐσίαι·
703 1777 880 1841 ἄλλως
907 1794 967 1831 τε
995 1780 1045 1831 εί
1073 1777 1166 1831 ἐπ’
1187 1777 1351 1833 ἄλλου
1381 1777 1478 1832 καὶ
1500 1778 1662 1834 ἄλλου
1680 1778 1976 1850 προσώπου

385 1867 771 1938 λαμὸάνοιντο,
806 1868 937 1932 ἴσως
965 1869 1203 1934 δείξουσι
1228 1869 1290 1923 τδ
1320 1869 1444 1923 κατ’
1470 1870 1660 1923 οὐσίαν
1689 1871 1969 1943 διάφορονο

2084 675 2181 746 qui
2232 685 2446 745 patrem
2494 679 2828 747 spirituum,
2885 681 2979 750 qui
3015 681 3281 737 dicuntur
3334 699 3401 738 ex
3446 682 3669 737 diabolo

2082 766 2233 834 nati;
2287 769 2493 839 quique
2549 785 2617 825 ex
2677 771 2902 841 viperis,
2955 773 3011 827 hi
3041 773 3346 828 secundum
3394 773 3669 829 diversam

2083 858 2318 929 quisque
2351 860 2766 931 generationem
2793 862 2963 932 geniti
3004 872 3155 927 sunt,
3176 874 3233 919 et
3259 876 3441 920 tamen
3477 881 3672 920 omnes

2083 951 2300 1019 similis,
2340 954 2594 1008 humana:
2616 954 2899 1019 videlicet,
2946 966 3076 1010 sunt
3106 957 3450 1012 substantias.
3498 959 3671 1012 Divus

2082 1050 2268 1098 autem
2321 1043 2667 1109 Timotheus,
2713 1044 2869 1099 Pauli
2921 1054 2977 1099 et
3030 1048 3204 1115 patris
3235 1049 3455 1119 gentilis
3495 1048 3665 1113 (ilius,

2082 1137 2214 1193 licet
2244 1153 2389 1193 unus
2434 1154 2691 1203 numero,
2739 1140 2929 1209 plures
2962 1149 3146 1195 tamen
3190 1142 3293 1196 hos
3332 1143 3667 1213 agnoscebat

2081 1238 2288 1299 patres.
2318 1228 2609 1295 Quomodo
2654 1229 2823 1300 igitur
2866 1231 2970 1285 ista
3000 1231 3442 1309 testiﬁcabuntur
3477 1234 3547 1289 de
3575 1235 3666 1290 bis

2082 1336 2204 1389 quae
2234 1337 2263 1375 a
2287 1321 2444 1376 vobis
2473 1322 2645 1376 sunt?
2673 1324 2740 1377 Et
2767 1324 2883 1380 haec
2904 1324 3130 1394 quidem
3165 1325 3270 1379 isto
3290 1326 3453 1380 modo
3482 1342 3496 1379 :
3525 1326 3665 1382 Cum

2081 1411 2245 1468 aliter
2282 1412 2476 1480 Adam,
2531 1415 2695 1470 aliter
2728 1416 2877 1481 Evze,
2921 1416 3084 1472 aliter
3131 1416 3264 1471 Seth
3310 1417 3479 1487 geniti
3530 1418 3662 1483 sint,

2082 1519 2245 1558 unam
2281 1513 2465 1561 tamen
2496 1506 2578 1561 eis
2602 1522 2724 1563 esse
2755 1516 3030 1576 naturam,
3060 1518 3116 1563 et
3146 1508 3369 1578 quidem
3393 1510 3662 1575 eamdem,

2080 1595 2206 1666 quis
2230 1596 2429 1666 neget?
2475 1596 2555 1650 Ita
2593 1607 2653 1651 ut
2702 1614 2939 1668 quorum
2966 1599 3354 1669 generationes
3407 1600 3661 1667 diversae,

2079 1700 2273 1741 eorum
2312 1701 2424 1740 non
2468 1686 2594 1742 ideo
2633 1687 2746 1742 sint
2777 1688 3099 1743 substantiae
3138 1686 3391 1742 diversa}.
3425 1687 3663 1742 Praeser-

2080 1780 2203 1842 tim,
2231 1778 2275 1834 si
2298 1794 2463 1833 unam
2494 1787 2550 1834 et
2590 1779 2752 1834 aliam
2784 1778 2979 1834 faciem
3015 1780 3381 1851 susceperint,
3409 1779 3549 1835 forte
3580 1780 3665 1833 in-

2079 1871 2332 1927 dicarent
2359 1872 2731 1927 diﬂ‘erentiam
2760 1872 2907 1928 circa
2934 1874 3298 1929 substantiam
3335 1891 3349 1928 :
3383 1874 3438 1929 in
3467 1874 3663 1929 eodem

383 1961 478 2015 ἐπὶ
526 1961 585 2015 δὲ
634 1960 729 2015 τοῦ
777 1961 945 2015 αὐτοῦ
995 1962 1360 2033 ὑποκειμένου
1410 1962 1506 2016 καὶ
1542 1964 1664 2024 ταῖς
1690 1962 1964 2036 διαφόροις

2070 1970 2255 2018 autem
2290 1963 2567 2034 subjecto,
2598 1964 2768 2019 etiam
2796 1964 3032 2019 diversis
3060 1964 3514 2035 generationibus
3559 1965 3664 2020 do-

380 2054 672 2126 γεννήσεσι
702 2055 1189 2126 κατηγορουμένου
1211 2096 1226 2121 ,
1276 2055 1396 2119 πῶς
1426 2056 1489 2109 τὸ
1513 2056 1646 2111 αὐτὸ
1678 2057 1968 2129 ἀδιάφορον

380 2146 570 2214 Eatur;
623 2146 690 2201 Τί
730 2142 825 2201 οὖν
874 2147 949 2218 μὴ
992 2147 1272 2215 δείξαντες
1299 2148 1548 2220 πρῶτον,
1591 2150 1674 2204 ὅτι
1707 2150 1850 2204 κατά
1874 2150 1968 2206 δύο

379 2241 665 2311 γεννήσεις
685 2240 994 2312 διαφόρους,
1021 2241 1082 2295 οὐ
1110 2242 1337 2296 δυνατὸν
1365 2243 1398 2315 ἢ
1426 2243 1487 2296 τὸ
1512 2243 1645 2299 αὐτὸ
1669 2244 1728 2298 ἒν
1748 2245 1968 2299 ὑποκεί-

382 2350 544 2405 μενον
573 2332 926 2403 ὑφίστασθαι,
962 2333 999 2406 ή
1029 2350 1152 2389 τινα
1175 2333 1438 2405 ὀμοούσια
1465 2334 1703 2390 νοεῖσθαι
1722 2376 1736 2401 ,
1777 2336 1967 2401 ἁπλῶς

378 2427 444 2481 ἑκ
473 2425 576 2496 τῆς
603 2426 870 2498 διαφορᾶς
900 2426 1003 2498 ήδη
1030 2427 1139 2482 τῶν
1165 2428 1508 2499 γεννήσεων,
1538 2428 1797 2502 διάφορον
1824 2424 1964 2485 εἶναι

376 2516 475 2570 καὶ
517 2517 578 2570 τὸ
608 2516 742 2570 αὐτὸ
788 2516 846 2571 ἐν
881 2516 1225 2589 γεννώμενον
1262 2519 1627 2590 ὑποκείμενον
1658 2521 1960 2590 συνάγετε;

391 2611 789 2683 ’Λντιστρόφως
832 2611 942 2683 γὰρ
987 2610 1117 2682 ὑμῖν
1165 2611 1327 2682 ἡμεῖς
1369 2612 1644 2684 ἐροῦμεν,
1693 2614 1776 2668 ὅτι
1810 2616 1861 2668 εί
1889 2608 1965 2669 ὧν

376 2703 435 2756 ul
478 2706 762 2775 γεννήσεις
806 2704 1098 2777 διάφοροι,
1156 2704 1253 2758 καὶ
1296 2706 1329 2774 ὴ
1367 2705 1526 2759 οὐσία
1552 2705 1831 2777 διάφορος,
1858 2708 1965 2779 ἄρα

378 2794 481 2849 καὶ
520 2787 596 2848 ὧν
645 2795 941 2868 ἀδιάφορος
985 2798 1019 2867 ή
1060 2796 1349 2866 γέννησις,
1386 2797 1482 2850 καὶ
1515 2798 1573 2850 ui
1603 2798 1782 2852 ούσίαι
1806 2799 1964 2853 ἀδιά-

377 2903 569 2957 φορον
621 2888 818 2941 οὐκοῦν
863 2888 1164 2960 ὑπόχρονός
1196 2907 1256 2943 τε
1302 2884 1439 2943 οὖσα
1484 2892 1580 2945 καὶ
1614 2893 1964 2965 σπερματικὴ

375 2981 474 3034 καὶ
506 2981 594 3036 διά
626 2980 843 3054 μήτρας
871 2984 967 3037 καὶ
996 2983 1201 3054 ὁμοίως
1230 2983 1429 3055 ἔχουσα
1454 2985 1710 3056 γέννησις
1737 2986 1875 3041 ὄνων
1902 3006 1963 3042 τε

374 3073 473 3127 καὶ
513 3074 695 3127 κυνῶν
744 3075 841 3128 καλ⁵
881 3074 1190 3146 ἀνθρώπων
1240 3075 1335 3130 καὶ
1378 3076 1525 3130 συῶν
1559 3077 1655 3130 καὶ
1687 3077 1959 3149 πιθήκων,

373 3164 570 3236 ὁμοίαν
602 3165 770 3219 τῶνδε
804 3166 1108 3238 παρίστησι
1141 3167 1237 3221 καὶ
1266 3166 1368 3239 τὴν
1397 3167 1586 3222 οὐσίαν
1612 3186 1627 3235 ;
1676 3169 1742 3222 Τί
1774 3170 1832 3223 δέ
1870 3187 1961 3240 μοι

2068 2064 2224 2121 nato,
2247 2056 2528 2125 quomodo
2577 2056 2725 2112 idem
2780 2056 3064 2113 diversum
3114 2058 3258 2113 erit?
3303 2058 3490 2129 Igitur,
3536 2074 3663 2115 cum

2069 2161 2184 2201 non
2210 2146 2733 2202 demonstraveritis
2765 2147 2899 2202 illud
2930 2148 3191 2219 primum,
3215 2149 3427 2204 scilicet
3458 2164 3663 2205 secun»

2067 2236 2199 2292 dum
2225 2237 2367 2293 duas
2398 2239 2785 2309 generationes
2808 2240 3059 2295 diversas
3090 2240 3204 2295 ﬁeri
3242 2255 3354 2294 non
3388 2254 3549 2309 posse
3571 2240 3661 2294 vel

2068 2340 2132 2385 ut
2160 2345 2334 2384 unum
2368 2339 2425 2385 et
2457 2329 2602 2385 idem
2626 2331 2939 2400 subjectum
2978 2331 3269 2397 subsistat,
3301 2333 3390 2386 vel
3419 2340 3478 2386 ut
3500 2332 3665 2388 intel-

2065 2425 2269 2495 ligatur
2298 2423 2551 2494 quaadam
2571 2423 3144 2483 consubstantialitas,
3171 2423 3308 2493 quid
3337 2423 3664 2492 simpliciter

2063 2533 2133 2573 ex
2159 2515 2482 2571 diversitate
2507 2515 2929 2586 generationum
2968 2514 3255 2569 diversum
3294 2531 3515 2585 quoque
3539 2531 3663 2571 esse

2066 2623 2238 2663 unum
2290 2606 2437 2661 idem
2487 2606 2803 2676 subjectum
2860 2613 3194 2677 generatum
3246 2604 3566 2675 inducitis?
3618 2605 3663 2661 E

2064 2708 2257 2756 contra
2286 2700 2435 2754 enim
2469 2715 2572 2754 nos
2608 2700 2768 2754 vobis
2800 2698 3076 2763 dicemus,
3124 2699 3172 2755 si
3212 2715 3453 2770 quorum
3498 2713 3665 2769 gene-

2064 2790 2307 2846 rationes
2338 2788 2625 2854 differunt,
2666 2804 2861 2844 eorum
2904 2789 3094 2845 differt
3138 2804 3361 2860 quoque
3410 2789 3666 2845 substan-

2065 2883 2161 2950 tia,
2190 2897 2322 2955 ergo
2354 2891 2411 2937 et
2440 2898 2677 2953 quorum
2700 2882 2989 2953 generatio
3024 2896 3137 2936 non
3166 2891 3250 2937 est
3281 2881 3525 2947 diversa,
3557 2898 3664 2938 nec

2063 2990 2261 3031 eorum
2296 2990 2419 3031 esse
2447 2974 2819 3030 substantiam
2844 2973 3146 3028 diversam.
3182 2973 3355 3044 Igitur
3386 2982 3663 3044 tempora-

2062 3071 2134 3127 lis
2159 3086 2285 3127 cum
2326 3070 2420 3137 sit,
2452 3077 2510 3125 et
2542 3085 2610 3124 ex
2642 3068 2877 3133 semine,
2914 3076 2971 3123 et
3002 3082 3104 3138 per
3144 3074 3377 3122 matrem
3408 3075 3467 3121 et
3491 3065 3661 3121 simili

2063 3163 2252 3229 modo,
2285 3162 2574 3235 generatio
2605 3161 2914 3225 asinorum,
2938 3168 2996 3215 et
3024 3168 3322 3224 canum,et
3349 3160 3658 3225 hominum,

373 3257 579 3329 ἑτέρων
613 3257 646 3329 ἢ
682 3258 878 3331 ἑτέρας
909 3259 1070 3330 χρεία
1099 3260 1409 3331 γεννήσεως
1441 3258 1579 3331 πρὸς
1607 3260 1831 3329 ἔνδειξιν
1864 3263 1959 3316 τοῦ

2068 3264 2123 3313 et
2151 3270 2470 3327 porcorum,
2504 3262 2561 3310 et
2589 3253 2899 3317 simiarum,
2925 3252 3123 3307 ideone
3164 3252 3402 3307 similem
3456 3268 3653 3308 eorum

373 3349 440 3404 ἑκ
491 3347 695 3420 τρόπου
740 3350 1048 3420 γεννήσεως
1074 3388 1090 3415 ,
1144 3350 1245 3421 τὴν
1289 3351 1556 3423 διαφορὰν
1593 3347 1753 3418 εἶναι,
1794 3354 1826 3423 ἢ
1862 3353 1960 3423 τὴν

2068 3347 2356 3405 constituit
2387 3356 2444 3402 et
2486 3346 2855 3402 substantiam
2874 3346 2897 3399 Ἰ
2916 3344 3061 3412 Quid
3088 3360 3223 3400 vero
3248 3346 3382 3400 mihi
3415 3345 3540 3401 aliis
3564 3356 3661 3403 aut

372 3443 669 3515 ὁμοιότητα
714 3444 825 3498 τῶν
862 3444 1098 3511 ούσιῶν;
1136 3442 1245 3498 Τοῦ
1275 3443 1386 3515 γὰρ
1414 3444 1578 3499 αὐτοῦ
1606 3445 1724 3509 ἑνὸς
1746 3446 1961 3515 ἀνθρὼ-

372 3553 477 3589 που
503 3576 518 3600 ,
572 3536 672 3607 μία
701 3537 821 3590 κατ’
845 3535 1079 3608 ἀριθμὸν
1107 3536 1204 3589 καὶ
1230 3537 1262 3607 ἡ
1289 3536 1427 3606 αὑτὴ
1455 3537 1708 3609 γέννησίς
1730 3539 1847 3591 ἑστι
1870 3538 1963 3609 δη-

371 3623 539 3694 λαδὴο
598 3624 743 3696 ψυχὴ
787 3625 845 3678 δὲ
889 3625 985 3679 καὶ⁸
1023 3625 1183 3698 σῶμα
1231 3627 1287 3679 αἱ
1322 3626 1743 3697 συγγενηθεωαι
1772 3627 1964 3697 φύσεις

372 3716 496 3771 κατ’
527 3717 720 3787 αὐτὴν,
757 3717 1005 3788 διάφοροί
1034 3719 1164 3773 είσι.
1204 3718 1345 3772 Καθ’
1371 3719 1517 3789 ὑμᾶς
1547 3718 1662 3785 οὖν,
1689 3720 1723 3792 ἢ
1756 3722 1819 3775 ού
1843 3721 1962 3776 διά-

372 3827 538 3883 φορον
560 3806 699 3865 εἶναι
722 3810 819 3883 τὴν
839 3811 1027 3866 οὐσίαν
1049 3810 1406 3876 τούτων,ἑπεὶ
1429 3812 1564 3884 μηδὲ
1586 3814 1686 3884 τὴν
1708 3815 1959 3885 γέννησιν

372 3904 618 3975 φήσομεν
642 3921 657 3937 ο
708 3905 742 3976 ἢ
789 3905 1045 3976 διάφορον
1094 3905 1377 3973 λέγοντες,
1414 3904 1508 3959 δύο
1540 3906 1636 3959 καὶ
1660 3906 1950 3979 διαφόρους

368 3996 466 4061 τὰς
509 3997 604 4051 τοῦ
641 3996 759 4061 ἑνὸς
789 3997 1077 4069 ἀνθρώπου
1109 3998 1168 4053 ἑν
1193 3997 1379 4070 ταυτῷ
1408 4000 1778 4071 πιστεύσομεν
1808 3998 1954 4057 εἶναι

369 4087 670 4158 γεννήσεις.
726 4087 838 4141 Καὶ
885 4087 1060 4141 ταῦτα
1106 4087 1206 4156 μὲν
1251 4087 1407 4157 ὑμῶν
1440 4087 1505 4141 τά
1538 4089 1763 4160 κομψάσ
1802 4091 1954 4160 ὅμως

374 4178 558 4249 μέντοι
615 4176 740 4232 οὔτε
768 4176 957 4248 εἴρηκέ
988 4194 1073 4241 τις
1103 4177 1234 4247 ὑμῖν
1263 4177 1346 4231 ὅτι
1375 4178 1468 4232 τὸν
1493 4178 1665 4246 Λόγον
1690 4178 1954 4244 ὡσαύτως

372 4268 577 4323 ἁπλοῦν
601 4310 616 4335 ,
666 4268 803 4322 ἀλλὰ
838 4269 976 4339 μετά
1001 4268 1101 4338 τῆς
1131 4269 1401 4340 σαρκικῆς
1431 4269 1618 4333 οὐσίας
1652 4271 1718 4324 ἑκ
1746 4271 1954 4342 μητρὸς

370 4362 515 4419 κατά
560 4362 658 4435 τὴν
697 4362 958 4435 δευτέραν
992 4362 1159 4416 αὐτοῦ
1192 4362 1448 4433 γέννησιν
1494 4364 1528 4435 ή
1563 4362 1793 4435 δευτέρα
1824 4364 1953 4434 γέν-

369 4470 525 4524 νησις
552 4454 853 4524 προήγαγε,
887 4454 1259 4523 δοκησίσοφοι.

2068 3441 2176 3498 alia
2216 3439 2574 3512 generatione
2621 3453 2762 3508 opus
2791 3447 2878 3493 est
2929 3437 2998 3493 ad
3046 3436 3543 3493 demonstrandum
3591 3455 3661 3494 ex

2070 3533 2236 3588 modo
2274 3530 2650 3603 generationis
2694 3545 2818 3585 esse
2862 3529 3235 3586 differentiam
3267 3530 3366 3584 vel.
3402 3530 3662 3587 similitu-

2070 3626 2257 3682 dinem
2308 3622 2791 3680 substantiarum?
2826 3620 2984 3676 Unus
3017 3621 3167 3676 enim
3217 3629 3274 3675 et
3314 3620 3460 3676 idem
3494 3622 3660 3677 homo

2071 3731 2198 3771 cum
2216 3715 2309 3781 sit,
2332 3730 2441 3768 una
2472 3727 2708 3767 numero
2748 3711 3053 3780 eademque
3082 3718 3168 3765 est
3196 3710 3318 3780 ejus
3347 3708 3658 3778 generatio,

2065 3814 2333 3878 utpatet:
2367 3805 2548 3861 anima
2596 3812 2783 3859 autem
2833 3811 2890 3857 et
2922 3817 3147 3872 corpus,
3208 3808 3422 3856 naturae
3466 3801 3524 3855 in
3576 3799 3660 3854 id-

2065 3903 2252 3973 ipsum
2273 3900 2580 3972 congenita:
2605 3899 2889 3955 diﬁ‘erunt.
2918 3897 3115 3970 Igitur,
3143 3897 3211 3951 ad
3237 3905 3475 3953 vestram
3504 3912 3660 3951 men-

2061 4004 2212 4060 tem,
2260 3993 2346 4049 vel
2398 4008 2511 4047 non
2540 3991 2817 4047 diversam
2876 4005 3073 4046 eorum
3126 3989 3516 4054 substantiam,
3570 3998 3655 4043 ut-

2060 4095 2192 4157 pote
2234 4099 2471 4155 quorum
2501 4099 2615 4139 non
2655 4082 2873 4137 diversa
2898 4081 3208 4153 generatio,
3241 4080 3536 4145 dicemus;
3573 4079 3658 4133 vel

2061 4178 2337 4234 diversam
2365 4184 2676 4232 asserentes
2725 4173 3119 4238 substantiam,
3154 4172 3295 4227 duas
3336 4186 3544 4241 easque
3572 4170 3661 4226 di-

2061 4287 2253 4329 versas
2276 4273 2445 4326 unius
2476 4269 2722 4325 hominis
2751 4270 2807 4323 in
2837 4268 3033 4324 eodem
3065 4266 3359 4323 credemus
3397 4281 3518 4321 esse
3563 4280 3661 4335 ge-

2067 4364 2409 4421 nerationes.
2441 4362 2510 4417 Et
2562 4362 2681 4416 haec
2711 4359 2938 4431 quidem
2970 4366 3154 4414 vestra
3190 4356 3455 4411 versutia.
3501 4355 3660 4410 Atta-

2070 4472 2197 4512 men
2223 4471 2388 4512 nemo
2407 4470 2648 4525 unquam
2668 4452 2829 4508 vobis
2840 4451 2980 4506 dixit
3004 4467 3063 4506 se
3079 4449 3395 4505 existimare
3418 4446 3661 4503 Verbum

370 4545 623 4615 simplex,
670 4546 769 4601 sed
817 4546 1120 4601 secundam
1196 4545 1609 4617 generationem
1676 4547 1813 4603 illud
1861 4548 2160 4604 adduxisse
2227 4563 2355 4604 cum
2399 4546 2611 4603 carnali
2654 4544 2969 4600 substantia
3015 4558 3083 4597 ex
3131 4550 3308 4596 matre
3351 4537 3659 4595 secundum

369 4644 491 4716 ejus
537 4642 837 4699 secundam
875 4644 1315 4714 generationem,
1370 4658 1404 4700 o
1453 4643 1593 4699 falso
1654 4644 1831 4701 habiti
1878 4646 2183 4717 sapientes.

978 4778 1228 4833 ΚΕΦΑΛ.
1260 4780 1351 4845 ς’.

438 4872 503 4927 El
535 4870 597 4925 τὸ
624 4868 848 4939 γεγονὸς
879 4867 1014 4922 καθὸ
1040 4870 1232 4938 γέγονε
1254 4907 1269 4932 ,
1317 4866 1575 4937 γενέσθαι
1608 4868 1772 4924 πάλιν
1803 4870 1954 4944 ἀμή-

367 4979 552 5037 χανον’
588 4963 683 5017 καὶ
715 4961 776 5017 τὸ
805 4960 989 5025 ἀῖδίως
1017 4958 1098 5025 ὃν,
1128 4959 1390 5031 τεχθῆναι
1418 4962 1583 5016 πάλιν
1611 4965 1675 5017 ἑκ
1698 4964 1956 5031 γυναικὸς

367 5055 672 5126 ἀμήχανονο
707 5053 845 5107 ἀλλὰ
875 5051 933 5105 τὸ
960 5050 1226 5121 πρότερον
1254 5052 1475 5123 ἀληθὲς,
1500 5053 1597 5106 καὶ
1620 5053 1681 5106 τὸ
1700 5053 1955 5124 δεύτερον

369 5144 496 5215 ἄρα.
530 5145 594 5197 El
620 5145 803 5198 πᾶσαν
833 5143 933 5215 τὴν
960 5143 1215 5213 γέννησιν
1239 5142 1427 5208 ἁπλῶς
1449 5143 1524 5208 ὡς
1544 5144 1605 5197 τὸ
1626 5140 1766 5199 εἶναι
1785 5143 1956 5198 διδοῦ-

371 5253 472 5290 σαν
501 5235 578 5306 τῷ
606 5236 933 5307 γεννωμένῳ
960 5238 1235 5307 ἀναιρεῖτε
1262 5234 1356 5288 τοῦ
1380 5236 1565 5301 ἀῖδίως
1587 5236 1739 5302 ὄντος
1753 5238 1952 5307 Λόγου,

367 5332 400 5401 ῆ
437 5329 533 5383 καὶ
558 5329 659 5400 τήν
686 5330 915 5402 πρώτην
940 5330 1198 5401 γέννησιν
1228 5329 1320 5385 τὸν
1345 5332 1411 5384 ὲκ
1436 5331 1649 5402 Πατρός
1672 5333 1767 5387 ἀπ’
1784 5332 1953 5387 αύτοῦ

364 5423 609 5478 ἀνελεῖτε
639 5422 715 5487 ὡς
743 5423 941 5479 ἀϊδίου.
974 5425 1047 5477 Τὸ
1072 5424 1181 5494 γὰρ
1210 5424 1396 5489 ἀϊδίως
1421 5423 1504 5492 ὃν,
1536 5426 1793 5496 τεχθῆναι
1816 5444 1953 5496 φατε

365 5515 687 5585 ἀμήχανον⁶
730 5513 805 5577 ὡς
838 5514 1024 5569 λοιπὸν
1058 5517 1193 5588 μηδὲ
1250 5516 1379 5569 Υίὸν
1409 5514 1550 5571 εἶναι
1579 5517 1673 5571 τοῦ
1705 5519 1948 5590 Πατρός⁶

364 5608 423 5659 οὐ
456 5606 566 5676 γάρ
598 5608 745 5659 ἑστιν
776 5606 903 5670 Υἱὸς
932 5608 1061 5662 ἄνευ
1086 5610 1423 5681 γεννήσεως·
1459 5610 1584 5664 οὐδὲ
1613 5611 1705 5664 τὸν
1733 5612 1955 5682 Πατέρα

363 5692 508 5753 εῖναι
536 5697 792 5770 Πατέρα·
835 5697 895 5751 οὐ
926 5699 1036 5769 γάρ
1066 5700 1213 5753 ἑστιν
1237 5700 1366 5755 ἀνευ
1386 5701 1516 5755 Υἱοῦ
1548 5701 1758 5774 Πατὴρ,
1789 5702 1822 5774 ἢ
1852 5704 1953 5775 τήν

363 5789 432 5843 ὲκ
461 5788 672 5858 [ἰατρὸς
720 5788 978 5859 γέννησιν
1005 5788 1170 5842 αὐτοῦ
1196 5792 1618 5861 ὁμολογοῦντες,
1651 5793 1750 5846 ούκ
1779 5794 1952 5849 ἀΐδιον

366 5873 508 5934 εἶναι
531 5880 714 5934 λοιπὸν
734 5880 1028 5951 δηλώσετεο
1057 5883 1215 5952 εἴπερ
1242 5883 1301 5937 τὸ
1322 5883 1508 5949 ἁῖδίως
1533 5883 1593 5937 ὃν
1617 5883 1707 5938 διὰ
1728 5884 1788 5938 τὸ
1809 5880 1950 5939 εἶναι

370 5971 549 6044 πάντη
582 5972 643 6027 οὐ
670 5972 893 6030 δυνατὸν
987 5974 1236 6031 ὁπωσοῦν
1263 5974 1482 6046 ἀληθῶς
1505 5975 1786 6048 τεχθῆναι·
1820 5977 1867 6031 εἰ
1892 5976 1949 6031 δὲ

1988 4767 2038 4825 D

2711 4776 2865 4832 CAP.
2906 4776 2997 4833 Vl.

2121 4871 2177 4928 Si
2204 4870 2476 4944 genitum,
2508 4870 2567 4925 in
2595 4876 2866 4940 quantum
2891 4875 2978 4923 est
3010 4865 3283 4939 genitum,
3314 4863 3661 4937 impossibile

2052 4972 2138 5022 est
2167 4965 2371 5020 iterum
2417 4963 2587 5036 gigni,
2650 4962 2859 5033 pariter
2881 4960 3029 5032 quod
3063 4968 3334 5015 aeternum
3380 4966 3465 5013 est
3507 4959 3657 5013 nasci

2054 5058 2260 5114 iterum
2314 5072 2384 5112 ex
2425 5056 2661 5111 muliere
2711 5054 3054 5124 impossibile
3099 5063 3185 5109 est
3220 5071 3234 5106 :
3277 5052 3430 5122 atqui
3466 5068 3658 5106 verum

2051 5151 2241 5224 prius;
2269 5166 2401 5223 ergo
2428 5158 2483 5205 et
2511 5149 2807 5220 posterius.
2831 5177 2901 5187 —
2923 5146 2980 5204 Si
3001 5161 3219 5201 onmem
3244 5143 3657 5216 generationem

2062 5243 2389 5315 simpliciter
2446 5251 2707 5311 tanquam
2753 5239 3135 5295 exsistentiam
3191 5238 3417 5292 dantem
3470 5236 3657 5307 genito

2060 5334 2254 5392 tollitis
2282 5350 2313 5389 a
2342 5332 2527 5390 Verbo
2550 5340 2780 5395 :etcrno,
2818 5345 2951 5385 sane
2980 5338 3036 5385 et
3062 5329 3297 5400 primam
3328 5328 3655 5399 generatio-

2059 5442 2188 5482 nem
2222 5441 2346 5497 qua:
2387 5434 2474 5480 est
2525 5439 2593 5478 ex
2624 5424 2785 5477 Patre
2829 5419 2900 5477 ab
2930 5437 2997 5477 eo
3050 5421 3276 5485 tolletis,
3330 5429 3391 5474 ut
3422 5428 3656 5477 aeterno.

2058 5519 2218 5586 Quod
2246 5519 2396 5575 enim
2436 5526 2521 5571 est
2549 5523 2842 5581 mternum,
2869 5513 3019 5567 nasci
3052 5512 3394 5584 impossibile
3414 5511 3656 5567 allirma-

2061 5606 2133 5663 tis
2165 5624 2179 5662 :
2219 5606 2365 5661 unde
2399 5612 2572 5661 restat
2612 5611 2673 5657 ut
2703 5617 2807 5657 nec
2850 5600 2999 5656 ﬁlius
3024 5599 3329 5667 sitPatris;
3364 5616 3476 5654 non
3504 5598 3653 5653 enim

2059 5708 2143 5755 est
2172 5698 2345 5753 Filius
2378 5697 2498 5752 sine
2539 5694 2934 5766 generatione;
2999 5708 3102 5747 nec
3135 5693 3299 5747 Pater
3334 5691 3405 5747 sit
3461 5698 3650 5760 pater;

2059 5810 2167 5849 non
2199 5792 2347 5848 enim
2368 5798 2453 5847 est
2483 5797 2638 5860 pater
2660 5788 2778 5843 sine
2814 5787 2949 5842 ﬁlio.
2979 5787 3076 5843 Vel
3112 5788 3261 5842 illius
3282 5802 3349 5840 ex
3372 5786 3530 5839 Patre
3563 5797 3657 5855 ge-

2056 5885 2399 5940 nerationem
2444 5882 2808 5946 conﬁtcntes,
2858 5890 2988 5935 tunc
3048 5895 3161 5933 non
3210 5886 3477 5934 aeternum
3529 5892 3656 5933 esse

2059 5975 2280 6034 tandem
2303 5974 2638 6041 ostendctis,
2672 5972 2947 6045 siquidem
2988 5970 3137 6042 quod
3184 5970 3254 6027 ab
3285 5978 3493 6026 aeterno
3538 5977 3646 6038 est,
