4006 6516
428 414 572 486 1663
1699 390 2012 476 LEONTII
2052 415 2459 478 BYZANTINI
2713 445 2718 452 -
3565 415 3710 482 test

425 555 494 594 ex
515 551 585 593 eo
610 531 757 606 quod
782 546 1001 604 semper
1032 530 1284 596 exsistat,
1307 527 1534 583 omnino
1567 527 1909 598 impossibile
1934 537 2015 585 est

2127 528 2204 601 μὴ
2250 528 2341 584 διὰ
2382 530 2445 583 τὸ
2486 522 2628 582 εἶναι
2655 528 2765 592 ἀεὶ,
2801 528 2941 584 ἀλλὰ
2969 529 3055 584 διὰ
3079 530 3355 596 ὠηάπλῶς
3383 531 3483 604 ήδη
3512 536 3708 604 προεῖ-

426 627 928 699 quomodocunque
973 639 1108 680 vere
1167 620 1341 678 nasci.
1391 620 1450 676 Si
1490 629 1678 675 autem
1708 634 1820 674 non
1848 633 1914 673 ex
1947 635 2015 675 eo

2118 619 2208 673 ναί
2234 637 2288 675 τι
2315 620 2411 674 καὶ
2435 620 2871 692 προγεννηθῆναί
2902 639 3054 686 ποτε,
3087 623 3207 686 πῶς
3237 623 3388 690 ἅπαξ
3416 625 3536 680 οὐδὲ
3562 626 3706 691 ὅλως

426 720 576 792 quod
603 733 820 789 semper
847 717 1099 780 exsistat,
1143 714 1240 769 sed
1284 729 1354 769 ex
1393 726 1462 767 eo
1490 711 1641 782 quod
1691 711 2015 782 simpliciter

2117 710 2367 766 ὁπωσοῦν
2399 711 2482 766 ἔτι
2517 712 2640 767 οὐδὲ
2673 713 2795 767 καθ’
2821 714 3104 771 ὁντιναοῦν
3133 717 3324 786 ἕτερον
3350 718 3549 789 τρόπον
3577 736 3706 787 γενο

424 814 536 885 jam
561 810 904 882 pmexsistat
931 818 988 863 et
1027 815 1158 862 ante
1191 806 1411 877 genitus
1434 803 1622 869 fuerit,
1652 818 1894 874 quorsus
1933 817 2015 859 se-

2118 803 2351 873 νηθῆναί
2379 821 2433 858 τι
2458 804 2684 876 δυνατὸν
2709 804 2896 873 λέγετε
2924 822 2940 874 ;
2976 804 3136 861 τοῦτο
3158 808 3270 880 γὰρ
3297 807 3516 880 ᾐνίξατο
3544 811 3706 882 ὑμῶν

428 905 538 960 mel
566 903 794 957 omnino
832 897 1338 970 quomodocunque
1357 895 1546 950 adhuc
1562 895 1648 950 vei
1671 909 2007 965 quocunque

2117 895 2180 950 τὸ
2209 896 2418 958 πάλιν.
2449 897 2544 952 καὶ
2573 897 2692 952 τόδε
2723 897 2783 952 ὲν
2809 901 2922 964 τοῖς
2947 898 3265 954 καθέκαστα
3296 901 3702 974 βασανίσωμεν.

428 999 537 1053 alio
573 995 738 1051 modo
761 993 908 1066 gigni
947 991 1288 1062 impossibile
1317 989 1547 1046 dicitis?
1579 987 1720 1042 Illud
1757 987 1905 1042 enim
1931 986 2019 1042 in-

429 1089 652 1146 dicabat
687 1095 938 1143 vestrum
978 1086 1195 1140 iterum.
1227 1083 1298 1137 Et
1343 1081 1450 1136 hoc
1477 1095 1577 1150 per
1609 1079 1822 1151 singula
1854 1092 2022 1149 expe-

429 1184 664 1239 riamur.
705 1183 849 1237 Num
895 1180 1065 1250 igitur
1091 1176 1416 1232 Timotheus
1457 1172 1707 1228 nondum
1739 1171 1852 1225 ulla
1901 1177 2022 1225 erat

429 1274 786 1346 generatione
811 1271 1051 1342 genitus,
1087 1284 1190 1324 nec
1222 1267 1292 1322 ab
1316 1266 1440 1321 aliis
1468 1263 1797 1334 parentibus
1839 1270 2017 1325 ortus,

430 1366 654 1436 quando
693 1365 896 1420 Paulus
916 1371 1072 1432 pater
1096 1359 1278 1415 dictus
1308 1357 1464 1412 illum
1497 1369 1820 1426 germanum
1845 1351 2020 1408 ﬁlium

430 1458 487 1512 in
541 1456 647 1512 ﬁde
695 1456 751 1510 in
781 1454 1002 1510 Christo
1045 1452 1176 1507 Jesu
1235 1465 1336 1519 per
1368 1445 1740 1516 .Evangelium
1789 1444 2022 1515 genuit?

431 1548 568 1614 Quis
595 1563 664 1603 ex
699 1546 855 1602 vobis
890 1542 1235 1598 manifestam
1265 1540 1409 1594 hanc
1438 1537 1733 1592 falsitatem
1758 1550 1867 1590 non
1891 1534 2022 1588 hor-

432 1637 558 1691 ret?
588 1635 665 1689 Ita
701 1634 889 1706 igitur,
923 1647 959 1688 o
989 1645 1110 1695 vos,
1142 1639 1201 1686 et
1237 1629 1342 1682 hoc
1371 1625 1662 1696 intelligite
1696 1641 1712 1678 :
1748 1639 1815 1679 ex
1845 1623 2020 1694 parti-

431 1728 538 1782 bus
561 1718 773 1781 seilicct
817 1721 1046 1786 Christi,
1083 1721 1314 1776 alteram
1357 1718 1585 1788 quidem
1625 1727 1683 1774 et
1710 1717 2020 1773 secundum

431 1821 666 1892 primam
710 1818 829 1888 ejus
876 1815 1292 1887 generationem
1343 1810 1585 1883 genitam
1630 1809 1804 1866 fuisse
1841 1819 1898 1866 et
1929 1825 2019 1866 se-

2116 984 2267 1061 Ἀρα
2289 985 2384 1044 οὖν
2413 990 2678 1061 Τιμόθεος
2707 989 2859 1046 οὔπω
2885 986 2954 1063 ἦν
2981 992 3208 1063 οὐδεμιᾷ
3235 996 3484 1064 γεννήσει
3509 1011 3706 1064 γεγεν-

2117 1083 2372 1154 νημένος,
2397 1084 2492 1138 καὶ
2522 1083 2613 1155 ὑφ’
2643 1083 2851 1154 ἑτέρων
2878 1084 3158 1156 προελθὼν
3185 1086 3409 1155 γονέων,
3439 1089 3527 1142 ὅτε
3553 1089 3707 1143 Παῦ-

2118 1174 2209 1239 λος
2237 1175 2266 1228 6
2294 1174 2734 1246 ἐπιγραφόμενος
2761 1175 2927 1230 αὐτὸν
2952 1177 3173 1247 γνήσιον
3202 1177 3389 1232 τέκνον
3412 1179 3470 1232 ἐν
3495 1179 3703 1245 πίστει,

2118 1269 2178 1321 ὲν
2199 1266 2422 1339 Χριστῷ
2452 1265 2627 1338 Ἰησοῦ
2657 1267 2748 1322 διὰ
2774 1267 2868 1322 τοῦ
2899 1267 3236 1338 Εὐαγγελίου
3267 1272 3563 1341 ὲγέννησε;
3604 1272 3706 1325 καὶ

2117 1360 2203 1423 τίς
2229 1360 2382 1432 ὑμῶν
2405 1361 2506 1434 τὴν
2528 1360 2785 1432 προφανῆ
2805 1360 3011 1433 ταύτην
3032 1361 3388 1433 ψευδολογίαν
3404 1363 3465 1417 οὐ
3481 1363 3708 1433 βδελύτ-

2119 1467 2298 1513 τεται;
2336 1451 2526 1515 Οὕτως
2551 1448 2666 1519 οὖν,
2699 1445 2745 1506 ὦ
2771 1446 2937 1518 οὗτοι,
2969 1452 3066 1506 καὶ
3092 1452 3212 1507 τόδε
3236 1454 3558 1519 νοείτεττῶν
3587 1453 3704 1525 γὰρ

2119 1543 2360 1615 Χριστοῦ
2389 1544 2574 1614 μερῶν
2605 1543 2669 1598 τὸ
2701 1544 2806 1614 μὲν
2834 1546 2928 1600 καὶ
2953 1545 3096 1600 κατά
3119 1546 3220 1616 τὴν
3247 1547 3473 1618 πρώτην
3499 1547 3702 1602 ἑαυτοῦ

2120 1635 2374 1706 γέννησιν
2406 1633 2734 1706 γεννηθῆναι
2772 1637 2867 1690 καὶ
2908 1637 3051 1690 κατά
3078 1637 3181 1708 τὴν
3207 1638 3468 1709 δευτέραν
3494 1639 3702 1709 φαμὲν,

2120 1725 2182 1778 τὸ
2211 1725 2268 1778 δὲ
2293 1725 2484 1796 ἕτερον
2509 1725 2692 1796 δῆλον,
2722 1726 2798 1790 ὡς
2824 1726 2946 1780 οὐδὲ
2972 1727 3162 1799 προδν,
3191 1727 3225 1799 ῆ
3256 1726 3419 1800 ἑτέρᾳ
3444 1729 3705 1800 γεννήσει

2123 1817 2634 1888 προγεγεννημένον
2657 1857 2674 1885 ,
2715 1819 2816 1890 μιᾷ
2841 1819 3094 1889 γεννήσει
3124 1821 3191 1891 τῇ
3221 1820 3424 1891 ἀμφοῖν
3453 1837 3706 1892 συμπρο-

431 1912 677 1967 cundum
711 1908 1013 1966 secundam
1065 1906 1344 1970 dicimus;
1394 1903 1628 1958 alteram
1686 1918 1820 1958 vero
1864 1910 2015 1972 patet

2120 1876 2326 1962 ελθείί
2349 1908 2429 1979 τῷ
2451 1876 2750 1980 Ἑτψψίἶω
2915 1876 3016 1980 τῆς
3055 1876 3408 1974 ὐποὲτάσεως
3451 1876 3558 1983 ὄλῷ
3598 1876 3707 1980 τῆς

429 2022 543 2062 non
591 2021 715 2063 esse
764 2003 1254 2076 prmexsistentem,
1307 2015 1410 2056 nec
1447 2000 1620 2055 altera
1659 1997 2016 2070 generatione

429 2106 557 2152 ante
605 2096 866 2166 genitam.
920 2095 1038 2151 Una
1079 2091 1440 2164 generatione
1489 2089 1804 2155 ambarum,
1854 2087 2021 2143 simul

429 2203 558 2243 cum
586 2189 760 2243 altera
783 2185 1040 2256 progredi
1066 2185 1121 2240 in
1153 2197 1265 2239 uno
1297 2181 1614 2254 byppstasis
1641 2189 1759 2240 toto
1783 2179 2017 2236 conﬁte-

2121 1999 2298 2070 αὐτῆς
2346 2000 2750 2072 ὁμολογοῦμεν
2804 2003 2864 2056 ὲν
2905 2003 3015 2073 γὰρ
3067 2003 3168 2075 μιᾷ
3207 2005 3274 2074 τῇ
3315 2005 3382 2056 ἐκ
3419 2003 3705 2076 Παρθένου

2122 2093 2401 2164 γεννήσει,
2436 2093 2534 2148 τοῦ
2565 2094 2666 2164 μὲν
2691 2093 2801 2149 τῶν
2833 2095 3018 2166 μερῶν
3042 2095 3282 2166 Χριστοῦ
3310 2094 3570 2167 δευτέρα,
3603 2093 3705 2148 τοῦ

2122 2181 2181 2236 δὲ
2214 2182 2405 2255 πρώτη
2436 2184 2532 2238 καὶ
2561 2184 2701 2256 μόνη
2728 2185 2931 2239 νοεῖται
2957 2183 3098 2240 οὖσα
3119 2185 3393 2257 γέννησις.

429 2299 577 2338 mur.
604 2281 667 2337 In
694 2298 800 2336 una
834 2281 1006 2344 enim,
1059 2279 1275 2336 scilicet
1333 2293 1402 2333 ex
1465 2276 1717 2348 Virgine,
1757 2275 2116 2348 generatione
2141 2321 2157 2347 ,
2219 2279 2453 2340 alterius
2489 2280 2714 2354 quidem
2767 2282 3011 2356 partium
3041 2281 3249 2342 Christi
3293 2292 3549 2342 censetur
3575 2297 3704 2342 esse

429 2375 732 2434 secundum
772 2363 1188 2444 generationem
1216 2370 1450 2427 alterius
1478 2369 1714 2443 primam
1738 2379 1794 2426 et
1816 2371 2012 2428 solam.

1065 2487 1218 2544 CAP.
1256 2487 1374 2543 VII.

501 2584 560 2640 Si
593 2582 900 2639 substantia
925 2581 1023 2638 Dei
1050 2579 1218 2635 Verbi
1257 2589 1388 2634 nata
1420 2584 1508 2635 est
1535 2578 1841 2634 secundum
1867 2578 2014 2636 veri-

432 2683 603 2731 tatem
653 2689 722 2730 ex
767 2671 1078 2731 substantia
1117 2669 1384 2742 Virginis,
1438 2682 1664 2726 necesse
1709 2679 1894 2726 autem
1928 2658 2016 2726 est

430 2769 612 2840 genita
658 2769 734 2824 ita
767 2783 890 2824 esse
923 2765 1126 2822 similia
1172 2763 1479 2820 secundum
1511 2763 1882 2819 substantiam
1929 2763 2016 2834 gi-

429 2858 749 2931 gnentibus,
792 2857 878 2912 vel
927 2856 1073 2911 Deus
1100 2854 1345 2911 Verbum
1373 2863 1460 2909 est
1503 2853 1672 2908 homo
1705 2853 2014 2908 secundum

431 2951 834 3016 substantiam;
887 2948 974 3004 vel
1019 2948 1188 3018 Virgo
1231 2953 1317 3002 est
1348 2945 1495 3000 Deus
1533 2944 1839 3000 secundum
1886 2945 2020 3000 sub-

431 3042 727 3106 stantiam;
762 3055 932 3110 porro
980 3047 1282 3108 utrumque
1323 3038 1534 3108 pariter
1575 3046 1662 3092 est
1691 3037 1920 3108 impium
1963 3049 2019 3093 et

431 3133 796 3204 impossibile.
820 3132 994 3204 Igitur
1017 3127 1326 3188 su‘bstantia
1354 3131 1452 3186 Dei
1475 3131 1641 3186 Verbi
1665 3146 1777 3185 non
1806 3131 2020 3186 veraci-

432 3236 518 3281 ter
539 3233 625 3282 est
653 3235 781 3281 nata
814 3241 880 3280 ex
901 3224 1210 3281 substantia
1239 3222 1499 3294 Virginis.
1537 3253 1610 3263 —
1629 3222 1736 3278 Sed
1771 3223 2010 3294 primum

432 3318 681 3388 quidem,
701 3317 850 3372 aliud
879 3325 964 3373 est
992 3317 1047 3371 in
1075 3316 1437 3372 substantiam
1455 3317 1622 3386 gigni,
1642 3317 1788 3371 aliud
1817 3331 2016 3371 secun-

433 3411 564 3465 dum
601 3410 964 3465 substantiam
999 3408 1166 3480 gigni.
1218 3408 1451 3478 Insuper
1503 3410 1650 3464 inter
1699 3409 1915 3480 genitos
1946 3423 2016 3463 ex

433 3501 745 3556 substantia
777 3499 962 3554 multae
987 3497 1465 3554 suntdiﬁ‘erentia:
1494 3497 1927 3552 similitudinum
1959 3505 2016 3552 et

432 3589 945 3646 dissimilitudinum
992 3587 1330 3643 a‘damussim
1375 3586 1682 3657 indaganti,
1729 3595 1791 3641 ut
1831 3596 1887 3642 et
1915 3601 2016 3642 vos

431 3680 537 3751 ipsi
567 3694 749 3749 nuper
778 3677 1066 3733 dicebatis.
1103 3677 1350 3746 Namque
1397 3685 1512 3730 tum
1535 3675 1736 3730 similia
1767 3685 1882 3730 tum
1903 3677 2017 3731 dis-

432 3772 634 3829 similia
661 3771 891 3843 gignunt
931 3785 1033 3840 pro
1061 3768 1377 3824 differentia
1413 3768 1628 3824 scilicet
1665 3767 2013 3824 diversarum

431 3864 874 3936 generationum.
923 3860 980 3916 Si
1024 3860 1175 3916 enim
1203 3868 1262 3915 et
1291 3859 1601 3915 substantia
1642 3867 1766 3914 erat
1809 3859 2015 3915 Paulus

431 3956 528 4027 qui
577 3955 913 4026 operabatur
942 3953 1352 4025 generationem
1387 3951 1684 4016 Timothei,
1729 3967 1856 4006 cum
1896 3952 2015 4022 ipse

429 4055 577 4102 esset
607 4062 828 4116 quoque
859 4045 1188 4109 substantia,
1218 4052 1276 4100 et
1311 4044 1616 4100 secundum
1648 4045 2012 4101 substantiam

430 4139 626 4194 melior
656 4139 812 4194 ﬁeret
852 4147 907 4192 et
951 4137 1269 4208 gigneretur
1299 4136 1368 4191 ad
1395 4136 1868 4208 incorruptionem
1915 4155 2014 4209 per

430 4229 596 4284 ﬁdem
625 4230 758 4301 (non
791 4228 940 4285 enim
988 4229 1293 4284 secundum
1323 4230 1581 4286 accidens
1615 4230 1839 4301 aliquod
1871 4231 2012 4288 facta

431 4331 519 4377 est
545 4320 816 4391 spiritalis
842 4328 1271 4376 naturaenostrze
1298 4321 1688 4392 regeneratio),
1717 4321 1849 4376 item
1875 4337 2014 4392 quo-

429 4431 537 4486 que
556 4415 677 4486 ejus
705 4413 1011 4470 secundum
1047 4428 1270 4468 carnem
1309 4421 1468 4483 pater
1510 4423 1633 4469 erat
1671 4413 2007 4480 substantia,

427 4518 484 4566 et
507 4507 814 4564 secundum
863 4506 1227 4563 substantiam
1261 4504 1454 4576 utique
1501 4506 1739 4578 genuit:
1775 4514 1832 4561 et
1857 4505 2010 4561 insu-
2040 4538 2082 4594 Β

430 4617 527 4672 per
565 4600 812 4655 omnium
853 4599 1288 4655 substantiarum
1321 4612 1507 4664 causa,
1543 4598 1660 4668 ipse
1689 4598 1810 4654 sine
1839 4613 2005 4654 causa

430 4695 589 4758 pater
615 4688 882 4743 omnium.
931 4685 1038 4743 Sed
1069 4702 1219 4742 unus
1261 4686 1486 4757 quidem
1522 4685 1650 4743 ﬁdei
1694 4703 1827 4753 suae,
1875 4688 2016 4743 alter

430 4797 563 4836 vero
583 4779 803 4850 corpori
830 4795 931 4834 suo
962 4780 1153 4852 genuit
1179 4795 1304 4835 eum
1339 4779 1601 4844 similem,
1649 4779 1792 4834 alius
1825 4786 2014 4834 autem

435 4871 660 4944 imagini
687 4887 820 4927 sum.
853 4872 1024 4943 Igitur
1054 4881 1111 4926 et
1142 4870 1188 4926 si
1233 4871 1396 4926 Pater
1423 4868 1494 4925 ab
1536 4878 1743 4924 πιοτηο
1774 4883 1843 4923 ex
1884 4867 2014 4922 sub-

431 4963 634 5019 stantia
661 4979 760 5019 sua
785 4961 960 5034 gignit
989 4962 1254 5030 Verbum,
1287 4968 1345 5018 et
1379 4960 1638 5017 Salomon
1668 4976 1737 5016 ex
1759 4961 2014 5019 substan-

432 5058 510 5111 tia
534 5056 738 5112 dicitur
757 5057 1015 5128 genuisse
1034 5054 1348 5121 Jeroboam,
1371 5069 1483 5108 non
1504 5054 1614 5125 jam
1640 5054 1715 5108 ita
1741 5069 1800 5110 se
1844 5055 2014 5111 habet

431 5156 668 5217 uterque
696 5146 842 5202 ﬁlius
859 5148 930 5200 ad
956 5153 1254 5216 utrumque
1283 5152 1500 5216 patrem
1533 5144 1714 5216 quoad
1749 5145 2010 5201 similitu-

427 5238 640 5292 dinem.
680 5237 818 5293 Cum
867 5237 1018 5293 enim
1065 5237 1287 5294 diﬁ‘erat
1340 5236 1538 5293 modus
1585 5238 2006 5310 generationum

428 5328 735 5384 secundum
764 5329 1152 5400 substantiam,
1178 5339 1235 5386 et
1264 5329 1321 5384 in
1353 5329 1588 5385 diversae
1601 5339 1814 5386 naturae
1841 5331 2010 5388 rebus

428 5419 788 5492 intelligatur,
818 5422 921 5478 etsi
955 5421 1153 5478 similis
1201 5432 1351 5479 esset
1397 5422 1701 5478 secundum
1765 5423 1875 5480 hoc
1921 5424 2008 5494 ip-

427 5527 553 5567 sum
587 5511 887 5582 generatio,
917 5521 1161 5569 attamen
1196 5513 1508 5570 differentia
1535 5515 1910 5586 generationis
1942 5531 2008 5571 ex

429 5603 740 5661 substantia
790 5602 1132 5659 demonstrat
1178 5606 1406 5661 diﬁ'erre
1451 5615 1509 5661 et
1563 5606 2005 5662 similitudinem.

429 5697 567 5754 Nam
603 5697 672 5753 de
721 5711 834 5752 uno
878 5695 1185 5766 eodemque
1241 5697 1468 5754 homine
1527 5697 1738 5753 dicitur
1771 5714 1842 5754 ex
1885 5699 2006 5770 ejus

426 5789 739 5844 substantia
767 5788 914 5861 gigni
945 5797 1003 5845 et
1049 5787 1244 5853 ﬁlium,
1273 5797 1330 5844 et
1377 5788 1790 5861 cogitationem,
1834 5799 1890 5845 et
1914 5791 2003 5846 di-

428 5879 691 5948 ctionem,
721 5889 777 5938 et
809 5881 970 5953 pilos,
995 5890 1050 5938 et
1078 5879 1414 5948 cicatricem,
1452 5889 1508 5938 et
1538 5882 1918 5952 operationem
1947 5891 2003 5940 ct

2734 2485 2988 2540 ΚΕΦΑΛ.
3026 2487 3102 2540 Z'.

2190 2577 2257 2632 Εί
2287 2577 2321 2647 ἡ
2349 2575 2508 2630 οὐσία
2539 2573 2634 2629 τοῦ
2665 2574 2802 2629 Θεοῦ
2828 2575 3009 2644 Λόγου
3041 2575 3238 2648 ἐτέχθη
3269 2574 3413 2630 κατά
3439 2572 3700 2646 ἀλήθειαν

2117 2669 2185 2724 ἐκ
2232 2670 2331 2741 τῆς
2381 2667 2573 2732 οὐσίας
2615 2667 2934 2740 Παρθένου,
2979 2668 3194 2738 ἀνάγκη
3224 2667 3280 2721 δὲ
3307 2667 3378 2722 τὰ
3401 2667 3704 2736 τικτόμενα

2119 2763 2293 2827 οὕτως
2342 2762 2506 2833 ὃμοια
2547 2755 2692 2814 εἶναι
2738 2761 2860 2815 κατ’
2899 2760 3090 2815 οὐσίαν
3137 2762 3253 2826 τοῖς
3295 2760 3575 2814 τίκτουσιν
3594 2800 3612 2824 ,
3660 2758 3700 2829 ἢ

2119 2859 2149 2911 6
2180 2856 2315 2919 Θεὸς
2344 2855 2543 2925 Λόγος,
2573 2853 2863 2927 ἄνθρωπος
2891 2854 2992 2926 τὴν
3018 2853 3234 2920 οὐσίαν,
3268 2855 3302 2925 ἦ
3330 2856 3365 2926 ἡ
3391 2853 3698 2924 Παρθένος,

2120 2949 2258 3013 Θεὸς
2287 2946 2388 3019 τὴν
2420 2947 2644 3004 οὐσίαν·
2695 2947 2814 3002 ἀλλ’
2851 2947 3113 3019 ἑκάτερον
3145 2947 3344 3017 ἐπίσης
3373 2944 3569 3010 ἀσεσδς
3601 2950 3700 3000 καὶ

2121 3041 2386 3096 ἀδύνατον
2409 3056 2425 3072 ⁸
2481 3029 2582 3095 οὐκ
2613 3040 2724 3112 ἄρα
2756 3041 2791 3111 ή
2821 3040 2980 3094 οὐσία
3008 3039 3103 3093 τοῦ
3133 3038 3268 3093 Θεοῦ
3294 3039 3467 3107 Λόγου
3499 3038 3697 3109 ἐτέχθη

2125 3133 2268 3189 κατὰ
2300 3133 2559 3205 ἀλήθειαν
2607 3133 2673 3187 ὲκ
2703 3132 2803 3204 τῆς
2833 3131 3024 3195 οὐσίας
3053 3130 3156 3199 τῆς
3189 3130 3488 3202 Παρθένου.
3535 3131 3702 3186 Ἀλλὰ

2119 3224 2338 3296 πρῶτον
2375 3226 2506 3296 μὲν,
2540 3224 2730 3296 ἕτερον
2775 3223 2837 3278 τὸ
2889 3225 2970 3287 είς
3013 3223 3202 3278 οὐσίαν
3245 3223 3507 3294 τεχθῆναι
3531 3264 3548 3290 ,
3603 3225 3701 3278 καὶ

2114 3317 2244 3373 ἄλλο
2291 3317 2353 3373 τδ
2401 3317 2525 3373 κατ’
2569 3317 2757 3371 οὐσίαν
2799 3315 3079 3387 τεχθῆναι.
3114 3317 3236 3370 Ἔτι
3263 3316 3321 3370 δὲ
3363 3317 3472 3371 τῶν
3502 3318 3568 3372 ἐκ
3595 3316 3701 3386 τῆς

2113 3410 2302 3475 οὐσίας
2385 3409 2718 3480 τικτομένων
2747 3447 2764 3474 ,
2837 3408 3032 3463 πολλαί
3099 3411 3237 3464 είσιν
3324 3410 3382 3464 αί
3443 3409 3700 3480 διαφοραὶ

2113 3501 2223 3555 τῶν
2267 3499 2578 3572 ὁμοιώσεων
2633 3502 2732 3556 xui.
2785 3502 3184 3573 ἀνομοιοτήτων
3235 3500 3315 3572 τῷ
3346 3518 3412 3571 γε
3452 3501 3700 3572 ἀκριὸὦς

2115 3591 2424 3656 ὲξετάζοντι
2450 3633 2466 3656 ,
2516 3591 2594 3656 ώς
2625 3590 2722 3645 καὶ
2763 3591 2922 3663 ὑμεῖς
2964 3591 3025 3644 ὲν
3069 3591 3180 3654 τοῖς
3226 3593 3419 3662 πρώην
3448 3591 3698 3660 ἐλέγετεο

2113 3683 2185 3736 τὰ
2240 3682 2340 3754 μὲν
2391 3681 2502 3754 γὰρ
2554 3682 2716 3754 ὃμοια
2746 3722 2761 3745 ,
2820 3682 2890 3737 τὰ
2932 3682 2991 3736 δὲ
3040 3682 3268 3754 ἀνόμοια
3306 3682 3517 3750 τίκτει,
3559 3684 3702 3754 πρὸς

2116 3773 2218 3846 τὴν
2265 3774 2533 3848 διαφορὰν
2583 3776 2827 3848 δηλονότι
2876 3776 2988 3831 τῶν
3029 3777 3338 3849 ἑτεροφυῶν
3364 3779 3699 3849 γεννήσεων.

2115 3867 2180 3922 Et
2226 3867 2336 3937 γὰρ
2387 3867 2484 3921 καὶ
2530 3867 2692 3923 οὐσία
2717 3863 2789 3940 ἦν
2828 3871 2858 3924 6
2886 3869 3101 3934 Παῦλος
3127 3871 3156 3925 6
3180 3869 3420 3941 ἐνεργῶν
3445 3870 3547 3941 τὴν
3569 3871 3702 3940 γέν-

2115 3973 2271 4028 νησιν
2318 3956 2587 4029 Τιμοθέου
2613 3995 2632 4023 ,
2688 3958 2876 4023 οὐσίας
2930 3959 3026 4014 καὶ
3073 3958 3239 4014 αὐτοῦ
3267 3959 3423 4021 δντος
3450 3960 3548 4012 καὶ
3572 3959 3698 4013 κατ’

2113 4050 2304 4105 οὐσίαν
2331 4050 2411 4114 είς
2438 4050 2750 4121 ἀφθαρσίαν
2773 4051 2865 4106 διά
2885 4054 2987 4124 τῆς
3009 4051 3245 4116 πίστεως
3270 4051 3699 4123 κρειττουμένου

2115 4142 2211 4197 καὶ
2256 4143 2600 4214 γεννωμένου
2651 4143 2754 4216 (οὐ
2800 4144 2909 4216 γὰρ
2948 4144 3014 4217 δὴ
3060 4145 3202 4199 κατὰ
3247 4144 3600 4215 συμϐεϐηκός
3643 4162 3699 4199 τι

2112 4234 2146 4303 ἠ
2179 4232 2524 4306 πνευματικὴ
2578 4233 2678 4305 τῆς
2719 4233 2957 4303 φύσεως,
2983 4235 3142 4305 ἡμῶν
3191 4235 3415 4304 γέγονεν
3457 4236 3700 4304 ἀναγέν-

2112 4325 2313 4395 νησις),
2354 4325 2450 4380 καὶ
2479 4327 2509 4380 6
2537 4325 2680 4380 κατὰ
2706 4325 2886 4397 σάρκα
2910 4326 2966 4380 δὲ
2993 4326 3160 4380 αὐτοῦ
3188 4326 3396 4398 πατὴρ,
3418 4327 3580 4382 οὐσία
3604 4322 3698 4398 ἦν,

2112 4416 2207 4471 καὶ⁸
2255 4416 2376 4471 κατ’
2402 4417 2592 4473 οὐσίαν
2637 4435 2757 4482 πως
2805 4418 3020 4472 ἔτικτε·
3071 4419 3168 4472 καὶ
3208 4418 3390 4489 πάσης
3417 4419 3476 4473 δὲ
3503 4420 3700 4483 οὐσίας

2112 4509 2320 4574 αίτιος,
2371 4509 2614 4574 ἀναίτιος
2659 4509 2879 4564 πάντων
2930 4508 3024 4564 καὶ
3071 4510 3285 4582 Πατήρ.
3329 4509 3468 4562 Ἀλλ’
3516 4511 3546 4563 6
3595 4509 3699 4578 μὲν

2109 4602 2178 4671 τῇ
2222 4601 2407 4656 πίστει
2436 4641 2452 4666 ,
2503 4601 2533 4656 6
2559 4601 2616 4656 δὲ
2659 4600 2738 4673 τῷ
2769 4601 2986 4673 σώματι
3011 4600 3180 4656 αὐτοῦ
3213 4601 3506 4671 ἐγέννησεν
3530 4601 3699 4656 αὐτὸν

2115 4696 2300 4764 ὅμοιον
2323 4734 2340 4759 ,
2391 4694 2420 4746 6
2449 4693 2506 4747 δὲ
2536 4697 2602 4766 τῇ
2633 4694 2802 4749 είκόνι
2830 4692 3045 4749 ἑαυτοῦ.
3103 4695 3167 4748 Ei
3195 4694 3291 4748 καὶ
3316 4696 3344 4748 6
3372 4695 3566 4764 Πατὴρ
3593 4689 3692 4748 οὖν

2114 4785 2301 4848 ἁῖδίως
2352 4785 2418 4840 ὲκ
2466 4784 2570 4857 τῆς
2603 4785 2788 4850 οὐσίας
2815 4784 3012 4838 ἑαυτοῦ
3045 4784 3220 4839 τίκτει
3249 4786 3340 4840 τὸν
3367 4787 3561 4855 Λόγον,
3599 4788 3699 4841 καὶ

2115 4875 2366 4945 Σολομῶν
2415 4877 2481 4934 ὲκ
2527 4877 2628 4948 τῆς
2670 4877 2859 4940 οὐσίας
2899 4877 3065 4932 αὐτοῦ
3114 4877 3335 4947 λέγεται
3363 4878 3570 4931 τίκτειν
3600 4879 3698 4933 τὸν

2125 4967 2436 5039 Ἱεροϐοὰμ,
2473 4968 2574 5023 οὐκ
2617 4969 2723 5042 ἤδη
2770 4970 2944 5034 οὕτως
2971 4969 3086 5041 ἔχει
3115 4970 3374 5040 ὲκατέρος
3405 4970 3522 5034 υίὸς
3553 4970 3698 5041 πρὸς

2057 5074 2080 5087 ί·
2112 5060 2372 5132 ἑκάτερον
2421 5062 2636 5134 πατέρα
2686 5061 2750 5115 τὸ
2792 5062 3212 5135 ἀπαράλλακτον
3236 5078 3251 5093 ⁸
3285 5062 3550 5134 διαφόρου
3582 5063 3698 5134 γὰρ

2110 5151 2314 5224 τρόπου
2347 5151 2458 5206 τῶν
2487 5153 2608 5208 κατ’
2635 5152 2826 5208 οὐσίαν
2855 5153 3166 5222 γεννήσεων
3195 5154 3252 5206 ἐν
3283 5152 3607 5224 ὲτεροφυέσι
3636 5171 3698 5209 τε

2110 5245 2405 5316 πράγμασι
2447 5245 2742 5318 νοουμένου
2767 5285 2784 5312 ,
2840 5247 2889 5298 εί
2923 5245 3019 5299 καὶ
3051 5245 3216 5316 ὁμοία
3243 5247 3327 5316 εἴη
3360 5245 3505 5300 κατά
3536 5245 3698 5301 τοῦτο

2110 5337 2242 5392 αὐτὸ
2274 5339 2308 5408 ὴ
2336 5337 2592 5409 γέννησις
2615 5379 2632 5404 ,
2685 5337 2746 5390 τὸ
2793 5337 2858 5391 ὲκ
2902 5337 3003 5405 τῆς
3042 5337 3232 5402 οὐσίας
3264 5332 3408 5391 εἶναι
3434 5337 3698 5408 διάφορον

2107 5429 2257 5496 ὅμως
2282 5427 2553 5483 δείκνυσιν
2579 5429 2807 5493 εἰκότως
2836 5429 2931 5483 καὶ
2957 5428 3056 5500 τὴν
3079 5431 3394 5501 ὁμοιότητα.
3425 5429 3554 5482 Ἰδοὺ
3581 5431 3696 5498 γὰρ

2109 5521 2202 5574 ἐπὶ
2228 5521 2345 5584 ἐνὸς
2373 5521 2467 5574 καὶ
2490 5520 2585 5574 τοῦ
2609 5520 2773 5574 αὐτοῦ
2799 5521 3090 5592 ἀνθρώπου
3115 5523 3181 5575 ὲκ
3202 5522 3302 5592 τῆς
3323 5521 3508 5584 οὐσίας
3533 5522 3694 5575 τοῦδε

2107 5610 2328 5681 λέγεται
2362 5613 2661 5683 γεννᾶσθαι
2696 5613 2827 5677 Υίός
2854 5630 2915 5667 τε
2960 5613 3054 5668 καὶ
3100 5611 3363 5686 θεώρημα
3411 5614 3508 5666 καὶ
3545 5613 3695 5680 λέξις

2107 5705 2203 5754 καὶ
2227 5700 2410 5772 τρίχες
2437 5701 2533 5755 καὶ
2556 5701 2712 5756 οὐλαὶ
2740 5702 2838 5755 καὶ
2859 5701 3113 5773 ἐνέργεια
3137 5704 3232 5756 xui
3253 5703 3416 5773 ἕτερα
3434 5701 3693 5756 πλεῖστα·

2107 5787 2218 5863 ἆρα
2249 5791 2341 5846 οὖν
2390 5793 2568 5848 πάντα
2609 5792 2881 5865 ἀνθρώπῳ
2909 5789 3052 5848 εἷναι
3079 5795 3241 5866 ὅμοια
3289 5797 3354 5866 τῇ
3398 5794 3558 5865 οὐσίᾳ
3600 5811 3693 5847 νο-

2109 5883 2361 5956 μιστέον;
2397 5885 2520 5940 ἐπεὶ
2548 5886 2627 5950 είς
2654 5885 2843 5942 οὐσίαν
2875 5887 2969 5942 καὶ
3000 5887 3120 5942 κατ’
3152 5887 3342 5944 οὐσίαν
3369 5885 3490 5942 τινὰ
3519 5885 3693 5940 τῶνδε
