4042 6530
325 462 466 528 1665
1268 449 1672 516 anvunsns
1708 447 2263 511 NESTORIANOS.
2298 475 2367 490 —
2394 450 2542 511 LIB.
2585 449 2688 513 IV.
3470 432 3611 512 1666

322 582 667 655 γεγέννηται,
692 575 787 633 καὶ
815 577 880 631 ὲκ
904 575 1003 646 τῆς
1026 570 1237 635 οὐσίας.
1264 570 1299 643 ἦ
1330 572 1396 640 τῇ
1419 567 1651 638 διαφορᾷ
1672 566 1781 621 τῶν
1804 565 1927 637 τρόσ-

2051 565 2133 619 ιιίιι
2179 564 2371 620 multa.
2406 566 2547 621 Num
2577 568 2746 637 igitur
2773 567 2891 623 haec
2914 566 3101 623 omnia
3145 566 3355 623 homini
3386 582 3507 624 esse
3538 574 3614 626 si—

323 694 442 730 πων
492 674 589 729 καὶ
619 672 795 742 λόγων
815 709 830 733 ,
889 668 985 725 καὶ
1012 666 1154 720 ὐλῶν
1174 705 1190 729 ,
1228 662 1511 733 διαφέρειν
1540 660 1753 730 ἀνάγκη
1780 661 1921 730 πρὸς

2051 659 2179 713 nilia
2214 657 2397 729 quoad
2429 659 2794 716 substantiam
2823 661 3161 717 censendum
3195 663 3320 717 est?
3342 662 3614 729 Quoniam

324 766 417 820 τὸν
438 767 700 830 τεκόντας
725 762 821 816 καὶ
847 760 975 817 τάδε
1004 759 1103 813 οὐκ
1131 757 1197 810 ὲκ
1216 756 1315 827 τῆς
1338 752 1528 811 οὐσίας
1546 751 1712 806 αὐτοῦ
1737 751 1921 821 πάσης

2051 766 2087 805 n
2144 751 2515 806 substantiam
2548 758 2605 807 et
2666 752 2973 807 secundum
3024 754 3412 821 substantiam,
3447 764 3504 810 et
3547 771 3617 810 ex

325 862 360 933 ἢ
395 858 585 931 μόνης,
616 856 651 929 ἢ
691 857 828 929 μόνα
851 854 1170 925 τικτόμενα.

2051 844 2340 900 :ubstantia
2392 844 2645 916 quaedam
2694 845 2895 900 horum
2928 847 3253 918 gignuntur,
3290 863 3477 903 nonne
3509 849 3617 903 dif-

326 956 566 1015 ferentia
615 953 908 1011 modorum
958 958 1015 1007 et
1060 948 1357 1011 verborum
1404 955 1461 1002 et
1493 941 1779 1008 materiae,
1840 956 1906 998 ea
1953 940 2179 997 differre
2212 956 2442 998 necesse
2482 949 2569 997 est
2624 941 2857 997 relative
2905 942 2971 997 ad
3002 943 3341 1014 gignentem.
3381 943 3452 998 Et
3499 942 3618 998 haec

330 1067 443 1109 non
470 1061 602 1107 sunt
626 1065 694 1105 ex
722 1049 843 1120 ejus
872 1044 1183 1102 substantia
1232 1051 1344 1098 tota
1366 1041 1455 1097 vel
1489 1040 1749 1103 sola,nec
1780 1048 1910 1093 sunt
1944 1039 2107 1094 unica
2139 1038 2346 1109 genita.

402 1144 614 1200 Οὐκοῦν
660 1145 711 1196 εἰ
740 1142 835 1196 καὶ
862 1141 892 1193 6
919 1139 1054 1202 Θεὸς
1079 1138 1251 1207 Λόγος
1285 1138 1351 1189 ὲκ
1375 1135 1476 1205 τῆς
1504 1133 1666 1202 ἁγίας
1694 1129 1914 1204 Παρθέ-

330 1259 424 1299 νου
456 1239 780 1310 γεγέννηται
814 1236 912 1289 σύν
938 1237 1006 1307 τῇ
1035 1231 1219 1305 σαρκὶ,
1246 1229 1308 1284 οὐ
1344 1229 1501 1301 μόνος
1524 1225 1682 1297 ψιλὸς
1699 1224 1800 1296 τὴν
1821 1222 1923 1295 φύ-

334 1352 420 1388 σιν
467 1331 589 1385 οὐδὲ
624 1331 689 1383 ἐκ
715 1327 878 1399 τῆσδε
904 1327 1045 1397 ἔχων
1078 1325 1138 1378 τὸ
1162 1321 1349 1386 ἁπλῶς
1376 1316 1518 1374 εἶναι
1540 1358 1557 1384 ,
1590 1318 1675 1382 τίς
1704 1316 1920 1385 ἀνάγκη

335 1426 516 1497 πάσης
545 1423 646 1493 τῆς
668 1420 860 1482 οὐσίας
886 1417 1144 1473 ἀπαιτεῖν
1164 1414 1426 1486 ὁμοίωσιν
1449 1412 1546 1466 τοῦ
1568 1408 1923 1481 γεννηθέντος

334 1518 473 1590 πρὸς
518 1513 582 1568 τὸ
624 1511 877 1567 ὁπωσοῦν
909 1508 1182 1579 γεννῆσαν
1208 1524 1223 1574 ;
1259 1505 1361 1576 τῆς
1385 1505 1698 1574 γεννήσεως
1727 1500 1923 1572 ὁμολο-

336 1608 610 1680 γουμένης
641 1605 716 1676 μὴ
746 1600 888 1657 εῖναι
918 1601 1083 1671 τῆσδε
1112 1598 1411 1671 πατρικῆς,
1434 1597 1469 1669 ἢ
1498 1594 1634 1666 μόνη
1655 1593 1718 1648 τὸ
1741 1594 1925 1664 ἀπαρ-

338 1702 604 1756 άλλακτον
641 1696 744 1767 τῆς
777 1691 1089 1769 ὁμοιώσεως
1121 1691 1219 1763 τῆς
1240 1689 1428 1754 οὐσίας
1458 1686 1553 1741 τοῦ
1586 1686 1927 1756 γεννήματος

337 1794 579 1849 δείκνυσι
630 1788 769 1861 πρὸς
811 1787 902 1842 τὸν
945 1786 1328 1856 γεννήσαντα,
1379 1782 1549 1853 ήγουν
1581 1777 1678 1833 τοῦ
1707 1776 1927 1849 Πατρὸς

340 1886 480 1959 πρὸς
527 1884 620 1937 τὸν
667 1880 864 1937 ἑαυτοῦ
913 1880 1042 1935 ἄνευ
1079 1876 1284 1949 σαρκὸς
1310 1874 1506 1944 Λόγον.
1553 1873 1619 1926 Ἥ
1650 1871 1761 1959 γὰρ
1789 1868 1926 1959 σάρξ

340 1957 436 2033 καὶ
484 1978 514 2031 6
554 1974 729 2043 Λόγος
779 1974 809 2026 6
851 1968 1037 2043 προὼν
1068 1966 1395 2037 γεγέννηται
1429 1963 1495 2016 ὲκ
1518 1961 1620 2033 τῆς
1643 1958 1805 2028 ἁγίας
1829 1957 1930 2009 Δε-

344 2070 573 2139 σποίνης
595 2084 611 2100 ο
646 2065 744 2121 καὶ
776 2062 901 2118 οὐτε
933 2063 1125 2135 μόνος,
1160 2057 1285 2113 οὔτε
1320 2058 1386 2111 ὲκ
1417 2054 1587 2127 μόνης
1613 2054 1714 2123 τῆς
1741 2049 1933 2112 οὐσίας

342 2165 443 2236 τῆς
467 2162 628 2234 ἁγίας
658 2158 965 2232 Παρθένου,
996 2155 1074 2215 ὡς
1101 2156 1166 2208 ὲκ
1188 2151 1406 2222 Πατρός
1428 2166 1443 2181 ·
1479 2146 1641 2202 τοῦτο
1662 2145 1770 2236 γάρ
1804 2144 1933 2214 ὑμῖν

344 2235 445 2314 οὐκ
474 2254 692 2324 ἐλέγετο
724 2252 854 2321 παρ’
881 2246 1040 2321 ἡμῶν
1060 2287 1076 2311 ,
1112 2245 1190 2310 ὡς
1226 2242 1412 2312 Λόγοι(
1432 2239 1596 2312 μόνον
1640 2235 1934 2306 ἐγέννησεν

346 2355 381 2427 ἡ
406 2353 574 2424 μόνηο
606 2349 641 2421 ἢ
675 2346 752 2419 μὴ
779 2345 1063 2417 προόντος,
1093 2339 1231 2396 ἀλλὰ
1257 2337 1403 2393 κατά
1426 2331 1527 2407 τῆν
1549 2332 1739 2389 οὐσίαν
1760 2331 1935 2401 αὐτῆς

349 2420 777 2517 σεσαριιωμένου
801 2455 817 2470 ο
877 2436 999 2491 ὅθεν
1031 2432 1268 2506 Χριστὸς
1311 2430 1434 2485 κατ’
1460 2428 1629 2499 ἄμφω
1657 2422 1825 2480 αὐτοῦ
1865 2420 1935 2475 τὰ

352 2540 494 2612 μέρη
522 2536 551 2588 6
572 2529 881 2603 γεννηθεὶς,
907 2529 1004 2583 ἆτε
1032 2528 1243 2598 χρῖσμα
1269 2523 1365 2576 καὶ
1386 2520 1677 2593 χριόμενος
1697 2517 1931 2612 εἴρηταιο

349 2606 400 2686 ἐι
430 2606 491 2684 ὸὲί
515 2627 706 2683 τοῦτον
748 2624 830 2678 ἐνὶ
858 2622 1078 2684 πάντως
1127 2618 1223 2677 καὶ
1250 2616 1313 2670 οὐ
1338 2614 1432 2668 δύο
1461 2609 1823 2684 ὲτεροουσίοις
1848 2606 1937 2659 λέ-

349 2741 469 2795 γειν
500 2719 787 2787 ὁμοούσιον
819 2716 966 2786 ἡμᾶς
996 2711 1360 2782 εἰσπράττετε
1382 2747 1398 2773 ,
1444 2706 1563 2777 ὥρα
1618 2703 1766 2771 ὑμᾶς
1798 2697 1938 2795 μηόὲ

350 2793 442 2871 τὸν
480 2812 657 2883 Ἀδὰμ
695 2810 802 2864 ἀπὸ
832 2808 937 2877 γῆς
963 2821 1024 2859 τε
1055 2804 1151 2859 καὶ
1181 2802 1329 2857 θείου
1357 2796 1580 2871 ὲμφυσή
1591 2810 1759 2867 ματος
1785 2793 1940 2862 γενό-

357 2924 519 2982 μενον
538 2948 554 2972 ,
600 2904 743 2960 κατά
775 2902 1004 2970 θάτερον
1037 2901 1097 2952 ὲν
1123 2896 1273 2966 αὐτῷ
1309 2892 1491 2966 μερῶν
1513 2890 1695 2982 λόγον,
1732 2885 1940 2982 θατέρᾳ

352 2975 533 3072 λέγειν
567 2996 870 3065 συστατικῇ
906 2990 1071 3045 αὐτοῦ
1100 2987 1259 3060 οὐσίᾳ
1291 2982 1578 3058 ὀμοούσιον
1609 2975 1753 3033 εἶναι
1775 2993 1789 3009 ·
1823 2976 1939 3032 ἀλλ’

355 3098 390 3160 ἢ
424 3096 567 3151 θεῖον
598 3089 765 3147 αὐτοῦ
795 3087 1019 3156 δοξάσαι
1065 3074 1162 3140 καὶ
1204 3082 1267 3137 τὸ
1310 3083 1519 3152 γήῖνον,
1554 3077 1588 3150 ἢ
1621 3078 1815 3151 γήϊνον
1846 3074 1942 3128 καὶ

357 3190 503 3246 θεῖον
549 3183 992 3257 ὑπολαμϐάνειν
1049 3180 1099 3234 εί
1143 3179 1200 3233 δὲ
1239 3168 1419 3231 ταῦτα
1459 3172 1555 3227 ἐπὶ
1584 3172 1778 3226 τούτου
1807 3169 1944 3238 πρό-

2089 1132 2266 1203 igitur
2295 1130 2399 1188 etsi
2429 1132 2577 1187 Deus
2616 1129 2859 1187 Verbum
2884 1144 2951 1183 ex
2982 1136 3172 1183 sancta
3204 1129 3433 1201 Virgine
3463 1129 3619 1201 geni-

2018 1232 2110 1280 tus
2143 1234 2230 1282 est
2251 1240 2379 1281 eum
2410 1240 2597 1288 carne,
2623 1239 2736 1278 non
2761 1223 2914 1277 solus
2938 1203 3133 1275 natbra
3156 1222 3408 1291 simplex,
3433 1237 3618 1292 neque

2019 1316 2234 1371 habens
2281 1332 2350 1371 ex
2380 1316 2500 1386 ipsa
2535 1314 2844 1385 simplicem
2887 1313 3288 1373 exsistentiam,
3342 1311 3477 1382 quid
3521 1328 3619 1368 ne-

2019 1421 2175 1463 cesse
2200 1417 2287 1463 est
2318 1407 2493 1462 totius
2529 1404 2857 1461 substantiae
2888 1404 3173 1475 postulare
3198 1401 3619 1459 similitudinem

2032 1496 2210 1569 geniti
2263 1498 2495 1552 relative
2544 1496 2613 1552 ad
2649 1512 2776 1551 eum
2822 1494 2918 1565 qui
2949 1509 3176 1564 quoquo
3220 1492 3386 1547 modo
3409 1488 3620 1563 genuit,

2033 1604 2162 1645 cum
2222 1588 2278 1643 in
2309 1587 2564 1643 confesso
2588 1587 2660 1642 sit
2690 1586 2835 1641 banc
2879 1584 3292 1656 generationem
3338 1591 3623 1653 paternam

2031 1697 2144 1735 non
2171 1694 2294 1735 esse
2326 1694 2447 1735 eam
2479 1694 2605 1748 quae
2631 1678 2747 1733 sola
2801 1677 3146 1732 demonstrat
3203 1673 3625 1729 similitudinem

2033 1770 2361 1827 substantia:
2389 1769 2561 1841 geniti
2589 1768 2820 1824 relative
2855 1767 2924 1821 ad
2951 1766 3291 1838 gignentem,
3320 1766 3499 1820 Patris
3520 1763 3629 1819 sci-

2034 1864 2167 1920 licet
2217 1863 2452 1920 relative
2498 1860 2569 1917 ad
2605 1876 2768 1917 suum
2815 1860 2940 1915 sine
2971 1873 3137 1914 carne
3178 1857 3626 1915 Verbum?Caro

2032 1956 2183 2012 enim
2212 1964 2268 2011 ct
2286 1955 2533 2012 Verbum
2564 1954 2958 2025 pratexsistens
2989 1950 3172 2023 genita
3196 1957 3324 2005 sunt
3350 1967 3415 2005 ex
3438 1959 3629 2005 sancta

2033 2049 2295 2113 Domina,
2332 2048 2431 2104 sed
2461 2062 2645 2118 neque
2691 2046 2873 2101 solum
2908 2044 3179 2108 Verbum,
3208 2057 3395 2113 neque
3419 2057 3486 2096 ex
3512 2042 3628 2097 sola

2033 2140 2341 2198 substantia
2383 2148 2590 2195 sancta!
2640 2136 2909 2208 Virginis,
2965 2135 3113 2191 sicut
3164 2150 3230 2189 ex
3281 2135 3463 2189 Patre.
3514 2132 3632 2188 Hoc

2032 2235 2183 2290 enim
2210 2246 2495 2303 nunquam
2524 2229 2685 2285 vobis
2713 2228 2926 2284 dictum
2950 2225 3057 2281 fuit
3112 2241 3142 2280 a
3177 2224 3363 2290 nobis,
3415 2224 3633 2280 scilicet

2032 2323 2280 2380 Verbum
2319 2321 2499 2377 solum
2553 2319 2805 2391 genitum
2860 2316 3032 2371 fuisse
3081 2331 3147 2371 ex
3196 2315 3290 2370 illa
3341 2316 3477 2380 sola,
3534 2320 3633 2368 aut

2034 2417 2220 2474 Verbo
2244 2431 2357 2471 non
2400 2411 2857 2485 praeexsistente;
2895 2409 2993 2464 sed
3020 2407 3258 2462 dicimus
3284 2407 3633 2462 incarnatum

2035 2525 2103 2566 ex
2137 2510 2258 2580 ejus
2289 2506 2624 2563 substantia.
2652 2502 2811 2560 Unde
2861 2501 3098 2558 Verbum
3130 2500 3401 2571 genitum,
3429 2515 3633 2554 secun-

2037 2602 2171 2657 dum
2198 2612 2495 2671 utramque
2532 2613 2685 2653 suam
2716 2603 2954 2667 partem,
2999 2593 3211 2649 dictum
3245 2600 3329 2649 est
3355 2591 3634 2656 Christus,

2039 2701 2233 2762 utpote
2267 2690 2460 2745 unctio
2520 2687 2685 2744 simul
2717 2695 2774 2741 et
2800 2693 3022 2741 unctus.
3059 2683 3117 2739 Si
3154 2692 3337 2738 autem
3367 2682 3515 2737 hunc
3538 2680 3635 2735 uni

2038 2781 2267 2838 omnino
2293 2787 2351 2836 et
2386 2794 2497 2834 non
2520 2778 2740 2833 duobus
2768 2775 3004 2832 diversa:
3035 2774 3362 2830 substantiae
3391 2773 3637 2828 consub-

2040 2873 2355 2931 stantialem
2383 2871 2572 2927 dicere
2604 2885 2707 2925 nos
2732 2868 2963 2939 c0gitis,
2991 2868 3103 2939 jam
3137 2867 3298 2922 decet
3328 2881 3429 2922 vos
3456 2881 3643 2937 neque

2041 2968 2313 3024 Adamum
2342 2980 2374 3020 e
2395 2975 2546 3020 terra
2574 2971 2632 3018 et
2656 2962 2848 3017 divino
2876 2960 3007 3016 ﬂatu
3033 2960 3301 3031 genitum,
3328 2960 3633 3015 secundum

2041 3061 2363 3116 alterutram
2375 3057 2644 3113 rationem
2657 3054 2899 3126 partium
2912 3052 3117 3123 quibus
3128 3061 3368 3116 constat,
3382 3050 3637 3107 alterutri

2043 3151 2407 3208 con‘stituenti
2466 3147 2794 3204 substantia)
2842 3145 3027 3201 dicere
3082 3158 3206 3201 esse
3268 3144 3640 3198 consubstan—

868 3273 1117 3347 πλάνην,
1179 3270 1397 3343 ἀληθῶς
1449 3267 1547 3321 καὶ
1594 3267 1623 3320 6
1664 3261 1747 3329 εἷς
1784 3236 1945 3334 ἡμῶν

2051 3245 2260 3308 tialem,
2287 3243 2385 3299 sed
2417 3251 2514 3297 aut
2556 3240 2806 3296 divinum
2831 3237 3107 3293 aestimare
3135 3236 3303 3292 etiam
3333 3245 3639 3303 terrenum,

2123 3345 2136 3354 .
2177 3345 2240 3354 ,μ
2267 3352 2276 3354 _
2303 3350 2457 3354 -..μμ
2491 3346 2800 3354 -____.-_-..-
2840 3338 2889 3354 ..ι
2924 3329 3170 3354 ,12ηξη-..ν-
3215 3327 3269 3354 ΕΞ
3304 3335 3486 3354 -..ιρι-ι.
3524 3328 3639 3354 LM-

359 3378 597 3449 Χριστὸς
650 3368 985 3441 ἀμφοτέροις
1041 3364 1151 3419 τῶν
1196 3361 1541 3434 γεννητόρων
1596 3359 1661 3412 ἐκ
1708 3354 1945 3428 θατέρου

359 3470 469 3525 τῶν
497 3469 555 3522 ὲν
580 3463 730 3537 αὐτῷ
755 3464 939 3535 ὅμοιος
967 3454 1111 3515 εἶναι
1135 3452 1359 3511 δύναταί
1382 3471 1442 3507 τε
1475 3451 1571 3508 καὶ
1593 3451 1837 3522 λέγεται.

963 3725 1216 3782 ΚΕΦᾹΛ.
1254 3723 1338 3776 H'.

439 3832 505 3885 Et
554 3828 756 3901 Μήτηρ
803 3822 899 3878 τοῦ
942 3818 1080 3875 Θεοῦ
1133 3816 1255 3873 κατ’
1285 3813 1550 3884 ἀλήθειαν
1578 3811 1615 3882 ἡ
1644 3805 1947 3901 Παρθένος,

370 3926 502 3990 Tib;
547 3898 668 3977 κατ’
703 3898 967 3991 ἀλήθειαν
1014 3917 1115 3985 τῆς
1158 3908 1437 3981 Παρθένου
1476 3907 1505 3958 6
1536 3903 1701 3967 Θεός·
1739 3903 1788 3954 εἰ
1821 3898 1953 3962 Υίὸς

376 4020 477 4089 τῆς
522 4013 803 4086 Παρθένου
847 4008 972 4064 κατ’
1006 4006 1269 4078 ἀλήθειαν
1316 4002 1348 4054 6
1385 3999 1519 4063 Θεὸς
1542 4039 1557 4065 ,
1596 3997 1631 4069 ἢ
1666 3997 1849 4089 ὅμοιος
1869 3993 1949 4089 ,τῇ

370 4086 582 4183 Μητρὶ,
618 4108 652 4179 ἥ
685 4105 784 4175 οὐχ
806 4104 1029 4175 ὅμοιοςο
1085 4098 1180 4152 καὶ
1224 4096 1275 4150 εί
1298 4095 1408 4166 μὲν
1447 4094 1661 4163 ὅμοιος,
1689 4088 1749 4142 οὐ
1772 4086 1946 4183 Δθεός·

374 4208 422 4259 εί
453 4179 522 4258 ’δέ
569 4201 669 4271 οὐχ
713 4200 921 4268 ὅμοιος,
961 4193 1062 4264 οὐχ
1091 4190 1237 4252 Υἱός.
1282 4187 1423 4241 Ἀλλ’
1451 4186 1552 4257 ήδη
1578 4184 1712 4254 ἡμῖν
1740 4179 1953 4271 εἴρηται

374 4298 473 4352 καὶ
518 4295 611 4349 τὸν
638 4268 780 4347 ἀπ’
818 4286 1081 4358 ἀλήθειαν
1124 4282 1239 4337 υίὸν
1293 4280 1370 4353 μὴ
1413 4277 1557 4335 κατά
1594 4275 1773 4329 πάντα
1811 4268 1953 4325 εἶναι

373 4389 452 4461 τῷ
479 4386 696 4441 τεκόντι
722 4384 907 4455 ὅμοιον
931 4395 946 4411 ο
987 4378 1084 4433 καὶ
1112 4375 1222 4447 γὰρ
1254 4373 1349 4428 καὶ
1375 4374 1443 4426 ὲκ
1472 4367 1646 4461 πυρὸς
1673 4366 1821 4437 φῶς,
1859 4362 1956 4461 καί.

2046 3345 2144 3394 aut
2176 3345 2462 3392 terrenum
2488 3346 2803 3404 supponere
2836 3338 2893 3385 et
2920 3329 3194 3384 divinum.
3215 3327 3271 3383 Si
3303 3335 3488 3383 autem
3524 3328 3644 3385 haec

2046 3429 2341 3486 manifeste
2360 3426 2648 3483 continent
2676 3438 2948 3489 errorem,
2971 3437 3103 3478 vere
3119 3422 3286 3477 etiam
3311 3436 3454 3476 unus
3482 3420 3648 3478 Chri-

2048 3533 2168 3580 stus
2187 3530 2380 3579 noster
2406 3520 2682 3576 ambobus
2711 3516 3065 3590 gignentibus
3090 3557 3106 3582 ,
3143 3533 3212 3572 ex
3259 3516 3527 3572 alterutra
3554 3515 3653 3573 sui

2049 3625 2225 3688 parte,
2250 3622 2432 3687 potest
2456 3628 2578 3669 esse
2597 3620 2655 3669 et
2683 3612 2891 3668 dicitur
2916 3610 3133 3666 similis.

2670 3724 2823 3781 CAP.
2875 3724 3014 3781 VIII.

2124 3819 2183 3876 Si
2220 3818 2393 3875 Mater
2418 3818 2516 3874 Dei
2544 3833 2676 3874 vere
2702 3827 2785 3873 est
2816 3816 3003 3888 Virgo,
3036 3815 3214 3872 Filius
3245 3816 3486 3888 Virginis
3516 3833 3646 3874 vere

2052 3924 2138 3971 est
2165 3913 2333 3970 Deus.
2378 3911 2437 3969 Si
2484 3912 2657 3968 Filius
2692 3910 2934 3981 Virginis
2974 3906 3103 3965 vere
3132 3917 3219 3965 est
3244 3910 3413 3977 Deus,
3445 3910 3531 3966 vel
3561 3920 3649 3968 est

2052 4005 2211 4061 Matri
2247 4004 2468 4070 similis,
2510 4005 2596 4059 vel
2640 4019 2751 4058 non
2796 4002 3028 4070 similis;
3074 4002 3119 4058 si
3154 4003 3352 4059 similis
3396 4004 3645 4075 quidem,

2053 4114 2186 4169 ergo
2229 4113 2338 4151 non
2371 4104 2457 4151 est
2496 4095 2672 4161 Deus;
2706 4094 2751 4150 si
2796 4109 2907 4148 non
2942 4093 3138 4149 similis
3171 4109 3323 4157 vero,
3369 4110 3501 4165 ergo
3534 4110 3649 4150 non

2057 4186 2432 4244 Filius—Sed
2451 4187 2563 4257 jam
2586 4202 2615 4240 a
2637 4186 2803 4241 nobis
2821 4185 3033 4241 dictum
3057 4185 3161 4240 fuit
3182 4194 3238 4241 et
3258 4201 3452 4240 verum
3473 4185 3647 4240 filium

2055 4295 2167 4335 non
2212 4278 2521 4335 secundum
2556 4278 2741 4333 omnia
2773 4293 2896 4333 esse
2927 4278 3172 4350 gignenti
3220 4277 3479 4333 similem.
3512 4278 3649 4333 Nam

2054 4387 2121 4427 ex
2151 4373 2277 4443 igne
2305 4371 2495 4426 lumen
2527 4377 2647 4435 est;
2697 4378 2753 4425 et
2789 4378 2975 4425 tamen
3009 4384 3119 4423 non
3171 4368 3226 4422 in
3276 4368 3534 4423 omnibus
3565 4380 3661 4426 est

374 4455 475 4553 οὐχ
502 4481 689 4551 ὅμοιον
722 4476 901 4544 πάντη
941 4473 1112 4543 πυρί·
1165 4468 1264 4522 καὶ
1307 4465 1487 4536 νόημα
1525 4463 1592 4516 ὲκ
1621 4459 1820 4553 ψυχῆς,
1861 4455 1945 4553 τεαὶ

2058 4462 2170 4533 igni
2198 4462 2416 4517 similis.
2441 4461 2716 4533 Cogitatio
2745 4476 2969 4531 quoque
2998 4476 3064 4514 ex
3097 4461 3300 4524 anima,
3332 4475 3433 4515 nec
3463 4468 3653 4514 tamen

375 4549 613 4645 obduxi]
642 4589 655 4603 ο
691 4571 789 4624 καὶ
821 4567 1001 4638 ίχθύες
1030 4564 1090 4631 ἐξ
1119 4562 1347 4627 ὓδατος,
1394 4558 1491 4611 καὶ⁵
1522 4555 1623 4626 οὐχ
1651 4551 1825 4645 ὕδωρ,
1866 4549 1945 4645 Ἱεξι

2058 4566 2142 4611 est
2173 4555 2388 4620 anima;
2416 4563 2473 4610 et
2498 4556 2681 4625 pisces
2711 4569 2778 4608 ex
2804 4568 2971 4622 aqua,
3006 4566 3109 4607 nec
3139 4551 3266 4606 ideo
3310 4560 3441 4607 sunt
3482 4567 3659 4621 aqua.

378 4620 999 4733 ξύῖεᾷξμὲῖὸονᾜςαί
1018 4620 1090 4710 τὸ
1109 4620 1304 4723 πάντη⁷
1317 4620 1572 4721 ἀνόμοιον
1590 4620 1744 4716 ’πρὸς
1766 4620 1843 4696 -τὰ
1864 4640 1945 4694 τέ-

2062 4649 2123 4702 ln
2147 4648 2235 4701 his
2259 4647 2427 4717 igitur
2448 4620 2999 4701 animadvertendum
3025 4655 3111 4700 est
3136 4643 3362 4699 omnino
3391 4620 3661 4699 diﬂ‘eren-

380 4775 548 4815 κοντα
598 4754 710 4807 τῶν
751 4750 1055 4821 τεχθέντων
1102 4746 1249 4799 ἔστιν
1292 4743 1438 4795 ἰδεῖν.
1480 4740 1544 4793 Εἰ
1574 4737 1631 4790 δὲ
1663 4737 1728 4789 ἐκ
1760 4734 1960 4805 μέρους

381 4852 637 4922 ἀνόμοιος
668 4847 736 4917 τῇ
763 4842 953 4915 Μητρὶ
981 4840 1077 4895 καὶ
1103 4840 1288 4908 ὅμοιος
1318 4837 1345 4888 6
1368 4831 1624 4904 Χριστὸς,
1648 4828 1700 4882 τί
1725 4828 1958 4891 ἄτοπον;

380 4920 528 5017 τΑρα
556 4941 649 4996 οῦν
694 4937 819 4992 ἐπεὶ
851 4935 928 5008 μὴ
959 4931 1103 4989 κατὰ
1134 4930 1195 4985 τὸ
1224 4930 1347 4984 ὅλον
1381 4925 1598 4995 πέρδικι
1625 4923 1812 4992 ὅμοιος
1844 4922 1873 4973 6
1897 4920 1964 4972 ὲκ

385 5013 660 5107 πέρδικος,
687 5030 782 5086 καὶ
816 5025 1095 5099 φασιανῶν
1127 5016 1638 5094 περδικοφασιανὸς,
1670 5014 1771 5069 οὐκ
1795 5013 1965 5075 ὅντως

387 5128 541 5183 ἔσται
575 5126 697 5181 οὐδὲ
726 5122 841 5186 υἱὸς
866 5118 1047 5184 τοῦδε,
1086 5109 1135 5170 ὦ
1161 5113 1515 5185 φυσιολόγοι;

990 5255 1243 5312 ΚΕΦΑΛ.
1283 5252 1362 5307 Θ’.

476 5377 543 5431 Ἦ
580 5375 674 5430 τοῦ
710 5373 846 5429 Θεοῦ
881 5372 1056 5442 Λόγου
1105 5372 1172 5423 ὲκ
1210 5365 1491 5439 Παρθένου
1538 5362 1672 5417 κατ’
1706 5357 1967 5432 ἀλήθειαν

392 5472 669 5542 γέννησις,
696 5466 731 5537 ἢ
759 5467 929 5530 πάθος
954 5461 1121 5520 αὐτοῦ
1152 5464 1325 5525 ἐστιν,
1349 5459 1383 5528 ἢ
1410 5456 1684 5527 ὲνέργεια’
1712 5452 1747 5523 ἢ
1773 5451 1969 5515 πάθος,

394 5565 489 5620 καὶ
538 5561 826 5631 ἐνέργεια·
881 5558 915 5630 ἢ
967 5556 1093 5612 οὐτε
1124 5554 1328 5620 πάθος,
1364 5552 1487 5605 οὐτε
1515 5547 1788 5619 ἐνέργεια.
1829 5545 1967 5599 Ἀλλ’
2000 5568 2005 5571 ·

396 5659 447 5713 εί
477 5657 578 5728 μὲν
608 5652 781 5715 πάθος
809 5650 1081 5721 φαίνεται,
1110 5645 1377 5721 πρόδηλος
1406 5646 1441 5716 ὴ
1468 5641 1711 5697 ἀσέϐεια·
1746 5637 1839 5692 τοῦ
1864 5639 1972 5708 γὰρ

394 5747 793 5821 γεγεννημένου
813 5746 875 5799 τὸ
916 5742 1116 5807 πάθος,
1165 5741 1491 5811 γεγέννηται
1521 5734 1578 5788 δὲ
1625 5735 1659 5804 ἡ
1693 5732 1851 5786 οὐσία
1876 5728 1972 5784 τοῦ

395 5842 532 5897 Θεοῦ
562 5841 684 5897 καθ’
717 5839 894 5913 ὑμᾶς,
926 5838 1023 5907 τῆς
1053 5835 1242 5899 οὐσίας
1268 5835 1378 5907 ἄρα
1407 5829 1500 5885 τοῦ
1524 5827 1661 5883 Θεοῦ
1692 5827 1753 5881 τὸ
1781 5826 1970 5886 πάθος.

396 5934 461 5988 Εἰ
489 5934 547 5989 δὲ
578 5933 846 6005 ἐνέργεια,
885 5930 1100 5999 ἐνεργεῖ
1131 5926 1185 5980 δὲ
1221 5927 1249 5979 6
1279 5923 1409 5987 Θεὸς
1442 5922 1502 5977 οὐ
1534 5920 1611 5993 τῷ
1637 5914 1775 5979 εἶναι
1803 5916 1973 5990 αὐτῷ,

2065 4740 2197 4794 tiam
2227 4740 2538 4811 genitorem
2571 4737 2801 4793 relative
2829 4736 2898 4791 ad
2928 4736 3229 4806 gignentia.
3260 4734 3315 4790 Si
3359 4744 3543 4790 autem
3586 4748 3660 4790 ex

2058 4841 2224 4903 parte
2271 4830 2559 4886 dissimilis
2607 4829 2772 4883 matri
2810 4827 3064 4885 Christus
3112 4828 3277 4883 simul
3328 4835 3389 4882 et
3434 4827 3663 4892 similis,

2068 4923 2203 4994 quid
2234 4921 2504 4978 absurdi?
2529 4921 2670 4976 Num
2702 4916 2871 4990 igitur
2910 4934 2976 4973 ex
3012 4933 3078 4973 eo
3107 4917 3253 4988 quod
3284 4933 3394 4972 non
3426 4917 3499 4973 sit
3526 4932 3656 4987 per-

2070 5016 2179 5072 diei
2208 5031 2310 5086 per
2333 5013 2517 5070 omnia
2547 5012 2743 5069 similis
2773 5011 2959 5083 pullus
2991 5010 3236 5082 perdicis
3271 5017 3329 5066 et
3356 5010 3667 5079 pbasiaew,

2071 5122 2182 5163 non
2217 5108 2342 5163 ideo
2371 5107 2482 5161 erit
2512 5104 2754 5176 perdicis
2781 5104 2996 5174 pullus,
3029 5118 3063 5157 o
3105 5100 3450 5174 physiologi?

2723 5236 2875 5293 CAP.
2918 5235 3009 5290 1X.

2146 5357 2243 5412 Dei
2270 5355 2434 5413 Verbi
2460 5353 2746 5427 generatio
2776 5367 2851 5407 ex.
2879 5349 3097 5421 Virgine
3122 5346 3427 5404 secundum
3458 5346 3673 5403 verita».

2073 5459 2210 5515 tem,
2240 5450 2326 5505 vel
2359 5459 2445 5504 est
2484 5448 2605 5518 ejus
2641 5445 2858 5518 passio,
2895 5451 2992 5499 aut
3033 5442 3215 5506 actio,
3258 5440 3346 5495 vel
3391 5439 3575 5510 passio
3606 5445 3673 5492 el

2077 5543 2246 5606 actio,
2275 5542 2359 5597 vel
2402 5556 2583 5611 neque
2627 5538 2812 5611 passio
2842 5551 3025 5607 neque
3055 5536 3221 5591 actio.
3270 5533 3376 5589 Sed
3406 5533 3453 5587 si
3481 5531 3676 5602 passio

2077 5636 2334 5699 videtur,
2369 5643 2523 5704 patet
2567 5632 2821 5703 impietas
2854 5648 2866 5685 :
2894 5629 3075 5701 passio
3120 5629 3271 5685 enim
3309 5625 3557 5697 pertinet
3597 5621 3673 5677 ad:

2080 5728 2364 5799 genitum;
2397 5723 2573 5794 atqui,
2604 5721 2908 5778 secundum
2938 5735 3057 5785 vos,
3090 5719 3269 5790 genita
3296 5724 3380 5772 est
3408 5713 3672 5768 substan—

2082 5824 2157 5877 tia
2187 5821 2319 5887 Dei;
2357 5834 2489 5891 ergo
2524 5816 2847 5875 substantia:
2878 5813 2975 5870 Dei
3012 5811 3338 5868 attribuitur
3372 5808 3575 5879 passio.
3611 5806 3675 5861 Si

2083 5921 2269 5971 autem
2309 5913 2478 5980 actio,
2514 5911 2625 5982 agit
2653 5918 2843 5966 autem
2874 5909 3022 5965 Deus
3054 5920 3166 5962 non
3197 5917 3295 5959 sua
3327 5898 3679 5971 exsistentia,
