4006 6544
370 453 505 520 1667

1630 448 1943 512 LEONTII
1982 443 2391 509 BYZANTINI

3507 441 3672 506 1668

365 560 422 614 id
446 567 532 615 est
557 571 670 619 non
696 571 797 612 sua
823 554 1156 622 substantia,
1183 554 1280 612 sed
1311 571 1410 612 sua
1437 555 1759 624 voluntate;
1789 547 1970 628 igitur'

2085 553 2336 606 τουτέστιν
2356 553 2419 606 οὑ
2447 551 2514 624 τῇ
2545 551 2724 625 οὑσίᾳ,
2759 549 2898 608 ἀλλὰ
2928 551 3080 623 μόνῳ
3106 550 3188 623 τῷ
3218 549 3420 606 θέλεινο
3445 551 3543 605 τοῦ
3568 553 3682 606 Θέ-

365 648 689 715 voluntatis,
721 663 832 705 non
867 647 1189 704 substantiae
1219 649 1338 718 Dei,
1370 649 1513 705 facta
1541 657 1628 708 est
1652 650 1960 722 generatio.

364 742 423 798 Si
459 751 644 797 autem
672 741 857 812 passio
888 741 1053 796 simul
1085 749 1142 796 et
1171 742 1338 807 actio,
1368 743 1444 797 ita
1475 741 1691 799 scilicet
1718 752 1781 798 ut
1805 741 1962 813 geni-

365 844 456 890 tus
489 833 562 888 sit
587 833 806 904 patiens
838 833 1060 903 quidem
1087 834 1418 898 substantia,
1447 850 1614 905 agens
1648 844 1835 889 autem
1865 848 1964 888 vo-

365 928 604 993 luntate,
636 926 839 999 genita:
868 933 998 982 sunt
1026 934 1252 997 ergoet
1281 927 1586 981 substantia
1617 935 1674 981 et
1709 927 1966 982 voluntas

369 1019 490 1085 Dei,
529 1019 618 1075 illa
651 1019 874 1090 quidem
908 1018 1147 1088 patiens,
1175 1018 1294 1073 haec
1317 1034 1450 1074 vero
1476 1033 1660 1089 agens.
1695 1017 1751 1072 Si
1777 1025 1963 1073 autem

369 1127 552 1181 neque
576 1111 762 1182 passio
788 1127 971 1180 neque
997 1111 1164 1173 actio,
1192 1125 1374 1180 neque
1401 1110 1707 1165 substantia
1742 1109 1837 1164 Dci
1872 1123 1968 1164 ne-

368 1219 479 1274 que
507 1203 782 1268 voluntas,
825 1204 1007 1274 genita
1036 1212 1123 1258 est
1150 1220 1164 1257 :
1195 1202 1286 1256 dic
1329 1217 1462 1272 ergo
1505 1201 1636 1272 quid
1667 1202 1766 1256 Dei
1810 1201 1967 1272 geni-

373 1305 490 1351 tum
537 1295 630 1363 sit,
667 1311 777 1366 qun
813 1294 1028 1350 scilicet
1058 1295 1266 1365 genito,
1298 1294 1527 1364 proprie
1574 1303 1632 1350 et
1681 1308 1807 1348 vere
1855 1292 1968 1348 dici

373 1387 549 1458 possit
577 1403 590 1440 :
619 1385 841 1456 genitus
889 1393 974 1440 est
1008 1386 1173 1440 Deus.
1197 1413 1268 1424 —
1290 1384 1434 1440 Proh
1486 1383 1754 1454 insipiens
1786 1392 1969 1439 vestra

373 1479 675 1550 sapientia!
710 1479 877 1533 Istius
906 1477 1056 1532 modi
1083 1477 1413 1546 eloquentia:
1454 1491 1524 1530 ne
1566 1477 1818 1530 umbram
1844 1476 1970 1546 qui-

374 1571 500 1626 dem
530 1572 673 1626 Deus
702 1571 756 1624 in
792 1570 1002 1625 mundo
1030 1570 1342 1640 relinquat!
1380 1569 1524 1636 Quid
1559 1570 1706 1624 enim
1737 1569 1971 1626 misera-

376 1663 548 1718 bilius
581 1661 686 1718 hoc
711 1662 918 1727 studio,
947 1662 1094 1733 quod
1131 1678 1352 1718 omnem
1387 1663 1530 1718 hanc
1564 1671 1850 1718 mutuatur
1879 1664 1969 1718 in-

375 1755 721 1811 commodam
747 1755 1104 1826 aetiologiam,
1137 1765 1200 1810 ut
1235 1755 1384 1810 inani
1424 1754 1716 1811 mendacio
1747 1755 1968 1826 opinio-

2065 647 2184 701 λειν
2207 647 2318 718 ἄρα
2344 646 2447 718 τῆς
2469 645 2657 710 οὑσίας
2681 644 2777 699 τοῦ
2797 646 2934 700 Θεοῦ
2957 649 2992 718 ή
3014 646 3291 718 γέννησις.
3317 646 3382 699 El
3399 646 3456 700 δὲ
3479 646 3684 709 πάθος

2066 739 2164 795 καὶ
2193 739 2470 811 ἐνέργεια,
2502 738 2791 803 πεπονθὼς
2825 738 2925 810 μὲν
2954 742 3021 810 τῇ
3054 739 3239 809 οὐσίᾳ,
3271 739 3575 811 ἐνεργήσας
3611 738 3686 792 δὲ

2067 830 2145 902 τῷ
2182 830 2358 885 θέλειν
2390 831 2720 902 γεγέννηται
2741 870 2757 897 ,
2809 831 3278 902 γεγέννηταισᾶρα
3310 832 3405 884 καὶ
3433 833 3468 900 ή
3501 831 3685 883 οὐσία

2068 922 2163 976 καὶ
2189 922 2252 976 τὸ
2279 922 2460 976 Θέλειν
2489 921 2584 976 τοῦ
2607 922 2766 987 Θεοῦ,
2791 924 2824 993 ή
2851 921 2952 993 μὲν
2973 920 3248 987 παθοῦσα,
3273 921 3333 975 τὺ
3351 923 3409 976 δὲ
3426 923 3679 993 δράσειν.

2071 1013 2134 1067 Ei
2181 1013 2239 1066 δὲ
2287 1013 2414 1067 οὔτε
2447 1014 2622 1078 πάθος
2667 994 2801 1067 οὕτε.
2823 1014 3096 1085 ἐνέργεια,
3131 1012 3256 1068 οῦτε
3285 1014 3320 1085 ή
3347 1013 3508 1068 οὑσία
3535 1013 3683 1067 οὔτε

2068 1103 2133 1157 τὸ
2162 1103 2340 1160 θέλειν
2365 1104 2461 1160 τοῦ
2489 1104 2626 1159 Θεοῦ
2659 1105 2951 1176 ἐγεννήθη,
2986 1105 3111 1159 είπὲ
3137 1105 3194 1159 τί
3222 1105 3318 1160 τοῦ
3344 1105 3482 1159 Θεοῦ
3511 1106 3610 1173 ὲγε
3649 1133 3686 1146 -

2068 1198 2204 1269 νήθη
2223 1239 2238 1262 ,
2273 1191 2335 1253 οὗ
2365 1198 2739 1269 γεννηθέντος,
2774 1200 2980 1270 κυρίως
3020 1199 3162 1254 κατὰ
3192 1197 3448 1269 ἀλήθειαν
3476 1201 3506 1252 ὁ
3530 1197 3688 1260 Θεδς

2072 1289 2362 1362 ἐγεννήθη.
2413 1289 2523 1344 Φεῦ
2559 1289 2663 1360 τῆς
2697 1291 2905 1361 ἀσόφου
2936 1291 3094 1363 ὑμῶν
3126 1291 3358 1362 σοφίαςι
3405 1291 3688 1363 τοιαύτης

2071 1383 2389 1454 λογιότητος
2455 1383 2592 1454 μηδὲ
2624 1383 2846 1437 είδωλον
2875 1383 3008 1447 Θεὸς
3039 1387 3097 1438 ὲν
3126 1384 3318 1456 κόσμῳ
3345 1385 3684 1440 καταλίποι.

2072 1477 2140 1530 Τί
2160 1476 2270 1548 γάρ
2292 1475 2622 1550 ἀθλιώτερον
2640 1476 2852 1530 τοιᾶσδε
2869 1477 3128 1548 σπουδῆς,
3151 1479 3333 1530 πᾶσαν
3350 1477 3688 1549 ὲρανιζομέ-

2073 1588 2172 1640 νης
2218 1569 2572 1642 ἀπρόσφορον
2620 1571 2992 1640 αἰτιολογίαν,
3050 1571 3138 1624 ἵνα
3185 1570 3263 1642 τῷ
3309 1571 3687 1640 ἁνυποστάτῳ

2071 1662 2298 1734 ψεύδει,
2363 1663 2588 1735 δόκησιν
2643 1663 3000 1729 ὑποστάσεως
3056 1664 3321 1736 ἀληθείας
3369 1664 3684 1734 περιποιή-

2077 1772 2280 1827 σηται;
2331 1755 2430 1809 καὶ
2474 1755 2632 1810 τοῦτο
2666 1756 2726 1810 οὑ
2759 1755 2849 1810 διὰ
2877 1756 3070 1828 κέρδος
3103 1750 3294 1828 ἕτερον
3314 1797 3330 1821 ,
3365 1755 3483 1810 ἀλλ’
3515 1758 3550 1826 ἢ
3583 1757 3687 1809 ἵνα.

377 1862 502 1902 nem
531 1843 856 1901 substantia:
881 1843 999 1898 veri
1033 1844 1326 1900 conciliet?
1348 1844 1415 1898 Et
1459 1843 1567 1898 hoc
1601 1858 1711 1898 non
1742 1853 1972 1914 propter

2085 1849 2320 1920 κρηπῖδα
2349 1847 2706 1920 βλασφημίας
2741 1848 2909 1920 ἑαυτῇ
2940 1849 3300 1922 οἰκοδομήσῃ.
3326 1849 3556 1920 Πρῶτον
3577 1848 3684 1902 οὖν

376 1936 529 1992 aliud
555 1937 795 2000 lucrum,
821 1937 926 1992 nisi
951 1944 1012 1991 ut
1035 1936 1455 1992 fundamentum
1487 1911 1971 2007 blasphemiae—sibi

2085 1911 2232 2010 ὓμιῦν
2262 1911 2587 2006 ἀκουστέον,
2615 1911 2707 2004 τίς
2733 1911 2994 1994 κοινωνία
3019 1911 3393 2004 διανοίαξτῶν
3415 1957 3475 1993 τε
3505 1941 3684 2012 μέχρι

375 2037 612 2084 astruat.
660 2029 832 2098 Igitur
873 2029 1116 2099 primum
1158 2044 1228 2084 ex
1297 2029 1456 2083 vobis
1496 2027 1837 2084 audiendum
1886 2034 1974 2082 est

378 2121 508 2192 quis
544 2121 768 2176 intersit
796 2135 1101 2176 consensus
1131 2119 1277 2175 inter
1310 2136 1376 2174 ea
1406 2136 1529 2190 quae
1557 2121 1667 2176 huc
1699 2135 1873 2190 usque
1902 2120 1972 2175 de

379 2212 737 2284 generatione
761 2220 818 2268 et
839 2211 1118 2283 generatis
1145 2212 1468 2277 senseratis,
1493 2221 1548 2266 et
1573 2227 1638 2266 ea
1657 2227 1781 2281 qua:
1806 2209 1972 2266 modo

379 2306 620 2361 dixistis.
649 2304 1077 2361 Generationem
1112 2303 1260 2358 enim
1281 2303 1506 2374 proprie
1529 2303 1752 2369 dictam,
1784 2302 1840 2358 id
1865 2311 1972 2368 est,

380 2411 502 2450 eam
523 2411 645 2465 qua:
677 2403 764 2450 est
792 2392 860 2448 de
879 2409 988 2448 non
1016 2393 1433 2456 exsistentibus,
1466 2393 1582 2448 sive
1609 2407 1732 2463 quae
1757 2391 1973 2462 simpli-

381 2488 522 2543 citer
552 2487 648 2542 dat
691 2487 1074 2543 exsistentiam
1105 2486 1313 2557 genito,
1354 2485 1758 2542 discernebatis
1789 2494 1972 2540 antea.

383 2580 502 2636 l-loc
536 2579 684 2636 enim
727 2579 848 2634 sine
883 2578 1314 2644 intermissione,
1343 2579 1590 2650 qualibet
1634 2566 1764 2633 data
1811 2591 1976 2632 occa-

383 2675 542 2730 sione
570 2672 972 2744 subjiciebatis.
999 2672 1160 2728 Nunc
1186 2681 1370 2727 autem
1401 2671 1678 2742 quomodo
1703 2671 1820 2727 sive
1849 2685 1978 2741 pas-

383 2766 622 2831 sionem,
669 2765 789 2820 sine
831 2765 1128 2831 actionem,
1177 2766 1293 2820 sive
1341 2776 1636 2836 utrumque
1676 2764 1862 2831 simul,
1908 2764 1978 2820 de

384 2869 648 2930 generato
677 2857 1118 2924 considerantes,
1155 2873 1278 2914 esse
1304 2857 1718 2929 generationem
1754 2856 1975 2912 dicitis?

387 2951 444 3007 Si
473 2952 620 3008 enim
651 2951 936 3022 generatio
957 2951 1110 3022 juxta
1136 2965 1235 3005 vos
1259 2959 1342 3006 est
1369 2950 1512 3006 actio
1535 2950 1657 3021 ejus
1687 2949 1779 3020 qui
1811 2949 1980 3005 debet

388 3042 531 3108 ﬁeri,
565 3043 683 3098 sive
725 3043 842 3098 hasc
887 3042 1170 3113 generatio
1217 3041 1312 3098 ﬁat
1359 3057 1459 3112 per
1490 3042 1831 3096 voluntatem
1862 3041 1980 3096 sive

387 3147 719 3204 quocunque
748 3131 934 3196 modo,
967 3131 1135 3187 habet
1167 3139 1352 3188 autem
1389 3132 1608 3202 genitus
1651 3146 1812 3186 suum
1855 3147 1979 3188 esse

2071 2029 2168 2083 τοῦ
2197 2029 2291 2084 νῦν
2318 2030 2450 2102 ὑμῖν
2477 2030 2607 2102 περὶ⁵
2627 2033 2958 2100 γεννήσεως,
2983 2031 3078 2084 καὶ
3102 2031 3462 2101 γεννωμένων
3483 2028 3684 2094 δοξάν-

2072 2140 2210 2186 των,
2265 2123 2361 2177 καὶ
2410 2122 2522 2177 τῶν
2561 2123 2769 2195 ἀρτίως
2806 2123 3155 2195 εἰρημένων·
3194 2123 3294 2194 τὴν
3319 2124 3431 2194 7&9
3461 2123 3685 2194 κυρίως

2073 2215 2332 2287 γέννησιν
2365 2215 2465 2288 τὴν
2495 2215 2556 2281 ἐξ
2582 2217 2685 2270 οὑκ
2709 2215 2915 2280 όντων,
2953 2216 2986 2287 ἦ
3018 2215 3205 2279 ἁπλῶς
3237 2214 3300 2268 τὸ
3328 2211 3468 2268 εἶναι
3492 2213 3685 2268 διδοῢο

2076 2321 2178 2360 σαν
2208 2305 2287 2376 τῷ
2309 2306 2640 2378 γεννωμένῳ
2658 2305 2992 2374 διεγνώκατε
3018 2307 3126 2380 πρὸ
3146 2305 3358 2360 τούτου·
3381 2306 3544 2361 τοῦτο
3565 2306 3685 2376 7&9

2075 2396 2173 2450 καὶ
2225 2399 2284 2451 ὲν
2315 2400 2429 2462 τοῖς
2459 2397 2590 2469 tea;
2621 2398 2735 2452 ἄνω
2764 2415 2825 2452 τε
2859 2398 2952 2452 καὶ
2980 2399 3133 2454 κάτω
3163 2397 3526 2452 ὑπεϐάλλετε·
3579 2398 3685 2452 νῦν

2075 2486 2134 2540 δὲ
2182 2488 2301 2552 πῶς
2347 2487 2381 2560 ἢ
2428 2489 2603 2552 πάθος
2636 2487 2671 2560 ἢ
2701 2488 3010 2561 ἐνέργειαν,
3050 2488 3084 2560 ἢ
3117 2487 3288 2559 ἄμφω
3322 2490 3391 2543 τά
3419 2490 3535 2554 δύο,
3579 2490 3685 2542 ἐπὶ

2075 2578 2173 2633 τοῦ
2201 2579 2547 2650 γεννωμένου
2571 2581 2850 2653 ὁρώμενα,
2873 2581 3065 2650 λέγετε
3092 2576 3236 2635 εἶναι
3262 2582 3363 2652 τὴν
3383 2581 3680 2652 γέννησινς

2078 2671 2141 2724 Ei
2196 2670 2298 2743 μὲν
2328 2673 2438 2744 7&9
2472 2673 2730 2745 ἐνέργειά
2758 2674 2878 2726 ἐστι
2913 2672 3045 2727 καθ’
3078 2672 3225 2743 ὑμᾶς
3255 2671 3351 2726 τοῦ
3385 2672 3682 2743 μέλλοντος

2077 2763 2334 2834 γενέσθαι
2358 2803 2374 2830 ,
2429 2765 2542 2818 εἴτε
2571 2765 2660 2820 διὰ
2685 2764 2782 2819 τοῦ
2812 2765 2989 2820 θέλειν
3007 2803 3024 2830 ,
3067 2767 3178 2820 εἴτε
3205 2764 3457 2820 ὁπωσοῦν
3485 2766 3520 2836 ή
3548 2765 3685 2834 γέν-

2079 2874 2236 2928 νησις
2262 2856 2429 2911 αὑτοῦ
2449 2897 2465 2923 ,
2498 2857 2614 2928 ἔχει
2645 2857 2702 2911 δὲ
2731 2857 2792 2912 τὸ
2819 2857 2960 2912 εἶναι
2990 2859 3019 2912 ὁ
3046 2859 3390 2931 γεννώμενος
3434 2852 3495 2914 οὗ
3524 2858 3685 2910 ἐστιν

2080 2951 2115 3022 ή
2144 2950 2360 3022 θέλησις
2390 2952 2455 3005 ὲκ
2480 2951 2582 3021 τῆς
2604 2953 2914 3024 γεννήσεως
2932 2993 2948 3018 ,
2987 2952 3098 3023 ἄρα
3128 2951 3237 3024 πρὸ
3263 2950 3359 3005 τοῦ
3385 2947 3546 3014 εἶναι,
3581 2947 3685 3005 καὶ

2083 3044 2230 3099 θέλει
2263 3044 2362 3099 καὶ⁸
2389 3045 2681 3117 ἐνεργήσει
2709 3045 2772 3099 τὸ
2796 3040 2938 3099 εῖναι
2964 3044 3184 3098 ἑαυτοῦο
3218 3043 3312 3098 καὶ
3335 3042 3490 3097 ἔσται
3516 3044 3578 3096 ὲν
3598 3041 3681 3114 τῷ

2086 3137 2164 3212 μὴ
2188 3135 2330 3195 εἶναι
2360 3139 2555 3193 ἑαυτὸν
2585 3137 2928 3210 κεκτημένος
2955 3139 3018 3192 τό
3040 3153 3102 3191 τε
3128 3133 3270 3191 εἶναι
3299 3137 3396 3190 καὶ
3414 3135 3478 3188 τὸ
3497 3133 3683 3187 θέλειν

387 3226 458 3280 ab
501 3241 568 3280 eo
603 3226 761 3297 cujus
805 3233 890 3280 est
937 3225 1194 3281 voluntas
1241 3224 1636 3297 generationis,
1681 3223 1870 3296 igitur,
1922 3233 1978 3281 et

2087 3231 2307 3288 ἑαυτοῦ.
2341 3231 2406 3285 Ei
2430 3230 2488 3285 δὲ
2517 3231 2613 3285 καὶ
2640 3230 2813 3293 πάθος
2841 3230 3030 3300 λέγετε
3056 3229 3250 3317 τούτου
3278 3225 3419 3284 εἶναι
3438 3230 3540 3298 τὴν
3562 3229 3685 3298 γένο

387 3317 509 3372 vult
533 3324 590 3372 et
618 3325 743 3389 aget
766 3333 928 3372 suum
957 3331 1079 3372 esse
1105 3316 1428 3388 priusquam
1455 3317 1686 3372 exsistat
1715 3333 1729 3372 :
1761 3325 1818 3372 et
1843 3317 1975 3372 dum

389 3411 632 3466 nondum
669 3409 907 3476 exsistit,
939 3409 1246 3481 possidebit
1275 3425 1439 3465 suum
1478 3425 1602 3466 esse
1632 3418 1690 3465 ct
1723 3409 1884 3465 velle.
1920 3410 1976 3466 Si

390 3511 577 3558 autem
613 3512 668 3559 ct
712 3503 879 3574 hujus
907 3503 1321 3574 generationem
1350 3503 1660 3574 passionem
1686 3518 1809 3559 esse
1839 3501 1980 3558 dici-

393 3593 486 3660 tis,
514 3594 717 3650 iterum
764 3594 973 3666 pariter
1014 3595 1335 3667 priusquam
1376 3596 1608 3651 exsistat
1633 3595 1850 3666 patiens
1879 3595 1980 3651 de-

392 3688 788 3758 prehendetur.
832 3688 1032 3744 Nescio
1066 3698 1252 3745 autem
1297 3690 1354 3744 in
1397 3704 1508 3760 quo
1552 3689 1788 3760 patiens,
1838 3688 1980 3745 sicut

391 3792 498 3834 nec
542 3779 598 3834 in
633 3794 744 3850 quo
791 3795 978 3851 agens,
1025 3793 1185 3836 suum
1225 3796 1347 3837 esse
1382 3780 1688 3852 praetendat
1730 3780 1827 3851 qui
1867 3795 1980 3836 non

394 3878 498 3938 est,
534 3872 932 3943 qualiscunque
975 3873 1064 3930 sit.
1101 3873 1161 3929 Si
1205 3882 1389 3929 autem
1441 3873 1628 3930 dicitis
1674 3872 1979 3929 secundum

395 3962 561 4019 hasce
593 3964 730 4019 duas
761 3964 924 4019 simul
955 3966 1348 4037 dispositiones
1373 3966 1787 4039 generationem
1810 3966 1979 4037 geniti

2087 3341 2268 3396 νησιν,
2308 3323 2474 3377 πάλιν
2508 3319 2773 3386 ὡσαύτως
2825 3322 2934 3395 πρὸ
2972 3322 3067 3376 τοῦ
3101 3316 3242 3375 εἶναι
3276 3320 3558 3383 πεπονθὼς
3584 3321 3681 3374 εὑ-

2091 3416 2386 3489 ρεθήσεται
2412 3432 2426 3447 ·
2466 3417 2568 3470 οὑκ
2607 3412 2726 3470 οῖδα
2755 3416 2813 3470 δὲ
2848 3419 2906 3470 έν
2933 3415 3040 3469 τίνι
3073 3414 3300 3482 παθὼν,
3339 3414 3528 3485 ὥσπερ
3557 3415 3684 3469 οὑδὲ

2087 3511 2148 3564 έν
2193 3509 2303 3564 τίνι
2351 3509 2699 3581 ἐνεργήσας,
2755 3511 2818 3562 τδ
2867 3503 3007 3562 εῖναι
3059 3509 3256 3563 ἑαυτοῦ
3313 3507 3684 3579 προϐάλλεται

2089 3605 2118 3658 ὁ
2154 3601 2232 3675 μὴ
2258 3601 2336 3658 ὣν
2365 3603 2514 3664 ὅστις
2542 3601 2609 3656 ἂν
2780 3602 2843 3655 Ei
2876 3602 2934 3656 δὲ
2963 3601 3082 3656 κατ’
3107 3600 3276 3671 ἄμφω
3302 3600 3490 3668 λέγετε
3516 3599 3685 3654 τάσδε

2089 3697 2192 3759 τὰς
2214 3691 2488 3760 διαθέσεις
2518 3693 2610 3749 τοῦ
2641 3694 2990 3765 γεννωμένου
3013 3693 3115 3764 τὴν
3135 3694 3389 3764 γέννησιν
3408 3693 3681 3764 προϊέναι,

2089 3789 2258 3844 διπλᾶ
2292 3789 2423 3860 ὑμῖν
2454 3787 2646 3858 ἕψεται
2701 3787 2882 3842 πάντα
2921 3787 2993 3841 τὰ
3024 3785 3201 3840 ἄτοπα
3239 3786 3340 3856 τῆς
3369 3783 3680 3849 ὑποθέσεως

2089 3877 2228 3950 πρὸς
2282 3877 2362 3948 τῷ
2407 3879 2501 3931 καὶ
2548 3877 2916 3948 συνυπάρχειν
2949 3875 3066 3948 ἅμα
3095 3893 3156 3930 τε
3201 3877 3298 3930 καὶ
3338 3877 3398 3930 ὲν
3425 3875 3504 3947 τῷ
3532 3873 3685 3947 αὑτῷ

2089 3968 2160 4021 τὰ
2187 3967 2409 4023 ἐναντία
2441 3967 2668 4022 διδόναι.

396 4057 646 4128 prodire,
680 4058 767 4114 bis
790 4074 890 4115 vos
922 4069 1230 4130 sequentur
1289 4061 1475 4116 omnia
1540 4061 1782 4117 absurda
1845 4059 2278 4133 suppositionis;
2324 4071 2690 4134 praeterquam
2737 4059 2887 4134 quod
2935 4058 3098 4118 simul
3146 4059 3484 4117 coexsistent
3523 4067 3583 4114 et
3627 4057 3682 4114 in

397 4149 595 4206 eodem
625 4152 880 4223 opposita
909 4152 1142 4208 dabunt.

470 4271 540 4326 At
555 4271 745 4326 fallor:
760 4287 886 4326 nam
907 4273 964 4327 in
989 4289 1100 4328 non
1117 4272 1418 4330 exsistente
1444 4275 1563 4330 haec
1580 4273 1914 4347 supponitis,
1934 4284 1992 4332 et

2169 4270 2317 4340 Πλὴν
2375 4269 2778 4342 ἐπιλέλησμαιο
2842 4267 2903 4324 έν
2943 4267 3022 4340 τῷ
3051 4267 3160 4341 7&9
3211 4268 3288 4341 μὴ
3338 4268 3454 4322 δντι
3513 4269 3687 4325 ταῦτα

400 4379 510 4419 non
543 4363 902 4420 coexsistunt.
918 4365 1036 4419 Non
1067 4366 1214 4421 enim
1247 4368 1523 4422 exsistunt
1547 4383 1614 4423 ea
1640 4384 1764 4438 quae
1787 4385 1978 4440 suppo-

2094 4361 2274 4418 οἴεσθε
2297 4377 2311 4392 ·
2341 4362 2436 4416 καὶ
2466 4362 2529 4416 οὑ
2565 4361 2930 4433 συνυπάρχει·
2960 4361 3082 4414 οὑδὲ
3110 4360 3222 4430 7&9
3244 4361 3484 4434 ὑπάρχει
3507 4363 3578 4415 τὰ
3626 4363 3686 4417 έν

399 4465 610 4512 nuntur
625 4458 680 4513 in
692 4473 803 4512 non
817 4456 1137 4514 exsistente.
1152 4458 1273 4514 Non
1289 4459 1408 4515 scio
1425 4460 1594 4530 igitur
1605 4461 1884 4531 quomodo
1895 4477 1978 4516 οτι

2097 4457 2176 4529 τῷ
2210 4456 2286 4527 μή
2324 4456 2627 4528 ὑπάρχοντι
2655 4473 2670 4488 ο
2701 4455 2802 4508 οὑκ
2827 4449 2948 4509 οἶδα
2980 4451 3074 4508 οὑν
3108 4453 3226 4518 πῶς
3249 4453 3382 4508 ὄντα
3405 4454 3494 4526 εἴη
3523 4455 3581 4508 ὲν
3609 4455 3687 4528 τῷ

400 4549 651 4606 sistentia
672 4560 860 4605 essent
879 4550 934 4605 in
952 4566 1064 4606 non
1087 4551 1388 4607 exsistente
1409 4567 1472 4607 ea
1495 4568 1617 4622 quas
1632 4553 1798 4609 etiam
1819 4553 1876 4609 in
1895 4568 1978 4610 ex-

2100 4549 2175 4622 μὴ
2205 4550 2342 4614 δντι,
2373 4548 2409 4604 ἃ.
2432 4549 2528 4604 καὶ
2547 4551 2604 4602 ἐν
2623 4550 2737 4612 τοῖς
2766 4543 2886 4602 οὑσι
2909 4547 3197 4619 γινόμενα,
3223 4547 3285 4601 οὑ
3319 4548 3527 4617 κυρίως
3557 4549 3689 4604 ὂντα

401 4642 727 4698 sistentibus
746 4658 872 4697 cum
905 4651 1056 4708 sunt,
1088 4658 1199 4698 non
1234 4644 1456 4714 proprie
1481 4645 1804 4702 exsistentia
1833 4656 1978 4702 sunt.

2097 4643 2238 4697 εἰσίν
2258 4659 2274 4674 °
2311 4643 2394 4696 ἔτι
2423 4644 2499 4714 μὴ
2523 4643 2620 4696 καὶ
2651 4641 2790 4712 τῷδε
2833 4640 3188 4712 προσεκτέον,
3219 4641 3293 4705 ὼς
3319 4643 3367 4695 εί
3408 4642 3686 4713 ἐνέργεια,

400 4733 522 4789 Νοη
549 4743 635 4790 est
655 4750 877 4806 quoque
899 4735 968 4790 ad
996 4735 1051 4790 id
1082 4736 1502 4803 attendendum,
1522 4738 1736 4796 scilicet
1749 4741 1920 4811 quod,
1943 4743 1978 4797 si

2094 4736 2130 4808 ἢ
2160 4735 2333 4800 πάθος
2354 4735 2451 4790 τοῦ
2473 4735 2818 4806 γεννωμένου
2874 4736 2909 4806 ή
2953 4733 3210 4805 γέννησίς
3255 4733 3394 4799 ἐστι,
3432 4734 3557 4787 καθ’
3590 4734 3684 4799 οὓς

403 4828 548 4882 actio
577 4837 675 4882 aut
709 4828 892 4898 passio
916 4828 1086 4900 geniti
1117 4841 1202 4885 est
1225 4833 1529 4901 generatio,
1557 4833 1862 4888 secundum
1891 4833 1978 4889 ho:

2094 4829 2426 4901 διεγράψατε
2477 4828 2800 4897 ἀλογίστους
2847 4827 3083 4903 τρόπους
3132 4827 3208 4890 ὡς
3252 4826 3614 4896 ἀναγκαίους,
3648 4827 3682 4897 ἢ

403 4935 544 4989 quos
572 4918 946 4990 descripsistis
969 4921 1190 4977 insanos
1211 4923 1404 4979 modos
1431 4933 1490 4979 ut
1519 4925 1884 4990 necessarios,
1906 4941 1978 4981 ve

2097 4922 2178 4986 είς
2222 4921 2414 4975 ἑαυτόν
2439 4937 2493 4975 τι
2527 4919 2691 4974 πάθοι
2736 4919 2826 4989 ὑφ’
2867 4919 3062 4973 ἑαυτοῦ
3110 4919 3531 4991 γεννώμενος,ἢ
3581 4919 3686 4972 ὑπὸ
3787 4989 3792 4992 _

404 5012 622 5081 genitus
645 5012 853 5082 aliquid
876 5012 1117 5083 patietur
1137 5014 1193 5068 in
1215 5014 1460 5084 seipsum
1478 5032 1509 5070 a
1527 5016 1729 5088 seipso,
1745 5018 1882 5072 vela
1910 5018 1990 5088 gi-

404 5113 626 5174 gnente,
644 5106 729 5160 vel
751 5105 820 5160 ab
845 5106 956 5160 alio
982 5106 1273 5177 quopiam;
1299 5117 1355 5162 et
1380 5109 1702 5175 iterum,vel
1732 5119 1858 5180 aget
1879 5111 1997 5181 ipse

405 5197 463 5252 in
475 5198 739 5267 seipsum,
759 5199 846 5253 vel
866 5195 919 5253 in
933 5199 1270 5270 gignentem,
1288 5202 1372 5256 vel
1388 5202 1440 5256 iu
1456 5203 1624 5257 alium
1642 5205 1993 5274 quempiam;

403 5289 609 5345 etillud
628 5291 724 5347 fiet
738 5291 844 5347 hoc
861 5293 1051 5349 modo:
1066 5294 1152 5349 vel
1172 5295 1286 5364 ipse
1306 5295 1546 5365 seipsum
1566 5296 1622 5352 in
1640 5297 1997 5367 seipsum,vel

406 5383 462 5437 in
485 5382 819 5453 gignentem,
854 5385 938 5440 vel
973 5385 1028 5439 in
1059 5387 1248 5451 alium,
1280 5387 1530 5458 gignens;
1557 5388 1643 5442 vel
1673 5404 1703 5442 a
1735 5389 1918 5459 seipso
1941 5390 1996 5444 in

405 5476 672 5546 seipsum,
702 5476 786 5530 vel
813 5492 843 5531 a
877 5486 1053 5546 patre,
1089 5480 1174 5534 vel
1207 5481 1276 5533 ab
1307 5479 1416 5534 alio
1441 5480 1682 5551 genitus.
1715 5479 1870 5536 Talia
1904 5497 2003 5536 au-

409 5578 519 5624 tem
563 5567 781 5635 audire,
809 5576 866 5624 et
899 5569 1102 5625 talibus
1132 5571 1468 5642 respondere
1498 5573 1711 5644 parcite
1753 5572 1936 5640 nobis,
1969 5589 2003 5630 ο

407 5665 655 5721 infandi!
710 5665 948 5720 fatemur
981 5680 1089 5720 non
1138 5666 1284 5723 ferre
1318 5668 1437 5723 siue
1482 5667 1585 5725 ira.
1626 5666 2004 5724 Obmutescite

407 5758 577 5830 igitur
610 5768 672 5814 ut
714 5775 816 5815 nos
843 5759 1155 5830 loquamur.
1186 5760 1400 5816 Dicitur
1438 5761 1586 5817 enim
1617 5761 1848 5816 alterius
1876 5762 1991 5816 exi-

408 5852 487 5906 tio
508 5851 704 5907 conﬁci
737 5852 969 5908 alterius
1004 5853 1415 5924 generationem
1445 5871 1458 5907 :
1485 5864 1541 5909 et
1570 5855 1744 5909 altero
1775 5863 1994 5926 agente,

409 5951 468 5998 et
493 5945 667 6002 altero
701 5947 964 6019 patiente,
1003 5947 1239 6004 alterum
1279 5947 1503 6020 prodire
1535 5948 1804 6019 genitum,
1854 5948 1998 6003 sicut

2097 5013 2195 5066 τοῦ
2215 5012 2490 5078 τεκόντος,
2540 5011 2575 5084 ἦ
2624 5011 2732 5066 ὑπό
2783 5029 2929 5076 τινος
2988 5013 3177 5083 ἑτέρου
3204 5027 3218 5043 ν
3280 5011 3377 5066 καὶ
3419 5010 3607 5078 πάλιν,
3648 5012 3683 5083 ἢ

2100 5106 2264 5169 αὑτὸς
2313 5106 2601 5178 ἐνεργήσει
2639 5108 2722 5169 εἰς
2763 5105 2976 5170 ἑαυτὸν,
3029 5107 3064 5176 ἢ
3120 5108 3201 5170 είς
3232 5106 3325 5160 τὸν
3358 5108 3613 5173 τεκόντα,
3651 5108 3687 5178 ἢ

2101 5198 2184 5260 είς
2212 5215 2335 5253 τινα
2357 5199 2544 5269 ἕτερον
2569 5215 2584 5230 ο
2614 5197 2770 5252 ἔσται
2811 5198 2868 5252 δὲ
2904 5197 3101 5264 οὕτως,
3132 5198 3166 5269 ἢ
3201 5198 3364 5262 αὑτὸς
3387 5200 3582 5254 ἑαυτὸν
3611 5202 3691 5264 είς

2101 5289 2350 5360 έαυτὺνῆ
2397 5290 2476 5353 είς
2513 5289 2606 5343 τὸν
2624 5290 2879 5355 τεκόντα,
2916 5290 2949 5361 ἢ
2981 5292 3060 5352 εἰς
3096 5290 3282 5362 ἕτερον
3311 5293 3604 5363 γεννήσας,
3655 5294 3688 5364 ἢ

2103 5383 2193 5451 ὑφ’
2227 5383 2425 5437 ἑαυτοῦ
2457 5384 2536 5448 είς
2571 5383 2789 5449 ἑαυτὸν,
2824 5384 2858 5455 ἢ
2910 5384 3002 5454 ὑφ’
3035 5385 3232 5439 ἑαυτοῦ
3282 5387 3364 5450 είς
3405 5386 3618 5455 ἑαυτὸν,
3654 5389 3687 5458 ἦ

2102 5474 2209 5528 ὑπὸ
2237 5474 2334 5528 τοῦ
2379 5475 2617 5548 Πατρδς,
2661 5475 2695 5545 ἢ
2726 5476 2816 5545 ὑφ’
2845 5477 3036 5548 ἑτέρου
3070 5478 3378 5549 γεννηθείς.
3412 5479 3602 5533 Ταῦτα
3632 5480 3688 5533 δὲ

2105 5565 2325 5621 ἀκούειν
2371 5565 2406 5639 ἢ
2462 5566 2728 5631 τοιούτοις
2771 5567 3168 5639 ἀποκρίνεσθαι
3204 5569 3464 5638 φείσασθε
3507 5570 3686 5642 ἡμῶν,

2105 5653 2151 5713 ὦ
2177 5658 2471 5713 δεινότατοι
2503 5660 2516 5714 i
2565 5658 2939 5731 ὁμολογοῦμεν
2961 5660 3022 5713 οὑ
3056 5660 3244 5730 φέρειν
3285 5661 3514 5732 ἁνεμεσί
3539 5678 3554 5692 ·
3582 5679 3689 5715 κω-

2108 5752 2347 5822 φεύσατε
2377 5752 2442 5823 δὴ
2473 5749 2691 5808 οῦνοῖνα
2722 5753 2886 5823 ἡμεῖς
2935 5752 3283 5824 λαλήσωμεν.
3327 5755 3563 5822 Λέγεται
3591 5755 3688 5824 μὲν

2108 5854 2220 5924 γὰρ
2257 5852 2292 5924 ἢ
2325 5851 2486 5906 ἄλλου
2515 5847 3067 5924 φθορᾷ⁹συναίρεσθαι
3101 5853 3182 5917 εἰς
3216 5852 3378 5906 ἄλλου
3406 5852 3684 5921 γέννησιν,

2109 5947 2202 6000 καὶ
2263 5945 2456 6016 έτέρου
2510 5944 2864 6018 ἐνεργοῦντος
2891 5961 2906 5978 ν
2955 5945 3050 6001 καὶ⁸
3113 5945 3301 6018 ἑτέρου
3362 5945 3684 6018 πάσχοντος,
