4042 6536
314 436 451 503 1669

1268 424 1668 490 ADVERSUS
1707 417 2340 482 NESTORIANOS.—
2361 421 2509 484 LIB.
2552 422 2651 484 IV.

3446 419 3589 487 1670

308 556 498 626 ἕτερον
527 548 778 621 προϊέναι
818 544 1177 616 γεννώμενον,
1209 542 1287 604 ὼς
1321 542 1414 594 ἐπὶ
1448 538 1717 609 σωμάτων
1749 533 1891 606 ὁρῶ·
1920 536 1965 593 Λ
1994 533 2333 590 videmus‘de
2357 510 2981 605 corporibussvidcmus
3007 534 3310 591 secundum
3338 535 3588 592 diversos

315 664 415 719 μεν
443 642 587 698 κατὰ
626 641 754 705 τοὺς
784 638 1079 709 διαφόρους
1102 634 1343 706 τρόπους
1362 632 1471 686 τῶν
1496 628 1855 700 γεννωμένων
1878 642 1893 657 ⁸

310 739 564 799 τέκτονος
604 730 707 803 μὲν
736 730 844 800 γάρ
872 730 937 800 τῇ
996 743 1058 781 τε
1110 727 1315 796 φυσικῇ
1372 724 1468 777 καὶ
1497 722 1897 792 ἐπιστημονικῇ

312 826 588 898 ἐνεργείᾳ,
622 822 787 878 πάθει
812 822 869 875 δὲ
894 818 989 873 τοῦ
1021 818 1202 885 ξύλου,
1245 819 1345 889 τῆς
1395 816 1584 886 κλίνης
1630 813 1898 885 προέρχε-

312 938 403 973 ται
422 918 485 972 τὸ
513 912 653 980 εἶδος
679 930 694 948 ⁸
733 914 828 968 καὶ
862 913 1027 967 πάλιν
1055 911 1229 981 πυρὸς
1260 912 1326 982 τῇ
1361 910 1522 979 φύσει
1548 906 1899 979 ἐνεργοῦντος

266 1060 286 1079 ,
315 1011 410 1064 καὶ
464 1006 805 1078 φθείροντος,
855 1004 1159 1074 πάσχοντος
1184 1002 1240 1054 δὲ
1272 1002 1365 1054 καὶ
1411 998 1770 1071 φθειρομένου
1800 995 1898 1051 τοῦ

320 1102 567 1163 στέατος,
598 1098 817 1167 λιγνύος
847 1091 990 1159 εἶδος
1020 1095 1078 1147 ἐν
1099 1094 1221 1165 ἀέρι
1252 1093 1509 1162 γεννᾶται
1533 1107 1548 1123 ⁸
1585 1090 1640 1145 οἴ
1680 1107 1740 1144 τε
1792 1091 1902 1161 γὰρ

318 1193 481 1262 φύσιν
506 1191 601 1246 καὶ
632 1189 767 1261 ὓλην
794 1190 822 1243 ὃ
844 1188 897 1241 τί
925 1186 1056 1242 ποτέ
1083 1187 1191 1239 εἰσι
1226 1184 1501 1258 διαφόρως
1533 1183 1780 1245 νοοῦντες
1808 1184 1903 1236 καὶ

319 1284 719 1355 ὑποτιθέμενοι,
737 1282 887 1353 ὅμως
911 1280 1011 1351 τῆς
1033 1276 1539 1353 [μὲν]ἐνεργούσης,
1560 1278 1661 1347 τῆς
1677 1275 1734 1329 δὲ
1759 1293 1903 1328 πασ-

318 1376 520 1450 χούσης
534 1373 827 1445 γεννᾶσθαι
848 1373 913 1426 τὰ
929 1375 990 1426 ὲκ
1007 1372 1213 1426 τούτων
1231 1371 1343 1440 εἴδη
1376 1366 1699 1440 ὁμολογοῦσι
1721 1383 1736 1399 ⁸
1764 1368 1905 1421 κατὰ

324 1473 514 1544 μέντοι
567 1470 635 1524 τὰ
667 1469 907 1540 ὑμέτερα
930 1467 1299 1537 θεσπίσματα,
1324 1465 1385 1518 τὸ
1421 1464 1497 1536 μὴ
1525 1464 1584 1517 ὃν
1613 1463 1781 1533 γεννᾷ
1809 1478 1859 1514 τι
1886 1478 1901 1496 ⁸

321 1564 419 1618 καὶ
452 1562 689 1635 μάλιστα
710 1561 771 1614 τὸ
792 1560 984 1613 ἑαυτοῦ
1013 1555 1153 1612 εἶναι
1186 1558 1347 1611 πάθει
1379 1555 1413 1628 ἢ
1450 1554 1702 1627 ἐνεργείᾳ
1731 1552 1906 1615 οὐδεὶς

322 1656 492 1725 ἔφησε
517 1653 736 1706 πώποτε
763 1667 777 1682 ⁸
836 1650 955 1705 ἀλλ’
991 1649 1113 1703 ούδέ
1135 1649 1272 1713 ὅλως
1320 1642 1497 1710 πάθος
1541 1646 1574 1716 ἢ
1621 1646 1905 1716 ἐνέργειαν

328 1748 423 1803 ἐπὶ
461 1746 554 1800 τοῦ
591 1744 820 1817 μηδέπω
843 1744 997 1808 ὄντος
1028 1743 1294 1815 ἐγνώρισε
1317 1758 1331 1773 ⁸
1366 1740 1486 1805 πῶς
1509 1736 1602 1794 οὖν
1627 1738 1909 1800 τοιαύταις

325 1842 471 1913 ἡμᾶς
493 1840 567 1905 ὠς
587 1841 844 1910 φυσικαῖς
873 1838 1172 1907 διαιρέσεσι
1199 1835 1613 1904 συλλογίζεσθες

410 1932 572 1987 ’Λλλὰ
620 1930 845 1986 τοιαῦτα
888 1932 1051 2001 ἡμεῖς
1089 1931 1251 2000 μέχρι
1290 1926 1384 1980 τοῦ
1416 1925 1512 1981 νῦν
1558 1924 1693 1979 Θεοῦ
1723 1924 1908 1997 χάριτι

331 2025 406 2097 μὴ
461 2023 663 2078 εἰδέναι
725 2024 863 2093 μήτε
918 2020 1235 2090 διδαχθῆναι
1274 2016 1687 2089 ὁμολογοῦντες,
1752 2015 1905 2086 όρθοο

328 2117 497 2183 δόξως
551 2114 897 2187 κηρύττομεν
949 2112 1048 2183 τὴν
1101 2110 1387 2164 εὐσέϐειαν
1452 2107 1557 2162 ὑπὸ
1597 2108 1705 2161 τῶν
1738 2108 1910 2176 ἁγίων

328 2207 671 2279 διδαχθέντες
708 2205 990 2277 Πατέρων,
1039 2203 1132 2257 τὸν
1171 2205 1236 2256 ἐκ
1286 2203 1449 2272 μόνου
1508 2199 1723 2272 Πατρδς
1752 2198 1910 2269 μόνον

330 2298 484 2367 Υἰδν,
518 2303 585 2372 τῇ
625 2300 724 2371 μὲν
757 2300 857 2370 μιᾷ
901 2294 1262 2368 μεμονωμένῃ
1300 2291 1465 2348 αὐτοῦ
1512 2292 1618 2364 ἰδίᾳ
1654 2292 1910 2361 γεννήσει

332 2393 569 2465 προόντα
598 2391 706 2444 τῶν
735 2387 946 2443 αἰώνων
976 2388 1108 2441 Θεὸν
1130 2386 1324 2456 Λόγον·
1345 2388 1403 2439 ἐν
1436 2386 1682 2458 ὑστέροις
1701 2382 1759 2437 δὲ
1782 2399 1908 2437 και-

337 2489 448 2556 ροῖς
484 2483 591 2557 ἰδίᾳ
617 2475 835 2552 εὐδοκία
864 2479 1232 2551 φιλανθρώπῳ
1261 2478 1360 2550 τὴν
1392 2477 1657 2550 δευτέραν
1711 2474 1909 2530 ἐαυτοῦ

336 2580 501 2634 πάλιν
518 2575 841 2645 ίδικωτάτην
861 2572 1155 2645 ἐνεργῆσαι
1176 2571 1430 2641 γέννησιν
1457 2571 1514 2623 ἐν
1540 2572 1607 2640 τῇ
1626 2567 1914 2639 συμπλοκῇ

329 2671 426 2728 τοῦ
457 2669 582 2725 καθ’
635 2670 783 2740 ἡμᾶς
833 2664 1125 2738 ἀνθρώπου
1168 2662 1564 2736 ὁμολογοῦμεν,
1614 2663 1709 2715 καὶ
1768 2678 1908 2733 προ-

334 2766 550 2821 ελεύσει
604 2763 840 2834 σαρκικῇ
887 2761 953 2814 ἐκ
977 2760 1077 2832 τῆς
1122 2757 1284 2827 ἁγίας
1320 2756 1597 2827 Παρθένου
1632 2752 1915 2826 τεχθῆναι,

331 2856 610 2929 ὁμοιότητι
635 2854 979 2924 γεννήσεως⁸
1010 2851 1145 2923 μηδὲ
1190 2848 1337 2903 κατὰ
1393 2848 1492 2919 τὴν
1548 2845 1774 2919 πρώτην
1815 2844 1913 2899 αύο

330 2950 449 3015 τοῦ,
485 2947 622 3020 μηδὲ
671 2945 814 3000 κατὰ
851 2944 1113 3015 δευτέραν
1140 2941 1400 3013 γέννησιν
1424 2958 1534 2995 τινι
1565 2940 1677 2993 τῶν
1702 2940 1919 2994 πάντων

335 3039 699 3097 κοινωνοῦντα
727 3055 742 3070 ⁸
776 3036 901 3093 οὔτε
935 3037 1045 3108 γάρ
1066 3054 1118 3091 τι
1147 3036 1336 3107 ἕτερον
1361 3035 1502 3088 κατὰ
1543 3033 1604 3087 τὸ
1627 3031 1795 3087 άῒδιον
1826 3030 1922 3085 καὶ

337 3134 765 3207 ἀπαράλλακτον
788 3131 885 3185 καὶ
919 3130 1214 3200 εὐάρεστον
1237 3130 1333 3182 κα)⁸
1360 3126 1630 3197 ἄτρεπτον
1662 3124 1759 3179 καὶ
1781 3125 1921 3195 ἁμέ-

1999 626 2194 681 modos
2230 626 2524 696 generatis.
2557 628 2693 681 Nam
2732 627 2947 697 opiﬁcis
2987 628 3211 697 quidem
3257 628 3482 700 physica
3531 638 3589 684 et

2000 715 2179 785 perita
2223 715 2476 779 actione,
2528 716 2784 786 passione
2828 732 2961 773 vero
3007 717 3174 787 ligni,
3229 719 3355 772 lecti
3404 718 3588 787 prodit

2001 807 2199 862 forma.
2242 804 2565 877 Pariterque
2607 808 2731 877 igne
2779 824 2878 864 sua
2923 820 3118 864 natura
3166 819 3360 879 agente
3392 819 3447 864 et
3489 810 3588 864 de—

2002 908 2287 961 struente.
2340 898 2583 968 paticntc
2636 914 2765 953 vero
2809 908 2866 953 et
2917 908 3181 969 pereunte
3230 899 3397 962 sebo,
3452 898 3590 952 fumi

2002 993 2175 1049 forma
2209 993 2263 1047 in
2298 1008 2425 1049 aere
2456 992 2716 1063 gignitur.
2748 991 2849 1060 Qui
2881 993 3029 1046 enim
3064 993 3132 1047 de
3167 1002 3361 1047 natura
3389 1001 3445 1048 et
3478 1009 3595 1046 ma-

2004 1089 2166 1153 teria,
2194 1088 2568 1159 quodcunque
2612 1087 2743 1151 sint,
2794 1085 3014 1141 diverso
3061 1087 3226 1140 modo
3266 1095 3503 1141 tractant
3537 1096 3593 1139 ct

2005 1181 2306 1246 disserunt,
2356 1181 2530 1234 altera
2563 1178 2789 1249 quidem
2835 1186 3051 1248 agente,
3102 1178 3273 1231 altera
3325 1194 3453 1231 vero
3496 1194 3592 1247 pa-

2005 1274 2201 1337 tiente,
2232 1274 2481 1344 generari
2516 1285 2819 1342 omnesque
2848 1271 2915 1327 de
2968 1271 3050 1325 his
3081 1279 3211 1325 sunt
3237 1270 3439 1325 formas
3464 1287 3597 1325 con-

2005 1367 2276 1421 sentiunt.
2317 1365 2447 1431 Sed,
2477 1364 2785 1420 secundum
2822 1371 3007 1417 vestra
3038 1362 3280 1425 oracula,
3308 1361 3454 1431 quod
3484 1377 3596 1415 non

2005 1459 2243 1524 exsistit,
2258 1459 2429 1530 gignit
2448 1458 2678 1529 aliquid,
2701 1458 3113 1528 prmsertimque
3128 1471 3288 1511 suum
3312 1470 3454 1519 esse,
3473 1471 3599 1526 pas-

2007 1553 2163 1609 sione
2208 1564 2305 1609 aut
2343 1556 2601 1610 actione:
2630 1552 2777 1624 quod
2820 1567 2982 1607 nemo
3010 1566 3254 1622 unquam
3294 1551 3462 1616 dixit;
3498 1550 3597 1605 sed

2007 1659 2111 1698 nec
2143 1645 2370 1699 omnino
2416 1646 2692 1700 actionem
2738 1645 2855 1699 sive
2906 1644 3214 1714 passionem
3250 1643 3305 1697 in
3348 1643 3599 1696 nondum

2009 1737 2309 1793 exsistente
2340 1738 2581 1809 agnovit.
2611 1737 2896 1805 Quomodo
2911 1753 3045 1808 ergo
3070 1736 3287 1793 talibus,
3322 1745 3383 1789 ut
3409 1735 3598 1807 physi-

2011 1829 2113 1893 cis,
2146 1829 2598 1885 distinctionibus
2628 1830 2685 1883 in
2711 1845 2812 1884 nos
2837 1826 3335 1899 argumentamini?

2084 1923 2191 1979 Sed
2225 1923 2352 1978 talia
2383 1937 2485 1977 nos
2517 1937 2691 1992 usque
2721 1921 2904 1975 adhuc
2930 1920 3021 1975 Dei
3054 1919 3227 1991 gratia
3251 1934 3432 1988 neque
3457 1917 3602 1973 scire

2010 2033 2191 2087 neque
2238 2016 2497 2071 didicisse
2529 2015 2878 2079 conﬁtentes,
2920 2013 3225 2067 orthodoxe
3252 2012 3600 2081 profitemur,

2013 2110 2275 2180 pietatem
2326 2109 2509 2164 edocti
2549 2124 2579 2163 a
2632 2109 2836 2163 sanctis
2884 2106 3160 2167 Patribus,
3211 2105 3376 2159 unius
3422 2103 3604 2158 Patris

2013 2204 2241 2258 unicum
2272 2202 2472 2257 Filium
2505 2216 2614 2256 una
2657 2201 2879 2271 quidem
2917 2200 3079 2254 unica
3113 2214 3211 2254 sua
3250 2198 3475 2268 pr0pria
3505 2211 3604 2267 ge-

2014 2295 2301 2349 neratione
2342 2293 2745 2363 praecedentem
2786 2292 3004 2358 saacula,
3036 2292 3206 2345 Deum
3238 2291 3514 2356 Verbum;
3546 2288 3604 2343 in

2014 2387 2415 2459 posterioribus
2436 2400 2569 2440 vero
2601 2385 2965 2455 temporibus,
2997 2399 3095 2437 sua
3125 2383 3181 2437 in
3215 2383 3470 2437 homines
3502 2382 3603 2435 be-

2015 2479 2303 2550 nignitate,
2336 2477 2639 2533 secundum
2674 2493 2830 2532 suam
2867 2477 3067 2530 iterum
3096 2474 3375 2545 propriam
3406 2489 3604 2544 opera-

2016 2578 2132 2623 tum
2159 2584 2280 2624 esse
2304 2570 2740 2640 generationem,
2768 2567 2823 2621 in
2855 2568 3145 2637 complexu
3180 2573 3383 2620 nostra:
3412 2565 3610 2618 huma-

2017 2662 2209 2717 nitatis
2260 2660 2611 2725 confitemur,
2660 2668 2716 2715 et
2764 2657 2987 2730 egressu
3043 2659 3248 2714 carnali
3303 2674 3370 2712 ex
3418 2666 3607 2711 sancta

2019 2755 2240 2825 Virgine
2292 2754 2537 2825 genitum
2594 2768 2736 2815 esse,
2795 2753 3157 2807 similitudine
3214 2750 3604 2822 generationis,

2018 2849 2138 2913 sed,
2164 2863 2347 2918 neque
2374 2848 2679 2902 secundum
2712 2846 2945 2917 primam
2973 2861 3151 2915 neque
3178 2844 3481 2900 secundum
3519 2846 3614 2896 s‘e-

2021 2941 2257 2997 cundam
2317 2956 2471 2995 suam
2535 2940 2983 3011 generationem.
3045 2939 3337 2993 habentem
3399 2936 3609 3006 aliquid

2023 3052 2315 3092 commune
2345 3052 2469 3091 cum
2499 3036 2715 3092 caneris
2747 3036 3028 3091 omnibus.
3070 3035 3219 3091 Nihil
3263 3036 3407 3090 enim
3458 3033 3610 3089 aliud

2022 3128 2156 3199 quid
2193 3129 2495 3184 secundum
2525 3136 2816 3195 aeternum,
2843 3138 2899 3184 et
2935 3129 3299 3193 immutabile,
3331 3139 3388 3183 ct
3426 3128 3610 3198 perfe-

342 3243 522 3298 ριστον
552 3223 649 3279 καὶ
676 3219 965 3285 ἀνελλιπὲς
1000 3219 1094 3274 καὶ
1126 3218 1518 3288 ἁνεκφοίτητον
1566 3216 1666 3287 τῆς
1697 3211 1915 3285 πρώτης

2025 3230 2196 3287 ctum,
2216 3230 2273 3277 et
2296 3221 2724 3277 inconversibile
2741 3239 2756 3287 ;
2775 3231 2829 3278 et
2846 3222 3165 3283 indivisum,
3183 3230 3238 3276 et
3253 3222 3612 3291 completum,

339 3314 503 3370 αὑτοῦ
537 3315 708 3387 ήγουν
755 3312 1063 3384 γεννήσεως
1109 3311 1456 3381 γεγέννηται,
1485 3308 1608 3362 οὔτε
1656 3308 1799 3362 κατὰ
1822 3306 1922 3378 τὴν

336 3408 601 3480 δευτέραν
628 3405 815 3477 ἔτερόν
842 3420 896 3458 τι
920 3402 1095 3466 οῦτως
1120 3402 1376 3473 ἁσπόρως
1410 3400 1506 3455 καὶ
1536 3399 1793 3471 άφθόρως
1824 3398 1923 3452 καὶ

339 3501 634 3574 ὑπερφυῶς
661 3499 1006 3569 γεγέννηται,
1026 3497 1120 3550 καὶ
1148 3494 1464 3564 Πνεύματος
1504 3493 1663 3562 ἁγίου
1732 3491 1925 3562 συλλη-

340 3592 493 3660 φθέν,
519 3590 616 3645 καὶ
632 3587 876 3660 ἀχρόνως
898 3585 1206 3650 τελειωθέν,
1224 3585 1319 3638 καὶ
1354 3583 1659 3656 μορφωθὲν,
1721 3583 1815 3636 καὶ
1844 3583 1924 3635 δι-

338 3680 673 3752 οργανωθέν,
700 3678 793 3732 καὶ
824 3678 904 3741 εἰς
938 3676 1125 3731 πάντα
1156 3677 1248 3730 τὸν
1269 3676 1461 3729 ἐαυτοῦ
1488 3674 1720 3747 οὐσιώδη
1752 3674 1924 3744 Λόγον

341 3770 681 3843 άπαρτισθέν
731 3771 790 3823 ὲν
842 3772 907 3840 τῇ
942 3770 1083 3841 ἁγνῇ
1115 3770 1300 3841 μήτρᾳ
1350 3769 1450 3840 τῆς
1496 3768 1787 3839 ἀμιάντου,
1844 3770 1926 3833 εἰς

341 3860 469 3915 ναὸν
498 3860 592 3915 καὶ
622 3860 703 3920 εἰς
749 3860 1015 3931 σκήνωμα
1064 3859 1159 3911 τοῦ
1212 3859 1390 3926 Λόγου
1423 3860 1524 3929 τῆς
1575 3858 1923 3929 ἀνθρωπίνης

345 3952 549 4025 σαρκὸς
576 3952 635 4018 ἐξ
655 3952 825 4024 αὐτῆς
852 3953 1023 4023 μόνης
1060 3952 1448 4021 τελειωθείσης
1489 3952 1583 4005 καὶ
1636 3950 1926 4021 συναφθεί-

345 4062 447 4118 σης
480 4044 630 4116 αύτῷ
660 4046 721 4098 ἐν
745 4046 976 4115 ἀκαρεῖ·
1008 4042 1090 4097 ἔτι
1120 4044 1227 4114 μὴν
1248 4047 1341 4097 καί
1366 4043 1583 4115 άληθῶς
1605 4044 1926 4114 κεκλεισμέ-

344 4154 439 4209 νης
473 4135 572 4207 τῆς
628 4135 966 4208 παρθενικῆς
1029 4137 1228 4209 πύλης,
1280 4137 1420 4190 κατὰ
1487 4137 1649 4206 φύσιν
1710 4136 1925 4208 ἀληθῶς

346 4228 508 4299 σῶμα
561 4226 728 4300 οῦσης
762 4230 863 4299 τῆς
896 4229 1160 4300 Θεοδόχου
1217 4230 1420 4301 σαρκὸς
1466 4231 1633 4284 αὐτοῦ
1682 4230 1769 4285 διὰ
1811 4230 1922 4285 τῶν

342 4321 605 4392 ἁῤῥαγῶν
634 4320 905 4392 σωμάτων
935 4323 1184 4393 χωρῆσαι
1214 4323 1313 4393 τῆς
1343 4323 1557 4394 μήτρας
1588 4323 1682 4395 τῆς
1713 4323 1923 4395 Παρθέ-

339 4428 431 4464 νου
460 4414 528 4483 τῇ
553 4412 692 4482 ὑπὲρ
740 4412 902 4481 φύσιν
930 4412 1158 4483 δυνάμει
1190 4413 1287 4467 τοῦ
1337 4414 1550 4479 ἐνόντος
1579 4415 1716 4488 αὐτῇ
1750 4415 1923 4471 Πνεύ-

344 4522 513 4575 ματος
541 4504 634 4558 τοῦ
687 4506 863 4574 Λόγου
910 4507 1261 4577 πιστεύομεν.
1306 4509 1430 4572 Πῶς
1464 4508 1559 4563 οῦν
1610 4511 1671 4563 ού
1719 4512 1922 4576 παντὸς

2026 3325 2080 3371 et
2107 3315 2393 3371 immotum
2427 3315 2619 3386 prima:
2647 3316 2859 3372 scilicet
2896 3317 3015 3387 ejus
3058 3314 3429 3387 generationis
3457 3314 3615 3385 geni-

2027 3414 2143 3460 tum
2185 3415 2303 3473 est;
2349 3422 2452 3463 nec
2496 3407 2801 3462 secundum
2843 3408 3140 3463 secundam
3185 3408 3331 3463 aliud
3361 3409 3492 3478 quid
3534 3409 3616 3465 sic

2027 3499 2146 3554 sine
2192 3499 2426 3565 semine,
2453 3509 2510 3555 et
2545 3500 2664 3555 sine
2710 3501 3085 3570 corruptione,
3133 3509 3189 3554 et
3218 3510 3617 3571 supernatura-

2026 3589 2154 3643 liter
2178 3589 2425 3659 genitum
2472 3597 2578 3648 est.
2612 3598 2671 3643 et
2702 3588 2913 3658 Spiritu
2942 3598 3134 3643 sancto
3180 3595 3529 3656 conceptum,
3561 3596 3617 3641 et

2026 3683 2147 3738 sine
2175 3694 2422 3753 tempore
2452 3682 2781 3753 perfectum,
2824 3693 2880 3737 et
2923 3682 3239 3745 formatum,
3266 3691 3319 3736 et
3352 3682 3619 3737 membris

2028 3776 2383 3838 instructum,
2409 3784 2466 3831 et
2498 3776 2550 3831 in
2595 3790 2815 3845 omnem
2846 3791 3002 3831 suam
3052 3775 3472 3830 substantialem
3524 3790 3620 3829 ra-

2028 3868 2232 3923 tionem
2257 3875 2524 3938 aptatum,
2554 3867 2609 3922 in
2631 3876 2784 3923 casto
2808 3877 2968 3923 utero
2992 3867 3376 3930 immaculata,
3403 3868 3457 3921 in
3483 3876 3620 3922 tem-

2027 3962 2181 4032 plum
2223 3970 2279 4015 et
2312 3961 2367 4015 in
2413 3961 2834 4017 tabernaculum
2875 3960 3074 4027 Verbi,
3119 3960 3364 4031 perfecta
3411 3970 3466 4016 et
3512 3961 3615 4031 ipsi

2027 4061 2281 4125 coaptata
2308 4054 2548 4109 humana
2573 4070 2739 4110 carne
2765 4071 2832 4110 ex
2854 4055 3077 4125 Virgine
3105 4055 3219 4108 sola
3252 4054 3306 4109 in
3334 4069 3444 4107 uno
3475 4062 3617 4108 tem-

2026 4146 2180 4217 poris
2231 4147 2493 4203 articulo.
2546 4148 2778 4219 Insuper
2829 4157 2886 4203 et
2936 4163 3067 4203 vere
3124 4148 3310 4202 clausa
3359 4146 3615 4217 virginali

2028 4248 2207 4310 porta,
2245 4241 2551 4295 secundum
2582 4250 2835 4296 naturam
2866 4254 2996 4295 vere
3028 4254 3232 4309 corpus
3263 4239 3462 4293 divina:
3499 4254 3617 4293 car»

2027 4332 2115 4388 nis
2142 4334 2262 4404 ejus
2294 4349 2393 4403 per
2426 4333 2713 4389 infractam
2742 4334 2961 4389 vulvam
2992 4333 3232 4399 venisse,
3263 4333 3408 4388 uteri
3439 4332 3621 4403 Virgi-

2027 4425 2115 4479 nis
2143 4426 2550 4495 supernaturali
2585 4428 2791 4482 virtute
2837 4424 3198 4480 inhabitantis
3242 4424 3297 4478 in
3339 4440 3402 4479 ea
3437 4422 3615 4493 Spiri-

2031 4525 2119 4572 tus
2154 4519 2317 4573 Verbi
2368 4519 2667 4574 credimus.
2718 4518 3007 4585 Quomodo
3052 4532 3184 4588 ergo
3228 4532 3340 4572 non
3388 4516 3616 4572 omnino

343 4593 547 4667 μᾶλλον
574 4593 654 4646 ἔτι
675 4595 770 4648 καὶ
795 4597 873 4648 ἔτι
895 4596 984 4650 διὰ
1022 4597 1196 4650 ταῦτα
1231 4598 1494 4652 Θεοτόκον
1525 4599 1742 4671 ἀληθῶς
1775 4619 1915 4671 γνω-

2030 4608 2206 4678 magis
2228 4609 2511 4680 magisque
2534 4617 2827 4678 propterea
2849 4607 3139 4676 Deiparam
3162 4622 3290 4661 vere
3317 4621 3617 4677 agnosccn;

341 4686 594 4755 ρίσαντες
648 4685 1044 4757 εύφημήσομεν
1093 4689 1192 4759 τὴν
1224 4691 1501 4762 Παρθένον
1546 4692 1772 4764 ταύτην,
1803 4688 1924 4767 ἐνῇ

340 4778 438 4831 καὶ
461 4777 520 4844 ἐξ
552 4773 621 4850 ἦς
648 4778 678 4831 ό
717 4779 889 4847 Λόγος
914 4780 1012 4852 τὴν
1065 4782 1246 4853 σάρκα
1279 4785 1758 4856 μνηστευσάμενος
1787 4806 1925 4859 προ-

338 4870 501 4941 ῆλθεν
532 4871 609 4933 ὡς
631 4870 863 4940 νυμφίος
890 4871 954 4924 ἐκ
979 4873 1186 4927 παστοῦ
1214 4875 1372 4943 ἁγίου
1404 4870 1570 4930 αύτοῦ
1598 4894 1614 4944 ;
1637 4878 1728 4948 ἀφ’
1757 4874 1825 4951 ἦς
1863 4898 1925 4935 τε

338 4963 373 5031 ἠ
407 4962 567 5033 σοφία
611 4964 704 5017 τδν
737 4964 938 5034 ἑαυτῆς
971 4965 1331 5039 λατομήσασα
1390 4965 1538 5024 οἰκον
1568 4971 1734 5044 ἐαυτῇ
1771 4990 1927 5044 περι-

340 5053 660 5123 ῳκοδόμησε
685 5069 700 5121 ;
745 5055 838 5108 καὶ
868 5055 928 5108 τὸ
968 5056 1304 5127 θαυμαστὸν.
1334 5059 1418 5114 ὅτι
1452 5061 1574 5115 οὐδὲ
1602 5062 1663 5116 τὸ
1692 5063 1789 5133 τῆς
1822 5063 1925 5135 φύ-

344 5156 481 5204 σεως
522 5140 774 5213 ἰδιώματι
811 5142 906 5196 τοῦ
959 5146 1259 5216 οἰκήματος
1310 5150 1510 5222 ἑαυτὴν
1556 5153 1925 5224 συνεξήγαγεν

340 5233 406 5287 ἐκ
433 5234 532 5305 τῆς
565 5237 774 5307 μήτρας
814 5239 913 5307 τῆς
972 5239 1251 5309 Παρθένου
1279 5257 1294 5273 ⁸
1322 5243 1458 5299 άλλὰ
1501 5245 1810 5301 τούναντίον
1847 5265 1924 5319 τῳ

338 5325 442 5395 τῆς
469 5326 683 5397 φύσεως
708 5329 957 5401 ἰδιώματι
983 5332 1208 5403 ἑαυτῆς,
1228 5334 1398 5406 ἤγουν
1420 5337 1513 5390 τοῦ
1545 5339 1924 5410 ἐνοικήσαντος

341 5419 480 5491 αὐτῇ
516 5420 713 5490 Λόγου,
742 5422 804 5477 τὸ
824 5424 1037 5496 οἴκημα
1079 5430 1471 5498 πνευματικῶς
1506 5432 1922 5497 συνεξείλκυσεν

340 5510 543 5583 ἑαυτῆς
568 5516 631 5567 ἐκ
649 5515 749 5585 τῆς
776 5518 1047 5591 τεκούσης
1092 5520 1223 5574 αὐτό
1248 5538 1264 5555 ⁸
1302 5523 1400 5577 σὺν
1438 5524 1587 5595 αὐτῷ
1614 5526 1723 5597 γὰρ
1760 5512 1922 5581 πνευ-

343 5604 590 5674 ματικῶς
655 5606 859 5671 ἐξιέναι
904 5614 999 5666 καὶ
1055 5614 1306 5685 χωρῆσαι
1341 5614 1430 5670 διά
1478 5616 1589 5669 τῶν
1661 5620 1921 5691 ἀρραγὼν

341 5697 609 5766 σωμάτων
630 5698 731 5768 τῆς
769 5700 1070 5771 Παρθένου,
1110 5704 1210 5776 τὴν
1241 5706 1421 5777 σάρκα
1468 5707 1664 5763 ἐαυτοῦ
1691 5711 1719 5763 ό
1748 5709 1921 5779 Λόγος

339 5786 726 5860 ἐδυνάμωσεν·
790 5790 978 5864 ὥσπερ
1037 5795 1065 5847 ὁ
1122 5796 1364 5867 ἄσαρκος
1429 5798 1593 5862 αὐτὸς
1629 5800 1816 5854 εἰσιὼν
1853 5801 1925 5857 δι’

338 5879 517 5937 αὐτῶν
572 5880 672 5937 οὐκ
720 5883 1178 5959 ἐστενοχωρεῖτοο
1215 5891 1336 5944 ἐπεὶ
1387 5889 1497 5964 γὰρ
1540 5893 1648 5965 ἰδίᾳ
1704 5895 1921 5969 εὐδοκία

2034 4709 2136 4764 tes,
2172 4700 2521 4755 laudabimus
2547 4701 2827 4772 Virginem
2868 4700 3051 4763 istam,
3088 4698 3145 4752 in
3178 4714 3284 4769 qua
3326 4708 3382 4754 et
3410 4715 3476 4755 ex
3509 4717 3619 4772 qua

2032 4806 2157 4850 cum
2193 4793 2435 4851 Verbum
2478 4810 2700 4850 carnem
2750 4793 2855 4849 sibi
2904 4792 3311 4863 despondisset,
3347 4795 3619 4865 processit

2034 4898 2295 4959 tanquam
2329 4903 2564 4958 sponsus
2607 4887 2677 4943 de
2702 4887 2943 4941 thalamo
2988 4888 3128 4941 suo?
3177 4887 3284 4941 Per
3309 4904 3474 4957 quam
3523 4903 3613 4944 sa-

2032 4980 2237 5049 pientia
2270 4978 2563 5035 wdificavit
2586 4978 2691 5033 sibi
2724 4978 2987 5034 domum?
3016 4980 3083 5035 Et
3113 4979 3248 5034 illud
3279 4979 3613 5048 mirandum,

2032 5071 2177 5142 quod
2222 5087 2332 5126 non
2380 5072 2682 5127 secundum
2719 5071 3027 5125 naturalem
3077 5070 3467 5141 proprietatem
3510 5069 3614 5126 do-

2032 5181 2156 5221 mus
2184 5166 2328 5221 hanc
2369 5165 2560 5221 eduxit
2602 5181 2670 5221 ex
2711 5164 2873 5219 vulva
2904 5163 3173 5234 Virginis;
3204 5162 3297 5217 sed
3337 5178 3367 5217 e
3398 5171 3613 5227 contra,

2029 5260 2271 5315 naturali
2299 5276 2398 5315 sua
2441 5258 2802 5330 proprietate,
2831 5257 3190 5313 inhabitantis
3221 5256 3432 5311 scilicet
3462 5256 3517 5310 in
3548 5272 3613 5311 ca

2029 5351 2216 5417 Verbi,
2249 5352 2473 5406 domum
2505 5351 2829 5422 Spiritaliter
2855 5350 3048 5405 elicuit
3070 5349 3139 5405 de
3168 5349 3258 5403 illa
3286 5365 3409 5419 qua:
3438 5349 3612 5418 ipsam

2029 5451 2317 5513 genuerat.
2365 5445 2503 5500 Cum
2550 5444 2667 5516 ipsa
2714 5443 2860 5499 enim
2910 5441 3234 5513 spiritaliter
3273 5441 3511 5497 exeundi
3556 5448 3615 5495 et

2028 5533 2335 5603 prodeundi
2365 5550 2463 5605 per
2487 5533 2776 5589 infractam
2810 5531 3049 5603 Virginis
3076 5532 3296 5586 vulvam
3322 5530 3472 5585 carni
3496 5544 3616 5585 suae

2029 5626 2271 5682 Verbum
2306 5626 2568 5682 virtutem
2616 5625 2877 5692 contulit;
2928 5625 3072 5679 sicut
3117 5623 3234 5693 ipse
3284 5622 3404 5677 sine
3449 5635 3617 5679 carne

2028 5732 2127 5787 per
2154 5733 2275 5772 eam
2303 5716 2621 5788 ingrediens
2644 5732 2755 5771 non
2787 5714 3271 5785 comprimebatur.
3301 5712 3437 5767 Cum
3464 5713 3614 5766 enim

2027 5823 2127 5864 sua
2157 5809 2496 5880 benignitate
2526 5798 2585 5864 s'e
2620 5809 2676 5863 in
2708 5807 2988 5879 Virginem
3016 5805 3239 5872 infudit,
3272 5821 3337 5860 ex
3376 5805 3490 5875 ipsa
3522 5802 3615 5874 qui

2030 5902 2149 5958 sine
2183 5917 2347 5959 carne
2378 5912 2498 5961 erat
2521 5918 2579 5960 se
2606 5902 2901 5959 carnaliter
2929 5898 3189 5957 formavit
3220 5896 3411 5954 divino
3437 5896 3621 5961 modo,
