4042 6520
487 427 626 497 1671

1752 428 2066 493 LEONTII
2105 429 2516 492 BYZANTINI

3622 437 3760 505 1672

483 553 544 602 et
575 543 646 600 ab
677 542 796 615 ipsa
835 557 1062 600 carnem
1097 540 1205 598 sibi
1237 539 1538 613 copulavit.
1576 533 1748 595 Silcat
1790 553 1924 609 ergo
1952 553 2084 608 pro-

2191 538 2386 593 ἑαυτὸν
2417 540 2498 602 εἰς
2550 538 2651 611 τὴν
2691 539 2975 612 Παρθένον
3023 540 3286 598 ἐνδέδωκε
3311 560 3328 577 ·
3361 545 3456 601 καὶ
3504 546 3568 613 ἐξ
3593 538 3768 624 ,αὐεῆς

486 638 678 694 fanum
727 653 790 692 os
829 649 1076 692 vestrum
1113 637 1292 691 donec
1337 635 1659 706 aperiantur
1694 631 1841 688 oculi
1885 631 2078 696 vestri,

486 739 568 795 ut,
598 747 724 786 cum
769 730 1024 785 videritis
1058 730 1244 784 lumen
1286 727 1556 802 mysterii,
1598 736 1729 782 tunc
1773 725 1926 798 loqui
1970 741 2081 779 non

484 824 678 879 inanes
719 823 1038 894 phantasias
1092 818 1446 877 tenebrarum
1495 830 1730 876 terrena:
1777 816 2079 888 sapientiae,

487 916 584 972 sed
619 915 888 986 magnalia
913 915 1033 980 Dei,
1060 913 1303 984 possitis.

2187 631 2380 686 ἑαυτὸν
2409 631 2438 683 6
2479 632 2724 704 ἄσαρκος
2764 635 3049 705 σαρκικῶς
3078 636 3393 709 ἐμόρφωσε,
3443 639 3646 706 θεῖκῶς
3678 646 3767 698 καὶ

2186 723 2288 795 τὴν
2317 725 2414 778 ἀπ’
2455 724 2632 794 αὐτῆς
2670 724 2854 796 σάρκα
2904 724 3073 779 αὐτοῦ
3118 726 3300 799 ἑαυτῷ
3340 733 3764 802 συμπροήγαγε·

2188 816 2494 888 φιμωθήτω
2541 811 2636 870 οὖν
2687 816 2844 888 ὑμῶν
2885 817 2948 871 τὸ
3009 817 3236 890 βὲὅηλυν
3283 821 3441 893 ἄχρις
3489 824 3770 893 ἀνοιγῶσιν

2191 907 2346 981 ὑμῶν
2377 909 2428 962 oi.
2480 907 2777 980 ὀφθαλμοὶ,
2817 909 2906 963 ἵνα
2951 910 3153 976 ἰδόντες
3186 911 3249 966 τὸ
3279 914 3396 983 φῶς
3437 913 3538 968 τοῦ
3572 933 3767 990 μυστη-

491 1012 632 1084 ρίου,
669 978 792 1064 τότε
823 978 1095 1064 λαλείννοίι
1123 1011 1221 1075 τὰς
1251 978 1554 1079 φαντασίας
1583 1007 1694 1063 τῶν
1721 1007 1959 1062 εἰδώλων
1986 1005 2081 1060 τοῦ
2120 978 2348 1072 σκότους
2405 1005 2507 1078 τῆς
2540 978 2788 1075 ἐπιγείου
2829 1004 3047 1076 σοφίας,
3081 1007 3218 1061 ἀλλὰ
3281 978 3354 1062 τὰ
3389 978 3662 1080 μεγαλεῖα
3680 978 3766 1066 τοῦ
3798 1049 3806 1058 .

485 1108 622 1162 Θεοῦ
649 1105 1005 1177 ἐξισχύσητε.

1145 1218 1298 1276 CAP.
1339 1217 1412 1275 X.

559 1337 618 1394 Si
663 1335 887 1408 proprie
941 1343 998 1391 et
1042 1335 1351 1390 secundum
1394 1333 1684 1390 veritatem
1729 1332 1949 1405 genitus
2001 1340 2091 1388 est

489 1431 636 1486 Deus
667 1427 912 1484 Verbum
947 1443 1013 1482 ex
1039 1426 1290 1498 Virgine,
1325 1437 1382 1482 et
1426 1427 1649 1498 proprie
1690 1436 1748 1482 et
1778 1425 2088 1482 secundum

486 1522 777 1578 veritatem
811 1519 996 1591 genita
1045 1528 1134 1575 est
1178 1534 1245 1574 ex
1278 1519 1396 1589 ipsa
1431 1534 1560 1574 caro
1595 1518 1847 1574 mortalis
1873 1527 1932 1575 et
1963 1535 2089 1574 cor-

489 1609 769 1687 ruptibilis
815 1624 871 1669 et
913 1613 1154 1668 animata
1211 1613 1394 1667 anima
1444 1613 1700 1668 rationali
1754 1622 1812 1668 et
1866 1612 2087 1667 intelle-

489 1707 680 1773 ctuali,
723 1705 810 1759 vel
842 1719 970 1758 caro
1005 1703 1337 1774 przeexsistit
1380 1703 1616 1774 Virgini,
1647 1703 1732 1758 vel
1768 1702 1912 1758 Deus
1943 1702 2085 1759 Ver-

490 1799 621 1853 bum
651 1796 926 1867 posterior
949 1804 1034 1850 est
1060 1795 1284 1866 Virgine
1315 1812 1330 1850 :
1367 1794 1516 1865 quod
1549 1803 1847 1866 utrumque
1889 1794 2087 1850 absur-

2793 1211 3048 1268 ΚΕΦΑΔ.
3125 1213 3182 1268 ιο.

2211 1367 2216 1371 .
2261 1326 2325 1379 Εἰ
2354 1323 2564 1398 κυρίως
2597 1324 2692 1378 καὶ
2719 1324 2864 1378 κατὰ
2911 1325 3176 1397 ἀλήθειαν
3217 1325 3413 1401 ἐτέχθη
3443 1329 3472 1382 6
3504 1327 3638 1394 Θεὸς
3673 1333 3769 1386 Λόο

2187 1434 2284 1487 γος
2316 1420 2381 1471 ὲκ
2409 1419 2508 1488 τῆς
2534 1417 2835 1490 Παρθένου,
2873 1418 2968 1472 καὶ
2998 1419 3204 1488 κυρίως
3235 1420 3328 1472 καὶ
3353 1421 3500 1474 κατὰ
3524 1422 3769 1494 ἀλήθειαν

2189 1509 2386 1582 ἐτέχθη
2417 1509 2478 1578 ἐξ
2535 1511 2708 1582 αὐτῆς
2751 1511 2786 1582 ἡ
2831 1509 2972 1581 σὰρξ
3020 1509 3255 1582 ήθνητὴ
3278 1513 3370 1566 καὶ
3428 1513 3649 1588 φθαρτὴ
3683 1519 3769 1572 καὶ⁵

2190 1603 2523 1674 ἐψυχωμένη
2576 1603 2721 1676 ψυχῇ
2777 1604 2875 1658 καὶ
2937 1603 3128 1677 λογικῇ
3185 1606 3280 1659 καὶ
3333 1609 3525 1680 νοερᾷ,
3574 1609 3608 1679 ἣ
3644 1611 3768 1681 σὰρξ

2189 1693 2536 1765 προῦπάρχει
2559 1693 2660 1765 τῆς
2690 1693 2992 1766 Παρθένου,
3018 1694 3051 1766 ἢ
3077 1697 3106 1747 6
3127 1695 3262 1758 Θεὸς
3295 1697 3472 1766 Λόγος
3501 1698 3748 1772 μεθυπὰρ

2189 1804 2274 1856 χει
2323 1787 2422 1857 τῆς
2475 1787 2788 1856 Παρθένου·
2819 1788 2958 1861 ὅπερ
2990 1787 3194 1842 ἄτοπον
3217 1789 3502 1860 ἑκάτερον.
3551 1792 3688 1846 Ἀλλ’
3711 1794 3766 1848 οὐ

491 1890 622 1946 dum
651 1898 756 1944 est.
781 1909 853 1928 —-
873 1888 980 1944 Sed
1029 1904 1141 1943 non
1173 1887 1480 1943 secundum
1522 1904 1689 1942 unam
1720 1889 2084 1958 eamdemque

2190 1877 2313 1931 καθ’
2357 1878 2454 1932 ἕνα
2490 1879 2696 1933 καὶτὸν
2721 1880 2884 1933 αὑτὸν
2924 1880 3023 1952 τῆς
3045 1883 3351 1953 γεννήσεως
3381 1883 3570 1953 λόγον,
3608 1887 3769 1957 ἀμφο-

490 1981 866 2054 generationis
891 1981 1166 2049 rationem
1203 1982 1489 2036 ambarum
1524 1982 1690 2037 unius
1724 1981 1822 2036 lilii
1848 1981 2090 2050 partium

490 2073 904 2145 generationem
936 2090 1003 2128 ex
1034 2072 1260 2144 Virgine
1306 2089 1450 2136 esse,
1483 2089 1629 2143 saepe
1660 2089 1895 2128 numero
1923 2089 1955 2128 a
1992 2088 2092 2128 no-

492 2166 581 2222 bis
612 2166 822 2221 dictum
867 2173 972 2232 est,
1010 2181 1044 2220 o
1093 2165 1329 2237 physici.
1362 2166 1507 2221 Vere
1554 2174 1734 2220 tamen
1783 2174 1868 2221 est
1915 2175 2092 2220 mater

492 2260 799 2315 secundum
855 2267 1150 2328 utramque
1215 2258 1524 2325 rationem,
1582 2267 1699 2312 tum
1754 2258 1980 2328 quidem
2033 2257 2090 2313 in

491 2361 760 2422 quantum
813 2352 903 2407 ille
952 2351 1155 2408 habeat
1201 2367 1270 2405 ex
1318 2367 1384 2407 ea
1437 2367 1558 2407 esse
1605 2351 1924 2413 carnaliter,
1971 2361 2089 2406 tum

491 2450 626 2499 ‘vero
665 2444 721 2498 in
752 2453 1022 2514 quantum
1066 2443 1270 2498 haheat
1308 2459 1433 2500 esse
1477 2444 1804 2514 simpliciter
1840 2459 2085 2500 carnem.

494 2535 574 2592 Ita
609 2536 756 2591 enim
792 2552 901 2591 una
936 2545 1113 2593 mater
1152 2552 1278 2593 esse
1317 2537 1482 2593 unius
1517 2537 1807 2606 utriusque
1834 2537 1945 2608 jam
1990 2537 2089 2593 de-

493 2633 796 2684 menstrata
825 2637 930 2684 est.
961 2628 1134 2699 Igitur
1177 2643 1310 2684 sane
1357 2629 1402 2684 si
1434 2629 1656 2700 proprie
1683 2637 1740 2684 et
1779 2628 2084 2688 secundum

492 2721 781 2776 veritatem
829 2737 997 2777 carne
1045 2721 1217 2792 geniti
1250 2731 1380 2777 sunt
1421 2721 1690 2777 Zebedaeo
1735 2721 1832 2775 ﬁlii
1878 2721 2000 2790 ejus
2029 2727 2085 2774 et

494 2812 716 2882 proprie
765 2819 822 2866 et
883 2812 1192 2867 secundum
1243 2813 1536 2869 veritatem
1590 2814 1901 2885 regenerati
1955 2823 2085 2868 sunt

494 2904 656 2975 primi
691 2919 788 2973 per
821 2903 1204 2976 Evangelium,
1248 2905 1353 2976 ipsi
1398 2906 1787 2976 prmexsistunt
1819 2905 2085 2976 simplici-

495 3003 614 3058 ter;
669 2995 755 3050 vel
803 2995 921 3065 ipse
966 2997 1243 3065 posterior
1272 3006 1358 3052 est
1404 2997 1558 3052 illis:
1590 3013 1718 3052 nam
1751 2997 1797 3052 si
1846 2998 2082 3053 alterum

493 3085 771 3156 quoddam
798 3087 1146 3156 przeexsistit.
1174 3088 1408 3142 alterum
1445 3090 1724 3158 posterius
1750 3098 1856 3153 est,
1882 3106 1914 3144 ο
1944 3089 2081 3145 falso

2190 1969 2375 2041 τέρων,
2400 1969 2509 2024 τῶν
2537 1973 2632 2024 τοῦ
2655 1971 2774 2034 ἐνὸς
2801 1971 2934 2024 Υίοῦ
2965 1971 3151 2044 μερῶν
3171 1973 3272 2044 τὴν
3296 1973 3562 2046 γέννησιν
3589 1977 3685 2046 τὴν
3712 1979 3769 2032 ὲκ

2193 2062 2475 2135 Παρθένου
2505 2057 2671 2128 εἶναι,
2709 2062 2972 2128 πολλάκις
3003 2065 3137 2136 ἡμῖν
3168 2066 3406 2138 εἴρηται,
3445 2061 3497 2121 ὧ
3523 2070 3763 2137 φυσικοί·

2195 2153 2414 2226 ἀληθῶς
2471 2156 2656 2224 μέντοι
2713 2157 2904 2227 μήτηρ
2947 2158 3066 2212 ἐστὶ
3130 2161 3254 2213 καθ’
3290 2160 3560 2231 ἑκάτερον
3593 2161 3765 2230 λόγον’

2189 2249 2284 2303 τοῦ
2323 2248 2424 2319 μὲν
2462 2248 2536 2312 ὡς
2565 2249 2624 2316 ἐξ
2653 2250 2826 2321 αὐτῆς
2883 2250 3163 2322 σαρκικῶς
3210 2249 3350 2307 εἶναι
3386 2254 3730 2326 ὑπάρξαντος
3753 2273 3768 2290 ο

2188 2340 2281 2396 τοῦ
2321 2342 2378 2394 δὲ
2433 2343 2529 2395 καὶ
2584 2342 2659 2406 ὡς
2717 2342 2907 2407 ἁπλῶς
2959 2344 3163 2416 σαρκὸς
3204 2339 3346 2399 εἶναι
3394 2347 3767 2419 ὑπάρξαντοςο

2187 2434 2363 2498 οὕτως
2392 2434 2503 2506 γὰρ
2558 2435 2656 2506 μία
2684 2436 2869 2507 μήτηρ
2908 2437 3028 2500 ἑνὸς
3063 2441 3161 2490 τοῦ
3192 2441 3620 2511 συναμφοτέρου
3643 2444 3765 2496 ανα-

2187 2527 2496 2581 δέδεικται·
2525 2523 2638 2599 ἆρα
2664 2528 2729 2600 δὴ
2757 2525 2850 2583 οῦν
2878 2533 2926 2582 εἰ
2965 2530 3174 2601 κυρίως
3203 2534 3296 2586 καὶ
3325 2533 3471 2587 κατὰ
3518 2534 3770 2606 ἀλήθειαν

2187 2619 2488 2690 ἐτέχθησαν
2517 2622 2683 2692 σαρκὶ
2711 2621 2988 2692 Ζεϐεδαίῳ
3011 2624 3061 2676 οἱ
3092 2624 3198 2677 υἱοὶ
3228 2624 3418 2688 αὐτοῦ,
3446 2625 3550 2679 καὶ
3579 2626 3770 2699 κυρίως

2187 2713 2280 2765 καὶ
2304 2712 2450 2766 κατὰ
2499 2713 2758 2785 ἀλήθειαν
2813 2716 3254 2787 ἀνεγεννήθησαν
3288 2717 3504 2789 πρῶτοι
3555 2719 3645 2773 διὰ
3684 2721 3769 2775 τοῦ

2186 2804 2525 2873 Εὐαγγελίου
2572 2807 3022 2878 προϋπάρχουσιν
3069 2808 3234 2862 αὐτοῦ
3267 2810 3455 2874 ἁπλῶς
3485 2826 3502 2841 ο
3539 2811 3574 2882 ἢ
3617 2811 3768 2875 αὐτὸς

2187 2895 2536 2968 μεθυπάρχει
2563 2898 2766 2964 αὐτῶν,
2795 2900 2980 2954 καίτοι
3039 2902 3088 2955 εί
3127 2901 3357 2975 θάτερον
3404 2905 3769 2976 προῦπάρχει,

2184 2991 2406 3043 πάντων
2463 2989 2525 3043 τὸ
2585 2991 2776 3062 ἓτερον
2833 2990 3210 3065 μεθυπάρχει,
3264 2995 3654 3067 δοκησίσοφον
3688 2998 3772 3050 καὶ

2183 3082 2281 3152 οὐχ
2311 3081 2386 3145 ὥς
2419 3100 2557 3152 φατε
2587 3083 2620 3155 ἢ
2657 3083 2777 3137 τόδε
2821 3084 2856 3155 ἢ
2902 3085 3055 3138 τόδεο
3097 3085 3315 3150 πάντως
3342 3088 3455 3160 γὰρ
3497 3092 3570 3160 τῇ
3603 3091 3772 3160 σχέσει

495 3179 668 3233 habiti
691 3179 994 3248 sapientes!
1015 3190 1072 3234 et
1099 3179 1306 3248 non;ita
1334 3189 1420 3235 est
1445 3188 1507 3235 ut
1525 3181 1733 3247 dicitis,
1759 3182 1847 3237 vel
1865 3181 1971 3238 hoc
1990 3181 2077 3237 vel

2189 3173 2301 3244 ἅμα
2329 3175 2449 3228 ὲστὶ
2479 3175 2607 3230 τάδε
2637 3175 2734 3230 καί⁹
2757 3177 3072 3247 παρέπεται
3094 3193 3110 3210 ο
3153 3178 3214 3233 τὸ
3241 3179 3350 3250 γὰρ
3385 3183 3768 3254 προῡπάρχον,

496 3270 677 3326 illud:
713 3271 940 3326 omnino
1006 3272 1155 3327 enim
1211 3273 1452 3329 naturali
1515 3273 1878 3345 dispositione
1923 3274 2088 3329 simul

2195 3267 2644 3340 μεθυπὰρχοντος
2702 3271 3053 3344 προῦπάρχει
3075 3287 3090 3303 °
3140 3271 3280 3328 ἀλλὰ
3318 3273 3502 3343 δῆλον,
3552 3277 3629 3340 ὡς
3660 3279 3770 3332 κατ’

495 3377 715 3432 unaque
744 3371 876 3416 sunt
917 3361 1035 3417 haec
1074 3371 1131 3418 et
1161 3374 1490 3435 sequuntur.
1523 3363 1678 3432 Quod
1707 3366 1854 3422 enim
1890 3381 2088 3436 praecx-

2197 3360 2327 3415 ἄλλο
2355 3363 2450 3416 καὶ
2507 3362 2637 3417 ἄλλο
2679 3363 2707 3416 6
2750 3365 2912 3429 αὐτὸς
2965 3365 3102 3439 πρὸς
3129 3367 3259 3434 τοὺς
3300 3368 3502 3433 αὐτοὺς
3545 3371 3773 3434 uio-5:11:

494 3447 661 3517 sistit,
699 3452 1022 3523 posteriori.
1075 3451 1182 3509 Sed
1225 3465 1376 3525 patet
1419 3457 1675 3512 eumdem
1720 3456 1826 3513 sub
1875 3456 2088 3512 diverso

2199 3454 2363 3518 ὄντας
2400 3455 2566 3511 αὐτοῦ
2597 3458 2694 3512 καλ⁸
2723 3459 2997 3530 πατέρας,
3031 3461 3134 3531 τήν
3163 3477 3224 3514 τε
3261 3465 3632 3534 προγενεσίαν
3668 3465 3774 3538 ἔχει

496 3555 776 3616 respectu,
813 3545 1046 3601 relative
1075 3546 1143 3601 ad
1181 3547 1325 3604 ﬁlios
1366 3565 1498 3605 suos
1530 3557 1586 3604 et
1629 3549 1698 3605 ad
1744 3559 1931 3620 patres
1961 3563 2088 3605 suos

2196 3547 2294 3602 καὶ
2319 3547 2796 3621 ὑστερογενεσίαν.

497 3637 704 3694 habere
723 3639 965 3710 priorem
985 3638 1151 3694 simul
1175 3649 1232 3695 et
1260 3642 1627 3712 posteriorem
1651 3642 2090 3714 generationem.

1151 3753 1305 3810 CAP.
1345 3754 1438 3810 XI.

568 3867 625 3924 Si
661 3869 954 3941 progenies
979 3869 1186 3936 carnis,
1218 3869 1508 3941 progenies
1539 3876 1625 3925 est
1657 3868 1754 3926 Dei
1785 3869 2091 3926 secundum

495 3960 813 4025 veritatem,
847 3968 905 4016 et
945 3976 1069 4016 esse
1098 3970 1186 4016 est
1226 3962 1393 4016 etiam
1424 3961 1521 4017 Dei
1551 3962 1856 4017 secundum
1887 3961 2094 4017 verita-

500 4061 648 4120 tem;
683 4053 728 4107 si
759 4062 946 4108 autem
977 4069 1099 4110 esse
1141 4065 1199 4110 et
1231 4055 1338 4111 tale
1382 4071 1504 4110 esse
1539 4063 1624 4110 est
1664 4054 1893 4125 impium
1926 4055 2091 4110 simul

498 4154 556 4201 et
591 4145 972 4215 impossibile;
1013 4161 1124 4200 non
1159 4161 1294 4218 ergo
1338 4147 1632 4218 progenies
1675 4147 1864 4202 carnis
1899 4163 2094 4218 proge-

500 4239 621 4294 nies
668 4247 755 4296 est
799 4254 1021 4310 quoque
1064 4240 1164 4294 Dei
1218 4241 1524 4296 secundum
1567 4241 2090 4297 veritatem—Sed

501 4335 657 4392 deest
696 4337 888 4406 prima:
925 4344 1122 4392 vestrae
1166 4338 1530 4408 propositioni
1573 4337 1816 4394 Verbum
1845 4339 2089 4409 pariter:

498 4431 714 4502 hocque
745 4431 834 4487 vel
871 4431 939 4487 de
981 4430 1252 4486 industria
1284 4431 1368 4486 vel
1403 4430 1784 4501 imprudenter
1809 4430 1967 4485 vobis
2002 4445 2091 4485 ra-

499 4524 897 4581 tiocinantibus
929 4523 1364 4595 prtetermissum
1399 4532 1503 4579 est.
1537 4523 1594 4578 Si
1621 4523 1766 4578 enim
1798 4526 2088 4595 progenies

497 4618 705 4684 carnis,
737 4618 1033 4689 progenies
1055 4619 1258 4687 pariter
1279 4617 1375 4673 Dei
1402 4625 1508 4681 cst,
1534 4615 1748 4673 scilicet
1778 4617 2083 4673 secundum
2118 4631 2161 4688 ι)

499 4709 750 4766 eamdem
793 4709 1078 4781 progeniei
1111 4710 1384 4765 rationem
1418 4725 1525 4780 qua
1552 4717 1639 4766 est
1681 4725 1750 4766 ex
1783 4711 1966 4777 Patre,
1993 4727 2088 4767 ea-

500 4802 628 4858 dem
652 4802 832 4873 reipsa
857 4802 1080 4872 utrique
1103 4801 1442 4857 concedetis.
1467 4801 1524 4857 Si
1551 4813 1734 4858 autem
1763 4803 2013 4873 plurima:
2033 4811 2090 4859 et

499 4893 807 4949 secundum
840 4893 1129 4948 veritatem
1160 4891 1322 4949 dictae
1352 4894 1594 4950 rationes
1624 4895 1907 4966 progeniei
1937 4905 2084 4959 sunt,

498 4998 611 5038 non
633 4999 698 5038 ex
717 4982 868 5037 omni
894 4983 1108 5039 ratione
1140 4984 1420 5054 progeniei
1447 4994 1709 5056 sequetur
1728 4986 1919 5040 eadem
1943 5001 2088 5056 quae-

501 5075 628 5130 dam
660 5075 866 5132 sentire
900 5075 968 5131 de
1010 5076 1081 5132 iis
1126 5092 1250 5147 quae
1305 5078 1800 5148 quoniodocunque
1833 5077 1980 5149 gigni
2006 5079 2090 5133 di-

502 5177 725 5234 cuntur,
752 5183 855 5224 nec
883 5168 1016 5224 illud
1047 5169 1205 5225 vobis
1227 5170 1518 5241 quisquam
1545 5170 1840 5234 concessit,
1877 5170 2089 5226 scilicet

504 5259 828 5329 simpliciter
860 5270 916 5316 et
948 5262 1113 5318 nuda:
1146 5263 1329 5318 carnis
1358 5275 1575 5334 partum
1617 5280 1741 5320 esse
1779 5274 1837 5321 et
1869 5274 2087 5337 partum

506 5351 638 5420 Dei;
674 5353 766 5407 sed
791 5369 993 5424 neque,
1021 5356 1320 5426 conjuncta
1346 5373 1470 5411 cum
1502 5372 1668 5412 carne
1701 5359 1835 5424 Deo,
1868 5368 2085 5430 partum

505 5442 603 5498 Dei
638 5459 705 5497 ex
745 5444 970 5515 Virgine
1002 5447 1258 5502 eumdem
1299 5464 1420 5504 esse
1465 5450 1770 5506 secundum
1817 5452 2085 5507 rationem

418 5559 422 5563 η
505 5549 572 5590 ac
602 5544 830 5606 partum
871 5539 1090 5606 carnis;
1125 5541 1220 5595 sed
1253 5541 1396 5595 idem
1429 5543 1733 5598 secundum
1766 5559 2084 5610 numerum,

504 5627 741 5684 diversis
781 5638 966 5685 autem
1015 5633 1389 5703 generationis
1433 5634 1748 5691 rationibus
1790 5651 1920 5692 vere
1956 5652 2089 5691 con-

505 5731 614 5780 stat
636 5724 939 5779 secundum
965 5725 1158 5782 ambas
1183 5736 1410 5784 naturas
1438 5730 1670 5800 genitas.
1700 5727 1910 5786 Nomen
1937 5729 2086 5786 enim

504 5817 900 5886 generationis,
922 5826 984 5873 ut
1005 5827 1064 5874 et
1092 5835 1188 5876 vos
1216 5819 1319 5891 ipsi
1346 5821 1662 5887 induxistis,
1695 5821 2086 5894 homonymum

503 5915 590 5964 est
616 5924 628 5960 :
659 5907 713 5963 in
747 5908 1095 5986 homonymis
1132 5921 1315 5968 autem
1350 5921 1579 5970 non'est
1615 5915 1742 5986 plus
1766 5915 1851 5971 vel
1882 5917 2086 5984 minus,

2787 3757 3045 3816 ΚΕΦΑΛ.
3093 3758 3185 3816 κ’.

2265 3867 2330 3922 Εἰ
2358 3866 2518 3932 τόκος
2545 3869 2574 3922 6
2601 3867 2705 3940 τῆς
2731 3869 2958 3942 σαρκὸς,
2987 3870 3147 3936 τόκος
3174 3870 3271 3926 τοῦ
3296 3870 3434 3927 Θεοῦ
3463 3890 3614 3929 κατα
3653 3876 3774 3948 ἀλή-

2193 3957 2369 4026 θειαν,
2406 3959 2504 4013 καὶ
2526 3959 2589 4014 τὸ
2613 3956 2755 4014 εἶναί
2781 3963 2900 4015 ἐστι
2933 3962 3078 4016 κατὰ
3107 3962 3369 4035 ἀλήθειαν
3395 3964 3490 4018 τοῦ
3527 3965 3667 4021 Θεοῦ
3691 3985 3708 3999 ·
3727 3968 3772 4021 εί

2190 4050 2247 4104 δὲ
2268 4052 2331 4105 1:6
2369 4049 2512 4107 εἶναι
2538 4054 2636 4107 καὶ
2671 4052 2732 4107 τὸ
2762 4053 2962 4108 τοιόνδε
3017 4049 3160 4109 εῖναι
3205 4056 3365 4112 τοῦτο
3411 4059 3615 4124 ἀσεϐὲς
3644 4059 3769 4130 ὁμοῦ

2191 4147 2289 4199 καὶ
2325 4146 2630 4218 ἀμήχανον,
2661 4147 2762 4200 οὐκ
2792 4146 2902 4218 ἄρα
2946 4149 2975 4201 6
3025 4147 3186 4212 τόκος
3214 4150 3314 4218 τῆς
3365 4152 3593 4223 σαρκὸς,
3625 4153 3772 4214 τόκος

2191 4237 2309 4292 ἐστὶ
2348 4240 2492 4293 κατὰ
2543 4239 2805 4310 ἀλήθειαν
2872 4238 2968 4294 τοῦ
3017 4240 3178 4294 Θεοῦ.
3247 4241 3408 4297 ’Δλλὰ
3471 4243 3653 4299 λείπει
3708 4247 3768 4317 τῇ

2192 4329 2385 4403 πρώτῃ
2419 4329 2573 4402 ὑμῶν
2610 4331 2876 4403 προτάσει
2899 4330 2961 4384 τὸ
2990 4332 3277 4400 ὡσαύτως
3297 4334 3434 4388 ἐστι
3459 4351 3474 4367 ο
3506 4335 3771 4391 καὶτοῦτο

2190 4422 2223 4494 ἢ
2247 4421 2438 4486 δεινῶς
2465 4421 2500 4493 ἢ
2529 4423 2758 4494 ἀμαθῶς
2792 4422 2946 4493 ὑμῶν
2964 4423 3366 4494 διαλεγομένων
3395 4428 3768 4499 παρεώραται.

2191 4515 2256 4568 Ei
2289 4515 2399 4587 γὰρ
2426 4516 2454 4569 6
2483 4515 2642 4579 τόκος
2664 4518 2764 4586 τῆς
2788 4515 3013 4587 σαρκὸς,
3059 4519 3219 4584 τόκος
3266 4518 3363 4572 τοῦ
3410 4519 3548 4574 Θεοῦ
3579 4523 3766 4577 ὡσαύ-

2191 4623 2307 4672 τως
2330 4607 2501 4673 ἐστὶν,
2527 4608 2698 4679 ἤγουν
2728 4609 2871 4666 κατὰ
2917 4609 3011 4662 τὸν
3063 4611 3228 4666 αὑτὸν
3275 4611 3371 4666 τοῦ
3406 4612 3572 4667 τόκου
3603 4615 3766 4682 Λόγον

2188 4693 2282 4754 τὸν
2303 4703 2368 4755 ἐκ
2386 4702 2622 4774 Πατρδς,
2648 4704 2717 4758 τὰ
2747 4704 2885 4759 αὐτὰ
2906 4704 3074 4768 ὅντως
3103 4707 3434 4778 ἀμφοτέροις
3456 4707 3762 4778 χαρίσεσθε.

2188 4795 2252 4848 Et
2279 4794 2556 4874 661:0).loi
2588 4813 2649 4851 τε
2704 4799 2800 4853 καὶ
2833 4799 2956 4852 κατ’
3001 4799 3262 4872 ἀλήθειαν
3306 4800 3592 4872 λεγόμενοι
3627 4801 3764 4870 λόγοι

2187 4889 2349 4943 τόκου
2378 4891 2535 4953 εἰσιν,
2571 4891 2632 4944 οὐ
2655 4891 2724 4946 τὰ
2753 4891 2893 4946 αὐτὰ
2915 4895 2980 4946 ὲκ
3008 4893 3208 4958 παντὸς
3235 4893 3410 4963 Λόγου
3449 4895 3611 4948 τόκου
3649 4896 3766 4966 ἐψε-

2187 5000 2280 5037 ται
2311 4986 2454 5038 νοεῖν
2483 5001 2626 5049 τινα,
2659 4985 2754 5038 ἐπὶ
2805 4987 2922 5050 τοῖς
2952 4987 3206 5041 ὁπωσοῦν
3256 4988 3514 5060 τεχθῆναι
3537 4987 3761 5060 λεγομέ-

2188 5091 2302 5137 νοις
2328 5087 2344 5102 ⁶
2376 5074 2502 5128 οὔτε
2525 5076 2583 5128 δὲ
2611 5075 2772 5129 τοῦτο
2804 5077 2934 5148 ὑμῖν
2963 5095 3046 5140 τις
3075 5078 3308 5132 δέδωκεν
3340 5080 3420 5133 ὅτι
3462 5080 3650 5146 ἁπλῶς
3677 5081 3762 5134 καὶ

2186 5167 2404 5238 γυμνῆς
2451 5167 2655 5240 σαρκὸς
2697 5171 2878 5234 τόκος,
2929 5164 3088 5234 οὗτος
3136 5171 3232 5225 καὶ
3261 5174 3417 5235 τόκος
3449 5175 3586 5226 Θεοῦ
3629 5176 3758 5239 ἐστι,

2187 5261 2304 5315 ἀλλ’
2335 5261 2457 5315 οὔτε
2486 5262 2567 5317 ὅτι
2598 5263 2951 5334 συνημμένου
2992 5266 3058 5335 τῇ
3107 5265 3272 5336 σαρκὶ
3305 5265 3401 5318 τοῦ
3430 5265 3590 5330 Θεοῦ,
3621 5267 3759 5336 ὅμως

2186 5359 2215 5411 6
2243 5357 2407 5423 αὐτός
2436 5359 2553 5410 ἐστι
2589 5357 2733 5411 κατὰ
2786 5357 2878 5410 τὸν
2908 5356 3066 5426 λόγον
3107 5359 3135 5411 6
3167 5357 3323 5422 τόκος
3347 5359 3440 5412 τοῦ
3470 5359 3607 5413 Θεοῦ
3640 5363 3668 5413 6
3701 5361 3759 5414 ἐκ

2187 5449 2467 5520 Παρθένου
2498 5450 2576 5522 τῷ
2604 5451 2749 5522 τόκῳ
2775 5453 2874 5521 τῆς
2901 5450 3104 5520 σαρκός
3160 5467 3175 5483 ο
3195 5451 3311 5505 ἀλλ’
3336 5452 3364 5505 6
3414 5452 3578 5517 αὐτὸς
3627 5454 3761 5508 κατὰ

2189 5543 2441 5616 ἀριθμὸν,
2496 5546 2555 5598 ὲν
2611 5545 2886 5616 διαφόροις
2930 5544 2986 5598 δὲ
3034 5544 3215 5614 λόγοις
3280 5547 3585 5619 γεννήσεως
3639 5547 3760 5619 ἀλη-

2188 5633 2297 5698 θῶς
2335 5636 2455 5689 κατ’
2503 5636 2670 5706 ἄμφω
2732 5635 3006 5702 συνεστὼς
3053 5639 3153 5701 τὰς
3212 5637 3497 5710 τεχθείσας
3552 5639 3754 5708 φύσεις.

2189 5729 2263 5782 Τὸ
2296 5729 2404 5802 γὰρ
2445 5731 2545 5802 τῆς
2591 5732 2905 5805 γεννήσεως
2939 5733 3131 5806 ὄνομα,
3163 5733 3241 5799 ὡς
3308 5735 3403 5788 καὶ
3445 5735 3605 5806 ὑμεῖς
3629 5751 3759 5805 παρ-

2189 5823 2449 5894 ηγάγετε,
2483 5826 2802 5898 ὁμώνυμονο
2837 5829 2895 5883 ὲν
2949 5827 3006 5881 δὲ
3053 5829 3169 5892 τοῖς
3221 5827 3532 5900 ὀμωνύμοις
3579 5829 3640 5882 τὸ
3666 5827 3759 5899 μὲν

2192 5917 2398 5988 μᾶλλον
2427 5915 2588 5988 εἶναι,
2611 5923 2673 5976 τὸ
2701 5921 2759 5975 δέ
2801 5938 2856 5975 τι
2905 5921 2999 5977 καὶ
3031 5917 3215 5994 ἦττον,
3277 5923 3379 5978 οὐκ
3426 5921 3574 5978 ἔστιν
3598 5939 3612 5956 ·
3645 5919 3759 5975 οὐδὲ
