4042 6534
357 493 494 562 1673

1293 488 1694 551 ADVERSUS
1730 489 2282 554 NESTORIANOS.
2309 517 2380 528 —
2404 494 2549 555 LIB.
2592 495 2690 557 IV.

3481 456 3619 567 1674

349 609 413 664 τὺ
448 607 666 682 πρῶτον
712 603 809 659 καὶ
874 601 1149 672 δεύτερον,
1198 593 1245 655 ὦ
1304 600 1667 669 λογιώτατοι·
1735 602 1933 656 οὐκοῦν

2040 620 2217 676 neque
2242 604 2483 676 primum
2514 607 2600 663 vel
2625 606 2949 675 secundum,
2982 623 3017 664 0
3045 609 3485 669 ratiocinatores.
3509 614 3619 686 lgi-

347 699 572 771 ἀληθεῖς
594 698 696 769 μὲν
727 697 903 751 πᾶσαι
933 695 992 748 at
1026 695 1336 764 γεννήσεις,
1361 693 1479 748 ἀλλ’
1510 695 1612 749 οὐκ
1634 695 1926 768 ἐμφερεῖς·

344 788 430 849 ὅτι
461 793 556 847 οὖν
583 792 681 863 τῆς
704 788 891 845 ἐνθέου
921 787 1128 860 σαρκὸς
1158 787 1187 839 ὁ
1218 786 1376 850 τόκος
1409 787 1505 840 καὶ
1557 786 1697 841 Θεοῦ
1729 804 1933 860 σεσαρ-

343 885 590 955 κώμένου
626 882 747 936 ἔστι
791 882 975 945 τόκος,
1022 878 1375 952 ὡμολόγηται
1400 894 1416 910 ⁶
1446 878 1565 933 ἀλλ’
1613 879 1691 943 ὡς
1723 880 1929 950 πρέπει

340 983 610 1054 ἑκατέρῳ.
643 979 784 1035 Οὔτε
807 980 916 1050 γάρ
946 979 1083 1050 σάρξ
1111 976 1237 1031 οὐτε
1270 977 1431 1041 τόκος
1460 976 1757 1032 ἀλλοιῶσαι
1787 975 1928 1031 Θεοῦ

340 1075 503 1145 φύσιν
532 1075 807 1128 δύνανται.
844 1070 1171 1125 Τούναντίον
1200 1068 1300 1141 μὲν
1327 1064 1422 1124 οὖν
1445 1070 1580 1134 Θεὸς
1600 1070 1699 1124 καὶ
1724 1070 1929 1141 σαρκὸς

339 1166 524 1238 φύσιν,
552 1166 649 1219 καὶ
671 1166 901 1235 φυσικὸν
918 1164 1100 1226 τόκον,
1126 1162 1421 1216 ἀλλοιῶσαι
1440 1162 1584 1217 κατά
1609 1164 1737 1227 τοὺς
1766 1163 1930 1235 ὅρους

339 1260 436 1313 καὶ
463 1258 695 1329 καιροὺς
720 1256 815 1310 καὶ
836 1256 1074 1327 τρόπους
1090 1255 1193 1325 τῆς
1220 1254 1389 1310 αὐτοῦ
1419 1254 1737 1325 οἰκονομίας
1761 1256 1926 1325 ἡνίκα

342 1350 410 1405 ἂν
447 1348 642 1411 ἐθέλοι,
666 1347 953 1420 δεδύνηται
974 1365 989 1379 ·
1017 1347 1180 1411 τόκος
1212 1348 1321 1418 ἀρα
1349 1346 1485 1400 Θεοῦ
1516 1345 1617 1418 μὲν
1640 1347 1718 1410 ὼς
1764 1348 1930 1420 ἐναρ-

344 1442 579 1514 ξαμένου
628 1439 983 1513 σαρκώσεως,
1035 1440 1241 1514 σαρκὸς
1292 1438 1351 1494 δὲ
1400 1438 1478 1504 ὡς
1543 1438 1927 1513 ἑναρξαμένης

344 1535 655 1606 ὑπάρξεως.

944 1647 1199 1701 ΚΕΦΑΛ.
1227 1647 1329 1702 lB'.

412 1741 475 1794 Εί
503 1740 573 1793 τὰ
595 1738 853 1793 τίκτοντα
881 1737 1017 1811 πρὸς
1044 1740 1112 1792 τὰ
1139 1739 1395 1792 τίκτοντα
1424 1738 1546 1792 κατ’
1574 1738 1765 1793 οὐσίαν
1784 1756 1929 1811 παρ-

340 1831 627 1893 αλλάττει,
687 1830 784 1883 καὶ
852 1830 919 1884 τά
976 1830 1277 1901 τικτόμενα
1326 1829 1465 1903 πρὸς
1509 1829 1575 1883 τά
1626 1831 1928 1901 τικτόμενα

343 1924 560 1995 ἀνάγκη
610 1923 760 1977 πᾶσα
819 1923 940 1977 κατ’
999 1923 1188 1977 οὐσίαν
1256 1922 1668 1994 παραλλάττειν
1696 1939 1711 1955 ο
1755 1924 1927 2023 καὶιεί
1958 1963 2006 2023 Β

343 2016 523 2083 τοῦτο,
550 2015 669 2080 πῶς
697 2013 790 2068 τοῦ
818 2014 1033 2084 Πατρὸς
1060 2013 1272 2084 καὶτῆς
1293 2013 1573 2086 Παρθένου
1589 2015 1714 2068 κατ’
1742 2012 1931 2068 οὐσίαν

344 2105 859 2178 παραλλαττόντων,
893 2104 954 2157 οὐ
1000 2103 1405 2176 παραλλάττειν
1430 2105 1645 2177 ἀνάγκη
1678 2105 1769 2160 τὸν
1800 2105 1932 2159 Θεὸν

342 2202 516 2269 Λόγον
546 2199 710 2253 αὐτὸν
744 2197 943 2252 ἑαυτοῦ
996 2200 1119 2251 κατ’
1142 2198 1355 2264 οὐσίαν,
1392 2198 1724 2269 ἀμφοτέρων
1749 2198 1930 2267 ὐπάρ-

342 2308 507 2363 χοντα
536 2290 681 2343 κατά
711 2284 973 2359 ἀλήθειαν
999 2282 1165 2354 Υίόνς
1197 2290 1272 2343 Τὸ
1298 2290 1355 2344 δὲ
1386 2290 1550 2344 αὐτὸν
1584 2289 1781 2343 ἑαυτοῦ
1808 2282 1931 2343 κατ’

340 2382 533 2437 οὐσίαν
566 2381 967 2452 παραλλάττειν
1009 2380 1194 2450 λέγειν
1248 2382 1341 2435 τὸν
1403 2383 1584 2452 πάσης
1630 2382 1933 2453 ἁπλότητος

343 2476 628 2535 ἐπέκεινα,
672 2473 853 2542 πάσης
901 2473 1215 2537 ἐκστάσεως
1272 2475 1389 2527 ἐστι
1420 2474 1701 2529 ἐπέκεινα.
1771 2475 1934 2528 Ἀλλά

347 2569 488 2632 πῶς,
520 2560 565 2621 ὦ
606 2560 773 2630 οῦτοι,
807 2565 885 2636 τῷ
931 2567 1151 2638 φέροντι
1199 2566 1301 2637 ἥδη
1331 2567 1391 2620 τὸ
1432 2566 1623 2620 δοκοῦν
1658 2567 1935 2635 ἀποφθέγ-

344 2658 507 2727 γεσθε
532 2676 545 2723 ;
578 2656 673 2711 καὶ
699 2656 809 2727 γὰρ
832 2655 1023 2726 ίχθύας
1053 2674 1114 2709 τε
1141 2658 1238 2708 καὶ
1265 2656 1429 2728 ἕτερα
1454 2656 1569 2720 ζῶα
1593 2658 1686 2710 καὶ
1712 2656 1935 2710 πετεινά

344 2748 441 2800 καὶ
456 2747 665 2818 ἑρπετά
702 2762 822 2799 τινα
852 2747 917 2799 ὲκ
940 2745 1040 2815 τῆς
1055 2744 1299 2816 ἀλλήλων
1317 2746 1605 2808 συνουσίας
1628 2785 1644 2811 ,
1673 2745 1937 2810 ὡσαύτως

343 2841 403 2895 δὲ
426 2842 518 2895 καὶ
555 2840 614 2903 ἐξ
634 2837 845 2892 ὑδάτων
874 2838 1159 2906 αὐτοφυῶς
1177 2838 1272 2891 καὶ
1316 2840 1379 2891 ἐκ
1397 2838 1501 2908 γῆς
1541 2840 1633 2892 καὶ
1670 2837 1729 2904 ἐξ
1773 2839 1936 2910 ἀέρος

345 2930 611 2983 τίκτεται·
633 2930 728 2982 καὶ
746 2930 896 2999 ὅμως
918 2928 1080 2998 ὅμοιά
1101 2929 1206 2981 είσι
1230 2928 1330 2999 τὴν
1355 2928 1545 2982 οὐσίαν
1561 2927 1933 2998 διαφερόντων

346 3023 507 3093 φύσει
523 3022 629 3076 τῶν
663 3022 952 3076 τεκόντων·
977 3022 1039 3074 οὐ
1067 3022 1176 3093 γάρ
1193 3021 1390 3075 ταυτὸν
1407 3021 1563 3075 οὐσία
1580 3021 1720 3086 ζὼου
1742 3039 1804 3075 τε
1831 3022 1931 3075 καλ⁸

348 3116 540 3180 ὓδατος
568 3116 664 3169 καὶ
698 3115 803 3186 γῆς
826 3130 841 3146 ·
876 3113 1028 3186 ίχθύς
1074 3114 1131 3167 δὲ
1179 3115 1206 3168 ὃ
1239 3132 1296 3168 τε
1349 3112 1409 3178 ἐξ
1457 3112 1671 3178 ὕδατος,
1708 3112 1806 3166 καὶ
1828 3114 1855 3166 ὁ
1878 3112 1937 3178 ἐξ

350 3209 534 3281 ἰχθύος
556 3206 915 3279 γεννώμενοςο
938 3206 1201 3272 ὡσαύτως
1223 3206 1318 3260 καὶ
1336 3205 1649 3276 ἀδιαφόρως
1666 3205 1762 3259 καὶ
1777 3204 1934 3275 όφεις

2035 706 2127 752 tur
2157 712 2304 752 vera:
2333 698 2561 768 quidem
2587 709 2716 754 sunt
2745 716 2936 757 omnes
2961 702 3364 773 generationes,
3390 704 3486 760 sed
3505 721 3618 761 non

2032 788 2396 845 consimiles:
2428 790 2505 846 ita
2550 800 2614 847 ut
2656 791 2856 848 divinae
2902 795 3084 849 carnis
3126 806 3346 865 partum
3392 813 3515 852 esse
3562 807 3622 854 et

2032 890 2251 951 partum
2280 882 2378 937 Dei
2410 884 2681 939 incarnati
2720 885 3066 953 admittatur,
3096 888 3191 943 sed
3232 889 3376 945 sicut
3402 898 3621 945 utrum-

2032 988 2141 1045 que
2183 974 2341 1030 decet
2368 993 2381 1030 :
2407 992 2587 1047 neque
2616 976 2767 1032 enim
2810 993 2939 1033 caro
2968 994 3149 1049 neque
3180 990 3370 1050 partus
3402 990 3619 1037 mutare

2032 1078 2267 1139 possunt
2310 1068 2407 1123 Dei
2456 1078 2733 1125 naturam.
2784 1070 2827 1124 E
2882 1080 3073 1125 contra
3127 1082 3314 1126 autem
3368 1073 3514 1128 Deus
3560 1082 3618 1128 et

2034 1161 2222 1215 carnis
2244 1170 2498 1216 naturam
2529 1168 2585 1216 et
2608 1162 2915 1216 naturalem
2944 1171 3159 1232 partum
3187 1176 3399 1220 mutare
3422 1179 3623 1219 secun-

2033 1249 2167 1306 dum
2215 1252 2484 1308 terminos
2528 1262 2585 1307 et
2628 1262 2879 1324 tempora
2922 1263 2978 1309 et
3010 1254 3203 1309 modos
3242 1254 3620 1324 dispositionis

2030 1342 2174 1413 ejus,
2219 1356 2344 1397 cum
2390 1343 2649 1408 voluerit,
2700 1344 2900 1414 potuit.
2953 1344 3124 1416 Igitur
3158 1355 3352 1415 partus
3396 1346 3619 1416 quidem

2030 1434 2130 1489 Dei
2158 1442 2416 1505 tanquam
2446 1434 2758 1491 inchoantis
2792 1436 3266 1505 incarnationem;
3301 1447 3493 1509 partus
3526 1456 3624 1495 au-

2032 1532 2143 1581 tem
2169 1526 2354 1581 carnis
2383 1526 2695 1584 inchoantis
2721 1529 3122 1585 exsistentiam.

2656 1638 2810 1697 CAP.
2852 1640 2971 1698 XII.

2104 1728 2161 1785 Si
2188 1729 2469 1802 gignentia
2499 1731 2727 1789 relative
2761 1733 2829 1788 ad
2854 1735 3132 1806 gignentia
3161 1740 3469 1797 secundum
3493 1743 3625 1800 sub-

2032 1822 2292 1877 stantiam
2328 1822 2617 1890 diﬂ'erunt,
2651 1824 2878 1881 omnino
2906 1843 3132 1884 necesse
3164 1840 3251 1887 est
3282 1847 3505 1904 quoque
3528 1852 3623 1907 ge—

2034 1912 2151 1969 nita
2182 1913 2409 1970 relative
2457 1914 2527 1969 ad
2558 1914 2744 1986 genita
2774 1918 3082 1974 secundum
3120 1925 3482 1980 substantiam
3511 1926 3622 1983 dil-

2034 2006 2202 2062 l'erre.
2250 2006 2417 2077 Atqui
2457 2006 2503 2063 si
2537 2007 2612 2064 ita
2643 2018 2750 2076 est,
2789 2012 3069 2081 quomodo
3114 2013 3276 2073 Patre
3309 2027 3367 2073 et
3401 2019 3626 2092 Virgins

2033 2099 2340 2155 secundum
2398 2101 2767 2158 substantiam
2793 2104 3205 2174 diﬂ‘erentibus,
3229 2126 3340 2166 non
3370 2128 3627 2169 necessa-

2036 2193 2120 2246 rio
2167 2192 2416 2249 differret
2451 2210 2483 2249 a
2528 2195 2713 2265 seipso
2740 2198 3049 2254 secundum
3088 2201 3453 2259 substantiam
3482 2205 3629 2261 Deus

2036 2284 2280 2338 Verbum
2309 2325 2322 2351 ,
2380 2302 2506 2340 cum
2553 2288 2625 2342 sit
2663 2290 2951 2361 utriusque
2998 2308 3165 2348 verus
3199 2295 3384 2351 Filius.
3435 2297 3628 2353 Dicere

2035 2382 2218 2429 antem
2250 2376 2403 2430 illum
2429 2392 2459 2430 a
2486 2377 2669 2448 seipso
2701 2380 2947 2447 diﬂ‘erre,
2983 2384 3077 2453 qui
3109 2393 3193 2439 est
3231 2387 3375 2441 ultra
3402 2404 3626 2444 omnem

2036 2466 2469 2537 simplicitatem,
2500 2469 2632 2523 illud
2652 2479 2736 2524 est
2758 2472 2905 2526 ultra
2934 2489 3155 2530 omnem
3176 2475 3531 2532 dementiam.
3560 2508 3627 2518 --

2038 2558 2169 2624 Sed,
2187 2574 2220 2613 o
2240 2575 2358 2626 vos,
2381 2563 2655 2630 quomodo
2674 2562 2741 2617 ad
2769 2565 3060 2621 utilitatem
3082 2576 3324 2622 vestrum
3367 2570 3627 2639 placitum

2038 2649 2338 2719 profertis?
2363 2650 2497 2705 Nam
2530 2652 2818 2723 piscesque
2842 2664 2898 2710 et
2925 2656 3033 2710 alia
3059 2658 3337 2722 animalia,
3362 2660 3627 2726 volatilia,

2044 2748 2102 2792 et
2127 2739 2366 2808 replilia,
2399 2741 2645 2809 quautam
2677 2742 2978 2812 gignuntur
3002 2761 3066 2800 ex
3094 2760 3284 2803 mutuo
3314 2752 3498 2818 coitu;
3532 2751 3627 2807 sed

2038 2839 2167 2884 sunt
2197 2830 2405 2899 pariter
2429 2846 2552 2900 qua:
2585 2842 2779 2901 sponte
2810 2849 2877 2888 ex
2900 2837 3080 2905 aquis,
3115 2850 3169 2894 et
3197 2855 3261 2894 ex
3286 2849 3453 2909 terra,
3482 2852 3538 2897 et
3563 2858 3630 2897 ex

2038 2936 2166 2976 aere
2196 2922 2532 2992 gignuntur;
2592 2933 2647 2978 et
2681 2933 2859 2980 tamen
2894 2928 3094 2983 similia
3130 2941 3260 2985 sunt
3288 2932 3467 3001 quoad
3496 2935 3629 2988 sub-

2040 3014 2320 3077 stantiam,
2352 3015 2480 3069 licct
2505 3025 2699 3071 natura
2728 3018 2985 3073 dill‘erant
3005 3021 3452 3090 gignentes."Non
3481 3027 3627 3081 enim

2040 3105 2172 3176 quid
2223 3106 2369 3161 idem
2411 3115 2495 3162 est
2544 3108 2854 3165 substantia
2892 3112 3179 3179 animalis,
3225 3126 3281 3169 et
3323 3118 3630 3175 substantia

2040 3211 2197 3269 aqua:
2224 3207 2281 3254 et
2305 3205 2486 3254 terrze.
2526 3200 2701 3255 Piscis
2723 3210 2904 3256 autem
2937 3202 3079 3258 alius
3108 3218 3176 3259 ex
3201 3220 3365 3276 aqua,
3394 3207 3536 3263 alius
3562 3225 3630 3264 ex

348 3303 444 3355 καὶ
466 3301 631 3372 ἕτερα
664 3297 895 3354 πλεῖστα
923 3299 1168 3354 τοιαῦτα.
1204 3299 1483 3370 Δευτέρως
1504 3298 1560 3351 δὲ
1592 3298 1929 3371 ἀντιστροφῇ

2042 3290 2193 3362 pisce
2220 3299 2537 3363 generatus.
2570 3293 2788 3349 Pariter
2809 3303 2867 3350 et
2894 3295 3013 3351 sine
3052 3286 3366 3353 differentia
3399 3314 3624 3371 serpen-

347 3395 410 3449 τὸ
440 3394 704 3466 ὑμέτερον
737 3393 1120 3466 βασανίσωμεν
1149 3393 1293 3464 θέμα
1317 3407 1332 3423 °
1366 3394 1415 3446 εί
1458 3393 1568 3463 γάρ
1600 3392 1669 3447 τά
1705 3392 1937 3465 διάφορα

346 3490 415 3560 τῇ
448 3488 651 3557 φύσει,
682 3486 916 3557 διάφορα
944 3485 1153 3539 τίκτειν
1187 3485 1426 3555 ἀνάγκη,
1462 3486 1560 3539 καὶ
1593 3485 1661 3539 τά
1711 3485 1939 3555 ἀδιάφο-

352 3596 421 3650 ρα
449 3582 516 3651 τῇ
549 3577 729 3649 φύσει,
759 3577 1033 3648 ἀδιάφορα
1068 3578 1276 3631 τίκτειν
1298 3577 1513 3649 ἀνάγκη
1532 3591 1549 3608 ο
1578 3576 1703 3630 ἐπεὶ
1733 3572 1829 3630 οὖν
1858 3571 1940 3642 εἷς

350 3673 447 3726 καὶ
473 3671 534 3725 οὐ
568 3671 808 3735 πλείους,
858 3670 892 3743 ἢ
921 3668 1173 3740 διάφοροι
1203 3668 1391 3733 ἁπλῶς
1420 3669 1586 3739 ἣλιοι,
1619 3661 1776 3734 οὗτος
1798 3668 1857 3723 δὲ
1886 3668 1946 3721 ὲν

350 3764 473 3834 ἀέρι
504 3763 641 3832 φῶς,
673 3764 729 3817 ὲν
754 3763 908 3817 ῦδατι
937 3762 994 3817 δὲ
1023 3761 1163 3827 ζῶα,
1201 3763 1259 3814 ὲν
1288 3761 1345 3815 δὲ
1371 3763 1443 3833 γῇ
1469 3761 1607 3824 πόας
1625 3761 1721 3815 καὶ
1738 3760 1949 3825 ταύτας

349 3854 639 3927 διαφόρους
650 3850 961 3919 τίκτει,ἆρα
974 3857 1191 3910 πάντων
1203 3852 1496 3924 ἀδιάφορον
1518 3855 1649 3925 ἡμῖν
1664 3852 1948 3925 νομιστέον

350 3946 450 4018 τὴν
479 3947 707 4011 οὐσίανς
751 3947 865 3999 ἀλλ’
887 3945 1064 4009 οὐδεὶς
1103 3946 1233 4016 ὐμϊν
1257 3945 1385 3997 τάδε
1421 3944 1855 4014 συμφθέγξεται.

2045 3393 2131 3440 tes
2179 3393 2236 3441 et
2285 3384 2393 3441 alia
2443 3385 2615 3441 multa
2659 3386 2880 3442 similia.
2927 3386 3187 3443 Secundo
3236 3402 3423 3448 autem
3457 3404 3633 3449 retor-

2046 3478 2268 3550 quendo
2332 3479 2686 3549 experiamur
2744 3488 2986 3535 vestram
3052 3483 3507 3552 propositionem.
3574 3484 3630 3542 Si

2046 3575 2194 3629 enim
2222 3589 2345 3645 quae
2368 3572 2635 3630 diﬂ'erunt
2662 3581 2862 3629 natura
2897 3576 3214 3631 necessario
3254 3577 3487 3649 gignunt
3513 3578 3633 3635 dis-

2048 3661 2271 3728 similia,
2308 3678 2339 3717 a
2386 3663 2501 3733 pari
2537 3677 2660 3732 quae
2703 3677 2817 3718 non
2864 3663 3131 3722 differunt
3168 3676 3365 3723 natura
3408 3684 3633 3727 necesse

2048 3763 2135 3809 est
2171 3769 2274 3810 nec
2303 3755 2594 3811 dissimilia
2628 3756 2877 3828 gignere.
2918 3757 3093 3829 Igitur
3125 3774 3251 3815 cum
3278 3777 3425 3817 unus
3453 3763 3525 3818 sit
3549 3765 3630 3819 sol

2047 3858 2105 3903 et
2132 3862 2244 3902 non
2290 3848 2481 3919 plures
2522 3849 2639 3905 sive
2683 3848 3008 3907 dill‘erentes
3050 3853 3215 3919 soles,
3252 3854 3300 3910 is
3339 3865 3523 3911 autem
3572 3858 3630 3912 in

2051 3956 2180 3995 aere
2229 3941 2437 4009 lumen,
2494 3941 2552 3996 in
2607 3957 2749 4013 aqua
2802 3942 3083 4012 animalia,
3136 3945 3193 4001 in
3238 3956 3387 4003 terra
3414 3949 3629 4019 plantas

348 4053 558 4107 easque
612 4036 932 4091 dill‘erentcs
974 4037 1191 4107 gignat,
1261 4035 1427 4107 igitur
1476 4036 1725 4091 omnium
1771 4033 1935 4089 nobis
1971 4031 2312 4089 censendum
2344 4038 2431 4088 est
2496 4049 2607 4089 non
2673 4033 3020 4092 diﬂ'ereutem
3062 4054 3184 4095 esse
3236 4043 3630 4100 substantiam.

350 4132 421 4187 At
440 4146 603 4186 nemo
636 4130 791 4185 vobis
813 4130 880 4184 de
910 4128 997 4184 his
1029 4130 1357 4184 consentiet.

424 4228 570 4299 Πλὴν
598 4226 740 4280 έστω
784 4226 878 4279 καὶ
917 4225 1043 4279 τάδε
1081 4225 1212 4296 ὑμῖν
1241 4223 1714 4295 συγκεχωρημένα
1735 4238 1752 4255 ⁶
1778 4221 1939 4277 τοῦτο

2110 4220 2216 4275 Sed
2258 4230 2379 4277 esto
2422 4223 2589 4279 etiam
2620 4225 2778 4282 vobis
2832 4226 2948 4284 hzec
2988 4233 3241 4289 concedi.
3286 4236 3404 4291 lloc
3438 4249 3627 4295 autem

350 4320 408 4374 δὲ
433 4321 583 4389 ὅμως
618 4317 854 4383 δείξατε,
879 4317 956 4380 ὡς
981 4316 1243 4381 πολλάκις
1274 4317 1515 4389 εἴρηται,
1554 4315 1606 4369 τί
1639 4315 1699 4369 τὸ
1727 4313 1935 4368 κωλύον

2040 4319 2222 4365 tamen
2243 4312 2541 4379 ostendite,
2566 4316 2710 4369 sicut
2735 4318 3036 4388 smpissime
3062 4322 3274 4379 dictum
3299 4336 3404 4391 est,
3426 4344 3627 4401 nempe

356 4414 432 4483 μὴ
463 4408 604 4465 εἶναι
631 4411 724 4465 τὸν
758 4410 920 4465 αὐτὸν
969 4411 1252 4483 ἑκατέρων
1277 4412 1414 4463 υίόν’
1446 4408 1543 4463 καὶ
1563 4409 1612 4461 εί
1640 4408 1710 4461 τὰ
1729 4409 1935 4463 τίκτον-

2040 4403 2169 4474 quid
2222 4403 2487 4474 impediat
2519 4408 2653 4477 quin
2691 4408 2836 4466 idem
2867 4412 2940 4467 sit
2970 4413 3206 4471 duorum
3234 4417 3380 4474 ﬁlius
3410 4439 3425 4476 :
3461 4432 3538 4487 et,
3579 4426 3624 4480 si

351 4523 420 4558 τα
462 4505 583 4559 κατ’
643 4504 831 4557 οὐσίαν
885 4503 1280 4577 παραλλάττει,
1330 4504 1424 4558 τὸν
1483 4503 1607 4557 καθ’
1671 4502 1935 4573 ἑκατέραν

2040 4494 2317 4565 gignentia
2346 4496 2613 4553 ditl'erunt
2642 4501 2821 4569 quoad
2867 4503 3258 4573 substantiam,
3291 4511 3510 4579 genitus
3535 4530 3625 4569 se-

350 4598 607 4666 γέννησιν
641 4596 700 4661 ἐξ
725 4597 921 4667 ἑτέρας
949 4597 1142 4660 οὐσίας
1194 4596 1541 4667 τικτόμενον,
1565 4594 1618 4648 τί
1654 4594 1935 4666 έμποδίσει

2040 4587 2281 4640 cundum
2329 4598 2622 4659 utrumque
2676 4595 3088 4661 generationem
3119 4614 3187 4653 ex
3220 4616 3330 4655 una
3364 4602 3625 4660 substan-

350 4686 427 4748 ὼς
455 4684 514 4749 ἐξ
544 4685 738 4755 ἐτέρας
796 4684 987 4749 οὐσίας
1048 4686 1442 4757 προτεχθέντα,
1478 4687 1535 4738 ὲν
1581 4686 1648 4755 τῇ
1704 4684 1933 4755 δευτέρᾳ

2041 4680 2133 4745 tia,
2167 4680 2300 4751 quid
2347 4682 2612 4753 impediet
2659 4686 2816 4754 quin,
2855 4697 3119 4758 taanam
3168 4710 3235 4748 ex
3281 4696 3451 4751 altera
3495 4706 3624 4753 ante

342 4777 602 4846 γεννήσει
654 4776 909 4847 διάφορον
955 4772 1096 4829 εἶναι
1132 4775 1271 4847 πρὸς
1308 4776 1436 4839 τούς
1486 4766 1750 4838 τεκόντας
1792 4776 1936 4828 κατά

348 4868 446 4941 τὴν
476 4866 702 4940 πρώτην
728 4866 1004 4937 γέννησιν,
1030 4869 1124 4921 καὶ
1151 4872 1214 4920 ἐκ
1241 4866 1337 4921 τοῦ
1361 4868 1482 4920 ὅλου
1514 4864 1711 4920 ἑαυτοῦ
1744 4866 1930 4935 διαφό-

351 4979 477 5033 ρους
507 4960 654 5031 έχειν
705 4960 900 5028 λόγους
947 4961 1086 5032 πρὸς
1131 4961 1394 5031 ἑκάτερον
1418 4960 1529 5013 τῶν
1558 4959 1862 5021 τεκόντων;
1900 4958 1933 5028 ἢ

348 5054 423 5116 ὡς
457 5052 532 5124 μὴ
563 5050 886 5121 σωζομένης
915 5050 1017 5121 τῆς
1071 5051 1296 5123 πρώτης
1356 5052 1547 5114 οὐσίας
1586 5051 1679 5104 ἐπὶ
1708 5053 1774 5122 τῇ
1808 5050 1934 5104 δευ-

348 5143 485 5215 τέρα
511 5145 788 5215 γεννήσει,
823 5142 855 5215 ἢ
897 5142 974 5208 ὼς
1016 5143 1090 5214 μὴ
1123 5142 1510 5214 ἐπιγινομένου
1557 5142 1701 5205 τινὸς
1728 5158 1934 5214 προγε-

350 5235 658 5307 γεννημένῃ
684 5236 981 5290 ὑποστάσει
1005 5251 1020 5266 ο
1053 5234 1199 5288 οὕτω
1224 5235 1333 5307 γάρ
1356 5235 1422 5289 ἂν
1442 5233 1619 5297 οὐδεὶς
1646 5234 1757 5289 τῶν
1791 5235 1935 5287 κατὰ

351 5325 570 5397 πνεῦμα
592 5329 1033 5399 γεγεννημένων.
1080 5327 1267 5399 ἔμεινε
1322 5327 1461 5399 σὰρξ
1488 5326 1762 5394 ὁπωσοῦν,
1806 5326 1932 5381 ἐπεὶ

355 5440 374 5472 ι
412 5421 487 5473 Τὸ
515 5422 914 5491 γεγεννημένον
954 5421 1019 5475 ἑκ
1046 5421 1147 5491 τῆς
1199 5421 1430 5492 σαρκὸς,
1461 5420 1597 5494 σάρξ
1624 5422 1761 5486 ἐστι,
1793 5418 1855 5473 τδ
1878 5418 1937 5473 δὲ

349 5510 750 5581 γεγεννημένον
791 5511 856 5565 ὲκ
885 5513 981 5566 τοῦ
1018 5512 1332 5583 πνεύματος
1364 5510 1585 5583 πνεῦμά
1609 5513 1779 5564 ὲστιν.
1810 5530 1828 5564 ι
1872 5511 1936 5564 Et

347 5605 406 5659 δὲ
436 5604 535 5676 τὴν
568 5604 860 5674 ἐπίκτησιν
910 5605 1019 5659 τῶν
1068 5608 1133 5659 ὲκ
1181 5607 1280 5677 τῆς
1311 5605 1575 5677 δευτέρας
1615 5605 1928 5676 γεννήσεως

348 5693 806 5767 προσληφθέντων
831 5693 910 5765 τῷ
928 5695 1087 5767 Λόγῳ
1114 5695 1212 5769 τὴν
1236 5695 1427 5769 πρώην
1454 5696 1732 5766 ἁπλότητα
1762 5693 1928 5749 αὐτοῦ

346 5787 407 5841 οὐ
440 5789 744 5860 συγχωρεῖν
814 5786 1150 5861 καθορᾶσθαι
1196 5791 1472 5862 νομίζετε,
1539 5789 1804 5847 σκεπτέον
1851 5790 1929 5855 ὡς

418 5949 448 5981 ν
486 5942 643 5998 Joan.
686 5958 766 6005 ιιι,
799 5942 849 5997 6.

603 6034 877 6096 Ριτιιοι..
917 6037 1034 6097 Gtt.
1100 6036 1429 6097 LXXXVI.

2034 4775 2277 4846 genitus,
2308 4774 2365 4829 in
2400 4777 2640 4831 secunda
2670 4783 3027 4850 generatione
3053 4784 3277 4843 ditl‘erat
3301 4791 3527 4847 relative
3553 4795 3623 4848 ad

2033 4884 2131 4924 eos
2182 4870 2275 4940 qui
2324 4881 2632 4942 genuerant
2675 4874 2980 4929 secundum
3024 4879 3256 4947 primam
3307 4887 3623 4952 generatio-

2034 4975 2182 5024 nem,
2212 4970 2267 5015 et
2298 4961 2353 5015 in
2383 4971 2499 5015 toto
2529 4976 2629 5016 suo
2657 4977 2779 5018 esse
2808 4964 3130 5023 diﬂ‘erentes
3157 4971 3357 5025 habeat
3382 4958 3625 5030 rationes

2037 5060 2266 5115 relative
2313 5060 2381 5115 ad
2432 5070 2730 5133 utrumque
2769 5063 3138 5134 gignentium,
3191 5065 3305 5119 sive
3363 5073 3625 5135 tanquam

2043 5168 2153 5206 non
2206 5162 2422 5207 servata
2466 5152 2642 5224 prima
2690 5155 2995 5210 substantia
3026 5156 3083 5209 in
3113 5156 3357 5211 secunda
3389 5173 3625 5229 genera-

2040 5240 2215 5304 tione,
2261 5241 2377 5295 sive
2434 5252 2695 5312 tanquam
2738 5260 2847 5299 non
2894 5244 3251 5315 superaddita
3300 5248 3483 5317 aliqua
3520 5249 3624 5322 by-

2038 5330 2243 5400 postasi
2286 5340 2413 5387 ante
2452 5335 2668 5404 genitae.
2729 5336 2808 5390 lta
2851 5337 2997 5390 enim
3026 5338 3241 5393 nullum
3270 5354 3461 5395 eorum
3501 5358 3625 5412 qua:

2037 5422 2340 5478 secundum
2364 5424 2620 5494 spiritum
2649 5428 2833 5496 genita
2862 5438 2993 5483 sunt
3022 5430 3287 5487 remansit
3316 5433 3430 5487 ullo
3458 5435 3623 5489 modo

2038 5530 2201 5581 caro;
2242 5516 2368 5586 quia
2405 5535 2423 5567 ι
2454 5515 2611 5583 Quod
2644 5530 2833 5573 natum
2883 5529 2967 5577 est
2997 5538 3065 5576 ex
3115 5539 3301 5589 carne,
3335 5540 3465 5579 caro
3495 5534 3620 5591 est;

2036 5608 2185 5678 quod
2209 5619 2394 5664 autem
2437 5619 2627 5663 natum
2673 5621 2760 5667 est
2789 5627 2856 5667 ex
2881 5613 3102 5683 spiritu,
3145 5617 3374 5686 spiritus
3408 5628 3493 5674 est
3516 5629 3564 5673 '.
3596 5639 3616 5673 ι

2038 5698 2095 5754 Si
2123 5709 2305 5754 autem
2330 5699 2703 5756 accessionem
2726 5718 2917 5757 eorum
2940 5720 3061 5775 qum
3082 5721 3110 5759 a
3139 5706 3317 5761 Verbo
3345 5719 3626 5779 assumpta

2036 5798 2165 5848 sunt
2192 5790 2432 5863 priorem
2462 5791 2583 5865 ejus
2623 5792 3030 5867 simplicitatem
3062 5814 3173 5883 non
3223 5798 3406 5855 sinere
3437 5800 3625 5856 videre

3198 6048 3275 6107 53
