4006 6540
440 437 580 504 1675

1698 439 2010 503 LEONTII
2055 439 2465 500 BYZANTINI

3582 445 3726 514 16⁸16

429 540 694 622 censetis,
724 554 1122 612 attendendum
1155 564 1240 612 est
1259 565 1320 611 ut
1338 553 1484 610 hanc
1503 552 1878 611 diﬂ‘erentiam
1905 553 2030 608 sub-

2141 551 2233 623 τὴν
2262 550 2624 622 παραλλαγήν
2678 551 2838 622 τήνδε
2890 553 2990 626 τῆς
3043 554 3234 618 οὐσίας
3271 558 3372 611 οὐκ
3428 560 3582 626 ἐντὸς
3617 562 3727 634 τῆς

430 654 648 709 stantiae
666 670 775 708 non
795 654 938 710 intra
957 652 1236 725 physicam
1251 651 1424 724 ipsam
1443 650 1851 722 simplicitatem
1869 647 2030 704 Verbi

431 740 816 801 consideretis.
835 741 931 797 sed
947 751 1128 807 extra,
1141 756 1342 812 nempe
1357 741 1411 796 in
1435 739 1740 810 composito
1752 752 2030 810 personae:

432 830 508 886 ita
531 831 704 902 utqui
737 833 872 888 velit
900 833 1255 889 considerare
1281 843 1554 889 servatam
1576 833 1770 904 prima:
1797 846 2033 903 genera-

432 923 601 979 tionis
630 924 1055 981 similitudinem
1087 926 1413 982 substantia:
1441 926 1671 982 relative
1697 925 1768 980 ad
1797 923 2033 995 gignen-

436 1022 570 1076 tem,
593 1014 748 1084 quasi
773 1015 827 1069 in
854 1025 1010 1086 parte
1039 1014 1208 1070 totius
1223 1031 1290 1070 ex
1312 1014 1552 1070 secunda
1575 1014 1929 1086 generatione
1951 1011 2035 1067 vi-

431 1104 560 1162 deat
586 1115 826 1178 oportet.
859 1108 928 1164 Et
956 1110 1079 1164 vice
1122 1123 1282 1164 versa
1318 1107 1602 1181 adiunctio
1641 1105 1810 1162 Verbi
1841 1119 1910 1160 ex
1941 1120 2032 1161 se-

433 1197 617 1252 cunda
648 1198 1011 1270 generatione
1043 1198 1446 1255 consideranda
1467 1207 1553 1254 est
1582 1196 1640 1252 in
1663 1194 2032 1251 similitudine

432 1290 676 1362 Virginis
697 1291 890 1345 matris
915 1291 1054 1361 ejus,
1089 1290 1401 1346 diﬂerentia
1428 1276 1664 1344 duarum
1690 1287 2029 1343 substantia-

451 1397 573 1435 rum
601 1381 888 1452 compositi
917 1381 1158 1436 habente
1199 1381 1388 1436 ambas
1418 1378 1812 1435 similitudines
1845 1375 2029 1448 quoad

441 1471 832 1528 substantiam.
869 1471 937 1527 Et
963 1471 1042 1526 sic
1072 1487 1256 1541 neque
1280 1471 1570 1541 quisquam
1600 1469 1844 1525 Verbum
1871 1481 2028 1522 suam

439 1564 807 1619 substantiam
844 1563 1146 1619 mutavisse
1193 1562 1416 1627 dixerit,
1445 1577 1623 1633 neque
1649 1560 2020 1630 compositum

434 1651 729 1708 Dominum
773 1661 1026 1707 nostrum
1067 1653 1254 1708 Iesum
1293 1649 1575 1706 Christum
1615 1647 1824 1719 aliquid
1854 1646 2022 1702 dill'e-

435 1746 632 1801 rentiae
661 1744 1033 1816 genitivarum
1065 1753 1391 1798 naturarum
1441 1741 1732 1812 reliquisse
1771 1739 2029 1796 credide-

2134 647 2374 718 φυσικῆς
2415 645 2588 716 αὐτῆς
2648 645 2954 718 ἁπλότητος
2999 647 3099 702 τοῦ
3153 649 3355 718 Λόγου,
3408 651 3526 706 ἀλλ’
3563 655 3728 720 ὲκτὸς

2135 739 2418 810 θεωρεῖτε,
2463 741 2636 812 ήγουν
2671 741 2731 793 ὲν
2772 737 2851 811 τῷ
2896 740 3143 812 συνθέτῳ
3167 742 3270 813 τῆς
3317 743 3675 810 ὑποστάσεως
3706 763 3724 779 ’

2133 831 2276 886 ὥστε
2330 832 2424 887 τὸν
2469 831 2824 902 βουλόμενον,
2873 833 2937 886 τὸ
2982 833 3086 902 τῆς
3134 833 3363 907 πρώτης
3410 840 3727 908 γεννήσεως

2133 923 2431 996 ἀδιάφορον
2481 926 2548 994 τῇ
2605 923 2766 996 οὐσίᾳ
2825 924 2963 996 πρὸς
3009 923 3103 978 τὸν
3154 925 3388 980 τεκόντα
3447 927 3730 997 φυλαχθὲν

2135 1012 2385 1085 θεωρεῖν,
2413 1011 2491 1076 ώς
2515 1011 2573 1066 ὲν
2605 1012 2767 1083 μέρει
2787 1011 2845 1065 δὲ
2869 1019 2963 1066 τοῦ
2995 1013 3098 1083 τῆς
3124 1013 3388 1085 δευτέρας
3414 1019 3730 1086 γεννήσεως

2133 1105 2257 1159 ὅλου
2289 1105 2372 1160 δεῖ
2399 1107 2533 1178 ὁρᾷν
2564 1121 2578 1137 ·
2603 1107 2699 1160 καὶ
2729 1106 2895 1160 πάλιν
2911 1106 2975 1160 τὸ
2993 1107 3094 1178 τῆς
3118 1107 3381 1171 δευτέρας
3405 1110 3729 1179 γεννήσεως

2135 1197 2480 1270 πρόσλημμα
2538 1196 2636 1251 τοῦ
2697 1199 2896 1268 Λόγου,
2956 1199 3143 1268 σαφῶς
3211 1199 3292 1254 δεῖ
3356 1204 3498 1255 νοεῖν
3552 1203 3612 1256 ὲν
3658 1204 3731 1273 τῇ

2132 1290 2392 1362 ὁμοιώσει
2414 1291 2515 1361 τῆς
2560 1290 2842 1362 Παρθένου
2880 1291 3088 1363 μητρὸς
3131 1292 3298 1347 αὐτοῦ
3321 1292 3424 1362 τῆς
3454 1295 3732 1364 διαφορᾶς

2132 1385 2244 1439 τῶν
2272 1383 2366 1438 δύο
2382 1383 2581 1439 οὐσιῶν
2609 1384 2702 1439 τοῦ
2728 1384 2987 1438 συνθέτου
3009 1385 3177 1456 ἄμφω
3206 1384 3438 1458 ἐχούσης
3466 1389 3569 1450 τάς
3600 1387 3730 1440 κατ’

2132 1477 2322 1530 οὐσίαν
2344 1476 2672 1548 ὁμοιότητας
2691 1493 2706 1508 ο
2736 1478 2833 1531 καὶ
2865 1476 3041 1540 οὕτως
3058 1477 3237 1543 οὐδεὶς
3269 1477 3395 1532 οὐτε
3429 1479 3522 1532 τὸν
3551 1482 3732 1547 Λόγον

2131 1569 2231 1641 τῆς
2282 1569 2479 1624 ἑαυτοῦ
2527 1570 2720 1634 οὐσίας
2759 1570 3167 1642 παραλλάττειν
3216 1573 3444 1642 φήσειεν
3470 1572 3565 1634 ἂν,
3603 1563 3730 1627 οὐδὲ

2131 1662 2224 1716 τὸν
2254 1661 2510 1718 σύνθετον
2543 1663 2639 1718 καὶ
2669 1662 2878 1735 Κύριον
2915 1664 3078 1735 ήμῶν
3113 1663 3326 1734 Ἰησοῦν
3354 1664 3602 1733 Χριστὸν
3623 1667 3732 1736 τῆς

2131 1754 2398 1827 διαφορᾶς
2424 1757 2534 1812 τῶν
2575 1758 2812 1827 γονικῶν
2833 1757 3000 1813 αὐτοῦ
3034 1756 3252 1828 φύσεών
3281 1776 3338 1812 τι
3389 1759 3733 1829 παραλελοι-

437 1841 529 1892 rit.
564 1838 683 1893 Non
716 1837 886 1903 enim,
941 1835 1085 1891 sicut
1109 1850 1208 1890 vos
1251 1833 1567 1905 disponitis,
1606 1831 1936 1903 simpliciter
1967 1837 2025 1886 et

2141 1847 2630 1918 πέναινομίσειεν⁶
2681 1849 2744 1904 οὐ
2787 1850 2897 1924 γὰρ
2929 1849 3008 1914 ὡς
3047 1851 3493 1916 κατασκευάζετε
3530 1851 3733 1916 ἁπλῶς

436 1946 652 1988 merum
702 1929 944 1986 Verbum
993 1927 1239 1999 genitum
1273 1927 1443 1983 fuisse
1478 1927 1548 1983 ab
1593 1925 1867 1983 ambobus
1913 1924 2032 1980 suis

2141 1941 2234 1996 καὶ
2262 1942 2472 2014 γυμνὸν
2518 1943 2610 1998 τὸν
2675 1945 2849 2015 Λόγον
2903 1945 3073 2015 ἄμφω
3113 1945 3300 1998 τεκεῖν
3358 1960 3548 2015 φαμεν
3600 1944 3734 2008 τοὺς

439 2021 862 2096 generatoribus
911 2021 1182 2088 dicimus;
1213 2019 1309 2077 sed
1349 2021 1568 2077 Patrem
1607 2018 1863 2092 genuisse
1890 2018 2028 2073 sim-

437 2115 661 2186 pliciter
705 2114 975 2180 Verbum,
1033 2121 1092 2168 et
1137 2113 1367 2169 Matrem
1413 2112 1558 2168 idem
1609 2128 1736 2168 cum
1779 2124 1946 2168 carne
1973 2109 2030 2164 in

437 2205 662 2264 Christo
689 2205 995 2278 composito
1021 2205 1279 2277 genuisse
1308 2205 1600 2260 sentimus.

1071 2317 1227 2374 CAP.
1269 2316 1410 2373 XIII.

512 2414 568 2471 Si
609 2413 834 2484 proprie
861 2420 918 2468 et
948 2410 1255 2468 secundum
1282 2410 1572 2465 veritatem
1595 2406 1778 2480 genita
1801 2414 1886 2462 est
1908 2405 2036 2462 sub-

441 2507 642 2565 stantia
684 2507 781 2562 Dei
826 2504 994 2562 Verbi
1025 2519 1094 2558 ex
1135 2503 1448 2558 substantia
1491 2501 1691 2565 Patris,
1725 2509 1783 2556 et
1811 2507 1897 2554 est
1927 2497 2032 2570 ipsi

441 2599 956 2666 consubstantialis,
993 2596 1222 2653 omnino
1250 2594 1558 2651 secundum
1591 2591 1954 2649 substantiam
1978 2599 2035 2646 et

443 2693 666 2766 proprie
695 2699 752 2748 et
790 2689 1096 2746 secundum
1135 2689 1426 2744 veritatem
1457 2685 1641 2758 genita
1693 2693 1780 2742 est
1807 2700 1874 2740 ex
1906 2699 2032 2740 mu-

443 2784 581 2840 liere
615 2781 922 2841 substantia
948 2779 1112 2836 Verbi
1136 2777 1257 2844 Dei,
1285 2786 1343 2832 et
1372 2787 1458 2832 est
1482 2775 1587 2830 sibi
1616 2774 1720 2846 ipsi
1749 2771 2036 2828 dissimilis

443 2877 672 2932 omnino
722 2873 1030 2932 secundum
1065 2871 1457 2927 substantiam.
1508 2867 1588 2922 Ex
1631 2881 1700 2923 eo
1726 2865 1872 2936 quod
1904 2879 2035 2935 pro-

441 2969 564 3041 prie
587 2978 645 3025 et
677 2964 984 3023 secundum
1029 2961 1319 3018 veritatem
1347 2967 1475 3015 nata
1504 2957 1580 3014 sit
1625 2955 1942 3012 substantia
1967 2969 2036 3009 ex

450 3059 788 3124 substantia,
819 3073 930 3113 non
970 3055 1096 3112 ideo
1124 3055 1186 3110 tit
1212 3064 1273 3108 ut
1303 3051 1531 3108 omnino
1561 3049 1761 3106 similia
1801 3047 1914 3103 sint
1943 3062 2038 3116 ge-

443 3155 560 3210 nita
586 3150 944 3224 gignentibus
970 3147 1154 3221 quoad
1188 3146 1574 3209 substantiam,
1600 3141 1695 3198 sed
1732 3139 1883 3196 aliud
1904 3137 2036 3209 qu‘id

2132 2035 2471 2108 γεννήτορας
2499 2034 2705 2090 αὐτοῦ’
2747 2035 2887 2091 ἀλλὰ
2924 2035 3016 2090 τὸν
3076 2034 3178 2106 μὲν
3235 2033 3483 2106 Πατέρα,
3538 2033 3736 2098 ἁπλῶς

2132 2128 2226 2180 καὶ
2254 2127 2462 2182 ἁπλοῦν
2485 2143 2498 2158 ’
2531 2128 2632 2201 τὴν
2664 2129 2721 2184 δὲ
2774 2129 3029 2202 Μητέρα,
3065 2127 3207 2200 μετὰ
3235 2127 3442 2201 σαρκὸς
3468 2128 3738 2184 σύνθετον

2131 2219 2222 2272 τὸν
2249 2219 2412 2274 αὐτὸν
2442 2224 2625 2275 τεκεῖν
2658 2223 2718 2276 ὲν
2736 2221 2961 2294 Χριστῴ
2988 2219 3238 2292 νοοῦμεν.

2725 2329 2974 2385 ΚΕΦΑΛ.
3019 2328 3120 2382 II".

2206 2418 2268 2472 El
2301 2417 2504 2486 κυρίως
2553 2417 2648 2472 καὶ
2689 2417 2834 2472 κατὰ
2874 2415 3138 2487 ἀλήθειαν
3181 2415 3449 2490 ἐγεννήθη
3486 2418 3525 2490 ἡ
3560 2414 3733 2470 οὐσία

2133 2511 2228 2566 τοῦ
2256 2511 2394 2566 Θεοῦ
2424 2511 2600 2582 Λόγου
2631 2511 2697 2566 ἐκ
2717 2511 2820 2582 τῆς
2839 2510 3028 2574 οὐσίας
3057 2507 3154 2563 τοῦ
3185 2510 3419 2580 Πατρὸς,
3447 2509 3549 2565 καὶ
3578 2510 3738 2565 ἔστιν

2135 2605 2422 2674 ὁμοούσιος
2453 2603 2627 2675 αὐτῷ,
2661 2603 2842 2676 πάντη
2871 2603 3062 2658 οὐσίαν
3099 2605 3196 2656 καὶ
3224 2603 3432 2675 κυρίως
3457 2601 3561 2658 καὶ
3586 2603 3738 2657 κατὰ

2135 2695 2398 2766 ἀλήθειαν
2452 2696 2718 2767 ἐγεννήθη
2759 2697 2824 2750 ὲκ
2860 2695 3122 2764 γυναικὸς
3151 2698 3186 2766 ὴ
3231 2694 3391 2750 οὐσία
3433 2695 3534 2749 τοῦ
3590 2693 3734 2748 Θεοῦ

2136 2784 2314 2852 Λόγου
2339 2802 2354 2816 υ
2388 2785 2482 2838 καὶ
2506 2784 2654 2838 ἐστιν
2674 2784 2928 2854 ἀνόμοιος
2951 2783 3093 2856 αὐτη
3129 2786 3306 2856 πάντη
3337 2783 3465 2840 κατ’
3492 2785 3692 2840 οὐσίαν
3715 2801 3732 2816 ·

2135 2875 2198 2928 οὐ
2231 2873 2291 2928 τὸ
2319 2875 2526 2946 κυρίως
2559 2875 2653 2929 καὶ
2683 2875 2826 2931 κατὰ
2854 2875 3112 2948 ἀλήθειαν
3129 2876 3459 2948 γεννηθῆναι
3493 2877 3600 2950 τὴν
3633 2877 3734 2931 οὐ·

2139 2967 2262 3022 σίαν
2289 2969 2355 3022 ὲκ
2378 2967 2481 3038 τῆς
2507 2967 2694 3033 οὐσίας
2723 2967 2863 3035 ἐστὶ,
2882 2967 2944 3022 τὸ
2972 2967 3164 3023 ποιοῦν
3189 2969 3371 3040 πάντη
3401 2970 3574 3042 ὅμοια
3606 2970 3735 3025 κατ’

2139 3059 2334 3114 οὐσίαν
2367 3061 2436 3116 τά
2459 3061 2759 3132 τικτόμενα
2789 3062 2904 3126 τοῖς
2927 3061 3230 3129 τίκτουσιν,
3259 3061 3397 3117 ἀλλά
3427 3079 3481 3117 τι
3509 3062 3734 3134 ἕτερον,

2139 3154 2279 3226 ὅπερ
2305 3154 2429 3209 οὐδὲ
2461 3157 2750 3227 ἐπινοῆσαι
2779 3155 3030 3212 δυνατόν.
3072 3156 3295 3227 Κυρίως
3324 3155 3428 3227 μὲν
3448 3157 3549 3210 καὶ
3583 3158 3735 3212 κατὰ

447 3247 597 3320 quod
625 3260 730 3301 nec
754 3242 973 3314 concipi
1002 3248 1204 3312 potest.
1249 3237 1477 3309 Proprie
1498 3235 1723 3307 quidem
1747 3241 1803 3288 et
1834 3245 2029 3287 secun-

2141 3247 2402 3316 ἀλήθειαν
2429 3247 2464 3320 ἠ
2489 3247 2650 3303 οὐσία
2690 3246 2786 3302 τοῦ
2820 3247 2957 3303 Θεοῦ
2995 3248 3170 3318 Λόγου
3215 3248 3282 3302 ἐκ
3312 3266 3374 3302 τε
3400 3249 3503 3319 τῆς
3532 3249 3732 3311 οὐσίας

447 3341 583 3396 dum
603 3336 894 3394 veritatem
938 3330 1248 3390 substantia
1276 3329 1373 3385 Dei
1415 3326 1607 3394 Verbi,
1659 3337 1773 3380 tum
1800 3339 1865 3378 ex
1904 3322 2033 3378 sub-

447 3431 653 3489 stantia
695 3427 896 3492 Patris,
932 3436 1048 3482 tum
1083 3441 1151 3480 ex
1193 3421 1505 3480 substantia
1545 3429 1749 3476 sanctae
1789 3414 2033 3488 Virginis

449 3524 631 3596 genita
653 3530 760 3589 est,
791 3519 886 3577 sed
916 3533 1026 3574 non
1065 3516 1232 3572 simili
1257 3513 1629 3587 generatione,
1661 3525 1764 3565 nec
1793 3508 1937 3564 idem
1965 3523 2032 3562 ex

452 3630 689 3688 utroque
737 3612 1060 3686 accipiendo
1088 3619 1143 3668 et
1169 3607 1524 3689 possidendo.
1571 3607 1652 3663 Ex
1681 3603 1856 3676 prima
1881 3601 2033 3657 enim

449 3713 570 3783 ejus
613 3725 682 3764 ex
710 3709 868 3764 Patre
893 3706 1251 3777 generatione
1288 3701 1455 3756 habet
1483 3713 1645 3754 suum
1676 3712 1820 3762 esse,
1851 3695 2032 3750 solum

449 3821 520 3863 ex
569 3805 706 3869 sola,
747 3810 932 3868 totum
979 3814 1046 3854 ex
1098 3807 1231 3863 tota,
1283 3795 1528 3864 illudque
1570 3791 1690 3847 sine
1733 3787 2032 3862 principio,

450 3899 570 3952 sine
595 3907 866 3965 tempore,
909 3890 978 3946 ab
1020 3898 1251 3953 aeterno,
1279 3897 1337 3943 et
1363 3895 1563 3942 «uetera
1594 3898 1718 3954 qua:
1754 3880 1848 3937 Dei
1879 3887 2030 3935 sunt.

452 3993 533 4048 Ex
562 3987 807 4058 secunda
849 3994 1033 4040 autem
1075 3982 1244 4038 habet
1279 3995 1440 4036 suum
1486 3993 1611 4035 esse
1643 3977 1940 4032 carnaliter
1977 3982 2035 4028 et

455 4083 746 4152 mcwpisse
788 4078 1003 4134 ratione
1044 4072 1333 4146 compositi
1370 4072 1426 4127 in
1453 4081 1724 4141 tempore,
1755 4077 1812 4124 et
1837 4074 2034 4123 caatera

455 4185 524 4236 ad
566 4187 812 4234 nostram
857 4171 1298 4230 similitudinem.
1352 4166 1640 4236 Quomodo
1691 4165 1860 4236 igitur
1907 4176 2036 4218 cum

359 4283 374 4311 ’κ
456 4290 567 4328 non
609 4273 665 4326 in
712 4268 858 4324 idem
897 4281 1001 4322 nec
1033 4262 1339 4320 secundum
1365 4259 1622 4316 eumdem
1660 4253 2036 4330 generationis

456 4365 680 4422 modum
711 4361 957 4434 genitum
991 4358 1082 4421 sit,
1119 4354 1338 4412 easdem
1369 4353 1428 4408 in
1471 4368 1540 4408 eo
1588 4349 1840 4422 quaeritis
1876 4356 2036 4402 notas

456 4457 781 4516 alterutrius
825 4452 1059 4524 originis
1101 4448 1169 4505 ad
1217 4445 1590 4504 ostensionem
1621 4457 1808 4499 veram
1840 4440 2036 4512 prima:

455 4554 576 4626 ejus
618 4559 675 4606 et
727 4545 987 4606 secundae
1023 4539 1416 4616 generationis,
1461 4549 1518 4595 et
1558 4537 1614 4592 in
1648 4546 1882 4606 utraque
1912 4549 2035 4589 om-

2138 3341 2234 3396 τοῦ
2265 3339 2483 3414 Πατρδς
2513 3341 2610 3396 καὶ
2635 3342 2702 3396 ὲκ
2723 3341 2824 3412 τῆς
2853 3339 3017 3410 ἁγίας
3048 3339 3326 3412 Παρθένου
3351 3342 3690 3413 γεγέννηται
3714 3357 3730 3372 ο

2139 3429 2257 3484 ἀλλ’
2294 3429 2356 3483 οὐ
2384 3433 2450 3502 τῇ
2475 3430 2640 3503 ὁμοίᾳ
2663 3432 2938 3503 γεννήσει,
2965 3429 3088 3485 οὔτε
3119 3431 3181 3484 τὸ
3223 3431 3357 3486 αὐτὸ
3407 3430 3471 3496 ἐξ
3522 3433 3731 3486 ἑκατέ-

2142 3542 2240 3596 ρου
2304 3522 2545 3579 λαϐοῦσα
2575 3525 2612 3596 ἡ
2670 3523 3010 3596 κεκτημένη.
3045 3524 3144 3580 Ἐκ
3168 3523 3269 3596 μὲν
3326 3525 3440 3596 γὰρ
3483 3525 3588 3597 τῆς
3632 3523 3736 3580 τοῦ

2141 3615 2355 3690 Πατρὸς
2384 3617 2609 3688 πρώτης
2633 3615 2798 3672 αὐτοῦ
2827 3616 3140 3686 γεννήσεως
3187 3617 3350 3687 μόνος
3403 3617 3502 3672 καὶ
3559 3618 3736 3688 μήνης

2140 3711 2238 3766 καὶ
2263 3709 2392 3782 ὅλης
2423 3709 2522 3764 καὶ
2553 3708 2677 3773 ὅλος
2715 3707 2778 3762 τὸ
2807 3703 2953 3762 εἶναι
2990 3707 3104 3778 ἔχει
3129 3723 3146 3738 ο
3179 3707 3436 3780 ἀνάρχως
3469 3724 3532 3761 τε
3565 3709 3736 3762 τοῦτο

2142 3804 2238 3861 καὶ
2262 3803 2507 3876 ἀχρόνως
2536 3802 2634 3857 καὶ
2661 3800 2848 3865 άῖδίως
2878 3800 2974 3854 καὶ
3002 3801 3147 3854 κατὰ
3171 3801 3238 3854 τά
3269 3799 3434 3854 λοιπά
3492 3801 3734 3870 θεοπρεο

2143 3897 2220 3967 πῆ
2242 3911 2257 3925 ⁸
2298 3897 2365 3950 ὲκ
2391 3893 2450 3948 δὲ
2484 3893 2587 3962 τῆς
2612 3892 2898 3964 δευτέρας,
2930 3892 2992 3946 τὸ
3049 3891 3330 3962 σαρκικῶς
3382 3886 3524 3945 εἶναι
3560 3893 3737 3962 ἄρεα-

2144 3983 2270 4038 σθαί
2307 3999 2367 4036 τε
2418 3981 2721 4047 συνθέσεως
2779 3981 2888 4036 ἀπὸ
2942 3983 3160 4052 χρόνου,
3197 3981 3292 4036 καὶ
3325 3981 3395 4036 τά
3439 3982 3607 4035 λοιπά
3633 3983 3735 4053 τῆς

2141 4075 2266 4129 καθ’
2299 4076 2447 4147 ἡμᾶς
2475 4072 2792 4146 ὁμοιώσεως
2825 4087 2842 4104 ο
2868 4073 2987 4136 πῶς
3008 4072 3102 4128 οῦν
3128 4073 3229 4127 οὐκ
3250 4075 3331 4138 είς
3353 4073 3414 4128 τὸ
3439 4073 3577 4128 αὐτὸ
3607 4075 3731 4127 οὐδὲ

2143 4165 2289 4222 κατὰ
2343 4167 2438 4222 τὸν
2477 4167 2644 4221 αὐτὸν
2676 4166 2879 4240 τρόπον
2906 4165 3006 4237 τῆς
3044 4167 3355 4238 γεννήσεως
3385 4165 3730 4235 γενννηθεὶς,

2142 4261 2214 4314 τὰ
2255 4258 2398 4314 αὐτὰ
2433 4259 2567 4331 ὑμῖν
2622 4258 3018 4330 εἰσπράττεται
3067 4257 3449 4331 γνωριστήρια
3499 4257 3731 4329 θατέρου

2141 4355 2304 4409 τόκου
2336 4352 2476 4425 πρὸς
2527 4352 2751 4420 ἔνδειξιν
2790 4351 2970 4424 ἀληθῆ
3013 4351 3114 4422 τῆς
3147 4349 3375 4422 πρώτης
3417 4350 3584 4404 αὐτοῦ
3635 4351 3733 4403 καὶ

2141 4443 2406 4514 δευτέρας
2465 4443 2798 4511 γεννήσεως,
2856 4440 2917 4494 ὲν
2968 4438 3315 4511 ἀμφοτέραις
3371 4455 3434 4491 τε
3507 4440 3732 4502 πάντως

2143 4529 2458 4603 ὁμοίωσινῆ
2515 4528 2880 4599 ἀνομοιότητα
2909 4545 2925 4594 ;
2958 4526 3037 4581 Οὐ
3089 4526 3199 4600 γὰρ
3255 4527 3307 4580 εί
3355 4528 3432 4597 μὴ
3480 4524 3546 4578 τά
3583 4525 3730 4579 αὐτὰ

457 4619 592 4702 nino
618 4639 1079 4700 similitudinem?
1107 4636 1262 4693 Licet
1282 4635 1432 4693 enim
1453 4648 1565 4690 non
1589 4632 1782 4690 eadem
1800 4646 2036 4703 sequan-

2141 4625 2332 4696 ἕψεται
2349 4625 2473 4689 ταῖς
2500 4623 2563 4678 οὐ
2586 4624 2814 4686 ταυταῖς
2841 4622 3068 4694 γεννήσε
3079 4637 3155 4688 σι,
3185 4619 3273 4676 διὰ
3301 4621 3420 4674 τόδε
3446 4619 3570 4674 οὐδὲ
3598 4637 3733 4690 γεν-

455 4747 550 4797 tur
576 4735 966 4810 generationes
986 4747 1098 4788 non
1128 4729 1372 4794 easdem,
1401 4743 1510 4784 non
1542 4726 1670 4782 ideo
1710 4740 1822 4781 non
1852 4733 2042 4780 essent

455 4849 603 4890 vera:
643 4840 700 4887 et
735 4827 962 4902 proprie
1001 4825 1166 4882 dicta:
1206 4821 1610 4895 generationes.
1655 4819 1846 4889 Equus
1892 4817 2040 4873 enim

459 4920 764 4985 terrestris,
814 4917 946 4988 quia
983 4931 1096 4971 non
1148 4923 1235 4970 est
1270 4912 1720 4983 hippopotamus,
1765 4925 1878 4964 non
1918 4908 2044 4964 ideo

458 5032 571 5073 non
603 5024 689 5070 est
717 5026 896 5084 equus
937 5027 952 5064 :
1000 5020 1234 5078 uterque
1263 5006 1414 5062 enim
1443 5012 1528 5060 est
1559 5017 1757 5074 equus.
1782 5001 1899 5057 Nec
1925 5000 2046 5056 ani-

462 5110 571 5166 mal
604 5115 892 5168 terrestre,
924 5100 1052 5174 quia
1079 5115 1190 5156 non
1224 5106 1314 5154 est
1345 5095 1646 5160 marinum,
1683 5094 1807 5150 ideo
1831 5110 1944 5149 non
1961 5100 2048 5150 est

461 5199 688 5257 animal.
733 5196 908 5268 Igitur
938 5191 1164 5264 proprie
1198 5197 1257 5244 et
1294 5185 1604 5244 secundum
1635 5183 1925 5239 veritatem
1955 5198 2048 5254 ge-

460 5294 639 5350 nitum
679 5291 850 5346 fuisse
888 5302 1000 5344 non
1027 5284 1138 5341 erit
1171 5281 1307 5338 satis
1336 5278 1405 5334 ad
1446 5274 1940 5334 demonstrandum
1969 5273 2048 5329 si-

460 5384 830 5442 militudinem
851 5375 1199 5441 substantiae,
1229 5371 1377 5444 quod
1401 5385 1500 5426 vos
1520 5369 1574 5424 in
1608 5367 1876 5424 rationem
1898 5365 2050 5422 simi-

462 5475 718 5534 litudinis
766 5471 1093 5534 induxistis,
1138 5466 1248 5522 nisi
1281 5464 1447 5520 etiam
1487 5460 1793 5518 secundum
1843 5459 2051 5514 hancce

2142 4721 2325 4792 νήσεις
2353 4713 2464 4772 εἷεν
2510 4715 2715 4789 κυρίως
2760 4713 2854 4769 καὶ
2909 4713 3164 4786 ἀληθεῖς·
3209 4713 3272 4768 οὐ
3307 4713 3418 4786 γάρ
3473 4715 3601 4768 ἐπεὶ
3655 4715 3733 4786 μὴ

2144 4811 2413 4883 ποτάμιος
2441 4849 2458 4876 ,
2512 4809 2602 4865 διὰ
2653 4807 2774 4864 τόδε
2832 4807 2956 4862 οὐδὲ
3004 4807 3172 4871 ῖππος
3233 4807 3452 4878 άληθῶς
3517 4809 3547 4860 ὁ
3604 4824 3735 4880 χερ-

2146 4901 2298 4964 σαῖος
2331 4915 2346 4931 ·
2393 4899 2560 4970 ἄμφω
2611 4896 2722 4969 γὰρ
2761 4896 2980 4968 ἀληθῶς
3034 4895 3192 4949 ἵπποι
3220 4911 3235 4927 ο
3292 4895 3414 4948 οὐδὲ
3471 4895 3597 4948 ἐπεὶ
3658 4895 3736 4966 μὴ

2147 4991 2456 5056 θαλάττιον,
2485 4987 2574 5044 διὰ
2629 4988 2788 5044 τοῦτο
2846 4988 2967 5043 οὐδὲ
3017 4987 3156 5054 ζῶον
3205 4985 3266 5041 τὸ
3306 4991 3563 5060 χερσαῖον
3591 5002 3606 5018 ·
3633 4988 3737 5042 οὐκ

2145 5085 2372 5158 ἀρκέσει
2419 5077 2512 5138 οὖν
2571 5082 2634 5137 τὸ
2680 5080 2884 5154 κυρίως
2927 5080 3022 5134 καὶ
3063 5079 3204 5133 κατὰ
3281 5076 3542 5149 ἀλήθειαν
3607 5094 3735 5145 γενε-

2147 5176 2402 5249 νηθῆναι,
2431 5172 2603 5240 δεῖξαι
2659 5171 2760 5244 τὴν
2823 5171 3118 5242 ὁμοιότητα
3175 5170 3276 5240 τῆς
3338 5167 3554 5235 οὐσίας,
3597 5169 3736 5242 ὅπερ

2149 5269 2310 5340 ὑμεῖς
2339 5268 2422 5331 είς
2450 5265 2630 5320 αἰτίαν
2653 5262 2842 5335 ὁμοίου
2876 5262 3260 5334 παρηγάγετε,
3283 5261 3331 5313 εἱ
3361 5258 3436 5331 μὴ
3463 5261 3560 5312 καί
3593 5261 3737 5312 κατά

2148 5363 2251 5433 τὴν
2282 5358 2494 5415 τοιάνδε
2524 5358 2786 5429 γέννησιν
2811 5356 2921 5410 τῶν
2947 5353 3165 5426 ἀληθῶν
3189 5354 3535 5424 γεννήσεων,
3569 5353 3741 5423 ήγουν

2151 5451 2253 5522 τὴν
2305 5449 2470 5520 ὅμοια
2517 5445 2808 5500 δεικνῦσαν
2843 5444 2913 5497 τά
2957 5441 3273 5514 τικτόμενα,
3309 5442 3366 5493 τὶ
3407 5440 3743 5510 γεγέννηται

462 5589 530 5629 ει
578 5567 726 5624 veris
775 5560 1225 5636 generationibus
1280 5572 1403 5628 qua:
1443 5555 1658 5611 scilicet
1708 5552 2036 5607 demonstrat

2154 5546 2374 5608 πάντως
2400 5559 2416 5574 ο
2451 5541 2548 5595 καὶ
2586 5540 2748 5611 ὑμεῖς
2783 5537 2894 5610 γὰρ
2938 5537 2997 5590 ὲν
3048 5538 3192 5607 ἀρχῇ
3227 5533 3501 5589 δεδώκατε
3550 5532 3630 5597 ὡς
3677 5532 3744 5584 τά

462 5665 648 5739 genita
677 5675 804 5716 esse
833 5654 1056 5720 similia,
1085 5649 1294 5724 aliquid
1325 5647 1574 5721 genitum
1605 5644 1833 5702 omnino
1862 5641 2050 5698 fuerit.

463 5760 601 5816 Nam
645 5763 704 5812 et
758 5768 860 5810 vos
907 5748 1153 5822 primum
1216 5743 1352 5799 illud
1405 5739 1801 5802 coneessistis,
1854 5750 2053 5806 nempe

2157 5639 2254 5711 μὲν
2287 5637 2557 5710 χείρονας,
2586 5633 2657 5688 τὰ
2678 5633 2735 5688 δὲ
2770 5632 3112 5705 κρείττονας,
3149 5630 3218 5684 τὰ
3239 5629 3296 5684 δὲ
3326 5629 3550 5700 ὁμοίους
3597 5643 3740 5697 παρ·

2159 5734 2341 5805 ίστησι
2385 5731 2496 5794 τοῖς
2521 5727 2832 5800 γεννηθεῖσι
2871 5727 3000 5792 τοὺς
3027 5725 3434 5798 γεννήσανταςο
3469 5721 3650 5785 ἄλλως
3681 5734 3741 5773 τε

464 5813 715 5922 quaedam
758 5813 998 5918 pejores,
1038 5837 1290 5913 quadam
1322 5836 1606 5898 meliores,
1638 5831 1894 5904 quaadam
1919 5843 2036 5922 veri

2156 5825 2295 5899 πρὸς
2349 5824 2449 5896 μὲν
2482 5822 2572 5876 τὸν
2619 5820 2843 5894 Πατέρα
2884 5819 3203 5891 ιγεννηθεὶς,
3239 5819 3314 5882 ὡς
3356 5817 3479 5870 ὅλον
3521 5833 3578 5867 τι
3618 5813 3743 5882 ἔσχε

465 5921 676 5999 similes
704 5937 1048 5997 constituere
1075 5931 1365 6006 gignentes
1391 5925 1614 6000 genitis.
1654 5923 1902 5982 Verbum
1926 5921 2054 5993 qui-

2157 5917 2254 5990 τὴν
2307 5913 2575 5988 ὁμοίωσιν
2601 5914 2630 5968 ὁ
2657 5911 2832 5984 Λόγος
2869 5912 2945 5978 ὡς
2974 5912 3108 5977 Θεός
3131 5927 3146 5944 θ
3177 5908 3413 5984 Χριστὸς
3442 5906 3503 5963 δὲ
3542 5921 3740 5978 γεννη-
