4006 6532
341 450 475 518 1677

1293 458 1693 521 ADVERSUS
1730 458 2282 527 NESTORIANOS.
2305 488 2379 504 —
2396 465 2548 529 LIB.
2589 466 2688 529 IV.

3471 469 3613 538 1678

332 570 447 632 θεὶς
483 567 579 624 καὶ
608 567 670 622 οὗ
696 568 869 637 Λόγος
897 569 1109 637 ἁπλῶς,
1132 570 1227 624 καὶ
1256 571 1397 643 πρὸς
1426 572 1528 645 τὴν
1572 574 1806 648 Μητέρα
1857 580 1906 633 ὲ)

2024 580 2151 636 dem
2180 582 2371 648 habet,
2402 591 2665 655 tanquam
2695 583 2843 641 Deus
2882 583 3154 658 integram
3181 586 3608 647 similitudinem

333 662 533 731 μέρους
583 662 683 733 μὲν
738 661 852 734 ἔχει
897 663 996 735 τὴν
1046 664 1310 736 ὁμοίωσιν
1348 665 1450 738 τὴν
1494 670 1754 741 φυσικὴν,
1784 669 1906 725 ἀλλᾶ

2021 676 2172 731 Patri
2204 692 2219 731 :
2251 674 2509 732 Christus
2535 686 2721 732 autem
2752 678 2972 749 genitus
3009 689 3068 737 et
3109 682 3223 754 jam
3248 699 3360 740 non
3390 684 3609 758 simpli-

329 756 427 809 καὶ
491 758 557 808 ἐκ
602 755 807 826 μέρους
861 757 923 810 τὸ
974 759 1198 826 ὅμοιον·
1230 759 1372 815 διότι
1411 755 1494 825 εἷς
1535 761 1633 815 καὶ
1676 763 1706 816 ό
1753 762 1918 828 αὐτὸς

328 855 612 924 ὑπάρχων,
646 853 789 909 κατά
819 853 1048 927 θάτερον
1078 855 1187 910 τῶν
1220 859 1279 912 ὲν
1302 858 1453 927 αὐτῷ
1484 859 1692 930 μερῶν,
1725 859 1827 932 τήν
1855 876 1917 913 τε

329 947 466 1017 πρὸς
515 948 607 1000 τὸν
648 947 866 1020 Πατέρα
930 948 1030 1001 καὶ
1080 951 1218 1021 πρὸς
1268 952 1368 1021 τὴν
1395 952 1628 1024 Μητέρα
1678 954 1917 1025 φυσικὴν

326 1040 584 1109 ὁμοίωσιν
602 1041 866 1113 κέκτηται
888 1044 983 1095 καὶ
1004 1042 1267 1115 διαφοράν
1284 1060 1301 1076 ο
1325 1046 1530 1113 ὁμοίως
1552 1046 1608 1100 δὲ
1632 1048 1730 1100 καὶ
1754 1048 1917 1117 ἡμεῖς

328 1136 440 1196 τοῖς
475 1134 764 1204 ὑμετέροις
791 1134 1217 1204 ἀντεπάγοντες,
1246 1135 1514 1208 δείξωμεν
1537 1138 1605 1191 τὰ
1630 1137 1875 1209 ἡμέτερα
1897 1152 1914 1171 ο

327 1228 378 1278 εἰ
401 1227 510 1297 γὰρ
538 1228 743 1297 κυρίως
767 1228 861 1281 καὶ
885 1231 1026 1282 κατά
1056 1231 1317 1301 ἀληθειαν
1355 1232 1621 1302 ἐγεννήθη
1653 1234 1719 1286 ἐκ
1744 1232 1916 1288 Σαοὺλ

328 1318 609 1381 Ἰωνάθαν,
641 1319 787 1373 ἔστιν
810 1321 994 1391 ὅμοιος
1024 1322 1173 1393 αὐτῷ
1195 1322 1315 1376 κατ’
1345 1324 1557 1377 οὐσίανο
1592 1325 1687 1377 καὶ
1708 1325 1915 1394 κυρίως

327 1413 421 1465 καὶ
456 1411 601 1465 κατὰ
637 1412 896 1483 ἀλήθειαν
939 1414 1204 1485 ἐγεννήθη
1258 1416 1354 1469 ἀπ’
1388 1415 1558 1470 αὐτοῦ
1591 1416 1786 1484 Λόγος.
1817 1417 1913 1472 καὶ

327 1504 474 1557 ἔστιν
496 1506 882 1575 ἀνομοιότατος
912 1506 1062 1577 αὐτῷ
1095 1508 1215 1561 κατ’
1243 1507 1432 1561 οὐσίαν
1456 1524 1472 1541 ο
1512 1508 1574 1561 οὐ
1607 1509 1670 1561 τὺ
1702 1509 1912 1578 κυρίως

328 1598 658 1668 γεννηθῆναι
691 1600 807 1651 ἐστι
842 1600 1032 1667 σαφῶς
1059 1601 1234 1654 αἴτιον
1267 1601 1369 1671 τῆς
1402 1602 1755 1671 ὁμοιότητος,
1793 1601 1910 1655 ἀλλ’

325 1689 475 1757 ὁτῆς
526 1688 847 1758 ὁμοιότητος
899 1691 996 1742 τοῦ
1057 1690 1242 1763 ὄλουῆ
1303 1691 1506 1764 μέρους
1539 1691 1671 1756 ἴδιος
1707 1693 1911 1763 τρόπος

327 1779 435 1832 τῶν
461 1781 519 1831 ἐν
551 1783 670 1843 ταῖς
690 1782 980 1852 γεννήσεσι
1017 1785 1351 1854 νοουμένων.

2019 766 2161 822 citer
2191 766 2459 831 Verbum,
2492 768 2660 823 habet
2696 777 2753 824 et
2796 769 2956 825 Matri
2989 787 3058 827 ex
3084 782 3243 843 parte
3282 775 3610 833 similitudi-

2018 872 2146 913 nem
2171 857 2482 929 physicam,
2517 866 2575 914 et
2598 873 2666 913 ex
2698 868 2856 930 parte
2880 875 3004 917 esse
3032 863 3238 920 simile.
3274 865 3433 923 Unde
3464 876 3610 925 unus

2018 962 2075 1009 et
2105 954 2253 1010 idem
2282 970 2409 1011 cum
2438 956 2532 1022 sit,
2559 957 2866 1013 secundum
2895 958 3223 1013 alterutram
3256 957 3313 1014 in
3345 959 3466 1031 ipso
3489 978 3612 1032 par-

2019 1046 2157 1102 tium
2201 1056 2317 1102 tum
2358 1049 2506 1104 Patri
2546 1057 2664 1104 tum
2693 1049 2849 1103 Matri
2894 1049 3315 1108 similitudinem
3347 1053 3518 1110 habet
3550 1064 3607 1110 ct

2019 1136 2415 1193 dilferentiam.
2466 1138 2682 1194 Pariter
2710 1148 2918 1205 autem,
2949 1141 3038 1195 his
3066 1151 3257 1199 contra
3290 1159 3390 1199 vos
3416 1145 3603 1213 dictis,

2018 1226 2465 1283 demonstremus
2492 1237 2548 1283 et
2570 1237 2814 1283 nostram
2847 1230 3178 1287 doctrinam.
3218 1232 3276 1287 Si
3305 1234 3452 1289 enim
3475 1251 3598 1306 pro-

2017 1319 2139 1388 prie
2187 1326 2244 1374 et
2284 1319 2592 1376 secundum
2626 1321 2920 1377 veritatem
2962 1323 3186 1394 genitus
3218 1334 3304 1381 est
3337 1317 3606 1383 Jonathasi

2017 1425 2049 1465 a
2076 1410 2262 1477 Saule,
2294 1411 2494 1468 similis
2522 1422 2607 1468 est
2636 1412 2687 1467 ei
2720 1414 3030 1469 secundum
3071 1415 3464 1472 substantiam.
3495 1417 3605 1475 Sed

2015 1503 2315 1574 etpropric
2341 1513 2397 1558 et
2424 1504 2732 1559 secundum
2770 1506 3056 1561 veritatem
3082 1507 3330 1577 genitum
3358 1519 3440 1565 est
3465 1511 3605 1565 Ver-

2016 1594 2169 1657 bum,
2202 1595 2352 1665 quod
2402 1608 2489 1651 est
2528 1597 2579 1651 ei
2629 1596 3061 1653 dissimillimum
3112 1600 3418 1655 secundum
3469 1602 3606 1657 sub-

2014 1688 2295 1743 stantiam.
2348 1688 2650 1744 Evidenter
2696 1690 2864 1761 igitur
2910 1693 3134 1762 proprie
3180 1694 3428 1764 genitum
3480 1710 3604 1751 esse

2017 1798 2129 1838 non
2157 1791 2243 1837 est
2300 1797 2466 1837 causa
2518 1781 2945 1850 similitudinis;
2975 1782 3074 1839 sed
3109 1798 3282 1856 genus
3324 1784 3603 1855 quoddam

327 1875 565 1945 speciale
593 1875 977 1931 similitudinis
1008 1879 1179 1933 totius
1212 1878 1296 1933 vel
1328 1878 1501 1950 partis
1535 1893 1729 1935 eorum
1763 1891 1887 1949 quae
1917 1873 1974 1931 in
2004 1874 2457 1947 generationibus
2483 1874 2930 1930 considerantur.

927 1973 1179 2026 ΚΕΦΛΛ.
1208 1975 1305 2029 IA'.

398 2062 459 2114 Ei
486 2061 745 2134 ἐγεννήθη
779 2064 808 2117 ό
829 2062 956 2126 Υἱὸς
982 2066 1047 2117 ὲκ
1066 2064 1161 2117 τοῦ
1192 2066 1406 2137 Πατρός
1452 2068 1596 2123 κατά
1649 2068 1903 2138 θεότητα,

326 2152 422 2207 καὶ
470 2152 632 2217 σώζει
694 2155 793 2225 τὴν
845 2155 968 2208 κατ’
994 2156 1185 2210 οὐσίαν
1231 2159 1371 2229 πρὸς
1395 2159 1562 2213 αὐτὸν
1584 2160 1903 2232 ὁμοιότητα,

323 2244 589 2316 ἐγεννήθη
666 2245 725 2298 δὲ
773 2245 897 2300 καθ’
928 2247 1075 2317 ὑμᾶς
1127 2249 1380 2320 ὁμοίωςό
1411 2250 1540 2316 Υίὸς
1584 2252 1679 2306 καὶ
1709 2254 1776 2307 ὲκ
1806 2253 1908 2325 τῆς

330 2336 608 2407 Παρθένου
661 2338 800 2391 κατά
860 2338 1117 2409 θεότητα,
1171 2339 1367 2404 σώζειν
1395 2342 1609 2415 ἀνάγκη
1637 2342 1737 2415 τὴν
1770 2345 1909 2415 πρὸς

323 2427 494 2500 αὐτὴν
521 2432 645 2483 κατ’
684 2430 875 2484 οὐσίαν
895 2432 1189 2504 ὁμοιότητα
1219 2433 1363 2489 κατά
1410 2435 1513 2508 τὴν
1544 2436 1780 2509 θεότητα
1805 2452 1821 2469 ⁶
1859 2439 1909 2493 εί

321 2523 379 2576 δὲ
416 2521 595 2587 τοῦτο,
626 2522 738 2589 ἕξει
768 2523 987 2588 πάντως
1016 2526 1110 2578 καὶ
1136 2526 1169 2596 ἠ
1199 2526 1475 2597 Παρθένος
1498 2528 1601 2601 τὴν
1626 2530 1767 2602 πρὸς
1816 2530 1910 2585 τὸν

321 2616 455 2670 Θεὸν
484 2620 581 2670 καὶ
603 2617 819 2687 Πατέρα
848 2617 969 2671 κατ’
991 2618 1181 2671 οὐσίαν
1212 2620 1515 2691 ὁμοιότητα
1541 2637 1555 2651 ·
1591 2622 1664 2675 τὰ
1694 2623 1806 2693 γὰρ
1829 2622 1910 2693 τῷ

321 2709 476 2780 αὑτῷ
511 2709 694 2779 ὃμοια,
727 2710 823 2765 καὶ
871 2709 1127 2781 ἀλλήλοις
1173 2711 1326 2765 ἐστὶν
1380 2712 1564 2782 ὃμοια.
1605 2710 1748 2767 Ἀλλ’
1783 2712 1909 2768 οὔτε

323 2804 454 2867 πᾶν,
474 2801 612 2856 ὀὕτε
662 2803 805 2856 κατά
834 2804 1014 2857 πᾶσαν
1062 2803 1341 2874 γέννησιν,
1370 2802 1496 2857 οὔτε
1530 2805 1672 2859 κατά
1697 2804 1760 2858 τὸ
1788 2806 1910 2861 ὅλον

323 2895 521 2949 ἑαυτοῦ
550 2895 611 2948 τὸ
654 2896 718 2949 ἐκ
751 2912 899 2960 τινος
948 2896 1310 2968 γεννώμενον,
1336 2898 1530 2963 σώζειν
1558 2899 1775 2970 ἀνάγκη
1816 2900 1909 2953 τὸν

333 2986 431 3053 τῆς
474 2986 687 3055 φύσεώς
734 2985 827 3040 τοῦ
876 2986 1130 3048 τεκόντος
1180 2987 1340 3057 λόγον
1375 2987 1799 3061 ἀπαράλλακτον
1823 2987 1910 3043 δέ·

322 3081 533 3136 δεικται
582 3080 677 3134 καὶ
708 3080 929 3151 εἴρηται
972 3080 1257 3145 πολλάκις.
1286 3081 1425 3135 Ἰδοὺ
1468 3081 1578 3152 γάρ
1607 3083 1701 3136 καὶ
1745 3082 1907 3152 φύσει

319 3174 489 3228 τέκνα
525 3172 851 3244 όργῆς,καὶ
897 3174 1002 3227 uiui
1049 3173 1337 3238 ἀπειθείας
1389 3174 1488 3228 καὶ
1536 3173 1789 3245 ἀνομίας,
1812 3174 1908 3228 καὶ

325 3266 434 3318 υἱοὶ
467 3264 713 3330 σκότους,
738 3266 832 3319 καὶ
892 3266 1058 3319 τέκνα
1104 3264 1200 3319 τοῦ
1249 3266 1516 3337 πονηροῦ,
1545 3268 1641 3322 καὶ
1667 3267 1779 3321 υἱοὶ
1809 3264 1904 3322 τοῦ

324 3356 523 3420 αἰῶνος
580 3358 796 3420 τούτου,
822 3357 918 3411 καὶ
948 3357 1114 3412 τέκνα
1145 3358 1240 3412 τοῦ
1303 3359 1579 3423 διαϐόλου,
1610 3358 1749 3413 ἀλλά
1808 3359 1906 3413 καὶ

322 3450 491 3503 τέκνα
561 3449 694 3503 Θεοῦ
723 3489 738 3511 ,
803 3451 899 3506 καὶ
979 3450 1286 3522 θελήματος
1343 3451 1490 3506 θείου
1544 3452 1903 3524 γεννήματα,

322 3544 421 3597 καὶ
499 3544 608 3596 υἱοὶ
700 3544 901 3613 φωτὸς,
988 3545 1085 3597 καὶ
1166 3545 1272 3599 υἱοὶ
1326 3545 1543 3618 ἡμέρας
1571 3586 1588 3613 ,
1648 3546 1743 3600 καὶ
1797 3546 1907 3600 uici

322 3636 638 3707 δυνάμεως,
706 3638 801 3690 καὶ
860 3637 967 3691 υἱοὶ
1041 3637 1301 3704 Ὑψίστου
1346 3638 1599 3709 εἴρηνται
1641 3641 1708 3711 τῇ
1773 3640 1907 3714 ἀγίᾳ

322 3729 538 3799 Γραφῇ,
569 3726 712 3781 κατά
768 3726 1060 3799 διαφόρους
1104 3728 1327 3799 ἀληθεῖς
1368 3731 1510 3784 κατά
1559 3729 1654 3783 τόν
1704 3733 1907 3785 οἰκεῖον

323 3820 483 3889 λόγον
513 3821 799 3890 γεννήσεις
831 3821 926 3875 καὶ
958 3822 1091 3885 τοὺς
1122 3822 1363 3893 ἑκάστης
1419 3823 1729 3894 γεννήσεως
1780 3825 1905 3896 τρό-

324 3930 459 3976 πους
491 3928 505 3943 ·
536 3912 631 3966 καὶ
680 3911 833 3965 οὐδὲν
898 3912 965 3966 ἂν
1017 3912 1185 3966 τῶνδε
1245 3914 1495 3984 γέννημα
1548 3914 1693 3968 εἴποι
1736 3932 1824 3980 τις
1845 3915 1904 3982 ἐξ

320 4002 570 4070 ἀνάγκης
624 4003 909 4073 όμοούσιον
954 4001 1034 4074 τῷ
1081 4003 1295 4058 τεκόντι
1329 4021 1343 4035 ·
1373 4004 1496 4059 οὐδὲ
1525 4006 1635 4076 γάρ
1666 4007 1806 4078 όργὴ
1835 4006 1906 4061 τά

320 4094 487 4147 τέκνα
530 4095 631 4164 τῆς
661 4094 834 4167 ὀργῆς
855 4112 871 4127 ’
898 4095 1025 4149 οὔτε
1066 4097 1201 4150 αίὼν
1227 4096 1297 4150 τά
1352 4097 1520 4152 τέκνα
1546 4097 1642 4151 τοῦ
1663 4099 1860 4163 αἰῶνος
1885 4114 1901 4131 ⁸

319 4187 447 4240 οὐδὲ
482 4187 594 4241 θεοὶ
613 4187 712 4259 τὴν
739 4188 928 4243 οὐσίαν
955 4188 1025 4242 τὰ
1063 4189 1233 4244 τέκνα
1266 4188 1364 4243 τοῦ
1396 4189 1533 4245 Θεοῦ
1557 4192 1735 4246 πάντα
1759 4207 1774 4222 θ
1811 4191 1903 4245 οὐ·

320 4278 377 4331 δὲ
403 4277 681 4348 ὁμοούσιοι
711 4279 791 4350 τῷ
829 4279 1070 4353 Ὑψίστφ
1100 4283 1148 4335 οί
1184 4283 1290 4336 υίοὶ
1317 4282 1411 4336 τοῦ
1457 4283 1739 4353 Ὑψίστου.
1795 4284 1902 4336 Οὐ-

319 4374 452 4428 κοῦν
507 4374 703 4445 πρῶτα
739 4374 858 4446 μὲν,
881 4376 984 4428 οὐκ
1035 4375 1090 4429 εί
1125 4392 1178 4428 τι
1226 4375 1290 4429 ἔκ
1352 4393 1528 4440 τινος,
1586 4378 1748 4432 τοῦτο
1806 4377 1902 4431 καὶ

319 4468 507 4538 ὅμοιον
540 4469 761 4530 πάντως
799 4468 878 4539 τῷ
901 4467 1008 4539 ὅλῳ
1031 4467 1134 4538 τῆς
1164 4467 1353 4532 οὐσίας
1382 4468 1549 4523 αὐτοῦ
1577 4470 1720 4540 λόγῳ
1760 4464 1902 4525 εἶναι

319 4561 650 4629 ἀναγκαῖον·
693 4561 858 4615 πάλιν
884 4561 930 4615 δ’
955 4560 1049 4615 οὖν
1073 4561 1331 4631 ἐροῦμεν,
1366 4563 1450 4616 ὅτι
1491 4563 1616 4616 τότε
1651 4564 1718 4617 ἂν
1770 4564 1901 4634 ὑμῖν

2639 1970 2792 2027 CAP.
2835 1970 2978 2027 XIV.

2077 2061 2135 2118 Si
2164 2060 2384 2134 genitus
2407 2069 2494 2118 est
2525 2059 2701 2117 Filius
2731 2077 2800 2118 ex
2836 2062 3026 2128 Patre,
3062 2061 3369 2118 secundum
3397 2062 3603 2119 divini-

2009 2162 2197 2221 tatem,
2229 2162 2287 2209 et
2320 2160 2508 2210 servat
2538 2169 2666 2209 cum
2703 2168 2771 2209 eo
2797 2153 3221 2210 similitudinem
3249 2156 3491 2227 (genitus
3517 2164 3604 2214 est

2008 2255 2218 2311 autem,
2246 2247 2401 2316 juxta
2428 2261 2547 2312 vos,
2572 2245 2831 2301 similiter
2859 2246 3034 2302 Filius
3063 2261 3129 2302 ex
3157 2242 3385 2319 Virgine
3407 2265 3606 2305 secun-

2008 2338 2140 2393 dum
2189 2337 2585 2407 divinitatem),
2615 2353 2843 2395 necesse
2888 2348 2977 2395 est
3019 2349 3205 2397 servet
3254 2356 3381 2396 cum
3412 2357 3478 2398 ea
3508 2358 3602 2399 se-

2008 2430 2254 2486 cundum
2300 2430 2668 2486 substantiam
2720 2431 3143 2489 similitudinem
3176 2434 3482 2490 secundum
3512 2434 3604 2491 di-

2007 2522 2337 2589 vinitatem;
2394 2521 2443 2577 si
2488 2530 2674 2577 autem
2722 2521 2799 2577 ita
2852 2533 2959 2589 est,
3003 2523 3234 2579 habebit
3279 2526 3509 2581 omnino
3544 2535 3604 2582 et

2007 2616 2176 2685 Virgo
2222 2630 2348 2670 cum
2382 2615 2547 2671 Patre
2582 2614 2891 2670 secundum
2924 2615 3295 2671 substantiam
3337 2618 3621 2677 similitu-_

2009 2705 2238 2773 dinem;
2274 2722 2397 2777 quae
2423 2706 2575 2763 enim
2621 2706 2803 2764 eidem
2838 2715 2970 2762 sunt
3001 2709 3226 2775 similia,
3258 2725 3323 2764 ea
3352 2718 3411 2766 et
3452 2710 3604 2768 inter

2009 2813 2069 2854 se
2100 2808 2233 2854 sunt
2263 2798 2489 2855 similia.
2521 2828 2594 2840 --
2622 2797 2730 2853 Sed
2758 2814 2940 2870 neque
2969 2814 3159 2865 omne,
3192 2816 3377 2871 neque
3406 2817 3606 2858 secun-

2009 2896 2143 2952 dum
2188 2912 2411 2952 omnem
2453 2896 2899 2969 generationem.
2938 2912 3118 2968 neque
3161 2898 3467 2954 secundum
3511 2898 3600 2954 sui

2009 2990 2215 3061 ipsius.
2243 2998 2443 3055 totum,
2499 2989 2711 3061 aliquid
2758 2989 2948 3060 aliquo
2976 2990 3227 3059 genitum
3279 2992 3615 3048 necessario

2010 3098 2236 3139 servare
2270 3083 2541 3139 rationem
2575 3099 2689 3139 non
2712 3079 3063 3138 dill‘erentem
3092 3094 3302 3139 naturae
3324 3084 3602 3155 gignentia

2008 3175 2219 3231 dictum
2252 3190 2396 3245 saepe
2424 3174 2981 3246 demonstratumque
3013 3182 3118 3229 est.
3172 3174 3317 3231 Ecce
3356 3176 3503 3231 enim
3543 3185 3603 3232 et

2009 3273 2208 3321 natura
2243 3266 2340 3320 lilii
2375 3265 2492 3331 ine,
2523 3275 2580 3321 et
2616 3265 2716 3321 lilii
2746 3265 3157 3322 incredulitatis
3179 3273 3236 3322 et
3262 3266 3599 3336 iniquitatis,

2007 3364 2066 3411 et
2099 3354 2195 3410 lilii
2242 3354 2624 3421 tenebrarum,
2669 3364 2727 3412 et
2766 3355 2865 3411 lilii
2910 3356 3063 3422 mali,
3088 3366 3144 3411 et
3177 3355 3278 3412 lilii
3302 3357 3468 3429 hujus
3495 3374 3603 3414 sae-

2008 3449 2143 3513 culi,
2169 3458 2226 3505 et
2265 3448 2363 3505 lilii
2402 3449 2637 3517 diaboli;
2671 3449 2767 3506 sed
2796 3459 2853 3506 et
2884 3449 2981 3506 lilii
3016 3449 3154 3516 Dei,
3193 3458 3251 3506 et
3290 3465 3359 3506 ex
3394 3450 3600 3506 volun-

2009 3550 2120 3598 tate
2150 3541 2249 3597 Dei
2279 3541 2417 3607 nati,
2452 3550 2509 3596 et
2537 3541 2633 3596 lilii
2670 3542 2836 3609 lucis,
2868 3550 2927 3596 et
2963 3541 3063 3596 lilii
3094 3541 3231 3609 diei,
3267 3550 3325 3598 et
3354 3541 3451 3597 lilii
3482 3542 3600 3598 for-

2009 3634 2287 3699 titudinis,
2339 3644 2398 3689 et
2444 3633 2543 3689 ﬁlii
2600 3634 2843 3699 Excelsi,
2893 3634 3159 3691 dicuntur
3208 3635 3267 3690 in
3313 3634 3601 3706 Scriptura

2007 3742 2185 3793 sacra,
2214 3725 2517 3782 secundum
2545 3725 2873 3781 dill‘erentes
2903 3726 3084 3797 quoad
3118 3726 3397 3797 propriam
3434 3726 3603 3781 ratio-

2006 3836 2133 3875 nem
2178 3822 2588 3891 generationes,
2617 3827 2675 3874 et
2716 3818 3023 3873 secundum
3060 3819 3333 3890 cujusque
3363 3834 3598 3890 genera-

2009 3911 2179 3967 tionis
2204 3911 2452 3966 modum.
2482 3911 2552 3966 Et
2582 3910 2801 3966 nullum
2832 3926 2903 3966 ex
2939 3910 3030 3966 his
3074 3911 3358 3982 generatis
3387 3911 3601 3967 diceret

2007 4004 2133 4074 quis
2162 4019 2283 4060 esse
2310 4019 2379 4061 ex
2410 4004 2746 4060 necessitate
2768 4003 3295 4059 consubstantialem
3330 4004 3596 4075 gignenti.

2006 4097 2124 4152 Non
2152 4097 2300 4153 enim
2335 4106 2464 4153 sunt
2494 4097 2576 4152 ira
2598 4097 2695 4151 lilii
2724 4098 2841 4162 iraa,
2868 4112 3051 4167 neque
3077 4096 3343 4152 saeculum
3374 4096 3471 4153 lilii
3494 4113 3598 4154 saa-

2005 4188 2140 4253 culi,
2189 4202 2370 4258 neque
2400 4186 2478 4241 dii
2518 4186 2703 4257 quoad
2732 4186 3101 4242 substantiam
3133 4186 3236 4242 ﬁlii
3265 4187 3359 4243 Dei
3382 4204 3596 4254 omnes,

2005 4297 2185 4351 neque
2212 4280 2717 4337 consubstantiales
2758 4280 2990 4336 Excelsa
3014 4280 3110 4336 lilii
3143 4280 3379 4336 Excelsi.
3428 4281 3602 4353 Igitur

2004 4374 2243 4445 primum
2267 4373 2514 4443 quidem,
2537 4389 2650 4428 non
2674 4388 2741 4428 ex
2770 4388 2838 4429 eo
2868 4372 3016 4443 quod
3046 4373 3257 4444 aliquid
3288 4383 3377 4428 est
3404 4388 3468 4428 ex
3495 4374 3600 4430 ali-

2004 4484 2135 4539 quo,
2155 4467 2283 4523 ideo
2306 4467 2440 4522 illud
2458 4476 2517 4521 et
2534 4466 2714 4522 simile
2744 4465 2973 4521 omnino
2988 4481 3109 4522 esse
3127 4465 3312 4521 intota
3335 4465 3598 4521 substan-

2007 4558 2095 4612 tiae
2110 4573 2223 4613 sua:
2243 4557 2457 4613 ratione
2478 4572 2705 4613 necesse
2724 4570 2830 4613 est.
2844 4558 3048 4613 lterum
3064 4573 3197 4629 ergo
3212 4557 3461 4613 dicemus
3479 4565 3599 4613 tum

321 4648 435 4722 εἶχε
464 4651 526 4705 τὸ
556 4651 778 4719 εὔλογον
820 4653 854 4723 ἡ
906 4652 1137 4723 ἀπορία,
1166 4655 1377 4707 είκατά
1404 4652 1464 4707 τό
1491 4654 1626 4707 αὐτὸ
1657 4655 1752 4709 καὶ
1783 4656 1893 4709 ὠσ-

2010 4648 2161 4704 vobis
2173 4658 2410 4704 vestram
2426 4647 2806 4704 dilIicultatem
2829 4649 3031 4705 habere
3049 4649 3259 4720 aliquid
3270 4650 3597 4714 verisimile.

318 4744 500 4808 αύτως
531 4744 623 4797 τὸν
649 4744 814 4798 αὐτὸν
856 4744 914 4809 ἐξ
942 4744 1206 4815 ἐκατέρου
1257 4743 1691 4815 προεληλυθέναι
1747 4748 1901 4820 εἰρή-

318 4854 495 4909 καμεν
522 4836 781 4908 Χριστόν.
839 4836 903 4890 El
936 4835 1045 4907 γὰρ
1074 4836 1198 4889 ἐπεὶ
1232 4837 1375 4891 κατά
1410 4838 1510 4909 τὴν
1549 4839 1781 4910 θεότητα
1835 4841 1903 4894 ἐκ

318 4931 532 5003 Πατρὸς
560 4929 911 5000 γεγέννηται,
936 4932 1031 4984 καὶ
1057 4930 1200 4985 κατά
1249 4932 1349 5003 τὴν
1377 4930 1610 5003 θεότητα
1658 4934 1723 4987 ὲκ
1773 4933 1898 5004 Mq-

314 5022 441 5095 ’.πρὸς
470 5023 498 5075 ό
532 5021 695 5085 αὐτὸς
718 5020 1065 5090 γεγέννηται,
1094 5022 1298 5091 ἑτέρως
1356 5022 1561 5092 μέντοι,
1605 5023 1775 5094 ἦγουν
1815 5024 1899 5078 ὅτι

316 5118 686 5189 σεσάρκωται,
721 5116 812 5169 τὸν
834 5114 998 5169 αὐτὸν
1033 5114 1315 5168 ἀπαιτεῖτε
1343 5114 1500 5182 λόγον
1535 5115 1672 5187 πρὸς
1703 5116 1901 5179 ἑκάτε-

323 5226 415 5279 ρον
461 5208 572 5261 τῶν
614 5207 959 5279 γεννητόρων
1007 5205 1153 5277 ἔχειν
1182 5206 1343 5258 αὐτὸν
1370 5207 1495 5260 κατ’
1532 5207 1746 5273 οὐσίαν,
1778 5209 1900 5264 δέον

316 5303 461 5371 ὑμᾶς
514 5299 696 5369 λέγειν
727 5301 822 5354 καὶ
854 5300 1064 5371 Πέτρον
1106 5299 1229 5351 ἐπεὶ
1261 5297 1404 5352 κατά
1446 5299 1545 5371 τὴν
1573 5300 1763 5355 οὐσίαν
1791 5301 1901 5355 ὑπὸ

328 5394 486 5447 Ἰωνᾶ
536 5392 883 5461 γεγέννηται,
919 5392 1018 5445 καὶ
1065 5391 1207 5443 κατά
1257 5390 1358 5460 τὴν
1411 5391 1599 5446 οὐσίαν
1627 5391 1707 5463 τῷ
1758 5393 1899 5466 ἁγίῳ

316 5484 596 5556 Ιινεύματι
645 5483 1079 5555 ἐμφορούμενος,
1144 5482 1305 5537 τοῦτό
1349 5500 1409 5537 τε
1466 5484 1901 5556 ἐπενδυσάμενος

318 5575 696 5648 Πνευματικδς
720 5576 1071 5645 γεγέννηται,
1102 5574 1300 5639 σώζειν
1337 5576 1501 5629 αὐτὸν
1533 5578 1633 5647 τήν
1662 5593 1722 5630 τε
1762 5577 1903 5648 πρὸς

316 5669 408 5723 τὸν
456 5668 644 5722 Ἰωνᾶν
675 5667 771 5722 καὶ
798 5667 899 5739 τὴν
937 5668 1074 5737 πρὸς
1102 5669 1161 5722 τὸ
1198 5667 1355 5737 ἀγιον
1388 5668 1616 5738 Πνεῦμα
1657 5670 1801 5724 κατά
1838 5670 1903 5726 τὸ

315 5764 438 5818 ὅλον
465 5762 562 5816 καὶ
605 5760 708 5814 οὐκ
770 5760 835 5814 ἐκ
899 5760 1098 5832 μέρους
1156 5762 1281 5814 κατ’
1322 5760 1510 5815 οὐσίαν
1565 5762 1899 5833 ὁμοιότητα’

321 5851 421 5907 καὶ
450 5853 499 5906 εί
550 5850 729 5918 τοῦτο,
760 5852 981 5915 πάντως
1039 5852 1135 5905 καὶ
1176 5850 1358 5916 Ἰωνᾶς
1389 5852 1418 5904 ό
1452 5851 1644 5906 τούτου
1695 5853 1901 5925 πατὴρ,

322 5943 436 6013 ἕξει
468 5944 568 6019 τὴν
589 5945 728 6018 πρὸς
761 5943 821 5999 τὸ
852 5941 1006 6013 ἅγιον
1032 5943 1260 6015 Πνεῦμα
1288 5944 1414 6001 κατ’
1439 5945 1630 6002 οὐσίαν
1650 5946 1903 6021 ὁμοιότη-

2003 4741 2049 4796 si
2073 4741 2177 4796 sub
2212 4739 2410 4795 eodem
2444 4748 2699 4810 respectu
2728 4747 2787 4794 et
2811 4740 3037 4795 omnino
3057 4739 3314 4797 eumdem
3341 4756 3411 4796 ex
3441 4748 3598 4795 utro-

2003 4850 2110 4905 que
2132 4834 2459 4906 provenisse
2487 4832 2775 4888 Christum
2808 4832 3138 4889 dixerimus.
3176 4832 3233 4889 Si
3266 4834 3439 4898 enim,
3462 4833 3595 4904 quia

2004 4926 2312 4984 secundum
2355 4925 2700 4981 divinitatem
2748 4940 2817 4980 ex
2846 4925 3007 4980 Patre
3037 4924 3258 4995 genitus
3286 4934 3373 4979 est
3408 4933 3468 4979 et
3501 4939 3595 4981 se-

2004 5018 2249 5075 cundum
2266 5016 2617 5073 divinitatem
2636 5033 2706 5073 ex
2726 5026 2899 5073 matre
2924 5016 3072 5073 idem
3098 5017 3321 5088 genitus
3349 5024 3457 5080 est,
3484 5016 3596 5072 alio

2005 5118 2188 5164 tamen
2239 5108 2427 5174 modo,
2460 5108 2675 5164 scilicet
2708 5108 3119 5173 incarnatione,
3171 5107 3425 5163 eamdem
3454 5122 3594 5162 con-

2005 5202 2233 5258 tenditis
2263 5218 2390 5258 eum
2415 5203 2622 5259 habere
2652 5203 2919 5259 rationem
2947 5201 3172 5257 relative
3195 5200 3265 5257 ad
3294 5210 3596 5275 utrumque

2003 5296 2345 5367 gignentium
2398 5297 2583 5367 quoad
2627 5296 3016 5361 substantiam,
3075 5293 3376 5351 dicendum
3431 5295 3597 5350 vobis

2004 5388 2113 5443 erit
2161 5388 2407 5454 Petrum,
2456 5388 2588 5459 quia
2630 5388 2811 5459 quoad
2862 5386 3226 5443 substantiam
3256 5400 3288 5440 a
3321 5384 3461 5441 Jona
3495 5400 3593 5456 ge-

2004 5482 2156 5537 nitus
2206 5491 2331 5547 est,
2380 5490 2441 5537 et
2490 5480 2672 5551 quoad
2716 5480 3085 5537 substantiam
3130 5477 3346 5549 Spiritu
3399 5486 3593 5533 sancto

2004 5575 2221 5629 alllatus
2275 5583 2333 5629 et
2405 5573 2806 5643 superindutus
2859 5572 3127 5644 spiritalis
3187 5574 3409 5643 genitus
3479 5577 3589 5636 est,

2003 5680 2226 5722 servare
2258 5673 2316 5721 et
2360 5665 2429 5720 ad
2456 5664 2655 5720 Jonam
2682 5673 2742 5721 et
2771 5663 2841 5719 ad
2884 5664 3155 5735 Spiritum
3189 5672 3466 5727 sanctum,
3501 5676 3596 5716 se.

2004 5758 2248 5814 cundum
2317 5767 2533 5823 totum,
2592 5766 2649 5814 et
2695 5774 2807 5813 non
2854 5774 2923 5813 ex
2981 5768 3171 5828 parte,
3222 5754 3405 5826 quoad
3452 5754 3593 5809 sub-

2004 5851 2267 5906 stantiam
2318 5851 2763 5907 similitudinem.
2810 5850 2880 5906 Et
2922 5850 2968 5906 si
3013 5850 3090 5905 ita
3138 5858 3244 5914 est,
3273 5846 3500 5902 omnino
3533 5854 3593 5913 et

2004 5945 2194 6013 Jonas,
2244 5945 2418 6017 ipsius
2447 5955 2624 6025 pater,
2656 5945 2887 6004 habebit
2925 5944 2994 6001 ad
3023 5943 3295 6015 Spiritum
3338 5947 3592 5998 sanctum
