4006 6516
425 431 561 518 1679
1703 448 2015 513 LEONTII
2058 448 2462 509 BYZANTINI
3567 435 3709 522 mae

420 561 840 624 similitudinem
867 559 1048 632 quoad
1073 559 1442 617 substantiam
1470 577 1485 615 :
1517 576 1639 632 quae
1663 562 1812 617 enim
1836 560 2021 615 eidem

2127 576 2190 611 τα
2213 575 2228 590 ο
2265 559 2336 613 τὰ
2367 561 2476 630 γὰρ
2509 559 2586 632 τῷ
2632 560 2783 633 αὖτῷ
2813 563 2998 633 ὃμοια,
3039 567 3135 620 καὶ
3181 565 3455 639 ἀλλήλοις,
3484 568 3560 633 ὡς
3615 572 3706 625 8&-

418 665 550 714 sunt
578 655 806 718 similia,
837 669 899 709 ea
931 668 1151 723 quoque
1196 653 1343 708 inter
1383 669 1442 709 se
1487 653 1710 717 similia,
1755 661 1818 708 ut
1845 652 2005 708 vobis

2127 650 2297 702 ςοκται
2319 667 2336 682 ο
2367 652 2418 703 εί
2443 647 2538 704 οὖν
2560 652 2680 706 τόδε
2701 653 2789 708 διὰ
2819 655 2945 708 τάδε
2963 655 3026 709 οὐ
3052 657 3383 726 κεκώλυται,
3409 659 3529 714 ἀλλ’
3561 661 3711 715 ἐστιν

418 749 619 818 placet.
669 745 727 802 Si
777 745 946 817 igitur
973 744 1078 800 hoc
1108 760 1208 815 per
1241 745 1360 800 haec
1389 759 1500 799 non
1543 743 1866 815 impeditur,
1907 741 2004 799 sed

2127 744 2178 794 ἐκ
2209 741 2410 812 μέρους
2438 743 2537 816 τῆς
2565 743 2919 810 ὑποστάσεως
2940 748 3108 802 αὑτοῦ
3133 749 3380 822 ἑκατέρῳ
3400 753 3710 820 όμοούσιος,

419 850 505 894 est
534 854 600 893 ex
629 847 787 909 parte
822 852 936 892 suae
969 830 1218 906 persona:
1243 835 1466 907 utrique
1495 835 2004 902 consubstantialis,

422 929 703 1001 quomodo
720 944 831 985 non
851 938 908 984 et
925 928 1207 984 Christum
1224 929 1306 984 sic
1328 927 1637 1001 intelligere
1653 927 2004 984 duceremus.

539 1017 541 1019 ’
1059 1018 1214 1076 CAP.
1253 1017 1370 1076 XV.

494 1111 775 1183 Quidquid
809 1111 1030 1182 proprie
1057 1122 1115 1166 et
1144 1113 1448 1168 secundum
1481 1111 1776 1168 veritatem
1809 1112 2006 1184 gignit,

427 1219 589 1261 causa
647 1215 733 1261 est
780 1205 972 1276 geniti.
1028 1205 1178 1260 Nihil
1226 1214 1412 1261 autem
1467 1220 1632 1261 causa
1675 1214 1764 1262 est
1811 1205 2006 1276 geniti,

427 1298 573 1366 quod
607 1297 678 1352 sit
717 1299 903 1366 genito
947 1297 1246 1367 posterius.
1298 1297 1444 1353 Nihil
1486 1297 1655 1368 igitur
1701 1298 1850 1368 quod
1900 1314 2011 1353 non

427 1394 512 1440 cst
539 1386 726 1456 genito
770 1386 1066 1456 posterius,
1116 1395 1203 1443 est
1246 1402 1389 1460 opus
1440 1389 1634 1459 geniti.
1677 1387 1828 1444 Nihil
1881 1403 2012 1460 ergo

429 1480 578 1549 quod
616 1479 839 1548 proprie
877 1488 933 1534 et
963 1479 1269 1535 secundum
1317 1481 1610 1536 veritatem
1650 1481 1845 1553 gignit,
1873 1498 2014 1553 opus

430 1579 516 1626 est
543 1569 735 1640 geniti.
768 1569 876 1625 Sed
905 1586 935 1624 a
966 1571 1126 1627 vobis
1158 1572 1293 1628 illud
1319 1573 1634 1629 addendum
1672 1585 1791 1632 erat
1822 1576 2015 1646 prima

432 1661 599 1732 hujus
624 1662 1048 1732 epicherematis
1075 1664 1462 1733 pr0positioni,
1501 1665 1716 1720 scilicet
1748 1666 1894 1737 quod
1925 1681 2015 1722 se-

433 1753 675 1808 cundum
707 1754 852 1824 quod
884 1754 1009 1824 quis
1035 1755 1239 1810 dicitur
1267 1756 1556 1826 genuisse,
1601 1758 1677 1814 ita
1715 1768 1771 1814 et
1801 1759 2012 1830 genuit.

433 1846 510 1900 Ita
543 1846 692 1900 enim
719 1846 951 1918 gignens
975 1854 1060 1902 est
1088 1861 1254 1902 causa
1281 1849 1486 1920 geniti;
1521 1849 1650 1920 quia
1677 1850 1756 1906 sic
1789 1861 1846 1908 et
1871 1851 2016 1908 Pau-
2068 1907 2072 1912 .

2111 835 2234 900 πῶς
2261 835 2384 907 οὑχὶ
2412 835 2508 890 καὶ
2535 836 2770 908 Χριστὸν
2795 837 2970 903 οὕτως
2996 842 3140 894 νοεῖν
3188 841 3565 914 αἱρησόμεθα;

2703 1014 2958 1071 ΚΕΦΑΛ.
3007 1015 3108 1072 IE'.

2187 1106 2304 1160 Πᾶν
2358 1105 2421 1159 τὸ
2481 1106 2689 1177 κυρίως
2768 1106 2865 1160 καὶ
2929 1106 3072 1162 κατὰ
3149 1107 3408 1176 ἀλήθειαν
3477 1109 3665 1164 τίκτον
3699 1151 3717 1174 ,

2118 1194 2292 1250 αίτιον
2384 1193 2482 1249 τοῦ
2571 1195 2896 1266 τικτομένου
2919 1213 2935 1228 ο
2999 1197 3156 1252 οὐδὲν
3227 1199 3288 1252 δὲ
3363 1199 3542 1253 αίτιον
3621 1201 3720 1253 τοῦ

2115 1286 2438 1358 τικτομένου
2464 1327 2481 1352 ,
2567 1284 2837 1358 νεώτερον
2921 1284 3017 1339 τοῦ
3105 1287 3423 1358 τικτομένου
3455 1301 3473 1318 ·
3557 1288 3722 1342 οὐδὲν

2118 1375 2212 1433 οὖν
2267 1379 2330 1433 οὐ
2377 1377 2644 1450 νεώτερον
2700 1377 2797 1432 τοῦ
2875 1379 3236 1449 τικτομένου,
3325 1380 3722 1452 δημιούργημα

2117 1469 2214 1523 τοῦ
2282 1468 2604 1540 τικτομένου
2635 1483 2652 1500 ο
2713 1468 2869 1523 οὐδὲν
2948 1470 3060 1541 ἄρα
3140 1471 3347 1541 κυρίως
3409 1474 3504 1525 καὶ
3573 1473 3724 1527 κατὰ

2117 1561 2377 1632 ἀλήθειαν
2445 1560 2678 1626 τίκτον,
2747 1560 3146 1634 δημιούργημα.
3211 1563 3308 1617 τοῦ
3367 1565 3718 1635 τικτομένου,

2132 1654 2294 1709 una
2331 1653 2452 1709 δέον
2480 1655 2626 1725 ὑμᾶς
2665 1649 2732 1729 ἦν
2761 1655 3080 1727 προσθεῖναι
3103 1659 3171 1728 τῇ
3210 1657 3407 1730 πρώτῃ
3437 1657 3533 1711 τοῦ
3569 1677 3720 1730 παρ-

2119 1744 2276 1810 όντος
2307 1746 2744 1818 ἐπιχειρήματος
2789 1747 3076 1817 προτάσει.
3114 1749 3197 1802 ὅτι
3225 1750 3348 1802 κατ’
3370 1751 3546 1803 ἐκεῖνο
3570 1749 3602 1803 ὅ
3628 1750 3726 1804 λέ-

2121 1853 2281 1906 γεται
2314 1841 2521 1903 τεκεῖν,
2551 1838 2648 1892 καὶ
2673 1837 2751 1902 ὡς
2780 1840 3002 1894 τέτοκεν
3029 1857 3043 1873 ο
3067 1839 3242 1906 οὕτως
3270 1842 3379 1914 γὰρ
3415 1845 3510 1895 καὶ
3539 1842 3725 1897 αίτιόν

436 1937 552 2000 lus,
599 1937 695 2007 qui
743 1954 843 2008 per
876 1938 1235 2010 Evangelium
1281 1943 1492 2011 genuit,
1521 1957 1652 1998 vere
1681 1942 1907 2013 quidem
1940 1953 2021 2001 est

2127 1931 2245 1983 ἐστι
2274 1929 2370 1983 τοῦ
2416 1931 2740 2003 τικτομένου
2767 1931 2826 1986 τὸ
2869 1932 3076 1998 τίκτον,
3107 1934 3232 1986 ἐπεὶ
3256 1932 3400 1988 οὕτω
3429 1936 3524 1989 καὶ
3559 1936 3590 1988 ὁ
3632 1937 3724 1990 διὰ

428 2030 643 2102 genitor
671 2041 728 2086 et
756 2045 922 2086 causa
948 2032 1222 2102 proxima,
1247 2049 1356 2088 non
1402 2049 1537 2090 vero
1563 2035 1800 2091 carnalis
1833 2052 2026 2093 essen-

432 2121 520 2177 ti:e
551 2138 742 2177 eorum
771 2123 865 2193 qui
892 2125 1062 2194 geniti
1110 2134 1262 2188 sunt,
1300 2125 1397 2180 sed
1433 2141 1628 2181 eorum
1677 2142 1777 2199 per
1821 2127 2026 2198 pradi-

429 2213 709 2268 cationem
750 2213 902 2269 ﬁdei.
944 2214 1100 2269 Multi
1146 2215 1295 2270 enim
1339 2232 1530 2272 eorum
1572 2219 1667 2290 qui
1719 2221 2025 2276 secundum

430 2307 575 2363 hanc
620 2307 1034 2378 generationem
1066 2308 1178 2362 nati
1207 2317 1338 2363 sunt
1364 2309 1416 2363 ei
1448 2309 1566 2375 ﬁlii,
1614 2319 1747 2365 natu
1788 2312 2026 2383 majores

431 2401 554 2471 ipso
588 2407 750 2454 erant
807 2399 990 2468 quoad
1036 2409 1254 2470 tempus
1299 2401 1517 2464 carnis;
1570 2411 1627 2458 et
1681 2403 1874 2475 junior
1913 2404 2025 2460 illis

434 2493 553 2565 ipse
585 2492 892 2548 secundum
927 2501 1146 2563 tempus
1170 2494 1388 2562 genitus
1421 2503 1559 2560 erat,
1590 2495 1686 2565 qui
1715 2496 1822 2552 fuit
1855 2513 2021 2553 causa

430 2601 626 2641 eorum
673 2585 922 2656 proxima
967 2586 1272 2640 secundmn
1325 2585 1512 2642 ﬁdem.
1553 2587 1843 2654 Quomodo
1889 2605 2023 2662 ergo

431 2677 579 2750 quod
613 2677 786 2748 gignit
811 2692 921 2732 non
958 2677 1132 2747 ipsam
1164 2678 1544 2732 exsistentiam
1571 2679 1899 2750 simpliciter
1923 2679 2020 2736 sed

433 2769 785 2825 solummodo
805 2770 967 2824 talem
985 2770 1386 2837 exsistentiam,
1415 2771 2022 2832 exsistentiamjscilicet

430 2863 600 2918 Verbi
637 2863 692 2916 in
724 2869 993 2931 quantum
1023 2861 1291 2916 incarnati
1312 2903 1327 2928 ,
1358 2877 1470 2916 non
1506 2862 1787 2918 diceretur
1820 2879 2016 2919 recen-

430 2955 590 3011 tioris
615 2953 1020 3024 dispositionis,
1057 2953 1112 3008 id
1153 2963 1240 3009 est
1276 2953 1400 3009 talis
1430 2955 1718 3026 cujusdam
1745 2957 2018 3012 exsisten-

2127 2022 2222 2076 τοῦ
2251 2023 2594 2093 Εὑαγγελίου
2613 2025 2881 2095 γεννήσας
2907 2023 3142 2090 Παῦλος,
3168 2025 3387 2097 ἀληθῶς
3441 2028 3542 2098 μέν
3600 2031 3726 2084 ἐστι

2126 2115 2322 2179 τοκείις
2369 2117 2464 2171 καὶ
2513 2117 2690 2181 αῐτιος
2746 2117 3144 2188 προσεχῶς,οὐ
3194 2119 3294 2190 τῆς
3343 2121 3620 2190 σαρκικῆς
3661 2120 3727 2177 δι

2129 2208 2417 2280 ὑπάρξεως
2472 2209 2584 2264 τῶν
2617 2210 2990 2281 γεννηθέντων
3013 2250 3029 2276 ,
3064 2209 3202 2266 ἀλλὰ
3240 2212 3342 2284 τῆς
3379 2215 3522 2267 κατὰ
3570 2214 3726 2267 διδα-

2129 2300 2358 2354 σκαλίαν
2389 2301 2627 2366 πίστεως
2655 2303 2838 2358 αὐτῶν
2863 2321 2880 2338 ο
2912 2303 3098 2359 πολλοὶ
3123 2304 3240 2376 γὰρ
3279 2305 3392 2360 τῶν
3421 2305 3516 2358 ὑπ’
3545 2306 3728 2362 αὑτοῦ

2125 2393 2270 2448 κατά
2300 2393 2508 2466 ταύτην
2539 2395 2640 2467 τὴν
2673 2395 2934 2466 γέννησιν
2974 2395 3124 2469 αῦτῷ
3151 2397 3542 2470 γεγεννημένοι
3575 2398 3728 2463 υίοὶ,

2124 2489 2222 2543 καὶ
2265 2487 2618 2561 παλαιότεροι
2660 2487 2804 2544 κατὰ
2853 2489 2946 2543 τὸν
2978 2490 3075 2560 τῆς
3104 2490 3308 2561 σαρκὸς
3349 2492 3545 2562 χρόνον
3573 2488 3728 2562 ἦσαν

2123 2581 2316 2637 τούτου
2343 2598 2360 2613 ο
2400 2584 2495 2637 καὶ
2531 2583 2799 2655 νεώτερος
2842 2581 3051 2638 τούτων
3093 2576 3249 2647 οὗτος
3292 2583 3537 2652 ἐγεγόνει
3565 2584 3725 2639 κατὰ

2121 2675 2335 2746 χρόνον,
2369 2678 2400 2731 ό
2437 2676 2609 2742 αἴτιος
2639 2677 2820 2732 αὐτῶν
2843 2675 3132 2748 προσεκῶς
3159 2677 3306 2730 κατά
3328 2675 3430 2749 τὴν
3477 2678 3672 2731 πίστιν
3705 2694 3723 2708 ·

2124 2769 2242 2833 πῶς
2275 2765 2370 2824 οὖν
2397 2769 2460 2824 τὸ
2491 2769 2567 2842 μὴ
2589 2770 2710 2826 κατ’
2739 2771 2872 2826 αὐτὸ
2899 2771 2963 2824 τὸ
2989 2766 3132 2825 εἶναι
3163 2770 3374 2834 ἁπλῶς.
3401 2771 3538 2825 ἀλλὰ
3567 2773 3724 2826 κατὰ

2123 2861 2185 2915 τὸ
2215 2861 2441 2916 τοιῶσδε
2467 2857 2608 2918 εῖναι
2646 2863 2812 2933 τυχὸν
2850 2862 3012 2934 μόνον
3042 2863 3212 2934 ἤγουν
3242 2863 3306 2918 τὸ
3359 2864 3733 2934 σεσαρκωμέ-

2123 2970 2214 3008 νον
2281 2949 2424 3008 εἶναι
2481 2955 2574 3009 τὸν
2628 2956 2805 3024 Λόγον
2830 2994 2846 3021 ,
2908 2955 2971 3009 οὐ
3042 2958 3210 3026 μόνης
3280 2956 3378 3024 τῆς
3449 2957 3731 3028 νεωτέρας

430 3049 541 3113 tiae,
575 3062 796 3102 causam
828 3061 950 3102 esse
982 3061 1216 3118 eamque
1247 3048 1478 3119 proinde
1503 3047 1897 3118 antiquiorem,
1919 3048 2017 3104 sed

2127 3047 2510 3112 καταστάσεως
2547 3087 2564 3112 ,
2622 3047 2791 3118 ήγουν
2857 3047 2953 3100 τοῦ
3022 3047 3249 3102 τοιῶσδε
3307 3047 3478 3102 αὑτοῦ
3533 3045 3682 3102 εἶναι
3707 3086 3730 3112 ,

430 3151 488 3196 et
543 3139 948 3212 qualiscunque
998 3141 1228 3196 alterius
1276 3141 1613 3197 exsistentiae
1656 3142 1779 3212 ejus
1820 3142 1915 3212 qui
1949 3157 2016 3196 ex

2127 3138 2330 3208 λέγοιτο
2350 3139 2519 3193 αίτιόν
2547 3157 2609 3193 τε
2645 3141 2746 3194 καὶ
2779 3140 3142 3212 παλαιότερον
3165 3135 3328 3205 εἶναι,
3347 3139 3485 3195 ἀλλὰ
3510 3142 3611 3193 καὶ
3629 3140 3732 3210 τῆς

430 3233 710 3288 communi
759 3233 1035 3288 sententia
1067 3233 1286 3305 genitus
1328 3243 1449 3289 erat
1480 3235 1586 3290 alia
1624 3236 2016 3307 generatione?

2127 3230 2338 3284 οίασοῦν
2375 3231 2662 3303 ὑπάρξεως
2691 3231 2856 3286 αὑτοῦ
2891 3233 3085 3304 ἐτέρας
3133 3234 3236 3304 ήδη
3275 3233 3732 3305 ὁμολογουμένως

431 3326 720 3395 Quomodo
744 3335 801 3380 et
835 3325 1192 3392 Nicodemus,
1227 3325 1536 3398 discipulus
1577 3327 1668 3384 ille
1715 3338 2023 3384 nocturnus

430 3437 541 3477 non
573 3418 890 3475 necessario
920 3418 1258 3474 concedetur
1281 3420 1672 3490 praeexstitisse
1695 3420 1928 3476 Domino
1955 3436 2035 3476 se-

433 3514 682 3568 cundum
713 3512 1010 3584 quamdam
1055 3511 1494 3577 rationem,cum
1521 3513 1675 3570 illum
1701 3515 1812 3586 jam
1843 3529 2031 3570 senem

438 3607 700 3662 hortetur
745 3605 1016 3662 Dominus
1048 3606 1116 3661 ad
1164 3606 1568 3664 renascendum
1616 3623 1717 3678 per
1749 3623 1948 3678 aquam
1972 3614 2033 3662 et

432 3699 744 3770 Spiritum?
789 3697 904 3755 Hoc
959 3698 1122 3755 nobis
1162 3697 1330 3754 dicite
1371 3707 1592 3754 servata
1632 3699 1804 3755 illaesa
1847 3707 2033 3754 vestra

429 3793 708 3847 doctrina.

1062 3880 1220 3939 CAP.
1254 3881 1398 3939 XVI.

499 3974 676 4030 Omne
723 3974 948 4045 proprie
977 3981 1036 4030 et
1061 3975 1374 4030 secundum
1418 3974 1714 4032 veritatem
1758 3976 2030 4048 genitum,

429 4083 592 4122 suum
636 4082 762 4122 esse
808 4067 976 4122 habet
1021 4084 1051 4122 a
1097 4070 1378 4139 gignente.
1424 4068 1575 4124 Nihil
1605 4077 1790 4125 autem
1818 4070 2033 4126 habens

427 4176 594 4216 suum
641 4175 766 4215 esse
810 4175 842 4215 a
889 4161 1177 4232 gignente,
1224 4162 1441 4218 exsistit
1481 4164 1636 4234 prius
1684 4179 1788 4220 suo
1838 4173 2028 4236 partu,

427 4251 577 4308 Nihil
603 4266 738 4322 ergo
763 4252 988 4322 proprie
1019 4261 1075 4307 et
1099 4254 1409 4310 secundum
1440 4255 1733 4312 veritatem
1755 4258 2028 4328 genitum,

429 4343 655 4399 exsistit
690 4344 845 4414 prius
871 4358 975 4398 suo
1004 4356 1189 4414 partu.
1213 4377 1280 4386 —
1303 4346 1387 4400 An
1416 4346 1586 4417 igitur
1620 4348 2027 4414 tantummodo,

422 4440 578 4510 juxta
630 4452 760 4504 vos,
812 4437 860 4491 si
899 4437 1108 4507 aliquid
1162 4438 1370 4494 dicitur
1425 4439 1634 4522 habere
1680 4456 1844 4496 suum
1904 4457 2029 4498 esse

427 4529 757 4600 simpliciter
788 4530 858 4585 ab
887 4530 1096 4601 aliquo,
1130 4530 1265 4587 illud
1297 4541 1444 4587 esset
1479 4533 1706 4604 proprie
1737 4546 1794 4590 et
1824 4550 2027 4590 secun-

2136 3325 2645 3394 προγεγεννημένου
2709 3324 2805 3377 καὶ
2869 3325 3032 3396 ἑτέρᾳ
3100 3328 3406 3396 γεννήσεις
3474 3327 3605 3390 Πῶς
3668 3327 3732 3381 δὲ

2135 3415 2232 3468 καὶ
2297 3414 2613 3486 Νικόδημος
2675 3416 2751 3488 μὴ
2803 3419 3279 3489 προῦφεστηκέναι
3345 3417 3442 3473 τοῦ
3515 3421 3731 3491 Κυρίου

2135 3505 2260 3560 καθ’
2288 3507 2572 3562 ὁντιναοῦν
2598 3508 2757 3578 λόγον
2785 3511 2814 3564 ὁ
2845 3510 3160 3579 νυκτερινὸς
3194 3510 3441 3580 μαθητὴς
3474 3510 3534 3574 ἐξ
3564 3513 3733 3579 ἀνάγ-

2135 3616 2240 3670 κης
2271 3599 2581 3671 δοθήσεται,
2612 3601 2736 3654 ἐπεὶ
2765 3601 3096 3673 γεννηθῆναι
3137 3603 3302 3655 αὑτὸν
3348 3603 3733 3673 προετρέπετο

2133 3692 2371 3761 γέροντα
2403 3693 2504 3765 ήδη
2537 3693 2670 3748 ὄντα
2699 3693 2766 3748 δι’
2796 3693 2992 3760 ὓδατος
3028 3696 3123 3748 καὶ
3154 3695 3474 3766 Πνεῦματος
3504 3713 3520 3764 ;
3553 3699 3726 3750 εἴπα-

2133 3799 2195 3837 τε
2228 3784 2361 3855 ἡμῖν
2388 3783 2612 3857 άτρωτα
2634 3786 2997 3855 φυλάττοντες
3024 3787 3094 3842 τὰ
3131 3788 3398 3860 ὑμέτερα.

2716 3881 2969 3935 ΚΕΦΑΛ.
3003 3880 3123 3948 IG'.

2205 3971 2324 4026 Πᾶν
2353 3971 2416 4024 τὸ
2441 3972 2650 4042 κυρίως
2677 3973 2772 4026 καὶ
2812 3973 2956 4028 κατά
2991 3971 3254 4043 ἀλήθειαν
3289 3974 3638 4045 τικτόμενον,
3666 3977 3730 4028 τὺ

2132 4057 2274 4117 εἶναι
2303 4063 2416 4134 ἔχει
2445 4065 2510 4117 ὲκ
2539 4064 2635 4118 τοῦ
2666 4065 2946 4129 τίκτοντος
2970 4081 2986 4098 ⁸
3018 4065 3173 4121 οὐδὲν
3206 4066 3267 4120 τὸ
3313 4062 3456 4121 εἶναι
3501 4067 3629 4138 ἕχον
3659 4070 3728 4121 ὲκ

2132 4154 2229 4209 τοῦ
2259 4155 2570 4223 τίκτοντος,
2599 4157 2706 4230 πρὸ
2751 4157 2850 4212 τοῦ
2882 4158 3087 4214 οἰκείου
3145 4160 3309 4214 τόκου
3343 4160 3497 4214 ἐστίν
3517 4176 3534 4192 ο
3567 4161 3725 4213 οὐδὲν

2136 4247 2250 4318 άρα
2291 4249 2500 4321 κυρίως
2525 4251 2622 4306 καὶ
2651 4251 2797 4306 κατά
2827 4251 3091 4324 ἀλήθειαν
3117 4253 3460 4324 τικτόμενον,
3495 4253 3604 4324 πρὸ
3623 4253 3722 4307 τοῦ

2131 4341 2342 4397 οίκείου
2369 4343 2534 4396 τόκου
2559 4344 2736 4400 ἐστίν.
2759 4340 2911 4416 τΑρα
2937 4341 3033 4400 οὖν
3059 4345 3182 4400 καθ’
3210 4347 3354 4416 ὑμᾶς
3388 4347 3442 4401 εί
3471 4363 3526 4400 τι
3555 4346 3619 4400 τὸ
3643 4341 3726 4398 εἱ-

2131 4451 2220 4488 ναι
2271 4435 2418 4505 ἔχειν
2464 4436 2650 4500 ἁπλῶς
2686 4437 2908 4507 λέγεται
2962 4439 3027 4493 εκ
3070 4455 3238 4502 τινος,
3295 4439 3458 4493 τοῦτο
3512 4439 3722 4507 κυρίως

2135 4527 2298 4597 μόνον
2349 4530 2443 4581 καὶ
2501 4529 2644 4582 κατά
2695 4529 2958 4601 ἀλήθειαν
3012 4531 3072 4596 ἐξ
3113 4530 3281 4586 αὑτοῦ
3311 4531 3713 4602 γεγεννημένον

429 4621 560 4675 dum
619 4623 913 4678 veritatem
956 4625 1024 4678 ab
1060 4623 1180 4695 ipso
1205 4624 1454 4695 genitum
1483 4626 1714 4696 ejusque
1741 4626 2021 4683 diceretur

2130 4618 2238 4690 εἴη,
2276 4619 2371 4673 καὶ
2399 4619 2514 4684 υίὸς
2539 4620 2794 4690 λέγοιτο;
2827 4624 2891 4677 οὐ
2926 4625 3033 4695 μὴν
3071 4627 3165 4677 καὶ
3193 4626 3247 4678 εἴ
3275 4642 3326 4678 τι
3383 4625 3448 4680 τὸ
3496 4625 3720 4678 Ioui-.686

428 4713 622 4768 ﬁlius?
667 4713 864 4769 Nonne
915 4717 1083 4771 etiam
1123 4726 1181 4771 et
1222 4715 1268 4772 si
1315 4718 1517 4773 habeat
1562 4735 1631 4774 ex
1681 4720 1871 4790 aliquo
1913 4721 2024 4775 tale

426 4805 598 4859 esse?
630 4803 698 4857 Et
743 4806 1022 4874 quomodo
1063 4807 1197 4862 Seth
1227 4815 1284 4862 et
1299 4807 1538 4878 ﬁliiejus
1553 4809 1736 4864 divina
1755 4811 2024 4867 ﬁliatione

427 4897 707 4952 donantur
727 4896 900 4952 etﬁlii
926 4898 1023 4952 Dei
1045 4895 1356 4954 vocantur?
1387 4901 1673 4966 Quomodo
1706 4901 1802 4956 ﬁlii
1832 4903 2020 4968 Israel,

427 4987 468 5042 ii
521 4985 616 5057 qui
663 5002 730 5042 ex
773 4985 979 5043 Iudaeis
1021 4989 1214 5045 suntl
1267 4990 1559 5057 Quomodo
1607 4991 1703 5046 ﬁlii
1751 4994 1871 5057 Dei,
1923 4995 2021 5049 lilii

428 5078 711 5149 Evangelii
742 5080 838 5136 Dei
863 5082 886 5134 ἰν
912 5080 1019 5137 Sed
1045 5093 1102 5138 et
1133 5082 1170 5138 ii
1199 5085 1296 5154 qui
1326 5087 1504 5141 renati
1545 5096 1674 5142 sunt
1711 5103 1778 5144 ex
1809 5090 2020 5146 semine

428 5169 752 5239 incorrupto
790 5187 893 5242 per
929 5173 1161 5228 verbum
1208 5174 1306 5230 Dei
1350 5175 1588 5232 viventis
1613 5186 1672 5232 et
1701 5180 2023 5236 manentis?

424 5262 716 5326 Quomodo
774 5263 874 5319 ﬁlii
930 5265 1154 5336 Sponsi,
1207 5269 1490 5338 apostoli?
1539 5271 1830 5336 Quomodo
1871 5272 2020 5329 ﬁlius

424 5353 582 5409 Pauli
608 5352 906 5411 Onezimus
936 5374 1100 5428 quem
1135 5361 1328 5430 genuit
1354 5362 1594 5418 vinculis
1627 5363 1786 5420 suis?
1811 5365 2016 5422 Natura

425 5456 611 5502 autem
666 5446 810 5504 ﬁlios
855 5451 950 5505 irae
990 5463 1049 5506 et
1099 5453 1240 5510 ﬁlios
1282 5455 1612 5526 iniquitatis,
1641 5470 1718 5525 et,
1745 5471 2014 5529 econtra,

424 5537 573 5594 ﬁlios
612 5539 777 5606 lucis,
811 5540 958 5596 ﬁlios
992 5543 1138 5608 vitaa,
1179 5553 1237 5602 et
1267 5548 1372 5602 alia
1411 5549 1612 5604 similia
1640 5549 1751 5606 dici
1776 5550 1832 5606 in
1862 5551 2017 5607 Scri-

423 5637 587 5698 ptura
620 5645 798 5698 sacra,
837 5648 959 5703 quae
1007 5635 1148 5689 ratio
1191 5637 1512 5708 disposuit?
1556 5640 1847 5708 Quomodo
1883 5657 2016 5699 eve-

422 5718 670 5775 nientem
715 5721 851 5792 ipsis
897 5723 1061 5778 talem
1114 5726 1332 5784 ruinam
1378 5741 1476 5785 aut
1521 5733 2010 5797 resurrectionem,

422 5825 604 5882 neque
639 5813 803 5869 simul
824 5830 952 5872 cum
981 5817 1324 5886 exsistentia,
1344 5836 1526 5893 neque
1550 5822 1620 5878 ab
1645 5837 1712 5879 eo
1737 5825 1831 5895 qui
1859 5825 2014 5882 dedit

426 5903 840 5974 exsistentiam,
891 5916 1076 5964 tamen
1119 5910 1402 5982 propriam
1445 5914 1880 5985 generationem,
1920 5933 2010 5973 se-

2126 4704 2265 4762 εῐναι
2295 4709 2359 4764 ἐκ
2388 4727 2534 4776 τινος
2572 4711 2685 4782 εχει
2713 4730 2729 4780 ;
2775 4714 2872 4767 κα)⁴
2901 4714 3018 4778 πῶς
3035 4715 3144 4785 Σὴθ
3182 4715 3277 4768 καὶ
3303 4718 3350 4770 οἱ
3400 4715 3499 4770 ἀπ’
3525 4715 3715 4777 αὐτοῦ.

2126 4801 2277 4867 θείας
2317 4802 2567 4875 υίότητος
2597 4803 2882 4869 ἀξιοῦνται
2951 4810 3045 4860 καὶ
3104 4809 3212 4861 υἱοὶ
3235 4807 3371 4862 Θεοῦ
3416 4808 3716 4878 λέγονταις

2126 4895 2244 4959 πῶς
2271 4896 2328 4950 δὲ
2360 4897 2468 4950 υἱοὶ
2506 4897 2725 4970 Ἰσραὴλ
2748 4901 2798 4952 οἱ
2830 4900 2890 4967 ἐξ
2935 4900 3251 4965 ’1ουδαίων;
3286 4903 3404 4966 πῶς
3456 4904 3515 4956 δὲ
3544 4905 3720 4958 τέκνα

2123 4985 2260 5040 Θεοῦ
2291 4987 2361 5041 τὰ
2392 4988 2559 5043 τέκνα
2601 4991 2700 5060 τῆς
2731 4992 3067 5060 ἐπαγγελίας
3101 4995 3194 5048 τοῦ
3221 4994 3358 5048 Θεοῦ
3383 5011 3398 5060 ;
3452 4995 3591 5049 ἁλλά
3623 5000 3717 5051 καὶ

2122 5082 2170 5134 οἱ
2193 5083 2690 5155 ἀναγεγεννημένοι
2716 5086 2783 5139 ὲκ
2830 5087 3039 5158 σπορᾶς
3089 5087 3370 5158 ἀφθάρτου
3413 5089 3507 5144 διὰ
3552 5090 3719 5160 λόγου

2122 5171 2327 5238 ζῶντος
2391 5175 2528 5228 Θεοῦ
2620 5177 2716 5231 καὶ
2782 5177 3076 5248 μένοντος;
3161 5179 3278 5242 πῶς
3334 5180 3392 5233 δὲ
3447 5182 3556 5235 υίοὶ
3622 5182 3719 5236 τοῦ

2120 5267 2412 5339 νυμφῶνος
2465 5269 2517 5322 οί
2583 5270 2910 5338 ἀπόστολοι;
2969 5273 3089 5336 πῶς
3131 5273 3188 5327 δὲ
3260 5275 3552 5346 Ὀνήσιμος
3606 5279 3720 5340 υἱὸς

2122 5359 2338 5414 Παύλου
2399 5360 2461 5414 ὃν
2503 5362 2764 5435 ἐγέννησε
2820 5367 2936 5428 τοῖς
3005 5365 3224 5436 δεσμοῖς
3268 5367 3478 5435 αὐτοῦς
3554 5367 3718 5438 φύσει

2118 5451 2176 5505 δὲ
2259 5452 2426 5509 τέκνα
2484 5455 2657 5528 ὀργῆς
2711 5457 2806 5511 καὶ
2871 5459 3021 5519 υἱοὺς
3093 5459 3367 5530 ἀνομίας,
3420 5460 3454 5532 ἢ
3551 5462 3719 5515 πάλιν

2119 5547 2270 5611 υἱοὺς
2332 5548 2512 5617 φωτὸς
2573 5549 2673 5603 καὶ
2729 5549 3030 5620 ζωῆςκαὶ
3103 5553 3173 5607 τὰ
3235 5553 3462 5608 τοιαῦτα
3540 5571 3715 5627 προσ-

2117 5640 2480 5713 ἀγορεύεσθαι
2533 5645 2591 5697 ὲν
2634 5647 2698 5716 τῇ
2755 5646 2890 5718 ἁγίᾳ
2945 5647 3163 5719 Γραφῇ,
3210 5649 3297 5713 τίς
3345 5648 3506 5717 λόγος
3562 5666 3713 5721 παρο

2117 5733 2414 5790 εσκεύασεν
2440 5753 2456 5804 ;
2487 5735 2520 5808 ἢ
2553 5737 2670 5802 πῶς
2696 5739 2797 5809 τὴν
2824 5739 3240 5812 συμϐεϐηκυῖαν
3303 5744 3498 5805 αὐτοῖς
3529 5743 3710 5799 τοιάν-

2115 5828 2173 5880 δε
2213 5825 2569 5881 κατάπτωσιν
2605 5829 2640 5900 ἢ
2671 5831 2970 5886 ἀνάστασιν
2997 5831 3123 5888 οὔτε
3165 5835 3264 5888 σὺν
3293 5834 3374 5905 τῷ
3397 5833 3561 5900 εἶναι,
3587 5834 3712 5889 οὐδὲ

2115 5919 2180 5974 ὲκ
2219 5919 2313 5974 τοῦ
2338 5919 2402 5974 τὸ
2431 5916 2572 5978 εἶναι
2600 5923 2800 5994 δόντος,
2833 5927 2984 5998 ὅμως
3015 5927 3221 5999 κυρίως
3267 5929 3524 5999 γέννησιν
3565 5929 3706 5985 καθὸ
