4042 6568
336 474 473 547 1681

1295 480 1694 544 ADVERSUS
1731 478 2281 544 NESTORIANOS.
2313 504 2382 516 ·-
2403 484 2551 545 LIB.
2592 483 2693 547 IV.

3461 421 3601 547 περ

328 603 551 673 λέγεται
580 603 779 675 ῑσμεν;
813 606 864 660 εί
893 604 1005 678 γὰρ
1035 606 1197 677 μόνον
1224 607 1291 658 ὲκ
1316 604 1416 673 τῆς
1440 602 1538 657 τοῦ
1561 599 1704 659 εἶναι
1741 603 1920 666 αἰτίας

2031 600 2267 657 cundum
2297 600 2446 672 quod
2511 600 2740 667 dicitur,
2765 600 3011 657 scimus?
3047 599 3105 656 Si
3153 599 3305 656 enim
3359 608 3598 655 tantum-

329 698 433 765 τὴν
460 696 686 769 υίότητα
710 697 918 753 τούτων
947 700 1245 770 γνωρίζετε
1282 695 1448 763 εἶναι,
1478 697 1634 751 ἔσται
1668 698 1814 767 ὑμᾶς
1861 696 1923 761 ἐξ

331 788 583 861 ἀνάγκης
608 790 879 858 δοξάζειν,
917 793 993 855 ὡς
1028 792 1232 856 Ἰούδας
1259 810 1319 846 τε
1346 791 1441 845 καὶ
1467 793 1497 846 6
1526 790 1773 855 διάϐολος
1799 792 1923 844 ἐπεὶ

333 881 443 933 υίοὶ
483 878 738 949 λέγονται
792 881 1089 947 ἀπωλείας,
1124 881 1256 953 παρ’
1286 882 1459 951 αὐτῆς
1525 881 1620 935 καὶ
1665 882 1726 934 τὸ
1780 875 1921 935 εἶναι

332 971 548 1027 ἔλαδοψ
567 974 694 1029 εἰδὲ
711 975 803 1029 καὶ
830 976 989 1045 ὑμεῖς
1015 992 1174 1044 φατε,
1192 975 1356 1028 ὅτιτὸ
1387 974 1489 1045 μὲν
1509 970 1651 1029 εἶναι
1676 974 1704 1027 6
1720 972 1922 1037 Ἰούδας

339 1063 444 1119 καὶ
509 1066 561 1119 ot
611 1067 791 1121 λοιποὶ
821 1069 874 1121 οί
913 1067 1036 1122 κατ’
1063 1067 1246 1133 αὑτὸν,
1273 1067 1338 1121 ὲκ
1363 1065 1499 1120 Θεοῦ
1529 1064 1687 1136 ἔσχον
1724 1081 1738 1094 ·
1773 1067 1834 1118 τὸ
1866 1065 1923 1119 δὲ

335 1156 563 1211 τοιῶσδε
591 1152 756 1223 εἶναι,
778 1157 880 1212 οὐκ
907 1157 1066 1229 ἐσχον
1091 1158 1156 1210 ὲκ
1181 1156 1318 1210 Θεοῦ
1345 1174 1359 1189 ο
1396 1156 1532 1211 καθὸ
1563 1154 1817 1226 λέγονταί
1840 1172 1924 1208 τι-

338 1267 431 1315 νες
453 1250 564 1304 υίοῖ¹
593 1250 823 1313 σκότους
851 1252 947 1305 καὶ⁸
980 1250 1229 1321 κατάρας
1258 1252 1325 1320 τῇ
1360 1246 1641 1321 ὁμωνύμῳ
1671 1247 1881 1318 υἱότητι
1904 1284 1921 1310 ,

335 1341 461 1395 καθ’
495 1341 737 1413 ἑκάτερα
783 1339 1117 1410 διεγνώκατε
1174 1339 1506 1411 λεγομένους
1557 1338 1707 1401 υἱούς
1731 1353 1744 1367 ·
1779 1338 1838 1390 ὲν
1866 1336 1924 1390 δὲ

332 1436 449 1497 τοῖς
492 1434 832 1505 όμωνύμοις,
858 1432 1013 1487 οὐδὲν
1066 1430 1272 1501 μᾶλλον
1318 1429 1415 1484 τοῦ
1476 1429 1667 1502 ἑτέρου
1713 1429 1925 1501 κυρίως

333 1524 650 1595 ὠνόμασται
677 1540 690 1553 ·
714 1523 773 1578 οῖ
789 1540 851 1577 τε
878 1522 989 1595 γὰρ
1010 1522 1174 1577 πάλιν
1198 1521 1263 1575 ὲκ
1302 1521 1594 1592 μετανοίας
1624 1521 1762 1593 πρὸς
1783 1522 1916 1592 ἁρε-

338 1614 441 1685 τὴν
468 1615 564 1668 καὶ
591 1614 682 1669 διὰ
713 1615 953 1680 πίστεως
990 1615 1069 1686 τῷ
1098 1612 1380 1685 Πνεύματι
1418 1613 1880 1686 ἁναγεννηθέντες
1898 1653 1914 1678 ,

334 1705 444 1762 olet
474 1707 788 1778 Νυμιρῶνικ⁵
818 1709 914 1763 καὶ
938 1707 1106 1763 τέκνα
1131 1705 1415 1779 βασιλείας
1454 1707 1549 1761 καί
1585 1705 1655 1762 τὰ
1694 1706 1920 1762 τοιαῦτα

332 1802 432 1859 καὶ
464 1802 597 1873 ὑμῖν
626 1802 1031 1874 ὡμολόγηνται.

2018 693 2183 748 modo
2212 708 2281 748 ex
2304 708 2468 749 causa
2482 708 2596 747 sua:
2611 692 2947 748 exsistentiae
2966 692 3171 746 habere
3186 690 3322 747 istos
3345 706 3501 746 suam
3535 691 3602 744 ti-

2017 784 2304 840 liationem
2337 784 2561 849 ducitis,
2592 784 2904 839 necessario
2934 784 3091 840 vobis
3114 783 3469 840 sentiendum
3494 782 3606 839 erit

2019 886 2077 935 et
2105 877 2304 944 ludam
2333 886 2390 932 et
2415 876 2721 943 diabolum,
2758 878 2887 947 quia
2917 877 3180 932 dicuntur
3208 877 3306 932 filii
3339 877 3607 949 perditio-

2019 970 2129 1037 nis,
2161 970 2231 1025 ah
2260 970 2376 1041 ipsa
2412 984 2636 1040 quoque
2671 968 3047 1023 exsistentiam
3077 970 3390 1040 accepisse;
3415 970 3548 1024 dum
3571 982 3605 1024 ε

2021 1073 2217 1120 contra
2260 1070 2317 1118 et
2349 1078 2448 1117 vos
2475 1060 2664 1117 dicitis
2694 1076 2816 1117 esse
2859 1062 3083 1131 quidem
3124 1078 3286 1117 suum
3323 1061 3520 1117 Judam
3550 1070 3608 1119 et

2022 1156 2164 1211 alios
2207 1155 2515 1210 secundum
2554 1169 2707 1221 cum,
2756 1169 2787 1208 a
2830 1154 2944 1210 Deo
2993 1154 3234 1221 habere;
3268 1171 3390 1211 esse
3419 1167 3607 1211 autem

2024 1248 2165 1304 tales
2196 1248 2305 1303 hoc
2326 1263 2395 1303 ex
2419 1248 2532 1302 Deo
2562 1262 2673 1302 non
2698 1245 2927 1302 habere.
2959 1246 3019 1300 1n
3044 1254 3314 1315 quantum
3343 1245 3608 1301 dicuntur

2023 1341 2250 1411 quidam
2300 1340 2399 1395 filii
2443 1340 2801 1395 tenebrarum
2854 1348 2911 1395 et
2960 1338 3364 1394 maledictionis
3414 1339 3609 1392 homo-

2023 1448 2189 1504 nyma
2214 1432 2503 1493 ﬁliatione,
2534 1432 2637 1488 hos
2671 1431 2974 1487 secundum
3006 1440 3303 1499 utrumque
3327 1428 3437 1483 dici
3466 1428 3610 1485 ﬁlios

2026 1525 2349 1598 agnovistis.
2402 1526 2465 1581 In
2512 1526 2863 1599 homonymis
2907 1536 3090 1581 autem
3129 1535 3390 1580 neutrum
3434 1527 3611 1581 altero

2026 1619 2324 1688 specialius
2365 1619 2775 1677 denominatur.
2816 1620 2919 1688 Qui
2960 1621 3106 1675 enim
3132 1620 3334 1675 iterum
3365 1634 3464 1689 per
3497 1635 3613 1689 pm-

2024 1710 2316 1765 nitentiam
2341 1710 2410 1765 ad
2427 1711 2715 1779 virtutem,
2733 1721 2790 1768 ct
2811 1728 2908 1782 per
2925 1711 3089 1767 fidem
3110 1712 3167 1766 in
3199 1712 3465 1782 Spiritum
3486 1727 3613 1767 san-

2038 1812 2189 1859 etum
2244 1805 2553 1874 regenerati
2610 1816 2738 1869 sunt
2764 1846 2779 1863 .
2814 1804 2913 1862 ﬁlii
2973 1806 3191 1877 Sponsi,
3221 1816 3277 1862 et
3305 1805 3400 1860 filii
3431 1804 3608 1876 regni,

2033 1904 2090 1950 et
2110 1895 2217 1950 alia
2240 1896 2463 1963 similia,
2499 1908 2556 1952 et
2591 1913 2623 1954 a
2655 1898 2816 1956 vobis
2853 1899 2988 1969 ipsis
3012 1898 3180 1970 agniti
3206 1908 3357 1953 sunt.

401 1989 517 2044 Καὶ
561 1988 684 2053 πῶς
723 1989 785 2042 οὗ
827 1988 1097 2046 δεδώκατε
1132 1992 1196 2046 τὸ
1225 1990 1562 2063 ζητούμενον
1604 1991 1771 2063 mihi;
1809 1988 1920 2043 ἰδοὺ

2100 1991 2167 2048 Ει
2210 1994 2493 2064 quomodo
2537 2010 2650 2050 non
2688 1996 3040 2051 concessistis
3064 1996 3211 2066 quod
3238 2012 3341 2052 nos
3372 1997 3612 2067 postula-

330 2083 442 2154 γὰρ
467 2081 531 2137 τὺ
564 2081 790 2137 τοιῶσδε
813 2077 978 2147 εἶναι,
1005 2085 1099 2139 καὶ
1122 2084 1333 2139 τοιοῦδέ
1352 2102 1501 2149 τινος
1530 2083 1917 2155 μετειληφέναι

329 2176 475 2242 τινὰ,
514 2174 776 2239 πολλάκις
817 2175 919 2246 μὲν
950 2177 1217 2243 ἐνουσίου,
1250 2177 1515 2240 πολλάκις
1563 2178 1622 2232 δὲ
1681 2178 1775 2230 καὶ⁵
1821 2177 1917 2230 ἀν-

330 2269 639 2326 υποστάτου
663 2268 833 2334 τινὸς,
874 2268 991 2322 υίδν
1017 2269 1175 2323 τοῦδε
1205 2268 1424 2342 ἀληθῶς
1472 2264 1611 2321 εἶναι
1638 2269 1733 2321 καὶ
1760 2267 1920 2336 λέγε-

335 2362 461 2415 σθαι
489 2360 655 2415 αὑτὸν
687 2363 833 2414 ποιεί
857 2379 871 2393 ο
903 2363 963 2415 ὲν
992 2362 1100 2431 γὰρ
1128 2363 1242 2425 τοῖς
1289 2360 1628 2431 όμωνύμοις,
1655 2359 1731 2423 ὡς
1766 2358 1923 2430 εἴρη-

333 2468 445 2513 ται,
478 2450 580 2505 οὐκ
628 2449 775 2504 ἐστιν
805 2449 996 2522 ἕτερον
1043 2451 1232 2522 ἐτέρου
1289 2449 1489 2520 μᾶλλον
1518 2448 1552 2518 ἢ
1583 2447 1923 2519 κυριώτερον

332 2540 664 2614 λεγόμενον·
698 2543 749 2596 εί
794 2541 907 2612 γὰρ
953 2542 1050 2594 καὶ
1086 2543 1149 2595 τὸ
1201 2541 1340 2607 ζῶον
1384 2540 1480 2594 τοῦ
1526 2540 1921 2610 γεγραμμένου

337 2634 539 2705 μᾶλλον
590 2634 759 2699 δοκεῖ,
820 2636 914 2688 καὶ
958 2635 1314 2705 κυριωτέρως
1366 2633 1487 2686 τόδε
1534 2652 1588 2687 τι
1644 2632 1920 2701 λέγεσθαι,

337 2728 576 2800 ἀλλὀὐχ
620 2728 697 2791 ὡς
755 2729 1050 2800 ὁμώνυμον
1100 2727 1224 2781 τότε
1252 2765 1268 2792 ,
1325 2726 1442 2781 ἀλλ’
1470 2726 1547 2789 ὡς
1602 2726 1664 2779 οὐ
1718 2726 1925 2796 κυρίως

336 2818 730 2891 ὠνομασμένον
748 2818 810 2873 τὸ
832 2819 1039 2890 κυρίως
1063 2817 1369 2889 ὀνομασθέν
1396 2832 1410 2846 °
1445 2816 1540 2870 δύο
1562 2815 1694 2885 γοῦν
1718 2816 1924 2886 κυρίως

336 2912 749 2984 ὠνομασμένων
776 2914 809 2983 ἡ
845 2911 1141 2983 ὁμωνυμία
1189 2911 1289 2982 οὐχ
1338 2910 1450 2977 ἔξει
1476 2909 1611 2963 ποτὲ
1634 2908 1696 2962 τὸ
1725 2907 1925 2979 μᾶλλον

338 3008 436 3062 καὶ
456 3001 621 3080 ἧττον
640 3021 655 3037 ⁸
683 3005 746 3060 οὐ
775 3006 886 3078 γὰρ
919 3005 1121 3076 μᾶλλον
1152 3003 1301 3059 κύων
1326 3006 1354 3057 ὁ
1383 3005 1641 3076 χερσαῖος
1692 3001 1726 3076 ἢ
1761 3002 1790 3055 6
1826 3001 1925 3054 θα-

336 3101 575 3167 λάττιος,
600 3092 766 3173 ἦττον
794 3097 933 3164 ζῶον
951 3097 984 3170 ἢ
1005 3097 1173 3153 κύων.
1197 3097 1273 3152 T6
1298 3099 1686 3168 γεγραμμένον
1709 3094 1823 3158 οὖν,
1850 3094 1928 3160 ὡς

340 3194 515 3265 αἴτιον
548 3193 582 3266 ἥ
614 3191 970 3264 παράδειγμα
1003 3192 1039 3263 ἦ
1068 3207 1125 3244 τι
1163 3189 1408 3244 τοιοῦτον
1439 3190 1503 3243 τὸ
1536 3188 1737 3259 μᾶλλον
1766 3187 1882 3256 ἔχει
1908 3203 1925 3218 ·

339 3289 518 3355 ἄλλως
538 3306 599 3342 τε
621 3289 672 3343 εί
694 3286 793 3341 τοῦ
820 3282 963 3341 εἶναι
994 3283 1159 3338 αὑτοῦ
1191 3284 1370 3337 αἴτιον
1399 3279 1539 3337 εἶναι
1563 3283 1645 3336 δεῖ
1669 3281 1761 3335 τὸν
1789 3280 1926 3351 ἁλη-

339 3383 449 3448 θῶς
488 3381 783 3451 λεγόμενον
828 3380 1008 3433 τεκεῖν
1057 3376 1258 3441 πάντα,
1284 3375 1460 3438 οὐδεὶς
1488 3372 1777 3444 ἄνθρωπος
1829 3372 1929 3426 ἁν-

341 3476 565 3546 θρώπου
589 3475 778 3545 πατήρ
798 3490 811 3504 ·
842 3472 965 3526 οὐδὲ
989 3470 1181 3540 ἕτερον
1215 3469 1354 3531 ζῶον
1389 3465 1529 3533 ζῶον
1563 3466 1749 3538 ἕτερον
1777 3465 1931 3519 τέτοο

341 3583 405 3619 κε
427 3580 441 3594 ο
468 3563 651 3636 ψυχὴν
680 3562 792 3633 γὰρ
819 3562 1079 3633 νοητικὴν
1107 3560 1142 3630 ἢ
1176 3558 1524 3630 αἰσθητικὴν,
1547 3558 1649 3611 οὐκ
1692 3556 1808 3628 ἔχει
1861 3554 1933 3609 τὰ

344 3656 641 3729 σπέρματα
667 3671 683 3687 ο
715 3654 851 3710 ἀλλὰ
909 3654 1051 3726 μετά
1104 3652 1206 3724 τὴν
1255 3652 1538 3723 μόρφωσιν
1577 3651 1671 3703 καὶ
1719 3650 1933 3703 τελείαν

341 3747 704 3819 διοργάνωσιν
765 3744 863 3800 τοῦ
926 3743 1139 3816 ἀψύχου
1194 3742 1436 3815 ἔμϐρύου
1466 3782 1483 3808 ,
1531 3740 1800 3812 ψυχοῦται
1870 3741 1932 3795 τὺ

344 3840 487 3903 ζῶον
514 3839 591 3909 (6)
617 3838 713 3893 καὶ
740 3836 978 3908 μάλιστα
999 3835 1287 3906 ἄνθρωπος
1320 3834 1427 3888 ὑπὸ
1451 3834 1548 3888 τοῦ
1604 3834 1935 3895 πλάττοντος

343 3930 569 4002 πνεῦμα
631 3928 927 4002 ἀνθρώπου
979 3930 1039 3982 ὲν
1091 3927 1244 3999 αὐτῷ
1302 3926 1439 3981 Θεοῦ
1474 3941 1489 3955 ⁶
1518 3925 1599 3980 διὸ
1648 3926 1743 3980 καὶ
1766 3923 1932 3995 φονέα

346 4021 512 4088 ζώου,
550 4022 651 4094 τὴν
700 4020 839 4091 μετὰ
880 4021 981 4091 τὴν
1011 4018 1388 4089 διαμόρφωσιν
1426 4015 1601 4069 αἴτιον
1626 4018 1728 4084 τῆς
1758 4014 1934 4084 ἐξαμ-

345 4113 621 4180 ϐλώσεως,
648 4114 826 4185 κρίνει
851 4114 880 4166 ό
911 4112 1056 4175 θεῖος
1091 4112 1255 4182 νόμος
1280 4126 1295 4143 ⁸
1336 4109 1445 4181 ἄρα
1472 4105 1567 4162 οὖν
1604 4106 1932 4179 σαρκοτόκοι

349 4204 511 4275 μόνον
539 4204 637 4259 καλ⁸
670 4203 908 4276 μάλιστα
939 4204 990 4256 οἱ
1026 4203 1263 4267 πατέρες
1292 4217 1306 4232 ο
1343 4202 1519 4265 οὐδεὶς
1560 4200 1618 4253 δὲ
1648 4200 1936 4271 ἀνθρωπο-

346 4298 504 4362 1ιςόκος
535 4296 660 4352 καθ’
692 4298 836 4367 ὑμᾶς
864 4299 1010 4349 ἐστιν
1034 4311 1049 4327 ⁶
1084 4294 1228 4349 οὕτω
1251 4296 1309 4349 δὲ
1342 4295 1464 4349 ἐπεὶ
1498 4296 1585 4366 ρεῖ
1610 4293 1935 4365 καθημέραν

347 4392 443 4444 καὶ
472 4388 762 4462 ἀμείϐεται
790 4390 848 4443 τὸ
874 4390 1057 4460 σῶμα,
1084 4390 1181 4443 καὶ
1211 4388 1332 4442 οὐδὲ
1353 4390 1410 4442 ὲν
1429 4388 1510 4459 τῷ
1542 4385 1757 4459 σώματι
1784 4387 1939 4441 ἔσται

347 4496 430 4543 τις
491 4482 657 4551 μοῖρα
701 4479 778 4551 τῷ
831 4481 1009 4551 χρόνῳ
1039 4479 1149 4532 τῶν
1188 4478 1414 4548 γονέων,
1451 4479 1575 4531 οὐδὲ
1599 4478 1703 4548 τῆς
1731 4478 1938 4549 σαρκὸς

350 4571 461 4626 εἷεν
519 4576 763 4645 πατέρες
787 4591 803 4607 ·
862 4576 999 4628 ἀλλὰ
1056 4575 1152 4628 καὶ
1212 4576 1395 4647 γέρων
1442 4576 1472 4628 ό
1517 4575 1706 4628 Ἰσαὰκ
1755 4576 1933 4645 πάντη

2020 2086 2188 2142 mus?
2220 2088 2361 2143 Ecce
2390 2089 2539 2145 enim
2569 2089 2866 2158 quemdam
2891 2104 3013 2145 esse
3054 2090 3149 2143 tali
3184 2090 3370 2152 modo,
3402 2098 3459 2145 et
3487 2106 3613 2160 par-

2023 2178 2255 2249 ticipare
2300 2196 2369 2235 ex
2406 2181 2595 2252 aliquo
2636 2182 2729 2237 tali
2773 2197 2916 2252 saepe
2963 2182 3187 2252 quidem
3233 2183 3609 2249 substantiaii,

2024 2287 2168 2342 sape
2202 2289 2337 2329 vero
2366 2291 2477 2329 non
2511 2275 2887 2341 substantiali,
2921 2274 3053 2330 facit
3081 2284 3142 2330 ut
3168 2292 3302 2332 vere
3332 2277 3478 2331 ﬁlius
3509 2277 3613 2331 hu-

2018 2365 2109 2437 jus
2143 2366 2215 2420 sit
2240 2374 2296 2421 et
2322 2366 2562 2423 dicatur.
2587 2368 2724 2422 Nam
2753 2368 2809 2422 in
2849 2368 3220 2439 homonymis,
3268 2380 3328 2424 ut
3373 2370 3485 2439 jam
3529 2369 3614 2423 dio

2022 2465 2174 2512 ctum
2213 2468 2319 2523 est,
2347 2466 2612 2514 neutrum
2641 2468 2726 2514 est
2772 2460 2945 2514 altero
2977 2460 3150 2530 magis
3189 2460 3274 2515 vel
3318 2461 3615 2529 specialius

2023 2549 2464 2607 denominatum.
2494 2551 2551 2605 Si
2581 2552 2730 2605 enim
2765 2552 2969 2605 animal
3002 2551 3222 2606 videtur
3256 2553 3467 2621 aliquid
3502 2553 3614 2608 dici

2025 2642 2197 2713 magis
2223 2650 2320 2697 aut
2343 2644 2638 2713 specialius
2665 2660 2829 2714 quam
2859 2654 2945 2700 est
2973 2644 3320 2715 inscriptum,
3355 2632 3467 2717 jam
3502 2663 3615 2702 non

2024 2742 2111 2789 est
2128 2742 2387 2803 tanquam
2407 2734 2824 2806 homonymum,
2845 2735 2942 2790 sed
2970 2745 3229 2805 tanquam
3263 2738 3488 2806 proprie
3515 2737 3616 2793 de-

2025 2827 2393 2891 nominatum,
2410 2828 2584 2882 altero
2600 2843 2712 2882 non
2725 2828 2955 2899 proprie
2977 2828 3351 2884 denominato.
3374 2830 3617 2885 Duorum

2029 2917 2200 2989 igitur
2236 2919 2459 2989 preprie
2504 2919 2921 2975 nominatorum
2949 2920 3305 2992 homonymia
3333 2938 3617 2992 nunquam

2030 3009 2394 3080 habebitplus
2405 3016 2499 3065 aut
2512 3010 2715 3066 minus.
2736 3010 2858 3066 Non
2878 3011 3026 3066 enim
3043 3012 3197 3068 canis
3215 3014 3491 3069 terrestris
3501 3031 3618 3069 ma-

2029 3102 2115 3174 gis
2147 3110 2234 3157 est
2259 3102 2414 3158 canis
2441 3118 2607 3173 quam
2624 3104 2778 3159 canis
2803 3103 3071 3168 marinus,
3094 3120 3274 3173 neque
3297 3105 3482 3161 minus
3502 3107 3623 3161 ani-

2031 3195 2141 3250 mal
2158 3210 2324 3265 quam
2340 3195 2516 3251 canis.
2537 3196 2708 3267 Igitur
2727 3196 3145 3252 denominatum
3169 3207 3427 3269 tauquam
3452 3215 3620 3255 causa

2030 3295 2127 3342 aut
2155 3287 2436 3357 exemplar
2467 3297 2563 3343 aut
2604 3287 2815 3358 aliquid
2837 3288 3042 3344 simile.
3082 3289 3401 3345 Pmsertim
3428 3290 3473 3344 si
3500 3292 3622 3360 ejus

2031 3395 2257 3436 causam
2306 3379 2643 3435 exsistentia:
2688 3391 2908 3450 oportet
2941 3397 3063 3438 esse
3112 3397 3241 3439 eum
3279 3382 3376 3451 qui
3415 3381 3624 3437 dicitur

2027 3470 2286 3544 genuisse
2329 3471 2537 3538 omnia,
2587 3473 2776 3529 nullus
2818 3474 2986 3529 homo
3030 3482 3117 3530 est
3158 3474 3401 3530 hominis
3441 3484 3620 3545 pater,

2028 3581 2210 3636 neque
2244 3566 2418 3621 ullum
2464 3566 2669 3622 animal
2715 3568 2955 3624 alterum
3001 3568 3203 3623 animal
3240 3568 3471 3639 genuit:
3503 3568 3625 3623 ani-

2030 3671 2178 3712 mam
2217 3656 2366 3712 enim
2396 3657 2510 3713 sive
2542 3657 2972 3713 intellectualem
3008 3658 3125 3713 sive
3161 3659 3495 3714 sensitivam
3531 3674 3622 3712 se-

2030 3746 2181 3801 mina
2221 3761 2334 3801 non
2366 3745 2597 3801 habent.
2631 3745 2739 3801 Sed
2768 3755 2895 3818 post
2952 3746 3340 3802 formationem
3367 3756 3423 3801 ct
3452 3748 3627 3818 perfe-

2034 3847 2176 3893 ctam
2196 3838 2573 3893 membrorum
2626 3838 3050 3909 dispositionem
3101 3839 3391 3895 inanimati
3444 3840 3624 3906 fetus,

2033 3930 2315 3986 animatur
2336 3930 2540 3985 animal
2563 3940 2620 3986 et
2652 3931 2962 4003 praesertim
2997 3932 3163 3986 homo
3187 3947 3217 3986 a
3246 3931 3456 3986 factore
3498 3946 3624 3995 suo,

2033 4021 2148 4078 Deo
2193 4021 2500 4092 inspirante
2546 4022 2604 4077 in
2657 4038 2727 4078 eo
2772 4022 3028 4094 spiritum
3079 4022 3345 4078 hominis.
3399 4023 3528 4077 ideo
3571 4032 3629 4077 et

2036 4122 2298 4185 tanquam
2328 4115 2585 4172 animalis
2612 4115 3021 4171 interfectorem
3055 4116 3391 4171 condemnat
3423 4116 3509 4171 lex
3538 4114 3627 4169 di-

2035 4208 2164 4263 vina
2191 4223 2320 4264 eum
2349 4209 2445 4280 qui
2476 4218 2602 4282 post
2629 4209 3021 4265 formationem
3050 4218 3314 4280 procurat
3345 4210 3624 4264 abortum.

2037 4300 2211 4372 Igitur
2238 4302 2423 4358 carnis
2452 4302 2730 4374 genitores
2777 4310 2832 4358 et
2870 4304 3177 4373 praesertim
3223 4312 3354 4357 sunt
3396 4311 3624 4373 patres:

2037 4392 2227 4450 nullus
2254 4403 2463 4462 autem,
2508 4396 2665 4467 juxta
2694 4411 2816 4460 vos,
2852 4396 3097 4451 hominis
3136 4397 3350 4467 genitor
3393 4403 3497 4451 est.
3548 4396 3628 4451 lta

2038 4503 2176 4544 vero
2221 4488 2352 4558 quia
2390 4487 2512 4543 ﬂuit
2539 4488 2595 4541 in
2625 4488 2743 4542 dies
2772 4498 2828 4543 et
2858 4495 3105 4542 mutatur
3133 4503 3354 4559 corpus,
3393 4497 3449 4542 et
3479 4489 3630 4543 nulla

2042 4581 2228 4650 aliqua
2252 4594 2373 4635 sors
2398 4588 2694 4649 parentum
2722 4577 2778 4632 in
2810 4586 3076 4648 tempore,
3106 4593 3217 4633 non
3247 4586 3432 4632 eSSent
3459 4578 3628 4632 etiam

349 4667 544 4737 ἐξέστη
601 4668 697 4720 τοῦ
752 4665 891 4720 εἶναι
930 4668 1045 4732 υίὸς
1096 4667 1353 4739 Ἀϐραὰμ
1384 4668 1481 4720 καὶ
1507 4668 1557 4719 οί
1583 4664 1799 4719 λοιποί·
1841 4667 1928 4719 καὶ

2046 4674 2229 4727 carnis
2254 4680 2547 4743 parentes:
2574 4671 2672 4726 sed
2693 4678 2749 4725 et
2768 4685 2936 4726 senex
2954 4671 3104 4727 Isaac
3127 4671 3306 4727 factus
3332 4682 3415 4728 est
3437 4687 3628 4728 exsors

349 4760 471 4824 πῶς
498 4759 717 4831 εἴρηται
763 4759 870 4812 ὑπὸ
913 4759 1008 4813 τοῦ
1039 4760 1200 4814 Θεοῦ·
1237 4779 1257 4813 ι
1300 4761 1373 4814 Σὺ
1398 4760 1457 4814 δὲ
1496 4759 1773 4831 ἁπελεύσῃ
1804 4760 1928 4829 πρὸς

2047 4766 2332 4820 filiatioms
2362 4764 2632 4820 Abrahae:
2670 4771 2728 4819 et
2758 4764 2837 4819 ita
2872 4763 2986 4819 alii.
3025 4762 3313 4831 Quomodo
3362 4780 3495 4835 ergo
3536 4765 3627 4820 di-

347 4857 479 4920 τοὺς
512 4855 763 4927 πατέρας
794 4872 913 4921 σου,
953 4856 1184 4927 τραφεὶς
1207 4857 1268 4909 ὲν
1289 4858 1450 4926 γήρει
1481 4855 1664 4927 καλῷ;
1707 4876 1726 4909 ι
1773 4856 1938 4910 Ἀλλὰ

350 4949 527 5003 ταῦτα
551 4947 798 5021 πρόδηλα
829 4949 1006 5002 ἄτοπα
1025 4964 1040 4982 ο
1068 4948 1164 5002 καὶ
1198 4949 1308 5017 γὰρ
1348 4949 1511 5012 αὐτὸς
1545 4951 1574 5003 6
1615 4949 1941 5013 Ἀπόστολος

350 5042 525 5111 λέγων
555 5043 685 5107 τοὺς
733 5042 833 5114 μὲν
867 5038 1010 5097 εἶναι
1042 5042 1145 5112 τῆς
1184 5041 1390 5113 σαρκὸς
1413 5042 1678 5112 πατέρας,
1712 5041 1806 5105 οὒς
1843 5042 1940 5096 καὶ

349 5135 583 5208 ἔσχομεν
609 5136 905 5200 παιδευτάς
928 5152 945 5170 ο
973 5136 1070 5189 καὶ
1095 5136 1190 5189 τὸν
1213 5136 1350 5191 Θεὸν
1376 5136 1550 5204 λέγων
1578 5135 1799 5208 Πατέρα
1826 5135 1939 5189 τῶν

348 5228 679 5297 πιευμάτων
705 5224 843 5282 εἶναι
870 5228 1054 5300 μόνον,
1075 5228 1239 5293 αὐτός
1264 5245 1398 5298 φησι
1431 5227 1938 5299 μητέραντιμοθέου

354 5320 614 5391 Εὑνίκην,
639 5320 739 5374 καὶ
761 5323 822 5375 οὐ
858 5322 959 5393 τῆς
990 5321 1194 5394 σαρκὸς
1225 5321 1496 5392 Τιμοθέου
1537 5321 1701 5393 μόνον
1722 5336 1739 5353 ο
1774 5321 1935 5391 δῆλον

349 5407 443 5465 οῦν
463 5411 542 5476 ὡς
561 5411 803 5482 ἀληθῶς,
827 5413 880 5467 εί
910 5414 1008 5468 καὶ
1038 5413 1196 5486 μὴτὸ
1224 5410 1365 5467 εἶναι
1396 5414 1529 5467 αὐτὸ
1556 5412 1767 5480 ἁπλῶς,
1800 5413 1938 5467 ἀλλὰ

350 5501 410 5556 τὸ
446 5502 802 5575 σαρκωθῆναι
861 5505 957 5559 καὶ
1024 5504 1449 5577 σεσαρκωμένος
1497 5502 1642 5559 εἶναι
1676 5508 1704 5558 ὁ
1763 5505 1936 5574 Λόγος

350 5595 513 5666 ἔσχεν
544 5598 608 5652 ὲκ
631 5597 732 5668 τῆς
756 5598 917 5667 ἁγίας
951 5598 1253 5670 Παρθένου,
1280 5598 1411 5663 Υἱός
1438 5616 1498 5652 τε
1527 5598 1745 5668 ἀληθῶς
1766 5601 1938 5669 αὐτῆς

352 5690 512 5743 ἐστι·
546 5688 644 5743 atat
708 5689 975 5759 νεώτερος
1025 5691 1232 5765 ταύτης
1286 5693 1345 5745 ὲν
1395 5691 1475 5764 τῷ
1519 5691 1747 5745 τοιῶσδε
1770 5686 1933 5757 εἶναι,

353 5777 522 5845 ἠγουν
568 5777 822 5844 σύνθετος
860 5781 920 5847 ἐξ
968 5782 1166 5851 ἁπλοῦ,
1214 5784 1309 5839 καὶ
1355 5785 1829 5855 σεσωματωμένος
1882 5783 1943 5850 ἐξ

356 5868 650 5939 ἀσωμάτου
675 5873 999 5939 φανήσεται.

429 5975 455 6004 ι
485 5962 621 6019 Gen.
662 5981 750 6032 av,
786 5965 873 6021 {5.

2046 4864 2200 4911 etum
2224 4863 2308 4909 est
2333 4868 2365 4909 a
2392 4854 2540 4909 Deo:
2579 4871 2598 4906 ι
2625 4852 2710 4909 Tu
2739 4861 2925 4909 autem
2951 4854 3060 4909 ibis
3085 4854 3154 4909 ad
3168 4862 3352 4924 patres
3375 4862 3520 4921 tuos,
3539 4871 3628 4912 se-

2045 4949 2234 5019 pultus
2276 4948 2331 5002 in
2359 4955 2647 5003 senectute
2695 4947 2929 5003 bonax?
2964 4966 2983 4999 ›
3020 4946 3129 5003 Sed
3173 4956 3324 5017 patet
3363 4948 3479 5003 haec
3506 4963 3631 5003 esse

2046 5041 2307 5097 absurda.
2349 5040 2467 5111 Ipse
2514 5039 2665 5095 enim
2696 5040 2994 5111 Apostolus
3032 5039 3226 5096 dicens
3262 5055 3359 5096 eos
3403 5039 3629 5112 quidem

2044 5148 2167 5189 esse
2211 5133 2396 5188 carnis
2441 5142 2660 5203 patres,
2708 5148 2849 5203 quos
2897 5131 3197 5188 habuimus
3241 5131 3532 5201 magistros
3575 5140 3632 5187 et

2049 5228 2221 5283 Deum
2269 5242 2390 5281 esse
2440 5226 2739 5297 spirituum
2794 5242 2965 5281 unum
3019 5236 3252 5297 patrem,
3306 5226 3423 5297 ipse
3472 5233 3632 5281 vocat

2046 5320 2313 5375 Eunieem
2361 5330 2598 5374 matrem
2650 5318 2947 5377 Timothei.
2992 5327 3049 5373 et
3098 5333 3209 5372 non
3259 5327 3470 5374 tantum
3513 5333 3633 5373 ma-

2046 5421 2189 5467 trem
2267 5412 2450 5466 carnis
2527 5410 2825 5466 Timothei.
2908 5411 3064 5466 Patet
3141 5424 3275 5481 ergo
3353 5409 3630 5473 Verbum,

2044 5504 2177 5559 licet
2217 5505 2497 5574 acceperit
2541 5518 2572 5557 a
2613 5510 2802 5557 sancta
2846 5502 3069 5572 Virgine
3107 5516 3217 5556 non
3260 5501 3484 5571 quidem
3511 5514 3633 5554 esse

2043 5595 2392 5666 simpliciter,
2422 5595 2519 5651 sed
2555 5610 2677 5649 esse
2709 5597 3082 5659 incarnatum,
3112 5609 3234 5650 esse
3279 5605 3461 5649 tamen
3498 5607 3634 5648 vero

2048 5690 2170 5760 ejus
2203 5689 2420 5755 filium;
2456 5695 2513 5742 et
2560 5688 2851 5759 apparebit
2879 5687 3000 5759 ipsa
3027 5688 3218 5759 junior
3260 5688 3314 5742 in
3356 5693 3627 5757 quantum

2050 5792 2136 5838 est
2166 5784 2295 5847 tale,
2321 5782 2693 5852 compositum
2722 5781 2936 5839 scilicet
2964 5797 3032 5837 ex
3057 5780 3314 5851 simplici,
3350 5789 3405 5835 et
3434 5791 3635 5848 corpo-

2052 5884 2229 5928 ratum
2262 5890 2327 5929 ex
2361 5873 2710 5944 incorporeo.
