4006 6516
455 619 460 622 -
1047 576 1197 632 CAP.
1235 575 1397 632 XVII.

511 693 670 762 Quod
712 691 936 764 proprie
963 701 1020 746 et
1049 670 1356 746 secundum
1375 688 1664 744 veritatem
1685 687 1949 759 gignitur,
1973 687 2020 742 si

441 783 500 842 in
530 795 776 855 tempore
806 781 1070 855 gignitur,
1108 780 1483 851 potentialiter
1513 788 1721 834 tantum
1753 787 1836 834 est
1866 781 1919 833 in
1939 780 2022 850 gi-

441 889 641 951 gnente
663 885 788 932 ante
809 891 963 932 suam
992 875 1431 944 conceptionem,
1463 875 1608 929 sicut
1639 873 1769 928 Levi
1798 875 1852 927 in
1874 874 2023 927 reni-

441 971 550 1024 bus
577 968 871 1023 Abraham.
903 965 1060 1033 Quod
1093 974 1278 1019 autem
1304 972 1390 1019 est
1412 964 1790 1034 potentialiter
1812 973 2022 1019 tantum

443 1063 500 1117 in
513 1063 791 1134 gignente,
805 1059 1140 1131 principium
1159 1057 1456 1113 exsistendi
1471 1057 1671 1127 accipit
1683 1057 1736 1111 in
1746 1057 2022 1128 gignente.

443 1156 619 1227 Igitur
664 1153 814 1225 quod
846 1152 1068 1224 proprie
1104 1159 1161 1207 et
1185 1151 1492 1207 secundum
1522 1151 1814 1205 veritatem
1852 1149 2029 1220 gigni-

445 1256 560 1311 tur,
596 1244 642 1301 si
681 1245 738 1299 in
776 1253 1023 1314 tempore
1051 1241 1318 1312 gignitur,
1355 1241 1689 1312 principium
1727 1238 2028 1295 exsistendi

446 1339 650 1410 accipit
699 1340 755 1396 in
807 1336 1088 1409 gignente.
1119 1365 1190 1377 —
1213 1335 1294 1390 Ne
1316 1335 1517 1404 szepius
1543 1334 1597 1388 in
1622 1333 1816 1388 iisdem
1861 1333 2029 1387 rebus

446 1429 793 1486 elucidandis
813 1443 1111 1500 nugemur,
1155 1427 1304 1482 omni
1345 1437 1529 1480 vestro
1563 1426 1846 1496 proposito
1866 1425 2031 1495 hujus

444 1515 873 1587 epicherematis
915 1516 1350 1579 consentiamus,
1389 1513 1657 1585 quidquid
1705 1514 1776 1570 sit
1815 1513 1884 1568 de
1925 1530 2027 1580 eo;

448 1626 576 1666 cum
597 1609 784 1665 dicere
806 1609 1082 1680 possimus
1105 1608 1327 1678 proprie
1345 1615 1398 1661 et
1427 1607 1480 1661 in
1515 1616 1762 1677 tempore
1784 1607 2030 1678 genitum

448 1717 571 1759 esse
615 1718 645 1757 a
689 1702 858 1756 Paulo
903 1700 1278 1765 Timotheum,
1322 1715 1425 1756 nec
1451 1708 1636 1756 tamen
1677 1699 1831 1754 illum
1859 1700 2033 1758 fuisse

449 1796 506 1850 in
551 1811 620 1850 eo
667 1793 1066 1864 potentialiter,
1115 1793 1248 1848 dum
1303 1791 1618 1863 Stephanus
1662 1792 2032 1864 lapidabatur.

447 1887 568 1944 Non
595 1887 743 1942 enim
775 1885 1147 1941 necessarium
1184 1895 1270 1940 est
1299 1886 1677 1955 pneexsistere
1727 1886 2034 1942 secundum

1712 461 2019 522 LEONTII
2065 461 2468 523 BYZANTINI

2042 584 2093 642 Α

3564 454 3708 521 1684

2718 571 2970 628 ΚΕΦΛΛ.
3006 571 3102 627 1Ζ’.

2194 691 2267 745 Τὸ
2289 691 2492 761 κυρίως
2551 690 2644 745 καὶ
2703 689 2846 743 κατὰ
2876 689 3138 759 ἀλήθειαν
3179 686 3518 758 τικτόμενον,
3551 689 3601 741 εί
3643 687 3707 740 ἐν

2135 785 2320 856 χρόνῳ
2352 784 2620 844 τίκτεται,
2643 781 2870 851 δυνάμει
2895 782 3057 851 μόνον
3083 779 3234 832 ἐστὶν
3261 781 3320 832 ὲν
3357 779 3433 850 τῷ
3464 779 3710 832 τίκτοντι

2126 876 2234 946 πρὸ
2269 876 2371 945 τῆς
2405 875 2542 938 ιδίας
2573 874 2909 943 συλλήψεως,
2965 871 3044 937 ὡς
3092 872 3150 924 ἐν
3193 873 3261 942 τῇ
3315 871 3408 924 τοῦ
3453 871 3712 940 Ἀϐραὰμ

2125 968 2290 1038 ὀσφύϊ
2319 968 2347 1020 6
2383 967 2514 1020 Λευΐ
2531 985 2546 1000 ο
2573 966 2634 1019 τὸ
2659 965 2716 1018 δὲ
2741 965 2968 1035 δυνάμει
2995 963 3154 1034 μόνον
3178 965 3233 1017 ὲν
3263 963 3341 1032 τῷ
3359 963 3595 1017 τίκτοντι
3621 964 3708 1024 ὃν,

2127 1059 2300 1133 ἀρχὴν
2327 1059 2597 1130 λαμϐάνει
2624 1058 2720 1112 τοῦ
2751 1055 2891 1112 εἶναι
2919 1059 2978 1110 ἐν
3003 1057 3078 1126 τῷ
3099 1056 3337 1109 τίκτοντι
3361 1071 3374 1084 '
3415 1057 3474 1109 τὸ
3499 1055 3712 1124 κυρίως

2130 1153 2239 1222 ἄρα
2272 1150 2367 1204 καὶ
2409 1151 2552 1204 κατὰ
2615 1150 2874 1220 ἀλήθειαν
2927 1152 3268 1220 τικτόμενον,
3315 1153 3364 1204 εἰ
3424 1153 3484 1204 ὲν
3527 1151 3714 1221 χρόνῳ

2131 1246 2401 1311 τίκτεται,
2435 1244 2614 1316 ἀρχὴν
2636 1245 2731 1299 τοῦ
2771 1241 2912 1299 εἶναι
2938 1245 3207 1315 λαμϐάνει
3240 1248 3299 1299 ἐν
3344 1246 3422 1316 τῷ
3447 1246 3712 1300 τίκτοντι.

2134 1339 2250 1393 ἰνα
2286 1338 2360 1410 μὴ
2389 1337 2652 1402 πολλάκις
2683 1337 2815 1409 περὶ
2846 1337 2956 1391 τῶν
3002 1337 3183 1392 αὐτῶν
3212 1339 3341 1410 ὑμῖν
3381 1339 3719 1407 διασαφοῦν-

2130 1448 2222 1495 τες
2253 1429 2419 1502 συλλη
2431 1429 2716 1502 ρῳδῶμεν,
2746 1429 2911 1484 παντὶ
2945 1429 3101 1501 ὑμῶν
3147 1429 3227 1500 τῷ
3255 1430 3443 1502 σκοπῷ
3467 1430 3563 1482 τοῦ
3615 1428 3719 1483 νῦν

2133 1523 2568 1594 ἐπιχειρήματος
2629 1521 3100 1592 συγχωρήσωμεν,
3127 1519 3204 1584 ὡς
3235 1519 3302 1574 ἂν
3349 1519 3498 1591 ἔχοι·
3549 1519 3720 1573 δυνά-

2137 1631 2286 1688 μενοι
2339 1613 2547 1682 λέγειν,
2596 1611 2674 1676 ὡς
2725 1611 2820 1666 καὶ
2863 1595 3070 1685 κυρίως
3105 1612 3198 1665 καὶ
3243 1612 3303 1663 ὲν
3350 1610 3523 1682 χρόνῳ
3555 1610 3721 1678 ἐγεν-

2135 1707 2272 1778 νήθη
2299 1704 2564 1777 Τιμόθεος
2595 1703 2822 1776 Παύλῳο
2857 1705 2953 1757 καὶ
2982 1704 3132 1772 ὅμως
3168 1703 3269 1756 οὐκ
3299 1699 3367 1774 ἦν
3396 1702 3627 1772 δυνάμει
3655 1703 3719 1754 ὲν

2135 1799 2309 1870 αὐτῷ,
2377 1799 2468 1852 ὅτε
2531 1797 2806 1867 Στέφανος
2863 1795 3181 1859 ὲλιθάζετοο
3230 1796 3292 1848 οῦ
3346 1793 3454 1864 γὰρ
3496 1794 3721 1863 ἀνάγκη

2139 1887 2386 1957 προεῖναι
2423 1885 2568 1940 κατὰ
2600 1887 2781 1939 πᾶσαν
2808 1884 3063 1956 γέννησιν
3107 1885 3166 1937 ὲν
3212 1887 3327 1948 τοῖς
3372 1883 3620 1937 τίκτουσι
3647 1883 3724 1936 τὰ

448 1995 674 2034 omnem
748 1978 1164 2050 generationem
1231 1977 1287 2031 in
1365 1977 1720 2048 gignentibus
1771 1993 1834 2033 ea
1911 1996 2036 2050 qua:

2146 1980 2386 2035 ὁπωσοῦν
2407 1979 2706 2049 τικτόμενα
2728 1993 2744 2008 ⁶
2773 1976 2932 2032 τοῦτο
2961 1976 3018 2030 δὲ
3048 1977 3178 2047 ὑμῖν
3203 1975 3440 2048 ἐροῦμεν
3461 2017 3479 2041 ,
3506 1979 3594 2030 ὅτι
3621 1975 3720 2030 τοῦ

448 2072 957 2144 quomodocunque
991 2071 1314 2142 gignuntur.
1340 2069 1478 2125 Illud
1503 2079 1686 2126 autem
1708 2070 1866 2126 vobis
1885 2071 2034 2127 dice-

449 2180 595 2230 mus,
621 2180 690 2220 ex
721 2163 932 2218 naturis
953 2163 1167 2218 scilicet
1194 2161 1410 2217 Domini
1439 2163 1615 2217 nostri
1643 2162 1772 2218 Jcsu
1803 2162 2032 2231 Christi,

447 2260 712 2322 alteram,
757 2256 813 2312 id
867 2265 954 2311 est
999 2266 1255 2311 naturam
1308 2255 1499 2319 Verbi,
1552 2255 1883 2324 principium
1924 2271 2033 2311 non

449 2349 677 2420 quidem
711 2347 1049 2404 exsistentiae
1091 2347 1188 2402 sed
1234 2347 1640 2403 coexsistentia:
1671 2347 1948 2416 accepisse
1981 2347 2036 2402 in

450 2451 640 2498 sancta
673 2441 920 2510 Virgine;
951 2440 1182 2494 alteram
1215 2453 1370 2502 vero,
1401 2454 1598 2509 nempe
1629 2446 1883 2494 naturam
1912 2455 2036 2493 car-

450 2537 560 2600 nis,
590 2534 927 2605 principium
975 2543 1092 2587 tum
1121 2533 1460 2588 exsistentia:
1490 2541 1606 2587 tum
1634 2534 2037 2589 coexsistentize

452 2628 512 2682 in
541 2643 607 2683 ea
641 2627 942 2696 accepisse.
974 2625 1290 2682 Secundum
1315 2627 1639 2681 alterutram
1668 2627 1837 2696 igitur
1868 2627 2038 2680 ratio-

450 2735 580 2774 nem
613 2718 902 2788 utriusque
928 2718 1264 2774 exsistentiae
1289 2718 1459 2789 geniti
1493 2719 1783 2788 compositi
1808 2718 2034 2782 Christi,

451 2826 586 2865 vera
617 2808 872 2865 Genitrix
911 2810 1180 2880 probatur
1231 2810 1538 2866 secundum
1579 2820 1794 2879 tempus
1821 2826 1884 2865 ea
1917 2826 2039 2880 qua:

452 2903 646 2976 genuit
676 2903 964 2974 utriusque
1001 2904 1421 2958 connexionem.
1461 2903 1540 2958 Ex
1580 2919 1648 2957 eo
1686 2905 1836 2957 enim
1867 2904 2036 2972 quod,

456 3005 571 3048 tum
607 2993 676 3048 ad
709 3009 853 3058 esse,
897 3005 1014 3048 tum
1057 2994 1126 3047 ad
1163 3008 1285 3049 esse
1319 2995 1505 3048 taliter
1545 2995 1877 3064 praecedant,
1911 3011 2039 3050 vere

453 3088 735 3159 genitores
760 3095 1028 3142 vocantur
1056 3096 1335 3156 parentes.
1353 3087 1434 3142 Ibi
1464 3096 1648 3141 autem
1678 3103 1802 3142 cum
1831 3103 1936 3141 non
1969 3088 2042 3142 sit

455 3179 725 3235 naturalis
761 3188 975 3250 partus,
1019 3194 1131 3233 non
1165 3179 1433 3234 utendum
1475 3179 1646 3235 verbo
1683 3179 2042 3250 potentialiter

457 3273 657 3329 dixerit
689 3271 962 3342 quispiam
995 3287 1120 3326 cum
1149 3273 1330 3343 agitur
1368 3272 1436 3328 de
1483 3272 1590 3327 hoc
1629 3284 1810 3342 partu.
1841 3289 1874 3327 ο
1906 3273 2042 3344 phy-
2065 3309 2109 3370 Ο

456 3365 578 3426 sici.
607 3365 728 3421 1am
762 3381 873 3419 non
904 3365 1052 3419 enim
1089 3364 1222 3419 illud
1257 3374 1406 3420 esset
1443 3365 1692 3435 operatio
1717 3363 1963 3418 miriﬁca:
1985 3374 2042 3419 et

455 3457 748 3529 stupenda;
777 3456 1021 3512 virtutis.
1056 3456 1110 3513 Si
1146 3467 1330 3512 autem
1366 3473 1475 3512 non
1504 3457 1771 3528 probatur
1799 3458 2041 3511 miracu-

459 3551 577 3612 lum
624 3551 768 3608 ultra
800 3550 952 3606 vires
997 3551 1297 3616 naturales,
1333 3565 1515 3622 neque
1546 3552 1692 3606 Deus
1722 3550 2045 3606 censebitur

460 3645 512 3702 is
560 3644 656 3717 qui
709 3643 1016 3700 secundum
1059 3643 1211 3700 vires
1251 3643 1536 3700 naturales
1581 3643 1802 3715 genitus
1851 3643 2042 3700 fuerit.

1054 3759 1208 3817 CAP.
1263 3759 1450 3816 XVIII.

533 3876 593 3936 Si
639 3877 864 3950 proprie
907 3886 965 3934 et
999 3873 1306 3933 secundum
1352 3873 1648 3931 veritatem
1692 3872 1912 3945 genitus
1960 3879 2046 3927 est

463 3973 611 4030 Deus
656 3972 900 4029 Verbum
945 3985 1013 4028 ex
1055 3969 1313 4034 muliere,
1344 3967 1430 4022 vel
1458 3967 1680 4038 genitus
1726 3965 2047 4036 temporalis

462 4073 572 4131 est,
593 4065 678 4120 vel
700 4063 901 4119 mulier
925 4061 1150 4118 estsine
1181 4069 1454 4132 tempore.
1483 4059 1658 4114 Porro
1687 4072 1868 4128 neque
1900 4058 2048 4112 Deus

461 4167 553 4216 est
573 4157 910 4228 temporalis,
934 4169 1116 4225 neque
1146 4153 1347 4210 mulier
1370 4160 1456 4208 est
1483 4152 1604 4208 sine
1635 4161 1911 4220 tempore;
1935 4167 2047 4205 non

462 4249 635 4321 igitur
673 4247 896 4319 proprie
931 4255 989 4302 et
1029 4245 1335 4302 secundum
1383 4245 1677 4302 veritatem
1716 4243 1935 4315 genitus
1963 4251 2051 4298 est

461 4341 613 4399 Deus
655 4356 723 4397 ex
768 4339 1026 4398 muliere.
1052 4367 1124 4379 —
1151 4336 1223 4394 At
1265 4352 1376 4392 non
1423 4334 1481 4392 in
1521 4350 1665 4401 esse,
1702 4335 1798 4390 sed
1830 4334 1887 4388 in
1925 4349 2047 4389 esse

465 4434 651 4490 taliter
677 4434 790 4505 jam
832 4433 1041 4488 dictum
1075 4439 1162 4486 est
1187 4445 1312 4486 eum
1343 4443 1467 4484 esse
1497 4435 1688 4484 natum
1717 4443 1785 4483 ex
1813 4427 2049 4483 muliere

463 4534 522 4582 et
544 4526 649 4582 sub
686 4535 960 4597 tempore,
993 4539 1028 4580 o
1067 4521 1446 4594 nugacissimi.

1087 4636 1237 4694 CAP.
1271 4635 1412 4694 XIX.

535 4751 595 4808 Si
628 4749 934 4807 secundum
963 4748 1255 4804 veritatem
1300 4746 1475 4802 Filius
1512 4756 1598 4802 est
1625 4744 1868 4816 Virginis
1902 4745 2050 4800 Deus

465 4843 734 4908 Verbum,
769 4841 878 4897 erit
916 4839 1226 4896 secundum
1267 4839 1633 4895 substantiam
1681 4838 1738 4892 id
1778 4837 1926 4908 quod
1965 4845 2051 4892 est

464 4936 584 5008 ipsa
601 4937 853 5009 gignens.
885 4935 1056 4992 Porro
1085 4933 1203 5004 ipsa
1224 4941 1308 4988 est
1332 4933 1534 4987 animal
1558 4931 1827 4986 rationale
1847 4939 2053 4984 morta-

462 5031 548 5096 le;
575 5045 706 5101 ergo
727 5037 786 5084 et
807 5028 975 5090 Deus,
999 5025 1304 5081 secundum
1321 5040 1440 5090 vos,
1454 5033 1540 5079 est
1553 5023 1752 5078 animal
1780 5023 2051 5077 rationale

465 5123 721 5177 mortale.
749 5151 823 5163 -—
861 5119 932 5176 At
976 5118 1125 5174 [ilius
1166 5133 1332 5174 verus
1373 5117 1701 5187 intelligitur
1740 5114 1795 5169 in
1837 5114 2052 5169 ratione

467 5215 844 5285 generationis
886 5227 997 5285 qua
1031 5211 1092 5266 ﬁt
1121 5211 1292 5279 ﬁlius,
1329 5220 1388 5266 et
1431 5210 1612 5265 omnis
1664 5209 1759 5279 qui
1810 5208 2052 5280 gignitur

467 5303 776 5358 secundum
821 5315 1210 5374 quamcunque
1255 5301 1420 5356 talem
1449 5299 1885 5370 generationem.
1931 5297 2051 5352 Non

467 5392 652 5447 omnis
670 5401 855 5446 autem
879 5391 1185 5462 generatio,
1209 5391 1314 5445 etsi
1335 5404 1496 5444 veros
1518 5389 1863 5444 demonstrat
1885 5388 2049 5451 ﬁlios,

447 5501 566 5540 eos
604 5483 698 5554 qui
726 5483 896 5556 geniti
933 5493 1084 5548 sunt,
1131 5483 1342 5538 similes
1372 5497 1594 5552 quoque
1617 5497 1716 5537 eos
1746 5481 2052 5537 secundum

468 5575 658 5631 omnia
700 5574 909 5645 pariter
949 5573 1294 5629 demonstrat
1336 5572 1714 5644 gignentibus,
1758 5579 1822 5626 ut
1861 5580 1918 5626 et
1954 5587 2054 5626 vos

467 5667 688 5724 dixistis
730 5665 895 5722 etiam
945 5665 1015 5720 ab
1063 5665 1316 5722 exordio.
1365 5666 1425 5722 Si
1468 5673 1653 5720 autem
1707 5665 1814 5720 hoc
1847 5665 2052 5736 ipsum,

467 5775 670 5832 nempe
719 5759 1058 5826 similitudo,
1101 5758 1238 5815 facit
1283 5774 1473 5814 veram
1521 5758 1875 5822 ﬁliationem,
1927 5774 2055 5813 eum

469 5853 757 5924 cujusdam
795 5855 983 5910 vultus
1021 5853 1079 5909 in
1126 5852 1363 5916 imagine
1409 5853 1586 5923 magis
1617 5851 1722 5922 ipsi
1756 5852 1953 5908 similis
1981 5851 2057 5906 sit

472 5960 638 6016 quam
683 5949 868 6005 vultus
907 5949 1116 6021 preprii
1166 5947 1261 6003 lilii
1306 5948 1410 6019 ipsi
1452 5959 1826 6018 comparatus,
1877 5947 2056 6019 imago

2134 2071 2406 2125 Δεσπότου
2441 2071 2598 2141 ὑμῶν
2630 2068 2894 2140 Χριστοῦ,
2921 2069 3022 2140 τὴν
3046 2071 3146 2139 μὲν
3170 2068 3278 2122 τῶν
3305 2067 3470 2122 αὑτοῦ
3495 2068 3724 2138 φύσεων

2144 2161 2322 2231 ἀρχὴν
2362 2158 2426 2212 οὐ
2481 2158 2579 2229 τῆς
2638 2156 2950 2220 οὐσιὼσεως
2989 2157 3126 2211 ἀλλὰ
3149 2157 3251 2228 τῆς
3306 2157 3727 2219 συνουσιώσεως

2140 2253 2300 2324 μόνον
2329 2253 2387 2306 ὲν
2409 2254 2474 2322 τῇ
2506 2251 2640 2322 ἁγίᾳ.
2669 2249 2931 2322 Παρθένῳ
2959 2248 3164 2314 λαὸεῖν,
3201 2250 3451 2302 τουτέστι
3479 2249 3581 2320 τὴν
3623 2247 3727 2303 τοῦ

2137 2348 2312 2414 Λόγου
2333 2363 2349 2377 ο
2383 2345 2483 2416 τὴν
2510 2344 2568 2398 δὲ
2607 2345 2800 2414 ἑτέραν
2851 2344 2963 2397 τῶν
2995 2345 3054 2397 ἐν
3099 2342 3249 2414 αὐτῷ
3275 2342 3514 2413 φύσεων,
3547 2345 3728 2416 ἧγουν

2136 2438 2237 2503 τὴν
2261 2437 2362 2505 τῆς
2391 2436 2614 2507 σαρκὸς,
2667 2435 2844 2506 ἀρχὴν
2884 2436 2985 2505 τῆς
3020 2452 3082 2488 τε
3119 2435 3427 2499 οὕσιώσεως
3457 2437 3554 2488 καὶ
3591 2453 3724 2490 συν-

2137 2529 2446 2591 ουσιώσεως
2476 2530 2534 2582 ὲν
2565 2529 2701 2599 αὐτῇ
2731 2528 2938 2582 λαὸεῖν.
2967 2528 3122 2582 Κατὰ
3151 2527 3384 2599 θάτερον
3419 2528 3518 2582 οῦν
3561 2528 3731 2596 λόγον

2140 2619 2410 2688 ἑκατέρας
2452 2619 2644 2682 οὐσίας
2694 2618 2790 2670 τοῦ
2829 2619 3116 2688 τεχθέντος
3156 2617 3411 2672 συνθέτου
3451 2619 3727 2690 Χριστοῦ,

2140 2713 2346 2784 ἀληθὴς
2374 2712 2656 2781 γενέτειρα
2685 2712 2718 2783 ὴ
2751 2711 2990 2764 τεκοῦσα
3046 2711 3107 2764 τδ
3155 2712 3572 2782 συναμφότερον
3618 2711 3732 2764 δεί-

2140 2823 2330 2861 κνυται
2365 2804 2506 2858 κατὰ
2543 2805 2736 2874 χρόνον
2756 2820 2771 2833 ·
2803 2804 2867 2857 ἐκ
2897 2821 2956 2856 τε
2987 2804 3096 2875 γὰρ
3127 2803 3223 2858 τοῦ
3251 2807 3330 2867 είς
3357 2804 3417 2857 τὸ
3460 2802 3604 2858 εἶναι
3631 2805 3733 2858 καὶ

2139 2897 2232 2950 τοῦ
2260 2898 2339 2961 είς
2358 2897 2418 2950 τὸ
2441 2897 2666 2951 τοιῶσδε
2695 2893 2834 2950 εἶναι
2882 2897 3158 2967 ὲγχρόνως
3188 2897 3476 2967 προάγειν,
3510 2898 3718 2968 γεννή-

2139 3007 2298 3060 τορες
2358 2990 2574 3061 ἀληθῶς
2643 2992 2692 3043 oi
2759 2991 3014 3054 τεκόντες
3069 2991 3462 3062 ὀνομάζονται*
3515 2992 3732 3060 ὃπουγε

2141 3082 2421 3137 ἐνθάδειού
2460 3081 2692 3151 φυσικοῦ
2735 3082 2889 3144 ὄντος
2931 3081 3024 3136 τοῦ
3078 3083 3265 3147 τόκου,
3305 3083 3429 3136 οὐδὲ
3476 3100 3735 3154 προαπο-

2142 3175 2358 3230 κεῖσθαι
2400 3175 2461 3227 τὸ
2485 3175 2736 3245 δυνάμει
2764 3177 2837 3245 φῇ
2887 3193 2973 3238 τις
3025 3175 3118 3228 ἐπὶ
3165 3175 3318 3228 τοῦδε
3379 3175 3474 3229 τοῦ
3533 3175 3733 3242 τόκου,

2145 3268 2514 3338 φυσικώτατοι
2536 3284 2552 3300 ⁸
2587 3269 2649 3322 ού
2675 3269 2783 3340 γὰρ
2817 3268 2884 3322 ἂν
2931 3268 3378 3339 θαυματουργίας
3415 3270 3500 3339 εἴη
3544 3285 3737 3338 παρα-

2141 3361 2296 3427 δόξου
2328 3359 2409 3413 ἔτι
2437 3361 2722 3431 ἐνέργεια·
2767 3362 2816 3414 εί
2855 3359 2911 3413 δὲ
2943 3359 3018 3430 μὴ
3067 3359 3254 3429 θαῦμα
3305 3359 3446 3430 ὑπὲρ
3484 3363 3738 3430 φυσικὴν

2142 3452 2371 3523 δύναμιν
2396 3452 2531 3522 τῷδε
2585 3453 2876 3524 μαρτυρεῖ,
2918 3451 3041 3505 οὐδὲ
3087 3451 3222 3516 Θεὸς
3255 3454 3284 3507 6
3321 3453 3533 3522 τεχθεὶς
3573 3452 3728 3506 κατὰ

2141 3547 2242 3612 τὰς
2274 3547 2508 3617 φυσικὰς
2525 3547 2782 3618 δυνάμεις
2811 3546 3157 3618 νοηθήσεται.

2744 3748 2976 3802 ΚΕΦΛΛ
3005 3749 3117 3803 1Η’.

2217 3869 2282 3922 El
2350 3865 2558 3938 κυρίως
2608 3864 2706 3919 καὶ
2763 3864 2908 3918 κατὰ
2954 3863 3215 3933 ἀλήθειαν
3272 3863 3466 3934 ἐτέχθη
3513 3864 3542 3916 ὁ
3598 3863 3737 3927 Θεὸς

2145 3961 2321 4029 Λόγος
2378 3960 2443 4012 ὲκ
2475 3956 2755 4027 γυναικὸς,
2794 3957 2830 4028 ἢ
2883 3957 2914 4008 6
2958 3955 3171 4025 τεχθεὶς
3212 3954 3318 4008 ὑπὸ
3364 3955 3562 4026 χρόνον
3587 3957 3664 4027 νῆ
3697 3957 3734 4023 ἡ

2147 4049 2285 4119 γυνὴ
2319 4049 2460 4119 ὑπὲρ
2492 4047 2685 4119 χρόνον
2709 4063 2724 4078 ’
2758 4045 2895 4102 ἀλλὰ
2922 4045 3028 4118 μὴν
3050 4044 3173 4108 οὔτε
3210 4045 3343 4109 Θεὸς
3383 4046 3488 4100 ὑπὸ
3535 4047 3738 4118 χρόνον

2149 4139 2274 4192 οὔτε
2299 4138 2440 4209 γυνὴ
2483 4138 2625 4208 ὑπὲρ
2656 4137 2848 4210 χρόνον
2869 4155 2884 4169 ο
2925 4138 3026 4192 οὐκ
3051 4137 3162 4210 ἄρα
3204 4138 3406 4210 κυρίως
3435 4138 3532 4191 καὶ
3589 4139 3737 4192 κατὰ

2148 4230 2407 4302 ἀλήθειαν
2453 4229 2650 4300 ἐτέχθη
2679 4229 2708 4281 ὁ
2759 4228 2893 4292 Θεὸς
2923 4230 2988 4281 ὲκ
3014 4225 3291 4298 γυναικός.
3342 4226 3484 4280 Ἀλλ’
3515 4227 3618 4280 οὐκ
3653 4227 3738 4289 εἰς

2147 4324 2210 4378 τὸ
2251 4319 2413 4391 εἶναι,
2471 4322 2587 4376 ἀλλ’
2631 4323 2712 4386 είς
2743 4321 2806 4375 τὸ
2837 4321 3061 4375 τοιῶσδε
3093 4319 3231 4374 εἶναι
3265 4323 3330 4374 ὲκ
3373 4321 3635 4388 γυναικός
3671 4335 3738 4371 τε

2151 4419 2246 4474 καὶ
2278 4417 2383 4472 ὑπὸ
2414 4417 2606 4490 χρόνον
2649 4416 2909 4488 τεχθῆναι
2935 4417 3172 4487 εἴρηται,
3207 4413 3635 4486 ληρωδέστατοι.

2731 4617 2985 4672 ΚΕΦΑΛ.
3027 4616 3132 4671 ΙΘ’.

2224 4741 2289 4795 Εἰ
2313 4739 2458 4795 κατὰ
2487 4738 2748 4811 ἀλήθειαν
2783 4739 2909 4804 Υἱὸς
2931 4739 3032 4809 τῆς
3060 4737 3341 4810 Παρθένου
3387 4736 3416 4789 6
3449 4735 3584 4800 Θεὸς
3627 4736 3741 4791 Δό-

2151 4852 2269 4904 γος,
2297 4833 2456 4887 τοῦτο
2486 4832 2640 4887 ἔσται
2667 4831 2791 4887 κατ’
2813 4832 3024 4897 οὐσίαν,
3045 4833 3184 4902 ὅπερ
3212 4831 3364 4883 ἐστὶν
3396 4832 3430 4901 ἠ
3473 4829 3739 4882 τεκοῦσαι

2152 4928 2293 4998 αὕτη
2326 4927 2385 4981 δέ
2416 4927 2532 4980 ἐστι
2564 4925 2706 4991 ζῶον
2740 4925 2959 4994 λογικὸν
2989 4924 3184 4995 θνητόν
3209 4940 3224 4955 ο
3260 4923 3354 4976 καί
3385 4924 3414 4975 6
3467 4921 3604 4983 Θεὸς
3627 4924 3745 4990 ἄρα.

2155 5016 2276 5072 καθ’
2306 5017 2472 5088 ὑμᾶς,
2504 5015 2644 5080 ζῶον
2684 5016 2905 5085 λογικὸν
2951 5014 3144 5087 θνητὸν
3189 5013 3362 5068 ἔσται.
3425 5012 3568 5066 Ἀλλ’
3609 5013 3746 5074 Υἱὸς

2151 5109 2410 5181 ἀληθινὸς
2467 5111 2526 5162 ὲν
2587 5107 2664 5180 τῷ
2703 5108 2866 5178 Λόγῳ
2911 5107 3151 5177 ἑκάστης
3182 5110 3384 5160 νοεῖται
3426 5107 3743 5178 γεννήσεως

2156 5201 2440 5256 υίοποιοῦο
2495 5203 2592 5256 καὶ
2644 5202 2756 5264 πᾶς
2814 5203 2842 5254 6
2896 5200 3039 5254 κατὰ
3061 5199 3162 5271 τὴν
3220 5199 3440 5253 οίανοῦν
3481 5199 3744 5269 γέννησιν

2154 5293 2368 5348 τοιάνδε
2395 5292 2772 5364 γεννώμενοςο
2835 5292 2895 5345 ού
2931 5293 3082 5346 πᾶσα
3136 5291 3196 5344 δὲ
3243 5291 3527 5359 γέννησις,
3562 5292 3618 5344 εί
3642 5291 3746 5344 καὶ

2155 5386 2377 5456 ἀληθεῖς
2408 5387 2653 5442 δείκνυσι
2679 5387 2808 5449 τοὺς
2856 5386 3219 5456 γεννηθέντας
3247 5387 3419 5450 υἱοὺς,
3471 5385 3578 5455 ἤδη
3630 5386 3739 5440 καὶ

2156 5479 2377 5550 ὁμοίους
2406 5479 2546 5532 κατὰ
2571 5481 2750 5534 πάντα
2770 5479 3035 5544 ὡσαύτως
3048 5480 3286 5533 δείκνυσι
3307 5481 3419 5542 τοῖς
3448 5480 3743 5548 γεννῶσιν,

2157 5571 2234 5634 ὡς
2259 5571 2355 5625 καὶ
2394 5571 2556 5641 ὑμεῖς
2586 5571 2854 5643 εἰρήκατε
2903 5572 2968 5624 ὲκ
3012 5571 3352 5641 προοιμίων*
3381 5571 3430 5623 εί
3472 5569 3531 5622 δὲ
3577 5571 3746 5624 τοῦτο

2159 5664 2313 5731 αὐτὸ,
2354 5665 2580 5736 ἤγουνή
2609 5665 2891 5736 ὁμοίωσις,
2934 5668 3080 5718 ποιεῖ
3136 5664 3234 5735 τὴν
3278 5664 3449 5733 ἄληθῆ
3488 5664 3744 5735 υἰθτητα,

2159 5756 2284 5809 ἐπεὶ
2307 5759 2510 5828 μᾶλλον
2531 5757 2677 5812 ἔοικε
2696 5759 2753 5812 τὸ
2785 5760 2842 5812 ἐν
2866 5759 3037 5813 εἰκόνι
3060 5759 3351 5831 πρόσωπον
3377 5757 3556 5822 τοῦδε,
3595 5760 3747 5830 ἥπερ

2158 5849 2252 5903 τοῦ
2287 5850 2418 5906 ίδίου
2446 5853 2636 5907 τέκνου
2668 5856 2702 5925 ή
2731 5853 2854 5923 ὄψις
2886 5853 3020 5924 πρὸς
3046 5853 3210 5907 αὑτὸν
3239 5852 3560 5924 κρινομένη,
3603 5851 3746 5918 p51-

2161 5948 2250 6003 λον
2284 5950 2369 6020 είη
2395 5947 2521 6012 Υἱὸς
2546 5947 2696 6002 τοῦδε
2726 5949 2760 6020 ἡ
2803 5950 2987 6016 εἰκὼν,
3020 5948 3162 6019 ἢπερ
3199 5947 3256 6001 τὸ
3302 5945 3496 6016 ἐκξτῆς
3546 5945 3743 6007 οὐσίας
