4042 6540
344 420 479 491 1685

1313 416 1709 494 ADVERSUS
1739 426 2294 494 NESTORIANOS.
2329 457 2398 468 -—
2425 431 2577 494 LIB.
2617 433 2714 495 Iv.

3451 425 3588 496 1686

342 536 506 592 αὐτοῦ
533 534 756 593 τέκνον·
779 539 1018 604 καὶπῶς
1041 539 1148 614 πρὸ
1192 540 1397 612 μικροῦ
1427 539 1526 610 τὴν
1575 537 1768 593 οὐσίαν
1816 538 1910 591 καὶ

2024 541 2298 610 cujusdam
2345 541 2518 612 magis
2561 541 2709 596 illius
2753 547 2902 598 esset
2943 541 3088 598 ﬁlius
3125 557 3288 614 quam
3330 543 3592 613 proprius

351 629 518 700 ὠτὴν
554 632 812 700 ὁμοίωσιν
841 633 1019 687 αίτίαν
1062 633 1306 703 ὲλέγετε;
1350 633 1520 695 ὅντως
1565 629 1661 684 οὖν
1718 631 1766 684 εἰ
1814 629 1913 700 μὲν

348 721 480 774 κατὰ
510 723 620 776 πᾶν
648 724 710 776 τὸ
747 719 885 779 εἶναι
925 726 1022 779 καὶ
1045 727 1108 779 ἐκ
1135 725 1336 788 παντὸς
1382 723 1479 778 τοῦ
1517 723 1657 777 εἶναι
1706 723 1740 792 ὴ
1775 721 1914 789 ἀλη-

346 812 441 882 θής
469 814 588 867 ἐστι
619 815 873 886 γέννησίς
897 835 1062 882 τινος,
1092 817 1406 887 ἀναγκαίως
1451 819 1544 871 καὶ
1582 818 1617 888 ή
1653 814 1915 886 ὁμοίωσις

340 905 462 959 ὅλου
499 905 596 960 τοῦ
627 910 986 978 γεννήσαντος
1017 911 1155 982 πρὸς
1191 911 1311 964 ὅλον
1341 910 1404 964 τὸ
1447 911 1696 979 γέννημα
1723 907 1875 960 ἐσται
1896 921 1914 939 ⁶

340 997 390 1048 εί
415 995 474 1048 δὲ
505 999 649 1053 κατὰ
678 999 740 1053 τὸ
773 1001 1002 1055 τοιῶσδε
1031 997 1171 1056 εἶναι
1209 1003 1370 1073 μόνον
1420 1001 1476 1055 έν
1525 1019 1630 1054 τινι
1661 1000 1818 1071 μέρει
1851 1000 1918 1052 ὲκ

344 1089 547 1159 μέρους
578 1090 634 1144 δὲ
651 1092 747 1145 καὶ
772 1092 871 1146 τοῦ
899 1088 1039 1147 εἶναι
1082 1093 1237 1146 τοῦδέ
1267 1110 1412 1156 τινος
1445 1093 1700 1146 συνθέτου
1730 1093 1764 1162 ή
1785 1089 1914 1159 γέν-

340 1179 497 1250 νησίς
514 1182 682 1246 ἐστιν,
718 1181 838 1253 οὐχὶ
865 1182 1009 1237 κατὰ
1045 1185 1154 1237 πᾶν
1181 1183 1242 1236 τὸ
1259 1177 1398 1236 εἶναι
1418 1185 1572 1236 ἔσται
1595 1183 1629 1251 ἡ
1653 1180 1914 1252 ὁμοίωσις

343 1271 482 1342 πρὸς
532 1273 594 1326 τὸ
641 1273 913 1343 γεννῆσαν
967 1273 1063 1328 τοῦ
1101 1273 1492 1346 γεννηθέντος·
1534 1273 1684 1344 ὅμως
1731 1271 1790 1324 δὲ
1846 1271 1914 1324 ἐκ

344 1363 546 1434 μέρους
566 1379 627 1416 τε
686 1364 780 1418 τοῦ
819 1364 962 1420 κατὰ
999 1365 1062 1418 τὸ
1100 1359 1262 1430 εἶναι,
1312 1364 1410 1418 καὶ
1457 1365 1523 1417 ὲκ
1566 1362 1768 1434 μέρους
1820 1359 1915 1415 τοῦ

347 1454 489 1508 κατὰ
539 1453 600 1507 τὸ
632 1455 859 1509 τοιῶσδε
908 1451 1050 1510 εἶναι
1102 1455 1196 1509 τοῦ
1259 1455 1379 1519 ἐνὸς
1423 1455 1589 1508 αὑτοῦ
1621 1451 1918 1526 προσώπου

343 1546 620 1616 γεννήτωρ
644 1544 730 1617 είη
752 1545 919 1610 ὅντως
949 1548 979 1600 ὁ
1008 1547 1276 1617 γεννήσας
1294 1561 1308 1576 ο
1345 1545 1536 1616 ὥσπερ
1574 1545 1670 1598 καὶ
1702 1543 1795 1596 ἐπὶ
1823 1544 1919 1597 ἀν-

341 1635 562 1709 θρώπου
597 1637 833 1709 ὁρῶμεν,
857 1636 952 1690 τοῦ
981 1637 1082 1709 μὲν
1113 1636 1364 1708 σώματος
1403 1637 1503 1706 τὴν
1551 1636 1805 1706 γέννησιν
1835 1635 1916 1698 είς

339 1730 401 1784 τὸ
427 1728 567 1784 εἶναι
605 1732 670 1784 ὲκ
689 1731 799 1785 τῶν
829 1731 1034 1801 γονέων
1063 1730 1300 1802 ἔχοντος,
1356 1731 1459 1800 τῆς
1515 1729 1574 1783 δὲ
1602 1729 1784 1799 ψυχῆς
1819 1726 1918 1780 οὐκ

340 1824 420 1886 εἰς
452 1821 514 1876 τὸ
549 1818 691 1878 εῖναι
747 1822 934 1887 ἁπλῶς
968 1821 1148 1894 (τοῦτο
1180 1822 1290 1894 γὰρ
1315 1823 1379 1875 ἐκ
1407 1820 1542 1875 Θεοῦ
1573 1821 1701 1891 ἔχει
1720 1819 1796 1883 ὠς
1820 1819 1916 1872 καὶ

2013 643 2081 683 ex
2121 629 2246 699 ejus
2287 630 2598 685 substantia
2632 641 2814 688 natus.
2849 633 2917 699 Et
2947 633 3225 703 quomodo
3269 633 3431 703 paulo
3465 640 3592 687 ante

2013 720 2375 777 substantiam
2398 731 2454 776 et
2475 738 2584 777 non
2601 723 3019 780 similitudinem
3041 741 3261 780 causam
3279 725 3550 780 dicebatis
3571 725 3596 778 ?

2015 811 2214 883 Reipsa
2246 813 2431 884 igitur,
2465 815 2512 868 si
2553 817 2855 870 secundum
2905 826 3079 872 totum
3108 833 3246 882 esse,
3291 829 3348 873 et
3380 833 3446 872 ex
3479 824 3596 871 toto

2014 919 2157 969 esse,
2189 904 2280 960 illa
2322 916 2407 961 est
2439 922 2570 960 vera
2603 910 2886 978 generatio
2928 911 3236 981 cujusdam,
3280 910 3596 965 necessario

2015 996 2126 1052 erit
2163 1006 2220 1052 et
2254 998 2560 1055 similitudo
2612 1001 2780 1056 totius
2821 1003 3098 1073 gignentis
3132 1004 3199 1058 ad
3231 1013 3406 1059 totum
3438 1002 3596 1073 geni~

2019 1097 2156 1142 tum.
2197 1087 2256 1143 Si
2285 1099 2470 1144 autem
2497 1092 2801 1146 secundum
2830 1093 2923 1146 tali
2958 1094 3122 1147 modo
3143 1107 3264 1148 esse
3294 1101 3505 1147 tantum
3538 1093 3596 1146 in

2017 1179 2253 1249 quadam
2298 1191 2477 1250 parte,
2519 1191 2576 1237 et
2623 1198 2690 1237 ex
2731 1193 2886 1253 parte
2927 1199 3147 1255 quoque
3187 1193 3272 1240 est
3313 1185 3596 1256 generatio

2017 1272 2303 1342 cujusdam
2333 1274 2646 1343 compositi,
2683 1285 2743 1330 ut
2776 1278 2917 1341 talis,
2947 1293 3056 1331 non
3085 1278 3388 1332 secundum
3419 1285 3596 1330 totum

2017 1378 2141 1418 esse
2175 1365 2281 1419 erit
2313 1365 2620 1423 similitudo
2656 1369 2826 1440 geniti
2863 1371 2929 1426 ad
2971 1371 3312 1441 gignentem;
3343 1378 3398 1424 et
3439 1377 3599 1439 parte

2018 1456 2241 1526 quidem
2273 1457 2582 1512 secundum
2613 1475 2754 1526 esse,
2786 1471 2940 1533 parte
2963 1473 3146 1518 autem
3179 1462 3480 1516 secundum
3505 1459 3599 1514 tali

2018 1547 2184 1602 modo
2228 1563 2384 1613 esse,
2429 1550 2536 1604 erit
2579 1552 2830 1622 ejusdem
2872 1551 3037 1607 unius
3081 1567 3333 1623 personae
3381 1551 3600 1622 genitor

2019 1639 2199 1710 reipsa
2235 1642 2330 1712 qui
2367 1641 2514 1699 illam
2541 1644 2765 1713 genuit:
2796 1645 2938 1698 sicut
2965 1644 3021 1698 in
3052 1644 3274 1699 homine
3306 1643 3597 1704 videmus;

2019 1734 2113 1803 qui
2151 1748 2348 1803 nempe
2378 1733 2544 1790 habet
2565 1751 2595 1789 a
2617 1736 2942 1805 parentibus
2969 1737 3378 1807 generationem
3403 1751 3602 1805 corpo-

2020 1824 2118 1889 ris,
2164 1836 2432 1895 quantnm
2467 1825 2534 1880 ad
2566 1842 2711 1890 esse,
2743 1828 3154 1898 generationem
3181 1835 3363 1883 autem
3402 1827 3601 1881 animae

339 1916 370 1969 ὸ
402 1887 1063 1987 πρωτόπλαστοςᾊδὰμ),
1093 1887 1209 1970 ἀλλ)
1252 1887 1334 1980 είς
1359 1913 1420 1968 τὸ
1453 1915 1551 1968 σὺν
1573 1887 1653 1983 τῷ
1686 1911 1916 1967 διαπλα-

2024 1929 2129 1968 ηοη
2173 1887 2440 1985 quantum
2483 1917 2551 1971 ad
2580 1932 2701 1972 esse
2735 1887 3060 1988 simpliciter
3094 1919 3224 1988 (hoc
3256 1919 3402 1973 enim
3433 1917 3604 1972 habet

340 2005 524 2060 σθέντι
571 2006 708 2078 αὐτῇ
755 2003 900 2060 εῖναι
951 2007 1186 2077 σώματι,
1245 1998 1308 2059 οὗ
1339 2005 1434 2058 καὶ
1469 2004 1640 2075 χωρὶς
1691 2002 1915 2057 δύναται

340 2095 504 2153 εἶναι·
526 2099 792 2167 λαμϐάνει
826 2099 935 2169 γὰρ
961 2098 1121 2152 τοῦτο
1143 2095 1298 2168 παρὰ
1321 2097 1454 2162 τῶν,
1485 2097 1561 2161 ὡς
1594 2096 1792 2161 εἰπεῖν,
1817 2093 1916 2148 τοῦ

341 2193 441 2264 μὲν
478 2191 728 2264 σώματος
752 2191 958 2258 αἰτίων,
992 2192 1165 2262 αὐτῆς
1189 2191 1247 2244 δὲ
1275 2191 1376 2259 τῆς
1403 2190 1586 2261 ψυχῆς
1611 2191 1918 2261 νυμφοστό-

335 2285 447 2339 λων
480 2285 640 2356 μόνον
665 2300 681 2316 ο
713 2285 809 2338 καὶ
845 2286 995 2354 ὅμως
1045 2284 1213 2354 ἄμφω
1262 2283 1372 2337 τῶν
1426 2283 1642 2352 φύσεων
1681 2283 1756 2345 ὡς
1797 2282 1918 2344 ἐνὸς

336 2377 630 2448 ἀνθρώπου
675 2377 883 2450 κυρίως
945 2393 1007 2430 τε
1067 2376 1169 2429 καὶ
1197 2377 1340 2431 κατὰ
1364 2375 1626 2448 ἀλήθειαν
1677 2378 1726 2430 oi
1761 2377 1919 2430 αὐτοὶ

336 2471 590 2540 λέγονται
623 2470 836 2533 τοκέες.
870 2470 936 2523 Τί
967 2464 1062 2525 οὖν
1092 2470 1238 2540 ὑμᾶς
1267 2468 1339 2522 τὰ
1368 2469 1428 2534 ἐξ
1458 2469 1719 2534 ἀπιστίας
1759 2470 1918 2539 φιμοί

339 2563 696 2635 βομῦήματα,
744 2561 878 2615 Θεὸν
939 2560 1015 2633 μὴ
1073 2561 1254 2629 λέγειν
1288 2561 1468 2632 ὀρθῶς
1507 2562 1599 2616 τὸν
1655 2562 1919 2632 τεχθέντα

341 2658 765 2731 σεσαρκωμένον
793 2657 999 2726 Λόγον;
1034 2657 1197 2728 ἡνίκα
1229 2658 1324 2711 κοιλ⁸
1355 2656 1536 2728 ψυχὴν
1577 2656 1678 2727 τὴν
1703 2674 1920 2729 σαρκωο

344 2752 527 2805 θεῖσαν
551 2751 944 2814 ἁνενδοιάστως
968 2751 1284 2822 ὁμολογεῖτε
1316 2750 1678 2821 γεγεννῆσθαι
1709 2751 1776 2804 ὲκ
1807 2750 1918 2804 τῶν

339 2844 433 2897 τοῦ
466 2840 608 2898 εἶναι
669 2844 769 2914 τῆς
831 2843 1035 2916 σαρκὸς
1092 2843 1282 2899 αίτίων
1321 2843 1414 2897 καὶ
1460 2843 1557 2897 σὺν
1584 2842 1663 2913 τῷ
1704 2841 1919 2914 σώματι

341 2937 466 3002 τοὺς
487 2936 688 3002 αὐτοὺς
712 2936 811 2992 καὶ
839 2937 1012 3009 αὐτῆς
1044 2936 1244 3002 τοκέας
1269 2934 1567 3008 ὀνομάζετε
1589 2954 1606 3004 ;

954 3230 1204 3284 ΚΕΦΔΛ.
1235 3231 1320 3285 Κ’.

425 3341 609 3407 Ἀλλὰ,
635 3343 820 3414 φησὶν,
855 3343 916 3397 οὐ
965 3342 1286 3413 ψυχοτόκον,
1329 3341 1446 3397 ἀλλ’
1497 3338 1926 3415 ἀνθρωποτὸκον

345 3437 525 3507 φαμὲν
552 3435 652 3506 τὴν
676 3435 956 3506 γεννῶσαν
979 3435 1075 3490 ἄνθ
1086 3453 1292 3508 ρωπον.
1317 3435 1384 3488 Τί
1405 3430 1497 3490 οὖν
1533 3437 1606 3507 μὴ
1637 3436 1731 3490 καὶ
1759 3437 1919 3506 ὑμεῖς

346 3526 707 3597 Χριστοτὸκον
738 3526 939 3597 μᾶλλον
976 3525 1194 3595 λέγετε;
1241 3526 1404 3592 Ἀλλ’,
1437 3521 1483 3581 ὦ
1522 3521 1692 3594 οὗτοι,
1720 3528 1780 3580 τὸ
1816 3527 1920 3598 μὲν

346 3617 679 3685 ἄνθρωπος,
712 3617 929 3686 φύσεως
967 3616 1135 3688 ὄνομα
1159 3634 1173 3649 ⁸
1223 3619 1284 3672 τὸ
1307 3618 1364 3671 δὲ
1400 3619 1678 3687 Χριστὸς,
1722 3619 1782 3672 οὑ
1812 3617 1916 3686 φύ-

351 3725 511 3773 σεως,
561 3707 697 3763 ἀλλὰ
754 3707 1092 3779 προσώπου·
1122 3707 1240 3772 πῶς
1292 3704 1385 3763 οὖν
1439 3709 1500 3762 τὸ
1558 3709 1658 3779 τῆς
1706 3709 1922 3779 φύσεως

347 3800 519 3872 ὄνομα
571 3799 667 3854 τοῦ
714 3798 1022 3870 τεχθέντος,
1073 3800 1139 3853 ἐκ
1199 3798 1293 3853 τοῦ
1334 3798 1690 3871 προσωπικοῦ
1739 3799 1922 3870 σημά-

347 3911 529 3964 νωμεν
552 3909 569 3960 ;

933 4009 1183 4066 ΚΕΦΑΛ.
1207 4007 1338 4063 KA'.

431 4103 598 4158 Ἀλλὰ
655 4104 744 4158 διὰ
773 4105 828 4157 τί
853 4099 969 4168 οῦν,
1021 4105 1178 4174 φησι,
1219 4103 1293 4174 μὴ
1326 4101 1743 4169 ἁνθρωποτόκος
1767 4103 1921 4172 ὑμῖν,

347 4199 492 4270 ήπερ
526 4199 789 4262 Θεοτόκος
823 4198 996 4261 δοκεῖς
1053 4197 1274 4269 Ῥητέον
1303 4191 1396 4250 οὖν
1428 4195 1504 4259 ὡς
1555 4197 1604 4250 εί
1658 4196 1759 4268 μὲν
1813 4196 1925 4249 τῶν

348 4293 445 4346 δύο
473 4289 712 4364 Χριστοῦ
761 4289 980 4361 φύσεων
1018 4291 1052 4361 ή
1090 4289 1418 4360 ἀνθρωπίνη,
1450 4288 1554 4359 τῆς
1619 4288 1769 4354 θείας
1827 4291 1926 4343 έπ-

347 4385 621 4456 εκράτησε
653 4383 762 4454 πρὸ
800 4383 1031 4437 θανάτου
1057 4399 1116 4435 τε
1154 4382 1248 4436 καὶ
1293 4383 1432 4452 μετὰ
1467 4381 1720 4449 θάνατον,
1760 4383 1926 4451 ἀνάγ-

349 4489 452 4542 κης
485 4471 652 4543 οῦσης
687 4473 752 4526 ἐκ
784 4474 914 4544 μιᾶς
943 4472 1106 4543 μόνον
1144 4473 1254 4526 τῶν
1284 4473 1501 4543 φύσεων
1532 4474 1700 4527 αὐτοῦ
1727 4474 1929 4544 ὀνομά-

351 4564 539 4628 ζεσθαι
568 4565 661 4618 τὸν
697 4565 876 4630 τόκον,
901 4564 1083 4627 καλῶς
1111 4564 1526 4636 ἀνθρωποτόκον
1555 4565 1715 4634 φατέ.
1761 4567 1826 4620 Et
1870 4566 1928 4619 δὲ

349 4657 521 4712 ἀεὶτὸ
552 4657 654 4727 τῆς
684 4656 838 4720 θείας
868 4656 1086 4726 φύσεως
1107 4657 1374 4728 ἄτρεπτον
1405 4659 1789 4728 κατεκράτησε
1830 4657 1926 4711 τοῦ

351 4752 450 4820 τῆς
509 4749 861 4821 ἀνθρωπίνης
915 4749 1130 4818 φύσεως
1184 4749 1449 4820 τρεπτοῦ,
1515 4750 1613 4804 καὶ
1662 4750 1801 4819 πρὸς
1861 4750 1932 4804 τὰ

351 4844 640 4916 κρείττονα
700 4842 1007 4912 μεταϐαλὸν
1059 4842 1458 4906 συνεξεθέωσεν
1507 4841 1678 4912 αὐτὴν
1725 4841 1930 4911 ἐαυτῷ,

351 4937 546 5008 ὥσπερ
579 4937 673 4989 καὶ
706 4937 735 4988 ὁ
781 4935 1001 5006 σίδηρος
1032 4933 1338 5006 πυροῦσθαι
1373 4934 1612 5004 λέγεται,
1668 4936 1762 4988 καὶ
1812 4933 1932 5004 οὐχὶ

351 5029 412 5081 τὸ
458 5028 572 5100 πῦρ
623 5025 1003 5099 σιδηροῦσθαι,
1066 5026 1186 5089 πῶς
1229 5026 1329 5080 οὑκ
1393 5027 1458 5078 ὲκ
1512 5026 1612 5097 τῆς
1661 5023 1930 5096 μενούσης

352 5119 616 5182 ὡσαύτως
650 5119 709 5172 ἐν
739 5121 854 5182 τοῖς
886 5118 1041 5182 ἰδίοις
1071 5117 1254 5186 λόγοις
1292 5119 1382 5172 ἀεὶ
1414 5118 1655 5186 φύσεως,
1684 5117 1778 5170 καὶ
1830 5117 1931 5186 τὴν

351 5211 546 5281 ἑτέραν
571 5210 648 5273 είς
677 5207 879 5279 ἑαυτὴν
935 5208 1362 5280 μεταποιούσης,
1400 5209 1514 5262 ἀλλ’
1541 5210 1605 5262 ἐκ
1633 5208 1731 5271 τῆς
1775 5225 1934 5278 μετα-

352 5300 686 5372 ποιουμένης
728 5301 1061 5371 ὀνομαστέον
1110 5299 1173 5353 τὸ
1220 5299 1507 5370 τεχθὲν,ἢ
1553 5298 1645 5353 τὸν
1670 5298 1828 5352 τόκον
1851 5339 1866 5366 ,
1899 5299 1941 5372 ἡ

352 5396 449 5466 τὴν
479 5393 747 5450 τεκοῦσαν
763 5438 782 5462 ,
812 5389 857 5449 ὦ
879 5390 1057 5464 οὗτος

920 5512 1174 5566 ΚΕΦΛΛ.
1211 5511 1342 5567 KB’.

424 5607 486 5662 Εί
525 5607 554 5660 ὀ
585 5604 718 5667 Θεὸς
758 5604 931 5671 Λόγος
986 5605 1183 5674 ἐτέχθη
1235 5605 1300 5656 ὲκ
1354 5602 1456 5673 τῆς
1515 5601 1822 5674 Παρθένου,
1875 5601 1934 5657 ἐν

354 5700 532 5772 χρόνῳ
561 5697 758 5769 ἐτέχθη
781 5713 795 5726 ·
825 5697 933 5750 πᾶν
959 5695 1016 5748 δὲ
1056 5697 1115 5749 τὸ
1149 5701 1208 5749 ὲν
1238 5697 1415 5766 χρόνῳ
1451 5693 1771 5765 τικτόμενον
1805 5694 1934 5765 χρό-

355 5809 446 5842 νου
507 5787 646 5860 πρὸς
683 5787 962 5840 τελείωσιν
1011 5787 1220 5840 δεῖταιο
1258 5788 1306 5840 εί
1355 5787 1383 5840 ὁ
1415 5785 1548 5849 Θεὸς
1574 5785 1683 5856 ἄρα
1723 5787 1788 5838 ἐκ
1835 5785 1936 5854 τῆς

357 5883 639 5955 Παρθένου
691 5882 909 5952 ἐτέχθη,
963 5882 1156 5952 χρόνου
1216 5881 1351 5952 πρὸς
1405 5880 1686 5936 τελείωσιν
1716 5879 1933 5951 ἐδεήθη.

1961 4609 2008 4666 D

2015 2022 2046 2062 a
2081 2008 2214 2073 Deo,
2242 2017 2302 2062 ut
2333 2009 2703 2079 protoplastus
2727 2009 2944 2080 Adam),
2974 2010 3068 2064 sed
3093 2019 3359 2079 quantum
3383 2010 3450 2064 ad
3477 2024 3602 2064 esse

2015 2101 2367 2171 conjunctam
2421 2117 2548 2156 cum
2593 2117 2824 2171 corpore
2875 2103 3046 2157 simul.
3094 2119 3218 2157 cum
3270 2103 3387 2171 ipsa
3441 2101 3599 2165 ﬁcto.

2015 2192 2137 2248 sine
2164 2207 2275 2262 quo
2306 2192 2424 2262 ipsa
2464 2207 2585 2247 esse
2614 2201 2796 2262 potest
2820 2210 2833 2247 :
2875 2193 2980 2248 hoc
3004 2194 3150 2248 enim
3179 2195 3380 2264 accipit
3408 2194 3478 2248 ab
3509 2194 3601 2259 iis,

2015 2294 2080 2339 ut
2109 2285 2186 2340 ita
2219 2284 2420 2349 dicam,
2461 2286 2712 2354 corporis
2748 2286 2970 2354 quidem
3015 2302 3212 2350 causae,
3247 2288 3442 2342 anima:
3469 2302 3606 2342 vero

2014 2376 2377 2448 paranylnphi
2420 2385 2655 2430 tantum.
2701 2377 2768 2434 Et
2800 2386 2983 2431 tamen
3035 2377 3324 2430 ambarum
3373 2387 3605 2430 natura—

2015 2485 2161 2536 rum,
2202 2478 2262 2524 ut
2291 2468 2455 2524 unius
2478 2469 2743 2534 hominis,
2776 2470 3003 2539 proprie
3031 2481 3088 2523 et
3113 2469 3416 2523 secundum
3453 2469 3604 2523 veri-

2017 2572 2186 2618 tatem
2211 2562 2377 2617 iidem
2400 2563 2664 2620 dicuntur
2683 2571 2961 2631 parentes.
2983 2561 3126 2628 Quid
3157 2561 3326 2632 igitur
3358 2569 3605 2616 vestrum

2016 2673 2085 2712 ex
2116 2655 2505 2712 incredulitate
2537 2655 2801 2709 bombum
2838 2663 3173 2723 compescet.
3202 2655 3312 2724 qui.
3335 2670 3446 2708 non
3478 2654 3604 2708 vul-

2017 2749 2091 2804 tis
2119 2747 2306 2803 dicere
2338 2762 2473 2802 vere
2513 2747 2687 2802 Deum
2724 2745 2963 2800 Verbum
2991 2746 3136 2816 quod
3165 2747 3222 2800 in
3249 2761 3415 2801 carne
3445 2746 3602 2817 geni—

2019 2850 2137 2895 tum
2180 2847 2286 2905 est,
2322 2853 2448 2893 cum
2493 2837 2670 2908 ipsam
2712 2837 2954 2891 animam
2993 2837 3333 2892 incarnatam
3367 2838 3607 2893 libenter

2017 2931 2404 2987 conﬁteamini.
2437 2929 2692 3001 generari
2736 2929 2804 2984 ab
2846 2930 2936 2984 his
2974 2931 3070 3000 qui
3109 2940 3238 2985 sunt
3270 2931 3605 2986 exsistenliae

2018 3021 2204 3077 carnis
2250 3035 2463 3086 causae,
2509 3029 2574 3076 et
2608 3018 2703 3090 qui
2746 3020 2996 3090 corporis
3035 3021 3260 3076 eosdem
3303 3031 3360 3077 et
3409 3022 3608 3077 anima:

2019 3126 2280 3190 parentes
2304 3117 2514 3174 vocatis
2537 3115 2559 3170 ?

2653 3235 2804 3292 CAP.
2841 3233 2960 3290 XX.

2095 3341 2186 3409 At,
2229 3343 2431 3414 inquit,
2474 3361 2586 3400 non
2632 3345 2828 3401 anima:
2871 3355 3176 3417 parentem,
3222 3343 3332 3402 sed.
3366 3343 3610 3400 hominis

2032 3443 2315 3503 parentem
2342 3436 2580 3492 dicimus
2603 3453 2722 3492 eam
2761 3454 2884 3507 qua:
2914 3440 3104 3508 genuit
3133 3437 3433 3491 hominem.
3465 3434 3608 3506 Quid

2032 3523 2200 3595 igitur
2241 3541 2351 3580 non
2393 3535 2448 3580 et
2486 3544 2584 3583 vos
2624 3528 2829 3584 Christi
2867 3538 3148 3598 parentem
3179 3527 3362 3597 potius
3387 3526 3612 3581 dicitis?

2031 3617 2210 3684 —At,
2239 3634 2272 3674 ο
2299 3635 2417 3685 vos,
2455 3619 2620 3675 homo
2652 3630 2736 3674 est
2776 3637 2974 3675 nomen
3019 3630 3248 3684 natura,
3294 3619 3423 3675 dum
3450 3617 3610 3672 Chri~

2034 3717 2156 3764 stus
2205 3725 2317 3765 non
2367 3721 2581 3767 natura;
2626 3712 2722 3767 sed
2772 3727 3042 3782 personae.
3101 3710 3387 3782 Quomodo
3443 3709 3611 3780 igitur

2033 3817 2236 3858 nomen
2289 3811 2502 3860 naturas
2557 3804 2727 3876 geniti
2775 3820 2842 3859 ex
2895 3804 3120 3862 nomine
3182 3817 3430 3875 personae
3465 3800 3613 3856 indi-

2029 3909 2283 3950 caremus
2310 3894 2334 3948 ?

2651 4009 2804 4065 CAP.
2830 4009 2972 4069 XXI.

2103 4099 2212 4155 Sed
2241 4108 2302 4155 ut
2326 4099 2461 4171 quid
2493 4117 2647 4173 ergo,
2677 4101 2878 4172 inquit,
2905 4118 3014 4160 non
3046 4103 3289 4159 hominis
3313 4118 3515 4173 parens
3543 4119 3610 4159 ea

2033 4205 2155 4262 qua:
2183 4192 2342 4248 vobis
2360 4193 2598 4264 Deipara
2612 4193 2856 4251 videtnr.
2876 4227 2942 4241 -ν
2961 4195 3262 4251 Dicendum
3281 4196 3449 4267 igitur
3462 4197 3611 4267 quod

2033 4287 2080 4343 si
2110 4301 2179 4342 ex
2208 4287 2425 4344 duabus
2450 4286 2660 4343 Christi
2691 4288 2905 4345 naturis
2946 4289 3190 4346 humana
3235 4290 3439 4344 divinze
3468 4305 3613 4360 pra:-

2033 4379 2246 4446 celluit,
2273 4388 2388 4434 tum
2418 4391 2547 4436 ante
2585 4388 2819 4437 mortem
2863 4390 2977 4436 tum
3022 4390 3148 4451 post
3184 4390 3440 4446 mortem,
3485 4397 3618 4439 cum.

2034 4487 2262 4527 necesse
2301 4473 2372 4528 sit
2404 4487 2471 4527 ex
2495 4488 2602 4528 una
2628 4482 2841 4528 tantum
2869 4481 3192 4527 naturarum
3217 4475 3336 4544 ejus
3358 4473 3614 4527 denomi-

2036 4566 2156 4620 nari
2181 4565 2361 4635 ipsum
2387 4575 2628 4636 partum,
2657 4574 2805 4620 recte
2829 4564 3071 4618 hominis
3094 4574 3378 4634 parentem
3404 4565 3622 4624 dicitis.

2034 4657 2090 4712 Si
2118 4666 2302 4710 autem
2335 4672 2555 4727 semper
2579 4657 2778 4711 divina:
2805 4666 3015 4710 natura:
3039 4657 3458 4712 immntabilitas
3479 4673 3620 4726 prata

2035 4748 2229 4803 celluit
2258 4748 2511 4802 humanm
2539 4757 2752 4803 naturai
2777 4748 3154 4814 mutabilitati,
3191 4757 3248 4804 et
3283 4749 3350 4804 ad
3380 4750 3613 4804 meliora

2035 4841 2373 4897 transferens
2411 4841 2466 4896 in
2504 4842 2685 4912 seipsa
2713 4857 2835 4897 eam
2865 4841 3164 4907 deiﬁcavit,
3214 4843 3360 4898 sicut
3403 4843 3615 4898 ferrum

2035 4931 2259 5002 igneum
2307 4940 2365 4986 et
2402 4946 2514 4985 non
2560 4931 2741 5001 ignem
2776 4931 3021 4986 ferreum
3058 4933 3176 4987 ﬁeri
3209 4933 3435 4998 dicitur,
3470 4950 3612 5003 quo-

2033 5024 2199 5079 modo
2234 5040 2348 5078 non
2386 5039 2453 5079 ex
2493 5034 2854 5094 permanente
2911 5025 2968 5078 in
3014 5025 3255 5096 propriis
3303 5025 3615 5080 rationibus

2035 5118 2130 5173 Dei
2161 5127 2381 5183 natura,
2414 5126 2471 5172 et
2499 5117 2728 5171 alteram
2762 5117 2817 5171 in
2841 5115 3077 5187 seipsam
3105 5117 3488 5185 transferente,
3515 5119 3615 5174 sed

2033 5226 2102 5266 ex
2138 5219 2334 5264 natura
2373 5210 2672 5273 translata,
2717 5209 3187 5265 denominandum
3224 5211 3332 5264 erit
3364 5211 3481 5266 sive
3519 5226 3616 5282 ge-

2035 5301 2236 5366 nitum,
2265 5301 2381 5357 slve
2406 5310 2618 5372 partus,
2645 5300 2760 5356 sive
2798 5302 3046 5373 gignens,
3075 5317 3107 5357 ο
3130 5304 3256 5356 vos!

2643 5503 2796 5559 CAP.
2826 5502 2994 5558 XXII.

2107 5597 2166 5654 Si
2193 5597 2338 5652 Deus
2358 5595 2600 5650 Verbum
2634 5594 2853 5664 genitus
2873 5604 2959 5650 est
2994 5611 3064 5650 ex
3095 5596 3342 5667 Virgine,
3386 5597 3443 5652 in
3476 5606 3617 5652 temo

2037 5704 2172 5761 pore
2201 5689 2422 5760 genitus
2453 5695 2574 5752 est;
2613 5702 2779 5756 porro
2817 5687 3088 5758 quidquid
3133 5690 3379 5759 genitum
3427 5699 3512 5744 est
3559 5690 3615 5743 in

2039 5793 2307 5852 tempore,
2338 5789 2393 5835 ct
2423 5791 2668 5849 tempore
2693 5779 2905 5850 indiget
2929 5781 2997 5835 ad
3020 5782 3440 5851 perfectionem.
3468 5783 3614 5853 Ergo

2042 5877 2086 5934 si
2121 5876 2267 5932 Deus
2302 5891 2368 5930 ex
2401 5873 2624 5943 Virgine
2646 5875 2868 5944 genitus
2897 5884 3002 5944 est,
3031 5886 3276 5951 tempore
3309 5875 3513 5948 indiget
3544 5877 3618 5934 ad
