4006 6536
469 396 609 466 1687

1707 409 2019 472 LEONTII
2060 411 2466 476 BYZANTINI

3595 404 3735 472 1688

460 518 882 592 perfectionem.
915 551 982 564 ——
1014 522 1123 590 At,
1177 539 1213 581 ο
1267 525 1583 597 sapientes,
1642 544 1823 599 neque
1861 529 2038 584 anima

2163 529 2327 598 Ἀλλ’,
2348 524 2395 585 ὧ
2426 529 2605 600 σοφοὶ,
2625 530 2752 584 οὑδέ
2780 531 2927 606 ψυχὴ
2953 532 3142 599 ἁπλῶς
3162 531 3360 604 χρόνου
3387 529 3561 585 δεῖται
3594 529 3734 598 πρὸς

463 613 792 684 simpliciter
837 623 1086 686 tempore
1124 616 1336 690 indiget
1366 619 1434 674 ad
1470 619 1890 691 perfectionem,
1941 622 2039 677 sed

461 709 583 776 ejus
637 717 851 764 tantum
897 709 1150 767 naturale
1190 711 1624 769 instrumentum
1669 724 1727 770 et
1771 714 2042 770 habitatio

459 800 862 856 substantialis.
887 801 1045 858 Unde
1073 811 1130 859 et
1167 813 1293 874 post
1313 805 1662 876 juventutem
1682 805 1958 874 animalis,
1985 814 2043 862 et

458 894 760 950 excedente
803 903 1088 971 tempore,
1127 905 1418 966 postquam
1464 896 1896 954 instrumentum
1934 899 2040 954 mi-

459 1000 566 1040 nus
588 993 777 1058 aptum
800 985 905 1056 ipsi
934 986 1141 1046 factum
1172 985 1341 1043 fuerit
1367 988 1436 1043 ad
1473 990 1850 1060 operationem
1898 991 2042 1062 (quae

457 1075 608 1130 enim
652 1085 902 1146 tempore
953 1075 1285 1141 ﬂoruerunt,
1329 1086 1576 1149 tempore
1619 1095 1842 1150 quoque
1889 1097 2040 1136 mar-

458 1175 710 1237 cescunt)
734 1179 929 1225 contra
957 1169 1012 1225 id
1045 1170 1193 1240 quod
1223 1170 1432 1234 dicitis,
1465 1180 1712 1240 tempore
1738 1171 2044 1228 remittitur

457 1264 579 1334 ejus
604 1263 785 1320 virtus
823 1271 880 1318 et
925 1262 1230 1334 perfectio;
1262 1279 1363 1318 nec
1396 1263 1512 1334 ipsa
1559 1263 1712 1320 videt
1744 1274 1842 1319 aut
1885 1265 2044 1321 audit

458 1357 779 1414 centenario
812 1355 1044 1426 perinde
1084 1372 1150 1411 ac
1180 1356 1497 1411 tricenaria.
1533 1357 1602 1412 Et
1636 1357 1713 1412 ita
1751 1359 2044 1414 evidenter

461 1448 808 1508 demonstrat
843 1464 955 1504 non
1001 1464 1031 1503 a
1061 1449 1244 1518 seipsa
1281 1448 1378 1504 sed
1404 1449 1474 1504 ab
1498 1449 1867 1506 instrumento
1901 1466 2043 1520 pen-

461 1541 594 1598 dere
633 1542 778 1612 quod
823 1542 895 1597 sit
937 1550 1063 1614 apta
1101 1551 1200 1598 aut
1237 1542 1450 1598 inutilis
1492 1543 1563 1598 ad
1602 1543 2042 1615 perfectionem;

460 1642 557 1690 aut
593 1634 639 1689 si
671 1634 740 1689 ab
767 1634 908 1705 ipsa,
932 1650 1001 1690 eo
1034 1644 1216 1690 tamen
1249 1635 1546 1691 mediante.
1567 1635 1855 1703 Quomodo
1877 1637 2046 1708 igitur

458 1739 558 1780 vos
595 1741 761 1781 omne
793 1725 1063 1797 quidquid
1099 1727 1156 1782 in
1197 1738 1447 1798 tempore
1485 1727 1748 1799 gignitur,
1795 1736 2046 1798 tempore

457 1833 678 1889 quoque
728 1819 978 1892 indigere
1026 1819 1097 1876 ad
1144 1821 1428 1892 propriam
1478 1821 1876 1892 perfectionem
1929 1828 2040 1876 tam

459 1910 870 1969 inconsiderate
896 1913 1201 1977 aﬂlrmatls,
1252 1930 1356 1970 nec
1392 1914 1857 1978 animadvertitis,
1897 1930 2044 1985 saepe

457 2005 685 2076 quidem
723 2007 992 2080 indigere,
1029 2023 1141 2064 non
1171 2019 1356 2064 autem
1392 2010 1682 2080 primario,
1729 2010 1824 2068 sed
1859 2011 2044 2083 aliqua

455 2117 524 2156 ex
547 2101 715 2156 rebus
739 2101 845 2158 sibi
881 2111 1076 2172 utpote
1107 2103 1163 2157 in
1201 2110 1450 2174 tempore
1475 2105 1695 2175 genitae,
1726 2119 2043 2160 accommo-

457 2195 600 2250 datis
645 2203 703 2250 ct
749 2195 1056 2252 secundum
1111 2204 1366 2251 naturam
1425 2197 1934 2254 coexsistentibus?
1984 2199 2042 2255 Si

452 2288 604 2342 anim
635 2304 740 2346 nec
759 2288 876 2358 ipsa
904 2289 1088 2343 anima
1109 2281 1218 2344 hoc
1255 2299 1504 2346 vestrum
1543 2289 1785 2345 admittit
1814 2292 2042 2347 ratioci-

452 2381 630 2446 nium,
661 2389 870 2452 quanto
916 2382 1090 2453 magis
1125 2391 1279 2439 certe
1326 2382 1494 2448 Deus,
1541 2383 1634 2454 qui
1680 2400 1791 2439 non
1837 2384 2043 2455 incepit

451 2475 740 2535 exsistere.
770 2477 866 2531 sed
899 2483 1114 2531 tantum
1143 2477 1240 2532 tali
1285 2477 1450 2532 modo
1495 2477 1551 2532 in
1595 2487 1846 2549 tempore
1889 2480 2039 2534 exsi-

451 2578 598 2622 stere
627 2567 900 2623 admittit!
939 2567 1066 2624 Haec
1095 2569 1243 2624 enim
1283 2578 1467 2625 vestra
1506 2571 1843 2642 loquacitate
1878 2573 2040 2629 nobis

450 2657 775 2714 elfutientes
809 2660 948 2715 nihil
983 2661 1158 2733 agetis
1184 2679 1199 2729 ;
1229 2676 1332 2717 nec
1367 2678 1499 2718 sana
1530 2671 1716 2719 mente
1740 2664 2034 2722 ducimini.

1053 2797 1205 2856 CAP.
1250 2798 1444 2855 XXIII.

519 2929 576 2985 Si
617 2929 714 2986 ubi
761 2930 907 2986 Deus
947 2932 1211 2996 Verbum,
1237 2933 1312 2988 ibi
1349 2935 1512 2991 Pater
1535 2945 1592 2991 et
1621 2934 1862 3008 Spiritus
1905 2953 2038 2994 san-

451 3032 597 3089 ctus,
646 3030 878 3093 propter
915 3024 1242 3083 substantiae
1277 3026 1726 3084 individuitatem
1764 3034 1907 3084 (erat
1936 3046 2038 3084 au-

455 3125 563 3170 tem
609 3116 663 3170 in
709 3124 904 3169 ventre
954 3116 1216 3189 Virginis,
1251 3119 1407 3191 juxta
1444 3135 1566 3186 vos,
1601 3122 1750 3178 Deus
1790 3122 2034 3178 Verbum

2146 623 2451 689 τελείωσιν,
2506 622 2644 677 ἀλλὰ
2690 622 2754 677 τὸ
2800 624 3010 696 ταύτης
3064 624 3297 694 φυσικὸν
3343 623 3578 695 ὄργανον
3641 623 3732 674 καὶ

2144 715 2467 787 οἰκητήριον
2497 715 2778 781 οὐσιῶδες.
2837 718 3002 773 Ὅθεν
3056 718 3152 774 καὶ
3187 715 3325 788 μετὰ
3359 715 3462 786 τὴν
3499 715 3732 784 νεότητα

2143 808 2242 864 τοῦ
2294 807 2458 874 ζὼου,
2499 809 2595 862 καὶ
2629 809 3029 874 πλεονάσαντος
3088 810 3186 866 τοῦ
3225 808 3456 882 χρόνου·
3499 809 3626 861 ἐπεὶ
3673 806 3741 860 τδ

2145 903 2383 973 ὄργανον
2449 903 2964 976 ἀνεπιτηδειότερον
3030 903 3197 958 πάλιν
3218 903 3359 972 αὐτῇ
3403 899 3738 955 καθίσταται

2145 996 2285 1066 πρὸς
2317 995 2417 1066 τὴν
2447 994 2754 1063 ὑπουργίαν
2779 995 2870 1064 (τὰ
2904 995 3015 1066 γὰρ
3066 995 3246 1067 χρόνῳ
3281 993 3609 1064 ἀκμάσαντα
3640 989 3741 1044 καὶ

2143 1087 2324 1158 χρόνῳ
2368 1086 2779 1157 παρακμάζει)’
2825 1087 3142 1141 τούναντίον
3194 1086 3230 1156 ἦ
3277 1102 3414 1156 φατε
3446 1084 3505 1138 ἐν
3557 1083 3740 1154 χρόνῳ

2145 1179 2337 1249 ὑφίησι
2360 1179 2528 1234 πάλιν
2555 1179 2662 1234 τῶν
2694 1179 2896 1250 ἐαυτῆς
2919 1179 3210 1251 ἐνεργειῶν
3241 1178 3337 1232 καὶ
3363 1177 3736 1231 τελειώσεων·

2148 1273 2285 1344 μηδὲ
2317 1273 2504 1344 δρῶσα
2531 1271 2849 1344 ὡσαύτωςῆ
2881 1272 3180 1334 ἀκούουσα,
3239 1273 3299 1325 ἐν
3345 1268 3738 1340 ἐκατονταετία

2145 1363 2330 1435 τυχὸν,
2361 1364 2438 1428 ὡς
2457 1365 2598 1435 ἐντῇ
2631 1365 3084 1436 τριακονταετίᾳο
3115 1364 3211 1417 καὶ
3239 1362 3481 1416 δείκνυσι
3518 1361 3737 1430 σαφῶς,

2147 1455 2220 1519 ὡς
2255 1454 2355 1526 οὐχ
2410 1455 2635 1526 ἑαυτῆς,
2693 1453 2832 1510 ἀλλὰ
2860 1453 2957 1508 τοῦ
2989 1453 3225 1526 ὀργάνου
3247 1446 3316 1524 ἦν
3344 1450 3407 1504 τὸ
3463 1450 3576 1504 ἀπὸ
3635 1447 3737 1502 τοῦ

2145 1546 2343 1618 χρόνου
2386 1547 2658 1618 χρήσιμον
2720 1546 2818 1602 καὶ
2855 1547 3172 1617 ἀχρήσιμον
3224 1543 3366 1616 πρὸς
3409 1541 3736 1595 τελείωσιν·

2144 1639 2332 1693 λοιπὸν
2368 1639 2428 1692 δὲ
2457 1638 2551 1695 καὶ
2581 1639 2779 1707 αὐτῆς,
2817 1638 2909 1692 διὰ
2941 1638 3108 1710 μέσου
3140 1636 3324 1708 μέντοι
3361 1633 3586 1688 τοῦτου.
3608 1632 3740 1696 Πῶς

2145 1729 2240 1783 οῦν
2270 1728 2433 1800 ὑμεῖς
2464 1730 2576 1783 πᾶν
2604 1729 2666 1784 τὺ
2692 1731 2751 1782 ἐν
2784 1729 2963 1801 χρόνῳ
3009 1728 3350 1799 τικτόμενον,
3383 1726 3584 1796 χρόνου
3623 1723 3738 1777 δεῖ-

2148 1821 2274 1876 σθαι
2305 1823 2444 1894 πρὸς
2485 1821 2768 1877 τελείωσιν
2822 1821 3053 1885 οἰκείαν,
3096 1820 3272 1884 οὕτως
3307 1817 3741 1890 ἀπερισκέπτως

2069 1879 2120 1938 Β
2147 1916 2284 1984 φατέ
2307 1933 2322 1980 ;
2349 1879 2450 1968 καλ
2473 1915 2571 1986 οὐχ
2603 1915 2688 1970 ὅτι
2719 1913 2983 1978 πολλάκις
3008 1879 3112 1968 οῦκ
3139 1879 3272 1967 αΰτδ
3310 1879 3571 1982 πριῦτως,
3600 1909 3743 1963 ἀλλά

2144 2023 2200 2059 τι
2235 2005 2348 2059 τῶν
2365 2005 2760 2060 οἰκειωθέντων
2787 2004 2938 2075 αὐτῷ
2956 2002 3036 2075 τῷ
3082 2003 3358 2073 ἐγχρόνως
3399 2001 3738 2072 τικτομένῳ.

2145 2098 2240 2152 καὶ
2278 2099 2420 2152 κατὰ
2477 2097 2641 2169 φύσιν
2666 2097 3117 2170 συνουσιωμένων
3155 2095 3309 2150 τοῦδε
3357 2095 3557 2157 δεῖται,
3601 2093 3743 2147 καθ-

2147 2195 2312 2264 ορᾶτε
2337 2209 2352 2259 ;
2383 2193 2447 2250 El.
2475 2193 2586 2264 γὰρ
2615 2191 2753 2263 μηδέ
2784 2189 2936 2262 ψυχὴ
2965 2190 3157 2244 τοῦτον
3188 2191 3343 2260 ὑμῶν
3371 2188 3742 2257 καταδέχεται

2145 2285 2442 2354 τὸνλόγον,
2475 2285 2628 2356 πόσῳ
2668 2301 2733 2354 γε
2774 2283 2975 2355 μᾶλλον
3021 2282 3179 2348 Θεὸς,
3219 2282 3280 2347 ὃς
3341 2281 3480 2353 μηδέ
3527 2281 3746 2352 ἤρξατο

2145 2378 2242 2432 τοῦ
2290 2374 2453 2442 εἶναι,
2508 2376 2647 2430 ἀλλὰ
2691 2376 2854 2448 μόνον
2893 2375 2958 2430 τὸ
2995 2375 3222 2429 τοιῶσδε
3269 2369 3408 2427 εἶναι
3461 2370 3744 2443 χρονικῶς

2145 2467 2501 2534 κατεδέξατοί
2526 2467 2702 2522 ταῦτα
2731 2465 2825 2522 οὖν
2851 2469 2911 2534 ἐξ
2933 2465 3341 2538 ἀθυροστομίας
3365 2466 3499 2535 ἡμῖν
3532 2463 3741 2534 βαττο-

2141 2560 2450 2630 λογοῦντες.
2477 2559 2924 2632 ἐπιτριϐήσεσθε,
2942 2559 3038 2613 καὶ
3064 2557 3166 2612 οὐκ
3184 2556 3293 2610 ἀπὸ
3309 2553 3592 2627 νηςρούσης
3617 2553 3745 2608 διαο

2140 2653 2290 2718 νοίας
2311 2651 2655 2708 ὑποτίθεσθε.

2718 2789 2973 2844 ΚΕΦΔΔ.
3027 2789 3153 2843 Kl".

2214 2927 2279 2980 El
2335 2926 2464 2981 ἔνθα
2521 2927 2552 2981 6
2599 2925 2734 2990 Θεὸς
2774 2925 2975 2995 Λόγος,
3029 2925 3151 2979 ἐκεῖ
3203 2926 3230 2979 6
3269 2922 3485 2994 Πατὴρ,
3525 2922 3626 2975 καὶ
3676 2922 3743 2977 τό

2140 3018 2365 3087 Πνεῦμα
2389 3017 2450 3070 τὸ
2479 3016 2660 3085 ἅγιον,
2677 3016 2845 3070 διὰτὸ
2871 3019 2971 3088 τῆς
2997 3016 3188 3080 οὐσίας
3216 3015 3552 3086 ἀδιαίρετον,
3581 3009 3652 3085 ἦν
3679 3013 3740 3066 δὲ

2139 3113 2200 3164 ἐν
2225 3114 2291 3181 τῇ
2321 3109 2522 3181 γαστρὶ
2546 3110 2649 3180 τῆς
2694 3107 2972 3180 Παρθένου
3016 3108 3140 3162 καθ’
3170 3108 3315 3178 ὑμᾶς
3335 3109 3364 3161 6
3396 3106 3533 3170 θεὸς
3554 3107 3739 3174 Λόγος

454 3210 761 3266 secundum
785 3213 1194 3282 substantiam),
1217 3229 1350 3284 ergo
1371 3221 1490 3270 erat
1513 3213 1758 3270 Trinitas
1784 3215 1840 3270 in
1869 3225 2032 3272 utero

2144 3207 2263 3260 κατ’
2285 3205 2492 3268 οὐσίαν,
2540 3199 2609 3276 ἦν
2633 3203 2741 3275 ἄρα
2765 3204 2798 3276 ἡ
2823 3203 2993 3278 Τριάς
3017 3204 3076 3256 ἐν
3095 3205 3162 3273 τῇ
3179 3201 3378 3270 γαστρὶ
3395 3199 3494 3270 τῆς
3511 3199 3739 3272 Παρθέ-

451 3303 718 3375 Virginis.
744 3337 814 3346 ——
836 3305 880 3362 Ο
917 3305 1099 3362 omnis
1141 3306 1443 3376 impietatis
1479 3307 1689 3362 semina
1721 3324 2034 3364 accommo-

450 3393 665 3459 dantes,
722 3404 782 3451 ut
820 3405 1060 3452 vestram
1108 3397 1508 3468 blasphemiam
1554 3398 1844 3465 nutriatis,
1902 3399 2039 3470 quid

451 3485 671 3543 dicitis?
695 3486 928 3559 Oportet
951 3488 1099 3544 enim
1131 3503 1249 3552 vos,
1293 3504 1419 3543 cum
1450 3490 1696 3558 perversi
1741 3490 1884 3552 sitis,
1917 3507 2039 3561 pera

451 3587 695 3642 vertere.
725 3580 1032 3636 secundum
1075 3580 1423 3635 Psalmistam
1471 3589 1523 3636 γ.
1568 3581 1709 3648 Quia
1743 3582 1917 3639 Filius
1954 3595 2040 3639 cst

455 3668 511 3727 in
548 3669 675 3724 sinu
722 3669 924 3736 Patris,
968 3670 1098 3726 hinc
1127 3671 1294 3726 habet
1333 3671 1512 3727 Patris
1543 3673 1599 3727 in
1631 3689 1742 3744 quo
1768 3684 1872 3741 est,
1911 3675 2039 3732 inde

453 3769 538 3816 est
589 3760 842 3830 ipsemet.
902 3761 1363 3817 secundum'vos.
1412 3762 1522 3818 Sed
1574 3772 1630 3818 et
1670 3764 1854 3829 aliter,
1910 3765 2040 3835 quia

457 3853 547 3906 ubi
573 3853 756 3917 Pater,
795 3853 869 3908 ibi
891 3854 1062 3908 Filius
1087 3863 1142 3909 et
1168 3853 1408 3924 Spiritus
1442 3866 1669 3910 sanctus
1702 3866 1808 3920 est,
1840 3855 1893 3910 in
1914 3857 2039 3912 sinu

453 3953 637 3998 autem
669 3944 848 3998 Patris
868 3956 952 4000 est
982 3946 1174 4012 Filius,
1193 3946 1360 4017 igitur
1386 3955 1441 4001 et
1468 3947 1522 4001 in
1556 3948 1783 4018 proprio
1808 3948 1933 4002 sinu
1956 3957 2040 4004 cst

459 4037 648 4100 Filius,
691 4038 853 4091 simul
892 4055 1015 4092 cum
1045 4039 1204 4093 Patre
1240 4048 1297 4094 et
1319 4039 1530 4109 Spiritu
1564 4047 1777 4094 sancto.
1808 4039 1878 4094 Et
1912 4056 2039 4097 cum

455 4120 695 4188 Spiritus
719 4131 948 4175 sanctus
981 4131 1238 4192 tanquam
1263 4123 1519 4178 columba
1547 4123 1826 4179 devolavit
1853 4125 1906 4178 in
1936 4125 2043 4180 Do-

453 4210 662 4266 minum
684 4210 1021 4281 baptizatum
1055 4213 1111 4266 in
1139 4211 1402 4279 Jordanc,
1423 4214 1590 4285 igitur
1615 4216 1847 4271 etPater
1868 4217 2040 4272 devo-

453 4303 607 4357 lavit.
638 4303 694 4360 Si
711 4314 894 4358 autem
917 4305 1021 4360 hoc
1041 4305 1338 4360 transferre
1355 4308 1423 4362 ab
1443 4324 1550 4362 una
1568 4325 1803 4379 persona
1829 4310 1882 4364 in
1904 4311 2042 4367 alias

451 4395 952 4451 com-substantiales
971 4397 1296 4469 hypostases
1312 4415 1419 4454 non
1445 4399 1658 4470 patitur
1677 4401 1901 4472 pietatis
1917 4418 2040 4458 ser-

454 4505 562 4554 mo,
589 4491 672 4545 vel
700 4491 843 4545 idem
866 4490 1071 4547 sentire
1089 4491 1159 4548 de
1185 4505 1380 4548 sancto
1405 4494 1573 4550 Verbi
1609 4505 1770 4566 partu
1793 4497 2040 4568 cogcmi-

2143 3317 2255 3353 νου.
2289 3299 2354 3352 Οἱ
2397 3297 2578 3368 πὰσης
2614 3296 2872 3362 ἀσεϐείας
2902 3295 3274 3368 ἐρανιζόμενοι
3298 3295 3613 3366 σπέρματα,
3649 3295 3740 3348 ἵνα

2141 3395 2237 3466 τὴν
2278 3394 2483 3448 οίκείαν
2511 3391 2866 3464 βλασφημίαν
2912 3390 3292 3461 ὑποτρέφοιτε,
3321 3387 3374 3441 τί
3396 3405 3534 3457 φατε
3559 3406 3576 3453 ;
3601 3389 3742 3441 Δέον

2142 3487 2248 3556 γὰρ
2286 3486 2430 3556 ὑμᾶς
2459 3483 2924 3556 στρεϐλουμένους
2955 3485 3088 3554 ἡμῖν
3116 3481 3441 3554 διαστρέψαι
3470 3481 3620 3536 κατὰ
3639 3480 3738 3534 τὸν

2146 3577 2479 3649 Ψαλμῳδόν.
2527 3577 2683 3630 Ἐπεὶ
2712 3579 2740 3630 6
2770 3576 2898 3638 Υἱὸς
2929 3577 2986 3628 ἐν
3033 3575 3110 3646 τῷ
3140 3575 3325 3646 κόλπῳ
3367 3574 3463 3628 τοῦ
3515 3575 3738 3644 Πατρός

2141 3670 2280 3733 ἐστι,
2316 3671 2410 3722 καὶ
2476 3669 2539 3721 τὸ
2582 3667 2684 3740 μὲν
2721 3666 2816 3720 τοῦ
2853 3666 3071 3736 Πατρός
3118 3667 3270 3720 ἐστιν
3313 3668 3373 3718 ἐν
3409 3659 3454 3735 ᾧ
3483 3666 3638 3719 ἐστι’
3672 3662 3741 3716 τὸ

2141 3761 2200 3816 δὲ
2230 3761 2394 3824 αὐτός
2453 3762 2568 3815 ἐστι
2622 3760 2746 3814 καθ’
2796 3761 2964 3830 ὑμᾶς,
3019 3759 3154 3815 άλλά
3213 3761 3308 3814 καὶ
3335 3759 3562 3830 ἑτέρως,
3609 3759 3741 3810 ἐπεὶ

2141 3855 2274 3909 ὅπου
2308 3857 2336 3908 6
2361 3855 2572 3925 Πατὴρ,
2600 3855 2718 3907 ἐκεῖ
2746 3854 2842 3908 καὶ
2871 3856 2899 3908 6
2926 3854 3056 3919 Υίδς
3081 3853 3176 3908 καὶ
3203 3854 3265 3907 τὸ
3293 3852 3522 3922 Πνεῦμα
3557 3853 3737 3913 ἐστιν,

2147 3948 2204 4000 ἐν
2226 3947 2283 4000 δὲ
2313 3946 2392 4018 τῷ
2419 3946 2514 4000 τοῦ
2562 3947 2779 4017 Πατρός
2817 3946 3005 4018 κόλπῳ
3035 3947 3064 3999 6
3106 3945 3254 4012 Υἱὸς,
3289 3942 3490 3998 οὐκοῦν
3535 3943 3638 3996 καὶ
3677 3943 3740 3994 ἐν

2141 4039 2222 4111 τῷ
2254 4039 2370 4111 ἰδίῳ
2393 4039 2582 4109 κόλπῳ
2610 4041 2639 4093 6
2673 4037 2803 4102 Υἱὸς
2831 4039 2948 4110 ἅμα
2992 4038 3070 4112 τῷ
3101 4037 3276 4109 [Iath
3315 4038 3412 4090 καὶ
3443 4036 3523 4108 τῷ
3555 4036 3736 4090 Πνεῦ-

2146 4149 2278 4202 ματι
2310 4130 2386 4203 τῷ
2449 4130 2628 4203 ἁγίῳο
2687 4129 2785 4184 καὶ
2845 4130 3036 4202 ἐπειδὴ
3095 4130 3155 4183 τὸ
3206 4129 3362 4198 άγιον
3391 4127 3622 4198 Πνεῦμα
3657 4127 3738 4191 ὡς

2145 4223 2451 4296 περιστερὰ
2505 4224 2720 4294 ἐπέπτη
2770 4225 2830 4278 ἐν
2879 4221 3118 4296 Ἰορδάνῃ
3178 4220 3584 4293 βαπτιζομένου
3637 4219 3737 4273 τοῦ

2147 4314 2382 4386 Κυρίου,
2434 4313 2545 4386 ἄρα
2597 4313 2697 4369 καὶ
2725 4315 2754 4368 ὁ
2783 4313 2976 4385 Πατὴρ
3006 4313 3295 4382 ἐφίπτατο.
3337 4312 3402 4366 Et
3454 4311 3512 4364 δέ
3555 4309 3737 4364 ταῦτα

2146 4408 2405 4478 μετάγειν
2429 4408 2494 4462 ἐκ
2522 4405 2619 4461 τοῦ
2658 4405 2778 4471 ἐνὸς
2806 4404 3106 4477 προσώπου
3137 4405 3232 4459 καὶ
3261 4405 3354 4458 ἐπὶ
3387 4404 3490 4466 τὰς
3529 4403 3734 4474 ἑτέρας

2141 4499 2463 4572 ὁμοουσίους
2493 4499 2847 4562 ὑποστάσεις,
2883 4500 2912 4551 ό
2945 4499 3044 4568 τῆς
3068 4498 3352 4561 εὐσεϐείας
3388 4497 3449 4550 οὐ
3480 4496 3732 4568 βιάζεται

448 4582 526 4646 ui,
552 4585 636 4638 vel
654 4591 802 4639 sorte
829 4585 1115 4654 praesentis
1133 4585 1302 4640 vestri
1330 4586 1560 4653 erroris,
1586 4586 1855 4643 rationem
1875 4589 2035 4645 exhi-

2144 4593 2334 4665 λόγος..
2388 4591 2423 4664 ἢ
2457 4590 2520 4646 τὸ
2574 4589 2707 4644 αὐτὸ
2761 4591 2904 4645 νοεῖν
2955 4590 3045 4644 ἐπὶ
3087 4589 3191 4660 τῆς
3226 4589 3392 4658 ἁγίας
3427 4588 3522 4641 τοῦ
3550 4588 3732 4655 Λόγου

447 4679 593 4740 bete,
643 4693 770 4733 cum
815 4677 962 4732 inter
1001 4678 1120 4734 haec
1151 4679 1500 4749 agnoscenda
1553 4680 1626 4735 sit
1673 4681 2029 4739 similitudo:

444 4775 502 4821 ut
540 4767 616 4822 ita
660 4769 796 4824 satis
843 4768 952 4825 erit
976 4778 1037 4824 ut
1069 4770 1228 4826 vobis
1261 4786 1323 4826 os
1367 4771 1437 4828 de
1467 4772 1573 4828 hoc
1623 4783 2028 4844 compescatur.

445 4861 675 4932 Oportet
730 4861 880 4917 enim
936 4879 1036 4918 vos
1089 4878 1353 4934 perverse
1387 4875 1648 4936 agentes,
1690 4877 1746 4922 et
1800 4867 2031 4923 aliarum

446 4953 715 5010 hteresum
745 4955 969 5011 inventa
1010 4957 1439 5028 prmtcndentcs,
1479 4974 1667 5030 exque
1704 4960 1862 5016 vobis
1899 4977 2032 5031 pro-

445 5046 563 5116 pria
595 5049 865 5106 facientes
891 5052 1062 5121 (aspis
1093 5067 1124 5106 a
1151 5051 1342 5122 vipera
1374 5069 1653 5108 venenum
1695 5055 2026 5126 mutuatur),

442 5141 598 5206 quasi
643 5158 754 5196 non
792 5142 1110 5198 subicerent
1147 5143 1308 5200 vobis
1348 5154 1535 5200 vestra
1575 5145 1913 5217 sophismata
1958 5146 2029 5201 ad

443 5231 770 5300 completam
799 5234 996 5290 malam
1031 5233 1363 5302 doctrinam,
1395 5251 1588 5293 errore
1611 5252 1862 5293 errorem
1890 5254 2028 5294 con-

447 5323 687 5388 firmare,
741 5327 1050 5380 secundum
1099 5327 1319 5382 Domini
1367 5328 1693 5383 methodum
1728 5329 1796 5383 ad
1837 5329 2033 5384 Phari-

442 5429 681 5469 saeorum
743 5417 1035 5488 malignam
1095 5418 1590 5489 interrogationem
1639 5419 2032 5490 respondentis

441 5522 543 5576 per
581 5506 925 5577 reciprocam
958 5511 1458 5584 interrogationem
1497 5511 1566 5567 ad
1605 5513 1756 5584 ipsos
1797 5513 1866 5568 de
1929 5512 2028 5568 ba-

442 5596 650 5666 ptismo
667 5597 921 5654 Joannis.

2143 4685 2393 4757 κυήσεως
2442 4681 2942 4754 είσπραχθήσεσθε,
2993 4681 3027 4753 ἢ
3076 4681 3464 4753 ἀποκληρώσει
3507 4681 3601 4734 τὸν
3628 4679 3733 4748 τῆς

2143 4777 2431 4848 παρούσης
2458 4775 2614 4848 ὑμῶν
2638 4775 2876 4845 ἀπορίας
2895 4774 3054 4844 λόγον
3088 4773 3384 4845 προάγετε,
3414 4771 3517 4843 τῆς
3541 4775 3731 4841 ὁμοιο-

2138 4867 2372 4941 τροπίας
2411 4867 2765 4940 συνωμολογη
2775 4867 2942 4939 μένης
2965 4868 3060 4920 καὶ
3080 4867 3174 4920 ἐπὶ
3192 4866 3358 4922 τῶνδε
3380 4882 3395 4895 ·
3435 4864 3533 4919 καὶ
3565 4863 3735 4935 ἀρκέ-

2141 4981 2226 5017 σει
2257 4964 2388 5034 ὑμϊν
2415 4960 2591 5024 οὕτως
2617 4962 2710 5014 καὶ⁸
2732 4958 2861 5030 περὶ
2887 4958 3043 5012 τοῦδε
3074 4956 3549 5028 ἐπιστομίζεσθαι.
3598 4954 3732 5007 Δέον

2140 5056 2249 5127 γάρ
2283 5055 2430 5125 ὑμᾶς
2458 5051 2932 5123 κακουργοῦντας,
2968 5051 3062 5103 καὶ
3099 5049 3169 5102 τὰ
3205 5049 3316 5103 τῶν
3353 5048 3531 5102 ἄλλων
3573 5048 3732 5120 αἱρέ-

2138 5164 2280 5200 σεων
2325 5143 2806 5216 προϐαλλομένους
2860 5141 3168 5211 εῦρέματα,
3211 5141 3305 5194 καὶ
3359 5139 3522 5194 τοῦτο
3557 5140 3624 5212 δὴ
3667 5140 3732 5192 τὺ

2131 5239 2226 5292 τοῦ
2257 5239 2418 5306 λόγου
2451 5235 2763 5300 ποιοῦντας,
2788 5235 2987 5298 Ἀσπὶς
3020 5236 3155 5305 παρ’
3188 5233 3404 5306 ἐχίδνης
3425 5234 3731 5303 φάρμακον

2129 5329 2462 5395 δανείζεται·
2495 5327 2572 5391 ὡς
2625 5326 2734 5381 τῶν
2774 5326 3060 5397 ὑμετέρων
3112 5324 3212 5378 οὐκ
3239 5324 3556 5396 ἀρκούντων
3598 5324 3730 5392 ὑμῖν

2137 5424 2223 5487 είς
2255 5421 2497 5489 παντελῆ
2562 5418 2885 5484 κακοδοξίαν
2944 5417 3322 5489 σοφισμάτων,
3374 5416 3568 5486 ἀπόρῳ
3626 5416 3729 5486 τὴν

2134 5515 2375 5585 ἀπορίαν
2398 5513 2722 5586 ἐλέγχεσθαι
2744 5529 2759 5543 ο
2792 5511 2936 5566 κατὰ
2963 5511 3064 5582 τὴν
3101 5509 3401 5582 γενομένην
3431 5509 3730 5580 Κυριακὴν

2138 5607 2360 5680 μέθοδον
2396 5606 2537 5680 πρὸς
2563 5607 2665 5677 τὴν
2709 5604 2820 5659 τῶν
2866 5604 3182 5676 Φαρισαίων
3221 5602 3532 5677 πανοῦργον
3581 5601 3724 5676 ἐρὼ-

439 5709 621 5764 τησιν,
649 5693 741 5749 διὰ
771 5695 874 5768 τῆς
935 5698 1197 5770 περὶτοῦ
1264 5701 1643 5774 βαπτίσματος
1693 5703 1944 5762 Ἰωάννου
2010 5704 2148 5778 πρὸς
2194 5707 2392 5786 αὐτοὺς
2428 5702 2950 5778 ἀντεπερωτήσεωςο

516 5907 550 5950 1
578 5899 697 5954 Psal
752 5915 880 5968 xm,
909 5899 1002 5955 27.
