4006 6520
307 435 443 505 1689

879 559 1137 614 ΚΕΦΔᾹ.
1170 560 1296 616 KA'.
1326 564 1329 569 λ

374 649 440 704 Et
467 651 529 704 ἐν
556 652 623 721 τῇ
652 651 854 723 γαστρὶ
901 652 1001 723 τῆς
1034 652 1315 723 Παρθένου
1354 653 1389 725 ἡ
1426 652 1598 725 Τριάς
1627 654 1749 708 κατ’
1794 653 1885 707 οὑ·

306 744 450 808 σίαν,
478 745 741 815 ἐγεννήθη
768 745 826 798 δέ
852 747 881 800 ὁ
910 745 1044 809 Θεὸς
1084 746 1256 817 Λόγος
1292 748 1414 803 κατ’
1446 749 1637 803 οὑσίαν
1670 750 1736 803 ἐκ
1782 746 1884 816 τῆς

304 835 609 907 Παρθένου,
666 839 700 907 ἠ
743 838 916 908 Τριάς
968 839 1077 909 ἄρα
1119 841 1384 913 ἐγεννήθη
1422 844 1487 896 ἐκ
1513 843 1615 912 τῆς
1670 840 1883 912 Παρθέ-

304 944 417 980 νου.
462 928 615 980 Ἐπεὶ
658 925 751 983 οὖν
787 932 815 981 ό
845 930 975 993 Υίδς
1012 933 1077 984 ἐκ
1122 931 1219 985 τοῦ
1262 934 1475 1003 Πατρὸς
1529 933 1879 1003 γεγέννηται·

304 1020 611 1089 ἀδιαίρετος
644 1020 701 1072 δέ
735 1020 835 1090 τῆς
859 1022 1024 1091 ἀγίας
1065 1024 1294 1094 Τριάδος
1334 1026 1366 1095 ἡ
1415 1025 1592 1087 οὑσία,
1643 1025 1750 1094 ἀρα
1791 1024 1884 1077 καὶ

304 1112 545 1181 ὀΠατὴρ
579 1113 741 1177 αὑτὸς
782 1116 877 1168 καὶ
927 1116 990 1168 τὸ
1050 1114 1207 1184 ἅγιον
1247 1116 1494 1187 Πνεῦμα,
1528 1117 1883 1188 γεγέννηνται

306 1204 431 1256 καθ’
460 1204 635 1273 ὑμᾶς·
663 1205 742 1257 ἐτι
772 1208 893 1259 ἐπεὶ
924 1208 952 1259 ὁ
988 1208 1173 1278 Πατὴρ
1196 1210 1256 1262 οὑ
1288 1209 1612 1279 γεγέννηται
1633 1208 1694 1261 ἔκ
1717 1226 1881 1270 τινος,

303 1292 426 1345 οὑδέ
456 1294 880 1364 ἐκπεπόρευται,
909 1298 1030 1350 οὐδὲ
1064 1299 1092 1349 ό
1120 1298 1248 1361 Υἱὸς
1282 1298 1403 1351 οὑδὲ
1439 1298 1501 1350 τὸ
1522 1298 1747 1367 Πνεῦμα
1774 1299 1884 1368 ἄρα

306 1385 426 1437 καθ’
454 1385 599 1455 ὑμᾶς
628 1389 692 1439 ἐκ
713 1388 810 1440 τοῦ
843 1389 1054 1459 Πατρός
1083 1390 1251 1442 εἰσιν·
1302 1390 1609 1461 ἀδιαίρετος
1638 1391 1747 1461 γὰρ
1780 1392 1880 1444 αὑ-

304 1481 419 1541 τοῖς
457 1481 489 1548 ή
537 1482 727 1532 οὑσίαο
778 1482 870 1533 ἐπὶ
927 1481 1111 1535 πλεῖον
1154 1484 1251 1553 μὲν
1284 1479 1377 1536 οὖν
1415 1486 1537 1547 ταῖς
1586 1485 1885 1554 ὑμετέραις

306 1571 785 1641 συμπεριάγεσθαι
834 1573 1172 1643 δυσφημίαις
1207 1575 1643 1646 παραιτούμεθα,
1696 1576 1783 1629 ἵνα
1808 1576 1885 1645 μὴ

306 1662 443 1730 πρὸς
474 1662 696 1732 ἔλεγχον
746 1664 900 1733 ὑμῶν
945 1665 1357 1734 ἀσχολούμενοι,
1406 1667 1542 1737 πρὸς
1576 1667 1883 1735 ἀθεσμολο-

304 1753 431 1820 γίαν
453 1754 681 1817 ἑαυτοὺς
710 1756 804 1807 καὶ
841 1756 1003 1825 ἡμεῖς
1050 1756 1438 1825 συνεθίζωμεν.
1494 1757 1633 1810 Ἀλλ’
1682 1758 1885 1811 οὑτωσὶ⁸

309 1844 413 1914 μὲν
451 1844 591 1914 πρὸς
624 1845 685 1897 τὸ
726 1846 904 1915 παρὸν
929 1847 1188 1914 ἐφεκτέον
1219 1848 1675 1915 σκολιευομένους
1701 1849 1878 1919 ὑμᾶς·

1287 443 1683 505 ADVERSUS
1720 444 2271 507 NESTORIANOS.
2303 472 2372 483 -ρ
2407 446 2551 506 LIB.
2594 446 2692 507 IV.

1910 571 1957 625 Δ

3417 432 3559 504 1690

2597 558 2749 613 CAP.
2773 554 2960 612 XXIV.

2056 654 2114 710 Si
2155 655 2211 709 in
2239 663 2399 709 utero
2426 652 2668 723 Virginis
2700 650 2944 705 Trinitas
2980 656 3067 704 est
3088 644 3395 703 secundum
3424 645 3559 701 sub-

1984 746 2266 811 stantiam,
2304 744 2521 815 genitus
2559 753 2645 798 est
2669 753 2852 798 autem
2880 742 3025 797 Deus
3060 741 3301 797 Verbum
3330 754 3398 794 ex
3434 739 3558 792 Vir-

1985 841 2111 911 gine
2144 838 2451 895 secundum
2483 836 2881 901 substantiam;
2920 849 3049 903 ergo
3086 832 3329 887 Trinitas
3374 829 3556 900 genita

1983 942 2068 987 est
2101 947 2166 985 ex
2191 929 2699 1001 Virgine.-—lgitur,
2723 942 2846 981 cum
2882 925 3056 979 Filius
3078 939 3143 977 ex
3158 924 3315 976 Patre
3339 922 3558 991 genitus

1985 1024 2077 1081 sit,
2107 1020 2339 1075 indivisa
2365 1028 2451 1073 est
2474 1026 2656 1072 autem
2680 1025 2882 1071 sancta:
2902 1015 3193 1068 Trinitatis
3213 1013 3553 1077 substantia;

1985 1130 2139 1185 ergo,
2170 1116 2324 1184 juxta
2359 1127 2475 1175 vos,
2506 1121 2561 1165 et
2594 1111 2708 1179 ipse
2736 1110 2895 1163 Pater
2938 1118 2994 1162 et
3045 1107 3283 1177 Spiritus
3331 1114 3556 1161 sanctus

1987 1208 2157 1279 geniti
2191 1215 2323 1260 sunt
2351 1222 2365 1270 ;
2389 1216 2445 1259 et
2467 1202 2712 1263 aliunde.
2754 1218 2880 1256 cum
2922 1201 3084 1255 Pater
3111 1217 3140 1253 a
3163 1200 3314 1253 nullo
3339 1199 3557 1267 genitus

1985 1300 2057 1355 sit
2086 1314 2187 1351 nec
2213 1296 2496 1367 procedat,
2528 1297 2682 1366 juxta
2713 1308 2809 1347 vos
2842 1308 2971 1362 ergo
3010 1308 3192 1360 neque
3244 1291 3416 1345 Filius
3463 1307 3561 1344 ne-

1986 1408 2095 1463 que
2145 1391 2386 1460 Spiritus
2423 1397 2648 1443 sanctus
2696 1403 2727 1441 a
2765 1387 2928 1441 Patre
2971 1394 3138 1438 sunt:
3187 1383 3423 1437 indivisa
3471 1390 3559 1436 est

1985 1488 2133 1540 enim
2181 1484 2290 1537 illis
2333 1481 2663 1537 substantia.
2707 1478 2958 1547 Amplius
2988 1487 3171 1532 autem
3215 1476 3415 1531 vestris
3458 1491 3559 1528 vo-

1985 1580 2201 1634 biscum
2253 1575 2550 1645 circumagi
2606 1572 2967 1642 blasphemiis
3006 1569 3313 1632 renuimus,
3357 1583 3449 1633 ne,
3501 1567 3558 1621 in

1985 1684 2225 1728 vestram
2258 1668 2691 1725 confutationem
2722 1665 2941 1728 intenti,
2982 1662 3050 1718 ad
3100 1661 3419 1731 illegitimas
3457 1676 3557 1713 vo-

1985 1779 2079 1820 ces
2119 1761 2223 1832 ipsi
2277 1775 2379 1815 nos
2415 1773 2819 1814 assuescamus.
2861 1754 2966 1809 Sed
3003 1754 3071 1809 ad
3114 1769 3357 1824 praesens
3405 1752 3559 1806 sina-

1985 1865 2109 1905 mus
2136 1864 2235 1903 vos
2259 1862 2549 1918 perperam
2570 1846 2800 1901 sentire.
2832 1844 2975 1911 Quid
3005 1850 3189 1897 autem
3227 1841 3295 1896 de
3345 1842 3432 1896 his
3468 1840 3557 1895 di-

301 1935 394 1985 τὸν
426 1933 484 1985 δὲ
515 1933 647 2003 περὶ
669 1932 836 1986 τῶνδε
864 1933 1021 2001 λόγον
1051 1935 1200 1996 ὅπως
1248 1951 1309 1986 τε
1338 1933 1556 2001 λέγεται
1610 1937 1705 1989 καὶ
1734 1915 1881 2000 δπως

1986 1941 2222 1998 cendum
2262 1940 2348 1996 vel
2374 1939 2725 1995 sentiendum
2756 1938 2850 2004 sit,
2878 1935 2992 1991 suis
3032 1934 3317 2005 prophetis
3352 1933 3559 1988 veritas

304 2028 528 2090 νοεῖται,
576 2028 687 2088 τοῖς
747 2026 899 2091 ίδίοις
953 2027 1263 2097 ὑποφήταις
1312 2027 1346 2097 ἡ
1376 2026 1608 2096 ἀλήθεια
1638 2027 1877 2094 ἔδειξεν·

301 2117 360 2169 ἐν
393 2110 470 2179 οἷς
494 2118 607 2177 τοῖς
633 2118 822 2181 κακῶς
865 2116 1135 2189 διαιροῦσι
1165 2119 1261 2171 καὶ
1312 2118 1536 2188 φαύλως
1588 2121 1880 2190 συγχέουσι

298 2211 395 2263 τὸν
421 2209 522 2282 τῆς
549 2210 709 2281 ἁγίας
726 2211 1052 2283 ὑπερουσίου
1084 2210 1315 2281 Τριάδος
1358 2210 1519 2281 λόγον
1560 2211 1879 2283 ἀπελέγχει.

880 2326 1131 2380 ΚΕΦΛΔ.
1161 2326 1292 2382 ΚΕ’.

369 2417 487 2481 Πᾶς
541 2415 703 2473 τόκος
731 2416 1077 2486 ἐγνωσμένος
1142 2417 1210 2487 τῇ
1256 2415 1381 2487 θεία
1430 2416 1622 2488 Γραφῇ
1658 2418 1723 2472 ἐκ
1768 2417 1881 2470 τῶν

299 2513 476 2581 πάντη
511 2509 786 2580 ἀνομοίων
814 2508 1045 2578 ἀνόμοια
1073 2507 1299 2567 τίκτων.
1341 2508 1568 2562 ἐπαίνου
1601 2509 1662 2563 τὸ
1694 2508 1879 2562 τίκτον

303 2604 522 2676 ἢψόγου
575 2602 848 2655 δείκνυσιν
881 2602 1064 2669 ἄξιονο
1119 2599 1343 2654 ἐπαίνου
1392 2601 1510 2670 μὲν,
1562 2600 1663 2665 ὡς,
1717 2620 1736 2653 ι
1781 2600 1880 2655 Διά

298 2699 390 2752 τὸν
417 2696 582 2766 φόϐον
618 2713 734 2757 σου,
770 2694 967 2766 Κύριε,
997 2695 1055 2747 ἐν
1085 2694 1286 2763 γαστρὶ
1315 2692 1582 2763 ἐλάϐομεν
1631 2694 1726 2746 καὶ
1764 2692 1881 2747 ἐτέο

299 2806 497 2861 κομεν·
544 2810 562 2841 ι
596 2788 766 2859 ψόγου
791 2788 871 2854 δὲ,
915 2787 989 2851 ὼς
1011 2787 1094 2850 τὸ,
1126 2805 1148 2839 ι
1198 2786 1330 2840 Ἰδοὺ
1364 2786 1627 2856 ὠδίνησεν
1642 2784 1878 2851 ἀδικίαν,

300 2882 560 2935 συνέλαϐε
582 2883 762 2945 πόνον,
790 2880 882 2933 καὶ
901 2879 1083 2932 ἐτεκεν
1107 2878 1358 2949 ἀνομίαν.
1390 2897 1409 2929 ι
1439 2879 1552 2931 Πᾶν
1566 2878 1622 2931 δέ
1637 2878 1697 2929 τδ
1722 2880 1881 2931 ἐπαι-

299 2974 562 3043 νούμενον
595 2973 628 3044 ἢ
650 2972 955 3042 ψεγόμενον
983 2975 1040 3024 ἐν
1069 2971 1148 3042 τῷ
1162 2972 1388 3032 τίκτειν,
1409 2972 1473 3023 ἐκ
1497 2970 1597 3041 τῆς
1618 2971 1880 3040 προαιρέ-

300 3083 440 3129 σεως
481 3067 575 3119 καὶ
615 3066 715 3118 οὑκ
756 3068 820 3118 ἐκ
844 3067 943 3135 τῆς
978 3064 1168 3127 οὐσίας
1208 3063 1269 3116 τὸ
1318 3062 1639 3132 τικτόμενον
1667 3062 1877 3114 τίκτει⁶

301 3158 409 3218 πᾶς
445 3155 555 3225 ἄρα
585 3156 743 3217 τόκος
766 3154 1172 3224 γινωσκόμενος
1190 3155 1257 3224 τῇ
1299 3151 1420 3223 θεία
1450 3152 1639 3222 Γραφῇ
1676 3152 1740 3203 ἐκ
1769 3151 1880 3203 τῶν

1983 2033 2408 2096 demonstravit,
2447 2031 2502 2086 in
2536 2032 2740 2101 quibus
2764 2030 2906 2084 male
2948 2027 3260 2082 dividentes
3300 2036 3395 2081 aut
3430 2042 3557 2095 per-

1981 2140 2138 2183 verse
2178 2122 2580 2179 confundentes
2609 2130 2811 2177 sanctaa
2842 2115 3391 2189 supersubstantialis
3433 2114 3559 2168 Tri-

1979 2218 2173 2274 nitatis
2202 2216 2476 2272 rationem
2503 2214 2777 2271 confutat.

2581 2325 2734 2382 CAP.
2784 2323 2954 2379 XXV.

2050 2422 2242 2479 Omnis
2273 2426 2463 2491 partus
2492 2417 2679 2473 divina
2713 2415 2998 2485 Scriptura
3036 2413 3309 2483 cognitus,
3344 2428 3411 2467 ex
3440 2426 3560 2465 om—

1979 2514 2118 2570 nino
2170 2512 2537 2569 dissimilibus
2592 2508 2887 2566 dissimilia
2938 2508 3197 2578 gignens,
3252 2505 3412 2560 laude
3472 2504 3558 2557 vel

1982 2605 2415 2677 reprehensione
2455 2605 2681 2675 dignnm
2709 2602 3021 2673 gignentem
3068 2598 3348 2661 ostendit;
3394 2597 3556 2651 laude

1980 2700 2227 2771 quidem,
2260 2705 2321 2752 ut
2348 2714 2362 2751 :
2398 2716 2417 2749 ι
2449 2697 2682 2765 Propter
2708 2695 2962 2747 timerent
3000 2702 3176 2756 tuum,
3203 2690 3451 2752 Domine.
3499 2688 3558 2741 in

1981 2803 2140 2848 utero
2160 2792 2456 2846 habuimus
2482 2798 2538 2845 et
2559 2788 2956 2859 parturivimus
2980 2794 3001 2819 ³
3026 2803 3041 2849 ;
3071 2804 3089 2837 ›
3125 2783 3556 2853 reprehensione

1980 2902 2135 2950 vero,
2162 2895 2222 2939 ut
2250 2903 2265 2938 :
2302 2902 2321 2935 ι
2350 2882 2612 2939 Parturiit
2644 2879 2990 2952 iniustitiam,
3029 2877 3280 2946 concepit
3306 2876 3557 2929 dolorem

1980 2988 2037 3035 et
2074 2978 2289 3049 peperit
2330 2976 2681 3046 iniquitatem
2712 2986 2759 3027 δ.
2803 2993 2820 3025 ι
2852 2971 3135 3041 Quidquid
3164 2980 3347 3024 autem
3394 2970 3447 3022 in
3477 2968 3557 3039 gi-

1980 3071 2199 3143 gnendo
2243 3069 2502 3123 laudatur
2533 3068 2620 3121 vel
2668 3064 3122 3135 reprehenditur,
3163 3077 3230 3116 ex
3275 3060 3560 3115 voluntate

1980 3174 2036 3220 et
2088 3180 2193 3218 non
2241 3178 2308 3217 ex
2360 3159 2665 3216 substantia
2716 3157 2891 3229 gignit
2932 3156 3081 3226 quod
3123 3154 3314 3225 gignit.
3368 3151 3561 3207 Omnis

301 3249 475 3317 πάντη
499 3247 766 3318 ἀνομοίων
787 3247 1019 3315 ἀνόμοια
1043 3246 1267 3308 τίκτων,
1298 3246 1363 3297 ἐκ
1380 3244 1479 3313 τῆς
1505 3242 1881 3315 προαιρέσεως

1986 3272 2115 3326 ergo
2164 3264 2355 3326 partus
2385 3254 2572 3308 divina
2606 3252 2893 3322 Scriptura
2925 3248 3197 3319 cognitus,
3235 3261 3301 3301 ex
3335 3244 3561 3299 omnino

300 3342 394 3394 καὶ
423 3341 524 3396 οὑκ
558 3343 622 3395 ἐκ
655 3343 753 3411 τῆς
791 3338 980 3403 οὐσίας
1009 3339 1186 3392 τίκτει
1230 3338 1291 3392 τὸ
1338 3337 1679 3407 τικτόμενον.
1713 3337 1879 3389 Ποίαν

299 3434 431 3502 ἡμῖν
454 3433 562 3503 ἄρα
584 3433 947 3503 ἀνομοιότητα
974 3430 1299 3485 ὑποτίθεσθε
1320 3428 1420 3501 τὴν
1455 3430 1573 3483 κατ’
1598 3427 1810 3493 οὑσίαν,
1842 3427 1877 3499 ἢ

299 3521 444 3577 κατά
470 3541 523 3576 τι
552 3523 927 3594 συμϐεϐηκὸς,
962 3523 1056 3576 καὶ
1096 3521 1213 3585 πῶς
1234 3520 1387 3574 ἔσται
1410 3520 1609 3591 ἀληθὲς
1639 3520 1700 3573 τὸ
1725 3522 1880 3592 είρη-

303 3617 464 3684 μένον
486 3616 513 3667 ὑ
522 3616 634 3684 μῖν,
660 3613 994 3678 ἐξεταστέον.
1022 3612 1087 3665 Εἰ
1112 3613 1211 3683 μὲν
1234 3612 1343 3683 γὰρ
1366 3610 1507 3665 κατά
1520 3611 1618 3682 τὴν
1647 3610 1879 3677 οὑσιώδη

299 3707 564 3778 διαφορὰν
613 3705 689 3761 ὡς
746 3707 803 3759 ἐν
840 3704 1087 3774 ποιότητι
1138 3706 1342 3775 φυσικῇ
1378 3719 1536 3770 φατε,
1592 3702 1699 3755 ίδοὺ
1733 3702 1796 3754 ἐκ
1822 3717 1881 3753 τε

298 3795 462 3849 λίθων
484 3796 577 3849 καὶ
602 3792 720 3860 σιδή
731 3810 838 3863 ρων
863 3794 957 3847 καὶ
979 3792 1150 3857 ξύλων
1170 3791 1524 3861 πυρεκϐόλων
1551 3789 1663 3860 πῦρ
1685 3790 1883 3856 γεννᾶ-

299 3904 411 3950 ται,
438 3886 497 3951 ἐξ
533 3885 803 3957 ἀνομοίων
848 3884 908 3938 ὃν
934 3885 1185 3954 ἀνόμοιον
1213 3885 1335 3938 κατ’
1375 3882 1566 3936 οὑσίαν
1587 3898 1600 3911 ·
1638 3882 1734 3935 καὶ
1758 3879 1882 3934 οὔτε

300 3982 524 4034 ἐπαίνου
556 3978 681 4032 οὑτε
714 3978 883 4049 ψόγου
913 3978 1187 4031 δείκνυσιν
1221 3977 1369 4041 ἄξιον
1396 3976 1458 4028 τὸ
1480 3976 1665 4029 τίκτον
1688 3992 1702 4005 ο
1734 3974 1798 4028 ἐκ
1823 3992 1881 4027 τε

300 4074 575 4145 λαχάνων,
596 4073 833 4143 κάμπαιο
852 4071 947 4125 καὶ
962 4073 1025 4123 ἐκ
1049 4069 1220 4141 μυῶν,
1240 4068 1412 4123 εὐλαί·
1432 4068 1698 4137 ἀνομοίων
1715 4067 1885 4120 όντων

300 4166 410 4217 τῶν
430 4163 697 4218 τεκόντων
710 4161 853 4216 κατά
869 4160 967 4232 τὴν
989 4161 1177 4215 οὑσίαν
1196 4161 1380 4224 αὑτοῖς
1400 4175 1414 4189 ’
1435 4159 1530 4213 καὶ
1546 4158 1668 4212 οὕτε
1684 4158 1884 4230 ψεκτὸν

301 4255 427 4310 οὑτε
456 4255 743 4311 ἐπαινετόν
765 4270 778 4284 ·
803 4253 919 4309 ἀλλ’
948 4255 1098 4325 ὅμως
1124 4256 1240 4316 τοῖς
1258 4251 1698 4323 παραδείγμασιν
1730 4251 1886 4320 ὑμῶν

301 4350 715 4419 ἐπιστήσαντες,
778 4347 978 4417 μᾶλλον
1020 4344 1118 4413 τὴν
1168 4343 1313 4397 κατά
1360 4342 1457 4413 τὴν
1528 4341 1762 4412 ὓπαρξιν
1795 4345 1888 4395 ἀν-

299 4443 600 4511 ομοιότητα
630 4438 890 4509 λέγεσθαι
927 4438 1057 4506 ὑμῖν
1097 4436 1384 4506 νοήσομεν·
1420 4434 1513 4487 καὶ
1541 4434 1600 4486 τὸ
1632 4435 1886 4503 ἀνόμοιον

1980 3348 2349 3403 dissimilibus
2380 3344 2670 3401 dissimilia
2699 3344 2949 3415 gignens,
2973 3357 3039 3397 ex
3065 3340 3350 3395 voluntate
3369 3344 3425 3393 et
3448 3352 3559 3391 non

1980 3455 2048 3495 ex
2101 3438 2410 3495 substantia
2468 3436 2643 3508 gignit
2685 3435 2833 3506 quod
2867 3434 3062 3507 gignit.
3091 3461 3162 3472 -—
3190 3427 3562 3496 Quaerendum

1979 3530 2143 3588 nobis
2179 3539 2263 3587 est
2299 3528 2515 3599 qualem
2550 3526 3062 3581 dissimilitudinem
3109 3518 3437 3591 supponatis
3480 3532 3563 3573 se-

1981 3622 2222 3680 cundum
2272 3620 2637 3675 substantiam
2684 3627 2779 3673 aut
2807 3614 3112 3672 secundum
3147 3611 3368 3682 aliquod
3409 3609 3560 3664 acci-

1982 3716 2142 3776 dens,
2174 3724 2231 3768 et
2257 3711 2537 3783 quomodo
2568 3726 2762 3765 verum
2793 3710 2866 3763 sit
2890 3706 3036 3778 quod
3072 3705 3276 3759 dicitis.
3316 3702 3371 3757 Si
3410 3701 3560 3756 enim

1981 3808 2291 3865 secundum
2357 3804 2779 3861 substantialem
2846 3798 3248 3859 diﬂ‘erentiam,
3298 3793 3455 3866 quasi
3504 3794 3560 3847 in

1982 3900 2248 3971 qualitate
2296 3897 2546 3969 physica,
2598 3896 2817 3959 dicitis,
2867 3894 3009 3949 Ecce
3064 3907 3130 3947 ex
3185 3890 3462 3959 lapidibus
3505 3894 3563 3942 et

1984 3988 2134 4044 ferro
2160 3996 2217 4041 et
2238 3985 2402 4057 lignis
2435 3983 2683 4055 igniferis
2714 3981 2855 4054 ignis
2889 3988 3206 4051 generatur,
3240 3994 3306 4033 ex
3329 3976 3566 4031 dissimi-

1983 4081 2134 4136 libus
2190 4094 2323 4134 sane
2373 4075 2660 4131 dissimilis
2705 4074 3010 4131 secundum
3054 4071 3445 4133 substantiam,
3506 4078 3565 4123 et

1984 4188 2166 4243 neque
2191 4170 2355 4225 laude
2391 4183 2575 4239 neque
2596 4165 3028 4237 reprehensione
3060 4164 3288 4233 dignum
3317 4160 3565 4217 ostendit

1986 4266 2330 4337 gignentem.
2374 4262 2443 4315 Et
2467 4277 2534 4316 ex
2564 4258 2937 4331 leguminibus
2968 4273 3195 4327 campte,
3231 4264 3286 4310 et
3330 4270 3397 4310 ex
3444 4270 3566 4308 tnu-

1987 4357 2143 4412 ribus
2194 4370 2431 4420 vermes,
2476 4353 2841 4408 dissimilibus
2882 4359 3031 4407 certe
3078 4347 3433 4419 gignentibus
3479 4361 3566 4401 se-

1988 4448 2231 4503 cundum
2265 4444 2631 4500 substantiam
2672 4463 2684 4497 :
2732 4458 2834 4497 nec
2862 4450 2949 4496 est
2974 4441 3121 4494 laudi
3154 4439 3236 4494 vel
3262 4436 3567 4508 reprehen-

302 4534 364 4585 τὸ
415 4530 807 4601 ἐπαινούμενον
864 4530 897 4599 ἢ
951 4529 1289 4598 ψεγόμενον,
1353 4525 1430 4589 ὡς
1473 4524 1534 4589 ἐξ
1593 4525 1881 4596 ἀνθρώπου

1988 4539 2133 4594 sioni
2202 4538 2380 4592 locus.
2457 4536 2565 4590 Sed
2639 4542 2823 4587 tamen
2889 4529 3284 4601 prmtermissis
3364 4526 3569 4581 vestris

305 4623 405 4694 τὴν
434 4623 721 4690 ἀνομοίαν,
752 4622 786 4691 ἦ
819 4620 879 4673 τὸ
932 4620 1155 4688 Πνεῦμα
1201 4619 1301 4688 τῆς
1329 4616 1602 4686 σωτηρίας
1634 4617 1881 4686 τικτόμε-

1987 4628 2276 4698 exemplis,
2315 4627 2503 4697 potius
2532 4622 3044 4679 dissimilitudinem
3084 4618 3391 4675 secundum
3424 4617 3569 4671 exsi-

304 4732 419 4771 νον.
454 4713 610 4768 Ἐπεὶ
642 4709 735 4767 οῦν
772 4714 833 4765 τὸ
859 4712 1043 4765 τίκτον
1074 4711 1166 4764 ἐπ)⁸
1192 4710 1303 4764 τῶν
1350 4709 1619 4779 ἀνομοίων
1666 4707 1881 4772 πάντως

1987 4720 2244 4775 stentiam
2283 4734 2313 4772 a
2340 4717 2497 4772 vobis
2523 4717 2632 4772 dici
2670 4715 3013 4786 putabimus,
3048 4722 3106 4768 et
3144 4709 3415 4766 dissimile
3448 4709 3568 4763 lau-

305 4807 530 4861 ἐπαίνου
557 4805 593 4877 ἢ
620 4804 789 4875 ψόγου
820 4801 1055 4867 ἀξιοῦτε,
1084 4800 1381 4855 κάντεῦθεν
1415 4802 1481 4853 ἐκ
1512 4800 1881 4871 προαιρέσεως

1986 4812 2175 4866 datum
2204 4811 2291 4865 vel
2319 4810 2694 4879 vituperatum
2720 4817 2982 4876 tanquam
3010 4821 3077 4859 ex
3122 4802 3350 4857 homine
3393 4799 3563 4854 dissi—

305 4899 448 4956 εἶναι
480 4900 574 4953 τὸν
604 4898 763 4951 τόκον
794 4894 1179 4962 συλλογίζεσθε
1206 4908 1221 4923 ο
1256 4893 1343 4945 ἵνα
1375 4892 1470 4945 καὶ
1502 4894 1567 4945 ἐκ
1610 4892 1708 4961 τῆς
1734 4890 1878 4945 κατά

1986 4904 2381 4965 militudinem,
2408 4912 2466 4957 et
2488 4901 2744 4973 spiritum
2768 4899 2964 4954 salutis
2990 4897 3260 4970 genitum.
3290 4893 3430 4961 Quia
3461 4891 3564 4963 igi-

303 4996 397 5049 τὸν
427 4993 708 5061 Δεσπότην
764 4987 1154 5057 ἀνομοιότητος
1214 4985 1279 5036 ἐκ
1308 4981 1688 5055 προαιρέσεως
1724 4981 1881 5050 λέγε-

1988 5004 2078 5051 tur
2100 4995 2246 5066 quod
2278 4996 2456 5067 gignit
2480 4994 2548 5049 de
2590 4993 2957 5049 dissimilibus
3004 4989 3232 5046 omnino
3264 4986 3446 5042 laudis
3479 4986 3567 5039 vel

308 5087 434 5141 σθαι
470 5085 568 5154 τὴν
589 5083 710 5136 κατ’
734 5078 898 5134 αὑτὸν
929 5078 1183 5147 γέννησιν
1212 5079 1275 5130 ἐκ
1304 5077 1403 5148 τῆς
1430 5079 1730 5149 Δεσποίνης
1764 5095 1881 5131 συν-

1989 5089 2439 5160 reprehensionis
2482 5087 2711 5159 dignum
2753 5085 3037 5158 judicatis,
3098 5082 3299 5138 exinde
3343 5094 3571 5150 quoque

303 5177 467 5246 ἁγετε
503 5178 662 5247 τάχα,
682 5172 1067 5247 ματαιολόγοι·
1108 5172 1327 5242 πρῶτον
1356 5172 1454 5241 μὲν
1484 5170 1785 5242 μνήσθητε,
1811 5170 1881 5234 ὡς

1986 5195 2054 5236 ex
2072 5181 2360 5235 voluntate
2386 5194 2507 5234 esse
2535 5186 2754 5248 partum
2790 5177 3045 5242 infertis;
3088 5182 3147 5230 et
3180 5189 3247 5229 ex
3276 5171 3571 5227 dissimili-

302 5268 616 5322 τοὺναντίον
648 5267 745 5321 καὶ
776 5264 1034 5337 ὁμοίωσιν
1065 5262 1143 5335 τῷ
1168 5261 1411 5333 Χριστῷ,
1435 5264 1485 5316 εί
1522 5262 1618 5316 καὶ⁸
1641 5262 1716 5332 μὴ
1745 5260 1881 5315 κατά

1987 5273 2180 5329 tudine
2220 5272 2441 5327 Domini
2473 5272 2656 5327 statim
2687 5268 3024 5325 concluditis
3050 5283 3119 5322 ex
3143 5266 3430 5320 voluntate
3455 5263 3564 5318 dici

302 5358 365 5411 τὸ
395 5358 540 5422 ὅλον,
575 5357 713 5427 πρὸς
767 5355 865 5427 τὴν
905 5354 1119 5425 μητέρα
1155 5353 1699 5423 μεμαρτυρήκαμεν’
1750 5352 1877 5405 ἀνο-

1986 5365 2106 5431 ejus
2145 5378 2214 5418 ex
2254 5362 2485 5417 Domina
2528 5361 2964 5433 generationem,
3021 5358 3324 5427 vaniloqui.
3377 5356 3569 5411 Primo

315 5450 417 5521 μία
440 5451 520 5519 δέ,
553 5450 811 5520 οὐδεμίαν
861 5448 975 5519 ἔχει
1019 5446 1252 5517 οὑσιῶδη
1298 5445 1557 5515 ὁμοίωσιν
1604 5445 1743 5515 πρὸς
1790 5444 1881 5498 τὸν

1986 5455 2209 5526 quidem
2261 5462 2600 5511 mementote
2651 5469 2755 5509 nos
2801 5468 2833 5508 e
2880 5460 3072 5507 contra
3118 5448 3562 5511 similitudinem,

304 5544 506 5615 ἄνομον
550 5541 673 5598 καθ’
719 5540 990 5614 ὓπαρξιν*
1043 5540 1295 5609 δεύτερον
1335 5540 1395 5594 δὲ
1441 5542 1524 5594 ὅτι
1577 5540 1672 5594 καὶ
1724 5539 1785 5593 τὸ
1821 5542 1881 5593 ἐκ

1986 5549 2088 5605 etsi
2113 5565 2225 5603 non
2250 5547 2553 5604 secundum
2587 5555 2789 5613 totum,
2827 5544 3033 5601 Christi
3062 5542 3131 5597 ad
3172 5552 3403 5596 matrem
3449 5548 3561 5592 sta-

315 5635 517 5707 μέρους
544 5636 799 5707 ἀνόμοιον
844 5638 983 5707 πρὸς
1035 5636 1231 5707 αὑτὴν,
1278 5635 1339 5688 οὑ
1394 5632 1651 5704 τοιαύτης
1691 5635 1881 5702 ὁρᾶται

1986 5641 2156 5695 tuisse
2180 5657 2194 5707 ;
2234 5638 2524 5695 dissimilia
2565 5638 2775 5693 nullam
2804 5635 3015 5692 habent
3039 5632 3455 5691 substantialem
3481 5629 3559 5682 si-

306 5729 691 5801 ἀνομοιότητος
710 5730 827 5783 οἷαν
845 5728 940 5783 νῦν
966 5729 1122 5801 ὑμεῖς
1142 5732 1201 5784 ἐν
1230 5728 1669 5801 παραδείγμασιν
1690 5728 1881 5783 ὑπέθε-

1986 5730 2357 5788 militudincm
2390 5730 2458 5788 ad
2479 5730 2772 5797 dissimile,
2806 5727 3112 5787 secundum
3142 5721 3509 5782 substantiam
3537 5735 3555 5774 :

371 5894 397 5927 ³
431 5886 536 5945 lsa.
560 5903 707 5958 τινι,
736 5890 823 5945 18.
902 5901 926 5930 ι
946 5884 1071 5945 Job.
1101 5905 1191 5958 xv,
1227 5890 1319 5947 55.
