  <div class='ocr_page' id='page_1' title='image "/cluster/home/n/w/nwhite01/storage/ocr_20150623/86:1/hvd.32044019208909/853.png"; bbox 0 0 4006 6534; ppageno 0'>
   <div class='ocr_carea' id='block_1_1' title="bbox 499 468 635 537">
    <p class='ocr_par' dir='ltr' id='par_1_1' title="bbox 499 468 635 537">
     <span class='ocr_line' id='line_1_1' title="bbox 499 468 635 537; baseline -0.007 -2"><span class='ocrx_word' id='word_1_1' title='bbox 499 468 635 537; x_wconf 80' lang='lat'><strong>1691</strong></span> 
     </span>
    </p>
   </div>
   <div class='ocr_carea' id='block_1_2' title="bbox 1734 452 2484 520">
    <p class='ocr_par' dir='ltr' id='par_1_2' title="bbox 1734 452 2484 520">
     <span class='ocr_line' id='line_1_2' title="bbox 1734 452 2484 520; baseline -0.008 0"><span class='ocrx_word' id='word_1_2' title='bbox 1734 455 2044 520; x_wconf 86' lang='lat' dir='ltr'><strong>LEONTII</strong></span> <span class='ocrx_word' id='word_1_3' title='bbox 2083 452 2484 516; x_wconf 81' lang='lat' dir='ltr'><strong>BYZANTINI</strong></span> 
     </span>
    </p>
   </div>
   <div class='ocr_carea' id='block_1_3' title="bbox 3619 452 3766 522">
    <p class='ocr_par' dir='ltr' id='par_1_3' title="bbox 3619 452 3766 522">
     <span class='ocr_line' id='line_1_3' title="bbox 3619 452 3766 522; baseline -0.007 0"><span class='ocrx_word' id='word_1_4' title='bbox 3619 452 3766 522; x_wconf 72' lang='lat'><strong>1692</strong></span> 
     </span>
    </p>
   </div>
   <div class='ocr_carea' id='block_1_4' title="bbox 497 558 2070 644">
    <p class='ocr_par' dir='ltr' id='par_1_4' title="bbox 497 563 2070 644">
     <span class='ocr_line' id='line_1_4' title="bbox 497 563 2070 644; baseline -0.013 -8"><span class='ocrx_word' id='word_1_5' title='bbox 497 577 762 644; x_wconf 84' lang='lat' dir='ltr'><strong>secundo,</strong></span> <span class='ocrx_word' id='word_1_6' title='bbox 800 572 1306 632; x_wconf 76' lang='lat' dir='ltr'><strong>dissimilitudinem</strong></span> <span class='ocrx_word' id='word_1_7' title='bbox 1341 583 1448 640; x_wconf 91' lang='lat' dir='ltr'><strong>qua</strong></span> <span class='ocrx_word' id='word_1_8' title='bbox 1496 582 1565 624; x_wconf 77' lang='lat' dir='ltr'><strong>ex</strong></span> <span class='ocrx_word' id='word_1_9' title='bbox 1608 572 1766 638; x_wconf 89' lang='lat' dir='ltr'><strong>parte</strong></span> <span class='ocrx_word' id='word_1_10' title='bbox 1811 563 2001 618; x_wconf 81' lang='lat' dir='ltr'><strong>differt</strong></span> <span class='ocrx_word' id='word_1_11' title='bbox 2042 578 2070 617; x_wconf 87' lang='lat' dir='ltr'><strong>a</strong></span> 
     </span>
    </p>
   </div>
   <div class='ocr_carea' id='block_1_5' title="bbox 2173 558 3767 644">
    <p class='ocr_par' dir='ltr' id='par_1_5' title="bbox 2177 558 3767 634">
     <span class='ocr_line' id='line_1_5' title="bbox 2177 558 3767 634; baseline 0.002 -20"><span class='ocrx_word' id='word_1_12' title='bbox 2177 560 2270 614; x_wconf 85' lang='grc' dir='ltr'><strong>σθε</strong></span> <span class='ocrx_word' id='word_1_13' title='bbox 2288 559 2598 630; x_wconf 81' lang='grc' dir='ltr'><strong>ὑφεστῶτος</strong></span> <span class='ocrx_word' id='word_1_14' title='bbox 2615 558 2755 634; x_wconf 88' lang='grc' dir='ltr'><strong>πρὸς</strong></span> <span class='ocrx_word' id='word_1_15' title='bbox 2775 559 3175 625; x_wconf 81' lang='grc' dir='ltr'><strong>ἀνυπόστατον,</strong></span> <span class='ocrx_word' id='word_1_16' title='bbox 3198 559 3332 614; x_wconf 80' lang='grc' dir='ltr'><strong>ἀλλὰ</strong></span> <span class='ocrx_word' id='word_1_17' title='bbox 3353 560 3556 632; x_wconf 80' lang='grc' dir='ltr'><strong>μᾶλλον</strong></span> <span class='ocrx_word' id='word_1_18' title='bbox 3569 565 3767 629; x_wconf 81' lang='grc' dir='ltr'><strong>οὐσίας</strong></span> 
     </span>
    </p>
   </div>
   <div class='ocr_carea' id='block_1_6' title="bbox 498 659 2075 729">
    <p class='ocr_par' dir='ltr' id='par_1_6' title="bbox 498 659 2075 729">
     <span class='ocr_line' id='line_1_6' title="bbox 498 659 2075 729; baseline -0.01 -1"><span class='ocrx_word' id='word_1_19' title='bbox 498 683 672 728; x_wconf 90' lang='lat' dir='ltr'><strong>matre</strong></span> <span class='ocrx_word' id='word_1_20' title='bbox 699 687 808 726; x_wconf 89' lang='lat' dir='ltr'><strong>non</strong></span> <span class='ocrx_word' id='word_1_21' title='bbox 834 686 957 725; x_wconf 89' lang='lat' dir='ltr'><strong>esse</strong></span> <span class='ocrx_word' id='word_1_22' title='bbox 986 669 1150 723; x_wconf 89' lang='lat' dir='ltr'><strong>talem</strong></span> <span class='ocrx_word' id='word_1_23' title='bbox 1179 661 1691 720; x_wconf 73' lang='lat' dir='ltr'><strong>dissimilitudinem</strong></span> <span class='ocrx_word' id='word_1_24' title='bbox 1729 659 1945 729; x_wconf 89' lang='lat' dir='ltr'><strong>qualem</strong></span> <span class='ocrx_word' id='word_1_25' title='bbox 1973 672 2075 712; x_wconf 89' lang='lat' dir='ltr'><strong>vos</strong></span> 
     </span>
    </p>
   </div>
   <div class='ocr_carea' id='block_1_7' title="bbox 499 747 2075 828">
    <p class='ocr_par' dir='ltr' id='par_1_7' title="bbox 499 747 2075 828">
     <span class='ocr_line' id='line_1_7' title="bbox 499 747 2075 828; baseline -0.012 -9"><span class='ocrx_word' id='word_1_26' title='bbox 499 779 649 818; x_wconf 92' lang='lat' dir='ltr'><strong>nunc</strong></span> <span class='ocrx_word' id='word_1_27' title='bbox 677 761 733 816; x_wconf 93' lang='lat' dir='ltr'><strong>in</strong></span> <span class='ocrx_word' id='word_1_28' title='bbox 775 758 1046 828; x_wconf 84' lang='lat' dir='ltr'><strong>exemplis</strong></span> <span class='ocrx_word' id='word_1_29' title='bbox 1091 754 1423 826; x_wconf 88' lang='lat' dir='ltr'><strong>supponitis,</strong></span> <span class='ocrx_word' id='word_1_30' title='bbox 1468 750 1826 808; x_wconf 90' lang='lat' dir='ltr'><strong>subsistentis</strong></span> <span class='ocrx_word' id='word_1_31' title='bbox 1862 747 2075 803; x_wconf 84' lang='lat' dir='ltr'><strong>scilicet</strong></span> 
     </span>
    </p>
   </div>
   <div class='ocr_carea' id='block_1_8' title="bbox 498 840 2072 914">
    <p class='ocr_par' dir='ltr' id='par_1_8' title="bbox 498 840 2072 914">
     <span class='ocr_line' id='line_1_8' title="bbox 498 840 2072 914; baseline -0.01 -4"><span class='ocrx_word' id='word_1_32' title='bbox 498 856 727 912; x_wconf 85' lang='lat' dir='ltr'><strong>relative</strong></span> <span class='ocrx_word' id='word_1_33' title='bbox 759 855 827 908; x_wconf 89' lang='lat' dir='ltr'><strong>ad</strong></span> <span class='ocrx_word' id='word_1_34' title='bbox 860 869 970 907; x_wconf 89' lang='lat' dir='ltr'><strong>non</strong></span> <span class='ocrx_word' id='word_1_35' title='bbox 993 851 1414 908; x_wconf 84' lang='lat' dir='ltr'><strong>subsistentem,</strong></span> <span class='ocrx_word' id='word_1_36' title='bbox 1450 845 1547 901; x_wconf 89' lang='lat' dir='ltr'><strong>sed</strong></span> <span class='ocrx_word' id='word_1_37' title='bbox 1574 843 1760 914; x_wconf 85' lang='lat' dir='ltr'><strong>potius</strong></span> <span class='ocrx_word' id='word_1_38' title='bbox 1786 842 1910 897; x_wconf 89' lang='lat' dir='ltr'><strong>talis</strong></span> <span class='ocrx_word' id='word_1_39' title='bbox 1938 840 2072 896; x_wconf 79' lang='lat' dir='ltr'><strong>sub-</strong></span> 
     </span>
    </p>
   </div>
   <div class='ocr_carea' id='block_1_9' title="bbox 497 932 2073 1002">
    <p class='ocr_par' dir='ltr' id='par_1_9' title="bbox 497 932 2073 1002">
     <span class='ocr_line' id='line_1_9' title="bbox 497 932 2073 1002; baseline -0.011 0"><span class='ocrx_word' id='word_1_40' title='bbox 497 948 713 1002; x_wconf 67' lang='lat' dir='ltr'><strong>stantia:</strong></span> <span class='ocrx_word' id='word_1_41' title='bbox 756 945 825 1000; x_wconf 90' lang='lat' dir='ltr'><strong>ad</strong></span> <span class='ocrx_word' id='word_1_42' title='bbox 865 945 1032 999; x_wconf 86' lang='lat' dir='ltr'><strong>talem</strong></span> <span class='ocrx_word' id='word_1_43' title='bbox 1077 940 1464 997; x_wconf 84' lang='lat' dir='ltr'><strong>substantiam.</strong></span> <span class='ocrx_word' id='word_1_44' title='bbox 1512 937 1582 992; x_wconf 91' lang='lat' dir='ltr'><strong>Ut</strong></span> <span class='ocrx_word' id='word_1_45' title='bbox 1612 945 1797 990; x_wconf 91' lang='lat' dir='ltr'><strong>autem</strong></span> <span class='ocrx_word' id='word_1_46' title='bbox 1829 932 2073 1002; x_wconf 91' lang='lat' dir='ltr'><strong>abripia-</strong></span> 
     </span>
    </p>
   </div>
   <div class='ocr_carea' id='block_1_10' title="bbox 497 1022 2072 1094">
    <p class='ocr_par' dir='ltr' id='par_1_10' title="bbox 497 1022 2072 1094">
     <span class='ocr_line' id='line_1_10' title="bbox 497 1022 2072 1094; baseline -0.009 -4"><span class='ocrx_word' id='word_1_47' title='bbox 497 1054 624 1090; x_wconf 92' lang='lat' dir='ltr'><strong>mur</strong></span> <span class='ocrx_word' id='word_1_48' title='bbox 649 1045 832 1092; x_wconf 89' lang='lat' dir='ltr'><strong>vestra</strong></span> <span class='ocrx_word' id='word_1_49' title='bbox 866 1033 1098 1090; x_wconf 90' lang='lat' dir='ltr'><strong>ridenda</strong></span> <span class='ocrx_word' id='word_1_50' title='bbox 1130 1030 1454 1093; x_wconf 87' lang='lat' dir='ltr'><strong>calliditate,</strong></span> <span class='ocrx_word' id='word_1_51' title='bbox 1479 1027 1525 1082; x_wconf 90' lang='lat' dir='ltr'><strong>si</strong></span> <span class='ocrx_word' id='word_1_52' title='bbox 1560 1025 1746 1081; x_wconf 86' lang='lat' dir='ltr'><strong>omnia</strong></span> <span class='ocrx_word' id='word_1_53' title='bbox 1771 1041 1896 1094; x_wconf 71' lang='lat' dir='ltr'><strong>qua:</strong></span> <span class='ocrx_word' id='word_1_54' title='bbox 1927 1022 2072 1093; x_wconf 90' lang='lat' dir='ltr'><strong>apud</strong></span> 
     </span>
    </p>
   </div>
   <div class='ocr_carea' id='block_1_11' title="bbox 496 1115 2072 1196">
    <p class='ocr_par' dir='ltr' id='par_1_11' title="bbox 496 1115 2072 1196">
     <span class='ocr_line' id='line_1_11' title="bbox 496 1115 2072 1196; baseline -0.01 -13"><span class='ocrx_word' id='word_1_55' title='bbox 496 1127 736 1184; x_wconf 82' lang='lat' dir='ltr'><strong>divinam</strong></span> <span class='ocrx_word' id='word_1_56' title='bbox 803 1121 1143 1196; x_wconf 81' lang='lat' dir='ltr'><strong>Scripturam</strong></span> <span class='ocrx_word' id='word_1_57' title='bbox 1209 1139 1276 1178; x_wconf 78' lang='lat' dir='ltr'><strong>ex</strong></span> <span class='ocrx_word' id='word_1_58' title='bbox 1344 1118 1708 1175; x_wconf 89' lang='lat' dir='ltr'><strong>dissimilibus</strong></span> <span class='ocrx_word' id='word_1_59' title='bbox 1766 1115 2072 1171; x_wconf 90' lang='lat' dir='ltr'><strong>secundum</strong></span> 
     </span>
    </p>
   </div>
   <div class='ocr_carea' id='block_1_12' title="bbox 496 1205 2073 1288">
    <p class='ocr_par' dir='ltr' id='par_1_12' title="bbox 496 1205 2073 1288">
     <span class='ocr_line' id='line_1_12' title="bbox 496 1205 2073 1288; baseline -0.01 -14"><span class='ocrx_word' id='word_1_60' title='bbox 496 1219 872 1274; x_wconf 76' lang='lat' dir='ltr'><strong>exsistentiam</strong></span> <span class='ocrx_word' id='word_1_61' title='bbox 903 1216 1086 1288; x_wconf 85' lang='lat' dir='ltr'><strong>genita</strong></span> <span class='ocrx_word' id='word_1_62' title='bbox 1131 1222 1262 1269; x_wconf 91' lang='lat' dir='ltr'><strong>sunt</strong></span> <span class='ocrx_word' id='word_1_63' title='bbox 1293 1212 1511 1266; x_wconf 91' lang='lat' dir='ltr'><strong>laudem</strong></span> <span class='ocrx_word' id='word_1_64' title='bbox 1544 1218 1643 1262; x_wconf 93' lang='lat' dir='ltr'><strong>aut</strong></span> <span class='ocrx_word' id='word_1_65' title='bbox 1682 1205 2073 1276; x_wconf 86' lang='lat' dir='ltr'><strong>reprehensio-</strong></span> 
     </span>
    </p>
   </div>
   <div class='ocr_carea' id='block_1_13' title="bbox 499 1295 2070 1378">
    <p class='ocr_par' dir='ltr' id='par_1_13' title="bbox 499 1295 2070 1378">
     <span class='ocr_line' id='line_1_13' title="bbox 499 1295 2070 1378; baseline -0.008 -16"><span class='ocrx_word' id='word_1_66' title='bbox 499 1324 622 1362; x_wconf 88' lang='lat' dir='ltr'><strong>nem</strong></span> <span class='ocrx_word' id='word_1_67' title='bbox 663 1306 907 1378; x_wconf 78' lang='lat' dir='ltr'><strong>gignenti</strong></span> <span class='ocrx_word' id='word_1_68' title='bbox 945 1304 1242 1360; x_wconf 90' lang='lat' dir='ltr'><strong>conciliare</strong></span> <span class='ocrx_word' id='word_1_69' title='bbox 1283 1298 1652 1359; x_wconf 88' lang='lat' dir='ltr'><strong>arbitramini.</strong></span> <span class='ocrx_word' id='word_1_70' title='bbox 1687 1297 1820 1368; x_wconf 91' lang='lat' dir='ltr'><strong>quid</strong></span> <span class='ocrx_word' id='word_1_71' title='bbox 1863 1295 2070 1360; x_wconf 85' lang='lat' dir='ltr'><strong>dicitis,</strong></span> 
     </span>
    </p>
   </div>
   <div class='ocr_carea' id='block_1_14' title="bbox 495 1386 2073 1466">
    <p class='ocr_par' dir='ltr' id='par_1_14' title="bbox 495 1386 2073 1466">
     <span class='ocr_line' id='line_1_14' title="bbox 495 1386 2073 1466; baseline -0.01 -10"><span class='ocrx_word' id='word_1_72' title='bbox 495 1416 621 1456; x_wconf 88' lang='lat' dir='ltr'><strong>cum</strong></span> <span class='ocrx_word' id='word_1_73' title='bbox 673 1399 820 1455; x_wconf 74' lang='lat' dir='ltr'><strong>filius</strong></span> <span class='ocrx_word' id='word_1_74' title='bbox 867 1398 1076 1454; x_wconf 88' lang='lat' dir='ltr'><strong>doloris</strong></span> <span class='ocrx_word' id='word_1_75' title='bbox 1120 1393 1426 1466; x_wconf 76' lang='lat' dir='ltr'><strong>Beniamin,</strong></span> <span class='ocrx_word' id='word_1_76' title='bbox 1484 1392 1632 1446; x_wconf 82' lang='lat' dir='ltr'><strong>ﬁlius</strong></span> <span class='ocrx_word' id='word_1_77' title='bbox 1677 1386 2073 1444; x_wconf 84' lang='lat' dir='ltr'><strong>consolationis</strong></span> 
     </span>
    </p>
   </div>
   <div class='ocr_carea' id='block_1_15' title="bbox 497 1477 2072 1554">
    <p class='ocr_par' dir='ltr' id='par_1_15' title="bbox 497 1477 2072 1554">
     <span class='ocr_line' id='line_1_15' title="bbox 497 1477 2072 1554; baseline -0.008 -10"><span class='ocrx_word' id='word_1_78' title='bbox 497 1489 795 1554; x_wconf 84' lang='lat' dir='ltr'><strong>Barnabas,</strong></span> <span class='ocrx_word' id='word_1_79' title='bbox 831 1497 888 1543; x_wconf 87' lang='lat' dir='ltr'><strong>et</strong></span> <span class='ocrx_word' id='word_1_80' title='bbox 918 1488 1037 1542; x_wconf 83' lang='lat' dir='ltr'><strong>Heli</strong></span> <span class='ocrx_word' id='word_1_81' title='bbox 1063 1501 1230 1542; x_wconf 82' lang='lat' dir='ltr'><strong>senex</strong></span> <span class='ocrx_word' id='word_1_82' title='bbox 1263 1483 1541 1538; x_wconf 86' lang='lat' dir='ltr'><strong>annorum</strong></span> <span class='ocrx_word' id='word_1_83' title='bbox 1583 1480 1766 1535; x_wconf 89' lang='lat' dir='ltr'><strong>dictus</strong></span> <span class='ocrx_word' id='word_1_84' title='bbox 1811 1478 1928 1533; x_wconf 85' lang='lat' dir='ltr'><strong>sit?</strong></span> <span class='ocrx_word' id='word_1_85' title='bbox 1961 1477 2072 1532; x_wconf 88' lang='lat' dir='ltr'><strong>Ne-</strong></span> 
     </span>
    </p>
   </div>
   <div class='ocr_carea' id='block_1_16' title="bbox 495 1569 2073 1650">
    <p class='ocr_par' dir='ltr' id='par_1_16' title="bbox 495 1569 2073 1650">
     <span class='ocr_line' id='line_1_16' title="bbox 495 1569 2073 1650; baseline -0.008 -13"><span class='ocrx_word' id='word_1_86' title='bbox 495 1595 650 1637; x_wconf 87' lang='lat' dir='ltr'><strong>cesse</strong></span> <span class='ocrx_word' id='word_1_87' title='bbox 689 1589 774 1636; x_wconf 89' lang='lat' dir='ltr'><strong>est</strong></span> <span class='ocrx_word' id='word_1_88' title='bbox 804 1595 937 1650; x_wconf 88' lang='lat' dir='ltr'><strong>ergo</strong></span> <span class='ocrx_word' id='word_1_89' title='bbox 974 1593 1150 1633; x_wconf 88' lang='lat' dir='ltr'><strong>annos</strong></span> <span class='ocrx_word' id='word_1_90' title='bbox 1188 1589 1310 1632; x_wconf 90' lang='lat' dir='ltr'><strong>esse</strong></span> <span class='ocrx_word' id='word_1_91' title='bbox 1337 1573 1619 1645; x_wconf 88' lang='lat' dir='ltr'><strong>genitores</strong></span> <span class='ocrx_word' id='word_1_92' title='bbox 1662 1570 1805 1635; x_wconf 85' lang='lat' dir='ltr'><strong>Heli,</strong></span> <span class='ocrx_word' id='word_1_93' title='bbox 1847 1578 1904 1626; x_wconf 90' lang='lat' dir='ltr'><strong>et</strong></span> <span class='ocrx_word' id='word_1_94' title='bbox 1947 1569 2073 1625; x_wconf 90' lang='lat' dir='ltr'><strong>illos</strong></span> 
     </span>
    </p>
   </div>
   <div class='ocr_carea' id='block_1_17' title="bbox 495 1661 2072 1740">
    <p class='ocr_par' dir='ltr' id='par_1_17' title="bbox 495 1661 2072 1740">
     <span class='ocr_line' id='line_1_17' title="bbox 495 1661 2072 1740; baseline -0.008 -13"><span class='ocrx_word' id='word_1_95' title='bbox 495 1687 616 1726; x_wconf 85' lang='lat' dir='ltr'><strong>esse</strong></span> <span class='ocrx_word' id='word_1_96' title='bbox 646 1672 809 1727; x_wconf 85' lang='lat' dir='ltr'><strong>laude</strong></span> <span class='ocrx_word' id='word_1_97' title='bbox 835 1681 931 1727; x_wconf 90' lang='lat' dir='ltr'><strong>aut</strong></span> <span class='ocrx_word' id='word_1_98' title='bbox 960 1669 1396 1740; x_wconf 86' lang='lat' dir='ltr'><strong>reprehensione</strong></span> <span class='ocrx_word' id='word_1_99' title='bbox 1443 1665 1680 1736; x_wconf 87' lang='lat' dir='ltr'><strong>dignos;</strong></span> <span class='ocrx_word' id='word_1_100' title='bbox 1728 1670 1785 1718; x_wconf 90' lang='lat' dir='ltr'><strong>et</strong></span> <span class='ocrx_word' id='word_1_101' title='bbox 1821 1661 2072 1717; x_wconf 85' lang='lat' dir='ltr'><strong>dolorem</strong></span> 
     </span>
    </p>
   </div>
   <div class='ocr_carea' id='block_1_18' title="bbox 495 1753 2072 1833">
    <p class='ocr_par' dir='ltr' id='par_1_18' title="bbox 495 1753 2072 1833">
     <span class='ocr_line' id='line_1_18' title="bbox 495 1753 2072 1833; baseline -0.008 -16"><span class='ocrx_word' id='word_1_102' title='bbox 495 1779 714 1833; x_wconf 87' lang='lat' dir='ltr'><strong>quoque</strong></span> <span class='ocrx_word' id='word_1_103' title='bbox 745 1773 803 1819; x_wconf 90' lang='lat' dir='ltr'><strong>et</strong></span> <span class='ocrx_word' id='word_1_104' title='bbox 834 1761 1274 1818; x_wconf 87' lang='lat' dir='ltr'><strong>consolationem</strong></span> <span class='ocrx_word' id='word_1_105' title='bbox 1315 1759 1390 1813; x_wconf 90' lang='lat' dir='ltr'><strong>ita</strong></span> <span class='ocrx_word' id='word_1_106' title='bbox 1434 1772 1495 1812; x_wconf 90' lang='lat' dir='ltr'><strong>se</strong></span> <span class='ocrx_word' id='word_1_107' title='bbox 1532 1755 1758 1810; x_wconf 89' lang='lat' dir='ltr'><strong>habere.</strong></span> <span class='ocrx_word' id='word_1_108' title='bbox 1798 1753 1855 1809; x_wconf 89' lang='lat' dir='ltr'><strong>Si</strong></span> <span class='ocrx_word' id='word_1_109' title='bbox 1885 1761 2072 1808; x_wconf 91' lang='lat' dir='ltr'><strong>autem</strong></span> 
     </span>
    </p>
   </div>
   <div class='ocr_carea' id='block_1_19' title="bbox 494 1843 2072 1925">
    <p class='ocr_par' dir='ltr' id='par_1_19' title="bbox 494 1843 2072 1925">
     <span class='ocr_line' id='line_1_19' title="bbox 494 1843 2072 1925; baseline -0.008 -16"><span class='ocrx_word' id='word_1_110' title='bbox 494 1856 620 1925; x_wconf 90' lang='lat' dir='ltr'><strong>quis</strong></span> <span class='ocrx_word' id='word_1_111' title='bbox 650 1871 788 1912; x_wconf 86' lang='lat' dir='ltr'><strong>vana</strong></span> <span class='ocrx_word' id='word_1_112' title='bbox 810 1855 927 1910; x_wconf 78' lang='lat' dir='ltr'><strong>haec</strong></span> <span class='ocrx_word' id='word_1_113' title='bbox 958 1855 1126 1910; x_wconf 91' lang='lat' dir='ltr'><strong>etiam</strong></span> <span class='ocrx_word' id='word_1_114' title='bbox 1151 1851 1439 1916; x_wconf 85' lang='lat' dir='ltr'><strong>concedat,</strong></span> <span class='ocrx_word' id='word_1_115' title='bbox 1475 1846 1752 1919; x_wconf 91' lang='lat' dir='ltr'><strong>quomodo</strong></span> <span class='ocrx_word' id='word_1_116' title='bbox 1783 1843 2072 1914; x_wconf 86' lang='lat' dir='ltr'><strong>sequentia</strong></span> 
     </span>
    </p>
   </div>
   <div class='ocr_carea' id='block_1_20' title="bbox 2174 652 3768 725">
    <p class='ocr_par' dir='ltr' id='par_1_20' title="bbox 2174 652 3768 725">
     <span class='ocr_line' id='line_1_20' title="bbox 2174 652 3768 725; baseline 0 -17"><span class='ocrx_word' id='word_1_117' title='bbox 2174 653 2389 708; x_wconf 82' lang='grc' dir='ltr'><strong>τοιᾶσδε</strong></span> <span class='ocrx_word' id='word_1_118' title='bbox 2420 653 2558 725; x_wconf 87' lang='grc' dir='ltr'><strong>πρὸς</strong></span> <span class='ocrx_word' id='word_1_119' title='bbox 2605 653 2819 707; x_wconf 78' lang='grc' dir='ltr'><strong>τοιάνδε</strong></span> <span class='ocrx_word' id='word_1_120' title='bbox 2877 653 3100 707; x_wconf 88' lang='grc' dir='ltr'><strong>οὐσίαν·</strong></span> <span class='ocrx_word' id='word_1_121' title='bbox 3180 652 3266 707; x_wconf 75' lang='grc' dir='ltr'><strong>ἵνα</strong></span> <span class='ocrx_word' id='word_1_122' title='bbox 3314 653 3372 706; x_wconf 78' lang='grc' dir='ltr'><strong>δὲ</strong></span> <span class='ocrx_word' id='word_1_123' title='bbox 3419 655 3516 707; x_wconf 76' lang='grc' dir='ltr'><strong>καὶ</strong></span> <span class='ocrx_word' id='word_1_124' title='bbox 3555 672 3768 710; x_wconf 80' lang='grc' dir='ltr'><strong>συναπ-</strong></span> 
     </span>
    </p>
   </div>
   <div class='ocr_carea' id='block_1_21' title="bbox 2175 742 3765 819">
    <p class='ocr_par' dir='ltr' id='par_1_21' title="bbox 2175 742 3765 819">
     <span class='ocr_line' id='line_1_21' title="bbox 2175 742 3765 819; baseline 0.001 -21"><span class='ocrx_word' id='word_1_125' title='bbox 2175 742 2381 814; x_wconf 85' lang='grc' dir='ltr'><strong>ενεχθῶ</strong></span> <span class='ocrx_word' id='word_1_126' title='bbox 2387 761 2486 814; x_wconf 86' lang='grc' dir='ltr'><strong>μεν</strong></span> <span class='ocrx_word' id='word_1_127' title='bbox 2507 743 2586 814; x_wconf 81' lang='grc' dir='ltr'>τῷ</span> <span class='ocrx_word' id='word_1_128' title='bbox 2602 743 2996 816; x_wconf 81' lang='grc' dir='ltr'><strong>καταγελάστῳ</strong></span> <span class='ocrx_word' id='word_1_129' title='bbox 3013 746 3112 815; x_wconf 84' lang='grc' dir='ltr'><strong>τῆς</strong></span> <span class='ocrx_word' id='word_1_130' title='bbox 3129 744 3405 816; x_wconf 79' lang='grc' dir='ltr'><strong>ὑμετέρας</strong></span> <span class='ocrx_word' id='word_1_131' title='bbox 3427 747 3765 819; x_wconf 82' lang='grc' dir='ltr'><strong>δεινότητος,</strong></span> 
     </span>
    </p>
   </div>
   <div class='ocr_carea' id='block_1_22' title="bbox 2173 835 3766 908">
    <p class='ocr_par' dir='ltr' id='par_1_22' title="bbox 2173 835 3766 908">
     <span class='ocr_line' id='line_1_22' title="bbox 2173 835 3766 908; baseline 0.004 -20"><span class='ocrx_word' id='word_1_132' title='bbox 2173 837 2224 889; x_wconf 81' lang='grc' dir='ltr'><strong>εἰ</strong></span> <span class='ocrx_word' id='word_1_133' title='bbox 2257 835 2436 889; x_wconf 87' lang='grc' dir='ltr'><strong>πάντα</strong></span> <span class='ocrx_word' id='word_1_134' title='bbox 2471 836 2540 889; x_wconf 80' lang='grc' dir='ltr'>τὰ</span> <span class='ocrx_word' id='word_1_135' title='bbox 2597 838 2657 890; x_wconf 82' lang='grc' dir='ltr'><strong>ὲν</strong></span> <span class='ocrx_word' id='word_1_136' title='bbox 2706 839 2773 907; x_wconf 82' lang='grc' dir='ltr'><strong>τῇ</strong></span> <span class='ocrx_word' id='word_1_137' title='bbox 2819 835 2940 907; x_wconf 84' lang='grc' dir='ltr'><strong>θείᾳ</strong></span> <span class='ocrx_word' id='word_1_138' title='bbox 2983 836 3172 908; x_wconf 80' lang='grc' dir='ltr'><strong>Γραφῇ</strong></span> <span class='ocrx_word' id='word_1_139' title='bbox 3216 837 3277 901; x_wconf 76' lang='grc' dir='ltr'>ἐξ</span> <span class='ocrx_word' id='word_1_140' title='bbox 3324 839 3597 908; x_wconf 75' lang='grc' dir='ltr'><strong>ἀνομοίων</strong></span> <span class='ocrx_word' id='word_1_141' title='bbox 3633 840 3766 894; x_wconf 78' lang='grc' dir='ltr'><strong>καθ’</strong></span> 
     </span>
    </p>
   </div>
   <div class='ocr_carea' id='block_1_23' title="bbox 2176 923 3770 1001">
    <p class='ocr_par' dir='ltr' id='par_1_23' title="bbox 2176 923 3770 1001">
     <span class='ocr_line' id='line_1_23' title="bbox 2176 923 3770 1001; baseline 0.007 -25"><span class='ocrx_word' id='word_1_142' title='bbox 2176 923 2410 996; x_wconf 78' lang='grc' dir='ltr'><strong>ὕπαρξιν</strong></span> <span class='ocrx_word' id='word_1_143' title='bbox 2446 927 2824 995; x_wconf 76' lang='grc' dir='ltr'><strong>γεγεννημένα</strong></span> <span class='ocrx_word' id='word_1_144' title='bbox 2877 926 3101 980; x_wconf 68' lang='grc' dir='ltr'><strong>ἐπαινον</strong></span> <span class='ocrx_word' id='word_1_145' title='bbox 3129 927 3165 998; x_wconf 81' lang='grc' dir='ltr'>ἢ</span> <span class='ocrx_word' id='word_1_146' title='bbox 3193 927 3364 998; x_wconf 79' lang='grc' dir='ltr'><strong>ψόγον</strong></span> <span class='ocrx_word' id='word_1_147' title='bbox 3391 929 3470 1001; x_wconf 82' lang='grc' dir='ltr'><strong>τῷ</strong></span> <span class='ocrx_word' id='word_1_148' title='bbox 3523 932 3770 987; x_wconf 81' lang='grc' dir='ltr'><strong>τίκτοντι</strong></span> 
     </span>
    </p>
   </div>
   <div class='ocr_carea' id='block_1_24' title="bbox 2173 1016 3766 1091">
    <p class='ocr_par' dir='ltr' id='par_1_24' title="bbox 2173 1016 3766 1091">
     <span class='ocr_line' id='line_1_24' title="bbox 2173 1016 3766 1091; baseline 0.006 -22"><span class='ocrx_word' id='word_1_149' title='bbox 2173 1017 2458 1088; x_wconf 70' lang='grc' dir='ltr'>ἐπιφέρειν</span> <span class='ocrx_word' id='word_1_150' title='bbox 2500 1016 2703 1083; x_wconf 73' lang='grc' dir='ltr'><strong>οἴεσθε,</strong></span> <span class='ocrx_word' id='word_1_151' title='bbox 2735 1017 2788 1072; x_wconf 86' lang='grc' dir='ltr'><strong>τί</strong></span> <span class='ocrx_word' id='word_1_152' title='bbox 2829 1034 2992 1088; x_wconf 83' lang='grc' dir='ltr'><strong>φατε,</strong></span> <span class='ocrx_word' id='word_1_153' title='bbox 3029 1019 3154 1072; x_wconf 75' lang='grc' dir='ltr'><strong>ἐπεὶ</strong></span> <span class='ocrx_word' id='word_1_154' title='bbox 3176 1019 3304 1083; x_wconf 77' lang='grc' dir='ltr'><strong>Υἱὸς</strong></span> <span class='ocrx_word' id='word_1_155' title='bbox 3334 1020 3529 1091; x_wconf 80' lang='grc' dir='ltr'><strong>ὀδύνης</strong></span> <span class='ocrx_word' id='word_1_156' title='bbox 3567 1023 3766 1078; x_wconf 80' lang='grc' dir='ltr'><strong>Βενια-</strong></span> 
     </span>
    </p>
   </div>
   <div class='ocr_carea' id='block_1_25' title="bbox 2177 1106 3767 1180">
    <p class='ocr_par' dir='ltr' id='par_1_25' title="bbox 2177 1106 3767 1180">
     <span class='ocr_line' id='line_1_25' title="bbox 2177 1106 3767 1180; baseline 0.007 -21"><span class='ocrx_word' id='word_1_157' title='bbox 2177 1107 2292 1178; x_wconf 75' lang='grc' dir='ltr'><strong>μὶν,</strong></span> <span class='ocrx_word' id='word_1_158' title='bbox 2336 1107 2434 1160; x_wconf 76' lang='grc' dir='ltr'><strong>καὶ</strong></span> <span class='ocrx_word' id='word_1_159' title='bbox 2465 1106 2596 1172; x_wconf 87' lang='grc' dir='ltr'><strong>Υἱὸς</strong></span> <span class='ocrx_word' id='word_1_160' title='bbox 2644 1107 3046 1179; x_wconf 85' lang='grc' dir='ltr'><strong>παρακλήσεως</strong></span> <span class='ocrx_word' id='word_1_161' title='bbox 3089 1110 3396 1180; x_wconf 77' lang='grc' dir='ltr'><strong>Βαρνάϐας,</strong></span> <span class='ocrx_word' id='word_1_162' title='bbox 3455 1114 3555 1167; x_wconf 73' lang='grc' dir='ltr'><strong>καὶ</strong></span> <span class='ocrx_word' id='word_1_163' title='bbox 3611 1117 3767 1170; x_wconf 74' lang='grc' dir='ltr'><strong>Ἠλεὶ</strong></span> 
     </span>
    </p>
   </div>
   <div class='ocr_carea' id='block_1_26' title="bbox 2176 1198 3765 1277">
    <p class='ocr_par' dir='ltr' id='par_1_26' title="bbox 2176 1198 3765 1277">
     <span class='ocr_line' id='line_1_26' title="bbox 2176 1198 3765 1277; baseline 0.006 -25"><span class='ocrx_word' id='word_1_164' title='bbox 2176 1198 2554 1272; x_wconf 78' lang='grc' dir='ltr'><strong>πρεσὸὑτερος</strong></span> <span class='ocrx_word' id='word_1_165' title='bbox 2581 1199 2720 1254; x_wconf 77' lang='grc' dir='ltr'><strong>ἑτῶν</strong></span> <span class='ocrx_word' id='word_1_166' title='bbox 2743 1200 2988 1272; x_wconf 76' lang='grc' dir='ltr'><strong>είρηταις</strong></span> <span class='ocrx_word' id='word_1_167' title='bbox 3020 1202 3235 1273; x_wconf 83' lang='grc' dir='ltr'><strong>ἀνάγκη</strong></span> <span class='ocrx_word' id='word_1_168' title='bbox 3252 1204 3372 1275; x_wconf 64' lang='grc' dir='ltr'><strong>’ἄρα</strong></span> <span class='ocrx_word' id='word_1_169' title='bbox 3395 1205 3468 1259; x_wconf 78' lang='grc' dir='ltr'>τὰ</span> <span class='ocrx_word' id='word_1_170' title='bbox 3497 1205 3596 1277; x_wconf 75' lang='grc' dir='ltr'><strong>ἔτη</strong></span> <span class='ocrx_word' id='word_1_171' title='bbox 3618 1210 3765 1263; x_wconf 78' lang='grc' dir='ltr'><strong>αὑτὰ</strong></span> 
     </span>
    </p>
   </div>
   <div class='ocr_carea' id='block_1_27' title="bbox 2122 1291 3765 1375">
    <p class='ocr_par' dir='ltr' id='par_1_27' title="bbox 2122 1291 3765 1375">
     <span class='ocr_line' id='line_1_27' title="bbox 2122 1291 3765 1375; baseline 0.005 -29"><span class='ocrx_word' id='word_1_172' title='bbox 2122 1324 2128 1332; x_wconf 65' lang='grc' dir='ltr'><strong>ι</strong></span> <span class='ocrx_word' id='word_1_173' title='bbox 2173 1295 2244 1348; x_wconf 73' lang='grc' dir='ltr'><strong>τά</strong></span> <span class='ocrx_word' id='word_1_174' title='bbox 2278 1294 2506 1347; x_wconf 80' lang='grc' dir='ltr'><strong>τεκόντα</strong></span> <span class='ocrx_word' id='word_1_175' title='bbox 2554 1291 2694 1348; x_wconf 74' lang='grc' dir='ltr'><strong>εἶναι</strong></span> <span class='ocrx_word' id='word_1_176' title='bbox 2741 1297 2834 1349; x_wconf 92' lang='grc' dir='ltr'><strong>τὸν</strong></span> <span class='ocrx_word' id='word_1_177' title='bbox 2879 1297 3058 1361; x_wconf 77' lang='grc' dir='ltr'><strong>Ἠλεὶ,</strong></span> <span class='ocrx_word' id='word_1_178' title='bbox 3095 1299 3190 1352; x_wconf 76' lang='grc' dir='ltr'><strong>καὶ</strong></span> <span class='ocrx_word' id='word_1_179' title='bbox 3246 1299 3421 1354; x_wconf 75' lang='grc' dir='ltr'><strong>ταῦτα</strong></span> <span class='ocrx_word' id='word_1_180' title='bbox 3456 1302 3691 1356; x_wconf 79' lang='grc' dir='ltr'><strong>ἐπαίνου</strong></span> <span class='ocrx_word' id='word_1_181' title='bbox 3731 1305 3765 1375; x_wconf 70' lang='grc' dir='ltr'>ἢ</span> 
     </span>
    </p>
   </div>
   <div class='ocr_carea' id='block_1_28' title="bbox 2171 1383 3768 1467">
    <p class='ocr_par' dir='ltr' id='par_1_28' title="bbox 2171 1383 3768 1467">
     <span class='ocr_line' id='line_1_28' title="bbox 2171 1383 3768 1467; baseline 0.007 -30"><span class='ocrx_word' id='word_1_182' title='bbox 2171 1383 2344 1455; x_wconf 76' lang='grc' dir='ltr'><strong>ψόγου</strong></span> <span class='ocrx_word' id='word_1_183' title='bbox 2379 1385 2678 1459; x_wconf 80' lang='grc' dir='ltr'><strong>ἀξιωθῆναι</strong></span> <span class='ocrx_word' id='word_1_184' title='bbox 2698 1403 2712 1418; x_wconf 84' lang='grc'><strong><em>⁸</em></strong></span> <span class='ocrx_word' id='word_1_185' title='bbox 2746 1389 2841 1442; x_wconf 85' lang='grc' dir='ltr'><strong>καὶ</strong></span> <span class='ocrx_word' id='word_1_186' title='bbox 2863 1389 2965 1459; x_wconf 82' lang='grc' dir='ltr'><strong>τὴν</strong></span> <span class='ocrx_word' id='word_1_187' title='bbox 2986 1389 3182 1461; x_wconf 80' lang='grc' dir='ltr'><strong>ὀδύνην</strong></span> <span class='ocrx_word' id='word_1_188' title='bbox 3209 1391 3268 1446; x_wconf 76' lang='grc' dir='ltr'><strong>δὲ</strong></span> <span class='ocrx_word' id='word_1_189' title='bbox 3295 1394 3391 1446; x_wconf 77' lang='grc' dir='ltr'><strong>καὶ</strong></span> <span class='ocrx_word' id='word_1_190' title='bbox 3434 1393 3536 1465; x_wconf 82' lang='grc' dir='ltr'><strong>τὴν</strong></span> <span class='ocrx_word' id='word_1_191' title='bbox 3580 1397 3768 1467; x_wconf 79' lang='grc' dir='ltr'><strong>παρά-</strong></span> 
     </span>
    </p>
   </div>
   <div class='ocr_carea' id='block_1_29' title="bbox 2173 1477 3766 1558">
    <p class='ocr_par' dir='ltr' id='par_1_29' title="bbox 2173 1477 3766 1558">
     <span class='ocr_line' id='line_1_29' title="bbox 2173 1477 3766 1558; baseline 0.006 -27"><span class='ocrx_word' id='word_1_192' title='bbox 2173 1477 2368 1548; x_wconf 89' lang='grc' dir='ltr'><strong>κλησιν</strong></span> <span class='ocrx_word' id='word_1_193' title='bbox 2401 1477 2575 1543; x_wconf 85' lang='grc' dir='ltr'><strong>οὑτως</strong></span> <span class='ocrx_word' id='word_1_194' title='bbox 2601 1477 2766 1550; x_wconf 71' lang='grc' dir='ltr'><strong>ἔχειν.</strong></span> <span class='ocrx_word' id='word_1_195' title='bbox 2792 1479 2856 1534; x_wconf 71' lang='lat' dir='ltr'><strong>Et</strong></span> <span class='ocrx_word' id='word_1_196' title='bbox 2883 1479 2942 1533; x_wconf 75' lang='grc' dir='ltr'><strong>δὲ</strong></span> <span class='ocrx_word' id='word_1_197' title='bbox 2967 1481 3064 1534; x_wconf 78' lang='grc' dir='ltr'><strong>καὶ</strong></span> <span class='ocrx_word' id='word_1_198' title='bbox 3105 1480 3281 1536; x_wconf 84' lang='grc' dir='ltr'><strong>ταῦτά</strong></span> <span class='ocrx_word' id='word_1_199' title='bbox 3322 1500 3409 1549; x_wconf 86' lang='grc' dir='ltr'><strong>τις</strong></span> <span class='ocrx_word' id='word_1_200' title='bbox 3461 1489 3766 1558; x_wconf 78' lang='grc' dir='ltr'><strong>συγχωρή-</strong></span> 
     </span>
    </p>
   </div>
   <div class='ocr_carea' id='block_1_30' title="bbox 2175 1569 3767 1649">
    <p class='ocr_par' dir='ltr' id='par_1_30' title="bbox 2175 1569 3767 1649">
     <span class='ocr_line' id='line_1_30' title="bbox 2175 1569 3767 1649; baseline 0.007 -27"><span class='ocrx_word' id='word_1_201' title='bbox 2175 1587 2262 1623; x_wconf 90' lang='grc' dir='ltr'><strong>σοι</strong></span> <span class='ocrx_word' id='word_1_202' title='bbox 2287 1569 2356 1623; x_wconf 82' lang='grc' dir='ltr'><strong>τὰ</strong></span> <span class='ocrx_word' id='word_1_203' title='bbox 2381 1569 2611 1642; x_wconf 86' lang='grc' dir='ltr'><strong>μάταια,</strong></span> <span class='ocrx_word' id='word_1_204' title='bbox 2644 1569 2764 1634; x_wconf 86' lang='grc' dir='ltr'><strong>πῶς</strong></span> <span class='ocrx_word' id='word_1_205' title='bbox 2790 1571 2852 1624; x_wconf 87' lang='grc' dir='ltr'><strong>τό</strong></span> <span class='ocrx_word' id='word_1_206' title='bbox 2886 1588 2951 1640; x_wconf 90' lang='grc' dir='ltr'><strong>γε</strong></span> <span class='ocrx_word' id='word_1_207' title='bbox 2975 1571 3105 1642; x_wconf 79' lang='grc' dir='ltr'><strong>ἑξῆς</strong></span> <span class='ocrx_word' id='word_1_208' title='bbox 3124 1574 3393 1645; x_wconf 75' lang='grc' dir='ltr'><strong>ἀδακρυτὶ</strong></span> <span class='ocrx_word' id='word_1_209' title='bbox 3431 1579 3565 1648; x_wconf 83' lang='grc' dir='ltr'><strong>παρ’</strong></span> <span class='ocrx_word' id='word_1_210' title='bbox 3603 1580 3767 1649; x_wconf 80' lang='grc' dir='ltr'><strong>ὑμῶν</strong></span> 
     </span>
    </p>
   </div>
   <div class='ocr_carea' id='block_1_31' title="bbox 2173 1660 3766 1740">
    <p class='ocr_par' dir='ltr' id='par_1_31' title="bbox 2173 1660 3766 1740">
     <span class='ocr_line' id='line_1_31' title="bbox 2173 1660 3766 1740; baseline 0.004 -25"><span class='ocrx_word' id='word_1_211' title='bbox 2173 1660 2500 1723; x_wconf 82' lang='grc' dir='ltr'><strong>ἀκούσεται,</strong></span> <span class='ocrx_word' id='word_1_212' title='bbox 2543 1663 2610 1714; x_wconf 81' lang='grc' dir='ltr'><strong>ὲκ</strong></span> <span class='ocrx_word' id='word_1_213' title='bbox 2667 1663 3044 1733; x_wconf 79' lang='grc' dir='ltr'><strong>προαιρέσεως</strong></span> <span class='ocrx_word' id='word_1_214' title='bbox 3083 1664 3294 1720; x_wconf 80' lang='grc' dir='ltr'><strong>τίκτειν</strong></span> <span class='ocrx_word' id='word_1_215' title='bbox 3332 1666 3402 1720; x_wconf 79' lang='grc' dir='ltr'><strong>τὰ</strong></span> <span class='ocrx_word' id='word_1_216' title='bbox 3434 1668 3557 1738; x_wconf 73' lang='grc' dir='ltr'><strong>ἐτη,</strong></span> <span class='ocrx_word' id='word_1_217' title='bbox 3595 1669 3632 1740; x_wconf 81' lang='grc' dir='ltr'><strong>ἦ</strong></span> <span class='ocrx_word' id='word_1_218' title='bbox 3664 1669 3766 1739; x_wconf 81' lang='grc' dir='ltr'><strong>τὴν</strong></span> 
     </span>
    </p>
   </div>
   <div class='ocr_carea' id='block_1_32' title="bbox 2171 1753 3757 1834">
    <p class='ocr_par' dir='ltr' id='par_1_32' title="bbox 2171 1753 3757 1834">
     <span class='ocr_line' id='line_1_32' title="bbox 2171 1753 3757 1834; baseline 0.005 -28"><span class='ocrx_word' id='word_1_219' title='bbox 2171 1753 2388 1826; x_wconf 82' lang='grc' dir='ltr'><strong>ὀδύνην,</strong></span> <span class='ocrx_word' id='word_1_220' title='bbox 2411 1754 2446 1825; x_wconf 79' lang='grc' dir='ltr'>ἢ</span> <span class='ocrx_word' id='word_1_221' title='bbox 2477 1754 2578 1824; x_wconf 82' lang='grc' dir='ltr'><strong>τὴν</strong></span> <span class='ocrx_word' id='word_1_222' title='bbox 2608 1756 2961 1828; x_wconf 87' lang='grc' dir='ltr'><strong>παράκλησιν</strong></span> <span class='ocrx_word' id='word_1_223' title='bbox 3004 1758 3152 1812; x_wconf 85' lang='grc' dir='ltr'><strong>κατὰ</strong></span> <span class='ocrx_word' id='word_1_224' title='bbox 3190 1759 3516 1832; x_wconf 85' lang='grc' dir='ltr'><strong>προαίρεσιν</strong></span> <span class='ocrx_word' id='word_1_225' title='bbox 3550 1764 3757 1834; x_wconf 77' lang='grc' dir='ltr'><strong>γεννᾷν</strong></span> 
     </span>
    </p>
   </div>
   <div class='ocr_carea' id='block_1_33' title="bbox 2172 1844 3765 1925">
    <p class='ocr_par' dir='ltr' id='par_1_33' title="bbox 2172 1844 3765 1925">
     <span class='ocr_line' id='line_1_33' title="bbox 2172 1844 3765 1925; baseline 0.008 -28"><span class='ocrx_word' id='word_1_226' title='bbox 2172 1844 2558 1916; x_wconf 81' lang='grc' dir='ltr'><strong>διδασκόμενος</strong></span> <span class='ocrx_word' id='word_1_227' title='bbox 2579 1847 2722 1911; x_wconf 76' lang='grc' dir='ltr'><strong>ςΚαὶ</strong></span> <span class='ocrx_word' id='word_1_228' title='bbox 2748 1847 2807 1912; x_wconf 73' lang='grc' dir='ltr'><strong>ἐξ</strong></span> <span class='ocrx_word' id='word_1_229' title='bbox 2827 1848 3178 1920; x_wconf 82' lang='grc' dir='ltr'><strong>ἀνυπάρκτου</strong></span> <span class='ocrx_word' id='word_1_230' title='bbox 3200 1852 3528 1924; x_wconf 88' lang='grc' dir='ltr'><strong>πράγματος</strong></span> <span class='ocrx_word' id='word_1_231' title='bbox 3544 1857 3765 1925; x_wconf 69' lang='grc' dir='ltr'><strong>προϊώ-</strong></span> 
     </span>
    </p>
   </div>
   <div class='ocr_carea' id='block_1_34' title="bbox 497 1937 2070 2021">
    <p class='ocr_par' dir='ltr' id='par_1_34' title="bbox 497 1941 2070 2021">
     <span class='ocr_line' id='line_1_34' title="bbox 497 1941 2070 2021; baseline -0.006 -20"><span class='ocrx_word' id='word_1_232' title='bbox 497 1964 605 2002; x_wconf 83' lang='grc' dir='ltr'><strong>ηοη</strong></span> <span class='ocrx_word' id='word_1_233' title='bbox 632 1949 941 2021; x_wconf 87' lang='lat' dir='ltr'><strong>lacrymans</strong></span> <span class='ocrx_word' id='word_1_234' title='bbox 967 1963 998 2002; x_wconf 91' lang='lat' dir='ltr'><strong>a</strong></span> <span class='ocrx_word' id='word_1_235' title='bbox 1019 1947 1180 2002; x_wconf 84' lang='lat' dir='ltr'><strong>vobis</strong></span> <span class='ocrx_word' id='word_1_236' title='bbox 1209 1945 1450 2008; x_wconf 89' lang='lat' dir='ltr'><strong>audiret,</strong></span> <span class='ocrx_word' id='word_1_237' title='bbox 1486 1957 1614 1998; x_wconf 91' lang='lat' dir='ltr'><strong>cum</strong></span> <span class='ocrx_word' id='word_1_238' title='bbox 1641 1941 1880 1996; x_wconf 86' lang='lat' dir='ltr'><strong>disceret</strong></span> <span class='ocrx_word' id='word_1_239' title='bbox 1900 1954 2070 1994; x_wconf 87' lang='lat' dir='ltr'><strong>annos</strong></span> 
     </span>
    </p>
   </div>
   <div class='ocr_carea' id='block_1_35' title="bbox 2173 1937 3765 2021">
    <p class='ocr_par' dir='ltr' id='par_1_35' title="bbox 2178 1937 3765 2017">
     <span class='ocr_line' id='line_1_35' title="bbox 2178 1937 3765 2017; baseline 0.006 -27"><span class='ocrx_word' id='word_1_240' title='bbox 2178 1954 2279 1991; x_wconf 92' lang='grc' dir='ltr'><strong>σαν</strong></span> <span class='ocrx_word' id='word_1_241' title='bbox 2341 1937 2629 2006; x_wconf 76' lang='grc' dir='ltr'><strong>μανθάνων</strong></span> <span class='ocrx_word' id='word_1_242' title='bbox 2676 1938 2810 2008; x_wconf 84' lang='grc' dir='ltr'><strong>παρ’</strong></span> <span class='ocrx_word' id='word_1_243' title='bbox 2841 1939 2998 2010; x_wconf 85' lang='grc' dir='ltr'><strong>ὑμῶν</strong></span> <span class='ocrx_word' id='word_1_244' title='bbox 3041 1941 3140 2012; x_wconf 83' lang='grc' dir='ltr'><strong>τὴν</strong></span> <span class='ocrx_word' id='word_1_245' title='bbox 3185 1943 3421 2017; x_wconf 77' lang='grc' dir='ltr'><strong>ὓπαρξιν</strong></span> <span class='ocrx_word' id='word_1_246' title='bbox 3463 1947 3621 1999; x_wconf 84' lang='grc' dir='ltr'><strong>Ἠλεὶ</strong></span> <span class='ocrx_word' id='word_1_247' title='bbox 3666 1950 3765 2001; x_wconf 77' lang='grc' dir='ltr'><strong>καὶ</strong></span> 
     </span>
    </p>
   </div>
   <div class='ocr_carea' id='block_1_36' title="bbox 493 2028 2068 2108">
    <p class='ocr_par' dir='ltr' id='par_1_36' title="bbox 493 2028 2068 2108">
     <span class='ocr_line' id='line_1_36' title="bbox 493 2028 2068 2108; baseline -0.003 -19"><span class='ocrx_word' id='word_1_248' title='bbox 493 2050 563 2090; x_wconf 83' lang='lat' dir='ltr'><strong>ex</strong></span> <span class='ocrx_word' id='word_1_249' title='bbox 591 2039 877 2092; x_wconf 80' lang='lat' dir='ltr'><strong>voluntate</strong></span> <span class='ocrx_word' id='word_1_250' title='bbox 903 2037 1202 2108; x_wconf 90' lang='lat' dir='ltr'><strong>parturire,</strong></span> <span class='ocrx_word' id='word_1_251' title='bbox 1231 2045 1296 2090; x_wconf 89' lang='lat' dir='ltr'><strong>et</strong></span> <span class='ocrx_word' id='word_1_252' title='bbox 1345 2035 1599 2089; x_wconf 91' lang='lat' dir='ltr'><strong>dolorem</strong></span> <span class='ocrx_word' id='word_1_253' title='bbox 1636 2041 1697 2087; x_wconf 91' lang='lat' dir='ltr'><strong>et</strong></span> <span class='ocrx_word' id='word_1_254' title='bbox 1731 2028 2068 2086; x_wconf 81' lang='lat' dir='ltr'><strong>consolatio-</strong></span> 
     </span>
    </p>
   </div>
   <div class='ocr_carea' id='block_1_37' title="bbox 493 2121 2072 2199">
    <p class='ocr_par' dir='ltr' id='par_1_37' title="bbox 493 2121 2072 2199">
     <span class='ocr_line' id='line_1_37' title="bbox 493 2121 2072 2199; baseline -0.005 -15"><span class='ocrx_word' id='word_1_255' title='bbox 493 2146 620 2185; x_wconf 87' lang='lat' dir='ltr'><strong>nem</strong></span> <span class='ocrx_word' id='word_1_256' title='bbox 643 2131 945 2186; x_wconf 90' lang='lat' dir='ltr'><strong>secundum</strong></span> <span class='ocrx_word' id='word_1_257' title='bbox 966 2131 1305 2185; x_wconf 83' lang='lat' dir='ltr'><strong>voluntatem</strong></span> <span class='ocrx_word' id='word_1_258' title='bbox 1334 2128 1559 2199; x_wconf 81' lang='lat' dir='ltr'><strong>gignere</strong></span> <span class='ocrx_word' id='word_1_259' title='bbox 1580 2143 1595 2192; x_wconf 89' lang='lat'><strong>;</strong></span> <span class='ocrx_word' id='word_1_260' title='bbox 1615 2135 1672 2180; x_wconf 91' lang='lat' dir='ltr'><strong>et</strong></span> <span class='ocrx_word' id='word_1_261' title='bbox 1699 2139 1823 2179; x_wconf 92' lang='lat' dir='ltr'><strong>cum</strong></span> <span class='ocrx_word' id='word_1_262' title='bbox 1853 2137 1886 2177; x_wconf 88' lang='lat' dir='ltr'><strong>a</strong></span> <span class='ocrx_word' id='word_1_263' title='bbox 1912 2121 2072 2177; x_wconf 88' lang='lat' dir='ltr'><strong>vobis</strong></span> 
     </span>
    </p>
   </div>
   <div class='ocr_carea' id='block_1_38' title="bbox 2177 2027 3744 2108">
    <p class='ocr_par' dir='ltr' id='par_1_38' title="bbox 2177 2027 3744 2108">
     <span class='ocr_line' id='line_1_38' title="bbox 2177 2027 3744 2108; baseline 0.006 -28"><span class='ocrx_word' id='word_1_264' title='bbox 2177 2027 2438 2099; x_wconf 76' lang='grc' dir='ltr'><strong>Βαρνάϐα</strong></span> <span class='ocrx_word' id='word_1_265' title='bbox 2478 2029 2573 2082; x_wconf 78' lang='grc' dir='ltr'><strong>καὶ</strong></span> <span class='ocrx_word' id='word_1_266' title='bbox 2605 2029 2891 2100; x_wconf 74' lang='grc' dir='ltr'><strong>Βενιαμὶν,</strong></span> <span class='ocrx_word' id='word_1_267' title='bbox 2945 2031 3042 2086; x_wconf 75' lang='grc' dir='ltr'><strong>καὶ</strong></span> <span class='ocrx_word' id='word_1_268' title='bbox 3087 2034 3229 2087; x_wconf 86' lang='grc' dir='ltr'><strong>κατὰ</strong></span> <span class='ocrx_word' id='word_1_269' title='bbox 3283 2036 3613 2108; x_wconf 84' lang='grc' dir='ltr'><strong>προαίρεσιν</strong></span> <span class='ocrx_word' id='word_1_270' title='bbox 3657 2054 3744 2090; x_wconf 83' lang='grc' dir='ltr'><strong>τι-</strong></span> 
     </span>
    </p>
   </div>
   <div class='ocr_carea' id='block_1_39' title="bbox 2177 2121 2450 2187">
    <p class='ocr_par' dir='ltr' id='par_1_39' title="bbox 2177 2121 2450 2187">
     <span class='ocr_line' id='line_1_39' title="bbox 2177 2121 2450 2187; baseline -0.004 -12"><span class='ocrx_word' id='word_1_271' title='bbox 2177 2121 2418 2176; x_wconf 88' lang='grc' dir='ltr'><strong>κτόντων</strong></span> <span class='ocrx_word' id='word_1_272' title='bbox 2434 2138 2450 2187; x_wconf 89' lang='lat'><strong>;</strong></span> 
     </span>
    </p>
   </div>
   <div class='ocr_carea' id='block_1_40' title="bbox 494 2217 3771 2296">
    <p class='ocr_par' dir='ltr' id='par_1_40' title="bbox 494 2217 3771 2296">
     <span class='ocr_line' id='line_1_40' title="bbox 494 2217 3771 2296; baseline -0.001 -15"><span class='ocrx_word' id='word_1_273' title='bbox 494 2227 664 2282; x_wconf 90' lang='lat' dir='ltr'><strong>sciret</strong></span> <span class='ocrx_word' id='word_1_274' title='bbox 709 2243 777 2283; x_wconf 81' lang='lat' dir='ltr'><strong>ex</strong></span> <span class='ocrx_word' id='word_1_275' title='bbox 818 2243 879 2282; x_wconf 91' lang='lat' dir='ltr'><strong>re</strong></span> <span class='ocrx_word' id='word_1_276' title='bbox 922 2244 1032 2282; x_wconf 94' lang='lat' dir='ltr'><strong>non</strong></span> <span class='ocrx_word' id='word_1_277' title='bbox 1071 2227 1372 2281; x_wconf 81' lang='lat' dir='ltr'><strong>exsistente</strong></span> <span class='ocrx_word' id='word_1_278' title='bbox 1420 2223 1642 2296; x_wconf 88' lang='lat' dir='ltr'><strong>prodire</strong></span> <span class='ocrx_word' id='word_1_279' title='bbox 1691 2219 2072 2277; x_wconf 85' lang='lat' dir='ltr'><strong>exsistentiam</strong></span> <span class='ocrx_word' id='word_1_280' title='bbox 2109 2217 2253 2285; x_wconf 83' lang='lat' dir='ltr'><strong>Heli,</strong></span> <span class='ocrx_word' id='word_1_281' title='bbox 2302 2224 2357 2275; x_wconf 88' lang='lat' dir='ltr'><strong>et</strong></span> <span class='ocrx_word' id='word_1_282' title='bbox 2393 2217 2680 2285; x_wconf 64' lang='lat' dir='ltr'><strong>Barnabae,</strong></span> <span class='ocrx_word' id='word_1_283' title='bbox 2745 2226 2803 2275; x_wconf 93' lang='lat' dir='ltr'><strong>et</strong></span> <span class='ocrx_word' id='word_1_284' title='bbox 2832 2217 3138 2290; x_wconf 70' lang='lat' dir='ltr'><strong>Beniamin,</strong></span> <span class='ocrx_word' id='word_1_285' title='bbox 3164 2229 3222 2277; x_wconf 90' lang='lat' dir='ltr'><strong>et</strong></span> <span class='ocrx_word' id='word_1_286' title='bbox 3286 2237 3356 2278; x_wconf 81' lang='lat' dir='ltr'><strong>ex</strong></span> <span class='ocrx_word' id='word_1_287' title='bbox 3401 2223 3771 2295; x_wconf 82' lang='lat' dir='ltr'><strong>gignentibus</strong></span> 
     </span>
    </p>
   </div>
   <div class='ocr_carea' id='block_1_41' title="bbox 493 2319 1217 2378">
    <p class='ocr_par' dir='ltr' id='par_1_41' title="bbox 493 2319 1217 2378">
     <span class='ocr_line' id='line_1_41' title="bbox 493 2319 1217 2378; baseline -0.008 0"><span class='ocrx_word' id='word_1_288' title='bbox 493 2319 799 2378; x_wconf 90' lang='lat' dir='ltr'><strong>secundum</strong></span> <span class='ocrx_word' id='word_1_289' title='bbox 829 2319 1217 2375; x_wconf 86' lang='lat' dir='ltr'><strong>voluntatem?</strong></span> 
     </span>
    </p>
   </div>
   <div class='ocr_carea' id='block_1_42' title="bbox 1097 2427 1482 2484">
    <p class='ocr_par' dir='ltr' id='par_1_42' title="bbox 1097 2427 1482 2484">
     <span class='ocr_line' id='line_1_42' title="bbox 1097 2427 1482 2484; baseline -0.005 0"><span class='ocrx_word' id='word_1_290' title='bbox 1097 2429 1250 2484; x_wconf 88' lang='lat' dir='ltr'><strong>CAP.</strong></span> <span class='ocrx_word' id='word_1_291' title='bbox 1289 2427 1482 2483; x_wconf 78' lang='lat' dir='ltr'><strong>XXVI.</strong></span> 
     </span>
    </p>
   </div>
   <div class='ocr_carea' id='block_1_43' title="bbox 563 2539 2072 2614">
    <p class='ocr_par' dir='ltr' id='par_1_43' title="bbox 563 2539 2072 2614">
     <span class='ocr_line' id='line_1_43' title="bbox 563 2539 2072 2614; baseline -0.003 -13"><span class='ocrx_word' id='word_1_292' title='bbox 563 2543 624 2601; x_wconf 91' lang='lat' dir='ltr'><strong>Si</strong></span> <span class='ocrx_word' id='word_1_293' title='bbox 660 2544 808 2600; x_wconf 89' lang='lat' dir='ltr'><strong>Deus</strong></span> <span class='ocrx_word' id='word_1_294' title='bbox 850 2543 1091 2602; x_wconf 82' lang='lat' dir='ltr'><strong>Verbum</strong></span> <span class='ocrx_word' id='word_1_295' title='bbox 1126 2543 1346 2614; x_wconf 88' lang='lat' dir='ltr'><strong>genitus</strong></span> <span class='ocrx_word' id='word_1_296' title='bbox 1371 2550 1458 2597; x_wconf 89' lang='lat' dir='ltr'><strong>est</strong></span> <span class='ocrx_word' id='word_1_297' title='bbox 1502 2555 1571 2596; x_wconf 83' lang='lat' dir='ltr'><strong>ex</strong></span> <span class='ocrx_word' id='word_1_298' title='bbox 1609 2539 1856 2611; x_wconf 89' lang='lat' dir='ltr'><strong>Virgine,</strong></span> <span class='ocrx_word' id='word_1_299' title='bbox 1907 2554 2072 2596; x_wconf 88' lang='lat' dir='ltr'><strong>omne</strong></span> 
     </span>
    </p>
   </div>
   <div class='ocr_carea' id='block_1_44' title="bbox 494 2631 2073 2709">
    <p class='ocr_par' dir='ltr' id='par_1_44' title="bbox 494 2631 2073 2709">
     <span class='ocr_line' id='line_1_44' title="bbox 494 2631 2073 2709; baseline -0.003 -17"><span class='ocrx_word' id='word_1_300' title='bbox 494 2649 679 2694; x_wconf 86' lang='lat' dir='ltr'><strong>autem</strong></span> <span class='ocrx_word' id='word_1_301' title='bbox 709 2637 954 2709; x_wconf 83' lang='lat' dir='ltr'><strong>genitum</strong></span> <span class='ocrx_word' id='word_1_302' title='bbox 979 2635 1219 2708; x_wconf 82' lang='lat' dir='ltr'><strong>gignitur</strong></span> <span class='ocrx_word' id='word_1_303' title='bbox 1241 2635 1327 2689; x_wconf 91' lang='lat' dir='ltr'><strong>vel</strong></span> <span class='ocrx_word' id='word_1_304' title='bbox 1361 2649 1430 2690; x_wconf 82' lang='lat' dir='ltr'><strong>ex</strong></span> <span class='ocrx_word' id='word_1_305' title='bbox 1455 2633 1765 2689; x_wconf 86' lang='lat' dir='ltr'><strong>substantia</strong></span> <span class='ocrx_word' id='word_1_306' title='bbox 1797 2631 2073 2704; x_wconf 88' lang='lat' dir='ltr'><strong>gignentis</strong></span> 
     </span>
    </p>
   </div>
   <div class='ocr_carea' id='block_1_45' title="bbox 492 2725 2073 2798">
    <p class='ocr_par' dir='ltr' id='par_1_45' title="bbox 492 2725 2073 2798">
     <span class='ocr_line' id='line_1_45' title="bbox 492 2725 2073 2798; baseline -0.002 -15"><span class='ocrx_word' id='word_1_307' title='bbox 492 2734 580 2786; x_wconf 86' lang='lat' dir='ltr'><strong>vel</strong></span> <span class='ocrx_word' id='word_1_308' title='bbox 627 2747 697 2787; x_wconf 80' lang='lat' dir='ltr'><strong>ex</strong></span> <span class='ocrx_word' id='word_1_309' title='bbox 731 2731 1054 2796; x_wconf 89' lang='lat' dir='ltr'><strong>voluntate;</strong></span> <span class='ocrx_word' id='word_1_310' title='bbox 1099 2735 1156 2783; x_wconf 92' lang='lat' dir='ltr'><strong>et</strong></span> <span class='ocrx_word' id='word_1_311' title='bbox 1191 2727 1338 2798; x_wconf 90' lang='lat' dir='ltr'><strong>quod</strong></span> <span class='ocrx_word' id='word_1_312' title='bbox 1381 2742 1450 2782; x_wconf 79' lang='lat' dir='ltr'><strong>ex</strong></span> <span class='ocrx_word' id='word_1_313' title='bbox 1489 2726 1796 2781; x_wconf 88' lang='lat' dir='ltr'><strong>substantia</strong></span> <span class='ocrx_word' id='word_1_314' title='bbox 1829 2725 2073 2796; x_wconf 79' lang='lat' dir='ltr'><strong>gignitur</strong></span> 
     </span>
    </p>
   </div>
   <div class='ocr_carea' id='block_1_46' title="bbox 493 2819 2072 2892">
    <p class='ocr_par' dir='ltr' id='par_1_46' title="bbox 493 2819 2072 2892">
     <span class='ocr_line' id='line_1_46' title="bbox 493 2819 2072 2892; baseline -0.004 -13"><span class='ocrx_word' id='word_1_315' title='bbox 493 2824 722 2879; x_wconf 92' lang='lat' dir='ltr'><strong>omnino</strong></span> <span class='ocrx_word' id='word_1_316' title='bbox 743 2839 866 2880; x_wconf 90' lang='lat' dir='ltr'><strong>esse</strong></span> <span class='ocrx_word' id='word_1_317' title='bbox 897 2823 1066 2878; x_wconf 89' lang='lat' dir='ltr'><strong>habet</strong></span> <span class='ocrx_word' id='word_1_318' title='bbox 1103 2837 1132 2876; x_wconf 91' lang='lat' dir='ltr'><strong>a</strong></span> <span class='ocrx_word' id='word_1_319' title='bbox 1156 2821 1434 2892; x_wconf 78' lang='lat' dir='ltr'><strong>gignente,</strong></span> <span class='ocrx_word' id='word_1_320' title='bbox 1468 2819 1616 2890; x_wconf 92' lang='lat' dir='ltr'><strong>quod</strong></span> <span class='ocrx_word' id='word_1_321' title='bbox 1649 2828 1832 2874; x_wconf 89' lang='lat' dir='ltr'><strong>autem</strong></span> <span class='ocrx_word' id='word_1_322' title='bbox 1860 2834 1926 2873; x_wconf 81' lang='lat' dir='ltr'><strong>ex</strong></span> <span class='ocrx_word' id='word_1_323' title='bbox 1971 2833 2072 2872; x_wconf 89' lang='lat' dir='ltr'><strong>vo-</strong></span> 
     </span>
    </p>
   </div>
   <div class='ocr_carea' id='block_1_47' title="bbox 493 2899 2071 2986">
    <p class='ocr_par' dir='ltr' id='par_1_47' title="bbox 493 2899 2071 2986">
     <span class='ocr_line' id='line_1_47' title="bbox 493 2899 2071 2986; baseline -0.006 -10"><span class='ocrx_word' id='word_1_324' title='bbox 493 2921 727 2981; x_wconf 76' lang='lat' dir='ltr'><strong>luntate,</strong></span> <span class='ocrx_word' id='word_1_325' title='bbox 759 2917 927 2971; x_wconf 89' lang='lat' dir='ltr'><strong>habet</strong></span> <span class='ocrx_word' id='word_1_326' title='bbox 951 2932 980 2970; x_wconf 92' lang='lat' dir='ltr'><strong>a</strong></span> <span class='ocrx_word' id='word_1_327' title='bbox 1002 2914 1262 2986; x_wconf 86' lang='lat' dir='ltr'><strong>gignente</strong></span> <span class='ocrx_word' id='word_1_328' title='bbox 1296 2923 1411 2968; x_wconf 94' lang='lat' dir='ltr'><strong>tum</strong></span> <span class='ocrx_word' id='word_1_329' title='bbox 1447 2928 1590 2976; x_wconf 89' lang='lat' dir='ltr'><strong>esse,</strong></span> <span class='ocrx_word' id='word_1_330' title='bbox 1621 2921 1737 2967; x_wconf 90' lang='lat' dir='ltr'><strong>tum</strong></span> <span class='ocrx_word' id='word_1_331' title='bbox 1778 2899 1874 2965; x_wconf 88' lang='lat' dir='ltr'><strong>tali</strong></span> <span class='ocrx_word' id='word_1_332' title='bbox 1906 2910 2071 2966; x_wconf 91' lang='lat' dir='ltr'><strong>modo</strong></span> 
     </span>
    </p>
   </div>
   <div class='ocr_carea' id='block_1_48' title="bbox 493 3002 2072 3078">
    <p class='ocr_par' dir='ltr' id='par_1_48' title="bbox 493 3002 2072 3078">
     <span class='ocr_line' id='line_1_48' title="bbox 493 3002 2072 3078; baseline -0.006 -11"><span class='ocrx_word' id='word_1_333' title='bbox 493 3026 636 3076; x_wconf 86' lang='lat' dir='ltr'><strong>esse,</strong></span> <span class='ocrx_word' id='word_1_334' title='bbox 666 3008 837 3065; x_wconf 90' lang='lat' dir='ltr'><strong>dicite</strong></span> <span class='ocrx_word' id='word_1_335' title='bbox 874 3007 1021 3063; x_wconf 87' lang='lat' dir='ltr'><strong>unde</strong></span> <span class='ocrx_word' id='word_1_336' title='bbox 1052 3007 1239 3062; x_wconf 87' lang='lat' dir='ltr'><strong>velitis</strong></span> <span class='ocrx_word' id='word_1_337' title='bbox 1277 3004 1523 3078; x_wconf 82' lang='lat' dir='ltr'><strong>genitum</strong></span> <span class='ocrx_word' id='word_1_338' title='bbox 1565 3003 1737 3058; x_wconf 84' lang='lat' dir='ltr'><strong>fuisse</strong></span> <span class='ocrx_word' id='word_1_339' title='bbox 1769 3002 1965 3068; x_wconf 89' lang='lat' dir='ltr'><strong>Deum,</strong></span> <span class='ocrx_word' id='word_1_340' title='bbox 2000 3017 2072 3057; x_wconf 92' lang='lat' dir='ltr'><strong>an</strong></span> 
     </span>
    </p>
   </div>
   <div class='ocr_carea' id='block_1_49' title="bbox 492 3095 2073 3172">
    <p class='ocr_par' dir='ltr' id='par_1_49' title="bbox 492 3095 2073 3172">
     <span class='ocr_line' id='line_1_49' title="bbox 492 3095 2073 3172; baseline -0.008 -12"><span class='ocrx_word' id='word_1_341' title='bbox 492 3121 562 3160; x_wconf 81' lang='lat' dir='ltr'><strong>ex</strong></span> <span class='ocrx_word' id='word_1_342' title='bbox 608 3103 918 3159; x_wconf 86' lang='lat' dir='ltr'><strong>substantia</strong></span> <span class='ocrx_word' id='word_1_343' title='bbox 946 3100 1208 3172; x_wconf 81' lang='lat' dir='ltr'><strong>Virginis,</strong></span> <span class='ocrx_word' id='word_1_344' title='bbox 1254 3115 1324 3154; x_wconf 91' lang='lat' dir='ltr'><strong>an</strong></span> <span class='ocrx_word' id='word_1_345' title='bbox 1374 3115 1443 3154; x_wconf 80' lang='lat' dir='ltr'><strong>ex</strong></span> <span class='ocrx_word' id='word_1_346' title='bbox 1479 3096 1806 3152; x_wconf 84' lang='lat' dir='ltr'><strong>voluntate?</strong></span> <span class='ocrx_word' id='word_1_347' title='bbox 1845 3095 2073 3152; x_wconf 86' lang='lat' dir='ltr'><strong>Utrum-</strong></span> 
     </span>
    </p>
   </div>
   <div class='ocr_carea' id='block_1_50' title="bbox 494 3191 2071 3266">
    <p class='ocr_par' dir='ltr' id='par_1_50' title="bbox 494 3191 2071 3266">
     <span class='ocr_line' id='line_1_50' title="bbox 494 3191 2071 3266; baseline -0.006 -14"><span class='ocrx_word' id='word_1_348' title='bbox 494 3212 713 3266; x_wconf 90' lang='lat' dir='ltr'><strong>cunque</strong></span> <span class='ocrx_word' id='word_1_349' title='bbox 737 3195 886 3250; x_wconf 90' lang='lat' dir='ltr'><strong>enim</strong></span> <span class='ocrx_word' id='word_1_350' title='bbox 923 3195 1123 3249; x_wconf 90' lang='lat' dir='ltr'><strong>horum</strong></span> <span class='ocrx_word' id='word_1_351' title='bbox 1161 3191 1435 3255; x_wconf 83' lang='lat' dir='ltr'><strong>dixeritis,</strong></span> <span class='ocrx_word' id='word_1_352' title='bbox 1472 3191 1757 3246; x_wconf 89' lang='lat' dir='ltr'><strong>conclusio</strong></span> <span class='ocrx_word' id='word_1_353' title='bbox 1797 3197 1967 3260; x_wconf 84' lang='lat' dir='ltr'><strong>patet.</strong></span> <span class='ocrx_word' id='word_1_354' title='bbox 1998 3204 2071 3228; x_wconf 78' lang='lat'><strong>-&#39;—</strong></span> 
     </span>
    </p>
   </div>
   <div class='ocr_carea' id='block_1_51' title="bbox 2655 2421 3185 2493">
    <p class='ocr_par' dir='ltr' id='par_1_51' title="bbox 2655 2421 3185 2493">
     <span class='ocr_line' id='line_1_51' title="bbox 2655 2421 3185 2493; baseline 0.009 -19"><span class='ocrx_word' id='word_1_355' title='bbox 2655 2436 2658 2440; x_wconf 61' lang='grc' dir='ltr'><strong>η</strong></span> <span class='ocrx_word' id='word_1_356' title='bbox 2742 2421 2997 2477; x_wconf 78' lang='grc' dir='ltr'><strong>ΚΕΦΑΛ.</strong></span> <span class='ocrx_word' id='word_1_357' title='bbox 3038 2424 3185 2493; x_wconf 73' lang='lat' dir='ltr'><strong>xq&#39;.</strong></span> 
     </span>
    </p>
   </div>
   <div class='ocr_carea' id='block_1_52' title="bbox 2246 2534 3770 2613">
    <p class='ocr_par' dir='ltr' id='par_1_52' title="bbox 2246 2534 3770 2613">
     <span class='ocr_line' id='line_1_52' title="bbox 2246 2534 3770 2613; baseline 0.007 -22"><span class='ocrx_word' id='word_1_358' title='bbox 2246 2536 2312 2591; x_wconf 71' lang='lat' dir='ltr'><strong>Et</strong></span> <span class='ocrx_word' id='word_1_359' title='bbox 2342 2537 2371 2591; x_wconf 91' lang='lat'><strong>6</strong></span> <span class='ocrx_word' id='word_1_360' title='bbox 2399 2535 2535 2600; x_wconf 88' lang='grc' dir='ltr'><strong>Θεὸς</strong></span> <span class='ocrx_word' id='word_1_361' title='bbox 2564 2534 2739 2605; x_wconf 82' lang='grc' dir='ltr'><strong>Λόγος</strong></span> <span class='ocrx_word' id='word_1_362' title='bbox 2780 2537 2977 2608; x_wconf 76' lang='grc' dir='ltr'><strong>ἐτέχθη</strong></span> <span class='ocrx_word' id='word_1_363' title='bbox 3007 2539 3073 2592; x_wconf 82' lang='grc' dir='ltr'><strong>ὲκ</strong></span> <span class='ocrx_word' id='word_1_364' title='bbox 3111 2538 3211 2609; x_wconf 80' lang='grc' dir='ltr'><strong>τῆς</strong></span> <span class='ocrx_word' id='word_1_365' title='bbox 3235 2541 3542 2613; x_wconf 75' lang='grc' dir='ltr'><strong>Παρθένου,</strong></span> <span class='ocrx_word' id='word_1_366' title='bbox 3571 2547 3688 2600; x_wconf 81' lang='grc' dir='ltr'><strong>πᾶν</strong></span> <span class='ocrx_word' id='word_1_367' title='bbox 3712 2548 3770 2601; x_wconf 80' lang='grc' dir='ltr'><strong>δὲ</strong></span> 
     </span>
    </p>
   </div>
   <div class='ocr_carea' id='block_1_53' title="bbox 2173 2630 3768 2703">
    <p class='ocr_par' dir='ltr' id='par_1_53' title="bbox 2173 2630 3768 2703">
     <span class='ocr_line' id='line_1_53' title="bbox 2173 2630 3768 2703; baseline 0.006 -17"><span class='ocrx_word' id='word_1_368' title='bbox 2173 2633 2234 2686; x_wconf 88' lang='grc' dir='ltr'><strong>τὸ</strong></span> <span class='ocrx_word' id='word_1_369' title='bbox 2262 2631 2607 2702; x_wconf 85' lang='grc' dir='ltr'><strong>τικτόμενον,</strong></span> <span class='ocrx_word' id='word_1_370' title='bbox 2639 2630 2757 2703; x_wconf 81' lang='grc' dir='ltr'><strong>ἢέκ</strong></span> <span class='ocrx_word' id='word_1_371' title='bbox 2785 2632 2884 2702; x_wconf 82' lang='grc' dir='ltr'><strong>τῆς</strong></span> <span class='ocrx_word' id='word_1_372' title='bbox 2917 2633 3109 2696; x_wconf 83' lang='grc' dir='ltr'><strong>οὐσίας</strong></span> <span class='ocrx_word' id='word_1_373' title='bbox 3136 2634 3384 2691; x_wconf 77' lang='grc' dir='ltr'><strong>τίκτεται</strong></span> <span class='ocrx_word' id='word_1_374' title='bbox 3415 2638 3512 2692; x_wconf 81' lang='grc' dir='ltr'><strong>τοῦ</strong></span> <span class='ocrx_word' id='word_1_375' title='bbox 3545 2640 3768 2695; x_wconf 81' lang='grc' dir='ltr'><strong>τίκτον-</strong></span> 
     </span>
    </p>
   </div>
   <div class='ocr_carea' id='block_1_54' title="bbox 2173 2723 3770 2801">
    <p class='ocr_par' dir='ltr' id='par_1_54' title="bbox 2173 2723 3770 2801">
     <span class='ocr_line' id='line_1_54' title="bbox 2173 2723 3770 2801; baseline 0.005 -23"><span class='ocrx_word' id='word_1_376' title='bbox 2173 2741 2285 2791; x_wconf 88' lang='grc' dir='ltr'><strong>τος,</strong></span> <span class='ocrx_word' id='word_1_377' title='bbox 2317 2723 2352 2794; x_wconf 78' lang='grc' dir='ltr'><strong>ἥ</strong></span> <span class='ocrx_word' id='word_1_378' title='bbox 2385 2724 2449 2776; x_wconf 80' lang='grc' dir='ltr'><strong>ὲκ</strong></span> <span class='ocrx_word' id='word_1_379' title='bbox 2476 2725 2577 2794; x_wconf 80' lang='grc' dir='ltr'><strong>τῆς</strong></span> <span class='ocrx_word' id='word_1_380' title='bbox 2611 2723 3020 2796; x_wconf 77' lang='grc' dir='ltr'><strong>προαιρέσεωςο</strong></span> <span class='ocrx_word' id='word_1_381' title='bbox 3069 2725 3164 2780; x_wconf 73' lang='grc' dir='ltr'><strong>καὶ</strong></span> <span class='ocrx_word' id='word_1_382' title='bbox 3215 2727 3278 2780; x_wconf 91' lang='grc' dir='ltr'><strong>τὸ</strong></span> <span class='ocrx_word' id='word_1_383' title='bbox 3320 2729 3386 2783; x_wconf 80' lang='grc' dir='ltr'><strong>ὲκ</strong></span> <span class='ocrx_word' id='word_1_384' title='bbox 3435 2732 3538 2801; x_wconf 87' lang='grc' dir='ltr'><strong>τῆς</strong></span> <span class='ocrx_word' id='word_1_385' title='bbox 3571 2733 3770 2797; x_wconf 77' lang='grc' dir='ltr'><strong>οὐσὲας</strong></span> 
     </span>
    </p>
   </div>
   <div class='ocr_carea' id='block_1_55' title="bbox 2171 2802 3765 2890">
    <p class='ocr_par' dir='ltr' id='par_1_55' title="bbox 2171 2802 3765 2890">
     <span class='ocr_line' id='line_1_55' title="bbox 2171 2802 3765 2890; baseline 0.006 -20"><span class='ocrx_word' id='word_1_386' title='bbox 2171 2815 2514 2887; x_wconf 84' lang='grc' dir='ltr'><strong>τικτόμενον,</strong></span> <span class='ocrx_word' id='word_1_387' title='bbox 2543 2816 2606 2870; x_wconf 88' lang='grc' dir='ltr'><strong>τὸ</strong></span> <span class='ocrx_word' id='word_1_388' title='bbox 2642 2802 2790 2870; x_wconf 74' lang='grc' dir='ltr'><strong>εἶναι</strong></span> <span class='ocrx_word' id='word_1_389' title='bbox 2817 2819 3038 2883; x_wconf 84' lang='grc' dir='ltr'><strong>πάντως</strong></span> <span class='ocrx_word' id='word_1_390' title='bbox 3070 2817 3185 2890; x_wconf 79' lang='grc' dir='ltr'><strong>ἔχει</strong></span> <span class='ocrx_word' id='word_1_391' title='bbox 3223 2820 3287 2873; x_wconf 74' lang='grc' dir='ltr'><strong>ἐκ</strong></span> <span class='ocrx_word' id='word_1_392' title='bbox 3320 2821 3414 2874; x_wconf 80' lang='grc' dir='ltr'><strong>τοῦ</strong></span> <span class='ocrx_word' id='word_1_393' title='bbox 3438 2822 3765 2889; x_wconf 83' lang='grc' dir='ltr'><strong>τίκτοντος’</strong></span> 
     </span>
    </p>
   </div>
   <div class='ocr_carea' id='block_1_56' title="bbox 2171 2908 3768 2987">
    <p class='ocr_par' dir='ltr' id='par_1_56' title="bbox 2171 2908 3768 2987">
     <span class='ocr_line' id='line_1_56' title="bbox 2171 2908 3768 2987; baseline 0.006 -25"><span class='ocrx_word' id='word_1_394' title='bbox 2171 2908 2234 2963; x_wconf 88' lang='grc' dir='ltr'><strong>τὸ</strong></span> <span class='ocrx_word' id='word_1_395' title='bbox 2262 2909 2320 2962; x_wconf 68' lang='grc' dir='ltr'><strong>δὲ</strong></span> <span class='ocrx_word' id='word_1_396' title='bbox 2357 2909 2425 2962; x_wconf 75' lang='grc' dir='ltr'><strong>ἐκ</strong></span> <span class='ocrx_word' id='word_1_397' title='bbox 2467 2909 2568 2980; x_wconf 81' lang='grc' dir='ltr'><strong>τῆς</strong></span> <span class='ocrx_word' id='word_1_398' title='bbox 2607 2909 3006 2981; x_wconf 84' lang='grc' dir='ltr'><strong>προαιρέσεως,</strong></span> <span class='ocrx_word' id='word_1_399' title='bbox 3039 2914 3114 2982; x_wconf 85' lang='grc' dir='ltr'><strong>πῆ</strong></span> <span class='ocrx_word' id='word_1_400' title='bbox 3150 2913 3251 2982; x_wconf 84' lang='grc' dir='ltr'><strong>μὲν</strong></span> <span class='ocrx_word' id='word_1_401' title='bbox 3273 2912 3334 2966; x_wconf 87' lang='grc' dir='ltr'><strong>τὸ</strong></span> <span class='ocrx_word' id='word_1_402' title='bbox 3358 2909 3502 2968; x_wconf 78' lang='grc' dir='ltr'><strong>εἶναι</strong></span> <span class='ocrx_word' id='word_1_403' title='bbox 3553 2916 3674 2987; x_wconf 78' lang='grc' dir='ltr'><strong>ἔχει</strong></span> <span class='ocrx_word' id='word_1_404' title='bbox 3702 2921 3768 2972; x_wconf 80' lang='grc' dir='ltr'><strong>ἐκ</strong></span> 
     </span>
    </p>
   </div>
   <div class='ocr_carea' id='block_1_57' title="bbox 2171 2999 3764 3070">
    <p class='ocr_par' dir='ltr' id='par_1_57' title="bbox 2171 2999 3764 3070">
     <span class='ocr_line' id='line_1_57' title="bbox 2171 2999 3764 3070; baseline 0.005 -17"><span class='ocrx_word' id='word_1_405' title='bbox 2171 2999 2267 3053; x_wconf 84' lang='grc' dir='ltr'><strong>τοῦ</strong></span> <span class='ocrx_word' id='word_1_406' title='bbox 2293 2999 2595 3066; x_wconf 75' lang='grc' dir='ltr'><strong>τίκτοντος,</strong></span> <span class='ocrx_word' id='word_1_407' title='bbox 2637 2999 2716 3070; x_wconf 81' lang='grc' dir='ltr'><strong>πῆ</strong></span> <span class='ocrx_word' id='word_1_408' title='bbox 2748 2999 2806 3054; x_wconf 84' lang='grc' dir='ltr'><strong>δὲ</strong></span> <span class='ocrx_word' id='word_1_409' title='bbox 2835 3000 2896 3054; x_wconf 89' lang='grc' dir='ltr'><strong>τὸ</strong></span> <span class='ocrx_word' id='word_1_410' title='bbox 2942 3001 3148 3056; x_wconf 83' lang='grc' dir='ltr'><strong>τοιόνδε</strong></span> <span class='ocrx_word' id='word_1_411' title='bbox 3178 2999 3339 3070; x_wconf 80' lang='grc' dir='ltr'><strong>εἶναι,</strong></span> <span class='ocrx_word' id='word_1_412' title='bbox 3367 3007 3562 3060; x_wconf 74' lang='grc' dir='ltr'><strong>εἴπατε</strong></span> <span class='ocrx_word' id='word_1_413' title='bbox 3592 3009 3764 3063; x_wconf 81' lang='grc' dir='ltr'><strong>πόθεν</strong></span> 
     </span>
    </p>
   </div>
   <div class='ocr_carea' id='block_1_58' title="bbox 2177 3089 3766 3171">
    <p class='ocr_par' dir='ltr' id='par_1_58' title="bbox 2177 3089 3766 3171">
     <span class='ocr_line' id='line_1_58' title="bbox 2177 3089 3766 3171; baseline 0.007 -28"><span class='ocrx_word' id='word_1_414' title='bbox 2177 3089 2437 3161; x_wconf 83' lang='grc' dir='ltr'><strong>βούλεσθε</strong></span> <span class='ocrx_word' id='word_1_415' title='bbox 2495 3090 2749 3161; x_wconf 80' lang='grc' dir='ltr'><strong>τετέχθαι</strong></span> <span class='ocrx_word' id='word_1_416' title='bbox 2801 3091 2896 3144; x_wconf 89' lang='grc' dir='ltr'><strong>τὸν</strong></span> <span class='ocrx_word' id='word_1_417' title='bbox 2951 3092 3110 3158; x_wconf 83' lang='grc' dir='ltr'><strong>Θεὸν,</strong></span> <span class='ocrx_word' id='word_1_418' title='bbox 3164 3096 3228 3148; x_wconf 85' lang='grc' dir='ltr'><strong>ὲκ</strong></span> <span class='ocrx_word' id='word_1_419' title='bbox 3272 3097 3372 3166; x_wconf 80' lang='grc' dir='ltr'><strong>τῆς</strong></span> <span class='ocrx_word' id='word_1_420' title='bbox 3416 3097 3613 3163; x_wconf 80' lang='grc' dir='ltr'><strong>οὐσίας</strong></span> <span class='ocrx_word' id='word_1_421' title='bbox 3662 3102 3766 3171; x_wconf 82' lang='grc' dir='ltr'><strong>τῆς</strong></span> 
     </span>
    </p>
   </div>
   <div class='ocr_carea' id='block_1_59' title="bbox 2171 3182 3763 3265">
    <p class='ocr_par' dir='ltr' id='par_1_59' title="bbox 2171 3182 3763 3265">
     <span class='ocr_line' id='line_1_59' title="bbox 2171 3182 3763 3265; baseline 0.006 -28"><span class='ocrx_word' id='word_1_422' title='bbox 2171 3182 2476 3254; x_wconf 80' lang='grc' dir='ltr'><strong>Παρθένου,</strong></span> <span class='ocrx_word' id='word_1_423' title='bbox 2527 3183 2561 3253; x_wconf 82' lang='grc' dir='ltr'>ἢ</span> <span class='ocrx_word' id='word_1_424' title='bbox 2613 3183 2678 3236; x_wconf 81' lang='grc' dir='ltr'><strong>ὲκ</strong></span> <span class='ocrx_word' id='word_1_425' title='bbox 2721 3183 2820 3254; x_wconf 84' lang='grc' dir='ltr'><strong>τῆς</strong></span> <span class='ocrx_word' id='word_1_426' title='bbox 2869 3186 3281 3257; x_wconf 87' lang='grc' dir='ltr'><strong>προαιρέσεως;</strong></span> <span class='ocrx_word' id='word_1_427' title='bbox 3334 3190 3599 3261; x_wconf 76' lang='grc' dir='ltr'><strong>ὁπότερον</strong></span> <span class='ocrx_word' id='word_1_428' title='bbox 3649 3195 3763 3265; x_wconf 75' lang='grc' dir='ltr'><strong>γάρ</strong></span> 
     </span>
    </p>
   </div>
   <div class='ocr_carea' id='block_1_60' title="bbox 495 3272 2070 3353">
    <p class='ocr_par' dir='ltr' id='par_1_60' title="bbox 495 3281 2070 3353">
     <span class='ocr_line' id='line_1_60' title="bbox 495 3281 2070 3353; baseline -0.007 -9"><span class='ocrx_word' id='word_1_429' title='bbox 495 3289 632 3344; x_wconf 89' lang='lat' dir='ltr'><strong>Sero</strong></span> <span class='ocrx_word' id='word_1_430' title='bbox 663 3287 884 3342; x_wconf 91' lang='lat' dir='ltr'><strong>tandem</strong></span> <span class='ocrx_word' id='word_1_431' title='bbox 917 3295 973 3341; x_wconf 90' lang='lat' dir='ltr'><strong>et</strong></span> <span class='ocrx_word' id='word_1_432' title='bbox 1014 3285 1171 3340; x_wconf 88' lang='lat' dir='ltr'><strong>inviti</strong></span> <span class='ocrx_word' id='word_1_433' title='bbox 1203 3284 1492 3339; x_wconf 87' lang='lat' dir='ltr'><strong>nobiscum</strong></span> <span class='ocrx_word' id='word_1_434' title='bbox 1524 3281 1819 3353; x_wconf 85' lang='lat' dir='ltr'><strong>agnoscitis</strong></span> <span class='ocrx_word' id='word_1_435' title='bbox 1853 3290 2070 3352; x_wconf 89' lang='lat' dir='ltr'><strong>partum</strong></span> 
     </span>
    </p>
   </div>
   <div class='ocr_carea' id='block_1_61' title="bbox 2173 3272 3765 3353">
    <p class='ocr_par' dir='ltr' id='par_1_61' title="bbox 2175 3272 3765 3351">
     <span class='ocr_line' id='line_1_61' title="bbox 2175 3272 3765 3351; baseline 0.007 -24"><span class='ocrx_word' id='word_1_436' title='bbox 2175 3272 2356 3327; x_wconf 85' lang='grc' dir='ltr'><strong>αὐτῶν</strong></span> <span class='ocrx_word' id='word_1_437' title='bbox 2385 3274 2597 3345; x_wconf 79' lang='grc' dir='ltr'><strong>εἴπητε,</strong></span> <span class='ocrx_word' id='word_1_438' title='bbox 2634 3272 2697 3328; x_wconf 85' lang='grc' dir='ltr'><strong>τὸ</strong></span> <span class='ocrx_word' id='word_1_439' title='bbox 2733 3277 3102 3347; x_wconf 88' lang='grc' dir='ltr'><strong>συναγόμενον</strong></span> <span class='ocrx_word' id='word_1_440' title='bbox 3134 3277 3312 3348; x_wconf 84' lang='grc' dir='ltr'><strong>δῆλον.</strong></span> <span class='ocrx_word' id='word_1_441' title='bbox 3344 3279 3472 3351; x_wconf 73' lang='grc' dir='ltr'><strong>Ὀψέ</strong></span> <span class='ocrx_word' id='word_1_442' title='bbox 3499 3301 3638 3337; x_wconf 73' lang='grc' dir='ltr'><strong>ποτε</strong></span> <span class='ocrx_word' id='word_1_443' title='bbox 3667 3287 3765 3338; x_wconf 76' lang='grc' dir='ltr'><strong>καὶ</strong></span> 
     </span>
    </p>
   </div>
   <div class='ocr_carea' id='block_1_62' title="bbox 493 3376 2068 3449">
    <p class='ocr_par' dir='ltr' id='par_1_62' title="bbox 493 3376 2068 3449">
     <span class='ocr_line' id='line_1_62' title="bbox 493 3376 2068 3449; baseline -0.005 -14"><span class='ocrx_word' id='word_1_444' title='bbox 493 3396 615 3435; x_wconf 88' lang='lat' dir='ltr'><strong>esse</strong></span> <span class='ocrx_word' id='word_1_445' title='bbox 646 3389 700 3433; x_wconf 91' lang='lat' dir='ltr'><strong>et</strong></span> <span class='ocrx_word' id='word_1_446' title='bbox 729 3394 856 3434; x_wconf 88' lang='lat' dir='ltr'><strong>eum</strong></span> <span class='ocrx_word' id='word_1_447' title='bbox 898 3379 992 3449; x_wconf 90' lang='lat' dir='ltr'><strong>qui</strong></span> <span class='ocrx_word' id='word_1_448' title='bbox 1037 3377 1291 3448; x_wconf 87' lang='lat' dir='ltr'><strong>producit</strong></span> <span class='ocrx_word' id='word_1_449' title='bbox 1317 3377 1524 3447; x_wconf 91' lang='lat' dir='ltr'><strong>aliquid</strong></span> <span class='ocrx_word' id='word_1_450' title='bbox 1559 3376 1625 3430; x_wconf 89' lang='lat' dir='ltr'><strong>ad</strong></span> <span class='ocrx_word' id='word_1_451' title='bbox 1659 3391 1800 3440; x_wconf 87' lang='lat' dir='ltr'><strong>esse,</strong></span> <span class='ocrx_word' id='word_1_452' title='bbox 1845 3383 1901 3430; x_wconf 87' lang='lat' dir='ltr'><strong>et</strong></span> <span class='ocrx_word' id='word_1_453' title='bbox 1941 3389 2068 3429; x_wconf 92' lang='lat' dir='ltr'><strong>eum</strong></span> 
     </span>
    </p>
   </div>
   <div class='ocr_carea' id='block_1_63' title="bbox 497 3465 2070 3542">
    <p class='ocr_par' dir='ltr' id='par_1_63' title="bbox 497 3465 2070 3542">
     <span class='ocr_line' id='line_1_63' title="bbox 497 3465 2070 3542; baseline -0.004 -15"><span class='ocrx_word' id='word_1_454' title='bbox 497 3471 705 3542; x_wconf 91' lang='lat' dir='ltr'><strong>pariter</strong></span> <span class='ocrx_word' id='word_1_455' title='bbox 728 3471 821 3541; x_wconf 90' lang='lat' dir='ltr'><strong>qui</strong></span> <span class='ocrx_word' id='word_1_456' title='bbox 844 3470 912 3525; x_wconf 91' lang='lat' dir='ltr'><strong>ad</strong></span> <span class='ocrx_word' id='word_1_457' title='bbox 943 3470 1128 3525; x_wconf 88' lang='lat' dir='ltr'><strong>taliter</strong></span> <span class='ocrx_word' id='word_1_458' title='bbox 1159 3485 1279 3524; x_wconf 89' lang='lat' dir='ltr'><strong>esse</strong></span> <span class='ocrx_word' id='word_1_459' title='bbox 1312 3477 1546 3524; x_wconf 87' lang='lat' dir='ltr'><strong>tantum.</strong></span> <span class='ocrx_word' id='word_1_460' title='bbox 1579 3468 1635 3523; x_wconf 90' lang='lat' dir='ltr'><strong>Si</strong></span> <span class='ocrx_word' id='word_1_461' title='bbox 1657 3475 1841 3522; x_wconf 92' lang='lat' dir='ltr'><strong>autem</strong></span> <span class='ocrx_word' id='word_1_462' title='bbox 1865 3465 1958 3536; x_wconf 89' lang='lat' dir='ltr'><strong>qui</strong></span> <span class='ocrx_word' id='word_1_463' title='bbox 1984 3475 2070 3520; x_wconf 91' lang='lat' dir='ltr'><strong>est</strong></span> 
     </span>
    </p>
   </div>
   <div class='ocr_carea' id='block_1_64' title="bbox 493 3550 2073 3626">
    <p class='ocr_par' dir='ltr' id='par_1_64' title="bbox 493 3550 2073 3626">
     <span class='ocr_line' id='line_1_64' title="bbox 493 3550 2073 3626; baseline -0.004 -8"><span class='ocrx_word' id='word_1_464' title='bbox 493 3579 562 3618; x_wconf 80' lang='lat' dir='ltr'><strong>cx</strong></span> <span class='ocrx_word' id='word_1_465' title='bbox 596 3561 926 3626; x_wconf 90' lang='lat' dir='ltr'><strong>substantia,</strong></span> <span class='ocrx_word' id='word_1_466' title='bbox 964 3550 1088 3615; x_wconf 81' lang='lat' dir='ltr'><strong>eum</strong></span> <span class='ocrx_word' id='word_1_467' title='bbox 1117 3561 1293 3616; x_wconf 90' lang='lat' dir='ltr'><strong>solum</strong></span> <span class='ocrx_word' id='word_1_468' title='bbox 1320 3560 1505 3616; x_wconf 86' lang='lat' dir='ltr'><strong>dicitis</strong></span> <span class='ocrx_word' id='word_1_469' title='bbox 1529 3575 1650 3615; x_wconf 89' lang='lat' dir='ltr'><strong>esse</strong></span> <span class='ocrx_word' id='word_1_470' title='bbox 1681 3574 1900 3614; x_wconf 92' lang='lat' dir='ltr'><strong>causam</strong></span> <span class='ocrx_word' id='word_1_471' title='bbox 1927 3557 2073 3613; x_wconf 85' lang='lat' dir='ltr'><strong>exsi-</strong></span> 
     </span>
    </p>
   </div>
   <div class='ocr_carea' id='block_1_65' title="bbox 495 3650 2071 3723">
    <p class='ocr_par' dir='ltr' id='par_1_65' title="bbox 495 3650 2071 3723">
     <span class='ocr_line' id='line_1_65' title="bbox 495 3650 2071 3723; baseline -0.003 -14"><span class='ocrx_word' id='word_1_472' title='bbox 495 3655 715 3710; x_wconf 83' lang='lat' dir='ltr'><strong>stentiae</strong></span> <span class='ocrx_word' id='word_1_473' title='bbox 747 3662 805 3710; x_wconf 92' lang='lat' dir='ltr'><strong>et</strong></span> <span class='ocrx_word' id='word_1_474' title='bbox 857 3669 969 3708; x_wconf 93' lang='lat' dir='ltr'><strong>non</strong></span> <span class='ocrx_word' id='word_1_475' title='bbox 1018 3653 1142 3709; x_wconf 89' lang='lat' dir='ltr'><strong>talis</strong></span> <span class='ocrx_word' id='word_1_476' title='bbox 1191 3651 1550 3719; x_wconf 69' lang='lat' dir='ltr'><strong>exsistentite,</strong></span> <span class='ocrx_word' id='word_1_477' title='bbox 1596 3650 1837 3723; x_wconf 66' lang='lat' dir='ltr'><strong>physica:</strong></span> <span class='ocrx_word' id='word_1_478' title='bbox 1870 3664 2071 3721; x_wconf 90' lang='lat' dir='ltr'><strong>nempe</strong></span> 
     </span>
    </p>
   </div>
   <div class='ocr_carea' id='block_1_66' title="bbox 496 3743 2068 3817">
    <p class='ocr_par' dir='ltr' id='par_1_66' title="bbox 496 3743 2068 3817">
     <span class='ocr_line' id='line_1_66' title="bbox 496 3743 2068 3817; baseline -0.004 -15"><span class='ocrx_word' id='word_1_479' title='bbox 496 3746 824 3802; x_wconf 70' lang='lat' dir='ltr'><strong>ditierentia:</strong></span> <span class='ocrx_word' id='word_1_480' title='bbox 862 3745 1054 3817; x_wconf 86' lang='lat' dir='ltr'><strong>geniti,</strong></span> <span class='ocrx_word' id='word_1_481' title='bbox 1080 3761 1204 3800; x_wconf 91' lang='lat' dir='ltr'><strong>cum</strong></span> <span class='ocrx_word' id='word_1_482' title='bbox 1251 3761 1318 3800; x_wconf 77' lang='lat' dir='ltr'><strong>ex</strong></span> <span class='ocrx_word' id='word_1_483' title='bbox 1365 3760 1506 3799; x_wconf 91' lang='lat' dir='ltr'><strong>cono</strong></span> <span class='ocrx_word' id='word_1_484' title='bbox 1549 3743 1714 3814; x_wconf 89' lang='lat' dir='ltr'><strong>pinus</strong></span> <span class='ocrx_word' id='word_1_485' title='bbox 1753 3749 2068 3814; x_wconf 87' lang='lat' dir='ltr'><strong>generetur,</strong></span> 
     </span>
    </p>
   </div>
   <div class='ocr_carea' id='block_1_67' title="bbox 494 3832 2072 3893">
    <p class='ocr_par' dir='ltr' id='par_1_67' title="bbox 494 3832 2072 3893">
     <span class='ocr_line' id='line_1_67' title="bbox 494 3832 2072 3893; baseline -0.003 -1"><span class='ocrx_word' id='word_1_486' title='bbox 494 3837 580 3892; x_wconf 89' lang='lat' dir='ltr'><strong>vel</strong></span> <span class='ocrx_word' id='word_1_487' title='bbox 605 3853 673 3893; x_wconf 79' lang='lat' dir='ltr'><strong>ex</strong></span> <span class='ocrx_word' id='word_1_488' title='bbox 695 3837 978 3892; x_wconf 83' lang='lat' dir='ltr'><strong>voluntate</strong></span> <span class='ocrx_word' id='word_1_489' title='bbox 998 3845 1055 3891; x_wconf 91' lang='lat' dir='ltr'><strong>et</strong></span> <span class='ocrx_word' id='word_1_490' title='bbox 1092 3852 1200 3890; x_wconf 91' lang='lat' dir='ltr'><strong>non</strong></span> <span class='ocrx_word' id='word_1_491' title='bbox 1231 3851 1298 3891; x_wconf 79' lang='lat' dir='ltr'><strong>ex</strong></span> <span class='ocrx_word' id='word_1_492' title='bbox 1328 3833 1638 3890; x_wconf 90' lang='lat' dir='ltr'><strong>substantia</strong></span> <span class='ocrx_word' id='word_1_493' title='bbox 1662 3833 1788 3888; x_wconf 87' lang='lat' dir='ltr'><strong>coni</strong></span> <span class='ocrx_word' id='word_1_494' title='bbox 1819 3832 1887 3888; x_wconf 91' lang='lat' dir='ltr'><strong>ad</strong></span> <span class='ocrx_word' id='word_1_495' title='bbox 1927 3833 2072 3888; x_wconf 90' lang='lat' dir='ltr'><strong>hanc</strong></span> 
     </span>
    </p>
   </div>
   <div class='ocr_carea' id='block_1_68' title="bbox 498 3921 2073 3996">
    <p class='ocr_par' dir='ltr' id='par_1_68' title="bbox 498 3921 2073 3996">
     <span class='ocr_line' id='line_1_68' title="bbox 498 3921 2073 3996; baseline -0.002 -16"><span class='ocrx_word' id='word_1_496' title='bbox 498 3927 662 3981; x_wconf 91' lang='lat' dir='ltr'><strong>talem</strong></span> <span class='ocrx_word' id='word_1_497' title='bbox 719 3926 1094 3981; x_wconf 82' lang='lat' dir='ltr'><strong>exsistentiam</strong></span> <span class='ocrx_word' id='word_1_498' title='bbox 1148 3934 1480 3996; x_wconf 87' lang='lat' dir='ltr'><strong>generatur,</strong></span> <span class='ocrx_word' id='word_1_499' title='bbox 1532 3923 1620 3978; x_wconf 90' lang='lat' dir='ltr'><strong>vel</strong></span> <span class='ocrx_word' id='word_1_500' title='bbox 1667 3937 1736 3977; x_wconf 84' lang='lat' dir='ltr'><strong>ex</strong></span> <span class='ocrx_word' id='word_1_501' title='bbox 1778 3921 1896 3993; x_wconf 90' lang='lat' dir='ltr'><strong>ipsa</strong></span> <span class='ocrx_word' id='word_1_502' title='bbox 1942 3922 2073 3978; x_wconf 91' lang='lat' dir='ltr'><strong>sub-</strong></span> 
     </span>
    </p>
   </div>
   <div class='ocr_carea' id='block_1_69' title="bbox 497 4014 2068 4090">
    <p class='ocr_par' dir='ltr' id='par_1_69' title="bbox 497 4014 2068 4090">
     <span class='ocr_line' id='line_1_69' title="bbox 497 4014 2068 4090; baseline -0.003 -18"><span class='ocrx_word' id='word_1_503' title='bbox 497 4018 700 4074; x_wconf 88' lang='lat' dir='ltr'><strong>stantia</strong></span> <span class='ocrx_word' id='word_1_504' title='bbox 738 4020 863 4073; x_wconf 91' lang='lat' dir='ltr'><strong>coni</strong></span> <span class='ocrx_word' id='word_1_505' title='bbox 887 4027 1204 4090; x_wconf 86' lang='lat' dir='ltr'><strong>generatur,</strong></span> <span class='ocrx_word' id='word_1_506' title='bbox 1231 4025 1288 4072; x_wconf 91' lang='lat' dir='ltr'><strong>et</strong></span> <span class='ocrx_word' id='word_1_507' title='bbox 1311 4026 1397 4072; x_wconf 86' lang='lat' dir='ltr'><strong>est</strong></span> <span class='ocrx_word' id='word_1_508' title='bbox 1426 4015 1754 4086; x_wconf 89' lang='lat' dir='ltr'><strong>simpliciter</strong></span> <span class='ocrx_word' id='word_1_509' title='bbox 1775 4014 2068 4079; x_wconf 80' lang='lat' dir='ltr'><strong>exsistcns,</strong></span> 
     </span>
    </p>
   </div>
   <div class='ocr_carea' id='block_1_70' title="bbox 497 4105 2071 4178">
    <p class='ocr_par' dir='ltr' id='par_1_70' title="bbox 497 4105 2071 4178">
     <span class='ocr_line' id='line_1_70' title="bbox 497 4105 2071 4178; baseline -0.003 -16"><span class='ocrx_word' id='word_1_510' title='bbox 497 4122 610 4162; x_wconf 90' lang='lat' dir='ltr'><strong>non</strong></span> <span class='ocrx_word' id='word_1_511' title='bbox 635 4115 819 4162; x_wconf 90' lang='lat' dir='ltr'><strong>autem</strong></span> <span class='ocrx_word' id='word_1_512' title='bbox 847 4108 1010 4178; x_wconf 91' lang='lat' dir='ltr'><strong>pinus</strong></span> <span class='ocrx_word' id='word_1_513' title='bbox 1045 4117 1141 4162; x_wconf 91' lang='lat' dir='ltr'><strong>aut</strong></span> <span class='ocrx_word' id='word_1_514' title='bbox 1176 4106 1326 4162; x_wconf 90' lang='lat' dir='ltr'><strong>aliud</strong></span> <span class='ocrx_word' id='word_1_515' title='bbox 1364 4106 1496 4176; x_wconf 90' lang='lat' dir='ltr'><strong>quid</strong></span> <span class='ocrx_word' id='word_1_516' title='bbox 1536 4105 1818 4176; x_wconf 86' lang='lat' dir='ltr'><strong>speciale:</strong></span> <span class='ocrx_word' id='word_1_517' title='bbox 1867 4105 1975 4159; x_wconf 89' lang='lat' dir='ltr'><strong>nisi</strong></span> <span class='ocrx_word' id='word_1_518' title='bbox 2014 4113 2071 4159; x_wconf 89' lang='lat' dir='ltr'><strong>et</strong></span> 
     </span>
    </p>
   </div>
   <div class='ocr_carea' id='block_1_71' title="bbox 497 4196 2072 4268">
    <p class='ocr_par' dir='ltr' id='par_1_71' title="bbox 497 4196 2072 4268">
     <span class='ocr_line' id='line_1_71' title="bbox 497 4196 2072 4268; baseline -0.001 -16"><span class='ocrx_word' id='word_1_519' title='bbox 497 4199 591 4253; x_wconf 88' lang='lat' dir='ltr'><strong>alii</strong></span> <span class='ocrx_word' id='word_1_520' title='bbox 646 4199 881 4268; x_wconf 89' lang='lat' dir='ltr'><strong>genitori</strong></span> <span class='ocrx_word' id='word_1_521' title='bbox 924 4199 1230 4254; x_wconf 86' lang='lat' dir='ltr'><strong>secundum</strong></span> <span class='ocrx_word' id='word_1_522' title='bbox 1276 4199 1614 4253; x_wconf 87' lang='lat' dir='ltr'><strong>voluntatem</strong></span> <span class='ocrx_word' id='word_1_523' title='bbox 1662 4197 1904 4268; x_wconf 85' lang='lat' dir='ltr'><strong>gignenti</strong></span> <span class='ocrx_word' id='word_1_524' title='bbox 1942 4196 2072 4252; x_wconf 91' lang='lat' dir='ltr'><strong>sub-</strong></span> 
     </span>
    </p>
   </div>
   <div class='ocr_carea' id='block_1_72' title="bbox 493 4286 2070 4359">
    <p class='ocr_par' dir='ltr' id='par_1_72' title="bbox 493 4286 2070 4359">
     <span class='ocr_line' id='line_1_72' title="bbox 493 4286 2070 4359; baseline 0.001 -19"><span class='ocrx_word' id='word_1_525' title='bbox 493 4286 719 4358; x_wconf 88' lang='lat' dir='ltr'><strong>jiciatur</strong></span> <span class='ocrx_word' id='word_1_526' title='bbox 751 4286 807 4342; x_wconf 93' lang='lat' dir='ltr'><strong>in</strong></span> <span class='ocrx_word' id='word_1_527' title='bbox 859 4288 1151 4358; x_wconf 89' lang='lat' dir='ltr'><strong>quamdam</strong></span> <span class='ocrx_word' id='word_1_528' title='bbox 1205 4287 1634 4359; x_wconf 87' lang='lat' dir='ltr'><strong>generationem.</strong></span> <span class='ocrx_word' id='word_1_529' title='bbox 1691 4287 1903 4354; x_wconf 84' lang='lat' dir='ltr'><strong>Quibus</strong></span> <span class='ocrx_word' id='word_1_530' title='bbox 1936 4287 2070 4358; x_wconf 88' lang='lat' dir='ltr'><strong>quid</strong></span> 
     </span>
    </p>
   </div>
   <div class='ocr_carea' id='block_1_73' title="bbox 498 4379 790 4437">
    <p class='ocr_par' dir='ltr' id='par_1_73' title="bbox 498 4379 790 4437">
     <span class='ocr_line' id='line_1_73' title="bbox 498 4379 790 4437; baseline -0.003 -1"><span class='ocrx_word' id='word_1_531' title='bbox 498 4379 790 4437; x_wconf 80' lang='lat' dir='ltr'><strong>stolidius?</strong></span> 
     </span>
    </p>
   </div>
   <div class='ocr_carea' id='block_1_74' title="bbox 1079 4594 1476 4652">
    <p class='ocr_par' dir='ltr' id='par_1_74' title="bbox 1079 4594 1476 4652">
     <span class='ocr_line' id='line_1_74' title="bbox 1079 4594 1476 4652; baseline 0.003 -1"><span class='ocrx_word' id='word_1_532' title='bbox 1079 4594 1232 4651; x_wconf 81' lang='lat' dir='ltr'><strong>CAP.</strong></span> <span class='ocrx_word' id='word_1_533' title='bbox 1263 4595 1476 4652; x_wconf 81' lang='lat' dir='ltr'><strong>XXVII.</strong></span> 
     </span>
    </p>
   </div>
   <div class='ocr_carea' id='block_1_75' title="bbox 569 4705 2066 4782">
    <p class='ocr_par' dir='ltr' id='par_1_75' title="bbox 569 4705 2066 4782">
     <span class='ocr_line' id='line_1_75' title="bbox 569 4705 2066 4782; baseline 0.003 -20"><span class='ocrx_word' id='word_1_534' title='bbox 569 4705 629 4762; x_wconf 91' lang='lat' dir='ltr'><strong>Si</strong></span> <span class='ocrx_word' id='word_1_535' title='bbox 659 4707 879 4779; x_wconf 83' lang='lat' dir='ltr'><strong>genitus</strong></span> <span class='ocrx_word' id='word_1_536' title='bbox 894 4716 976 4763; x_wconf 91' lang='lat' dir='ltr'><strong>est</strong></span> <span class='ocrx_word' id='word_1_537' title='bbox 1004 4710 1151 4765; x_wconf 88' lang='lat' dir='ltr'><strong>Deus</strong></span> <span class='ocrx_word' id='word_1_538' title='bbox 1165 4711 1405 4766; x_wconf 84' lang='lat' dir='ltr'><strong>Verbum</strong></span> <span class='ocrx_word' id='word_1_539' title='bbox 1433 4710 1657 4782; x_wconf 83' lang='lat' dir='ltr'><strong>proprie</strong></span> <span class='ocrx_word' id='word_1_540' title='bbox 1680 4719 1738 4766; x_wconf 93' lang='lat' dir='ltr'><strong>et</strong></span> <span class='ocrx_word' id='word_1_541' title='bbox 1758 4711 2066 4766; x_wconf 88' lang='lat' dir='ltr'><strong>secundum</strong></span> 
     </span>
    </p>
   </div>
   <div class='ocr_carea' id='block_1_76' title="bbox 496 4800 2067 4874">
    <p class='ocr_par' dir='ltr' id='par_1_76' title="bbox 496 4800 2067 4874">
     <span class='ocr_line' id='line_1_76' title="bbox 496 4800 2067 4874; baseline 0.004 -20"><span class='ocrx_word' id='word_1_542' title='bbox 496 4800 789 4856; x_wconf 86' lang='lat' dir='ltr'><strong>veritatem</strong></span> <span class='ocrx_word' id='word_1_543' title='bbox 837 4818 904 4857; x_wconf 82' lang='lat' dir='ltr'><strong>ex</strong></span> <span class='ocrx_word' id='word_1_544' title='bbox 961 4804 1121 4858; x_wconf 89' lang='lat' dir='ltr'><strong>Patre</strong></span> <span class='ocrx_word' id='word_1_545' title='bbox 1177 4803 1369 4874; x_wconf 90' lang='lat' dir='ltr'><strong>illique</strong></span> <span class='ocrx_word' id='word_1_546' title='bbox 1413 4814 1502 4860; x_wconf 88' lang='lat' dir='ltr'><strong>est</strong></span> <span class='ocrx_word' id='word_1_547' title='bbox 1527 4804 1727 4861; x_wconf 91' lang='lat' dir='ltr'><strong>similis</strong></span> <span class='ocrx_word' id='word_1_548' title='bbox 1761 4806 2067 4860; x_wconf 88' lang='lat' dir='ltr'><strong>secundum</strong></span> 
     </span>
    </p>
   </div>
   <div class='ocr_carea' id='block_1_77' title="bbox 497 4891 2068 4968">
    <p class='ocr_par' dir='ltr' id='par_1_77' title="bbox 497 4891 2068 4968">
     <span class='ocr_line' id='line_1_77' title="bbox 497 4891 2068 4968; baseline 0.004 -21"><span class='ocrx_word' id='word_1_549' title='bbox 497 4891 892 4959; x_wconf 85' lang='lat' dir='ltr'><strong>substantiam;</strong></span> <span class='ocrx_word' id='word_1_550' title='bbox 913 4903 970 4948; x_wconf 91' lang='lat' dir='ltr'><strong>et</strong></span> <span class='ocrx_word' id='word_1_551' title='bbox 993 4896 1040 4950; x_wconf 87' lang='lat' dir='ltr'><strong>si</strong></span> <span class='ocrx_word' id='word_1_552' title='bbox 1066 4895 1210 4950; x_wconf 91' lang='lat' dir='ltr'><strong>idem</strong></span> <span class='ocrx_word' id='word_1_553' title='bbox 1224 4897 1443 4968; x_wconf 90' lang='lat' dir='ltr'><strong>genitus</strong></span> <span class='ocrx_word' id='word_1_554' title='bbox 1457 4905 1542 4951; x_wconf 89' lang='lat' dir='ltr'><strong>est</strong></span> <span class='ocrx_word' id='word_1_555' title='bbox 1559 4912 1627 4952; x_wconf 85' lang='lat' dir='ltr'><strong>ex</strong></span> <span class='ocrx_word' id='word_1_556' title='bbox 1650 4907 1824 4951; x_wconf 89' lang='lat' dir='ltr'><strong>matre</strong></span> <span class='ocrx_word' id='word_1_557' title='bbox 1846 4899 2068 4968; x_wconf 89' lang='lat' dir='ltr'><strong>proprie</strong></span> 
     </span>
    </p>
   </div>
   <div class='ocr_carea' id='block_1_78' title="bbox 495 4983 2069 5055">
    <p class='ocr_par' dir='ltr' id='par_1_78' title="bbox 495 4983 2069 5055">
     <span class='ocr_line' id='line_1_78' title="bbox 495 4983 2069 5055; baseline 0.004 -19"><span class='ocrx_word' id='word_1_558' title='bbox 495 4991 552 5036; x_wconf 91' lang='lat' dir='ltr'><strong>et</strong></span> <span class='ocrx_word' id='word_1_559' title='bbox 571 4983 877 5039; x_wconf 86' lang='lat' dir='ltr'><strong>secundum</strong></span> <span class='ocrx_word' id='word_1_560' title='bbox 890 4985 1175 5040; x_wconf 89' lang='lat' dir='ltr'><strong>veritatem</strong></span> <span class='ocrx_word' id='word_1_561' title='bbox 1195 4987 1420 5055; x_wconf 88' lang='lat' dir='ltr'><strong>ipsaque</strong></span> <span class='ocrx_word' id='word_1_562' title='bbox 1448 4994 1534 5040; x_wconf 89' lang='lat' dir='ltr'><strong>est</strong></span> <span class='ocrx_word' id='word_1_563' title='bbox 1565 4985 1848 5042; x_wconf 90' lang='lat' dir='ltr'><strong>dissimilis</strong></span> <span class='ocrx_word' id='word_1_564' title='bbox 1873 5003 2069 5042; x_wconf 87' lang='lat' dir='ltr'><strong>secun-</strong></span> 
     </span>
    </p>
   </div>
   <div class='ocr_carea' id='block_1_79' title="bbox 493 5074 2069 5144">
    <p class='ocr_par' dir='ltr' id='par_1_79' title="bbox 493 5074 2069 5144">
     <span class='ocr_line' id='line_1_79' title="bbox 493 5074 2069 5144; baseline 0.004 -16"><span class='ocrx_word' id='word_1_565' title='bbox 493 5074 624 5130; x_wconf 90' lang='lat' dir='ltr'><strong>dum</strong></span> <span class='ocrx_word' id='word_1_566' title='bbox 669 5077 1053 5144; x_wconf 83' lang='lat' dir='ltr'><strong>substantiam,</strong></span> <span class='ocrx_word' id='word_1_567' title='bbox 1101 5078 1242 5133; x_wconf 91' lang='lat' dir='ltr'><strong>nihil</strong></span> <span class='ocrx_word' id='word_1_568' title='bbox 1291 5078 1523 5133; x_wconf 90' lang='lat' dir='ltr'><strong>interest</strong></span> <span class='ocrx_word' id='word_1_569' title='bbox 1565 5095 1596 5133; x_wconf 91' lang='lat' dir='ltr'><strong>a</strong></span> <span class='ocrx_word' id='word_1_570' title='bbox 1664 5079 1942 5134; x_wconf 86' lang='lat' dir='ltr'><strong>similibus</strong></span> <span class='ocrx_word' id='word_1_571' title='bbox 1972 5087 2069 5134; x_wconf 88' lang='lat' dir='ltr'><strong>aut</strong></span> 
     </span>
    </p>
   </div>
   <div class='ocr_carea' id='block_1_80' title="bbox 494 5169 2068 5243">
    <p class='ocr_par' dir='ltr' id='par_1_80' title="bbox 494 5169 2068 5243">
     <span class='ocr_line' id='line_1_80' title="bbox 494 5169 2068 5243; baseline 0.004 -21"><span class='ocrx_word' id='word_1_572' title='bbox 494 5183 526 5222; x_wconf 92' lang='lat' dir='ltr'><strong>a</strong></span> <span class='ocrx_word' id='word_1_573' title='bbox 557 5169 920 5226; x_wconf 89' lang='lat' dir='ltr'><strong>dissimilibus</strong></span> <span class='ocrx_word' id='word_1_574' title='bbox 945 5172 1113 5243; x_wconf 84' lang='lat' dir='ltr'><strong>gigni.</strong></span> <span class='ocrx_word' id='word_1_575' title='bbox 1142 5172 1200 5228; x_wconf 92' lang='lat' dir='ltr'><strong>Si</strong></span> <span class='ocrx_word' id='word_1_576' title='bbox 1222 5181 1408 5228; x_wconf 90' lang='lat' dir='ltr'><strong>autem</strong></span> <span class='ocrx_word' id='word_1_577' title='bbox 1442 5173 1518 5227; x_wconf 89' lang='lat' dir='ltr'><strong>ita</strong></span> <span class='ocrx_word' id='word_1_578' title='bbox 1554 5180 1659 5236; x_wconf 89' lang='lat' dir='ltr'><strong>est,</strong></span> <span class='ocrx_word' id='word_1_579' title='bbox 1692 5189 1795 5228; x_wconf 91' lang='lat' dir='ltr'><strong>nec</strong></span> <span class='ocrx_word' id='word_1_580' title='bbox 1822 5173 2068 5228; x_wconf 90' lang='lat' dir='ltr'><strong>dissimi-</strong></span> 
     </span>
    </p>
   </div>
   <div class='ocr_carea' id='block_1_81' title="bbox 495 5257 2064 5334">
    <p class='ocr_par' dir='ltr' id='par_1_81' title="bbox 495 5257 2064 5334">
     <span class='ocr_line' id='line_1_81' title="bbox 495 5257 2064 5334; baseline 0.005 -23"><span class='ocrx_word' id='word_1_581' title='bbox 495 5257 566 5311; x_wconf 85' lang='lat' dir='ltr'><strong>lia</strong></span> <span class='ocrx_word' id='word_1_582' title='bbox 604 5273 634 5312; x_wconf 87' lang='lat' dir='ltr'><strong>a</strong></span> <span class='ocrx_word' id='word_1_583' title='bbox 669 5275 728 5315; x_wconf 87' lang='lat' dir='ltr'><strong>se</strong></span> <span class='ocrx_word' id='word_1_584' title='bbox 759 5261 995 5317; x_wconf 89' lang='lat' dir='ltr'><strong>invicem</strong></span> <span class='ocrx_word' id='word_1_585' title='bbox 1029 5263 1290 5319; x_wconf 80' lang='lat' dir='ltr'><strong>diﬂ‘erent</strong></span> <span class='ocrx_word' id='word_1_586' title='bbox 1331 5264 1634 5320; x_wconf 87' lang='lat' dir='ltr'><strong>secundum</strong></span> <span class='ocrx_word' id='word_1_587' title='bbox 1659 5266 2064 5334; x_wconf 85' lang='lat' dir='ltr'><strong>substantiam;</strong></span> 
     </span>
    </p>
   </div>
   <div class='ocr_carea' id='block_1_82' title="bbox 492 5349 2070 5428">
    <p class='ocr_par' dir='ltr' id='par_1_82' title="bbox 492 5349 2070 5428">
     <span class='ocr_line' id='line_1_82' title="bbox 492 5349 2070 5428; baseline 0.007 -27"><span class='ocrx_word' id='word_1_588' title='bbox 492 5356 551 5402; x_wconf 90' lang='lat' dir='ltr'><strong>et</strong></span> <span class='ocrx_word' id='word_1_589' title='bbox 583 5349 986 5407; x_wconf 87' lang='lat' dir='ltr'><strong>admittendum</strong></span> <span class='ocrx_word' id='word_1_590' title='bbox 1011 5363 1131 5408; x_wconf 87' lang='lat' dir='ltr'><strong>erat</strong></span> <span class='ocrx_word' id='word_1_591' title='bbox 1160 5355 1334 5410; x_wconf 82' lang='lat' dir='ltr'><strong>Deum</strong></span> <span class='ocrx_word' id='word_1_592' title='bbox 1362 5355 1626 5420; x_wconf 87' lang='lat' dir='ltr'><strong>Verbum,</strong></span> <span class='ocrx_word' id='word_1_593' title='bbox 1661 5372 1692 5409; x_wconf 88' lang='lat' dir='ltr'><strong>a</strong></span> <span class='ocrx_word' id='word_1_594' title='bbox 1722 5357 1882 5411; x_wconf 87' lang='lat' dir='ltr'><strong>Patre</strong></span> <span class='ocrx_word' id='word_1_595' title='bbox 1915 5357 2070 5428; x_wconf 88' lang='lat' dir='ltr'><strong>geni-</strong></span> 
     </span>
    </p>
   </div>
   <div class='ocr_carea' id='block_1_83' title="bbox 495 5443 2068 5518">
    <p class='ocr_par' dir='ltr' id='par_1_83' title="bbox 495 5443 2068 5518">
     <span class='ocr_line' id='line_1_83' title="bbox 495 5443 2068 5518; baseline 0.007 -25"><span class='ocrx_word' id='word_1_596' title='bbox 495 5449 612 5494; x_wconf 91' lang='lat' dir='ltr'><strong>tum</strong></span> <span class='ocrx_word' id='word_1_597' title='bbox 641 5443 947 5498; x_wconf 87' lang='lat' dir='ltr'><strong>secundum</strong></span> <span class='ocrx_word' id='word_1_598' title='bbox 971 5446 1290 5510; x_wconf 83' lang='lat' dir='ltr'><strong>veritatem,</strong></span> <span class='ocrx_word' id='word_1_599' title='bbox 1312 5463 1436 5503; x_wconf 86' lang='lat' dir='ltr'><strong>esse</strong></span> <span class='ocrx_word' id='word_1_600' title='bbox 1466 5448 1572 5518; x_wconf 91' lang='lat' dir='ltr'><strong>ipsi</strong></span> <span class='ocrx_word' id='word_1_601' title='bbox 1614 5448 1935 5504; x_wconf 88' lang='lat' dir='ltr'><strong>dissimilem</strong></span> <span class='ocrx_word' id='word_1_602' title='bbox 1977 5465 2068 5504; x_wconf 85' lang='lat' dir='ltr'><strong>se-</strong></span> 
     </span>
    </p>
   </div>
   <div class='ocr_carea' id='block_1_84' title="bbox 493 5533 2068 5610">
    <p class='ocr_par' dir='ltr' id='par_1_84' title="bbox 493 5533 2068 5610">
     <span class='ocr_line' id='line_1_84' title="bbox 493 5533 2068 5610; baseline 0.006 -24"><span class='ocrx_word' id='word_1_603' title='bbox 493 5533 739 5588; x_wconf 92' lang='lat' dir='ltr'><strong>cundum</strong></span> <span class='ocrx_word' id='word_1_604' title='bbox 769 5534 1154 5592; x_wconf 85' lang='lat' dir='ltr'><strong>substantiam.</strong></span> <span class='ocrx_word' id='word_1_605' title='bbox 1187 5538 1296 5594; x_wconf 86' lang='lat' dir='ltr'><strong>Sed</strong></span> <span class='ocrx_word' id='word_1_606' title='bbox 1338 5540 1456 5595; x_wconf 69' lang='lat' dir='ltr'><strong>haec</strong></span> <span class='ocrx_word' id='word_1_607' title='bbox 1486 5540 1672 5595; x_wconf 91' lang='lat' dir='ltr'><strong>omnia</strong></span> <span class='ocrx_word' id='word_1_608' title='bbox 1705 5540 2068 5610; x_wconf 90' lang='lat' dir='ltr'><strong>impossibilia</strong></span> 
     </span>
    </p>
   </div>
   <div class='ocr_carea' id='block_1_85' title="bbox 491 5629 2067 5704">
    <p class='ocr_par' dir='ltr' id='par_1_85' title="bbox 491 5629 2067 5704">
     <span class='ocr_line' id='line_1_85' title="bbox 491 5629 2067 5704; baseline 0.007 -23"><span class='ocrx_word' id='word_1_609' title='bbox 491 5633 551 5681; x_wconf 81' lang='lat' dir='ltr'><strong>et</strong></span> <span class='ocrx_word' id='word_1_610' title='bbox 575 5641 772 5682; x_wconf 88' lang='lat' dir='ltr'><strong>eorum</strong></span> <span class='ocrx_word' id='word_1_611' title='bbox 797 5629 1177 5698; x_wconf 89' lang='lat' dir='ltr'><strong>suppositione</strong></span> <span class='ocrx_word' id='word_1_612' title='bbox 1198 5632 1383 5704; x_wconf 89' lang='lat' dir='ltr'><strong>digna.</strong></span> <span class='ocrx_word' id='word_1_613' title='bbox 1407 5663 1475 5673; x_wconf 94' lang='lat'><strong><em>—</em></strong></span> <span class='ocrx_word' id='word_1_614' title='bbox 1493 5633 1725 5689; x_wconf 91' lang='lat' dir='ltr'><strong>Turbati</strong></span> <span class='ocrx_word' id='word_1_615' title='bbox 1741 5646 1893 5700; x_wconf 88' lang='lat' dir='ltr'><strong>sunt,</strong></span> <span class='ocrx_word' id='word_1_616' title='bbox 1917 5649 2067 5692; x_wconf 91' lang='lat' dir='ltr'><strong>com-</strong></span> 
     </span>
    </p>
   </div>
   <div class='ocr_carea' id='block_1_86' title="bbox 475 5720 2067 5797">
    <p class='ocr_par' dir='ltr' id='par_1_86' title="bbox 475 5720 2067 5797">
     <span class='ocr_line' id='line_1_86' title="bbox 475 5720 2067 5797; baseline 0.004 -21"><span class='ocrx_word' id='word_1_617' title='bbox 475 5720 630 5776; x_wconf 83' lang='lat' dir='ltr'><strong>.moti</strong></span> <span class='ocrx_word' id='word_1_618' title='bbox 660 5728 790 5776; x_wconf 89' lang='lat' dir='ltr'><strong>sunt</strong></span> <span class='ocrx_word' id='word_1_619' title='bbox 817 5721 965 5778; x_wconf 88' lang='lat' dir='ltr'><strong>sicut</strong></span> <span class='ocrx_word' id='word_1_620' title='bbox 995 5723 1204 5788; x_wconf 88' lang='lat' dir='ltr'><strong>ebrius,</strong></span> <span class='ocrx_word' id='word_1_621' title='bbox 1229 5735 1286 5790; x_wconf 88' lang='lat' dir='ltr'><strong>et</strong></span> <span class='ocrx_word' id='word_1_622' title='bbox 1323 5727 1505 5783; x_wconf 90' lang='lat' dir='ltr'><strong>omnis</strong></span> <span class='ocrx_word' id='word_1_623' title='bbox 1547 5729 1830 5797; x_wconf 84' lang='lat' dir='ltr'><strong>sapientia</strong></span> <span class='ocrx_word' id='word_1_624' title='bbox 1871 5743 2067 5784; x_wconf 91' lang='lat' dir='ltr'><strong>eorum</strong></span> 
     </span>
    </p>
   </div>
   <div class='ocr_carea' id='block_1_87' title="bbox 494 5811 2069 5883">
    <p class='ocr_par' dir='ltr' id='par_1_87' title="bbox 494 5811 2069 5883">
     <span class='ocr_line' id='line_1_87' title="bbox 494 5811 2069 5883; baseline 0.007 -18"><span class='ocrx_word' id='word_1_625' title='bbox 494 5811 754 5883; x_wconf 86' lang='lat' dir='ltr'><strong>absorpta</strong></span> <span class='ocrx_word' id='word_1_626' title='bbox 809 5823 916 5870; x_wconf 88' lang='lat' dir='ltr'><strong>est.</strong></span> <span class='ocrx_word' id='word_1_627' title='bbox 957 5815 1090 5872; x_wconf 88' lang='lat' dir='ltr'><strong>Jure</strong></span> <span class='ocrx_word' id='word_1_628' title='bbox 1125 5816 1272 5872; x_wconf 91' lang='lat' dir='ltr'><strong>enim</strong></span> <span class='ocrx_word' id='word_1_629' title='bbox 1319 5827 1510 5874; x_wconf 88' lang='lat' dir='ltr'><strong>contra</strong></span> <span class='ocrx_word' id='word_1_630' title='bbox 1537 5835 1636 5874; x_wconf 86' lang='lat' dir='ltr'><strong>vos</strong></span> <span class='ocrx_word' id='word_1_631' title='bbox 1669 5819 1786 5875; x_wconf 68' lang='lat' dir='ltr'><strong>ham</strong></span> <span class='ocrx_word' id='word_1_632' title='bbox 1829 5836 1859 5875; x_wconf 89' lang='lat' dir='ltr'><strong>a</strong></span> <span class='ocrx_word' id='word_1_633' title='bbox 1907 5820 2069 5877; x_wconf 89' lang='lat' dir='ltr'><strong>nobis</strong></span> 
     </span>
    </p>
   </div>
   <div class='ocr_carea' id='block_1_88' title="bbox 495 5908 2067 5978">
    <p class='ocr_par' dir='ltr' id='par_1_88' title="bbox 495 5908 2067 5978">
     <span class='ocr_line' id='line_1_88' title="bbox 495 5908 2067 5978; baseline 0.006 -17"><span class='ocrx_word' id='word_1_634' title='bbox 495 5913 793 5978; x_wconf 85' lang='lat' dir='ltr'><strong>canuntur,</strong></span> <span class='ocrx_word' id='word_1_635' title='bbox 809 5908 992 5966; x_wconf 88' lang='lat' dir='ltr'><strong>divina</strong></span> <span class='ocrx_word' id='word_1_636' title='bbox 1009 5909 1421 5968; x_wconf 85' lang='lat' dir='ltr'><strong>demonstrante</strong></span> <span class='ocrx_word' id='word_1_637' title='bbox 1441 5911 1646 5969; x_wconf 84' lang='lat' dir='ltr'><strong>virtute</strong></span> <span class='ocrx_word' id='word_1_638' title='bbox 1667 5921 1722 5970; x_wconf 86' lang='lat' dir='ltr'><strong>et</strong></span> <span class='ocrx_word' id='word_1_639' title='bbox 1753 5913 1808 5968; x_wconf 91' lang='lat' dir='ltr'><strong>in</strong></span> <span class='ocrx_word' id='word_1_640' title='bbox 1834 5929 1932 5970; x_wconf 90' lang='lat' dir='ltr'><strong>vos</strong></span> <span class='ocrx_word' id='word_1_641' title='bbox 1956 5913 2067 5970; x_wconf 88' lang='lat' dir='ltr'><strong>vim</strong></span> 
     </span>
    </p>
   </div>
   <div class='ocr_carea' id='block_1_89' title="bbox 2178 3363 3763 3440">
    <p class='ocr_par' dir='ltr' id='par_1_89' title="bbox 2178 3363 3763 3440">
     <span class='ocr_line' id='line_1_89' title="bbox 2178 3363 3763 3440; baseline 0.008 -23"><span class='ocrx_word' id='word_1_642' title='bbox 2178 3363 2407 3429; x_wconf 77' lang='grc' dir='ltr'><strong>ἄκοντες</strong></span> <span class='ocrx_word' id='word_1_643' title='bbox 2446 3365 2579 3436; x_wconf 79' lang='grc' dir='ltr'><strong>ἡμῖν</strong></span> <span class='ocrx_word' id='word_1_644' title='bbox 2619 3367 3038 3437; x_wconf 82' lang='grc' dir='ltr'><strong>συνομολογείτε</strong></span> <span class='ocrx_word' id='word_1_645' title='bbox 3080 3368 3241 3424; x_wconf 88' lang='grc' dir='ltr'><strong>τόκον</strong></span> <span class='ocrx_word' id='word_1_646' title='bbox 3269 3366 3433 3439; x_wconf 73' lang='grc' dir='ltr'><strong>εἶναι,</strong></span> <span class='ocrx_word' id='word_1_647' title='bbox 3459 3374 3554 3427; x_wconf 86' lang='grc' dir='ltr'><strong>τόν</strong></span> <span class='ocrx_word' id='word_1_648' title='bbox 3585 3392 3647 3428; x_wconf 83' lang='grc' dir='ltr'><strong>τε</strong></span> <span class='ocrx_word' id='word_1_649' title='bbox 3681 3378 3763 3440; x_wconf 84' lang='grc' dir='ltr'><strong>είς</strong></span> 
     </span>
    </p>
   </div>
   <div class='ocr_carea' id='block_1_90' title="bbox 2169 3451 3762 3528">
    <p class='ocr_par' dir='ltr' id='par_1_90' title="bbox 2169 3451 3762 3528">
     <span class='ocr_line' id='line_1_90' title="bbox 2169 3451 3762 3528; baseline 0.008 -17"><span class='ocrx_word' id='word_1_650' title='bbox 2169 3458 2232 3511; x_wconf 91' lang='grc' dir='ltr'><strong>τὸ</strong></span> <span class='ocrx_word' id='word_1_651' title='bbox 2269 3451 2432 3522; x_wconf 73' lang='grc' dir='ltr'><strong>εῖναι,</strong></span> <span class='ocrx_word' id='word_1_652' title='bbox 2467 3457 2562 3512; x_wconf 74' lang='grc' dir='ltr'><strong>καὶ</strong></span> <span class='ocrx_word' id='word_1_653' title='bbox 2587 3457 2792 3528; x_wconf 88' lang='grc' dir='ltr'><strong>ὁμοίως</strong></span> <span class='ocrx_word' id='word_1_654' title='bbox 2827 3458 2993 3514; x_wconf 80' lang='grc' dir='ltr'><strong>πάλιν</strong></span> <span class='ocrx_word' id='word_1_655' title='bbox 3021 3460 3116 3515; x_wconf 88' lang='grc' dir='ltr'><strong>τὸν</strong></span> <span class='ocrx_word' id='word_1_656' title='bbox 3158 3463 3240 3526; x_wconf 84' lang='grc' dir='ltr'><strong>είς</strong></span> <span class='ocrx_word' id='word_1_657' title='bbox 3266 3463 3326 3517; x_wconf 85' lang='grc' dir='ltr'><strong>τὸ</strong></span> <span class='ocrx_word' id='word_1_658' title='bbox 3353 3465 3583 3520; x_wconf 82' lang='grc' dir='ltr'><strong>τοιῶσδε</strong></span> <span class='ocrx_word' id='word_1_659' title='bbox 3615 3463 3762 3523; x_wconf 72' lang='grc' dir='ltr'><strong>εἶναι</strong></span> 
     </span>
    </p>
   </div>
   <div class='ocr_carea' id='block_1_91' title="bbox 2177 3550 3763 3629">
    <p class='ocr_par' dir='ltr' id='par_1_91' title="bbox 2177 3550 3763 3629">
     <span class='ocr_line' id='line_1_91' title="bbox 2177 3550 3763 3629; baseline 0.007 -26"><span class='ocrx_word' id='word_1_660' title='bbox 2177 3550 2338 3621; x_wconf 89' lang='grc' dir='ltr'><strong>μόνον</strong></span> <span class='ocrx_word' id='word_1_661' title='bbox 2363 3552 2754 3624; x_wconf 86' lang='grc' dir='ltr'><strong>προαγαγόντα</strong></span> <span class='ocrx_word' id='word_1_662' title='bbox 2783 3569 2838 3606; x_wconf 90' lang='grc' dir='ltr'><strong>τι</strong></span> <span class='ocrx_word' id='word_1_663' title='bbox 2861 3568 2878 3584; x_wconf 75' lang='grc' dir='ltr'><strong><em>ο</em></strong></span> <span class='ocrx_word' id='word_1_664' title='bbox 2910 3555 2960 3607; x_wconf 84' lang='grc' dir='ltr'><strong>εί</strong></span> <span class='ocrx_word' id='word_1_665' title='bbox 2987 3553 3043 3608; x_wconf 82' lang='grc' dir='ltr'><strong>δὲ</strong></span> <span class='ocrx_word' id='word_1_666' title='bbox 3068 3553 3162 3610; x_wconf 90' lang='grc' dir='ltr'><strong>τὸν</strong></span> <span class='ocrx_word' id='word_1_667' title='bbox 3191 3557 3258 3612; x_wconf 70' lang='grc' dir='ltr'><strong>ἐκ</strong></span> <span class='ocrx_word' id='word_1_668' title='bbox 3302 3557 3402 3629; x_wconf 85' lang='grc' dir='ltr'><strong>τῆς</strong></span> <span class='ocrx_word' id='word_1_669' title='bbox 3446 3559 3641 3624; x_wconf 80' lang='grc' dir='ltr'><strong>οὐσίας</strong></span> <span class='ocrx_word' id='word_1_670' title='bbox 3670 3562 3763 3615; x_wconf 77' lang='grc' dir='ltr'><strong>τό·</strong></span> 
     </span>
    </p>
   </div>
   <div class='ocr_carea' id='block_1_92' title="bbox 2171 3639 3760 3720">
    <p class='ocr_par' dir='ltr' id='par_1_92' title="bbox 2171 3639 3760 3720">
     <span class='ocr_line' id='line_1_92' title="bbox 2171 3639 3760 3720; baseline 0.008 -24"><span class='ocrx_word' id='word_1_671' title='bbox 2171 3658 2266 3696; x_wconf 89' lang='grc' dir='ltr'><strong>κον</strong></span> <span class='ocrx_word' id='word_1_672' title='bbox 2287 3642 2448 3714; x_wconf 88' lang='grc' dir='ltr'><strong>μόνον</strong></span> <span class='ocrx_word' id='word_1_673' title='bbox 2467 3642 2562 3696; x_wconf 77' lang='grc' dir='ltr'><strong>τοῦ</strong></span> <span class='ocrx_word' id='word_1_674' title='bbox 2593 3639 2734 3698; x_wconf 71' lang='grc' dir='ltr'><strong>εἶναι</strong></span> <span class='ocrx_word' id='word_1_675' title='bbox 2771 3645 2964 3713; x_wconf 85' lang='grc' dir='ltr'><strong>αῐτιον,</strong></span> <span class='ocrx_word' id='word_1_676' title='bbox 2996 3647 3093 3701; x_wconf 66' lang='grc' dir='ltr'><strong>καὶ</strong></span> <span class='ocrx_word' id='word_1_677' title='bbox 3122 3648 3244 3720; x_wconf 61' lang='grc' dir='ltr'><strong>οὐχὶ⁵</strong></span> <span class='ocrx_word' id='word_1_678' title='bbox 3273 3650 3368 3704; x_wconf 84' lang='grc' dir='ltr'><strong>καὶ</strong></span> <span class='ocrx_word' id='word_1_679' title='bbox 3396 3650 3491 3704; x_wconf 82' lang='grc' dir='ltr'><strong>τοῦ</strong></span> <span class='ocrx_word' id='word_1_680' title='bbox 3527 3653 3760 3708; x_wconf 61' lang='lat' dir='ltr'><strong>ratifich</strong></span> 
     </span>
    </p>
   </div>
   <div class='ocr_carea' id='block_1_93' title="bbox 2172 3730 3760 3814">
    <p class='ocr_par' dir='ltr' id='par_1_93' title="bbox 2172 3730 3760 3814">
     <span class='ocr_line' id='line_1_93' title="bbox 2172 3730 3760 3814; baseline 0.008 -26"><span class='ocrx_word' id='word_1_681' title='bbox 2172 3730 2314 3789; x_wconf 80' lang='grc' dir='ltr'><strong>εῖναι</strong></span> <span class='ocrx_word' id='word_1_682' title='bbox 2348 3735 2518 3808; x_wconf 77' lang='grc' dir='ltr'><strong>ἦγουν</strong></span> <span class='ocrx_word' id='word_1_683' title='bbox 2551 3737 2646 3790; x_wconf 81' lang='grc' dir='ltr'><strong>καὶ</strong></span> <span class='ocrx_word' id='word_1_684' title='bbox 2685 3737 2787 3808; x_wconf 85' lang='grc' dir='ltr'><strong>τῆς</strong></span> <span class='ocrx_word' id='word_1_685' title='bbox 2837 3739 3074 3811; x_wconf 80' lang='grc' dir='ltr'><strong>φυσικῆς</strong></span> <span class='ocrx_word' id='word_1_686' title='bbox 3110 3740 3376 3814; x_wconf 79' lang='grc' dir='ltr'><strong>διαφορᾶς</strong></span> <span class='ocrx_word' id='word_1_687' title='bbox 3410 3743 3508 3798; x_wconf 82' lang='grc' dir='ltr'><strong>τοῦ</strong></span> <span class='ocrx_word' id='word_1_688' title='bbox 3560 3763 3760 3813; x_wconf 84' lang='grc' dir='ltr'><strong>γεννω-</strong></span> 
     </span>
    </p>
   </div>
   <div class='ocr_carea' id='block_1_94' title="bbox 2175 3827 3759 3909">
    <p class='ocr_par' dir='ltr' id='par_1_94' title="bbox 2175 3827 3759 3909">
     <span class='ocr_line' id='line_1_94' title="bbox 2175 3827 3759 3909; baseline 0.008 -29"><span class='ocrx_word' id='word_1_689' title='bbox 2175 3827 2336 3898; x_wconf 86' lang='grc' dir='ltr'><strong>μένου</strong></span> <span class='ocrx_word' id='word_1_690' title='bbox 2377 3829 2535 3898; x_wconf 82' lang='grc' dir='ltr'><strong>φατὲ,</strong></span> <span class='ocrx_word' id='word_1_691' title='bbox 2577 3831 2700 3883; x_wconf 68' lang='grc' dir='ltr'><strong>ἐπεὶ</strong></span> <span class='ocrx_word' id='word_1_692' title='bbox 2741 3830 2849 3884; x_wconf 84' lang='grc' dir='ltr'><strong>ἀπὸ</strong></span> <span class='ocrx_word' id='word_1_693' title='bbox 2896 3831 3070 3886; x_wconf 84' lang='grc' dir='ltr'><strong>κώνου</strong></span> <span class='ocrx_word' id='word_1_694' title='bbox 3102 3833 3265 3898; x_wconf 83' lang='grc' dir='ltr'><strong>πίτυς</strong></span> <span class='ocrx_word' id='word_1_695' title='bbox 3307 3837 3590 3904; x_wconf 81' lang='grc' dir='ltr'><strong>γεννᾶται,</strong></span> <span class='ocrx_word' id='word_1_696' title='bbox 3626 3838 3659 3909; x_wconf 76' lang='grc' dir='ltr'>ἦ</span> <span class='ocrx_word' id='word_1_697' title='bbox 3692 3841 3759 3894; x_wconf 74' lang='grc' dir='ltr'><strong>ὲκ</strong></span> 
     </span>
    </p>
   </div>
   <div class='ocr_carea' id='block_1_95' title="bbox 2170 3919 3752 3995">
    <p class='ocr_par' dir='ltr' id='par_1_95' title="bbox 2170 3919 3752 3995">
     <span class='ocr_line' id='line_1_95' title="bbox 2170 3919 3752 3995; baseline 0.008 -24"><span class='ocrx_word' id='word_1_698' title='bbox 2170 3919 2269 3988; x_wconf 84' lang='grc' dir='ltr'><strong>τῆς</strong></span> <span class='ocrx_word' id='word_1_699' title='bbox 2299 3920 2798 3990; x_wconf 77' lang='grc' dir='ltr'><strong>προαιρέσεως,καὶ</strong></span> <span class='ocrx_word' id='word_1_700' title='bbox 2815 3922 2916 3976; x_wconf 92' lang='grc' dir='ltr'><strong>οὑκ</strong></span> <span class='ocrx_word' id='word_1_701' title='bbox 2938 3924 3046 3977; x_wconf 83' lang='grc' dir='ltr'><strong>ἀπὸ</strong></span> <span class='ocrx_word' id='word_1_702' title='bbox 3067 3924 3169 3994; x_wconf 84' lang='grc' dir='ltr'><strong>τῆς</strong></span> <span class='ocrx_word' id='word_1_703' title='bbox 3189 3925 3383 3990; x_wconf 80' lang='grc' dir='ltr'><strong>οὐσίας</strong></span> <span class='ocrx_word' id='word_1_704' title='bbox 3405 3926 3503 3980; x_wconf 81' lang='grc' dir='ltr'><strong>τοῦ</strong></span> <span class='ocrx_word' id='word_1_705' title='bbox 3536 3928 3752 3995; x_wconf 78' lang='grc' dir='ltr'><strong>κώνου,</strong></span> 
     </span>
    </p>
   </div>
   <div class='ocr_carea' id='block_1_96' title="bbox 2171 4008 3760 4094">
    <p class='ocr_par' dir='ltr' id='par_1_96' title="bbox 2171 4008 3760 4094">
     <span class='ocr_line' id='line_1_96' title="bbox 2171 4008 3760 4094; baseline 0.009 -33"><span class='ocrx_word' id='word_1_706' title='bbox 2171 4011 2253 4072; x_wconf 84' lang='grc' dir='ltr'><strong>είς</strong></span> <span class='ocrx_word' id='word_1_707' title='bbox 2294 4009 2355 4063; x_wconf 90' lang='grc' dir='ltr'><strong>τὸ</strong></span> <span class='ocrx_word' id='word_1_708' title='bbox 2406 4008 2546 4065; x_wconf 71' lang='grc' dir='ltr'><strong>εἶναι</strong></span> <span class='ocrx_word' id='word_1_709' title='bbox 2581 4011 2740 4067; x_wconf 82' lang='grc' dir='ltr'><strong>τοῦτο</strong></span> <span class='ocrx_word' id='word_1_710' title='bbox 2774 4014 2906 4068; x_wconf 91' lang='grc' dir='ltr'><strong>αὐτὸ</strong></span> <span class='ocrx_word' id='word_1_711' title='bbox 2936 4015 3094 4080; x_wconf 86' lang='grc' dir='ltr'><strong>πίτυς</strong></span> <span class='ocrx_word' id='word_1_712' title='bbox 3116 4017 3464 4088; x_wconf 82' lang='grc' dir='ltr'><strong>γεγέννηται,</strong></span> <span class='ocrx_word' id='word_1_713' title='bbox 3492 4020 3527 4092; x_wconf 79' lang='grc' dir='ltr'>ἦ</span> <span class='ocrx_word' id='word_1_714' title='bbox 3566 4023 3633 4074; x_wconf 82' lang='grc' dir='ltr'><strong>ἐκ</strong></span> <span class='ocrx_word' id='word_1_715' title='bbox 3661 4025 3760 4094; x_wconf 77' lang='grc' dir='ltr'><strong>τῆς</strong></span> 
     </span>
    </p>
   </div>
   <div class='ocr_carea' id='block_1_97' title="bbox 2171 4101 3757 4179">
    <p class='ocr_par' dir='ltr' id='par_1_97' title="bbox 2171 4101 3757 4179">
     <span class='ocr_line' id='line_1_97' title="bbox 2171 4101 3757 4179; baseline 0.009 -25"><span class='ocrx_word' id='word_1_716' title='bbox 2171 4101 2359 4165; x_wconf 87' lang='grc' dir='ltr'><strong>οὐσίας</strong></span> <span class='ocrx_word' id='word_1_717' title='bbox 2388 4101 2490 4173; x_wconf 82' lang='grc' dir='ltr'><strong>μὲν</strong></span> <span class='ocrx_word' id='word_1_718' title='bbox 2521 4104 2692 4175; x_wconf 82' lang='grc' dir='ltr'><strong>αὐτῆς</strong></span> <span class='ocrx_word' id='word_1_719' title='bbox 2725 4105 3048 4176; x_wconf 87' lang='grc' dir='ltr'><strong>γεγέννηται</strong></span> <span class='ocrx_word' id='word_1_720' title='bbox 3073 4107 3227 4162; x_wconf 79' lang='grc' dir='ltr'><strong>τοῦδε</strong></span> <span class='ocrx_word' id='word_1_721' title='bbox 3247 4126 3263 4142; x_wconf 78' lang='grc' dir='ltr'><strong>ο</strong></span> <span class='ocrx_word' id='word_1_722' title='bbox 3293 4112 3390 4165; x_wconf 77' lang='grc' dir='ltr'><strong>καὶ</strong></span> <span class='ocrx_word' id='word_1_723' title='bbox 3415 4112 3532 4166; x_wconf 80' lang='grc' dir='ltr'><strong>ἐστι</strong></span> <span class='ocrx_word' id='word_1_724' title='bbox 3565 4115 3757 4179; x_wconf 77' lang='grc' dir='ltr'><strong>ἁπλῶς</strong></span> 
     </span>
    </p>
   </div>
   <div class='ocr_carea' id='block_1_98' title="bbox 2170 4191 3754 4276">
    <p class='ocr_par' dir='ltr' id='par_1_98' title="bbox 2170 4191 3754 4276">
     <span class='ocr_line' id='line_1_98' title="bbox 2170 4191 3754 4276; baseline 0.009 -30"><span class='ocrx_word' id='word_1_725' title='bbox 2170 4191 2252 4256; x_wconf 81' lang='grc' dir='ltr'><strong>ὃν,</strong></span> <span class='ocrx_word' id='word_1_726' title='bbox 2284 4191 2408 4247; x_wconf 83' lang='grc' dir='ltr'><strong>οὐτε</strong></span> <span class='ocrx_word' id='word_1_727' title='bbox 2443 4193 2499 4248; x_wconf 88' lang='grc' dir='ltr'><strong>δὲ</strong></span> <span class='ocrx_word' id='word_1_728' title='bbox 2543 4195 2722 4261; x_wconf 86' lang='grc' dir='ltr'><strong>πίτυς,</strong></span> <span class='ocrx_word' id='word_1_729' title='bbox 2751 4195 2879 4250; x_wconf 80' lang='grc' dir='ltr'><strong>οὐτε</strong></span> <span class='ocrx_word' id='word_1_730' title='bbox 2921 4198 3108 4269; x_wconf 77' lang='grc' dir='ltr'><strong>ἕτερόν</strong></span> <span class='ocrx_word' id='word_1_731' title='bbox 3141 4217 3193 4253; x_wconf 93' lang='grc' dir='ltr'><strong>τι</strong></span> <span class='ocrx_word' id='word_1_732' title='bbox 3223 4195 3362 4264; x_wconf 81' lang='grc' dir='ltr'><strong>εἶδος</strong></span> <span class='ocrx_word' id='word_1_733' title='bbox 3383 4218 3395 4232; x_wconf 91' lang='grc'><strong>·</strong></span> <span class='ocrx_word' id='word_1_734' title='bbox 3424 4203 3570 4275; x_wconf 79' lang='grc' dir='ltr'><strong>πλὴν</strong></span> <span class='ocrx_word' id='word_1_735' title='bbox 3597 4207 3646 4259; x_wconf 84' lang='grc' dir='ltr'><strong>εί</strong></span> <span class='ocrx_word' id='word_1_736' title='bbox 3678 4206 3754 4276; x_wconf 81' lang='grc' dir='ltr'><strong>μὴ</strong></span> 
     </span>
    </p>
   </div>
   <div class='ocr_carea' id='block_1_99' title="bbox 2171 4286 3757 4364">
    <p class='ocr_par' dir='ltr' id='par_1_99' title="bbox 2171 4286 3757 4364">
     <span class='ocr_line' id='line_1_99' title="bbox 2171 4286 3757 4364; baseline 0.006 -24"><span class='ocrx_word' id='word_1_737' title='bbox 2171 4287 2265 4340; x_wconf 74' lang='grc' dir='ltr'><strong>καὶ</strong></span> <span class='ocrx_word' id='word_1_738' title='bbox 2297 4286 2442 4360; x_wconf 79' lang='grc' dir='ltr'><strong>ἄλλῳ</strong></span> <span class='ocrx_word' id='word_1_739' title='bbox 2470 4289 2792 4362; x_wconf 84' lang='grc' dir='ltr'><strong>γενννήτορι</strong></span> <span class='ocrx_word' id='word_1_740' title='bbox 2820 4290 2963 4344; x_wconf 77' lang='grc' dir='ltr'><strong>κατὰ</strong></span> <span class='ocrx_word' id='word_1_741' title='bbox 3002 4291 3322 4364; x_wconf 82' lang='grc' dir='ltr'><strong>προαίρεσιν</strong></span> <span class='ocrx_word' id='word_1_742' title='bbox 3340 4292 3589 4348; x_wconf 82' lang='grc' dir='ltr'><strong>τίκτοντι</strong></span> <span class='ocrx_word' id='word_1_743' title='bbox 3621 4297 3757 4349; x_wconf 83' lang='grc' dir='ltr'><strong>ὑπο-</strong></span> 
     </span>
    </p>
   </div>
   <div class='ocr_carea' id='block_1_100' title="bbox 2171 4375 3756 4458">
    <p class='ocr_par' dir='ltr' id='par_1_100' title="bbox 2171 4375 3756 4458">
     <span class='ocr_line' id='line_1_100' title="bbox 2171 4375 3756 4458; baseline 0.006 -26"><span class='ocrx_word' id='word_1_744' title='bbox 2171 4379 2345 4453; x_wconf 78' lang='grc' dir='ltr'><strong>ϐληθῇ</strong></span> <span class='ocrx_word' id='word_1_745' title='bbox 2395 4380 2476 4446; x_wconf 87' lang='grc' dir='ltr'><strong>είς</strong></span> <span class='ocrx_word' id='word_1_746' title='bbox 2521 4380 2774 4454; x_wconf 87' lang='grc' dir='ltr'><strong>γέννησίν</strong></span> <span class='ocrx_word' id='word_1_747' title='bbox 2822 4398 2978 4435; x_wconf 75' lang='grc' dir='ltr'><strong>τιναο</strong></span> <span class='ocrx_word' id='word_1_748' title='bbox 3006 4375 3081 4437; x_wconf 81' lang='grc' dir='ltr'><strong>ὧν</strong></span> <span class='ocrx_word' id='word_1_749' title='bbox 3110 4381 3164 4436; x_wconf 90' lang='grc' dir='ltr'><strong>τί</strong></span> <span class='ocrx_word' id='word_1_750' title='bbox 3215 4383 3419 4456; x_wconf 83' lang='grc' dir='ltr'><strong>μᾶλλον</strong></span> <span class='ocrx_word' id='word_1_751' title='bbox 3467 4387 3756 4458; x_wconf 79' lang='grc' dir='ltr'><strong>ἠλιθιώτε-</strong></span> 
     </span>
    </p>
   </div>
   <div class='ocr_carea' id='block_1_101' title="bbox 2175 4487 2300 4540">
    <p class='ocr_par' dir='ltr' id='par_1_101' title="bbox 2175 4487 2300 4540">
     <span class='ocr_line' id='line_1_101' title="bbox 2175 4487 2300 4540; baseline 0 0"><span class='ocrx_word' id='word_1_752' title='bbox 2175 4487 2265 4540; x_wconf 81' lang='grc' dir='ltr'><strong>Ρον</strong></span> <span class='ocrx_word' id='word_1_753' title='bbox 2284 4488 2300 4540; x_wconf 78' lang='lat' dir='ltr'><strong>i</strong></span> 
     </span>
    </p>
   </div>
   <div class='ocr_carea' id='block_1_102' title="bbox 2755 4603 3174 4662">
    <p class='ocr_par' dir='ltr' id='par_1_102' title="bbox 2755 4603 3174 4662">
     <span class='ocr_line' id='line_1_102' title="bbox 2755 4603 3174 4662; baseline 0.014 -6"><span class='ocrx_word' id='word_1_754' title='bbox 2755 4603 3009 4661; x_wconf 80' lang='grc' dir='ltr'><strong>ΚΕΦΑΛ.</strong></span> <span class='ocrx_word' id='word_1_755' title='bbox 3044 4607 3174 4662; x_wconf 82' lang='lat' dir='ltr'><strong>KZ&#39;.</strong></span> 
     </span>
    </p>
   </div>
   <div class='ocr_carea' id='block_1_103' title="bbox 2241 4710 3751 4793">
    <p class='ocr_par' dir='ltr' id='par_1_103' title="bbox 2241 4710 3751 4793">
     <span class='ocr_line' id='line_1_103' title="bbox 2241 4710 3751 4793; baseline 0.009 -29"><span class='ocrx_word' id='word_1_756' title='bbox 2241 4710 2307 4765; x_wconf 87' lang='grc' dir='ltr'><strong>Εί</strong></span> <span class='ocrx_word' id='word_1_757' title='bbox 2342 4712 2604 4784; x_wconf 78' lang='grc' dir='ltr'><strong>ἐγεννήθη</strong></span> <span class='ocrx_word' id='word_1_758' title='bbox 2634 4714 2664 4768; x_wconf 97' lang='lat'><strong>6</strong></span> <span class='ocrx_word' id='word_1_759' title='bbox 2704 4714 2838 4779; x_wconf 88' lang='grc' dir='ltr'><strong>Θεὸς</strong></span> <span class='ocrx_word' id='word_1_760' title='bbox 2865 4717 3041 4786; x_wconf 91' lang='grc' dir='ltr'><strong>Λόγος</strong></span> <span class='ocrx_word' id='word_1_761' title='bbox 3068 4720 3277 4790; x_wconf 83' lang='grc' dir='ltr'><strong>κυρίως</strong></span> <span class='ocrx_word' id='word_1_762' title='bbox 3305 4720 3405 4776; x_wconf 74' lang='grc' dir='ltr'><strong>καὶ</strong></span> <span class='ocrx_word' id='word_1_763' title='bbox 3436 4721 3583 4776; x_wconf 79' lang='grc' dir='ltr'><strong>κατὰ</strong></span> <span class='ocrx_word' id='word_1_764' title='bbox 3618 4721 3751 4793; x_wconf 64' lang='lat' dir='ltr'><strong>dli}-</strong></span> 
     </span>
    </p>
   </div>
   <div class='ocr_carea' id='block_1_104' title="bbox 2171 4801 3755 4886">
    <p class='ocr_par' dir='ltr' id='par_1_104' title="bbox 2171 4801 3755 4886">
     <span class='ocr_line' id='line_1_104' title="bbox 2171 4801 3755 4886; baseline 0.007 -30"><span class='ocrx_word' id='word_1_765' title='bbox 2171 4801 2324 4856; x_wconf 89' lang='grc' dir='ltr'><strong>θειαν</strong></span> <span class='ocrx_word' id='word_1_766' title='bbox 2365 4805 2431 4856; x_wconf 81' lang='grc' dir='ltr'><strong>ὲκ</strong></span> <span class='ocrx_word' id='word_1_767' title='bbox 2469 4803 2566 4858; x_wconf 83' lang='grc' dir='ltr'><strong>τοῦ</strong></span> <span class='ocrx_word' id='word_1_768' title='bbox 2615 4807 2851 4879; x_wconf 85' lang='grc' dir='ltr'><strong>Πατρὸς,</strong></span> <span class='ocrx_word' id='word_1_769' title='bbox 2881 4811 2979 4864; x_wconf 49' lang='grc' dir='ltr'><strong>καὶ⁵</strong></span> <span class='ocrx_word' id='word_1_770' title='bbox 3020 4809 3169 4867; x_wconf 78' lang='grc' dir='ltr'><strong>ἐστιν</strong></span> <span class='ocrx_word' id='word_1_771' title='bbox 3222 4814 3408 4884; x_wconf 82' lang='grc' dir='ltr'><strong>ὅμοιος</strong></span> <span class='ocrx_word' id='word_1_772' title='bbox 3442 4814 3596 4886; x_wconf 84' lang='grc' dir='ltr'><strong>αὑτῷ</strong></span> <span class='ocrx_word' id='word_1_773' title='bbox 3629 4814 3755 4869; x_wconf 83' lang='grc' dir='ltr'><strong>κατ’</strong></span> 
     </span>
    </p>
   </div>
   <div class='ocr_carea' id='block_1_105' title="bbox 2167 4894 3751 4982">
    <p class='ocr_par' dir='ltr' id='par_1_105' title="bbox 2167 4894 3751 4982">
     <span class='ocr_line' id='line_1_105' title="bbox 2167 4894 3751 4982; baseline 0.009 -35"><span class='ocrx_word' id='word_1_774' title='bbox 2167 4894 2384 4948; x_wconf 86' lang='grc' dir='ltr'><strong>οὐσίαν·</strong></span> <span class='ocrx_word' id='word_1_775' title='bbox 2413 4897 2510 4950; x_wconf 76' lang='grc' dir='ltr'><strong>καὶ</strong></span> <span class='ocrx_word' id='word_1_776' title='bbox 2541 4899 2590 4982; x_wconf 85' lang='grc' dir='ltr'><strong>εί</strong></span> <span class='ocrx_word' id='word_1_777' title='bbox 2623 4899 2888 4973; x_wconf 72' lang='grc' dir='ltr'><strong>ἐγεννήθη</strong></span> <span class='ocrx_word' id='word_1_778' title='bbox 2921 4905 2950 4958; x_wconf 92' lang='grc' dir='ltr'><strong>ό</strong></span> <span class='ocrx_word' id='word_1_779' title='bbox 2982 4904 3146 4969; x_wconf 86' lang='grc' dir='ltr'><strong>αὐτὸς</strong></span> <span class='ocrx_word' id='word_1_780' title='bbox 3176 4905 3242 4958; x_wconf 84' lang='grc' dir='ltr'><strong>ὲκ</strong></span> <span class='ocrx_word' id='word_1_781' title='bbox 3287 4906 3497 4978; x_wconf 84' lang='grc' dir='ltr'><strong>μητρὸς</strong></span> <span class='ocrx_word' id='word_1_782' title='bbox 3541 4908 3751 4978; x_wconf 82' lang='grc' dir='ltr'><strong>κυρίως</strong></span> 
     </span>
    </p>
   </div>
   <div class='ocr_carea' id='block_1_106' title="bbox 2169 4985 3750 5066">
    <p class='ocr_par' dir='ltr' id='par_1_106' title="bbox 2169 4985 3750 5066">
     <span class='ocr_line' id='line_1_106' title="bbox 2169 4985 3750 5066; baseline 0.009 -30"><span class='ocrx_word' id='word_1_783' title='bbox 2169 4985 2264 5038; x_wconf 64' lang='grc' dir='ltr'><strong>καὶ⁵</strong></span> <span class='ocrx_word' id='word_1_784' title='bbox 2294 4985 2441 5038; x_wconf 85' lang='grc' dir='ltr'><strong>κατὰ</strong></span> <span class='ocrx_word' id='word_1_785' title='bbox 2462 4986 2744 5057; x_wconf 82' lang='grc' dir='ltr'><strong>ἀλήθειαν,</strong></span> <span class='ocrx_word' id='word_1_786' title='bbox 2771 4993 2868 5046; x_wconf 75' lang='grc' dir='ltr'><strong>καὶ</strong></span> <span class='ocrx_word' id='word_1_787' title='bbox 2898 4992 3013 5047; x_wconf 77' lang='grc' dir='ltr'><strong>ἔστι</strong></span> <span class='ocrx_word' id='word_1_788' title='bbox 3053 4994 3193 5065; x_wconf 85' lang='grc' dir='ltr'><strong>αὐτη</strong></span> <span class='ocrx_word' id='word_1_789' title='bbox 3226 4996 3482 5066; x_wconf 86' lang='grc' dir='ltr'><strong>ἀνόμοιος</strong></span> <span class='ocrx_word' id='word_1_790' title='bbox 3505 4998 3630 5050; x_wconf 87' lang='grc' dir='ltr'><strong>κατ’</strong></span> <span class='ocrx_word' id='word_1_791' title='bbox 3655 4999 3750 5052; x_wconf 90' lang='grc' dir='ltr'><strong>οὐ-</strong></span> 
     </span>
    </p>
   </div>
   <div class='ocr_carea' id='block_1_107' title="bbox 2167 5077 3749 5161">
    <p class='ocr_par' dir='ltr' id='par_1_107' title="bbox 2167 5077 3749 5161">
     <span class='ocr_line' id='line_1_107' title="bbox 2167 5077 3749 5161; baseline 0.008 -29"><span class='ocrx_word' id='word_1_792' title='bbox 2167 5077 2313 5146; x_wconf 87' lang='grc' dir='ltr'><strong>σίαν,</strong></span> <span class='ocrx_word' id='word_1_793' title='bbox 2341 5079 2492 5134; x_wconf 83' lang='grc' dir='ltr'><strong>οὐδὲν</strong></span> <span class='ocrx_word' id='word_1_794' title='bbox 2521 5080 2768 5154; x_wconf 81' lang='grc' dir='ltr'><strong>διαφέρει</strong></span> <span class='ocrx_word' id='word_1_795' title='bbox 2790 5085 2895 5139; x_wconf 88' lang='grc' dir='ltr'><strong>ὑπὸ</strong></span> <span class='ocrx_word' id='word_1_796' title='bbox 2924 5087 3123 5157; x_wconf 83' lang='grc' dir='ltr'><strong>όμοίων</strong></span> <span class='ocrx_word' id='word_1_797' title='bbox 3138 5087 3280 5160; x_wconf 81' lang='grc' dir='ltr'><strong>[κατ’</strong></span> <span class='ocrx_word' id='word_1_798' title='bbox 3297 5087 3381 5159; x_wconf 82' lang='grc' dir='ltr'><strong>οὐ]</strong></span> <span class='ocrx_word' id='word_1_799' title='bbox 3408 5089 3440 5161; x_wconf 84' lang='grc' dir='ltr'>ἢ</span> <span class='ocrx_word' id='word_1_800' title='bbox 3477 5090 3749 5161; x_wconf 69' lang='grc' dir='ltr'><strong>ἀνομοίων</strong></span> 
     </span>
    </p>
   </div>
   <div class='ocr_carea' id='block_1_108' title="bbox 2165 5173 3750 5254">
    <p class='ocr_par' dir='ltr' id='par_1_108' title="bbox 2165 5173 3750 5254">
     <span class='ocr_line' id='line_1_108' title="bbox 2165 5173 3750 5254; baseline 0.008 -30"><span class='ocrx_word' id='word_1_801' title='bbox 2165 5173 2479 5240; x_wconf 73' lang='grc' dir='ltr'><strong>γεννᾶσθαι.</strong></span> <span class='ocrx_word' id='word_1_802' title='bbox 2517 5175 2580 5227; x_wconf 85' lang='grc' dir='ltr'><strong>Εί</strong></span> <span class='ocrx_word' id='word_1_803' title='bbox 2611 5175 2669 5229; x_wconf 78' lang='grc' dir='ltr'><strong>δὲ</strong></span> <span class='ocrx_word' id='word_1_804' title='bbox 2699 5178 2876 5243; x_wconf 84' lang='grc' dir='ltr'><strong>τοῦτο,</strong></span> <span class='ocrx_word' id='word_1_805' title='bbox 2904 5179 3025 5233; x_wconf 80' lang='grc' dir='ltr'><strong>οὐδὲ</strong></span> <span class='ocrx_word' id='word_1_806' title='bbox 3081 5182 3150 5234; x_wconf 71' lang='grc' dir='ltr'><strong>τὰ</strong></span> <span class='ocrx_word' id='word_1_807' title='bbox 3197 5181 3429 5251; x_wconf 79' lang='grc' dir='ltr'><strong>ἀνόμοια</strong></span> <span class='ocrx_word' id='word_1_808' title='bbox 3467 5182 3750 5254; x_wconf 75' lang='grc' dir='ltr'><strong>διενεχθή-</strong></span> 
     </span>
    </p>
   </div>
   <div class='ocr_carea' id='block_1_109' title="bbox 2168 5265 3741 5348">
    <p class='ocr_par' dir='ltr' id='par_1_109' title="bbox 2168 5265 3741 5348">
     <span class='ocr_line' id='line_1_109' title="bbox 2168 5265 3741 5348; baseline 0.007 -32"><span class='ocrx_word' id='word_1_809' title='bbox 2168 5280 2321 5317; x_wconf 85' lang='grc' dir='ltr'><strong>σεται</strong></span> <span class='ocrx_word' id='word_1_810' title='bbox 2358 5265 2498 5332; x_wconf 84' lang='grc' dir='ltr'><strong>πρὸς</strong></span> <span class='ocrx_word' id='word_1_811' title='bbox 2527 5267 2731 5337; x_wconf 73' lang='grc' dir='ltr'><strong>ἄλληλα</strong></span> <span class='ocrx_word' id='word_1_812' title='bbox 2779 5271 2900 5324; x_wconf 87' lang='grc' dir='ltr'><strong>κατ’</strong></span> <span class='ocrx_word' id='word_1_813' title='bbox 2923 5271 3114 5325; x_wconf 89' lang='grc' dir='ltr'><strong>οὐσίαν</strong></span> <span class='ocrx_word' id='word_1_814' title='bbox 3133 5289 3147 5306; x_wconf 81' lang='grc' dir='ltr'><strong><em>ο</em></strong></span> <span class='ocrx_word' id='word_1_815' title='bbox 3183 5273 3536 5344; x_wconf 78' lang='grc' dir='ltr'><strong>ἐνδεχόμενον</strong></span> <span class='ocrx_word' id='word_1_816' title='bbox 3560 5276 3620 5329; x_wconf 82' lang='grc' dir='ltr'>δὲ</span> <span class='ocrx_word' id='word_1_817' title='bbox 3649 5271 3741 5348; x_wconf 80' lang='grc' dir='ltr'><strong>ἦν,</strong></span> 
     </span>
    </p>
   </div>
   <div class='ocr_carea' id='block_1_110' title="bbox 2165 5357 3749 5438">
    <p class='ocr_par' dir='ltr' id='par_1_110' title="bbox 2165 5357 3749 5438">
     <span class='ocr_line' id='line_1_110' title="bbox 2165 5357 3749 5438; baseline 0.006 -27"><span class='ocrx_word' id='word_1_818' title='bbox 2165 5357 2264 5412; x_wconf 80' lang='grc' dir='ltr'><strong>καὶ</strong></span> <span class='ocrx_word' id='word_1_819' title='bbox 2299 5357 2391 5411; x_wconf 90' lang='grc' dir='ltr'><strong>τὸν</strong></span> <span class='ocrx_word' id='word_1_820' title='bbox 2434 5359 2569 5414; x_wconf 88' lang='grc' dir='ltr'><strong>Θεὸν</strong></span> <span class='ocrx_word' id='word_1_821' title='bbox 2593 5361 2768 5430; x_wconf 87' lang='grc' dir='ltr'><strong>Λόγον</strong></span> <span class='ocrx_word' id='word_1_822' title='bbox 2807 5364 2873 5416; x_wconf 82' lang='grc' dir='ltr'><strong>ἐκ</strong></span> <span class='ocrx_word' id='word_1_823' title='bbox 2896 5363 2992 5417; x_wconf 83' lang='grc' dir='ltr'><strong>τοῦ</strong></span> <span class='ocrx_word' id='word_1_824' title='bbox 3029 5364 3244 5436; x_wconf 88' lang='grc' dir='ltr'><strong>Πατρὸς</strong></span> <span class='ocrx_word' id='word_1_825' title='bbox 3282 5367 3428 5420; x_wconf 76' lang='grc' dir='ltr'><strong>κατὰ</strong></span> <span class='ocrx_word' id='word_1_826' title='bbox 3484 5368 3749 5438; x_wconf 79' lang='grc' dir='ltr'><strong>ἀλήθειαν</strong></span> 
     </span>
    </p>
   </div>
   <div class='ocr_carea' id='block_1_111' title="bbox 2166 5448 3748 5529">
    <p class='ocr_par' dir='ltr' id='par_1_111' title="bbox 2166 5448 3748 5529">
     <span class='ocr_line' id='line_1_111' title="bbox 2166 5448 3748 5529; baseline 0.006 -27"><span class='ocrx_word' id='word_1_827' title='bbox 2166 5450 2520 5520; x_wconf 84' lang='grc' dir='ltr'><strong>γεννηθέντα,</strong></span> <span class='ocrx_word' id='word_1_828' title='bbox 2552 5448 2692 5508; x_wconf 78' lang='grc' dir='ltr'><strong>εἶναι</strong></span> <span class='ocrx_word' id='word_1_829' title='bbox 2727 5453 2878 5526; x_wconf 85' lang='grc' dir='ltr'><strong>αὑτῷ</strong></span> <span class='ocrx_word' id='word_1_830' title='bbox 2902 5454 3024 5510; x_wconf 82' lang='grc' dir='ltr'><strong>κατ’</strong></span> <span class='ocrx_word' id='word_1_831' title='bbox 3046 5455 3236 5511; x_wconf 90' lang='grc' dir='ltr'><strong>οὐσίαν</strong></span> <span class='ocrx_word' id='word_1_832' title='bbox 3277 5457 3564 5529; x_wconf 74' lang='grc' dir='ltr'><strong>ἀνόμοιονο</strong></span> <span class='ocrx_word' id='word_1_833' title='bbox 3612 5459 3748 5514; x_wconf 76' lang='grc' dir='ltr'><strong>ἀλλὰ</strong></span> 
     </span>
    </p>
   </div>
   <div class='ocr_carea' id='block_1_112' title="bbox 2169 5543 3746 5618">
    <p class='ocr_par' dir='ltr' id='par_1_112' title="bbox 2169 5543 3746 5618">
     <span class='ocr_line' id='line_1_112' title="bbox 2169 5543 3746 5618; baseline 0.004 -19"><span class='ocrx_word' id='word_1_834' title='bbox 2169 5543 2347 5599; x_wconf 82' lang='grc' dir='ltr'><strong>πάντα</strong></span> <span class='ocrx_word' id='word_1_835' title='bbox 2366 5545 2602 5600; x_wconf 80' lang='grc' dir='ltr'><strong>ἀδύνατα</strong></span> <span class='ocrx_word' id='word_1_836' title='bbox 2625 5548 2719 5601; x_wconf 73' lang='grc' dir='ltr'><strong>καὶ</strong></span> <span class='ocrx_word' id='word_1_837' title='bbox 2746 5548 2846 5618; x_wconf 84' lang='grc' dir='ltr'><strong>τῆς</strong></span> <span class='ocrx_word' id='word_1_838' title='bbox 2876 5548 3187 5612; x_wconf 79' lang='grc' dir='ltr'><strong>ὑποθέσεως</strong></span> <span class='ocrx_word' id='word_1_839' title='bbox 3208 5549 3390 5604; x_wconf 79' lang='grc' dir='ltr'><strong>αὐτῶν</strong></span> <span class='ocrx_word' id='word_1_840' title='bbox 3411 5551 3564 5617; x_wconf 74' lang='grc' dir='ltr'><strong>ἄξια.</strong></span> <span class='ocrx_word' id='word_1_841' title='bbox 3593 5551 3746 5604; x_wconf 83' lang='grc' dir='ltr'><strong>Ἐτα-</strong></span> 
     </span>
    </p>
   </div>
   <div class='ocr_carea' id='block_1_113' title="bbox 2169 5635 3746 5714">
    <p class='ocr_par' dir='ltr' id='par_1_113' title="bbox 2169 5635 3746 5714">
     <span class='ocr_line' id='line_1_113' title="bbox 2169 5635 3746 5714; baseline 0.004 -25"><span class='ocrx_word' id='word_1_842' title='bbox 2169 5635 2472 5708; x_wconf 84' lang='grc' dir='ltr'><strong>ράχθησαν,</strong></span> <span class='ocrx_word' id='word_1_843' title='bbox 2504 5637 2876 5709; x_wconf 83' lang='grc' dir='ltr'><strong>ὲσαλεύθησαν</strong></span> <span class='ocrx_word' id='word_1_844' title='bbox 2925 5640 3000 5704; x_wconf 83' lang='grc' dir='ltr'><strong>ὡς</strong></span> <span class='ocrx_word' id='word_1_845' title='bbox 3051 5642 3080 5694; x_wconf 89' lang='grc' dir='ltr'><strong>ό</strong></span> <span class='ocrx_word' id='word_1_846' title='bbox 3123 5641 3358 5713; x_wconf 78' lang='grc' dir='ltr'><strong>μεθύων,</strong></span> <span class='ocrx_word' id='word_1_847' title='bbox 3388 5643 3484 5696; x_wconf 75' lang='grc' dir='ltr'><strong>καὶ</strong></span> <span class='ocrx_word' id='word_1_848' title='bbox 3527 5645 3684 5696; x_wconf 72' lang='grc' dir='ltr'><strong>πᾶσα</strong></span> <span class='ocrx_word' id='word_1_849' title='bbox 3711 5645 3746 5714; x_wconf 80' lang='grc' dir='ltr'>ἡ</span> 
     </span>
    </p>
   </div>
   <div class='ocr_carea' id='block_1_114' title="bbox 2169 5729 3748 5802">
    <p class='ocr_par' dir='ltr' id='par_1_114' title="bbox 2169 5729 3748 5802">
     <span class='ocr_line' id='line_1_114' title="bbox 2169 5729 3748 5802; baseline 0.003 -20"><span class='ocrx_word' id='word_1_850' title='bbox 2169 5730 2333 5798; x_wconf 81' lang='grc' dir='ltr'><strong>σοφία</strong></span> <span class='ocrx_word' id='word_1_851' title='bbox 2361 5730 2540 5784; x_wconf 85' lang='grc' dir='ltr'><strong>αὐτῶν</strong></span> <span class='ocrx_word' id='word_1_852' title='bbox 2568 5730 2874 5801; x_wconf 84' lang='grc' dir='ltr'><strong>κατεπόθη·</strong></span> <span class='ocrx_word' id='word_1_853' title='bbox 2906 5729 3079 5785; x_wconf 82' lang='grc' dir='ltr'><strong>ταῦτα</strong></span> <span class='ocrx_word' id='word_1_854' title='bbox 3125 5732 3400 5802; x_wconf 87' lang='grc' dir='ltr'><strong>εὐκαίρως</strong></span> <span class='ocrx_word' id='word_1_855' title='bbox 3448 5732 3585 5802; x_wconf 88' lang='grc' dir='ltr'><strong>ὑμῖν</strong></span> <span class='ocrx_word' id='word_1_856' title='bbox 3648 5734 3748 5788; x_wconf 84' lang='grc' dir='ltr'><strong>ὲπ-</strong></span> 
     </span>
    </p>
   </div>
   <div class='ocr_carea' id='block_1_115' title="bbox 2169 5821 3748 5895">
    <p class='ocr_par' dir='ltr' id='par_1_115' title="bbox 2169 5821 3748 5895">
     <span class='ocr_line' id='line_1_115' title="bbox 2169 5821 3748 5895; baseline 0.002 -21"><span class='ocrx_word' id='word_1_857' title='bbox 2169 5821 2356 5894; x_wconf 81' lang='grc' dir='ltr'><strong>ᾁδεται</strong></span> <span class='ocrx_word' id='word_1_858' title='bbox 2384 5823 2519 5894; x_wconf 85' lang='grc' dir='ltr'><strong>παρ’</strong></span> <span class='ocrx_word' id='word_1_859' title='bbox 2549 5822 2729 5894; x_wconf 80' lang='grc' dir='ltr'><strong>ἡμῶν,</strong></span> <span class='ocrx_word' id='word_1_860' title='bbox 2752 5824 2853 5895; x_wconf 79' lang='grc' dir='ltr'><strong>τῆς</strong></span> <span class='ocrx_word' id='word_1_861' title='bbox 2879 5824 3030 5888; x_wconf 87' lang='grc' dir='ltr'><strong>θείας</strong></span> <span class='ocrx_word' id='word_1_862' title='bbox 3055 5825 3338 5894; x_wconf 85' lang='grc' dir='ltr'><strong>δυνάμεως</strong></span> <span class='ocrx_word' id='word_1_863' title='bbox 3360 5825 3748 5892; x_wconf 65' lang='grc' dir='ltr'><strong>ὲπιδεικνὺσης</strong></span> 
     </span>
    </p>
   </div>
   <div class='ocr_carea' id='block_1_116' title="bbox 2173 5913 3749 5989">
    <p class='ocr_par' dir='ltr' id='par_1_116' title="bbox 2173 5913 3749 5989">
     <span class='ocr_line' id='line_1_116' title="bbox 2173 5913 3749 5989; baseline 0.001 -21"><span class='ocrx_word' id='word_1_864' title='bbox 2173 5913 2266 5969; x_wconf 70' lang='grc' dir='ltr'><strong>καὶ</strong></span> <span class='ocrx_word' id='word_1_865' title='bbox 2285 5915 2364 5980; x_wconf 86' lang='grc' dir='ltr'><strong>είς</strong></span> <span class='ocrx_word' id='word_1_866' title='bbox 2387 5913 2531 5986; x_wconf 81' lang='grc' dir='ltr'><strong>ὑμᾶς</strong></span> <span class='ocrx_word' id='word_1_867' title='bbox 2561 5913 2620 5970; x_wconf 85' lang='grc' dir='ltr'><strong>τὸ</strong></span> <span class='ocrx_word' id='word_1_868' title='bbox 2646 5915 2976 5988; x_wconf 83' lang='grc' dir='ltr'><strong>δραστήριον</strong></span> <span class='ocrx_word' id='word_1_869' title='bbox 2997 5917 3098 5989; x_wconf 88' lang='grc' dir='ltr'><strong>τῆς</strong></span> <span class='ocrx_word' id='word_1_870' title='bbox 3125 5915 3296 5971; x_wconf 77' lang='grc' dir='ltr'><strong>πάλαι</strong></span> <span class='ocrx_word' id='word_1_871' title='bbox 3323 5915 3608 5987; x_wconf 78' lang='grc' dir='ltr'><strong>ἐπιτιμίας</strong></span> <span class='ocrx_word' id='word_1_872' title='bbox 3641 5917 3749 5970; x_wconf 85' lang='grc' dir='ltr'><strong>τῶν</strong></span> 
     </span>
    </p>
   </div>
  </div>
