4042 6544
350 459 482 522 1693

1291 468 1686 530 ADVERSUS
1718 462 2269 532 NESTORIANOS.
2303 497 2373 507 -
2393 472 2543 533 LIB.
2583 472 2681 534 IV.

3461 423 3599 537 169i

343 570 465 622 καθ’
499 566 646 635 ὑμᾶς
668 566 769 638 τὴν
798 566 1068 640 θεομάχον
1093 571 1347 643 πρόθεσιν
1379 575 1674 646 ἀραμένων
1701 578 1796 631 καὶ
1820 576 1918 647 τὴν

2041 580 2261 648 ιηῑὶιιυω
2294 580 2773 636 condemnationis
2798 594 2993 635 eorum
3027 581 3123 652 qui
3156 583 3463 638 secundum
3502 602 3601 639 vos

341 662 401 714 ἐν
416 660 694 715 Βαϐυλῶνι
725 663 1087 732 πυργοποιίαν
1111 668 1555 738 συστησαμένων·
1580 669 1772 723 «Δεῦτε
1790 669 1920 740 γὰρ,

342 754 478 822 φησί⁸
529 754 624 806 καὶ
650 753 773 806 τότε
798 754 928 825 περὶ
958 757 1201 822 ἐκείνων,
1234 760 1577 825 καταϐάντες
1604 762 1923 833 συγχὲωμεν

341 845 523 898 αὐτῶν
547 844 648 910 τὰς
673 845 944 915 γλώσσας.
972 866 990 900 ι
1031 848 1313 904 Ἐντεῦθεν
1354 849 1451 907 οὖν
1474 854 1643 918 ὅντως
1674 856 1769 909 καὶ
1792 856 1924 925 ὑμῖν

340 937 391 989 οἰ
433 937 550 991 νυνὶ
575 939 919 1011 πεφυρμένοι
943 957 1003 993 τε
1031 941 1128 995 καὶ
1156 944 1474 1016 σκινδαλμοὶ
1507 947 1601 1000 καὶ
1629 946 1923 1017 ἐπάλληλοι

343 1029 669 1099 ραψολογίαι
720 1032 826 1084 εἰσὶ
849 1032 949 1100 τῆς
977 1032 1240 1099 ἀσεϐείας
1266 1037 1366 1105 τὴν
1397 1038 1662 1108 αἰσχύνην
1689 1038 1923 1111 ἐπικρύ-

340 1138 497 1174 πτειν
522 1123 939 1193 μηχανώμεναι.
981 1124 1263 1197 πρὼτιστα
1289 1129 1389 1199 μὲν
1423 1126 1517 1183 οὖν
1540 1129 1779 1201 γνῶμεν,
1806 1133 1840 1202 ή
1866 1132 1925 1197 ἐξ

340 1215 549 1283 ὁμοίων
583 1214 615 1287 ἢ
641 1216 915 1285 ἀνομοίων
947 1220 1223 1289 γέννησις,
1257 1221 1375 1284 πῶς
1398 1221 1614 1290 λέγεται
1641 1223 1802 1292 ὐμίν;
1827 1224 1926 1293 τῆς

341 1308 660 1377 ὁμοιότητος
680 1349 695 1372 ,
732 1307 766 1379 ἢ
817 1311 1238 1383 ἀνομοιότητος;
1270 1314 1409 1385 πρὸς
1440 1316 1509 1368 τὰ
1538 1315 1791 1369 τίκτοντα
1816 1316 1926 1369 τῶν

342 1397 701 1468 τικτομένων,
732 1400 851 1463 πῶς
881 1404 1209 1473 νοουμένηςς
1237 1404 1298 1456 οὑ
1324 1405 1433 1475 γὰρ
1460 1404 1525 1477 δὴ
1560 1406 1623 1460 τὺ
1672 1407 1747 1479 μή
1793 1406 1928 1461 ὁπο-

345 1490 477 1543 στὰν
528 1491 621 1544 καὶ
657 1486 797 1545 εἶναι
848 1492 1165 1564 λεγόμενον,
1227 1495 1288 1560 ἐξ
1326 1496 1529 1566 ὁμοίων
1574 1498 1607 1567 ἢ
1657 1498 1927 1568 ἀνομοίων

342 1581 598 1650 γέννησιν
628 1581 777 1652 ἔχειν
816 1582 1179 1653 λεχθήσεται·
1216 1588 1659 1659 μεταγενεστέρα
1680 1589 1791 1660 γὰρ
1826 1590 1927 1659 τῆς

341 1677 653 1744 γεννήσεως
680 1676 866 1740 αὐτοῖς
893 1679 925 1743 ἡ
952 1679 1210 1752 ὁμοιότης
1235 1680 1267 1749 ἢ
1299 1681 1628 1753 ἀνομοιότης
1652 1684 1795 1755 πρὸς
1827 1685 1928 1738 αὐ·

343 1768 467 1829 τοὺς
488 1768 627 1821 κατὰ
651 1768 742 1821 τδν
772 1770 971 1824 οἰκεῖον
1017 1771 1198 1839 λόγον.
1224 1774 1281 1825 Ἀ
1293 1773 1501 1842 φείσοω
1533 1774 1598 1846 δὴ
1621 1775 1774 1844 ὅμως
1798 1775 1929 1846 ὑμῖν

342 1856 534 1910 τοῦτο·
566 1858 699 1922 ἴσως
725 1860 835 1930 γὰρ
872 1862 936 1914 ἐκ
970 1862 1063 1915 τοῦ
1103 1861 1293 1925 τέλους
1335 1864 1512 1918 ταῦτα
1562 1865 1926 1935 διεγνωκότες

346 1948 626 2019 εἰρήκατε.
658 1951 724 2003 Τί
764 1951 821 2005 δὲ
843 1951 976 2019 οὒν;
1026 1953 1291 2008 ἀδύνατον
1314 1955 1408 2010 τὸν
1453 1958 1596 2011 κατὰ
1637 1959 1928 2030 διαφόρους
1962 1940 2003 1994 Β

345 2040 628 2112 γεννήσεις
657 2045 1015 2113 γεννηθέντα,
1068 2048 1163 2100 καὶ
1215 2049 1279 2101 ἐκ
1329 2048 1600 2122 διαφόρων
1639 2051 1737 2120 τὴν
1767 2051 1930 2119 φύσιν

344 2136 709 2207 γεννητόρων,
741 2136 1000 2208 διάφορον
1020 2138 1152 2193 ὅντα
1175 2143 1298 2204 ταῖς
1321 2143 1540 2211 φύσεσι,
1569 2144 1666 2196 καὶ
1689 2143 1926 2213 ἀληθῶς,

345 2226 469 2279 καθ’
492 2228 761 2299 ἑκατέραν
799 2230 1060 2299 τεχθῆναι
1096 2231 1354 2299 γέννησιν
1380 2250 1395 2299 ;
1431 2234 1529 2285 καὶ
1554 2234 1651 2287 τοῦ
1692 2234 1793 2304 μὲν
1821 2235 1931 2288 τῶν

344 2318 617 2372 τεκόντων
641 2320 826 2390 ὅμοιον
856 2321 996 2374 κατά
1019 2338 1071 2376 τι
1096 2323 1204 2375 τῶν
1244 2323 1429 2386 αὐτοῦ,
1469 2323 1564 2376 τοῦ
1592 2324 1648 2376 δὲ
1677 2325 1931 2394 ἀνόμοιον

345 2410 680 2477 δείκνυσθαι,
708 2412 797 2465 διὰ
822 2412 884 2465 τὸ
929 2413 1187 2485 διάφορον
1238 2416 1347 2468 τῶν
1384 2415 1579 2470 τούτου
1625 2419 1932 2489 γεννήσεων

347 2504 577 2556 καὶτῶν
635 2505 1051 2575 γεγεννημένων
1087 2506 1241 2559 τοῦδε
1289 2508 1520 2573 οὖσιῶν;
1553 2508 1766 2580 ἐδείχθη
1823 2508 1932 2581 γὰρ

350 2596 410 2646 ἐν
440 2598 552 2658 τοῖς
588 2596 830 2667 πρώτοις
850 2600 1004 2667 ἡμῖν,
1027 2599 1109 2651 ὅτι
1135 2599 1228 2652 καὶ
1249 2599 1313 2652 ἐκ
1338 2602 1435 2667 τῆς
1465 2601 1636 2670 αὐτῆς
1668 2600 1763 2653 καὶ⁸
1791 2600 1933 2653 κατὰ

348 2692 461 2743 πᾶν
505 2691 664 2756 γένος
702 2693 797 2746 καὶ
835 2688 975 2757 εἶδος
1015 2694 1112 2748 καὶ
1156 2694 1335 2749 πάντα
1366 2695 1600 2767 ἀριθμὸν
1637 2696 1933 2765 ἀδιαφόρου

352 2784 543 2845 οὐσίας
589 2783 744 2850 παρὰ
785 2784 878 2837 τὸν
920 2784 1178 2856 διάφορον
1206 2786 1412 2856 τρόπον
1457 2787 1561 2857 τῆς
1600 2787 1930 2857 γεννήσεως,

349 2877 516 2946 ὅμοιά
545 2894 605 2930 τε
634 2879 729 2932 καὶ
761 2877 990 2949 ἀνόμοια
1019 2879 1285 2943 πολλάκις
1313 2880 1526 2947 γίνεται
1545 2879 1615 2932 τὰ
1641 2879 1936 2948 τικτόμενα

250 3032 256 3037 ι
336 2970 489 3038 »πρὸς
516 2969 586 3024 τὰ
617 2970 899 3024 τίκτοντασ
934 2970 1133 3026 οὐκοῦν
1158 2971 1521 3044 όρθοτομοῦσι
1544 2971 1646 3041 τὴν
1678 2970 1937 3042 ἀλήθειαν

350 3063 405 3115 οἶ
451 3080 617 3131 φασιν
664 3064 748 3118 ὅτι
801 3064 1070 3135 ἐγεννήθη
1111 3065 1211 3135 μὲν
1241 3066 1268 3117 ό
1307 3066 1481 3133 Λόγος
1509 3065 1574 3117 ἐκ
1596 3063 1692 3118 τοῦ
1723 3063 1937 3135 [ἰατρὸς

352 3155 591 3227 ἀληθῶς,
624 3157 769 3210 κατὰ
790 3157 889 3228 τήν
923 3156 1062 3210 ἰδίαν
1094 3157 1151 3211 δὲ
1178 3158 1341 3227 μόνου
1370 3158 1465 3211 τοῦ
1506 3158 1718 3229 Πατρὸς
1744 3157 1939 3228 γέννη-

2028 669 2081 723 in
2114 671 2284 725 Deum
2330 673 2611 743 pugnandi
2650 674 2998 743 propositum
3050 688 3408 745 susceperant
3452 688 3503 732 et
3542 680 3598 732 in

2024 762 2301 835 Babylone
2334 764 2510 819 turris
2532 764 2955 819 aediﬁcationem
3001 767 3427 822 constituerant.
3455 768 3603 824 Dixit

2024 855 2172 909 enim
2205 856 2371 910 etiam
2406 865 2519 910 tum
2568 855 2636 911 de
2687 855 2820 926 ipsis
2857 878 2872 912 ;
2914 876 2932 907 ι
2959 858 3173 922 Venite,
3203 859 3601 915 descendentes

2024 948 2431 1003 confundamns
2478 948 2693 1019 linguas
2746 965 2961 1005 eorum.
2998 970 3016 1005 ι
3053 952 3182 1006 Inde
3234 952 3401 1023 igitur
3424 955 3602 1023 reipsa

2024 1050 2082 1096 et
2108 1041 2264 1096 vobis
2292 1056 2441 1096 nunc
2467 1050 2599 1097 sunt
2627 1051 2687 1095 et
2714 1042 2961 1098 confusae
2991 1045 3333 1099 subtilitates
3373 1054 3427 1100 et
3474 1062 3603 1100 ver-

2024 1134 2225 1189 borum
2274 1134 2556 1206 implicita
2607 1142 2816 1189 sutura:
2864 1135 2933 1189 ad
2968 1136 3270 1205 impietatis
3321 1138 3602 1192 infamiam

2028 1228 2316 1298 tegendam
2348 1236 2593 1283 structae.
2618 1228 2762 1285 Ante
2791 1230 2975 1284 omnia
3006 1245 3139 1299 ergo
3166 1231 3403 1286 sciamus
3433 1245 3603 1301 gene-

2025 1319 2170 1371 ratio
2196 1335 2264 1373 ex
2287 1318 2565 1373 similibus
2589 1328 2684 1374 aut
2705 1319 3070 1374 dissimilibus
3098 1320 3377 1388 quomodo
3401 1337 3431 1374 a
3447 1320 3606 1376 vobis

2026 1409 2278 1475 dicatur;
2316 1409 2742 1465 similitudinem
2775 1419 2871 1465 aut
2900 1410 3416 1465 dissimilitudinem
3448 1412 3604 1482 geni-

2025 1510 2210 1556 torum
2241 1502 2467 1556 relative
2504 1502 2573 1557 ad
2606 1503 2899 1573 gignentes
2939 1502 3221 1572 quomodo
3268 1501 3607 1573 intelligatis.

2025 1593 2149 1649 Non
2172 1594 2319 1648 enim
2347 1594 2493 1665 quod
2530 1612 2637 1650 non
2671 1604 2755 1652 est
2785 1596 3097 1651 subsistens
3131 1603 3186 1649 et
3222 1610 3343 1650 esse
3376 1594 3605 1661 dicitur,

2028 1700 2099 1740 ex
2130 1686 2404 1741 similibus
2428 1695 2524 1741 aut
2556 1686 2923 1742 dissimilibus
2954 1686 3366 1757 generationem
3402 1686 3607 1740 habere

2028 1776 2265 1832 dicetur.
2322 1778 2604 1834 Posterior
2663 1787 2748 1833 est
2802 1779 2951 1833 enim
2996 1778 3353 1849 generatione
3413 1793 3607 1832 eorum

2031 1868 2341 1925 similitudo
2387 1870 2474 1925 vel
2524 1869 2943 1936 dissimilitudo,
2978 1871 3134 1941 juxta
3181 1870 3467 1940 proprium
3524 1872 3609 1924 lo-

2032 1959 2237 2029 quendi
2266 1960 2511 2014 modum.
2534 1960 2885 2015 Concedatur
2911 1969 3093 2016 tamen
3117 1962 3223 2016 hoc
3242 1962 3418 2017 vobis.
3447 1963 3610 2017 Forte

2031 2052 2178 2106 enim
2202 2068 2231 2105 a
2261 2051 2369 2105 ﬁne
2398 2052 2515 2107 haec
2545 2053 2781 2107 scientes
2805 2052 3040 2109 dixistis.
3068 2052 3211 2120 Quid
3244 2069 3375 2124 ergo
3410 2055 3614 2123 impos-

2032 2143 2195 2198 sibile
2225 2153 2312 2198 est
2339 2158 2468 2197 eum
2497 2145 2589 2212 qui
2620 2144 2926 2199 secundum
2953 2143 3279 2200 differentes
3303 2145 3615 2214 generatio-

2031 2249 2134 2288 nes
2174 2235 2397 2304 genitus
2425 2244 2531 2299 est,
2564 2242 2620 2288 et
2656 2250 2723 2289 ex
2752 2236 3098 2306 genitoribus
3127 2244 3324 2291 natura
3354 2237 3617 2291 diﬁ’erenv

2034 2325 2209 2389 tibus,
2269 2325 2620 2379 diﬁerentem
2677 2327 2859 2395 ipsmn
2913 2327 3157 2394 naturis,
3208 2343 3337 2381 vere
3392 2343 3615 2397 quoque

2033 2417 2340 2473 secundum
2365 2426 2659 2487 utramque
2692 2419 3106 2488 generationem
3135 2421 3381 2490 genitum
3414 2421 3613 2483 fuisse;

2033 2516 2091 2563 et
2139 2509 2270 2564 hinc
2303 2510 2653 2579 genitoribus
2700 2511 2816 2564 suis
2848 2511 3084 2565 similem
3114 2511 3420 2565 secundum
3457 2511 3616 2581 quid,

2035 2602 2165 2657 inde
2197 2614 2379 2657 autem
2423 2602 2751 2657 dissimilem
2782 2604 3177 2669 demonstrari,
3203 2611 3430 2674 propter
3458 2604 3619 2658 αισα-

2036 2696 2271 2750 rentiam
2330 2711 2555 2751 suarum
2592 2698 3014 2766 generationum
3070 2704 3128 2751 et
3181 2696 3618 2750 substantiarum
3679 2716 3684 2721 ν

2037 2803 2263 2842 suorum
2285 2787 2643 2857 genitorum?
2675 2787 3038 2841 Monstratum
3066 2787 3213 2840 enim
3252 2802 3280 2840 a
3322 2786 3483 2840 nobis
3516 2785 3616 2840 fuit

2037 2879 2203 2934 etiam
2239 2895 2271 2933 a
2309 2878 2588 2949 principio
2617 2893 2685 2932 ex
2716 2886 2772 2932 et
2806 2877 3001 2932 eadem
3036 2876 3339 2931 substantia
3374 2892 3483 2930 non
3514 2875 3622 2930 dii-

2038 2969 2253 3025 ferente
2285 2968 2594 3023 secundum
2626 2976 2802 3022 totum
2833 2982 3010 3038 genus
3040 2974 3097 3020 et
3142 2965 3374 3019 formam
3426 2972 3482 3019 et
3520 2979 3624 3017 nu-

2040 3077 2276 3126 merum,
2320 3070 2546 3130 propter
2590 3057 2943 3114 diﬂ‘erentcm
2969 3057 3345 3129 generationis
3374 3056 3621 3115 modum.

2041 3154 2352 3224 similiaque
2378 3161 2435 3207 et
2457 3152 2748 3207 dissimilia
2774 3151 2892 3207 ﬁeri
2922 3167 3065 3221 smpe
3080 3150 3274 3220 genita
3294 3148 3524 3204 relative
3552 3147 3623 3203 ad

355 3266 440 3302 σιν
489 3247 585 3302 καὶ
625 3248 836 3312 οὐσίαν,
873 3249 970 3305 καὶ
1017 3248 1134 3302 ἔστι
1167 3250 1352 3320 ὅμοιος
1402 3249 1552 3319 αὐτῷ
1598 3250 1717 3302 κατ’
1752 3249 1940 3303 οὐσίαν

2043 3248 2345 3320 gignentia.
2372 3246 2545 3318 Igitur
2574 3254 2727 3302 recte
2762 3253 2818 3300 et
2846 3243 3157 3299 secundum
3187 3242 3477 3296 veritatem
3498 3257 3627 3295 sen-

352 3341 455 3409 τὴν
500 3340 574 3403 ὡς
625 3340 804 3408 Λόγου
852 3340 987 3393 Θεοῦ
1014 3358 1027 3371 ·
1063 3343 1326 3412 ἐγεννήθη
1375 3340 1432 3395 δὲ
1484 3343 1579 3395 καὶ
1623 3344 1688 3395 ἑκ
1718 3342 1943 3412 Μητρὸς

356 3432 592 3504 ἀληθῶς,
625 3434 766 3487 κατά
789 3434 887 3505 τὴν
928 3434 1064 3489 ἰδίαν
1116 3434 1288 3504 αὐτῆς
1321 3434 1416 3487 καὶ
1448 3435 1616 3505 μόνης
1645 3434 1942 3505 γενομένην

354 3526 512 3579 τοῦδε
540 3526 814 3594 γέννησιν,
843 3527 935 3580 καὶ
969 3528 1085 3581 ἔστι
1130 3527 1225 3581 καὶ
1256 3528 1396 3599 αύτῇ
1424 3530 1492 3597 τῇ
1530 3528 1717 3598 Μητρὶ
1746 3527 1942 3580 ἑαυτοῦ

357 3619 482 3672 κατ’
509 3619 698 3672 οὐσίαν
720 3618 887 3673 αὑτοῦ
911 3620 1010 3690 τὴν
1032 3620 1109 3682 ὡς
1141 3621 1433 3691 ἀνθρώπου
1471 3621 1679 3690 ὅμοιος,
1714 3621 1857 3674 κατὰ
1886 3620 1945 3673 δὲ

357 3712 460 3780 τήν
489 3710 564 3774 ὠς
596 3710 793 3778 Λόγου,
823 3710 1075 3780 ἀνόμοιος
1111 3710 1251 3781 αὐτῇ
1276 3726 1289 3740 σ
1322 3709 1462 3780 πλὴν
1491 3709 1621 3774 Υἱὸς
1666 3708 1886 3780 ἀληθῶς
1918 3710 1948 3763 ό

359 3804 532 3872 Λόγος
559 3802 652 3856 τοῦ
684 3819 741 3854 τε
772 3802 959 3871 ὁμοίου
998 3801 1229 3871 Πατρός,
1262 3802 1357 3855 καὶ
1385 3802 1484 3871 τῆς
1517 3801 1774 3871 ἀνομοίου
1798 3800 1948 3872 αὑτῷ

360 3896 583 3967 Μητρός
605 3912 620 3928 ο
656 3894 865 3965 ἀληθὴς
884 3896 994 3966 γὰρ
1021 3896 1285 3965 ἑκάτερος
1309 3895 1510 3965 τρόπος
1539 3894 1648 3947 τῶν
1672 3895 1760 3947 ἐπ’
1781 3893 1947 3947 αὐτοῦ

334 3992 667 4060 ,γεννήσεων
700 3988 938 4061 ἐδείχθη,
971 3990 999 4041 ὅ
1035 4006 1096 4041 τε
1124 3987 1220 4041 τοῦ
1249 3984 1410 4053 εἶναι,
1439 3988 1533 4041 καὶ
1564 3988 1591 4040 ὁ
1616 3986 1712 4040 τοῦ
1748 3985 1948 4041 τοιῶσ-

362 4086 442 4139 δε.
483 4084 559 4137 Οὐ
592 4084 701 4153 γὰρ
738 4082 802 4153 δὴ
854 4084 1112 4153 ὁμοιότης
1156 4081 1467 4154 συνίστησιν
1496 4081 1687 4145 ἁπλῶς
1711 4082 1811 4152 τὴν
1836 4081 1951 4135 υἱό-

362 4193 524 4245 τητα,
556 4175 632 4237 ὡς
664 4174 929 4239 πολλάκις
957 4169 1247 4244 εἴρηται·ἦ
1274 4175 1384 4243 γὰρ
1416 4173 1483 4227 ἂν
1512 4172 1709 4229 πάντες
1740 4173 1952 4244 ἀνθρω-

366 4284 459 4321 ποι
496 4266 675 4337 ὅμοιοι
710 4265 863 4328 ὄντες
904 4264 1028 4319 κατ’
1058 4264 1248 4317 οὐσίαν
1278 4262 1553 4334 ἀλλήλοις,
1589 4262 1696 4316 υἰοὶ
1722 4262 1838 4334 ἅμα
1860 4262 1955 4317 καὶ

364 4358 622 4431 πατέρες,
656 4359 751 4411 καὶ
779 4356 944 4410 τέκνα
963 4356 1072 4409 τῶν
1100 4354 1306 4408 τέκνων
1350 4355 1400 4407 οἰ
1421 4354 1753 4426 γεννήτορες
1788 4350 1951 4426 ἦσαν,

365 4452 462 4505 καὶ
513 4450 563 4503 οἱ
609 4448 827 4516 ἀδελφοὶ
859 4448 915 4500 δὲ
946 4447 1055 4500 τῶν
1080 4447 1288 4502 ἑαυτῶν
1332 4446 1578 4515 ἀδελφῶν
1638 4441 1784 4501 εἶναι
1824 4448 1953 4514 υἰοὶ,

365 4541 455 4596 διὰ
509 4542 608 4611 τὴν
665 4539 786 4593 κατ’
818 4540 1008 4593 οὐσίαν
1036 4539 1331 4611 ὁμοιότητα
1382 4539 1520 4610 πρὸς
1568 4538 1767 4603 αὐτοὺς
1803 4556 1959 4609 νομι-

368 4630 645 4701 σθείησαν.

2046 3341 2193 3394 tiunt
2239 3339 2333 3409 qui
2358 3338 2556 3393 dicunt
2595 3336 2843 3408 genitum
2881 3334 3052 3389 fuisse
3094 3333 3336 3388 Verbum
3380 3348 3508 3387 vere
3557 3347 3626 3385 ex

2044 3434 2207 3489 Patre
2245 3431 2552 3487 secundum
2587 3429 2868 3500 propriam
2906 3427 3072 3482 unius
3109 3426 3290 3482 Patris
3317 3424 3628 3495 generatio-

2045 3540 2172 3580 nem
2205 3532 2261 3579 et
2293 3521 2688 3584 substantiam,
2720 3527 2776 3574 et
2806 3533 2927 3573 esse
2952 3517 3033 3572 illi
3060 3516 3241 3571 simile
3275 3514 3457 3584 quoad
3494 3513 3629 3567 sub-

2046 3617 2328 3681 stantiam,
2370 3612 2739 3669 substantiam
2765 3626 2965 3681 nempe
2996 3608 3095 3665 Dei
3130 3608 3331 3675 Verbi;
3381 3607 3627 3678 genitum

2047 3718 2234 3767 autem
2289 3708 2461 3763 (uisse
2518 3722 2648 3761 vere
2706 3719 2931 3775 quoque
2983 3719 3049 3757 ex
3098 3702 3271 3757 Matre
3322 3700 3627 3756 secundum

2049 3802 2227 3873 ipsius
2253 3798 2668 3871 generationem
2701 3796 2987 3867 propriam
3019 3810 3087 3849 ex
3117 3793 3236 3863 ipsa
3263 3792 3397 3854 sola,
3428 3805 3481 3846 et
3510 3806 3632 3847 esse

2050 3893 2155 3964 ipsi
2208 3908 2321 3948 sua:
2363 3891 2526 3945 matri
2575 3887 3107 3945 similetsecundum
3155 3901 3334 3949 suam,
3392 3882 3634 3937 hominis

2050 3985 2284 4047 scilicet,
2312 3983 2695 4046 substantiam,
2724 3981 2801 4036 illi
2830 3987 3016 4035 autem
3041 3977 3308 4033 dissimile
3327 3974 3631 4031 secundum

2052 4073 2418 4128 substantiam
2451 4086 2618 4142 quam
2652 4070 2819 4125 habet
2845 4081 2907 4126 ut
2940 4069 3201 4124 Verbum.
3226 4068 3304 4121 Ita
3331 4082 3462 4121 sane
3496 4066 3636 4122 Ver-

2053 4165 2186 4221 bum
2213 4179 2341 4219 vere
2375 4175 2460 4219 est
2500 4164 2673 4219 Filius
2717 4162 2915 4219 similis
2962 4160 3162 4229 Patris,
3201 4158 3377 4216 Filius
3415 4174 3635 4230 quoque

2054 4257 2249 4313 Matris
2276 4256 2568 4311 dissimilis
2595 4256 2765 4310 Patri.
2803 4256 2980 4311 Verus
3008 4254 3157 4309 enim
3180 4261 3413 4323 uterque
3438 4251 3637 4307 modus

2054 4349 2473 4421 generationum
2509 4349 2631 4419 ejus
2668 4348 3109 4411 demonstratur,
3154 4346 3247 4400 hic
3283 4360 3482 4414 nempe
3525 4357 3637 4414 quo

2055 4452 2161 4508 est,
2200 4443 2292 4497 ille
2318 4458 2429 4512 quo
2464 4452 2549 4497 est
2578 4441 2781 4497 taliter.
2815 4439 3133 4496 Similitudo
3161 4438 3309 4493 enim
3346 4452 3456 4490 non
3499 4452 3635 4490 con-

2058 4536 2243 4592 stituit
2276 4535 2623 4599 ﬁliationem,
2661 4544 2721 4587 ut
2748 4546 2991 4602 persaepe
3023 4530 3232 4584 dictum
3258 4538 3362 4583 est.
3417 4526 3627 4581 Omnes

1988 4622 2036 4680 D
2060 4628 2209 4684 enim
2243 4627 2520 4691 homines,
2553 4632 2746 4694 utpote
2774 4624 2870 4693 qui
2896 4623 3042 4677 inter
3073 4637 3133 4677 se
3161 4620 3398 4675 invicem
3431 4618 3641 4674 similes

368 4721 674 4779 secundum
710 4720 1097 4785 substantiam,
1132 4720 1231 4774 ﬁlii
1257 4719 1419 4776 simul
1448 4727 1508 4775 et
1563 4728 1752 4790 patres
1773 4728 1981 4787 essent,
2020 4728 2078 4775 et
2138 4718 2421 4790 genitores
2455 4725 2642 4771 essent
2672 4715 2769 4770 ﬁlii
2802 4729 3027 4770 suorum
3054 4712 3315 4780 ﬁliorum,
3348 4720 3405 4767 et
3442 4710 3642 4765 fratres
3736 4724 3739 4731 ί

367 4828 597 4870 suorum
631 4812 867 4867 fratrum
900 4826 1022 4867 esse
1062 4812 1225 4878 ﬁlios,
1259 4819 1488 4881 propter
1524 4810 1950 4867 similitudinem
1987 4810 2318 4868 subSIantia:
2342 4810 2574 4864 relative
2607 4808 2676 4863 ad
2701 4808 2871 4877 ipsos,
2904 4817 3286 4861 censerentur.

941 4906 1194 4959 ΚΕΦΑΛ.
1222 4905 1359 4958 KH’.

438 5000 503 5054 Εἰ
552 4999 615 5053 τὸ
659 4996 847 5062 ἀϊδίως
872 4997 932 5052 ὃν
960 4998 1187 5070 ὕστερον
1217 4998 1485 5074 7evva’rrat
1500 4997 1644 5052 κατὰ
1672 4998 1954 5069 ἀλήθειαν,

369 5090 467 5144 καὶ
491 5089 554 5143 τὸ
588 5088 727 5159 μηδέ
779 5088 915 5152 ὅλως
943 5088 1024 5154 ὃν,
1057 5088 1309 5159 ἐνεργείᾳ
1355 5088 1429 5159 μὴ
1454 5087 1537 5153 ὃν,
1568 5089 1779 5158 γίνεται
1812 5088 1958 5143 κατὰ

369 5181 634 5253 ἀλήθειαν
656 5198 670 5212 σ
702 5182 752 5233 εἰ
801 5180 858 5233 δὲ
894 5181 953 5233 τὸ
983 5179 1238 5251 δεύτερον
1268 5180 1552 5245 ἀδύνατον,
1582 5180 1677 5233 καὶ
1708 5181 1770 5233 τὸ
1808 5181 1959 5251 πρῶ-

336 5278 337 5281 “
369 5293 461 5330 τον
498 5276 629 5344 ἄρα.
676 5273 817 5327 Ἀλλ’
868 5276 917 5328 εἰ
971 5275 1065 5328 καὶ
1092 5274 1154 5326 ὃν
1191 5274 1251 5327 τὸ
1275 5274 1334 5327 ὃν
1362 5275 1423 5327 οὐ
1457 5274 1686 5342 γίνεται,
1722 5274 1858 5327 ἀλλὰ
1895 5273 1956 5326 τὸ

369 5366 596 5420 τοιῶσδε
636 5365 717 5429 ὃν,
761 5367 841 5429 εἰς
873 5367 936 5419 τὸ
964 5366 1169 5439 ἑτέρως
1199 5365 1427 5419 τλιῶσδε
1472 5362 1631 5433 εἶναι,
1666 5367 1713 5419 εἰ
1744 5367 1840 5419 καὶ
1892 5368 1954 5418 ού

371 5458 515 5511 κατά
542 5458 751 5528 τροπὴν
780 5458 916 5512 ἀλλὰ
940 5457 1250 5530 πρόσληψιν
1283 5459 1625 5529 καινοτέραν,
1660 5458 1955 5525 γεννᾶσθαι

371 5549 599 5603 δυνατόν
618 5566 634 5581 ’
658 5550 781 5602 οὐδὲ
814 5550 925 5618 γὰρ
959 5551 1104 5604 κατὰ
1135 5552 1195 5603 τὸ
1221 5551 1355 5603 αὐτό
1386 5567 1472 5614 τις
1513 5550 1643 5620 ὑμῖν
1673 5550 1863 5613 ἁϊδίως
1892 5567 1954 5603 τε

373 5636 516 5694 εἷναί
554 5659 605 5694 τι
637 5640 734 5695 καὶ
784 5641 893 5694 ἀπὸ
923 5643 1119 5711 χρόνου
1167 5642 1433 5713 ἄρχεσθαι
1463 5642 1709 5713 εἴρηκεν.
1742 5641 1955 5697 Οὐκοῦν

372 5733 430 5788 τί
468 5733 669 5787 κωλύει
730 5733 823 5787 τὸν
873 5737 1014 5789 κατὰ
1063 5737 1123 5789 τὸ
1173 5733 1313 5790 εἶναι
1368 5737 1609 5809 ἄναρχον
1640 5735 1953 5807 νοούμενον,

375 5824 519 5879 κατὰ
545 5825 611 5879 τὸ
654 5823 883 5888 ἀλλοίως
913 5822 1080 5892 εἶναι,
1113 5828 1281 5899 ἤγουν
1313 5828 1756 5899 σεσαρκωμένον,
1787 5827 1958 5898 ἀρξά-

379 5934 542 5989 μενον
572 5914 733 5988 εἷναι;
762 5917 990 5983 ἀλλοίως
1018 5919 1127 5991 γὰρ
1153 5917 1293 5975 εἶναι
1332 5923 1518 5991 αὑτὸν,
1550 5923 1612 5976 οὐ
1642 5921 1784 5977 κατὰ
1833 5937 1957 5993 τρο-

2654 4899 2806 4956 CAP.
2871 4898 3112 4953 XXVIII.

2126 4991 2183 5047 Si
2208 4991 2356 5063 quod
2382 5000 2469 5046 est
2497 4990 2566 5045 ab
2616 4999 2824 5045 aeterno
2856 4987 3133 5058 posterius
3170 4983 3415 5056 gignitur
3442 4998 3642 5036 secun-

2054 5086 2187 5140 dum
2211 5084 2528 5146 veritatem,
2564 5082 2713 5152 quod
2770 5080 2997 5136 omnino
3020 5094 3131 5133 non
3159 5085 3265 5139 est,
3306 5074 3361 5128 vi
3400 5090 3497 5130 sua
3532 5089 3645 5128 non

2055 5179 2329 5234 exsistens
2351 5217 2366 5243 ,
2410 5175 2696 5245 ﬁtaliquid
2727 5174 2937 5245 pariter
2990 5170 3295 5227 secundum
3328 5168 3643 5223 veritatem.

2059 5272 2116 5328 Si
2138 5280 2323 5327 autem
2346 5270 2652 5326 secundum
2699 5261 3060 5336 impossibile,
3109 5277 3239 5332 ergo
3271 5268 3327 5315 et
3382 5260 3643 5329 primum.

2056 5366 2126 5419 At
2155 5365 2303 5435 quod
2337 5363 2555 5419 exsistit
2584 5379 2697 5417 non
2736 5360 2808 5417 sit
2845 5358 3156 5423 exsistens;
3193 5354 3290 5410 sed
3335 5352 3483 5424 quod
3551 5350 3646 5405 tali

2056 5458 2224 5512 modo
2269 5457 2505 5521 exsistit,
2557 5463 2739 5527 potest
2776 5454 2921 5525 gigni
2943 5453 2999 5507 in
3024 5450 3191 5506 alium
3226 5449 3389 5503 talem
3421 5446 3647 5500 modum

2057 5548 2389 5614 exsistendi,
2422 5564 2533 5601 non
2587 5547 2813 5617 quidem
2842 5561 2943 5616 per
2989 5543 3348 5599 mutationem
3410 5538 3505 5592 sed
3552 5550 3652 5606 per

2057 5656 2256 5696 novam
2292 5646 2693 5711 acceptionem.
2722 5640 3014 5709 Nunquam
3045 5636 3191 5692 enim
3221 5634 3512 5704 quisquam
3548 5644 3647 5683 vo-

2055 5732 2145 5788 bis
2172 5731 2308 5787 dixit
2343 5732 2491 5786 idem
2522 5742 2899 5800 :eternumque
2915 5729 3179 5783 exsistere
3214 5734 3269 5779 et
3300 5725 3356 5777 in
3400 5731 3649 5789 tempore

2061 5823 2330 5894 incipere.
2379 5823 2524 5893 Ergo
2571 5822 2702 5892 quid
2757 5819 2988 5890 impedit
3041 5817 3173 5887 quin
3215 5814 3308 5883 qui
3343 5810 3651 5879 concipitur

2062 5918 2183 5975 sine
2208 5916 2484 5990 principio
2503 5915 2807 5973 secundum
2838 5927 3000 5969 suum
3023 5926 3164 5978 esse,
3182 5907 3273 5964 ille
3313 5903 3650 5978 principium
