  <div class='ocr_page' id='page_1' title='image "/cluster/home/n/w/nwhite01/storage/ocr_20150623/86:1/hvd.32044019208909/855.png"; bbox 0 0 4006 6542; ppageno 0'>
   <div class='ocr_carea' id='block_1_1' title="bbox 479 437 622 513">
    <p class='ocr_par' dir='ltr' id='par_1_1' title="bbox 479 437 622 513">
     <span class='ocr_line' id='line_1_1' title="bbox 479 437 622 513; baseline -0.049 1"><span class='ocrx_word' id='word_1_1' title='bbox 479 437 622 513; x_wconf 83' lang='grc'>,1695</span> 
     </span>
    </p>
   </div>
   <div class='ocr_carea' id='block_1_2' title="bbox 1715 447 2469 511">
    <p class='ocr_par' dir='ltr' id='par_1_2' title="bbox 1715 447 2469 511">
     <span class='ocr_line' id='line_1_2' title="bbox 1715 447 2469 511; baseline -0.003 -1"><span class='ocrx_word' id='word_1_2' title='bbox 1715 448 2024 511; x_wconf 86' lang='lat' dir='ltr'><strong>LEONTII</strong></span> <span class='ocrx_word' id='word_1_3' title='bbox 2062 447 2469 511; x_wconf 78' lang='lat' dir='ltr'><strong>BYZANTINI</strong></span> 
     </span>
    </p>
   </div>
   <div class='ocr_carea' id='block_1_3' title="bbox 3608 441 3752 510">
    <p class='ocr_par' dir='ltr' id='par_1_3' title="bbox 3608 441 3752 510">
     <span class='ocr_line' id='line_1_3' title="bbox 3608 441 3752 510; baseline 0.014 -2"><span class='ocrx_word' id='word_1_4' title='bbox 3608 441 3752 510; x_wconf 73' lang='lat'><strong>1696</strong></span> 
     </span>
    </p>
   </div>
   <div class='ocr_carea' id='block_1_4' title="bbox 476 552 2073 636">
    <p class='ocr_par' dir='ltr' id='par_1_4' title="bbox 476 552 2062 633">
     <span class='ocr_line' id='line_1_4' title="bbox 476 552 2062 633; baseline 0.007 -25"><span class='ocrx_word' id='word_1_5' title='bbox 476 552 732 610; x_wconf 77' lang='lat' dir='ltr'><strong>habuerit</strong></span> <span class='ocrx_word' id='word_1_6' title='bbox 761 555 1062 613; x_wconf 88' lang='lat' dir='ltr'><strong>secundum</strong></span> <span class='ocrx_word' id='word_1_7' title='bbox 1093 557 1205 615; x_wconf 87' lang='lat' dir='ltr'><strong>alio</strong></span> <span class='ocrx_word' id='word_1_8' title='bbox 1235 557 1402 615; x_wconf 89' lang='lat' dir='ltr'><strong>modo</strong></span> <span class='ocrx_word' id='word_1_9' title='bbox 1421 574 1564 627; x_wconf 89' lang='lat' dir='ltr'><strong>esse,</strong></span> <span class='ocrx_word' id='word_1_10' title='bbox 1600 561 1656 617; x_wconf 88' lang='lat' dir='ltr'><strong>id</strong></span> <span class='ocrx_word' id='word_1_11' title='bbox 1690 572 1778 618; x_wconf 90' lang='lat' dir='ltr'><strong>est</strong></span> <span class='ocrx_word' id='word_1_12' title='bbox 1800 563 1854 618; x_wconf 91' lang='lat' dir='ltr'><strong>in</strong></span> <span class='ocrx_word' id='word_1_13' title='bbox 1884 579 2062 633; x_wconf 85' lang='lat' dir='ltr'><strong>quan-</strong></span> 
     </span>
    </p>
   </div>
   <div class='ocr_carea' id='block_1_5' title="bbox 2177 552 3757 636">
    <p class='ocr_par' dir='ltr' id='par_1_5' title="bbox 2177 554 3757 636">
     <span class='ocr_line' id='line_1_5' title="bbox 2177 554 3757 636; baseline -0.002 -18"><span class='ocrx_word' id='word_1_14' title='bbox 2177 562 2270 635; x_wconf 70' lang='grc' dir='ltr'>νιὴν</span> <span class='ocrx_word' id='word_1_15' title='bbox 2297 565 2330 636; x_wconf 81' lang='grc' dir='ltr'>ἢ</span> <span class='ocrx_word' id='word_1_16' title='bbox 2359 563 2546 636; x_wconf 81' lang='grc' dir='ltr'>ρεῦσιν</span> <span class='ocrx_word' id='word_1_17' title='bbox 2589 562 2686 617; x_wconf 84' lang='grc' dir='ltr'><strong>τοῦ</strong></span> <span class='ocrx_word' id='word_1_18' title='bbox 2736 561 2945 618; x_wconf 66' lang='grc' dir='ltr'>οἰκείου</span> <span class='ocrx_word' id='word_1_19' title='bbox 2979 554 3120 617; x_wconf 74' lang='grc' dir='ltr'>εἶναι</span> <span class='ocrx_word' id='word_1_20' title='bbox 3139 601 3158 628; x_wconf 88' lang='grc'><strong>,</strong></span> <span class='ocrx_word' id='word_1_21' title='bbox 3184 559 3320 617; x_wconf 86' lang='grc' dir='ltr'><strong>ἀλλά</strong></span> <span class='ocrx_word' id='word_1_22' title='bbox 3341 561 3486 618; x_wconf 69' lang='grc' dir='ltr'>κατά</span> <span class='ocrx_word' id='word_1_23' title='bbox 3509 563 3757 634; x_wconf 67' lang='grc' dir='ltr'>πρόσλη-</span> 
     </span>
    </p>
   </div>
   <div class='ocr_carea' id='block_1_6' title="bbox 477 649 2063 726">
    <p class='ocr_par' dir='ltr' id='par_1_6' title="bbox 477 649 2063 726">
     <span class='ocr_line' id='line_1_6' title="bbox 477 649 2063 726; baseline 0.006 -24"><span class='ocrx_word' id='word_1_24' title='bbox 477 657 593 702; x_wconf 84' lang='lat' dir='ltr'><strong>tum</strong></span> <span class='ocrx_word' id='word_1_25' title='bbox 672 649 1010 705; x_wconf 74' lang='lat' dir='ltr'><strong>incarnatus.</strong></span> <span class='ocrx_word' id='word_1_26' title='bbox 1056 651 1178 706; x_wconf 83' lang='lat' dir='ltr'><strong>Alio</strong></span> <span class='ocrx_word' id='word_1_27' title='bbox 1230 653 1378 708; x_wconf 90' lang='lat' dir='ltr'><strong>enim</strong></span> <span class='ocrx_word' id='word_1_28' title='bbox 1422 653 1585 708; x_wconf 89' lang='lat' dir='ltr'><strong>modo</strong></span> <span class='ocrx_word' id='word_1_29' title='bbox 1631 669 1752 710; x_wconf 88' lang='lat' dir='ltr'><strong>esse</strong></span> <span class='ocrx_word' id='word_1_30' title='bbox 1797 671 1908 710; x_wconf 91' lang='lat' dir='ltr'><strong>non</strong></span> <span class='ocrx_word' id='word_1_31' title='bbox 1963 671 2063 726; x_wconf 90' lang='lat' dir='ltr'><strong>per</strong></span> 
     </span>
    </p>
   </div>
   <div class='ocr_carea' id='block_1_7' title="bbox 476 739 2062 816">
    <p class='ocr_par' dir='ltr' id='par_1_7' title="bbox 476 739 2062 816">
     <span class='ocr_line' id='line_1_7' title="bbox 476 739 2062 816; baseline 0.005 -23"><span class='ocrx_word' id='word_1_32' title='bbox 476 739 839 796; x_wconf 73' lang='lat' dir='ltr'><strong>mutationem</strong></span> <span class='ocrx_word' id='word_1_33' title='bbox 871 749 967 796; x_wconf 90' lang='lat' dir='ltr'><strong>aut</strong></span> <span class='ocrx_word' id='word_1_34' title='bbox 990 742 1270 798; x_wconf 84' lang='lat' dir='ltr'><strong>ellluvium</strong></span> <span class='ocrx_word' id='word_1_35' title='bbox 1302 745 1511 813; x_wconf 84' lang='lat' dir='ltr'><strong>proprii</strong></span> <span class='ocrx_word' id='word_1_36' title='bbox 1534 759 1675 810; x_wconf 90' lang='lat' dir='ltr'><strong>esse,</strong></span> <span class='ocrx_word' id='word_1_37' title='bbox 1703 745 1799 800; x_wconf 87' lang='lat' dir='ltr'><strong>sed</strong></span> <span class='ocrx_word' id='word_1_38' title='bbox 1833 761 1933 816; x_wconf 82' lang='lat' dir='ltr'><strong>per</strong></span> <span class='ocrx_word' id='word_1_39' title='bbox 1968 760 2062 801; x_wconf 86' lang='lat' dir='ltr'><strong>ac-</strong></span> 
     </span>
    </p>
   </div>
   <div class='ocr_carea' id='block_1_8' title="bbox 477 831 2064 901">
    <p class='ocr_par' dir='ltr' id='par_1_8' title="bbox 477 831 2064 901">
     <span class='ocr_line' id='line_1_8' title="bbox 477 831 2064 901; baseline 0.005 -15"><span class='ocrx_word' id='word_1_40' title='bbox 477 831 790 901; x_wconf 90' lang='lat' dir='ltr'><strong>ceptionem</strong></span> <span class='ocrx_word' id='word_1_41' title='bbox 825 843 882 887; x_wconf 92' lang='lat' dir='ltr'><strong>et</strong></span> <span class='ocrx_word' id='word_1_42' title='bbox 910 835 1174 889; x_wconf 89' lang='lat' dir='ltr'><strong>unionem</strong></span> <span class='ocrx_word' id='word_1_43' title='bbox 1227 835 1645 891; x_wconf 88' lang='lat' dir='ltr'><strong>substantialem</strong></span> <span class='ocrx_word' id='word_1_44' title='bbox 1699 837 1927 894; x_wconf 73' lang='lat' dir='ltr'><strong>alterius</strong></span> <span class='ocrx_word' id='word_1_45' title='bbox 1981 837 2064 894; x_wconf 86' lang='lat' dir='ltr'><strong>rei</strong></span> 
     </span>
    </p>
   </div>
   <div class='ocr_carea' id='block_1_9' title="bbox 477 925 1782 994">
    <p class='ocr_par' dir='ltr' id='par_1_9' title="bbox 477 925 1782 994">
     <span class='ocr_line' id='line_1_9' title="bbox 477 925 1782 994; baseline 0.004 -17"><span class='ocrx_word' id='word_1_46' title='bbox 477 938 697 994; x_wconf 82' lang='lat' dir='ltr'><strong>semper</strong></span> <span class='ocrx_word' id='word_1_47' title='bbox 717 925 946 980; x_wconf 89' lang='lat' dir='ltr'><strong>seorsim</strong></span> <span class='ocrx_word' id='word_1_48' title='bbox 969 926 1038 981; x_wconf 90' lang='lat' dir='ltr'><strong>ab</strong></span> <span class='ocrx_word' id='word_1_49' title='bbox 1063 941 1130 982; x_wconf 93' lang='lat' dir='ltr'><strong>eo</strong></span> <span class='ocrx_word' id='word_1_50' title='bbox 1159 926 1498 992; x_wconf 80' lang='lat' dir='ltr'><strong>exsistentis,</strong></span> <span class='ocrx_word' id='word_1_51' title='bbox 1523 926 1782 984; x_wconf 89' lang='lat' dir='ltr'><strong>dicimus.</strong></span> 
     </span>
    </p>
   </div>
   <div class='ocr_carea' id='block_1_10' title="bbox 1043 1037 1416 1094">
    <p class='ocr_par' dir='ltr' id='par_1_10' title="bbox 1043 1037 1416 1094">
     <span class='ocr_line' id='line_1_10' title="bbox 1043 1037 1416 1094; baseline 0 0"><span class='ocrx_word' id='word_1_52' title='bbox 1043 1037 1195 1094; x_wconf 80' lang='lat' dir='ltr'><strong>CAP.</strong></span> <span class='ocrx_word' id='word_1_53' title='bbox 1223 1037 1416 1094; x_wconf 79' lang='lat' dir='ltr'><strong>XXIX.</strong></span> 
     </span>
    </p>
   </div>
   <div class='ocr_carea' id='block_1_11' title="bbox 549 1127 2068 1202">
    <p class='ocr_par' dir='ltr' id='par_1_11' title="bbox 549 1127 2068 1202">
     <span class='ocr_line' id='line_1_11' title="bbox 549 1127 2068 1202; baseline 0.003 -18"><span class='ocrx_word' id='word_1_54' title='bbox 549 1127 605 1184; x_wconf 93' lang='lat' dir='ltr'><strong>Si</strong></span> <span class='ocrx_word' id='word_1_55' title='bbox 631 1129 832 1184; x_wconf 55' lang='lat' dir='ltr'><strong>caelum</strong></span> <span class='ocrx_word' id='word_1_56' title='bbox 868 1138 924 1184; x_wconf 90' lang='lat' dir='ltr'><strong>et</strong></span> <span class='ocrx_word' id='word_1_57' title='bbox 951 1139 1096 1186; x_wconf 90' lang='lat' dir='ltr'><strong>terra</strong></span> <span class='ocrx_word' id='word_1_58' title='bbox 1130 1139 1188 1186; x_wconf 89' lang='lat' dir='ltr'><strong>et</strong></span> <span class='ocrx_word' id='word_1_59' title='bbox 1217 1133 1402 1186; x_wconf 86' lang='lat' dir='ltr'><strong>omnia</strong></span> <span class='ocrx_word' id='word_1_60' title='bbox 1426 1147 1550 1202; x_wconf 68' lang='lat' dir='ltr'><strong>quae</strong></span> <span class='ocrx_word' id='word_1_61' title='bbox 1579 1133 1635 1187; x_wconf 93' lang='lat' dir='ltr'><strong>in</strong></span> <span class='ocrx_word' id='word_1_62' title='bbox 1666 1133 1750 1188; x_wconf 89' lang='lat' dir='ltr'><strong>eis</strong></span> <span class='ocrx_word' id='word_1_63' title='bbox 1802 1140 1953 1197; x_wconf 84' lang='lat' dir='ltr'><strong>sunt.</strong></span> <span class='ocrx_word' id='word_1_64' title='bbox 1976 1140 2068 1188; x_wconf 91' lang='lat' dir='ltr'><strong>ut-</strong></span> 
     </span>
    </p>
   </div>
   <div class='ocr_carea' id='block_1_12' title="bbox 478 1222 2066 1295">
    <p class='ocr_par' dir='ltr' id='par_1_12' title="bbox 478 1222 2066 1295">
     <span class='ocr_line' id='line_1_12' title="bbox 478 1222 2066 1295; baseline 0.004 -20"><span class='ocrx_word' id='word_1_65' title='bbox 478 1229 607 1290; x_wconf 85' lang='lat' dir='ltr'><strong>pote</strong></span> <span class='ocrx_word' id='word_1_66' title='bbox 630 1223 742 1291; x_wconf 86' lang='lat' dir='ltr'><strong>jam</strong></span> <span class='ocrx_word' id='word_1_67' title='bbox 770 1222 1091 1277; x_wconf 81' lang='lat' dir='ltr'><strong>exsistentia</strong></span> <span class='ocrx_word' id='word_1_68' title='bbox 1123 1239 1272 1278; x_wconf 89' lang='lat' dir='ltr'><strong>nunc</strong></span> <span class='ocrx_word' id='word_1_69' title='bbox 1300 1223 1420 1278; x_wconf 82' lang='lat' dir='ltr'><strong>ﬁeri</strong></span> <span class='ocrx_word' id='word_1_70' title='bbox 1468 1225 1826 1295; x_wconf 79' lang='lat' dir='ltr'><strong>impossibile.</strong></span> <span class='ocrx_word' id='word_1_71' title='bbox 1867 1225 2066 1280; x_wconf 87' lang='lat' dir='ltr'><strong>borum</strong></span> 
     </span>
    </p>
   </div>
   <div class='ocr_carea' id='block_1_13' title="bbox 477 1315 2070 1380">
    <p class='ocr_par' dir='ltr' id='par_1_13' title="bbox 477 1315 2070 1380">
     <span class='ocr_line' id='line_1_13' title="bbox 477 1315 2070 1380; baseline 0.004 -16"><span class='ocrx_word' id='word_1_72' title='bbox 477 1320 761 1365; x_wconf 87' lang='lat' dir='ltr'><strong>auctorem</strong></span> <span class='ocrx_word' id='word_1_73' title='bbox 783 1320 911 1366; x_wconf 91' lang='lat' dir='ltr'><strong>ante</strong></span> <span class='ocrx_word' id='word_1_74' title='bbox 939 1315 1137 1368; x_wconf 58' lang='lat' dir='ltr'><strong>saecula</strong></span> <span class='ocrx_word' id='word_1_75' title='bbox 1189 1330 1257 1370; x_wconf 77' lang='lat' dir='ltr'><strong>ex</strong></span> <span class='ocrx_word' id='word_1_76' title='bbox 1287 1315 1452 1370; x_wconf 88' lang='lat' dir='ltr'><strong>Patre</strong></span> <span class='ocrx_word' id='word_1_77' title='bbox 1485 1323 1702 1380; x_wconf 85' lang='lat' dir='ltr'><strong>natum,</strong></span> <span class='ocrx_word' id='word_1_78' title='bbox 1746 1316 1802 1371; x_wconf 92' lang='lat' dir='ltr'><strong>in</strong></span> <span class='ocrx_word' id='word_1_79' title='bbox 1831 1317 2070 1372; x_wconf 89' lang='lat' dir='ltr'><strong>novissi-</strong></span> 
     </span>
    </p>
   </div>
   <div class='ocr_carea' id='block_1_14' title="bbox 479 1403 2069 1478">
    <p class='ocr_par' dir='ltr' id='par_1_14' title="bbox 479 1403 2069 1478">
     <span class='ocr_line' id='line_1_14' title="bbox 479 1403 2069 1478; baseline 0.006 -23"><span class='ocrx_word' id='word_1_80' title='bbox 479 1403 586 1456; x_wconf 89' lang='lat' dir='ltr'><strong>mis</strong></span> <span class='ocrx_word' id='word_1_81' title='bbox 639 1403 982 1471; x_wconf 83' lang='lat' dir='ltr'><strong>temporibus</strong></span> <span class='ocrx_word' id='word_1_82' title='bbox 1045 1405 1290 1476; x_wconf 78' lang='lat' dir='ltr'><strong>genitum</strong></span> <span class='ocrx_word' id='word_1_83' title='bbox 1363 1405 1556 1473; x_wconf 76' lang='lat' dir='ltr'><strong>fuisse,</strong></span> <span class='ocrx_word' id='word_1_84' title='bbox 1607 1423 1771 1478; x_wconf 90' lang='lat' dir='ltr'><strong>quam</strong></span> <span class='ocrx_word' id='word_1_85' title='bbox 1833 1409 2069 1464; x_wconf 79' lang='lat' dir='ltr'><strong>maxime</strong></span> 
     </span>
    </p>
   </div>
   <div class='ocr_carea' id='block_1_15' title="bbox 480 1495 2071 1573">
    <p class='ocr_par' dir='ltr' id='par_1_15' title="bbox 480 1495 2071 1573">
     <span class='ocr_line' id='line_1_15' title="bbox 480 1495 2071 1573; baseline 0.006 -25"><span class='ocrx_word' id='word_1_86' title='bbox 480 1495 922 1562; x_wconf 87' lang='lat' dir='ltr'><strong>impossibile.——</strong></span> <span class='ocrx_word' id='word_1_87' title='bbox 944 1499 1064 1554; x_wconf 88' lang='lat' dir='ltr'><strong>Non</strong></span> <span class='ocrx_word' id='word_1_88' title='bbox 1089 1500 1239 1554; x_wconf 92' lang='lat' dir='ltr'><strong>enim</strong></span> <span class='ocrx_word' id='word_1_89' title='bbox 1261 1502 1358 1571; x_wconf 88' lang='lat' dir='ltr'><strong>qui</strong></span> <span class='ocrx_word' id='word_1_90' title='bbox 1408 1503 1686 1557; x_wconf 83' lang='lat' dir='ltr'><strong>exsistunt</strong></span> <span class='ocrx_word' id='word_1_91' title='bbox 1745 1503 2071 1573; x_wconf 87' lang='lat' dir='ltr'><strong>simpliciter</strong></span> 
     </span>
    </p>
   </div>
   <div class='ocr_carea' id='block_1_16' title="bbox 480 1579 2070 1660">
    <p class='ocr_par' dir='ltr' id='par_1_16' title="bbox 480 1579 2070 1660">
     <span class='ocr_line' id='line_1_16' title="bbox 480 1579 2070 1660; baseline 0.007 -26"><span class='ocrx_word' id='word_1_92' title='bbox 480 1579 599 1635; x_wconf 77' lang='lat' dir='ltr'><strong>ﬁeri</strong></span> <span class='ocrx_word' id='word_1_93' title='bbox 641 1582 931 1654; x_wconf 84' lang='lat' dir='ltr'><strong>quisquam</strong></span> <span class='ocrx_word' id='word_1_94' title='bbox 961 1585 1234 1654; x_wconf 75' lang='lat' dir='ltr'><strong>aﬂirmat,</strong></span> <span class='ocrx_word' id='word_1_95' title='bbox 1260 1603 1440 1658; x_wconf 90' lang='lat' dir='ltr'><strong>neque</strong></span> <span class='ocrx_word' id='word_1_96' title='bbox 1485 1589 1684 1644; x_wconf 71' lang='lat' dir='ltr'><strong>caalum</strong></span> <span class='ocrx_word' id='word_1_97' title='bbox 1737 1590 1986 1660; x_wconf 75' lang='lat' dir='ltr'><strong>generari</strong></span> <span class='ocrx_word' id='word_1_98' title='bbox 2013 1589 2070 1645; x_wconf 91' lang='lat' dir='ltr'><strong>in</strong></span> 
     </span>
    </p>
   </div>
   <div class='ocr_carea' id='block_1_17' title="bbox 479 1673 2072 1750">
    <p class='ocr_par' dir='ltr' id='par_1_17' title="bbox 479 1673 2072 1750">
     <span class='ocr_line' id='line_1_17' title="bbox 479 1673 2072 1750; baseline 0.006 -25"><span class='ocrx_word' id='word_1_99' title='bbox 479 1673 674 1728; x_wconf 88' lang='lat' dir='ltr'><strong>ordine</strong></span> <span class='ocrx_word' id='word_1_100' title='bbox 703 1675 774 1730; x_wconf 89' lang='lat' dir='ltr'><strong>ad</strong></span> <span class='ocrx_word' id='word_1_101' title='bbox 813 1676 1192 1734; x_wconf 83' lang='lat' dir='ltr'><strong>exsistentiam</strong></span> <span class='ocrx_word' id='word_1_102' title='bbox 1219 1679 1564 1750; x_wconf 75' lang='lat' dir='ltr'><strong>simpliciter,</strong></span> <span class='ocrx_word' id='word_1_103' title='bbox 1592 1697 1626 1736; x_wconf 90' lang='grc' dir='ltr'><strong>ο</strong></span> <span class='ocrx_word' id='word_1_104' title='bbox 1686 1696 1805 1736; x_wconf 81' lang='lat' dir='ltr'><strong>vos.</strong></span> <span class='ocrx_word' id='word_1_105' title='bbox 1856 1681 2072 1736; x_wconf 83' lang='lat' dir='ltr'><strong>Novum</strong></span> 
     </span>
    </p>
   </div>
   <div class='ocr_carea' id='block_1_18' title="bbox 481 1763 2073 1840">
    <p class='ocr_par' dir='ltr' id='par_1_18' title="bbox 481 1763 2073 1840">
     <span class='ocr_line' id='line_1_18' title="bbox 481 1763 2073 1840; baseline 0.005 -24"><span class='ocrx_word' id='word_1_106' title='bbox 481 1771 663 1818; x_wconf 88' lang='lat' dir='ltr'><strong>tamen</strong></span> <span class='ocrx_word' id='word_1_107' title='bbox 696 1763 814 1819; x_wconf 80' lang='lat' dir='ltr'><strong>ﬁeri</strong></span> <span class='ocrx_word' id='word_1_108' title='bbox 868 1781 936 1821; x_wconf 82' lang='lat' dir='ltr'><strong>ex</strong></span> <span class='ocrx_word' id='word_1_109' title='bbox 970 1777 1180 1834; x_wconf 85' lang='lat' dir='ltr'><strong>vetere,</strong></span> <span class='ocrx_word' id='word_1_110' title='bbox 1210 1769 1623 1835; x_wconf 78' lang='lat' dir='ltr'><strong>transformari,</strong></span> <span class='ocrx_word' id='word_1_111' title='bbox 1675 1769 2073 1840; x_wconf 86' lang='lat' dir='ltr'><strong>incorruptibi-</strong></span> 
     </span>
    </p>
   </div>
   <div class='ocr_carea' id='block_1_19' title="bbox 2158 653 3754 728">
    <p class='ocr_par' dir='ltr' id='par_1_19' title="bbox 2158 653 3754 728">
     <span class='ocr_line' id='line_1_19' title="bbox 2158 653 3754 728; baseline -0.001 -21"><span class='ocrx_word' id='word_1_112' title='bbox 2158 654 2254 724; x_wconf 72' lang='grc' dir='ltr'><strong>ψιν</strong></span> <span class='ocrx_word' id='word_1_113' title='bbox 2277 655 2372 708; x_wconf 76' lang='grc' dir='ltr'><strong>καὶ</strong></span> <span class='ocrx_word' id='word_1_114' title='bbox 2403 655 2596 708; x_wconf 70' lang='grc' dir='ltr'>ἕνωσιν</span> <span class='ocrx_word' id='word_1_115' title='bbox 2621 654 2856 725; x_wconf 83' lang='grc' dir='ltr'>οὐσιὼδη</span> <span class='ocrx_word' id='word_1_116' title='bbox 2887 653 3076 726; x_wconf 77' lang='grc' dir='ltr'>ἑτέρου</span> <span class='ocrx_word' id='word_1_117' title='bbox 3099 655 3426 728; x_wconf 83' lang='grc' dir='ltr'>πράγματος</span> <span class='ocrx_word' id='word_1_118' title='bbox 3438 655 3538 710; x_wconf 86' lang='grc' dir='ltr'><strong>τοῦ</strong></span> <span class='ocrx_word' id='word_1_119' title='bbox 3554 656 3754 726; x_wconf 79' lang='grc' dir='ltr'>πρώην</span> 
     </span>
    </p>
   </div>
   <div class='ocr_carea' id='block_1_20' title="bbox 2161 743 3140 817">
    <p class='ocr_par' dir='ltr' id='par_1_20' title="bbox 2161 743 3140 817">
     <span class='ocr_line' id='line_1_20' title="bbox 2161 743 3140 817; baseline 0.002 -19"><span class='ocrx_word' id='word_1_120' title='bbox 2161 743 2568 817; x_wconf 79' lang='grc' dir='ltr'>κεχωρισμένου</span> <span class='ocrx_word' id='word_1_121' title='bbox 2593 744 2691 800; x_wconf 78' lang='grc' dir='ltr'>ἀπ’</span> <span class='ocrx_word' id='word_1_122' title='bbox 2718 743 2912 811; x_wconf 84' lang='grc' dir='ltr'>αὐτοῦ,</span> <span class='ocrx_word' id='word_1_123' title='bbox 2936 745 3140 817; x_wconf 75' lang='grc' dir='ltr'>φαμέν.</span> 
     </span>
    </p>
   </div>
   <div class='ocr_carea' id='block_1_21' title="bbox 2726 1029 3152 1087">
    <p class='ocr_par' dir='ltr' id='par_1_21' title="bbox 2726 1029 3152 1087">
     <span class='ocr_line' id='line_1_21' title="bbox 2726 1029 3152 1087; baseline 0 -1"><span class='ocrx_word' id='word_1_124' title='bbox 2726 1029 2980 1086; x_wconf 71' lang='grc' dir='ltr'><strong>ΚΕΦΑΛ.</strong></span> <span class='ocrx_word' id='word_1_125' title='bbox 3017 1029 3152 1087; x_wconf 67' lang='grc' dir='ltr'><strong>ΚΘθ.</strong></span> 
     </span>
    </p>
   </div>
   <div class='ocr_carea' id='block_1_22' title="bbox 2236 1120 3749 1198">
    <p class='ocr_par' dir='ltr' id='par_1_22' title="bbox 2236 1120 3749 1198">
     <span class='ocr_line' id='line_1_22' title="bbox 2236 1120 3749 1198; baseline 0 -20"><span class='ocrx_word' id='word_1_126' title='bbox 2236 1123 2303 1178; x_wconf 75' lang='lat' dir='ltr'><strong>Ei</strong></span> <span class='ocrx_word' id='word_1_127' title='bbox 2329 1120 2423 1178; x_wconf 76' lang='grc' dir='ltr'><strong>τὸν</strong></span> <span class='ocrx_word' id='word_1_128' title='bbox 2450 1121 2682 1196; x_wconf 80' lang='grc' dir='ltr'>οὐρανὸν</span> <span class='ocrx_word' id='word_1_129' title='bbox 2723 1125 2820 1180; x_wconf 78' lang='grc' dir='ltr'><strong>καὶ</strong></span> <span class='ocrx_word' id='word_1_130' title='bbox 2860 1125 2964 1196; x_wconf 84' lang='grc' dir='ltr'><strong>τὴν</strong></span> <span class='ocrx_word' id='word_1_131' title='bbox 2987 1125 3097 1198; x_wconf 83' lang='grc' dir='ltr'>γῆν</span> <span class='ocrx_word' id='word_1_132' title='bbox 3129 1123 3224 1178; x_wconf 72' lang='grc' dir='ltr'><strong>καὶ</strong></span> <span class='ocrx_word' id='word_1_133' title='bbox 3249 1122 3431 1179; x_wconf 82' lang='grc' dir='ltr'>πάντα</span> <span class='ocrx_word' id='word_1_134' title='bbox 3453 1123 3528 1179; x_wconf 87' lang='grc' dir='ltr'><strong>τά</strong></span> <span class='ocrx_word' id='word_1_135' title='bbox 3556 1125 3620 1178; x_wconf 76' lang='grc' dir='ltr'>ἐν</span> <span class='ocrx_word' id='word_1_136' title='bbox 3649 1124 3749 1178; x_wconf 83' lang='grc' dir='ltr'><strong>αὺ-</strong></span> 
     </span>
    </p>
   </div>
   <div class='ocr_carea' id='block_1_23' title="bbox 2164 1215 3753 1289">
    <p class='ocr_par' dir='ltr' id='par_1_23' title="bbox 2164 1215 3753 1289">
     <span class='ocr_line' id='line_1_23' title="bbox 2164 1215 3753 1289; baseline 0.001 -21"><span class='ocrx_word' id='word_1_137' title='bbox 2164 1216 2276 1280; x_wconf 79' lang='grc' dir='ltr'>τοῖς</span> <span class='ocrx_word' id='word_1_138' title='bbox 2308 1215 2410 1289; x_wconf 82' lang='grc' dir='ltr'><strong>ήδη</strong></span> <span class='ocrx_word' id='word_1_139' title='bbox 2460 1216 2592 1271; x_wconf 73' lang='grc' dir='ltr'>ὄντα</span> <span class='ocrx_word' id='word_1_140' title='bbox 2635 1216 2892 1285; x_wconf 65' lang='grc' dir='ltr'>γενέσθαι</span> <span class='ocrx_word' id='word_1_141' title='bbox 2937 1216 3035 1272; x_wconf 90' lang='grc' dir='ltr'><strong>νῦν</strong></span> <span class='ocrx_word' id='word_1_142' title='bbox 3079 1215 3366 1282; x_wconf 82' lang='grc' dir='ltr'>ἀδύνατον,</span> <span class='ocrx_word' id='word_1_143' title='bbox 3411 1215 3506 1270; x_wconf 78' lang='grc' dir='ltr'><strong>τὸν</strong></span> <span class='ocrx_word' id='word_1_144' title='bbox 3539 1217 3753 1270; x_wconf 80' lang='grc' dir='ltr'>τούτων</span> 
     </span>
    </p>
   </div>
   <div class='ocr_carea' id='block_1_24' title="bbox 2165 1303 3754 1378">
    <p class='ocr_par' dir='ltr' id='par_1_24' title="bbox 2165 1303 3754 1378">
     <span class='ocr_line' id='line_1_24' title="bbox 2165 1303 3754 1378; baseline 0.004 -24"><span class='ocrx_word' id='word_1_145' title='bbox 2165 1303 2512 1377; x_wconf 78' lang='grc' dir='ltr'>Δημιουργδν</span> <span class='ocrx_word' id='word_1_146' title='bbox 2558 1304 2668 1376; x_wconf 84' lang='grc' dir='ltr'>πρὸ</span> <span class='ocrx_word' id='word_1_147' title='bbox 2691 1305 2801 1360; x_wconf 86' lang='grc' dir='ltr'><strong>τῶν</strong></span> <span class='ocrx_word' id='word_1_148' title='bbox 2827 1305 3042 1360; x_wconf 83' lang='grc' dir='ltr'>αίὼνων</span> <span class='ocrx_word' id='word_1_149' title='bbox 3070 1306 3138 1359; x_wconf 65' lang='grc' dir='ltr'><strong>ἐκ</strong></span> <span class='ocrx_word' id='word_1_150' title='bbox 3169 1305 3382 1378; x_wconf 79' lang='grc' dir='ltr'>Πατρδς</span> <span class='ocrx_word' id='word_1_151' title='bbox 3413 1309 3754 1378; x_wconf 83' lang='grc' dir='ltr'>γεγεννημέ-</span> 
     </span>
    </p>
   </div>
   <div class='ocr_carea' id='block_1_25' title="bbox 2167 1393 3753 1469">
    <p class='ocr_par' dir='ltr' id='par_1_25' title="bbox 2167 1393 3753 1469">
     <span class='ocr_line' id='line_1_25' title="bbox 2167 1393 3753 1469; baseline 0.003 -22"><span class='ocrx_word' id='word_1_152' title='bbox 2167 1411 2258 1448; x_wconf 91' lang='grc' dir='ltr'><strong>νον</strong></span> <span class='ocrx_word' id='word_1_153' title='bbox 2281 1393 2369 1448; x_wconf 70' lang='grc' dir='ltr'><strong>ἐπ’</strong></span> <span class='ocrx_word' id='word_1_154' title='bbox 2402 1395 2648 1466; x_wconf 72' lang='grc' dir='ltr'>ἐσχάτων</span> <span class='ocrx_word' id='word_1_155' title='bbox 2674 1396 3022 1469; x_wconf 81' lang='grc' dir='ltr'>γεννηθῆναι,</span> <span class='ocrx_word' id='word_1_156' title='bbox 3058 1397 3492 1453; x_wconf 78' lang='grc' dir='ltr'>ἀδυνατώτατον.</span> <span class='ocrx_word' id='word_1_157' title='bbox 3522 1399 3603 1453; x_wconf 73' lang='grc' dir='ltr'><strong>Οὐ</strong></span> <span class='ocrx_word' id='word_1_158' title='bbox 3639 1401 3753 1469; x_wconf 72' lang='grc' dir='ltr'><strong>γὰρ</strong></span> 
     </span>
    </p>
   </div>
   <div class='ocr_carea' id='block_1_26' title="bbox 2165 1486 3754 1562">
    <p class='ocr_par' dir='ltr' id='par_1_26' title="bbox 2165 1486 3754 1562">
     <span class='ocr_line' id='line_1_26' title="bbox 2165 1486 3754 1562; baseline 0.004 -22"><span class='ocrx_word' id='word_1_159' title='bbox 2165 1486 2296 1541; x_wconf 74' lang='grc' dir='ltr'>ὄντα</span> <span class='ocrx_word' id='word_1_160' title='bbox 2316 1486 2526 1554; x_wconf 78' lang='grc' dir='ltr'>ἁπλῶς,</span> <span class='ocrx_word' id='word_1_161' title='bbox 2547 1488 2792 1558; x_wconf 88' lang='grc' dir='ltr'>γίνεσθαι</span> <span class='ocrx_word' id='word_1_162' title='bbox 2817 1489 2966 1558; x_wconf 73' lang='grc' dir='ltr'>λέγει</span> <span class='ocrx_word' id='word_1_163' title='bbox 2991 1507 3098 1556; x_wconf 87' lang='grc' dir='ltr'>τις,</span> <span class='ocrx_word' id='word_1_164' title='bbox 3113 1489 3148 1560; x_wconf 74' lang='grc' dir='ltr'>ἢ</span> <span class='ocrx_word' id='word_1_165' title='bbox 3173 1490 3360 1554; x_wconf 76' lang='grc' dir='ltr'>καὶεῑς</span> <span class='ocrx_word' id='word_1_166' title='bbox 3371 1491 3433 1545; x_wconf 84' lang='grc' dir='ltr'><strong>τὺ</strong></span> <span class='ocrx_word' id='word_1_167' title='bbox 3451 1487 3597 1546; x_wconf 74' lang='grc' dir='ltr'>εἶναι</span> <span class='ocrx_word' id='word_1_168' title='bbox 3622 1510 3754 1562; x_wconf 80' lang='grc' dir='ltr'>γεν-</span> 
     </span>
    </p>
   </div>
   <div class='ocr_carea' id='block_1_27' title="bbox 2168 1575 3754 1654">
    <p class='ocr_par' dir='ltr' id='par_1_27' title="bbox 2168 1575 3754 1654">
     <span class='ocr_line' id='line_1_27' title="bbox 2168 1575 3754 1654; baseline 0.001 -20"><span class='ocrx_word' id='word_1_169' title='bbox 2168 1579 2364 1634; x_wconf 75' lang='grc' dir='ltr'>νᾶσθαι</span> <span class='ocrx_word' id='word_1_170' title='bbox 2407 1579 2594 1644; x_wconf 84' lang='grc' dir='ltr'>ἁπλῶς</span> <span class='ocrx_word' id='word_1_171' title='bbox 2620 1580 2713 1634; x_wconf 81' lang='grc' dir='ltr'>τὸν</span> <span class='ocrx_word' id='word_1_172' title='bbox 2749 1581 2999 1654; x_wconf 80' lang='grc' dir='ltr'>οὐρανὸν,</span> <span class='ocrx_word' id='word_1_173' title='bbox 3035 1575 3081 1636; x_wconf 79' lang='grc' dir='ltr'><strong>ὦ</strong></span> <span class='ocrx_word' id='word_1_174' title='bbox 3127 1576 3274 1637; x_wconf 78' lang='grc' dir='ltr'>οῦτοι</span> <span class='ocrx_word' id='word_1_175' title='bbox 3292 1597 3308 1613; x_wconf 75' lang='grc'><strong>⁸</strong></span> <span class='ocrx_word' id='word_1_176' title='bbox 3337 1583 3531 1637; x_wconf 74' lang='grc' dir='ltr'>καινὸν</span> <span class='ocrx_word' id='word_1_177' title='bbox 3565 1585 3754 1654; x_wconf 74' lang='grc' dir='ltr'>μέντοι</span> 
     </span>
    </p>
   </div>
   <div class='ocr_carea' id='block_1_28' title="bbox 2169 1669 3754 1746">
    <p class='ocr_par' dir='ltr' id='par_1_28' title="bbox 2169 1669 3754 1746">
     <span class='ocr_line' id='line_1_28' title="bbox 2169 1669 3754 1746; baseline 0.001 -21"><span class='ocrx_word' id='word_1_178' title='bbox 2169 1671 2416 1741; x_wconf 86' lang='grc' dir='ltr'>γίνεσθαι</span> <span class='ocrx_word' id='word_1_179' title='bbox 2455 1675 2522 1727; x_wconf 80' lang='grc' dir='ltr'><strong>ὲκ</strong></span> <span class='ocrx_word' id='word_1_180' title='bbox 2551 1671 2803 1740; x_wconf 88' lang='grc' dir='ltr'>παλαιοῦ,</span> <span class='ocrx_word' id='word_1_181' title='bbox 2845 1675 2940 1728; x_wconf 84' lang='grc' dir='ltr'><strong>καὶ</strong></span> <span class='ocrx_word' id='word_1_182' title='bbox 2995 1669 3620 1746; x_wconf 79' lang='grc' dir='ltr'>μετασχηματίζεσθαι,</span> <span class='ocrx_word' id='word_1_183' title='bbox 3654 1678 3754 1729; x_wconf 73' lang='grc' dir='ltr'><strong>καὶ</strong></span> 
     </span>
    </p>
   </div>
   <div class='ocr_carea' id='block_1_29' title="bbox 2170 1759 3757 1837">
    <p class='ocr_par' dir='ltr' id='par_1_29' title="bbox 2170 1759 3757 1837">
     <span class='ocr_line' id='line_1_29' title="bbox 2170 1759 3757 1837; baseline -0.001 -19"><span class='ocrx_word' id='word_1_184' title='bbox 2170 1763 2484 1837; x_wconf 80' lang='grc' dir='ltr'><strong>ἀφθαρσίαν</strong></span> <span class='ocrx_word' id='word_1_185' title='bbox 2513 1763 2911 1834; x_wconf 79' lang='grc' dir='ltr'>ἀμφιέννυσθαι</span> <span class='ocrx_word' id='word_1_186' title='bbox 2933 1765 3072 1835; x_wconf 81' lang='grc' dir='ltr'>μετὰ</span> <span class='ocrx_word' id='word_1_187' title='bbox 3091 1759 3192 1836; x_wconf 81' lang='grc' dir='ltr'><strong>τῆς</strong></span> <span class='ocrx_word' id='word_1_188' title='bbox 3213 1766 3409 1836; x_wconf 83' lang='grc' dir='ltr'>λοιπῆς</span> <span class='ocrx_word' id='word_1_189' title='bbox 3419 1765 3618 1836; x_wconf 80' lang='grc' dir='ltr'>ἑτέρας</span> <span class='ocrx_word' id='word_1_190' title='bbox 3637 1765 3757 1818; x_wconf 84' lang='grc' dir='ltr'>κτί-</span> 
     </span>
    </p>
   </div>
   <div class='ocr_carea' id='block_1_30' title="bbox 482 1853 2073 1934">
    <p class='ocr_par' dir='ltr' id='par_1_30' title="bbox 482 1853 2068 1930">
     <span class='ocr_line' id='line_1_30' title="bbox 482 1853 2068 1930; baseline 0.006 -23"><span class='ocrx_word' id='word_1_191' title='bbox 482 1853 695 1910; x_wconf 89' lang='lat' dir='ltr'><strong>litatem</strong></span> <span class='ocrx_word' id='word_1_192' title='bbox 720 1857 909 1912; x_wconf 86' lang='lat' dir='ltr'><strong>vestiri</strong></span> <span class='ocrx_word' id='word_1_193' title='bbox 945 1875 1071 1914; x_wconf 92' lang='lat' dir='ltr'><strong>cum</strong></span> <span class='ocrx_word' id='word_1_194' title='bbox 1120 1860 1331 1930; x_wconf 89' lang='lat' dir='ltr'><strong>reliqua</strong></span> <span class='ocrx_word' id='word_1_195' title='bbox 1363 1862 1469 1916; x_wconf 92' lang='lat' dir='ltr'><strong>alia</strong></span> <span class='ocrx_word' id='word_1_196' title='bbox 1496 1862 1795 1928; x_wconf 88' lang='lat' dir='ltr'><strong>creatione,</strong></span> <span class='ocrx_word' id='word_1_197' title='bbox 1844 1862 2068 1916; x_wconf 88' lang='lat' dir='ltr'><strong>liberari</strong></span> 
     </span>
    </p>
   </div>
   <div class='ocr_carea' id='block_1_31' title="bbox 2177 1853 3756 1934">
    <p class='ocr_par' dir='ltr' id='par_1_31' title="bbox 2177 1861 3756 1934">
     <span class='ocr_line' id='line_1_31' title="bbox 2177 1861 3756 1934; baseline 0.002 -20"><span class='ocrx_word' id='word_1_198' title='bbox 2177 1877 2333 1927; x_wconf 87' lang='grc' dir='ltr'>σεως,</span> <span class='ocrx_word' id='word_1_199' title='bbox 2360 1861 2456 1916; x_wconf 67' lang='grc' dir='ltr'><strong>καὶ</strong></span> <span class='ocrx_word' id='word_1_200' title='bbox 2475 1861 2894 1934; x_wconf 78' lang='grc' dir='ltr'>ὲλευθεροῦσθαι</span> <span class='ocrx_word' id='word_1_201' title='bbox 2911 1863 2977 1917; x_wconf 81' lang='grc' dir='ltr'><strong>ὲκ</strong></span> <span class='ocrx_word' id='word_1_202' title='bbox 2999 1866 3101 1934; x_wconf 77' lang='grc' dir='ltr'>τῆς</span> <span class='ocrx_word' id='word_1_203' title='bbox 3117 1863 3364 1926; x_wconf 77' lang='grc' dir='ltr'><strong>δουλείας</strong></span> <span class='ocrx_word' id='word_1_204' title='bbox 3388 1863 3493 1933; x_wconf 83' lang='grc' dir='ltr'>τῆς</span> <span class='ocrx_word' id='word_1_205' title='bbox 3519 1863 3756 1933; x_wconf 74' lang='grc' dir='ltr'>φθορᾶς.</span> 
     </span>
    </p>
   </div>
   <div class='ocr_carea' id='block_1_32' title="bbox 477 1949 2070 2022">
    <p class='ocr_par' dir='ltr' id='par_1_32' title="bbox 477 1949 2070 2022">
     <span class='ocr_line' id='line_1_32' title="bbox 477 1949 2070 2022; baseline 0.003 -21"><span class='ocrx_word' id='word_1_206' title='bbox 477 1962 510 2001; x_wconf 85' lang='lat' dir='ltr'><strong>a</strong></span> <span class='ocrx_word' id='word_1_207' title='bbox 550 1949 816 2005; x_wconf 84' lang='lat' dir='ltr'><strong>servitute</strong></span> <span class='ocrx_word' id='word_1_208' title='bbox 839 1951 1232 2021; x_wconf 87' lang='lat' dir='ltr'><strong>corruptionis,</strong></span> <span class='ocrx_word' id='word_1_209' title='bbox 1277 1952 1420 2008; x_wconf 86' lang='lat' dir='ltr'><strong>sicut</strong></span> <span class='ocrx_word' id='word_1_210' title='bbox 1448 1962 1638 2008; x_wconf 87' lang='lat' dir='ltr'><strong>nostra</strong></span> <span class='ocrx_word' id='word_1_211' title='bbox 1692 1967 1926 2022; x_wconf 88' lang='lat' dir='ltr'><strong>corpora</strong></span> <span class='ocrx_word' id='word_1_212' title='bbox 1987 1952 2070 2005; x_wconf 89' lang='lat' dir='ltr'><strong>vi-</strong></span> 
     </span>
    </p>
   </div>
   <div class='ocr_carea' id='block_1_33' title="bbox 484 2039 2073 2114">
    <p class='ocr_par' dir='ltr' id='par_1_33' title="bbox 484 2039 2073 2114">
     <span class='ocr_line' id='line_1_33' title="bbox 484 2039 2073 2114; baseline 0.004 -22"><span class='ocrx_word' id='word_1_213' title='bbox 484 2046 537 2092; x_wconf 90' lang='lat' dir='ltr'><strong>ta</strong></span> <span class='ocrx_word' id='word_1_214' title='bbox 561 2039 756 2096; x_wconf 87' lang='lat' dir='ltr'><strong>induta</strong></span> <span class='ocrx_word' id='word_1_215' title='bbox 787 2057 957 2112; x_wconf 86' lang='lat' dir='ltr'><strong>super</strong></span> <span class='ocrx_word' id='word_1_216' title='bbox 995 2043 1252 2106; x_wconf 87' lang='lat' dir='ltr'><strong>mortale.</strong></span> <span class='ocrx_word' id='word_1_217' title='bbox 1310 2054 1368 2100; x_wconf 91' lang='lat' dir='ltr'><strong>et</strong></span> <span class='ocrx_word' id='word_1_218' title='bbox 1418 2046 1734 2114; x_wconf 88' lang='lat' dir='ltr'><strong>incorrupta</strong></span> <span class='ocrx_word' id='word_1_219' title='bbox 1782 2059 2073 2114; x_wconf 81' lang='lat' dir='ltr'><strong>resurgen-</strong></span> 
     </span>
    </p>
   </div>
   <div class='ocr_carea' id='block_1_34' title="bbox 482 2133 2071 2207">
    <p class='ocr_par' dir='ltr' id='par_1_34' title="bbox 482 2133 2071 2207">
     <span class='ocr_line' id='line_1_34' title="bbox 482 2133 2071 2207; baseline 0.002 -19"><span class='ocrx_word' id='word_1_220' title='bbox 482 2133 580 2194; x_wconf 89' lang='lat' dir='ltr'><strong>tia,</strong></span> <span class='ocrx_word' id='word_1_221' title='bbox 609 2148 805 2188; x_wconf 92' lang='lat' dir='ltr'><strong>omnes</strong></span> <span class='ocrx_word' id='word_1_222' title='bbox 841 2135 896 2188; x_wconf 92' lang='lat' dir='ltr'><strong>in</strong></span> <span class='ocrx_word' id='word_1_223' title='bbox 936 2135 1140 2204; x_wconf 88' lang='lat' dir='ltr'><strong>pietate</strong></span> <span class='ocrx_word' id='word_1_224' title='bbox 1198 2136 1432 2192; x_wconf 89' lang='lat' dir='ltr'><strong>enutriti</strong></span> <span class='ocrx_word' id='word_1_225' title='bbox 1485 2136 1840 2192; x_wconf 83' lang='lat' dir='ltr'><strong>conﬁtentur.</strong></span> <span class='ocrx_word' id='word_1_226' title='bbox 1898 2137 2071 2207; x_wconf 80' lang='lat' dir='ltr'><strong>Igitur</strong></span> 
     </span>
    </p>
   </div>
   <div class='ocr_carea' id='block_1_35' title="bbox 477 2225 2070 2300">
    <p class='ocr_par' dir='ltr' id='par_1_35' title="bbox 477 2225 2070 2300">
     <span class='ocr_line' id='line_1_35' title="bbox 477 2225 2070 2300; baseline 0.002 -21"><span class='ocrx_word' id='word_1_227' title='bbox 477 2225 632 2294; x_wconf 78' lang='lat' dir='ltr'><strong>juxta</strong></span> <span class='ocrx_word' id='word_1_228' title='bbox 658 2241 777 2289; x_wconf 88' lang='lat' dir='ltr'><strong>vos,</strong></span> <span class='ocrx_word' id='word_1_229' title='bbox 807 2241 932 2281; x_wconf 93' lang='lat' dir='ltr'><strong>cum</strong></span> <span class='ocrx_word' id='word_1_230' title='bbox 955 2227 1193 2284; x_wconf 90' lang='lat' dir='ltr'><strong>mundus</strong></span> <span class='ocrx_word' id='word_1_231' title='bbox 1234 2229 1346 2300; x_wconf 90' lang='lat' dir='ltr'><strong>jam</strong></span> <span class='ocrx_word' id='word_1_232' title='bbox 1375 2229 1448 2284; x_wconf 92' lang='lat' dir='ltr'><strong>sit</strong></span> <span class='ocrx_word' id='word_1_233' title='bbox 1476 2228 1660 2298; x_wconf 90' lang='lat' dir='ltr'><strong>aliquo</strong></span> <span class='ocrx_word' id='word_1_234' title='bbox 1695 2229 1881 2295; x_wconf 90' lang='lat' dir='ltr'><strong>modo,</strong></span> <span class='ocrx_word' id='word_1_235' title='bbox 1914 2243 2070 2284; x_wconf 90' lang='lat' dir='ltr'><strong>nem-</strong></span> 
     </span>
    </p>
   </div>
   <div class='ocr_carea' id='block_1_36' title="bbox 481 2318 2071 2387">
    <p class='ocr_par' dir='ltr' id='par_1_36' title="bbox 481 2318 2071 2387">
     <span class='ocr_line' id='line_1_36' title="bbox 481 2318 2071 2387; baseline 0.004 -17"><span class='ocrx_word' id='word_1_236' title='bbox 481 2331 550 2386; x_wconf 88' lang='lat' dir='ltr'><strong>pe</strong></span> <span class='ocrx_word' id='word_1_237' title='bbox 585 2318 986 2387; x_wconf 88' lang='lat' dir='ltr'><strong>corruptibilis,</strong></span> <span class='ocrx_word' id='word_1_238' title='bbox 1017 2335 1128 2374; x_wconf 83' lang='lat' dir='ltr'><strong>non</strong></span> <span class='ocrx_word' id='word_1_239' title='bbox 1157 2319 1408 2376; x_wconf 89' lang='lat' dir='ltr'><strong>dicemus</strong></span> <span class='ocrx_word' id='word_1_240' title='bbox 1459 2336 1585 2376; x_wconf 94' lang='lat' dir='ltr'><strong>eum</strong></span> <span class='ocrx_word' id='word_1_241' title='bbox 1629 2322 1930 2377; x_wconf 89' lang='lat' dir='ltr'><strong>secundum</strong></span> <span class='ocrx_word' id='word_1_242' title='bbox 1983 2321 2071 2376; x_wconf 86' lang='lat' dir='ltr'><strong>in-</strong></span> 
     </span>
    </p>
   </div>
   <div class='ocr_carea' id='block_1_37' title="bbox 482 2407 2069 2482">
    <p class='ocr_par' dir='ltr' id='par_1_37' title="bbox 482 2407 2069 2482">
     <span class='ocr_line' id='line_1_37' title="bbox 482 2407 2069 2482; baseline 0.004 -23"><span class='ocrx_word' id='word_1_243' title='bbox 482 2407 1008 2476; x_wconf 89' lang='lat' dir='ltr'><strong>corruptibilitatem</strong></span> <span class='ocrx_word' id='word_1_244' title='bbox 1032 2409 1171 2476; x_wconf 79' lang='lat' dir='ltr'><strong>ﬁeri,</strong></span> <span class='ocrx_word' id='word_1_245' title='bbox 1207 2411 1324 2466; x_wconf 91' lang='lat' dir='ltr'><strong>sive</strong></span> <span class='ocrx_word' id='word_1_246' title='bbox 1361 2411 1676 2480; x_wconf 75' lang='lat' dir='ltr'><strong>regenerari</strong></span> <span class='ocrx_word' id='word_1_247' title='bbox 1711 2411 1901 2482; x_wconf 91' lang='lat' dir='ltr'><strong>:quod</strong></span> <span class='ocrx_word' id='word_1_248' title='bbox 1919 2412 2069 2466; x_wconf 88' lang='lat' dir='ltr'><strong>enim</strong></span> 
     </span>
    </p>
   </div>
   <div class='ocr_carea' id='block_1_38' title="bbox 482 2499 2068 2575">
    <p class='ocr_par' dir='ltr' id='par_1_38' title="bbox 482 2499 2068 2575">
     <span class='ocr_line' id='line_1_38' title="bbox 482 2499 2068 2575; baseline 0.005 -24"><span class='ocrx_word' id='word_1_249' title='bbox 482 2506 587 2563; x_wconf 89' lang='lat' dir='ltr'><strong>est,</strong></span> <span class='ocrx_word' id='word_1_250' title='bbox 622 2499 870 2568; x_wconf 85' lang='lat' dir='ltr'><strong>inquitis,</strong></span> <span class='ocrx_word' id='word_1_251' title='bbox 898 2517 1007 2555; x_wconf 93' lang='lat' dir='ltr'><strong>non</strong></span> <span class='ocrx_word' id='word_1_252' title='bbox 1042 2502 1136 2566; x_wconf 82' lang='lat' dir='ltr'><strong>ﬁt;</strong></span> <span class='ocrx_word' id='word_1_253' title='bbox 1159 2517 1272 2556; x_wconf 89' lang='lat' dir='ltr'><strong>non</strong></span> <span class='ocrx_word' id='word_1_254' title='bbox 1309 2503 1634 2575; x_wconf 90' lang='lat' dir='ltr'><strong>abjicientes</strong></span> <span class='ocrx_word' id='word_1_255' title='bbox 1657 2503 1790 2558; x_wconf 91' lang='lat' dir='ltr'><strong>illud</strong></span> <span class='ocrx_word' id='word_1_256' title='bbox 1811 2519 1920 2558; x_wconf 93' lang='lat' dir='ltr'><strong>non</strong></span> <span class='ocrx_word' id='word_1_257' title='bbox 1948 2505 2068 2560; x_wconf 80' lang='lat' dir='ltr'><strong>ﬁeri</strong></span> 
     </span>
    </p>
   </div>
   <div class='ocr_carea' id='block_1_39' title="bbox 487 2589 2071 2666">
    <p class='ocr_par' dir='ltr' id='par_1_39' title="bbox 487 2589 2071 2666">
     <span class='ocr_line' id='line_1_39' title="bbox 487 2589 2071 2666; baseline 0.006 -23"><span class='ocrx_word' id='word_1_258' title='bbox 487 2589 542 2644; x_wconf 92' lang='lat' dir='ltr'><strong>id</strong></span> <span class='ocrx_word' id='word_1_259' title='bbox 567 2590 712 2659; x_wconf 90' lang='lat' dir='ltr'><strong>quod</strong></span> <span class='ocrx_word' id='word_1_260' title='bbox 741 2601 846 2656; x_wconf 90' lang='lat' dir='ltr'><strong>est,</strong></span> <span class='ocrx_word' id='word_1_261' title='bbox 895 2593 988 2648; x_wconf 90' lang='lat' dir='ltr'><strong>sed</strong></span> <span class='ocrx_word' id='word_1_262' title='bbox 1034 2609 1137 2650; x_wconf 90' lang='lat' dir='ltr'><strong>nec</strong></span> <span class='ocrx_word' id='word_1_263' title='bbox 1168 2595 1532 2651; x_wconf 84' lang='lat' dir='ltr'><strong>concedentes</strong></span> <span class='ocrx_word' id='word_1_264' title='bbox 1557 2595 1690 2650; x_wconf 91' lang='lat' dir='ltr'><strong>illud</strong></span> <span class='ocrx_word' id='word_1_265' title='bbox 1719 2595 1867 2666; x_wconf 92' lang='lat' dir='ltr'><strong>quod</strong></span> <span class='ocrx_word' id='word_1_266' title='bbox 1895 2597 2071 2666; x_wconf 86' lang='lat' dir='ltr'><strong>quali-</strong></span> 
     </span>
    </p>
   </div>
   <div class='ocr_carea' id='block_1_40' title="bbox 486 2687 2068 2758">
    <p class='ocr_par' dir='ltr' id='par_1_40' title="bbox 486 2687 2068 2758">
     <span class='ocr_line' id='line_1_40' title="bbox 486 2687 2068 2758; baseline 0.006 -22"><span class='ocrx_word' id='word_1_267' title='bbox 486 2694 706 2754; x_wconf 89' lang='lat' dir='ltr'><strong>cunque</strong></span> <span class='ocrx_word' id='word_1_268' title='bbox 733 2687 896 2742; x_wconf 89' lang='lat' dir='ltr'><strong>modo</strong></span> <span class='ocrx_word' id='word_1_269' title='bbox 921 2696 1006 2743; x_wconf 91' lang='lat' dir='ltr'><strong>est</strong></span> <span class='ocrx_word' id='word_1_270' title='bbox 1031 2688 1150 2745; x_wconf 82' lang='lat' dir='ltr'><strong>ﬁeri</strong></span> <span class='ocrx_word' id='word_1_271' title='bbox 1185 2688 1241 2744; x_wconf 92' lang='lat' dir='ltr'><strong>id</strong></span> <span class='ocrx_word' id='word_1_272' title='bbox 1273 2689 1422 2758; x_wconf 90' lang='lat' dir='ltr'><strong>quod</strong></span> <span class='ocrx_word' id='word_1_273' title='bbox 1448 2706 1562 2745; x_wconf 88' lang='lat' dir='ltr'><strong>non</strong></span> <span class='ocrx_word' id='word_1_274' title='bbox 1592 2697 1699 2746; x_wconf 90' lang='lat' dir='ltr'><strong>est.</strong></span> <span class='ocrx_word' id='word_1_275' title='bbox 1750 2690 2068 2746; x_wconf 88' lang='lat' dir='ltr'><strong>Secundum</strong></span> 
     </span>
    </p>
   </div>
   <div class='ocr_carea' id='block_1_41' title="bbox 483 2781 2068 2854">
    <p class='ocr_par' dir='ltr' id='par_1_41' title="bbox 483 2781 2068 2854">
     <span class='ocr_line' id='line_1_41' title="bbox 483 2781 2068 2854; baseline 0.004 -22"><span class='ocrx_word' id='word_1_276' title='bbox 483 2790 667 2834; x_wconf 90' lang='lat' dir='ltr'><strong>autem</strong></span> <span class='ocrx_word' id='word_1_277' title='bbox 697 2781 817 2836; x_wconf 69' lang='lat' dir='ltr'><strong>haec</strong></span> <span class='ocrx_word' id='word_1_278' title='bbox 839 2790 1024 2836; x_wconf 89' lang='lat' dir='ltr'><strong>vestra</strong></span> <span class='ocrx_word' id='word_1_279' title='bbox 1060 2783 1306 2849; x_wconf 83' lang='lat' dir='ltr'><strong>oracula,</strong></span> <span class='ocrx_word' id='word_1_280' title='bbox 1356 2797 1460 2838; x_wconf 84' lang='lat' dir='ltr'><strong>nec</strong></span> <span class='ocrx_word' id='word_1_281' title='bbox 1509 2783 1874 2853; x_wconf 88' lang='lat' dir='ltr'><strong>corruptibile</strong></span> <span class='ocrx_word' id='word_1_282' title='bbox 1932 2783 2068 2854; x_wconf 89' lang='lat' dir='ltr'><strong>quid</strong></span> 
     </span>
    </p>
   </div>
   <div class='ocr_carea' id='block_1_42' title="bbox 483 2867 2068 2944">
    <p class='ocr_par' dir='ltr' id='par_1_42' title="bbox 483 2867 2068 2944">
     <span class='ocr_line' id='line_1_42' title="bbox 483 2867 2068 2944; baseline 0.004 -22"><span class='ocrx_word' id='word_1_283' title='bbox 483 2867 908 2940; x_wconf 89' lang='lat' dir='ltr'><strong>incorruptibile</strong></span> <span class='ocrx_word' id='word_1_284' title='bbox 932 2872 1237 2928; x_wconf 88' lang='lat' dir='ltr'><strong>secundum</strong></span> <span class='ocrx_word' id='word_1_285' title='bbox 1283 2880 1528 2928; x_wconf 89' lang='lat' dir='ltr'><strong>nostram</strong></span> <span class='ocrx_word' id='word_1_286' title='bbox 1569 2872 1866 2928; x_wconf 85' lang='lat' dir='ltr'><strong>salutarem</strong></span> <span class='ocrx_word' id='word_1_287' title='bbox 1913 2889 2068 2944; x_wconf 83' lang='lat' dir='ltr'><strong>spem</strong></span> 
     </span>
    </p>
   </div>
   <div class='ocr_carea' id='block_1_43' title="bbox 483 2959 2071 3034">
    <p class='ocr_par' dir='ltr' id='par_1_43' title="bbox 483 2959 2071 3034">
     <span class='ocr_line' id='line_1_43' title="bbox 483 2959 2071 3034; baseline 0.004 -20"><span class='ocrx_word' id='word_1_288' title='bbox 483 2959 671 3017; x_wconf 90' lang='lat' dir='ltr'><strong>dicere</strong></span> <span class='ocrx_word' id='word_1_289' title='bbox 703 2963 960 3034; x_wconf 89' lang='lat' dir='ltr'><strong>cuiquam</strong></span> <span class='ocrx_word' id='word_1_290' title='bbox 1016 2978 1342 3021; x_wconf 84' lang='lat' dir='ltr'><strong>concessum</strong></span> <span class='ocrx_word' id='word_1_291' title='bbox 1372 2973 1459 3020; x_wconf 91' lang='lat' dir='ltr'><strong>est</strong></span> <span class='ocrx_word' id='word_1_292' title='bbox 1487 2983 1502 3020; x_wconf 88' lang='lat'><strong>:</strong></span> <span class='ocrx_word' id='word_1_293' title='bbox 1533 2963 1768 3030; x_wconf 84' lang='lat' dir='ltr'><strong>scilicet,</strong></span> <span class='ocrx_word' id='word_1_294' title='bbox 1797 2981 1922 3021; x_wconf 93' lang='lat' dir='ltr'><strong>cum</strong></span> <span class='ocrx_word' id='word_1_295' title='bbox 1945 2981 2071 3021; x_wconf 83' lang='lat' dir='ltr'><strong>cor-</strong></span> 
     </span>
    </p>
   </div>
   <div class='ocr_carea' id='block_1_44' title="bbox 485 3053 2070 3134">
    <p class='ocr_par' dir='ltr' id='par_1_44' title="bbox 485 3053 2070 3134">
     <span class='ocr_line' id='line_1_44' title="bbox 485 3053 2070 3134; baseline 0.006 -27"><span class='ocrx_word' id='word_1_296' title='bbox 485 3053 748 3134; x_wconf 84' lang='lat' dir='ltr'><strong>ruptibile</strong></span> <span class='ocrx_word' id='word_1_297' title='bbox 770 3055 1035 3112; x_wconf 88' lang='lat' dir='ltr'><strong>inductus</strong></span> <span class='ocrx_word' id='word_1_298' title='bbox 1058 3067 1222 3114; x_wconf 88' lang='lat' dir='ltr'><strong>natus</strong></span> <span class='ocrx_word' id='word_1_299' title='bbox 1249 3057 1325 3114; x_wconf 89' lang='lat' dir='ltr'><strong>sit</strong></span> <span class='ocrx_word' id='word_1_300' title='bbox 1367 3057 1558 3125; x_wconf 86' lang='lat' dir='ltr'><strong>homo,</strong></span> <span class='ocrx_word' id='word_1_301' title='bbox 1587 3058 1951 3130; x_wconf 86' lang='lat' dir='ltr'><strong>corruptibile</strong></span> <span class='ocrx_word' id='word_1_302' title='bbox 1981 3060 2070 3116; x_wconf 87' lang='lat' dir='ltr'><strong>in-</strong></span> 
     </span>
    </p>
   </div>
   <div class='ocr_carea' id='block_1_45' title="bbox 487 3146 1002 3205">
    <p class='ocr_par' dir='ltr' id='par_1_45' title="bbox 487 3146 1002 3205">
     <span class='ocr_line' id='line_1_45' title="bbox 487 3146 1002 3205; baseline 0.006 -3"><span class='ocrx_word' id='word_1_303' title='bbox 487 3146 608 3202; x_wconf 92' lang='lat' dir='ltr'><strong>duti</strong></span> <span class='ocrx_word' id='word_1_304' title='bbox 634 3150 1002 3205; x_wconf 85' lang='lat' dir='ltr'><strong>renascimur.</strong></span> 
     </span>
    </p>
   </div>
   <div class='ocr_carea' id='block_1_46' title="bbox 1081 3262 1460 3322">
    <p class='ocr_par' dir='ltr' id='par_1_46' title="bbox 1081 3262 1460 3322">
     <span class='ocr_line' id='line_1_46' title="bbox 1081 3262 1460 3322; baseline 0.005 -3"><span class='ocrx_word' id='word_1_305' title='bbox 1081 3262 1235 3319; x_wconf 89' lang='lat' dir='ltr'><strong>CAP.</strong></span> <span class='ocrx_word' id='word_1_306' title='bbox 1285 3262 1460 3322; x_wconf 90' lang='lat' dir='ltr'><strong>XXX.</strong></span> 
     </span>
    </p>
   </div>
   <div class='ocr_carea' id='block_1_47' title="bbox 554 3363 2067 3434">
    <p class='ocr_par' dir='ltr' id='par_1_47' title="bbox 554 3363 2067 3434">
     <span class='ocr_line' id='line_1_47' title="bbox 554 3363 2067 3434; baseline 0.003 -14"><span class='ocrx_word' id='word_1_307' title='bbox 554 3363 610 3421; x_wconf 90' lang='lat' dir='ltr'><strong>Si</strong></span> <span class='ocrx_word' id='word_1_308' title='bbox 634 3365 942 3422; x_wconf 88' lang='lat' dir='ltr'><strong>admittitur</strong></span> <span class='ocrx_word' id='word_1_309' title='bbox 964 3367 1085 3424; x_wconf 87' lang='lat' dir='ltr'><strong>heri</strong></span> <span class='ocrx_word' id='word_1_310' title='bbox 1114 3367 1235 3424; x_wconf 83' lang='lat' dir='ltr'><strong>ﬁeri</strong></span> <span class='ocrx_word' id='word_1_311' title='bbox 1267 3385 1410 3434; x_wconf 90' lang='lat' dir='ltr'><strong>cras,</strong></span> <span class='ocrx_word' id='word_1_312' title='bbox 1465 3368 1791 3425; x_wconf 85' lang='lat' dir='ltr'><strong>admittatur</strong></span> <span class='ocrx_word' id='word_1_313' title='bbox 1821 3377 1878 3426; x_wconf 90' lang='lat' dir='ltr'><strong>et</strong></span> <span class='ocrx_word' id='word_1_314' title='bbox 1922 3369 2067 3425; x_wconf 74' lang='lat' dir='ltr'><strong>exsi-</strong></span> 
     </span>
    </p>
   </div>
   <div class='ocr_carea' id='block_1_48' title="bbox 486 3459 2071 3533">
    <p class='ocr_par' dir='ltr' id='par_1_48' title="bbox 486 3459 2071 3533">
     <span class='ocr_line' id='line_1_48' title="bbox 486 3459 2071 3533; baseline 0.003 -21"><span class='ocrx_word' id='word_1_315' title='bbox 486 3467 722 3514; x_wconf 86' lang='lat' dir='ltr'><strong>stentem</strong></span> <span class='ocrx_word' id='word_1_316' title='bbox 752 3459 821 3514; x_wconf 90' lang='lat' dir='ltr'><strong>ab</strong></span> <span class='ocrx_word' id='word_1_317' title='bbox 847 3460 1127 3516; x_wconf 76' lang='lat' dir='ltr'><strong>aeternoin</strong></span> <span class='ocrx_word' id='word_1_318' title='bbox 1149 3461 1464 3516; x_wconf 89' lang='lat' dir='ltr'><strong>novissimis</strong></span> <span class='ocrx_word' id='word_1_319' title='bbox 1479 3462 1664 3533; x_wconf 77' lang='lat' dir='ltr'><strong>gigni:</strong></span> <span class='ocrx_word' id='word_1_320' title='bbox 1696 3461 1791 3518; x_wconf 91' lang='lat' dir='ltr'><strong>sed</strong></span> <span class='ocrx_word' id='word_1_321' title='bbox 1828 3461 2071 3533; x_wconf 89' lang='lat' dir='ltr'><strong>primum</strong></span> 
     </span>
    </p>
   </div>
   <div class='ocr_carea' id='block_1_49' title="bbox 487 3551 2068 3625">
    <p class='ocr_par' dir='ltr' id='par_1_49' title="bbox 487 3551 2068 3625">
     <span class='ocr_line' id='line_1_49' title="bbox 487 3551 2068 3625; baseline 0.004 -21"><span class='ocrx_word' id='word_1_322' title='bbox 487 3551 864 3622; x_wconf 86' lang='lat' dir='ltr'><strong>impossibile;</strong></span> <span class='ocrx_word' id='word_1_323' title='bbox 909 3569 1041 3625; x_wconf 82' lang='lat' dir='ltr'><strong>ergo</strong></span> <span class='ocrx_word' id='word_1_324' title='bbox 1069 3563 1126 3609; x_wconf 88' lang='lat' dir='ltr'><strong>et</strong></span> <span class='ocrx_word' id='word_1_325' title='bbox 1177 3555 1504 3618; x_wconf 90' lang='lat' dir='ltr'><strong>secundum,</strong></span> <span class='ocrx_word' id='word_1_326' title='bbox 1544 3570 1642 3624; x_wconf 89' lang='lat' dir='ltr'><strong>per</strong></span> <span class='ocrx_word' id='word_1_327' title='bbox 1668 3555 2068 3610; x_wconf 79' lang='lat' dir='ltr'><strong>extensionem.</strong></span> 
     </span>
    </p>
   </div>
   <div class='ocr_carea' id='block_1_50' title="bbox 484 3643 2072 3718">
    <p class='ocr_par' dir='ltr' id='par_1_50' title="bbox 484 3643 2072 3718">
     <span class='ocr_line' id='line_1_50' title="bbox 484 3643 2072 3718; baseline 0.003 -21"><span class='ocrx_word' id='word_1_328' title='bbox 484 3643 613 3698; x_wconf 92' lang='lat' dir='ltr'><strong>—Si</strong></span> <span class='ocrx_word' id='word_1_329' title='bbox 650 3643 984 3699; x_wconf 83' lang='lat' dir='ltr'><strong>dixissemus</strong></span> <span class='ocrx_word' id='word_1_330' title='bbox 1036 3645 1261 3714; x_wconf 82' lang='lat' dir='ltr'><strong>quidem</strong></span> <span class='ocrx_word' id='word_1_331' title='bbox 1317 3661 1418 3718; x_wconf 90' lang='lat' dir='ltr'><strong>per</strong></span> <span class='ocrx_word' id='word_1_332' title='bbox 1467 3647 1828 3702; x_wconf 88' lang='lat' dir='ltr'><strong>mutationem</strong></span> <span class='ocrx_word' id='word_1_333' title='bbox 1878 3647 2072 3702; x_wconf 63' lang='lat' dir='ltr'><strong>aeterni</strong></span> 
     </span>
    </p>
   </div>
   <div class='ocr_carea' id='block_1_51' title="bbox 486 3731 2071 3806">
    <p class='ocr_par' dir='ltr' id='par_1_51' title="bbox 486 3731 2071 3806">
     <span class='ocr_line' id='line_1_51' title="bbox 486 3731 2071 3806; baseline 0.003 -20"><span class='ocrx_word' id='word_1_334' title='bbox 486 3731 743 3788; x_wconf 90' lang='lat' dir='ltr'><strong>eumdem</strong></span> <span class='ocrx_word' id='word_1_335' title='bbox 775 3734 891 3788; x_wconf 81' lang='lat' dir='ltr'><strong>ﬁeri</strong></span> <span class='ocrx_word' id='word_1_336' title='bbox 923 3735 1304 3806; x_wconf 91' lang='lat' dir='ltr'><strong>temporalem,</strong></span> <span class='ocrx_word' id='word_1_337' title='bbox 1365 3735 1598 3806; x_wconf 87' lang='lat' dir='ltr'><strong>pulchre</strong></span> <span class='ocrx_word' id='word_1_338' title='bbox 1641 3751 1830 3790; x_wconf 87' lang='lat' dir='ltr'><strong>revera</strong></span> <span class='ocrx_word' id='word_1_339' title='bbox 1856 3735 2071 3791; x_wconf 89' lang='lat' dir='ltr'><strong>dicere-</strong></span> 
     </span>
    </p>
   </div>
   <div class='ocr_carea' id='block_1_52' title="bbox 490 3822 2073 3895">
    <p class='ocr_par' dir='ltr' id='par_1_52' title="bbox 490 3822 2073 3895">
     <span class='ocr_line' id='line_1_52' title="bbox 490 3822 2073 3895; baseline 0.001 -18"><span class='ocrx_word' id='word_1_340' title='bbox 490 3822 580 3877; x_wconf 89' lang='lat' dir='ltr'><strong>tis.</strong></span> <span class='ocrx_word' id='word_1_341' title='bbox 628 3822 684 3877; x_wconf 89' lang='lat' dir='ltr'><strong>Si</strong></span> <span class='ocrx_word' id='word_1_342' title='bbox 716 3832 926 3890; x_wconf 90' lang='lat' dir='ltr'><strong>autem,</strong></span> <span class='ocrx_word' id='word_1_343' title='bbox 960 3825 1066 3879; x_wconf 89' lang='lat' dir='ltr'><strong>hoc</strong></span> <span class='ocrx_word' id='word_1_344' title='bbox 1097 3825 1198 3895; x_wconf 90' lang='lat' dir='ltr'><strong>ipsi</strong></span> <span class='ocrx_word' id='word_1_345' title='bbox 1230 3834 1447 3880; x_wconf 81' lang='lat' dir='ltr'><strong>servato</strong></span> <span class='ocrx_word' id='word_1_346' title='bbox 1475 3823 1619 3895; x_wconf 92' lang='lat' dir='ltr'><strong>quod</strong></span> <span class='ocrx_word' id='word_1_347' title='bbox 1639 3833 1778 3890; x_wconf 88' lang='lat' dir='ltr'><strong>erat,</strong></span> <span class='ocrx_word' id='word_1_348' title='bbox 1803 3839 2073 3895; x_wconf 90' lang='lat' dir='ltr'><strong>superve-</strong></span> 
     </span>
    </p>
   </div>
   <div class='ocr_carea' id='block_1_53' title="bbox 490 3913 2071 3988">
    <p class='ocr_par' dir='ltr' id='par_1_53' title="bbox 490 3913 2071 3988">
     <span class='ocr_line' id='line_1_53' title="bbox 490 3913 2071 3988; baseline 0.003 -22"><span class='ocrx_word' id='word_1_349' title='bbox 490 3913 571 3967; x_wconf 89' lang='lat' dir='ltr'><strong>nit</strong></span> <span class='ocrx_word' id='word_1_350' title='bbox 618 3913 720 3984; x_wconf 89' lang='lat' dir='ltr'><strong>ipsi</strong></span> <span class='ocrx_word' id='word_1_351' title='bbox 761 3931 861 3984; x_wconf 88' lang='lat' dir='ltr'><strong>per</strong></span> <span class='ocrx_word' id='word_1_352' title='bbox 886 3916 1262 3986; x_wconf 87' lang='lat' dir='ltr'><strong>acceptionem</strong></span> <span class='ocrx_word' id='word_1_353' title='bbox 1292 3917 1501 3987; x_wconf 86' lang='lat' dir='ltr'><strong>aliquid</strong></span> <span class='ocrx_word' id='word_1_354' title='bbox 1560 3916 1710 3988; x_wconf 93' lang='lat' dir='ltr'><strong>quod</strong></span> <span class='ocrx_word' id='word_1_355' title='bbox 1743 3933 1854 3972; x_wconf 93' lang='lat' dir='ltr'><strong>non</strong></span> <span class='ocrx_word' id='word_1_356' title='bbox 1907 3926 2028 3972; x_wconf 82' lang='lat' dir='ltr'><strong>erat</strong></span> <span class='ocrx_word' id='word_1_357' title='bbox 2053 3957 2071 3984; x_wconf 94' lang='lat'><strong>,</strong></span> 
     </span>
    </p>
   </div>
   <div class='ocr_carea' id='block_1_54' title="bbox 492 4007 2070 4081">
    <p class='ocr_par' dir='ltr' id='par_1_54' title="bbox 492 4007 2070 4081">
     <span class='ocr_line' id='line_1_54' title="bbox 492 4007 2070 4081; baseline 0.004 -23"><span class='ocrx_word' id='word_1_358' title='bbox 492 4012 643 4073; x_wconf 89' lang='lat' dir='ltr'><strong>patet</strong></span> <span class='ocrx_word' id='word_1_359' title='bbox 695 4007 803 4061; x_wconf 87' lang='lat' dir='ltr'><strong>hoc</strong></span> <span class='ocrx_word' id='word_1_360' title='bbox 830 4018 1152 4079; x_wconf 89' lang='lat' dir='ltr'><strong>utrumque,</strong></span> <span class='ocrx_word' id='word_1_361' title='bbox 1207 4010 1620 4065; x_wconf 89' lang='lat' dir='ltr'><strong>consideratum</strong></span> <span class='ocrx_word' id='word_1_362' title='bbox 1651 4011 1706 4065; x_wconf 94' lang='lat' dir='ltr'><strong>in</strong></span> <span class='ocrx_word' id='word_1_363' title='bbox 1741 4011 2070 4081; x_wconf 91' lang='lat' dir='ltr'><strong>composito,</strong></span> 
     </span>
    </p>
   </div>
   <div class='ocr_carea' id='block_1_55' title="bbox 493 4095 2073 4172">
    <p class='ocr_par' dir='ltr' id='par_1_55' title="bbox 493 4095 2073 4172">
     <span class='ocr_line' id='line_1_55' title="bbox 493 4095 2073 4172; baseline 0.006 -26"><span class='ocrx_word' id='word_1_364' title='bbox 493 4097 695 4150; x_wconf 79' lang='lat' dir='ltr'><strong>iactum</strong></span> <span class='ocrx_word' id='word_1_365' title='bbox 719 4095 886 4152; x_wconf 79' lang='lat' dir='ltr'><strong>fuisse</strong></span> <span class='ocrx_word' id='word_1_366' title='bbox 913 4099 1057 4153; x_wconf 89' lang='lat' dir='ltr'><strong>idem</strong></span> <span class='ocrx_word' id='word_1_367' title='bbox 1085 4116 1256 4154; x_wconf 91' lang='lat' dir='ltr'><strong>unum</strong></span> <span class='ocrx_word' id='word_1_368' title='bbox 1292 4101 1624 4172; x_wconf 88' lang='lat' dir='ltr'><strong>subjectum,</strong></span> <span class='ocrx_word' id='word_1_369' title='bbox 1651 4111 1942 4172; x_wconf 90' lang='lat' dir='ltr'><strong>postquam</strong></span> <span class='ocrx_word' id='word_1_370' title='bbox 1974 4117 2073 4172; x_wconf 92' lang='lat' dir='ltr'><strong>per</strong></span> 
     </span>
    </p>
   </div>
   <div class='ocr_carea' id='block_1_56' title="bbox 492 4184 2076 4256">
    <p class='ocr_par' dir='ltr' id='par_1_56' title="bbox 492 4184 2076 4256">
     <span class='ocr_line' id='line_1_56' title="bbox 492 4184 2076 4256; baseline 0.006 -19"><span class='ocrx_word' id='word_1_371' title='bbox 492 4184 728 4254; x_wconf 84' lang='lat' dir='ltr'><strong>alicujus</strong></span> <span class='ocrx_word' id='word_1_372' title='bbox 760 4186 888 4240; x_wconf 91' lang='lat' dir='ltr'><strong>novi</strong></span> <span class='ocrx_word' id='word_1_373' title='bbox 923 4188 1293 4242; x_wconf 86' lang='lat' dir='ltr'><strong>accessionem</strong></span> <span class='ocrx_word' id='word_1_374' title='bbox 1317 4188 1524 4245; x_wconf 78' lang='lat' dir='ltr'><strong>factum</strong></span> <span class='ocrx_word' id='word_1_375' title='bbox 1554 4200 1660 4256; x_wconf 89' lang='lat' dir='ltr'><strong>est,</strong></span> <span class='ocrx_word' id='word_1_376' title='bbox 1692 4207 1802 4245; x_wconf 84' lang='lat' dir='ltr'><strong>non</strong></span> <span class='ocrx_word' id='word_1_377' title='bbox 1829 4191 1958 4246; x_wconf 91' lang='lat' dir='ltr'><strong>olim</strong></span> <span class='ocrx_word' id='word_1_378' title='bbox 2003 4191 2076 4246; x_wconf 85' lang='lat' dir='ltr'><strong>sit</strong></span> 
     </span>
    </p>
   </div>
   <div class='ocr_carea' id='block_1_57' title="bbox 495 4276 2073 4354">
    <p class='ocr_par' dir='ltr' id='par_1_57' title="bbox 495 4276 2073 4354">
     <span class='ocr_line' id='line_1_57' title="bbox 495 4276 2073 4354; baseline 0.005 -24"><span class='ocrx_word' id='word_1_379' title='bbox 495 4276 834 4335; x_wconf 83' lang='lat' dir='ltr'><strong>intellectum</strong></span> <span class='ocrx_word' id='word_1_380' title='bbox 869 4287 932 4332; x_wconf 90' lang='lat' dir='ltr'><strong>ut</strong></span> <span class='ocrx_word' id='word_1_381' title='bbox 960 4294 1110 4334; x_wconf 90' lang='lat' dir='ltr'><strong>nunc</strong></span> <span class='ocrx_word' id='word_1_382' title='bbox 1131 4289 1234 4335; x_wconf 84' lang='lat' dir='ltr'><strong>est.</strong></span> <span class='ocrx_word' id='word_1_383' title='bbox 1256 4281 1546 4348; x_wconf 87' lang='lat' dir='ltr'><strong>Quomodo</strong></span> <span class='ocrx_word' id='word_1_384' title='bbox 1567 4297 1702 4353; x_wconf 77' lang='lat' dir='ltr'><strong>ergo</strong></span> <span class='ocrx_word' id='word_1_385' title='bbox 1750 4291 1899 4338; x_wconf 89' lang='lat' dir='ltr'><strong>recte</strong></span> <span class='ocrx_word' id='word_1_386' title='bbox 1931 4283 2073 4354; x_wconf 83' lang='lat' dir='ltr'><strong>obji-</strong></span> 
     </span>
    </p>
   </div>
   <div class='ocr_carea' id='block_1_58' title="bbox 492 4369 2076 4446">
    <p class='ocr_par' dir='ltr' id='par_1_58' title="bbox 492 4369 2076 4446">
     <span class='ocr_line' id='line_1_58' title="bbox 492 4369 2076 4446; baseline 0.004 -21"><span class='ocrx_word' id='word_1_387' title='bbox 492 4369 620 4426; x_wconf 86' lang='lat' dir='ltr'><strong>citis</strong></span> <span class='ocrx_word' id='word_1_388' title='bbox 634 4371 795 4426; x_wconf 93' lang='lat' dir='ltr'><strong>nobis</strong></span> <span class='ocrx_word' id='word_1_389' title='bbox 818 4372 842 4426; x_wconf 83' lang='lat'><strong>?</strong></span> <span class='ocrx_word' id='word_1_390' title='bbox 866 4371 1084 4427; x_wconf 86' lang='lat' dir='ltr'><strong>Etenim</strong></span> <span class='ocrx_word' id='word_1_391' title='bbox 1116 4373 1234 4430; x_wconf 57' lang='lat' dir='ltr'><strong>haec</strong></span> <span class='ocrx_word' id='word_1_392' title='bbox 1247 4373 1368 4429; x_wconf 89' lang='lat' dir='ltr'><strong>dies</strong></span> <span class='ocrx_word' id='word_1_393' title='bbox 1397 4374 1661 4430; x_wconf 88' lang='lat' dir='ltr'><strong>hesterna</strong></span> <span class='ocrx_word' id='word_1_394' title='bbox 1700 4390 1864 4446; x_wconf 91' lang='lat' dir='ltr'><strong>quam</strong></span> <span class='ocrx_word' id='word_1_395' title='bbox 1892 4375 2076 4432; x_wconf 84' lang='lat' dir='ltr'><strong>dicitis</strong></span> 
     </span>
    </p>
   </div>
   <div class='ocr_carea' id='block_1_59' title="bbox 494 4463 2075 4532">
    <p class='ocr_par' dir='ltr' id='par_1_59' title="bbox 494 4463 2075 4532">
     <span class='ocr_line' id='line_1_59' title="bbox 494 4463 2075 4532; baseline 0.006 -18"><span class='ocrx_word' id='word_1_396' title='bbox 494 4476 774 4531; x_wconf 91' lang='lat' dir='ltr'><strong>nunquam</strong></span> <span class='ocrx_word' id='word_1_397' title='bbox 807 4464 1292 4532; x_wconf 87' lang='lat' dir='ltr'><strong>permutationem</strong></span> <span class='ocrx_word' id='word_1_398' title='bbox 1339 4463 1400 4520; x_wconf 83' lang='lat' dir='ltr'><strong>ﬁt</strong></span> <span class='ocrx_word' id='word_1_399' title='bbox 1445 4481 1592 4528; x_wconf 88' lang='lat' dir='ltr'><strong>cras,</strong></span> <span class='ocrx_word' id='word_1_400' title='bbox 1633 4466 1687 4521; x_wconf 92' lang='lat' dir='ltr'><strong>id</strong></span> <span class='ocrx_word' id='word_1_401' title='bbox 1711 4476 1795 4522; x_wconf 92' lang='lat' dir='ltr'><strong>est</strong></span> <span class='ocrx_word' id='word_1_402' title='bbox 1832 4468 2075 4524; x_wconf 89' lang='lat' dir='ltr'><strong>crastina</strong></span> 
     </span>
    </p>
   </div>
   <div class='ocr_carea' id='block_1_60' title="bbox 495 4552 2070 4628">
    <p class='ocr_par' dir='ltr' id='par_1_60' title="bbox 495 4552 2070 4628">
     <span class='ocr_line' id='line_1_60' title="bbox 495 4552 2070 4628; baseline 0.006 -21"><span class='ocrx_word' id='word_1_403' title='bbox 495 4552 640 4618; x_wconf 87' lang='lat' dir='ltr'><strong>dies,</strong></span> <span class='ocrx_word' id='word_1_404' title='bbox 671 4554 978 4610; x_wconf 88' lang='lat' dir='ltr'><strong>desinendo</strong></span> <span class='ocrx_word' id='word_1_405' title='bbox 1006 4557 1320 4614; x_wconf 85' lang='lat' dir='ltr'><strong>hesternam</strong></span> <span class='ocrx_word' id='word_1_406' title='bbox 1369 4575 1492 4616; x_wconf 91' lang='lat' dir='ltr'><strong>esse</strong></span> <span class='ocrx_word' id='word_1_407' title='bbox 1523 4567 1585 4615; x_wconf 93' lang='lat' dir='ltr'><strong>ut</strong></span> <span class='ocrx_word' id='word_1_408' title='bbox 1619 4559 1890 4617; x_wconf 87' lang='lat' dir='ltr'><strong>hodierna</strong></span> <span class='ocrx_word' id='word_1_409' title='bbox 1934 4560 2028 4616; x_wconf 83' lang='lat' dir='ltr'><strong>liat</strong></span> <span class='ocrx_word' id='word_1_410' title='bbox 2055 4602 2070 4628; x_wconf 90' lang='lat'><strong>,</strong></span> 
     </span>
    </p>
   </div>
   <div class='ocr_carea' id='block_1_61' title="bbox 496 4619 2150 4719">
    <p class='ocr_par' dir='ltr' id='par_1_61' title="bbox 496 4619 2150 4719">
     <span class='ocr_line' id='line_1_61' title="bbox 496 4619 2150 4719; baseline 0.007 -25"><span class='ocrx_word' id='word_1_411' title='bbox 496 4648 859 4712; x_wconf 75' lang='lat' dir='ltr'><strong>przeterquam</strong></span> <span class='ocrx_word' id='word_1_412' title='bbox 890 4644 1062 4713; x_wconf 92' lang='lat' dir='ltr'><strong>quod,</strong></span> <span class='ocrx_word' id='word_1_413' title='bbox 1114 4648 1538 4715; x_wconf 83' lang='lat' dir='ltr'><strong>superveniente</strong></span> <span class='ocrx_word' id='word_1_414' title='bbox 1579 4649 1682 4719; x_wconf 92' lang='lat' dir='ltr'><strong>ipsi</strong></span> <span class='ocrx_word' id='word_1_415' title='bbox 1726 4665 1852 4704; x_wconf 90' lang='lat' dir='ltr'><strong>cum</strong></span> <span class='ocrx_word' id='word_1_416' title='bbox 1906 4619 2075 4705; x_wconf 79' lang='lat' dir='ltr'><strong>hodie</strong></span> <span class='ocrx_word' id='word_1_417' title='bbox 2105 4619 2150 4674; x_wconf 72' lang='grc' dir='ltr'><strong>θ</strong></span> 
     </span>
    </p>
   </div>
   <div class='ocr_carea' id='block_1_62' title="bbox 498 4733 2078 4812">
    <p class='ocr_par' dir='ltr' id='par_1_62' title="bbox 498 4733 2078 4812">
     <span class='ocr_line' id='line_1_62' title="bbox 498 4733 2078 4812; baseline 0.006 -27"><span class='ocrx_word' id='word_1_418' title='bbox 498 4743 613 4786; x_wconf 92' lang='lat' dir='ltr'><strong>tum</strong></span> <span class='ocrx_word' id='word_1_419' title='bbox 647 4749 789 4798; x_wconf 88' lang='lat' dir='ltr'><strong>cras,</strong></span> <span class='ocrx_word' id='word_1_420' title='bbox 819 4733 936 4789; x_wconf 82' lang='lat' dir='ltr'><strong>ﬁeri</strong></span> <span class='ocrx_word' id='word_1_421' title='bbox 971 4735 1387 4793; x_wconf 87' lang='lat' dir='ltr'><strong>nudiustertius</strong></span> <span class='ocrx_word' id='word_1_422' title='bbox 1413 4739 1494 4794; x_wconf 93' lang='lat' dir='ltr'><strong>illi</strong></span> <span class='ocrx_word' id='word_1_423' title='bbox 1514 4740 1798 4812; x_wconf 78' lang='lat' dir='ltr'><strong>obtigerit,</strong></span> <span class='ocrx_word' id='word_1_424' title='bbox 1826 4740 2078 4812; x_wconf 86' lang='lat' dir='ltr'><strong>quamvis</strong></span> 
     </span>
    </p>
   </div>
   <div class='ocr_carea' id='block_1_63' title="bbox 499 4828 2078 4904">
    <p class='ocr_par' dir='ltr' id='par_1_63' title="bbox 499 4828 2078 4904">
     <span class='ocr_line' id='line_1_63' title="bbox 499 4828 2078 4904; baseline 0.006 -27"><span class='ocrx_word' id='word_1_425' title='bbox 499 4835 816 4894; x_wconf 85' lang='lat' dir='ltr'><strong>permaneat</strong></span> <span class='ocrx_word' id='word_1_426' title='bbox 868 4841 990 4882; x_wconf 89' lang='lat' dir='ltr'><strong>esse</strong></span> <span class='ocrx_word' id='word_1_427' title='bbox 1024 4828 1167 4894; x_wconf 91' lang='lat' dir='ltr'><strong>beri,</strong></span> <span class='ocrx_word' id='word_1_428' title='bbox 1191 4829 1404 4886; x_wconf 88' lang='lat' dir='ltr'><strong>scilicet</strong></span> <span class='ocrx_word' id='word_1_429' title='bbox 1455 4832 1682 4887; x_wconf 86' lang='lat' dir='ltr'><strong>relative</strong></span> <span class='ocrx_word' id='word_1_430' title='bbox 1709 4833 1775 4887; x_wconf 90' lang='lat' dir='ltr'><strong>ad</strong></span> <span class='ocrx_word' id='word_1_431' title='bbox 1829 4833 2078 4904; x_wconf 82' lang='lat' dir='ltr'><strong>proxime</strong></span> 
     </span>
    </p>
   </div>
   <div class='ocr_carea' id='block_1_64' title="bbox 373 4919 2072 4989">
    <p class='ocr_par' dir='ltr' id='par_1_64' title="bbox 373 4919 2072 4989">
     <span class='ocr_line' id='line_1_64' title="bbox 373 4919 2072 4989; baseline 0.008 -19"><span class='ocrx_word' id='word_1_432' title='bbox 373 4957 380 4970; x_wconf 80' lang='lat'><strong><em>,</em></strong></span> <span class='ocrx_word' id='word_1_433' title='bbox 420 4919 424 4924; x_wconf 82' lang='lat'>&#39;</span> <span class='ocrx_word' id='word_1_434' title='bbox 497 4928 822 4989; x_wconf 88' lang='lat' dir='ltr'><strong>sequentem</strong></span> <span class='ocrx_word' id='word_1_435' title='bbox 859 4921 1025 4987; x_wconf 92' lang='lat' dir='ltr'><strong>diem,</strong></span> <span class='ocrx_word' id='word_1_436' title='bbox 1049 4930 1112 4976; x_wconf 91' lang='lat' dir='ltr'><strong>ut</strong></span> <span class='ocrx_word' id='word_1_437' title='bbox 1142 4923 1345 4978; x_wconf 85' lang='lat' dir='ltr'><strong>nudius</strong></span> <span class='ocrx_word' id='word_1_438' title='bbox 1375 4924 1572 4981; x_wconf 87' lang='lat' dir='ltr'><strong>tertius</strong></span> <span class='ocrx_word' id='word_1_439' title='bbox 1593 4934 1679 4981; x_wconf 91' lang='lat' dir='ltr'><strong>est</strong></span> <span class='ocrx_word' id='word_1_440' title='bbox 1695 4924 1815 4981; x_wconf 90' lang='lat' dir='ltr'><strong>dies</strong></span> <span class='ocrx_word' id='word_1_441' title='bbox 1840 4926 2072 4983; x_wconf 87' lang='lat' dir='ltr'><strong>relative</strong></span> 
     </span>
    </p>
   </div>
   <div class='ocr_carea' id='block_1_65' title="bbox 495 5010 1277 5083">
    <p class='ocr_par' dir='ltr' id='par_1_65' title="bbox 495 5010 1277 5083">
     <span class='ocr_line' id='line_1_65' title="bbox 495 5010 1277 5083; baseline 0.008 -19"><span class='ocrx_word' id='word_1_442' title='bbox 495 5010 567 5064; x_wconf 88' lang='lat' dir='ltr'><strong>ad</strong></span> <span class='ocrx_word' id='word_1_443' title='bbox 621 5010 836 5066; x_wconf 77' lang='lat' dir='ltr'><strong>tertiam</strong></span> <span class='ocrx_word' id='word_1_444' title='bbox 863 5012 932 5068; x_wconf 82' lang='lat' dir='ltr'><strong>ab</strong></span> <span class='ocrx_word' id='word_1_445' title='bbox 956 5012 1071 5083; x_wconf 89' lang='lat' dir='ltr'><strong>ipsa</strong></span> <span class='ocrx_word' id='word_1_446' title='bbox 1107 5013 1277 5070; x_wconf 89' lang='lat' dir='ltr'><strong>diem.</strong></span> 
     </span>
    </p>
   </div>
   <div class='ocr_carea' id='block_1_66' title="bbox 1060 5125 1440 5184">
    <p class='ocr_par' dir='ltr' id='par_1_66' title="bbox 1060 5125 1440 5184">
     <span class='ocr_line' id='line_1_66' title="bbox 1060 5125 1440 5184; baseline 0.008 -3"><span class='ocrx_word' id='word_1_447' title='bbox 1060 5125 1211 5183; x_wconf 87' lang='lat' dir='ltr'><strong>CAP.</strong></span> <span class='ocrx_word' id='word_1_448' title='bbox 1246 5126 1440 5184; x_wconf 79' lang='lat' dir='ltr'><strong>XXXI.</strong></span> 
     </span>
    </p>
   </div>
   <div class='ocr_carea' id='block_1_67' title="bbox 569 5235 2080 5312">
    <p class='ocr_par' dir='ltr' id='par_1_67' title="bbox 569 5235 2080 5312">
     <span class='ocr_line' id='line_1_67' title="bbox 569 5235 2080 5312; baseline 0.006 -20"><span class='ocrx_word' id='word_1_449' title='bbox 569 5235 629 5292; x_wconf 90' lang='lat' dir='ltr'><strong>Si</strong></span> <span class='ocrx_word' id='word_1_450' title='bbox 665 5237 976 5295; x_wconf 88' lang='lat' dir='ltr'><strong>admittitur</strong></span> <span class='ocrx_word' id='word_1_451' title='bbox 1030 5242 1179 5312; x_wconf 91' lang='lat' dir='ltr'><strong>quod</strong></span> <span class='ocrx_word' id='word_1_452' title='bbox 1238 5259 1349 5300; x_wconf 90' lang='lat' dir='ltr'><strong>non</strong></span> <span class='ocrx_word' id='word_1_453' title='bbox 1387 5254 1510 5301; x_wconf 89' lang='lat' dir='ltr'><strong>erat</strong></span> <span class='ocrx_word' id='word_1_454' title='bbox 1540 5251 1723 5307; x_wconf 86' lang='lat' dir='ltr'><strong>antea.</strong></span> <span class='ocrx_word' id='word_1_455' title='bbox 1772 5245 1908 5301; x_wconf 93' lang='lat' dir='ltr'><strong>illud</strong></span> <span class='ocrx_word' id='word_1_456' title='bbox 1957 5259 2080 5302; x_wconf 88' lang='lat' dir='ltr'><strong>esse</strong></span> 
     </span>
    </p>
   </div>
   <div class='ocr_carea' id='block_1_68' title="bbox 499 5333 2081 5409">
    <p class='ocr_par' dir='ltr' id='par_1_68' title="bbox 499 5333 2081 5409">
     <span class='ocr_line' id='line_1_68' title="bbox 499 5333 2081 5409; baseline 0.008 -29"><span class='ocrx_word' id='word_1_457' title='bbox 499 5337 711 5396; x_wconf 76' lang='lat' dir='ltr'><strong>postea,</strong></span> <span class='ocrx_word' id='word_1_458' title='bbox 735 5346 846 5386; x_wconf 88' lang='lat' dir='ltr'><strong>non</strong></span> <span class='ocrx_word' id='word_1_459' title='bbox 867 5333 1112 5402; x_wconf 78' lang='lat' dir='ltr'><strong>genitum</strong></span> <span class='ocrx_word' id='word_1_460' title='bbox 1153 5351 1256 5392; x_wconf 89' lang='lat' dir='ltr'><strong>nec</strong></span> <span class='ocrx_word' id='word_1_461' title='bbox 1284 5336 1508 5401; x_wconf 82' lang='lat' dir='ltr'><strong>factum,</strong></span> <span class='ocrx_word' id='word_1_462' title='bbox 1557 5337 1882 5394; x_wconf 86' lang='lat' dir='ltr'><strong>admittatur</strong></span> <span class='ocrx_word' id='word_1_463' title='bbox 1931 5337 2081 5409; x_wconf 92' lang='lat' dir='ltr'><strong>quod</strong></span> 
     </span>
    </p>
   </div>
   <div class='ocr_carea' id='block_1_69' title="bbox 500 5419 2080 5497">
    <p class='ocr_par' dir='ltr' id='par_1_69' title="bbox 500 5419 2080 5497">
     <span class='ocr_line' id='line_1_69' title="bbox 500 5419 2080 5497; baseline 0.008 -24"><span class='ocrx_word' id='word_1_464' title='bbox 500 5429 591 5474; x_wconf 88' lang='lat' dir='ltr'><strong>est</strong></span> <span class='ocrx_word' id='word_1_465' title='bbox 639 5419 709 5474; x_wconf 87' lang='lat' dir='ltr'><strong>ab</strong></span> <span class='ocrx_word' id='word_1_466' title='bbox 737 5430 970 5489; x_wconf 66' lang='lat' dir='ltr'><strong>aeterno,</strong></span> <span class='ocrx_word' id='word_1_467' title='bbox 1020 5425 1074 5481; x_wconf 89' lang='lat' dir='ltr'><strong>id</strong></span> <span class='ocrx_word' id='word_1_468' title='bbox 1127 5428 1405 5497; x_wconf 89' lang='lat' dir='ltr'><strong>posterius</strong></span> <span class='ocrx_word' id='word_1_469' title='bbox 1452 5429 1760 5486; x_wconf 88' lang='lat' dir='ltr'><strong>secundum</strong></span> <span class='ocrx_word' id='word_1_470' title='bbox 1790 5429 2080 5485; x_wconf 87' lang='lat' dir='ltr'><strong>veritatem</strong></span> 
     </span>
    </p>
   </div>
   <div class='ocr_carea' id='block_1_70' title="bbox 501 5511 2084 5594">
    <p class='ocr_par' dir='ltr' id='par_1_70' title="bbox 501 5511 2084 5594">
     <span class='ocr_line' id='line_1_70' title="bbox 501 5511 2084 5594; baseline 0.008 -30"><span class='ocrx_word' id='word_1_471' title='bbox 501 5511 749 5580; x_wconf 82' lang='lat' dir='ltr'><strong>genitum</strong></span> <span class='ocrx_word' id='word_1_472' title='bbox 779 5513 972 5570; x_wconf 78' lang='lat' dir='ltr'><strong>fuisse.</strong></span> <span class='ocrx_word' id='word_1_473' title='bbox 1004 5516 1113 5573; x_wconf 85' lang='lat' dir='ltr'><strong>Sed</strong></span> <span class='ocrx_word' id='word_1_474' title='bbox 1157 5521 1399 5589; x_wconf 89' lang='lat' dir='ltr'><strong>primum</strong></span> <span class='ocrx_word' id='word_1_475' title='bbox 1445 5522 1828 5592; x_wconf 88' lang='lat' dir='ltr'><strong>impossibile;</strong></span> <span class='ocrx_word' id='word_1_476' title='bbox 1859 5537 1991 5594; x_wconf 77' lang='lat' dir='ltr'><strong>ergo</strong></span> <span class='ocrx_word' id='word_1_477' title='bbox 2026 5530 2084 5579; x_wconf 91' lang='lat' dir='ltr'><strong>et</strong></span> 
     </span>
    </p>
   </div>
   <div class='ocr_carea' id='block_1_71' title="bbox 505 5604 2082 5685">
    <p class='ocr_par' dir='ltr' id='par_1_71' title="bbox 505 5604 2082 5685">
     <span class='ocr_line' id='line_1_71' title="bbox 505 5604 2082 5685; baseline 0.008 -28"><span class='ocrx_word' id='word_1_478' title='bbox 505 5604 910 5660; x_wconf 89' lang='lat' dir='ltr'><strong>secundum.—</strong></span> <span class='ocrx_word' id='word_1_479' title='bbox 965 5607 1048 5663; x_wconf 86' lang='lat' dir='ltr'><strong>En</strong></span> <span class='ocrx_word' id='word_1_480' title='bbox 1090 5612 1235 5681; x_wconf 93' lang='lat' dir='ltr'><strong>quod</strong></span> <span class='ocrx_word' id='word_1_481' title='bbox 1271 5629 1421 5670; x_wconf 88' lang='lat' dir='ltr'><strong>nos:</strong></span> <span class='ocrx_word' id='word_1_482' title='bbox 1463 5614 1612 5685; x_wconf 91' lang='lat' dir='ltr'><strong>quod</strong></span> <span class='ocrx_word' id='word_1_483' title='bbox 1648 5625 1772 5671; x_wconf 89' lang='lat' dir='ltr'><strong>erat</strong></span> <span class='ocrx_word' id='word_1_484' title='bbox 1819 5615 2082 5682; x_wconf 86' lang='lat' dir='ltr'><strong>Verbum,</strong></span> 
     </span>
    </p>
   </div>
   <div class='ocr_carea' id='block_1_72' title="bbox 503 5699 2085 5776">
    <p class='ocr_par' dir='ltr' id='par_1_72' title="bbox 503 5699 2085 5776">
     <span class='ocr_line' id='line_1_72' title="bbox 503 5699 2085 5776; baseline 0.008 -25"><span class='ocrx_word' id='word_1_485' title='bbox 503 5711 702 5768; x_wconf 88' lang='lat' dir='ltr'><strong>nempe</strong></span> <span class='ocrx_word' id='word_1_486' title='bbox 721 5699 904 5755; x_wconf 88' lang='lat' dir='ltr'><strong>carnis</strong></span> <span class='ocrx_word' id='word_1_487' title='bbox 930 5716 1145 5772; x_wconf 81' lang='lat' dir='ltr'><strong>expers,</strong></span> <span class='ocrx_word' id='word_1_488' title='bbox 1177 5704 1286 5760; x_wconf 87' lang='lat' dir='ltr'><strong>hoc</strong></span> <span class='ocrx_word' id='word_1_489' title='bbox 1325 5706 1448 5762; x_wconf 80' lang='lat' dir='ltr'><strong>ﬁeri</strong></span> <span class='ocrx_word' id='word_1_490' title='bbox 1476 5723 1589 5762; x_wconf 88' lang='lat' dir='ltr'><strong>non</strong></span> <span class='ocrx_word' id='word_1_491' title='bbox 1629 5709 1886 5764; x_wconf 89' lang='lat' dir='ltr'><strong>dicimus.</strong></span> <span class='ocrx_word' id='word_1_492' title='bbox 1925 5707 2085 5776; x_wconf 88' lang='lat' dir='ltr'><strong>Quod</strong></span> 
     </span>
    </p>
   </div>
   <div class='ocr_carea' id='block_1_73' title="bbox 2089 3253 2136 3319">
    <p class='ocr_par' dir='ltr' id='par_1_73' title="bbox 2089 3253 2136 3319">
     <span class='ocr_line' id='line_1_73' title="bbox 2089 3253 2136 3319; baseline 0 0"><span class='ocrx_word' id='word_1_493' title='bbox 2089 3253 2136 3319; x_wconf 91' lang='lat' dir='ltr'><strong>C</strong></span> 
     </span>
    </p>
   </div>
   <div class='ocr_carea' id='block_1_74' title="bbox 2169 1953 3758 2030">
    <p class='ocr_par' dir='ltr' id='par_1_74' title="bbox 2169 1953 3758 2030">
     <span class='ocr_line' id='line_1_74' title="bbox 2169 1953 3758 2030; baseline 0 -23"><span class='ocrx_word' id='word_1_494' title='bbox 2169 1953 2246 2016; x_wconf 84' lang='grc' dir='ltr'>ὡς</span> <span class='ocrx_word' id='word_1_495' title='bbox 2260 1953 2358 2007; x_wconf 74' lang='grc' dir='ltr'><strong>καὶ</strong></span> <span class='ocrx_word' id='word_1_496' title='bbox 2375 1953 2446 2007; x_wconf 89' lang='grc' dir='ltr'><strong>τά</strong></span> <span class='ocrx_word' id='word_1_497' title='bbox 2465 1954 2709 2026; x_wconf 81' lang='grc' dir='ltr'>ἡμέτερα</span> <span class='ocrx_word' id='word_1_498' title='bbox 2725 1954 2952 2026; x_wconf 85' lang='grc' dir='ltr'>σώματα</span> <span class='ocrx_word' id='word_1_499' title='bbox 2968 1955 3334 2025; x_wconf 77' lang='grc' dir='ltr'>ὲπενδυόμενα</span> <span class='ocrx_word' id='word_1_500' title='bbox 3351 1955 3432 2027; x_wconf 82' lang='grc' dir='ltr'><strong>τῷ</strong></span> <span class='ocrx_word' id='word_1_501' title='bbox 3455 1954 3647 2025; x_wconf 79' lang='grc' dir='ltr'>θνητῷ</span> <span class='ocrx_word' id='word_1_502' title='bbox 3657 1955 3758 2030; x_wconf 66' lang='grc' dir='ltr'>τῂν</span> 
     </span>
    </p>
   </div>
   <div class='ocr_carea' id='block_1_75' title="bbox 2169 2042 3757 2116">
    <p class='ocr_par' dir='ltr' id='par_1_75' title="bbox 2169 2042 3757 2116">
     <span class='ocr_line' id='line_1_75' title="bbox 2169 2042 3757 2116; baseline 0.001 -20"><span class='ocrx_word' id='word_1_503' title='bbox 2169 2042 2336 2116; x_wconf 79' lang='grc' dir='ltr'>ζωὴν,</span> <span class='ocrx_word' id='word_1_504' title='bbox 2358 2044 2454 2098; x_wconf 83' lang='grc' dir='ltr'><strong>καὶ</strong></span> <span class='ocrx_word' id='word_1_505' title='bbox 2469 2045 2806 2116; x_wconf 79' lang='grc' dir='ltr'>ἀνιστάμενα</span> <span class='ocrx_word' id='word_1_506' title='bbox 2825 2044 3098 2116; x_wconf 76' lang='grc' dir='ltr'>ἄφθαρτα,</span> <span class='ocrx_word' id='word_1_507' title='bbox 3131 2045 3336 2112; x_wconf 82' lang='grc' dir='ltr'>πάντες</span> <span class='ocrx_word' id='word_1_508' title='bbox 3365 2046 3417 2099; x_wconf 90' lang='grc' dir='ltr'><strong>οί</strong></span> <span class='ocrx_word' id='word_1_509' title='bbox 3453 2047 3559 2116; x_wconf 84' lang='grc' dir='ltr'>τῆς</span> <span class='ocrx_word' id='word_1_510' title='bbox 3593 2045 3757 2098; x_wconf 80' lang='grc' dir='ltr'>εὐσε-</span> 
     </span>
    </p>
   </div>
   <div class='ocr_carea' id='block_1_76' title="bbox 2169 2135 3758 2208">
    <p class='ocr_par' dir='ltr' id='par_1_76' title="bbox 2169 2135 3758 2208">
     <span class='ocr_line' id='line_1_76' title="bbox 2169 2135 3758 2208; baseline 0.001 -19"><span class='ocrx_word' id='word_1_511' title='bbox 2169 2135 2324 2198; x_wconf 73' lang='grc' dir='ltr'>ϐείας</span> <span class='ocrx_word' id='word_1_512' title='bbox 2337 2137 2592 2208; x_wconf 84' lang='grc' dir='ltr'>τρόφιμοι</span> <span class='ocrx_word' id='word_1_513' title='bbox 2605 2135 3077 2206; x_wconf 88' lang='grc' dir='ltr'>συνομολογοῦσιν.</span> <span class='ocrx_word' id='word_1_514' title='bbox 3102 2138 3248 2208; x_wconf 83' lang='grc' dir='ltr'>’Δρα</span> <span class='ocrx_word' id='word_1_515' title='bbox 3265 2137 3312 2190; x_wconf 77' lang='grc' dir='ltr'>δ’</span> <span class='ocrx_word' id='word_1_516' title='bbox 3326 2135 3419 2191; x_wconf 80' lang='grc' dir='ltr'><strong>οῦν</strong></span> <span class='ocrx_word' id='word_1_517' title='bbox 3434 2136 3562 2192; x_wconf 83' lang='grc' dir='ltr'>καθ’</span> <span class='ocrx_word' id='word_1_518' title='bbox 3585 2137 3758 2206; x_wconf 76' lang='grc' dir='ltr'>ὑμᾶς.</span> 
     </span>
    </p>
   </div>
   <div class='ocr_carea' id='block_1_77' title="bbox 2168 2227 3763 2300">
    <p class='ocr_par' dir='ltr' id='par_1_77' title="bbox 2168 2227 3763 2300">
     <span class='ocr_line' id='line_1_77' title="bbox 2168 2227 3763 2300; baseline 0.001 -19"><span class='ocrx_word' id='word_1_519' title='bbox 2168 2229 2294 2282; x_wconf 75' lang='grc' dir='ltr'>ἐπεὶ</span> <span class='ocrx_word' id='word_1_520' title='bbox 2325 2229 2428 2300; x_wconf 78' lang='grc' dir='ltr'>ήδη</span> <span class='ocrx_word' id='word_1_521' title='bbox 2455 2227 2576 2292; x_wconf 85' lang='grc' dir='ltr'><strong>πώς</strong></span> <span class='ocrx_word' id='word_1_522' title='bbox 2603 2230 2754 2282; x_wconf 74' lang='grc' dir='ltr'>ἐστιν</span> <span class='ocrx_word' id='word_1_523' title='bbox 2776 2229 2946 2300; x_wconf 78' lang='grc' dir='ltr'>ἦγουν</span> <span class='ocrx_word' id='word_1_524' title='bbox 2979 2227 3222 2298; x_wconf 81' lang='grc' dir='ltr'><strong>φθαρτὸς</strong></span> <span class='ocrx_word' id='word_1_525' title='bbox 3252 2228 3283 2282; x_wconf 81' lang='grc' dir='ltr'><strong>δ</strong></span> <span class='ocrx_word' id='word_1_526' title='bbox 3304 2229 3536 2300; x_wconf 81' lang='grc' dir='ltr'>κόσμος,</span> <span class='ocrx_word' id='word_1_527' title='bbox 3567 2229 3763 2282; x_wconf 77' lang='grc' dir='ltr'>οὐκέτι</span> 
     </span>
    </p>
   </div>
   <div class='ocr_carea' id='block_1_78' title="bbox 2169 2320 3762 2394">
    <p class='ocr_par' dir='ltr' id='par_1_78' title="bbox 2169 2320 3762 2394">
     <span class='ocr_line' id='line_1_78' title="bbox 2169 2320 3762 2394; baseline 0.001 -21"><span class='ocrx_word' id='word_1_528' title='bbox 2169 2320 2404 2392; x_wconf 68' lang='grc' dir='ltr'>ἐροῦμεν</span> <span class='ocrx_word' id='word_1_529' title='bbox 2452 2321 2618 2376; x_wconf 83' lang='grc' dir='ltr'>αὑτὸν</span> <span class='ocrx_word' id='word_1_530' title='bbox 2674 2322 2818 2375; x_wconf 77' lang='grc' dir='ltr'>κατὰ</span> <span class='ocrx_word' id='word_1_531' title='bbox 2859 2321 2924 2376; x_wconf 71' lang='grc' dir='ltr'><strong>τὸ</strong></span> <span class='ocrx_word' id='word_1_532' title='bbox 2953 2321 3231 2394; x_wconf 77' lang='grc' dir='ltr'>ἄφθαρτον</span> <span class='ocrx_word' id='word_1_533' title='bbox 3259 2322 3538 2392; x_wconf 80' lang='grc' dir='ltr'>γενεσθαι,</span> <span class='ocrx_word' id='word_1_534' title='bbox 3568 2323 3762 2376; x_wconf 79' lang='grc' dir='ltr'>εἷτουν</span> 
     </span>
    </p>
   </div>
   <div class='ocr_carea' id='block_1_79' title="bbox 2169 2413 3764 2486">
    <p class='ocr_par' dir='ltr' id='par_1_79' title="bbox 2169 2413 3764 2486">
     <span class='ocr_line' id='line_1_79' title="bbox 2169 2413 3764 2486; baseline 0.001 -20"><span class='ocrx_word' id='word_1_535' title='bbox 2169 2413 2590 2483; x_wconf 83' lang='grc' dir='ltr'>ἀναγεννᾶσθαι.</span> <span class='ocrx_word' id='word_1_536' title='bbox 2612 2413 2687 2467; x_wconf 81' lang='grc' dir='ltr'><strong>Τὸ</strong></span> <span class='ocrx_word' id='word_1_537' title='bbox 2704 2414 2813 2486; x_wconf 84' lang='grc' dir='ltr'><strong>γὰρ</strong></span> <span class='ocrx_word' id='word_1_538' title='bbox 2840 2413 2922 2480; x_wconf 75' lang='grc' dir='ltr'>ὃν,</span> <span class='ocrx_word' id='word_1_539' title='bbox 2948 2415 3109 2484; x_wconf 74' lang='grc' dir='ltr'>φατὲ,</span> <span class='ocrx_word' id='word_1_540' title='bbox 3130 2415 3192 2469; x_wconf 85' lang='grc' dir='ltr'>οὐ</span> <span class='ocrx_word' id='word_1_541' title='bbox 3215 2413 3450 2484; x_wconf 77' lang='grc' dir='ltr'>γίνεταιο</span> <span class='ocrx_word' id='word_1_542' title='bbox 3477 2414 3558 2484; x_wconf 81' lang='grc' dir='ltr'>μὴ</span> <span class='ocrx_word' id='word_1_543' title='bbox 3584 2430 3764 2484; x_wconf 84' lang='grc' dir='ltr'>προσ-</span> 
     </span>
    </p>
   </div>
   <div class='ocr_carea' id='block_1_80' title="bbox 2169 2505 3760 2577">
    <p class='ocr_par' dir='ltr' id='par_1_80' title="bbox 2169 2505 3760 2577">
     <span class='ocr_line' id='line_1_80' title="bbox 2169 2505 3760 2577; baseline -0.002 -17"><span class='ocrx_word' id='word_1_544' title='bbox 2169 2506 2375 2574; x_wconf 84' lang='grc' dir='ltr'>θέντες,</span> <span class='ocrx_word' id='word_1_545' title='bbox 2410 2507 2496 2560; x_wconf 85' lang='grc' dir='ltr'>ὅτι</span> <span class='ocrx_word' id='word_1_546' title='bbox 2549 2507 2578 2561; x_wconf 81' lang='grc' dir='ltr'><strong>ὃ</strong></span> <span class='ocrx_word' id='word_1_547' title='bbox 2603 2507 2752 2562; x_wconf 74' lang='grc' dir='ltr'>ἔστιν</span> <span class='ocrx_word' id='word_1_548' title='bbox 2780 2508 2842 2561; x_wconf 80' lang='grc' dir='ltr'>οὐ</span> <span class='ocrx_word' id='word_1_549' title='bbox 2871 2508 3105 2576; x_wconf 84' lang='grc' dir='ltr'>γίνεται,</span> <span class='ocrx_word' id='word_1_550' title='bbox 3141 2507 3256 2561; x_wconf 84' lang='grc' dir='ltr'>ἀλλ’</span> <span class='ocrx_word' id='word_1_551' title='bbox 3290 2506 3413 2561; x_wconf 79' lang='grc' dir='ltr'>οὐδὲ</span> <span class='ocrx_word' id='word_1_552' title='bbox 3447 2507 3474 2560; x_wconf 82' lang='grc' dir='ltr'><strong>ὃ</strong></span> <span class='ocrx_word' id='word_1_553' title='bbox 3515 2505 3593 2577; x_wconf 78' lang='grc' dir='ltr'>μὴ</span> <span class='ocrx_word' id='word_1_554' title='bbox 3642 2506 3760 2558; x_wconf 72' lang='grc' dir='ltr'>ἐστι</span> 
     </span>
    </p>
   </div>
   <div class='ocr_carea' id='block_1_81' title="bbox 2168 2596 3759 2668">
    <p class='ocr_par' dir='ltr' id='par_1_81' title="bbox 2168 2596 3759 2668">
     <span class='ocr_line' id='line_1_81' title="bbox 2168 2596 3759 2668; baseline 0 -20"><span class='ocrx_word' id='word_1_555' title='bbox 2168 2596 2416 2666; x_wconf 81' lang='grc' dir='ltr'>γίνεσθαι</span> <span class='ocrx_word' id='word_1_556' title='bbox 2451 2596 2859 2668; x_wconf 82' lang='grc' dir='ltr'>συγχωροῦντες</span> <span class='ocrx_word' id='word_1_557' title='bbox 2907 2596 2987 2668; x_wconf 82' lang='grc' dir='ltr'><strong>τῷ</strong></span> <span class='ocrx_word' id='word_1_558' title='bbox 3028 2597 3280 2652; x_wconf 79' lang='grc' dir='ltr'><strong>ὁπωσοῦν</strong></span> <span class='ocrx_word' id='word_1_559' title='bbox 3311 2597 3458 2651; x_wconf 80' lang='grc' dir='ltr'>ὅντιο</span> <span class='ocrx_word' id='word_1_560' title='bbox 3495 2597 3649 2650; x_wconf 80' lang='grc' dir='ltr'>κατά</span> <span class='ocrx_word' id='word_1_561' title='bbox 3701 2596 3759 2648; x_wconf 78' lang='grc' dir='ltr'>δὲ</span> 
     </span>
    </p>
   </div>
   <div class='ocr_carea' id='block_1_82' title="bbox 2166 2688 3757 2761">
    <p class='ocr_par' dir='ltr' id='par_1_82' title="bbox 2166 2688 3757 2761">
     <span class='ocr_line' id='line_1_82' title="bbox 2166 2688 3757 2761; baseline -0.001 -17"><span class='ocrx_word' id='word_1_562' title='bbox 2166 2689 2346 2744; x_wconf 86' lang='grc' dir='ltr'>ταῦτα</span> <span class='ocrx_word' id='word_1_563' title='bbox 2373 2688 2530 2761; x_wconf 79' lang='grc' dir='ltr'>ὑμῶν</span> <span class='ocrx_word' id='word_1_564' title='bbox 2562 2690 2634 2744; x_wconf 85' lang='grc' dir='ltr'><strong>τά</strong></span> <span class='ocrx_word' id='word_1_565' title='bbox 2680 2689 3053 2761; x_wconf 81' lang='grc' dir='ltr'>θεσπίσματα,</span> <span class='ocrx_word' id='word_1_566' title='bbox 3083 2690 3208 2744; x_wconf 76' lang='grc' dir='ltr'>οὐδέ</span> <span class='ocrx_word' id='word_1_567' title='bbox 3267 2708 3320 2744; x_wconf 85' lang='grc' dir='ltr'><strong>τι</strong></span> <span class='ocrx_word' id='word_1_568' title='bbox 3366 2688 3616 2760; x_wconf 79' lang='grc' dir='ltr'>φθαρτὸν</span> <span class='ocrx_word' id='word_1_569' title='bbox 3649 2689 3757 2757; x_wconf 77' lang='grc' dir='ltr'><strong>ἄφ-</strong></span> 
     </span>
    </p>
   </div>
   <div class='ocr_carea' id='block_1_83' title="bbox 2171 2781 3760 2856">
    <p class='ocr_par' dir='ltr' id='par_1_83' title="bbox 2171 2781 3760 2856">
     <span class='ocr_line' id='line_1_83' title="bbox 2171 2781 3760 2856; baseline -0.003 -19"><span class='ocrx_word' id='word_1_570' title='bbox 2171 2781 2371 2854; x_wconf 80' lang='grc' dir='ltr'>θαρτον</span> <span class='ocrx_word' id='word_1_571' title='bbox 2398 2781 2542 2837; x_wconf 79' lang='grc' dir='ltr'><strong>κατά</strong></span> <span class='ocrx_word' id='word_1_572' title='bbox 2576 2783 2676 2853; x_wconf 78' lang='grc' dir='ltr'>τὴν</span> <span class='ocrx_word' id='word_1_573' title='bbox 2710 2782 2905 2837; x_wconf 77' lang='grc' dir='ltr'><strong>ἐλπίδα</strong></span> <span class='ocrx_word' id='word_1_574' title='bbox 2937 2785 2970 2854; x_wconf 90' lang='grc' dir='ltr'><strong>ή</strong></span> <span class='ocrx_word' id='word_1_575' title='bbox 2981 2783 3097 2854; x_wconf 86' lang='grc' dir='ltr'><strong>μῶν</strong></span> <span class='ocrx_word' id='word_1_576' title='bbox 3142 2782 3242 2855; x_wconf 83' lang='grc' dir='ltr'>τὴν</span> <span class='ocrx_word' id='word_1_577' title='bbox 3273 2785 3546 2856; x_wconf 85' lang='grc' dir='ltr'>σωτήριον</span> <span class='ocrx_word' id='word_1_578' title='bbox 3573 2783 3760 2852; x_wconf 81' lang='grc' dir='ltr'>λέγειν</span> 
     </span>
    </p>
   </div>
   <div class='ocr_carea' id='block_1_84' title="bbox 2164 2873 3760 2948">
    <p class='ocr_par' dir='ltr' id='par_1_84' title="bbox 2164 2873 3760 2948">
     <span class='ocr_line' id='line_1_84' title="bbox 2164 2873 3760 2948; baseline 0 -20"><span class='ocrx_word' id='word_1_579' title='bbox 2164 2875 2277 2929; x_wconf 79' lang='grc' dir='ltr'>τινὶ</span> <span class='ocrx_word' id='word_1_580' title='bbox 2293 2873 2390 2928; x_wconf 89' lang='grc' dir='ltr'><strong>τοῦ</strong></span> <span class='ocrx_word' id='word_1_581' title='bbox 2415 2874 2607 2928; x_wconf 80' lang='grc' dir='ltr'>λοιποῦ</span> <span class='ocrx_word' id='word_1_582' title='bbox 2641 2873 3079 2948; x_wconf 81' lang='grc' dir='ltr'>συγκεχώρηται.</span> <span class='ocrx_word' id='word_1_583' title='bbox 3098 2873 3322 2948; x_wconf 76' lang='grc' dir='ltr'>Ἐπειδὴ</span> <span class='ocrx_word' id='word_1_584' title='bbox 3345 2875 3454 2945; x_wconf 77' lang='grc' dir='ltr'><strong>γὰρ</strong></span> <span class='ocrx_word' id='word_1_585' title='bbox 3478 2876 3543 2928; x_wconf 78' lang='grc' dir='ltr'><strong>τὸ</strong></span> <span class='ocrx_word' id='word_1_586' title='bbox 3577 2875 3760 2944; x_wconf 77' lang='grc' dir='ltr'>φθαρ-</span> 
     </span>
    </p>
   </div>
   <div class='ocr_carea' id='block_1_85' title="bbox 2166 2966 3756 3040">
    <p class='ocr_par' dir='ltr' id='par_1_85' title="bbox 2166 2966 3756 3040">
     <span class='ocr_line' id='line_1_85' title="bbox 2166 2966 3756 3040; baseline -0.001 -18"><span class='ocrx_word' id='word_1_587' title='bbox 2166 2966 2260 3022; x_wconf 81' lang='grc' dir='ltr'>τὸν</span> <span class='ocrx_word' id='word_1_588' title='bbox 2309 2966 2464 3032; x_wconf 70' lang='grc' dir='ltr'>ἐνδὺς</span> <span class='ocrx_word' id='word_1_589' title='bbox 2511 2967 2778 3040; x_wconf 75' lang='grc' dir='ltr'>ἐγεννήθη</span> <span class='ocrx_word' id='word_1_590' title='bbox 2819 2967 3134 3040; x_wconf 81' lang='grc' dir='ltr'>ἄνθρωπος,</span> <span class='ocrx_word' id='word_1_591' title='bbox 3159 2968 3221 3023; x_wconf 85' lang='grc' dir='ltr'>τὸ</span> <span class='ocrx_word' id='word_1_592' title='bbox 3247 2966 3532 3040; x_wconf 74' lang='grc' dir='ltr'>ἄφθαρτον</span> <span class='ocrx_word' id='word_1_593' title='bbox 3562 2967 3756 3022; x_wconf 71' lang='grc' dir='ltr'>ἐνδυό-</span> 
     </span>
    </p>
   </div>
   <div class='ocr_carea' id='block_1_86' title="bbox 2170 3059 2797 3134">
    <p class='ocr_par' dir='ltr' id='par_1_86' title="bbox 2170 3059 2797 3134">
     <span class='ocr_line' id='line_1_86' title="bbox 2170 3059 2797 3134; baseline -0.002 -17"><span class='ocrx_word' id='word_1_594' title='bbox 2170 3077 2326 3134; x_wconf 83' lang='grc' dir='ltr'>μενοι</span> <span class='ocrx_word' id='word_1_595' title='bbox 2348 3059 2797 3134; x_wconf 79' lang='grc' dir='ltr'>ἀναγεννὼμεθα.</span> 
     </span>
    </p>
   </div>
   <div class='ocr_carea' id='block_1_87' title="bbox 2757 3263 3135 3320">
    <p class='ocr_par' dir='ltr' id='par_1_87' title="bbox 2757 3263 3135 3320">
     <span class='ocr_line' id='line_1_87' title="bbox 2757 3263 3135 3320; baseline 0 -1"><span class='ocrx_word' id='word_1_596' title='bbox 2757 3263 2986 3320; x_wconf 78' lang='grc' dir='ltr'><strong>ΚΕΦΑΛ</strong></span> <span class='ocrx_word' id='word_1_597' title='bbox 2997 3303 3012 3319; x_wconf 93' lang='grc'><strong>.</strong></span> <span class='ocrx_word' id='word_1_598' title='bbox 3053 3263 3135 3319; x_wconf 86' lang='grc' dir='ltr'><strong>Λ’.</strong></span> 
     </span>
    </p>
   </div>
   <div class='ocr_carea' id='block_1_88' title="bbox 2243 3355 3765 3430">
    <p class='ocr_par' dir='ltr' id='par_1_88' title="bbox 2243 3355 3765 3430">
     <span class='ocr_line' id='line_1_88' title="bbox 2243 3355 3765 3430; baseline -0.003 -17"><span class='ocrx_word' id='word_1_599' title='bbox 2243 3357 2310 3414; x_wconf 84' lang='grc' dir='ltr'>Εί</span> <span class='ocrx_word' id='word_1_600' title='bbox 2333 3358 2612 3430; x_wconf 72' lang='grc' dir='ltr'>ἐνδέχεται</span> <span class='ocrx_word' id='word_1_601' title='bbox 2655 3357 2756 3428; x_wconf 83' lang='grc' dir='ltr'>τὴν</span> <span class='ocrx_word' id='word_1_602' title='bbox 2785 3357 2913 3429; x_wconf 82' lang='grc' dir='ltr'>χθὲς</span> <span class='ocrx_word' id='word_1_603' title='bbox 2935 3357 3186 3426; x_wconf 83' lang='grc' dir='ltr'>γενέσθαι</span> <span class='ocrx_word' id='word_1_604' title='bbox 3221 3355 3431 3428; x_wconf 74' lang='grc' dir='ltr'>αὔριον,</span> <span class='ocrx_word' id='word_1_605' title='bbox 3453 3355 3765 3426; x_wconf 79' lang='grc' dir='ltr'>ὲνδεχέσθω</span> 
     </span>
    </p>
   </div>
   <div class='ocr_carea' id='block_1_89' title="bbox 2172 3450 3765 3522">
    <p class='ocr_par' dir='ltr' id='par_1_89' title="bbox 2172 3450 3765 3522">
     <span class='ocr_line' id='line_1_89' title="bbox 2172 3450 3765 3522; baseline -0.003 -16"><span class='ocrx_word' id='word_1_606' title='bbox 2172 3452 2270 3506; x_wconf 76' lang='grc' dir='ltr'><strong>καὶ</strong></span> <span class='ocrx_word' id='word_1_607' title='bbox 2299 3452 2392 3506; x_wconf 75' lang='grc' dir='ltr'><strong>τὸν</strong></span> <span class='ocrx_word' id='word_1_608' title='bbox 2421 3452 2551 3507; x_wconf 74' lang='grc' dir='ltr'>ὄντα</span> <span class='ocrx_word' id='word_1_609' title='bbox 2580 3451 2790 3515; x_wconf 85' lang='grc' dir='ltr'>ἀῖδίως,</span> <span class='ocrx_word' id='word_1_610' title='bbox 2819 3451 3078 3522; x_wconf 82' lang='grc' dir='ltr'>τεχθῆναι</span> <span class='ocrx_word' id='word_1_611' title='bbox 3110 3450 3198 3504; x_wconf 73' lang='grc' dir='ltr'><strong>ἐπ’</strong></span> <span class='ocrx_word' id='word_1_612' title='bbox 3224 3451 3469 3521; x_wconf 79' lang='grc' dir='ltr'>ἐσχάτων</span> <span class='ocrx_word' id='word_1_613' title='bbox 3489 3465 3503 3479; x_wconf 86' lang='grc'><strong>·</strong></span> <span class='ocrx_word' id='word_1_614' title='bbox 3539 3450 3684 3502; x_wconf 77' lang='grc' dir='ltr'><strong>ἀλλά</strong></span> <span class='ocrx_word' id='word_1_615' title='bbox 3706 3451 3765 3502; x_wconf 73' lang='grc' dir='ltr'><strong>τὸ</strong></span> 
     </span>
    </p>
   </div>
   <div class='ocr_carea' id='block_1_90' title="bbox 2171 3540 3765 3614">
    <p class='ocr_par' dir='ltr' id='par_1_90' title="bbox 2171 3540 3765 3614">
     <span class='ocr_line' id='line_1_90' title="bbox 2171 3540 3765 3614; baseline -0.003 -18"><span class='ocrx_word' id='word_1_616' title='bbox 2171 3541 2390 3614; x_wconf 85' lang='grc' dir='ltr'>πρῶτον</span> <span class='ocrx_word' id='word_1_617' title='bbox 2419 3542 2722 3614; x_wconf 80' lang='grc' dir='ltr'>ἀμήχανον,</span> <span class='ocrx_word' id='word_1_618' title='bbox 2755 3540 2931 3596; x_wconf 76' lang='grc' dir='ltr'>καὶτὸ</span> <span class='ocrx_word' id='word_1_619' title='bbox 2957 3541 3209 3611; x_wconf 84' lang='grc' dir='ltr'>δεύτερον</span> <span class='ocrx_word' id='word_1_620' title='bbox 3239 3540 3362 3594; x_wconf 85' lang='grc' dir='ltr'>κατ’</span> <span class='ocrx_word' id='word_1_621' title='bbox 3393 3540 3679 3595; x_wconf 77' lang='grc' dir='ltr'>ἐπίτασιν.</span> <span class='ocrx_word' id='word_1_622' title='bbox 3702 3541 3765 3593; x_wconf 81' lang='lat' dir='ltr'><strong>Ei</strong></span> 
     </span>
    </p>
   </div>
   <div class='ocr_carea' id='block_1_91' title="bbox 2176 3632 3767 3708">
    <p class='ocr_par' dir='ltr' id='par_1_91' title="bbox 2176 3632 3767 3708">
     <span class='ocr_line' id='line_1_91' title="bbox 2176 3632 3767 3708; baseline -0.004 -18"><span class='ocrx_word' id='word_1_623' title='bbox 2176 3638 2275 3708; x_wconf 84' lang='grc' dir='ltr'>μὲν</span> <span class='ocrx_word' id='word_1_624' title='bbox 2312 3635 2574 3706; x_wconf 79' lang='grc' dir='ltr'>ἐλέγομεν</span> <span class='ocrx_word' id='word_1_625' title='bbox 2619 3633 2765 3690; x_wconf 85' lang='grc' dir='ltr'>κατά</span> <span class='ocrx_word' id='word_1_626' title='bbox 2813 3635 3022 3708; x_wconf 74' lang='grc' dir='ltr'>τροπὴν</span> <span class='ocrx_word' id='word_1_627' title='bbox 3050 3633 3145 3688; x_wconf 83' lang='grc' dir='ltr'><strong>τοῦ</strong></span> <span class='ocrx_word' id='word_1_628' title='bbox 3175 3633 3346 3686; x_wconf 80' lang='grc' dir='ltr'>ἀϊδίου</span> <span class='ocrx_word' id='word_1_629' title='bbox 3374 3632 3637 3702; x_wconf 81' lang='grc' dir='ltr'>γενέσθαι</span> <span class='ocrx_word' id='word_1_630' title='bbox 3673 3633 3767 3686; x_wconf 79' lang='grc' dir='ltr'><strong>τὸν</strong></span> 
     </span>
    </p>
   </div>
   <div class='ocr_carea' id='block_1_92' title="bbox 2173 3725 3767 3800">
    <p class='ocr_par' dir='ltr' id='par_1_92' title="bbox 2173 3725 3767 3800">
     <span class='ocr_line' id='line_1_92' title="bbox 2173 3725 3767 3800; baseline -0.004 -17"><span class='ocrx_word' id='word_1_631' title='bbox 2173 3728 2338 3783; x_wconf 76' lang='grc' dir='ltr'>αὑτὸν</span> <span class='ocrx_word' id='word_1_632' title='bbox 2380 3727 2486 3783; x_wconf 78' lang='grc' dir='ltr'><strong>ὑπὸ</strong></span> <span class='ocrx_word' id='word_1_633' title='bbox 2517 3728 2731 3800; x_wconf 80' lang='grc' dir='ltr'>χρόνον,</span> <span class='ocrx_word' id='word_1_634' title='bbox 2765 3727 2946 3790; x_wconf 86' lang='grc' dir='ltr'>καλῶς</span> <span class='ocrx_word' id='word_1_635' title='bbox 2985 3726 3154 3791; x_wconf 77' lang='grc' dir='ltr'>ὅντως</span> <span class='ocrx_word' id='word_1_636' title='bbox 3183 3727 3442 3797; x_wconf 77' lang='grc' dir='ltr'>εἰρήκατε</span> <span class='ocrx_word' id='word_1_637' title='bbox 3477 3727 3571 3780; x_wconf 81' lang='grc' dir='ltr'><strong>ἄν.</strong></span> <span class='ocrx_word' id='word_1_638' title='bbox 3609 3726 3676 3778; x_wconf 83' lang='lat' dir='ltr'><strong>Ei</strong></span> <span class='ocrx_word' id='word_1_639' title='bbox 3707 3725 3767 3777; x_wconf 83' lang='grc' dir='ltr'>δὲ</span> 
     </span>
    </p>
   </div>
   <div class='ocr_carea' id='block_1_93' title="bbox 2174 3813 3764 3892">
    <p class='ocr_par' dir='ltr' id='par_1_93' title="bbox 2174 3813 3764 3892">
     <span class='ocr_line' id='line_1_93' title="bbox 2174 3813 3764 3892; baseline -0.001 -20"><span class='ocrx_word' id='word_1_640' title='bbox 2174 3819 2538 3892; x_wconf 74' lang='grc' dir='ltr'>φυλαχθέντος</span> <span class='ocrx_word' id='word_1_641' title='bbox 2572 3819 2746 3892; x_wconf 81' lang='grc' dir='ltr'>τούτῳ</span> <span class='ocrx_word' id='word_1_642' title='bbox 2769 3820 2958 3874; x_wconf 80' lang='grc' dir='ltr'>τούτου</span> <span class='ocrx_word' id='word_1_643' title='bbox 2985 3819 3014 3871; x_wconf 80' lang='grc' dir='ltr'><strong>ὅ</strong></span> <span class='ocrx_word' id='word_1_644' title='bbox 3039 3813 3129 3890; x_wconf 84' lang='grc' dir='ltr'>ἦν,</span> <span class='ocrx_word' id='word_1_645' title='bbox 3164 3818 3481 3886; x_wconf 83' lang='grc' dir='ltr'>ὲπιγέγονεν</span> <span class='ocrx_word' id='word_1_646' title='bbox 3511 3817 3667 3886; x_wconf 85' lang='grc' dir='ltr'><strong>αὑτῷ</strong></span> <span class='ocrx_word' id='word_1_647' title='bbox 3697 3820 3764 3887; x_wconf 80' lang='grc' dir='ltr'><strong>τῇ</strong></span> 
     </span>
    </p>
   </div>
   <div class='ocr_carea' id='block_1_94' title="bbox 2174 3907 3768 3989">
    <p class='ocr_par' dir='ltr' id='par_1_94' title="bbox 2174 3907 3768 3989">
     <span class='ocr_line' id='line_1_94' title="bbox 2174 3907 3768 3989; baseline -0.004 -20"><span class='ocrx_word' id='word_1_648' title='bbox 2174 3907 2481 3989; x_wconf 73' lang='grc' dir='ltr'>προσλήψει</span> <span class='ocrx_word' id='word_1_649' title='bbox 2527 3915 2624 3969; x_wconf 86' lang='grc' dir='ltr'><strong>τοῦ</strong></span> <span class='ocrx_word' id='word_1_650' title='bbox 2673 3914 2808 3988; x_wconf 85' lang='grc' dir='ltr'>παρ’</span> <span class='ocrx_word' id='word_1_651' title='bbox 2852 3915 3014 3968; x_wconf 84' lang='grc' dir='ltr'>αὐτὸν</span> <span class='ocrx_word' id='word_1_652' title='bbox 3053 3913 3083 3967; x_wconf 80' lang='grc' dir='ltr'><strong>δ</strong></span> <span class='ocrx_word' id='word_1_653' title='bbox 3109 3913 3211 3966; x_wconf 83' lang='grc' dir='ltr'><strong>οὐκ</strong></span> <span class='ocrx_word' id='word_1_654' title='bbox 3246 3907 3336 3984; x_wconf 81' lang='grc' dir='ltr'>ἦν,</span> <span class='ocrx_word' id='word_1_655' title='bbox 3366 3910 3529 3982; x_wconf 78' lang='grc' dir='ltr'>δῆλον</span> <span class='ocrx_word' id='word_1_656' title='bbox 3569 3910 3650 3976; x_wconf 84' lang='grc' dir='ltr'>ὡς</span> <span class='ocrx_word' id='word_1_657' title='bbox 3707 3910 3768 3962; x_wconf 79' lang='grc' dir='ltr'>τὸ</span> 
     </span>
    </p>
   </div>
   <div class='ocr_carea' id='block_1_95' title="bbox 2173 4001 3763 4078">
    <p class='ocr_par' dir='ltr' id='par_1_95' title="bbox 2173 4001 3763 4078">
     <span class='ocr_line' id='line_1_95' title="bbox 2173 4001 3763 4078; baseline -0.005 -18"><span class='ocrx_word' id='word_1_658' title='bbox 2173 4006 2270 4060; x_wconf 88' lang='grc' dir='ltr'><strong>νῦν</strong></span> <span class='ocrx_word' id='word_1_659' title='bbox 2316 4005 2730 4078; x_wconf 80' lang='grc' dir='ltr'>συναμφότερον</span> <span class='ocrx_word' id='word_1_660' title='bbox 2776 4003 3172 4076; x_wconf 77' lang='grc' dir='ltr'>θεωρούμενον,</span> <span class='ocrx_word' id='word_1_661' title='bbox 3208 4001 3333 4056; x_wconf 71' lang='grc' dir='ltr'>ἐπεὶ</span> <span class='ocrx_word' id='word_1_662' title='bbox 3377 4004 3446 4074; x_wconf 74' lang='grc' dir='ltr'><strong>τῇ</strong></span> <span class='ocrx_word' id='word_1_663' title='bbox 3502 4001 3606 4056; x_wconf 87' lang='grc' dir='ltr'><strong>τοῦ</strong></span> <span class='ocrx_word' id='word_1_664' title='bbox 3638 4001 3763 4054; x_wconf 79' lang='grc' dir='ltr'>νέου</span> 
     </span>
    </p>
   </div>
   <div class='ocr_carea' id='block_1_96' title="bbox 2174 4091 3761 4170">
    <p class='ocr_par' dir='ltr' id='par_1_96' title="bbox 2174 4091 3761 4170">
     <span class='ocr_line' id='line_1_96' title="bbox 2174 4091 3761 4170; baseline -0.004 -20"><span class='ocrx_word' id='word_1_665' title='bbox 2174 4098 2312 4170; x_wconf 79' lang='grc' dir='ltr'>πρὸς</span> <span class='ocrx_word' id='word_1_666' title='bbox 2357 4096 2420 4150; x_wconf 79' lang='grc' dir='ltr'>τὸ</span> <span class='ocrx_word' id='word_1_667' title='bbox 2464 4097 2554 4152; x_wconf 69' lang='grc' dir='ltr'>ἀεὶ</span> <span class='ocrx_word' id='word_1_668' title='bbox 2588 4096 2648 4150; x_wconf 78' lang='grc' dir='ltr'>ὃν</span> <span class='ocrx_word' id='word_1_669' title='bbox 2683 4095 2931 4150; x_wconf 83' lang='grc' dir='ltr'>συνθέσει</span> <span class='ocrx_word' id='word_1_670' title='bbox 2987 4095 3181 4163; x_wconf 82' lang='grc' dir='ltr'>γέγονε</span> <span class='ocrx_word' id='word_1_671' title='bbox 3231 4091 3405 4147; x_wconf 73' lang='grc' dir='ltr'>πάλαι</span> <span class='ocrx_word' id='word_1_672' title='bbox 3458 4092 3537 4163; x_wconf 81' lang='grc' dir='ltr'>μὴ</span> <span class='ocrx_word' id='word_1_673' title='bbox 3580 4091 3761 4154; x_wconf 85' lang='grc' dir='ltr'>οῦτως</span> 
     </span>
    </p>
   </div>
   <div class='ocr_carea' id='block_1_97' title="bbox 2174 4181 3762 4259">
    <p class='ocr_par' dir='ltr' id='par_1_97' title="bbox 2174 4181 3762 4259">
     <span class='ocr_line' id='line_1_97' title="bbox 2174 4181 3762 4259; baseline -0.004 -17"><span class='ocrx_word' id='word_1_674' title='bbox 2174 4187 2466 4259; x_wconf 83' lang='grc' dir='ltr'>νοούμενον</span> <span class='ocrx_word' id='word_1_675' title='bbox 2511 4185 2590 4252; x_wconf 82' lang='grc' dir='ltr'><strong>ὡς</strong></span> <span class='ocrx_word' id='word_1_676' title='bbox 2631 4187 2728 4240; x_wconf 90' lang='grc' dir='ltr'><strong>νῦν</strong></span> <span class='ocrx_word' id='word_1_677' title='bbox 2759 4187 2954 4256; x_wconf 81' lang='grc' dir='ltr'>γέγονε</span> <span class='ocrx_word' id='word_1_678' title='bbox 2983 4185 3046 4238; x_wconf 83' lang='grc' dir='ltr'>τὸ</span> <span class='ocrx_word' id='word_1_679' title='bbox 3075 4182 3210 4240; x_wconf 79' lang='grc' dir='ltr'>αὐτὸ</span> <span class='ocrx_word' id='word_1_680' title='bbox 3256 4181 3631 4253; x_wconf 80' lang='grc' dir='ltr'>ὑποκείμενον</span> <span class='ocrx_word' id='word_1_681' title='bbox 3679 4181 3762 4235; x_wconf 76' lang='grc' dir='ltr'><strong>ἓν.</strong></span> 
     </span>
    </p>
   </div>
   <div class='ocr_carea' id='block_1_98' title="bbox 2175 4274 3766 4350">
    <p class='ocr_par' dir='ltr' id='par_1_98' title="bbox 2175 4274 3766 4350">
     <span class='ocr_line' id='line_1_98' title="bbox 2175 4274 3766 4350; baseline -0.005 -16"><span class='ocrx_word' id='word_1_682' title='bbox 2175 4280 2296 4346; x_wconf 85' lang='grc' dir='ltr'><strong>πῶς</strong></span> <span class='ocrx_word' id='word_1_683' title='bbox 2319 4279 2412 4334; x_wconf 82' lang='grc' dir='ltr'>οὖν</span> <span class='ocrx_word' id='word_1_684' title='bbox 2439 4278 2802 4350; x_wconf 81' lang='grc' dir='ltr'>ἀντιφέρεσθε</span> <span class='ocrx_word' id='word_1_685' title='bbox 2825 4279 2958 4350; x_wconf 82' lang='grc' dir='ltr'>ήμῖν</span> <span class='ocrx_word' id='word_1_686' title='bbox 2996 4276 3233 4346; x_wconf 81' lang='grc' dir='ltr'>εὐλόγως</span> <span class='ocrx_word' id='word_1_687' title='bbox 3258 4293 3276 4344; x_wconf 86' lang='lat'><strong>;</strong></span> <span class='ocrx_word' id='word_1_688' title='bbox 3311 4276 3425 4330; x_wconf 74' lang='grc' dir='ltr'><strong>Καὶ</strong></span> <span class='ocrx_word' id='word_1_689' title='bbox 3445 4274 3560 4345; x_wconf 82' lang='grc' dir='ltr'><strong>γὰρ</strong></span> <span class='ocrx_word' id='word_1_690' title='bbox 3600 4275 3697 4328; x_wconf 80' lang='grc' dir='ltr'><strong>καὶ</strong></span> <span class='ocrx_word' id='word_1_691' title='bbox 3730 4276 3766 4344; x_wconf 86' lang='grc' dir='ltr'><strong>ή</strong></span> 
     </span>
    </p>
   </div>
   <div class='ocr_carea' id='block_1_99' title="bbox 2174 4367 3766 4444">
    <p class='ocr_par' dir='ltr' id='par_1_99' title="bbox 2174 4367 3766 4444">
     <span class='ocr_line' id='line_1_99' title="bbox 2174 4367 3766 4444; baseline -0.004 -19"><span class='ocrx_word' id='word_1_692' title='bbox 2174 4371 2302 4444; x_wconf 77' lang='grc' dir='ltr'>χθὲς</span> <span class='ocrx_word' id='word_1_693' title='bbox 2345 4371 2532 4444; x_wconf 80' lang='grc' dir='ltr'>ἡμέρα</span> <span class='ocrx_word' id='word_1_694' title='bbox 2581 4372 2649 4442; x_wconf 74' lang='grc' dir='ltr'>ἣν</span> <span class='ocrx_word' id='word_1_695' title='bbox 2705 4386 2864 4439; x_wconf 82' lang='grc' dir='ltr'>φατε,</span> <span class='ocrx_word' id='word_1_696' title='bbox 2941 4369 3085 4423; x_wconf 83' lang='grc' dir='ltr'><strong>κατά</strong></span> <span class='ocrx_word' id='word_1_697' title='bbox 3149 4368 3251 4440; x_wconf 88' lang='grc' dir='ltr'>μὲν</span> <span class='ocrx_word' id='word_1_698' title='bbox 3301 4367 3511 4440; x_wconf 80' lang='grc' dir='ltr'>τροπὴν</span> <span class='ocrx_word' id='word_1_699' title='bbox 3546 4367 3766 4436; x_wconf 77' lang='grc' dir='ltr'>αὔριον,</span> 
     </span>
    </p>
   </div>
   <div class='ocr_carea' id='block_1_100' title="bbox 2175 4459 3767 4536">
    <p class='ocr_par' dir='ltr' id='par_1_100' title="bbox 2175 4459 3767 4536">
     <span class='ocr_line' id='line_1_100' title="bbox 2175 4459 3767 4536; baseline -0.003 -18"><span class='ocrx_word' id='word_1_700' title='bbox 2175 4465 2346 4536; x_wconf 70' lang='grc' dir='ltr'>ἤγουν</span> <span class='ocrx_word' id='word_1_701' title='bbox 2377 4463 2574 4536; x_wconf 83' lang='grc' dir='ltr'>αὑρινὴ</span> <span class='ocrx_word' id='word_1_702' title='bbox 2602 4463 2787 4534; x_wconf 83' lang='grc' dir='ltr'>ἡμέρα</span> <span class='ocrx_word' id='word_1_703' title='bbox 2807 4462 2870 4516; x_wconf 82' lang='grc' dir='ltr'>οὐ</span> <span class='ocrx_word' id='word_1_704' title='bbox 2898 4459 3108 4532; x_wconf 86' lang='grc' dir='ltr'>γίνεταί</span> <span class='ocrx_word' id='word_1_705' title='bbox 3132 4478 3288 4526; x_wconf 86' lang='grc' dir='ltr'>ποτε,</span> <span class='ocrx_word' id='word_1_706' title='bbox 3319 4461 3671 4516; x_wconf 81' lang='grc' dir='ltr'>ἀπολιποῦσα</span> <span class='ocrx_word' id='word_1_707' title='bbox 3703 4460 3767 4513; x_wconf 77' lang='grc' dir='ltr'>τὸ</span> 
     </span>
    </p>
   </div>
   <div class='ocr_carea' id='block_1_101' title="bbox 2177 4551 3767 4627">
    <p class='ocr_par' dir='ltr' id='par_1_101' title="bbox 2177 4551 3767 4627">
     <span class='ocr_line' id='line_1_101' title="bbox 2177 4551 3767 4627; baseline -0.003 -19"><span class='ocrx_word' id='word_1_708' title='bbox 2177 4555 2400 4627; x_wconf 86' lang='grc' dir='ltr'>χθεσινὴ</span> <span class='ocrx_word' id='word_1_709' title='bbox 2435 4551 2598 4619; x_wconf 78' lang='grc' dir='ltr'>εἶναι,</span> <span class='ocrx_word' id='word_1_710' title='bbox 2630 4554 2768 4626; x_wconf 82' lang='grc' dir='ltr'>πρὸς</span> <span class='ocrx_word' id='word_1_711' title='bbox 2821 4553 2922 4626; x_wconf 76' lang='grc' dir='ltr'>τὴν</span> <span class='ocrx_word' id='word_1_712' title='bbox 2964 4554 3238 4624; x_wconf 72' lang='grc' dir='ltr'>σήμερον*</span> <span class='ocrx_word' id='word_1_713' title='bbox 3273 4551 3414 4624; x_wconf 81' lang='grc' dir='ltr'>πλὴν</span> <span class='ocrx_word' id='word_1_714' title='bbox 3447 4553 3767 4622; x_wconf 77' lang='grc' dir='ltr'>ἐπιγινομέ-</span> 
     </span>
    </p>
   </div>
   <div class='ocr_carea' id='block_1_102' title="bbox 2178 4643 3766 4721">
    <p class='ocr_par' dir='ltr' id='par_1_102' title="bbox 2178 4643 3766 4721">
     <span class='ocr_line' id='line_1_102' title="bbox 2178 4643 3766 4721; baseline -0.005 -17"><span class='ocrx_word' id='word_1_715' title='bbox 2178 4667 2278 4721; x_wconf 87' lang='grc' dir='ltr'>νης</span> <span class='ocrx_word' id='word_1_716' title='bbox 2307 4649 2445 4720; x_wconf 77' lang='grc' dir='ltr'>αὐτῇ</span> <span class='ocrx_word' id='word_1_717' title='bbox 2495 4647 2632 4720; x_wconf 76' lang='grc' dir='ltr'>πρὸς</span> <span class='ocrx_word' id='word_1_718' title='bbox 2676 4649 2743 4719; x_wconf 85' lang='grc' dir='ltr'><strong>τῇ</strong></span> <span class='ocrx_word' id='word_1_719' title='bbox 2777 4646 3038 4718; x_wconf 85' lang='grc' dir='ltr'>σήμερον,</span> <span class='ocrx_word' id='word_1_720' title='bbox 3069 4646 3290 4716; x_wconf 80' lang='grc' dir='ltr'>καὶτῆς</span> <span class='ocrx_word' id='word_1_721' title='bbox 3321 4643 3540 4716; x_wconf 77' lang='grc' dir='ltr'>αὔριον,</span> <span class='ocrx_word' id='word_1_722' title='bbox 3579 4644 3675 4697; x_wconf 80' lang='grc' dir='ltr'><strong>καὶ</strong></span> <span class='ocrx_word' id='word_1_723' title='bbox 3707 4644 3766 4696; x_wconf 83' lang='grc' dir='ltr'>τὸ</span> 
     </span>
    </p>
   </div>
   <div class='ocr_carea' id='block_1_103' title="bbox 2178 4732 3767 4809">
    <p class='ocr_par' dir='ltr' id='par_1_103' title="bbox 2178 4732 3767 4809">
     <span class='ocr_line' id='line_1_103' title="bbox 2178 4732 3767 4809; baseline -0.006 -17"><span class='ocrx_word' id='word_1_724' title='bbox 2178 4738 2434 4809; x_wconf 79' lang='grc' dir='ltr'>γενέσθαι</span> <span class='ocrx_word' id='word_1_725' title='bbox 2493 4736 2752 4809; x_wconf 82' lang='grc' dir='ltr'>προχθὲς,</span> <span class='ocrx_word' id='word_1_726' title='bbox 2799 4737 3152 4807; x_wconf 82' lang='grc' dir='ltr'>ὲπικτήσεται</span> <span class='ocrx_word' id='word_1_727' title='bbox 3173 4751 3188 4766; x_wconf 77' lang='grc'><strong><em>⁸</em></strong></span> <span class='ocrx_word' id='word_1_728' title='bbox 3219 4734 3456 4806; x_wconf 81' lang='grc' dir='ltr'>μείνασα</span> <span class='ocrx_word' id='word_1_729' title='bbox 3482 4733 3580 4787; x_wconf 72' lang='grc' dir='ltr'><strong>καὶ</strong></span> <span class='ocrx_word' id='word_1_730' title='bbox 3606 4735 3664 4785; x_wconf 78' lang='grc' dir='ltr'>ἐν</span> <span class='ocrx_word' id='word_1_731' title='bbox 3689 4732 3767 4802; x_wconf 81' lang='grc' dir='ltr'>τῷ</span> 
     </span>
    </p>
   </div>
   <div class='ocr_carea' id='block_1_104' title="bbox 2179 4826 3769 4902">
    <p class='ocr_par' dir='ltr' id='par_1_104' title="bbox 2179 4826 3769 4902">
     <span class='ocr_line' id='line_1_104' title="bbox 2179 4826 3769 4902; baseline -0.004 -17"><span class='ocrx_word' id='word_1_732' title='bbox 2179 4828 2321 4886; x_wconf 82' lang='grc' dir='ltr'>εἶναι</span> <span class='ocrx_word' id='word_1_733' title='bbox 2351 4829 2508 4902; x_wconf 78' lang='grc' dir='ltr'>χθές⁶</span> <span class='ocrx_word' id='word_1_734' title='bbox 2532 4830 2702 4901; x_wconf 82' lang='grc' dir='ltr'>ήγουν</span> <span class='ocrx_word' id='word_1_735' title='bbox 2761 4829 2892 4899; x_wconf 77' lang='grc' dir='ltr'><strong>ἑξῆς</strong></span> <span class='ocrx_word' id='word_1_736' title='bbox 2939 4829 3079 4900; x_wconf 80' lang='grc' dir='ltr'>πρὸς</span> <span class='ocrx_word' id='word_1_737' title='bbox 3111 4828 3211 4897; x_wconf 81' lang='grc' dir='ltr'>τὴν</span> <span class='ocrx_word' id='word_1_738' title='bbox 3267 4827 3386 4900; x_wconf 84' lang='grc' dir='ltr'>μετ’</span> <span class='ocrx_word' id='word_1_739' title='bbox 3423 4826 3603 4898; x_wconf 78' lang='grc' dir='ltr'>αὐτὴν</span> <span class='ocrx_word' id='word_1_740' title='bbox 3631 4826 3769 4895; x_wconf 81' lang='grc' dir='ltr'><strong>ήμὲ·</strong></span> 
     </span>
    </p>
   </div>
   <div class='ocr_carea' id='block_1_105' title="bbox 2184 4915 3761 4996">
    <p class='ocr_par' dir='ltr' id='par_1_105' title="bbox 2184 4915 3761 4996">
     <span class='ocr_line' id='line_1_105' title="bbox 2184 4915 3761 4996; baseline -0.005 -19"><span class='ocrx_word' id='word_1_741' title='bbox 2184 4939 2314 4996; x_wconf 85' lang='grc' dir='ltr'><strong>ραν⁹</strong></span> <span class='ocrx_word' id='word_1_742' title='bbox 2341 4922 2534 4994; x_wconf 83' lang='grc' dir='ltr'>ὥσπερ</span> <span class='ocrx_word' id='word_1_743' title='bbox 2563 4920 2662 4977; x_wconf 77' lang='grc' dir='ltr'><strong>καὶ</strong></span> <span class='ocrx_word' id='word_1_744' title='bbox 2697 4919 2938 4993; x_wconf 82' lang='grc' dir='ltr'>προχθές</span> <span class='ocrx_word' id='word_1_745' title='bbox 2965 4921 3085 4974; x_wconf 78' lang='grc' dir='ltr'>ἐστι</span> <span class='ocrx_word' id='word_1_746' title='bbox 3111 4921 3248 4992; x_wconf 78' lang='grc' dir='ltr'>πρὸς</span> <span class='ocrx_word' id='word_1_747' title='bbox 3292 4919 3392 4992; x_wconf 78' lang='grc' dir='ltr'>τὴν</span> <span class='ocrx_word' id='word_1_748' title='bbox 3422 4919 3624 4990; x_wconf 85' lang='grc' dir='ltr'>τρίτην</span> <span class='ocrx_word' id='word_1_749' title='bbox 3661 4915 3761 4971; x_wconf 74' lang='grc' dir='ltr'>ἀπ’</span> 
     </span>
    </p>
   </div>
   <div class='ocr_carea' id='block_1_106' title="bbox 2178 5014 2612 5088">
    <p class='ocr_par' dir='ltr' id='par_1_106' title="bbox 2178 5014 2612 5088">
     <span class='ocr_line' id='line_1_106' title="bbox 2178 5014 2612 5088; baseline 0.002 -1"><span class='ocrx_word' id='word_1_750' title='bbox 2178 5017 2349 5087; x_wconf 78' lang='grc' dir='ltr'>αὐτῆς</span> <span class='ocrx_word' id='word_1_751' title='bbox 2373 5014 2612 5088; x_wconf 71' lang='grc' dir='ltr'><strong>ἡμέραν·</strong></span> 
     </span>
    </p>
   </div>
   <div class='ocr_carea' id='block_1_107' title="bbox 2758 5126 3191 5182">
    <p class='ocr_par' dir='ltr' id='par_1_107' title="bbox 2758 5126 3191 5182">
     <span class='ocr_line' id='line_1_107' title="bbox 2758 5126 3191 5182; baseline 0 0"><span class='ocrx_word' id='word_1_752' title='bbox 2758 5126 3018 5182; x_wconf 78' lang='grc' dir='ltr'><strong>ΚΕΦΑΛ.</strong></span> <span class='ocrx_word' id='word_1_753' title='bbox 3061 5127 3191 5182; x_wconf 84' lang='lat' dir='ltr'><strong>AA&#39;.</strong></span> 
     </span>
    </p>
   </div>
   <div class='ocr_carea' id='block_1_108' title="bbox 2251 5233 3766 5311">
    <p class='ocr_par' dir='ltr' id='par_1_108' title="bbox 2251 5233 3766 5311">
     <span class='ocr_line' id='line_1_108' title="bbox 2251 5233 3766 5311; baseline -0.002 -16"><span class='ocrx_word' id='word_1_754' title='bbox 2251 5241 2315 5295; x_wconf 87' lang='grc' dir='ltr'>Εί</span> <span class='ocrx_word' id='word_1_755' title='bbox 2344 5238 2620 5311; x_wconf 72' lang='grc' dir='ltr'>ἐνδέχεται</span> <span class='ocrx_word' id='word_1_756' title='bbox 2653 5237 2716 5292; x_wconf 87' lang='grc' dir='ltr'><strong>τδ</strong></span> <span class='ocrx_word' id='word_1_757' title='bbox 2747 5239 3013 5311; x_wconf 85' lang='grc' dir='ltr'>πρότερον</span> <span class='ocrx_word' id='word_1_758' title='bbox 3051 5237 3127 5309; x_wconf 82' lang='grc' dir='ltr'>μὴ</span> <span class='ocrx_word' id='word_1_759' title='bbox 3154 5236 3237 5300; x_wconf 81' lang='grc' dir='ltr'><strong>δν,</strong></span> <span class='ocrx_word' id='word_1_760' title='bbox 3260 5237 3490 5309; x_wconf 76' lang='grc' dir='ltr'>ὕστερον</span> <span class='ocrx_word' id='word_1_761' title='bbox 3512 5233 3657 5292; x_wconf 76' lang='grc' dir='ltr'>εἶναι</span> <span class='ocrx_word' id='word_1_762' title='bbox 3691 5237 3766 5311; x_wconf 81' lang='grc' dir='ltr'><strong>μή</strong></span> 
     </span>
    </p>
   </div>
   <div class='ocr_carea' id='block_1_109' title="bbox 2180 5330 3764 5404">
    <p class='ocr_par' dir='ltr' id='par_1_109' title="bbox 2180 5330 3764 5404">
     <span class='ocr_line' id='line_1_109' title="bbox 2180 5330 3764 5404; baseline -0.002 -17"><span class='ocrx_word' id='word_1_763' title='bbox 2180 5332 2442 5404; x_wconf 74' lang='grc' dir='ltr'>γεννηθὲν</span> <span class='ocrx_word' id='word_1_764' title='bbox 2485 5331 2521 5404; x_wconf 76' lang='grc' dir='ltr'>ἢ</span> <span class='ocrx_word' id='word_1_765' title='bbox 2572 5330 2822 5401; x_wconf 74' lang='grc' dir='ltr'>ποιηθὲν,</span> <span class='ocrx_word' id='word_1_766' title='bbox 2871 5330 3168 5403; x_wconf 85' lang='grc' dir='ltr'>ὲνδεχέσθω</span> <span class='ocrx_word' id='word_1_767' title='bbox 3197 5330 3294 5384; x_wconf 80' lang='grc' dir='ltr'><strong>καὶ</strong></span> <span class='ocrx_word' id='word_1_768' title='bbox 3342 5330 3406 5384; x_wconf 83' lang='grc' dir='ltr'>τὸ</span> <span class='ocrx_word' id='word_1_769' title='bbox 3435 5331 3629 5396; x_wconf 80' lang='grc' dir='ltr'>ἀϊδίως</span> <span class='ocrx_word' id='word_1_770' title='bbox 3681 5331 3764 5396; x_wconf 84' lang='grc' dir='ltr'><strong>δν,</strong></span> 
     </span>
    </p>
   </div>
   <div class='ocr_carea' id='block_1_110' title="bbox 2185 5421 3766 5496">
    <p class='ocr_par' dir='ltr' id='par_1_110' title="bbox 2185 5421 3766 5496">
     <span class='ocr_line' id='line_1_110' title="bbox 2185 5421 3766 5496; baseline -0.003 -16"><span class='ocrx_word' id='word_1_771' title='bbox 2185 5425 2417 5496; x_wconf 75' lang='grc' dir='ltr'>ὕστερον</span> <span class='ocrx_word' id='word_1_772' title='bbox 2446 5423 2590 5479; x_wconf 83' lang='grc' dir='ltr'>κατά</span> <span class='ocrx_word' id='word_1_773' title='bbox 2614 5422 2873 5493; x_wconf 82' lang='grc' dir='ltr'>ἀλήθειαν</span> <span class='ocrx_word' id='word_1_774' title='bbox 2910 5421 3265 5493; x_wconf 78' lang='grc' dir='ltr'>γεννηθῆναι·</span> <span class='ocrx_word' id='word_1_775' title='bbox 3308 5421 3447 5476; x_wconf 81' lang='grc' dir='ltr'><strong>ἀλλά</strong></span> <span class='ocrx_word' id='word_1_776' title='bbox 3468 5423 3532 5476; x_wconf 81' lang='grc' dir='ltr'>τὸ</span> <span class='ocrx_word' id='word_1_777' title='bbox 3562 5424 3766 5494; x_wconf 77' lang='grc' dir='ltr'>πρότε-</span> 
     </span>
    </p>
   </div>
   <div class='ocr_carea' id='block_1_111' title="bbox 2185 5510 3768 5590">
    <p class='ocr_par' dir='ltr' id='par_1_111' title="bbox 2185 5510 3768 5590">
     <span class='ocr_line' id='line_1_111' title="bbox 2185 5510 3768 5590; baseline -0.003 -19"><span class='ocrx_word' id='word_1_778' title='bbox 2185 5535 2279 5590; x_wconf 90' lang='grc' dir='ltr'><strong>ρον</strong></span> <span class='ocrx_word' id='word_1_779' title='bbox 2331 5517 2640 5588; x_wconf 82' lang='grc' dir='ltr'>ἀμήχανον,</span> <span class='ocrx_word' id='word_1_780' title='bbox 2697 5513 2790 5568; x_wconf 77' lang='grc' dir='ltr'><strong>καὶ</strong></span> <span class='ocrx_word' id='word_1_781' title='bbox 2836 5513 2900 5566; x_wconf 81' lang='grc' dir='ltr'>τὸ</span> <span class='ocrx_word' id='word_1_782' title='bbox 2950 5511 3182 5585; x_wconf 73' lang='grc' dir='ltr'>ὕστερον</span> <span class='ocrx_word' id='word_1_783' title='bbox 3230 5512 3360 5584; x_wconf 77' lang='grc' dir='ltr'>ἄρα.</span> <span class='ocrx_word' id='word_1_784' title='bbox 3406 5513 3539 5568; x_wconf 77' lang='grc' dir='ltr'>Ἰδοὺ</span> <span class='ocrx_word' id='word_1_785' title='bbox 3579 5513 3648 5582; x_wconf 81' lang='grc' dir='ltr'>δὴ</span> <span class='ocrx_word' id='word_1_786' title='bbox 3673 5510 3768 5567; x_wconf 75' lang='grc' dir='ltr'>οὖν</span> 
     </span>
    </p>
   </div>
   <div class='ocr_carea' id='block_1_112' title="bbox 2185 5602 3766 5683">
    <p class='ocr_par' dir='ltr' id='par_1_112' title="bbox 2185 5602 3766 5683">
     <span class='ocr_line' id='line_1_112' title="bbox 2185 5602 3766 5683; baseline -0.002 -21"><span class='ocrx_word' id='word_1_787' title='bbox 2185 5611 2347 5683; x_wconf 74' lang='grc' dir='ltr'>ἡμεῖς</span> <span class='ocrx_word' id='word_1_788' title='bbox 2365 5650 2382 5674; x_wconf 95' lang='grc'><strong>,</strong></span> <span class='ocrx_word' id='word_1_789' title='bbox 2410 5606 2440 5663; x_wconf 78' lang='grc' dir='ltr'><strong>ὅ</strong></span> <span class='ocrx_word' id='word_1_790' title='bbox 2488 5607 2591 5681; x_wconf 79' lang='grc' dir='ltr'>μὲν</span> <span class='ocrx_word' id='word_1_791' title='bbox 2621 5602 2691 5677; x_wconf 80' lang='grc' dir='ltr'>ἦν</span> <span class='ocrx_word' id='word_1_792' title='bbox 2715 5607 2744 5660; x_wconf 77' lang='grc' dir='ltr'>ὁ</span> <span class='ocrx_word' id='word_1_793' title='bbox 2771 5606 2966 5675; x_wconf 77' lang='grc' dir='ltr'>Λόγος,</span> <span class='ocrx_word' id='word_1_794' title='bbox 2999 5607 3170 5678; x_wconf 69' lang='grc' dir='ltr'>ἤγουν</span> <span class='ocrx_word' id='word_1_795' title='bbox 3209 5605 3475 5677; x_wconf 79' lang='grc' dir='ltr'>ἄσαρκος,</span> <span class='ocrx_word' id='word_1_796' title='bbox 3513 5605 3677 5659; x_wconf 85' lang='grc' dir='ltr'>τοῦτο</span> <span class='ocrx_word' id='word_1_797' title='bbox 3705 5607 3766 5659; x_wconf 82' lang='grc' dir='ltr'>οὐ</span> 
     </span>
    </p>
   </div>
   <div class='ocr_carea' id='block_1_113' title="bbox 2184 5692 3767 5773">
    <p class='ocr_par' dir='ltr' id='par_1_113' title="bbox 2184 5692 3767 5773">
     <span class='ocr_line' id='line_1_113' title="bbox 2184 5692 3767 5773; baseline -0.004 -16"><span class='ocrx_word' id='word_1_798' title='bbox 2184 5700 2432 5773; x_wconf 83' lang='grc' dir='ltr'>γίνεσθαί</span> <span class='ocrx_word' id='word_1_799' title='bbox 2455 5717 2638 5772; x_wconf 77' lang='grc' dir='ltr'>φαμεν</span> <span class='ocrx_word' id='word_1_800' title='bbox 2656 5715 2670 5730; x_wconf 78' lang='grc' dir='ltr'><strong>ο</strong></span> <span class='ocrx_word' id='word_1_801' title='bbox 2701 5697 2730 5752; x_wconf 84' lang='grc' dir='ltr'><strong>ὃ</strong></span> <span class='ocrx_word' id='word_1_802' title='bbox 2762 5697 2820 5751; x_wconf 78' lang='grc' dir='ltr'>δὲ</span> <span class='ocrx_word' id='word_1_803' title='bbox 2851 5697 2952 5752; x_wconf 81' lang='grc' dir='ltr'><strong>οὐκ</strong></span> <span class='ocrx_word' id='word_1_804' title='bbox 2973 5692 3062 5770; x_wconf 78' lang='grc' dir='ltr'>ἦν,</span> <span class='ocrx_word' id='word_1_805' title='bbox 3084 5697 3251 5769; x_wconf 82' lang='grc' dir='ltr'>ήγουν</span> <span class='ocrx_word' id='word_1_806' title='bbox 3280 5697 3415 5768; x_wconf 76' lang='grc' dir='ltr'>σὰρξ</span> <span class='ocrx_word' id='word_1_807' title='bbox 3442 5698 3539 5752; x_wconf 75' lang='grc' dir='ltr'><strong>καὶ</strong></span> <span class='ocrx_word' id='word_1_808' title='bbox 3565 5715 3767 5769; x_wconf 82' lang='grc' dir='ltr'>σεσαρ-</span> 
     </span>
    </p>
   </div>
   <div class='ocr_carea' id='block_1_114' title="bbox 512 5787 2073 5868">
    <p class='ocr_par' dir='ltr' id='par_1_114' title="bbox 512 5797 2073 5865">
     <span class='ocr_line' id='line_1_114' title="bbox 512 5797 2073 5865; baseline 0.01 -26"><span class='ocrx_word' id='word_1_809' title='bbox 512 5797 700 5842; x_wconf 81' lang='lat' dir='ltr'><strong>autem</strong></span> <span class='ocrx_word' id='word_1_810' title='bbox 727 5805 839 5846; x_wconf 90' lang='lat' dir='ltr'><strong>non</strong></span> <span class='ocrx_word' id='word_1_811' title='bbox 897 5801 1037 5857; x_wconf 90' lang='lat' dir='ltr'><strong>erat,</strong></span> <span class='ocrx_word' id='word_1_812' title='bbox 1072 5809 1272 5865; x_wconf 87' lang='lat' dir='ltr'><strong>nempe</strong></span> <span class='ocrx_word' id='word_1_813' title='bbox 1303 5811 1437 5851; x_wconf 91' lang='lat' dir='ltr'><strong>caro</strong></span> <span class='ocrx_word' id='word_1_814' title='bbox 1483 5805 1541 5852; x_wconf 89' lang='lat' dir='ltr'><strong>ct</strong></span> <span class='ocrx_word' id='word_1_815' title='bbox 1573 5797 1942 5862; x_wconf 87' lang='lat' dir='ltr'><strong>incarnatum,</strong></span> <span class='ocrx_word' id='word_1_816' title='bbox 1977 5797 2073 5854; x_wconf 74' lang='lat' dir='ltr'><strong>hoc</strong></span> 
     </span>
    </p>
   </div>
   <div class='ocr_carea' id='block_1_115' title="bbox 2177 5787 3767 5868">
    <p class='ocr_par' dir='ltr' id='par_1_115' title="bbox 2188 5787 3767 5868">
     <span class='ocr_line' id='line_1_115' title="bbox 2188 5787 3767 5868; baseline -0.004 -20"><span class='ocrx_word' id='word_1_817' title='bbox 2188 5796 2456 5868; x_wconf 80' lang='grc' dir='ltr'>κωμένος,</span> <span class='ocrx_word' id='word_1_818' title='bbox 2503 5790 2662 5846; x_wconf 87' lang='grc' dir='ltr'>τοῦτο</span> <span class='ocrx_word' id='word_1_819' title='bbox 2725 5787 2979 5860; x_wconf 75' lang='grc' dir='ltr'>γενέσθαι</span> <span class='ocrx_word' id='word_1_820' title='bbox 3029 5787 3394 5861; x_wconf 73' lang='grc' dir='ltr'>πιστεύομενο</span> <span class='ocrx_word' id='word_1_821' title='bbox 3451 5787 3562 5852; x_wconf 73' lang='grc' dir='ltr'>ἕως</span> <span class='ocrx_word' id='word_1_822' title='bbox 3610 5788 3767 5843; x_wconf 75' lang='grc' dir='ltr'>τοῦδε</span> 
     </span>
    </p>
   </div>
   <div class='ocr_carea' id='block_1_116' title="bbox 514 5875 2084 5968">
    <p class='ocr_par' dir='ltr' id='par_1_116' title="bbox 514 5875 2084 5968">
     <span class='ocr_line' id='line_1_116' title="bbox 514 5875 2084 5968; baseline 0.01 -38"><span class='ocrx_word' id='word_1_823' title='bbox 514 5875 635 5934; x_wconf 72' lang='grc' dir='ltr'>[ιω-ί</span> <span class='ocrx_word' id='word_1_824' title='bbox 668 5879 965 5968; x_wconf 77' lang='lat' dir='ltr'><strong>credimus.</strong></span> <span class='ocrx_word' id='word_1_825' title='bbox 1003 5881 1186 5958; x_wconf 85' lang='lat' dir='ltr'><strong>Usque</strong></span> <span class='ocrx_word' id='word_1_826' title='bbox 1211 5885 1321 5942; x_wconf 87' lang='lat' dir='ltr'><strong>huc</strong></span> <span class='ocrx_word' id='word_1_827' title='bbox 1348 5885 1497 5943; x_wconf 88' lang='lat' dir='ltr'><strong>enim</strong></span> <span class='ocrx_word' id='word_1_828' title='bbox 1524 5889 1726 5949; x_wconf 86' lang='lat' dir='ltr'><strong>vestris</strong></span> <span class='ocrx_word' id='word_1_829' title='bbox 1757 5889 2084 5964; x_wconf 78' lang='lat' dir='ltr'><strong>tautologiis</strong></span> 
     </span>
    </p>
   </div>
   <div class='ocr_carea' id='block_1_117' title="bbox 2189 5879 3765 5960">
    <p class='ocr_par' dir='ltr' id='par_1_117' title="bbox 2189 5879 3765 5960">
     <span class='ocr_line' id='line_1_117' title="bbox 2189 5879 3765 5960; baseline -0.006 -17"><span class='ocrx_word' id='word_1_830' title='bbox 2189 5888 2300 5960; x_wconf 81' lang='grc' dir='ltr'>γὰρ</span> <span class='ocrx_word' id='word_1_831' title='bbox 2329 5887 2452 5948; x_wconf 76' lang='grc' dir='ltr'>ταῖς</span> <span class='ocrx_word' id='word_1_832' title='bbox 2501 5883 2798 5956; x_wconf 82' lang='grc' dir='ltr'>ὑμετέραις</span> <span class='ocrx_word' id='word_1_833' title='bbox 2849 5879 3227 5950; x_wconf 73' lang='grc' dir='ltr'>ταυτολογίαις</span> <span class='ocrx_word' id='word_1_834' title='bbox 3283 5879 3765 5936; x_wconf 84' lang='grc' dir='ltr'>συνανελίττεσθαι</span> 
     </span>
    </p>
   </div>
  </div>
