4006 6532
283 458 423 525 169⁸7

1241 450 1637 525 ADVERSUS
1672 456 2229 523 NESTORIANOS.
2255 485 2325 499 -
2352 463 2501 528 LIB.
2540 464 2641 529 IV.

3408 464 3554 536 1698

276 564 722 637 καταδεξόμεθαο
755 565 853 619 καὶ
878 563 933 619 τί
958 564 1090 638 ήμίν
1123 564 1190 618 ἑκ
1221 563 1377 618 τοῦδε
1434 564 1500 619 τὸ
1561 564 1850 639 ἐγκλημας

1956 565 2250 622 vobiscum
2268 567 2417 623 volvi
2444 567 2867 625 sustinebimus.
2892 568 2963 625 Et
2985 568 3120 641 quid
3155 568 3321 629 nobis
3346 587 3416 629 ex
3443 575 3552 632 hoc

872 738 1102 792 ΚΕΦΛΛ
1137 735 1263 793 ΛΒ¹.

339 831 415 884 Τὸ
433 831 643 886 ἄνωθεν
673 830 1040 900 γεννώμενον,
1073 831 1327 887 τουτέστι
1375 830 1607 904 δευτέρᾳ
1648 834 1860 906 γεννή-

270 941 377 990 σει,
411 925 473 990 ἐξ
508 924 700 988 ὓδατος
722 924 819 977 καὶ
848 924 1185 996 Πνεύματος,
1216 925 1251 996 ἢ
1280 926 1377 981 καὶ
1400 924 1489 979 διὰ
1504 924 1858 990 διδασκαλίας

267 1019 565 1088 γεννᾶταιο
592 1018 657 1071 τὸ
710 1017 767 1071 δὲ
802 1016 977 1080 οὕτως
1033 1015 1401 1089 γεννώμενον,
1449 1019 1532 1081 είς
1581 1017 1857 1073 υἱοθεσίαν

267 1112 529 1180 γεννᾶται
551 1126 567 1141 ·
601 1109 666 1164 τδ
708 1110 765 1163 δὲ
814 1111 896 1174 είς
932 1109 1210 1164 υἱοθεσίαν
1257 1109 1625 1182 γεννώμενον,
1657 1112 1724 1164 ὲκ
1754 1110 1857 1181 τῆς

267 1201 464 1265 ούσίας
506 1201 568 1255 οὐ
623 1202 885 1269 γεννᾶται
918 1200 1014 1254 τοῦ
1046 1200 1375 1269 γεννῶντος·
1407 1201 1470 1255 τὸ
1511 1201 1721 1257 ἄνωθεν
1746 1202 1858 1272 ἄρα

267 1292 640 1363 γεννώμενον,
692 1293 794 1346 οὐκ
845 1295 910 1347 ὲκ
958 1294 1059 1363 τῆς
1090 1292 1281 1357 οὐσίας
1308 1295 1570 1363 γεννᾶται
1611 1294 1708 1348 τοῦ
1734 1311 1860 1362 γεν-

269 1386 498 1450 νῶντος.
529 1386 644 1455 Τὴν
680 1381 775 1438 οὗν
813 1385 1023 1439 ἄνωθεν
1073 1386 1350 1456 γέννησιν,
1398 1386 1517 1450 πῶς
1558 1386 1858 1459 ὀνομάζετε

267 1481 436 1549 ήμῖν;
494 1478 545 1531 εί
604 1478 703 1548 μὲν
753 1479 853 1551 τὴν
903 1478 1047 1532 κατὰ
1099 1479 1286 1543 τόπον,
1322 1479 1398 1544 ὡς
1450 1480 1593 1551 ὑπὲρ
1622 1480 1727 1550 γῆς
1764 1481 1858 1534 καὶ

267 1573 399 1635 τοὺς
428 1573 493 1635 ἐκ
517 1572 620 1643 γῆς
640 1571 826 1635 οὖσαν,
847 1574 943 1626 καὶ
973 1572 1163 1636 ἁπλῶς
1190 1573 1266 1636 ώς
1285 1572 1537 1644 οὐράνιόν
1562 1590 1687 1627 τινα
1718 1573 1853 1627 ταύ-

269 1682 372 1736 την
408 1665 547 1731 ίστε,
574 1666 660 1719 ἵνα
696 1665 767 1719 τὰ
802 1666 1033 1720 πλεῖστα
1065 1669 1382 1738 σιγήσωμεν
1408 1667 1519 1721 τῶν
1542 1667 1683 1734 πρδς
1712 1669 1856 1739 ὑμᾶς

267 1757 528 1826 λέγεσθαι
576 1758 917 1829 δυναμένων,
969 1758 1188 1830 ἀνάγκη
1232 1759 1372 1813 διότι
1406 1758 1608 1831 ,πάσης
1662 1759 1858 1831 ἐτέρας

266 1851 580 1922 γεννήσεως
613 1850 815 1922 μᾶλλον
846 1852 880 1922 ή
912 1850 1006 1904 τοῦ
1037 1850 1215 1920 Λόγου
1266 1851 1332 1905 ἐκ
1379 1852 1594 1925 Πατρδς
1625 1854 1857 1926 ὑπερου-

1960 657 2217 715 criminis
2231 659 2255 714 ?

2487 753 2641 810 CAP.
2695 746 2915 811 XXXII.

2064 845 2221 913 Quod
2248 844 2540 903 desursum
2576 847 2843 919 gignitur,
2878 849 2933 904 id
2974 858 3058 905 est
3110 852 3352 907 secunda
3384 867 3551 923 gene-

1958 937 2193 1003 ratione,
2227 954 2296 994 ex
2317 954 2459 1009 aqua
2488 940 2699 995 scilicet
2722 950 2779 996 et
2811 942 3034 1012 spiritu,
3063 958 3162 1012 per
3194 931 3548 1014 disciplinam

1958 1029 2223 1100 gignitur.
2270 1029 2425 1099 Quod
2456 1040 2638 1086 autem
2671 1033 2746 1088 ita
2795 1033 3061 1105 gignitur,
3102 1036 3156 1089 in
3193 1036 3549 1106 adoptionem

1958 1124 2239 1195 gignitur;
2284 1125 2432 1195 quod
2467 1135 2651 1181 autem
2685 1126 2741 1182 in
2765 1128 3121 1198 adoptionem
3147 1130 3414 1201 gignitur,
3436 1148 3549 1187 non

1958 1215 2202 1287 gignitur
2234 1232 2301 1270 ex
2342 1218 2652 1273 substantia
2678 1219 2973 1290 gignentis.
3006 1220 3163 1287 Quod
3191 1237 3323 1293 ergo
3351 1223 3551 1278 desur-

1958 1322 2081 1362 sum
2116 1308 2373 1379 gignitur,
2408 1326 2518 1364 non
2582 1328 2647 1365 ex
2684 1312 2987 1367 substantia
3043 1314 3286 1384 gignitur
3318 1318 3551 1387 gignen-

1959 1402 2050 1455 tis.
2091 1402 2317 1457 -—-Hanc
2357 1402 2653 1459 desursum
2693 1407 3104 1475 generationem
3138 1411 3417 1479 quomodo
3443 1427 3548 1465 no-

1960 1492 2049 1548 bis
2072 1493 2317 1550 dicitis?
2367 1495 2424 1551 Si
2481 1496 2740 1552 localiter
2772 1498 3019 1567 quidem,
3063 1499 3116 1554 id
3160 1512 3246 1557 est
3288 1511 3549 1573 tanquam

1960 1601 2131 1656 super
2158 1597 2362 1642 terram
2415 1597 2560 1642 otea
2619 1605 2740 1659 quae
2778 1590 2846 1644 de
2894 1601 3040 1645 terra
3086 1602 3234 1658 sunt,
3292 1603 3349 1648 et
3389 1594 3548 1664 quasi

1958 1680 2239 1735 caelestem
2268 1680 2565 1750 quamdam
2594 1680 2922 1753 intelligitis,
2969 1691 3030 1738 ut
3060 1685 3166 1738 alia
3194 1685 3335 1740 bene
3376 1687 3548 1742 multa

1958 1771 2225 1827 sileamus
2260 1788 2381 1841 quae
2411 1773 2701 1827 adversum
2761 1791 2858 1829 vos
2907 1776 3016 1830 dici
3048 1788 3292 1846 possent,
3319 1794 3547 1834 necesse

1959 1876 2045 1920 est
2068 1880 2188 1927 vos,
2233 1866 2363 1936 quia
2392 1866 2517 1935 plus
2550 1883 2713 1936 quam
2740 1869 2947 1937 quaavis
2980 1869 3085 1924 alia
3115 1872 3415 1941 generatio,
3452 1888 3547 1926 su-

269 1942 455 2011 ράνιός
514 1943 633 1996 ἐστι
685 1943 960 2017 γέννησις,
1017 1943 1100 1997 ὅτι
1143 1945 1359 2015 αῐρεται
1389 1944 1499 1999 ἀπὸ
1525 1945 1629 2017 τῆς
1663 1947 1767 2018 τῆς
1820 1948 1855 2021 η

1960 1960 2307 2031 ρει-οωιοειίε
2369 1970 2456 2016 est
2516 1964 2799 2033 generatio
2848 1964 3016 2018 Verbi
3056 1981 3121 2019 ex
3184 1966 3368 2030 Patre,
3419 1983 3545 2021 cum

268 2032 383 2103 ζωή
449 2032 641 2099 αὐτοῦ,
694 2033 900 2103 ταύτην
954 2034 1190 2105 μάλιστα
1236 2034 1383 2107 ὑμᾶς
1421 2035 1620 2091 ειδέναι
1654 2037 1859 2093 ἄνωθεν

265 2123 432 2180 οὖσαν
461 2124 716 2199 γέννησιν
739 2141 755 2157 ο
787 2125 987 2181 οὐκοῦν
1019 2128 1102 2191 είς
1151 2126 1433 2182 υἱοθεσίαν
1462 2129 1557 2183 καὶ
1594 2129 1684 2183 τὸν
1712 2130 1860 2185 κατά

265 2216 473 2288 ταύτην
514 2215 859 2289 γεννώμενον
892 2220 1065 2289 ήγουν
1090 2217 1185 2272 τὸν
1207 2218 1383 2289 Λόγον
1407 2219 1616 2291 γυμνὸν
1642 2221 1859 2291 ἀνάγκη

265 2308 385 2362 ἐστὶ
409 2307 727 2373 δοξάζεσθαι
750 2326 764 2340 ·
800 2310 895 2363 καὶ
915 2309 1070 2363 ἔσται
1098 2304 1277 2379 οὗτος,
1304 2312 1366 2365 οὐ
1391 2310 1552 2381 φύσει
1580 2312 1707 2377 Υίδς
1732 2312 1857 2368 καθ’

266 2399 434 2471 ὑμᾶς,
498 2398 819 2471 όμοιογενὴς
848 2398 976 2464 Υἱὸς
1012 2399 1108 2454 καὶ
1146 2400 1321 2470 Λόγος
1365 2400 1462 2456 τοῦ
1513 2402 1761 2476 Πατρός·
1796 2404 1859 2459 τδ

263 2492 322 2545 δὲ
357 2491 625 2562 ἑπόμενον
653 2492 751 2561 τῆς
802 2491 1083 2563 ὑμετέρας
1132 2495 1476 2564 προτάσεως,
1515 2496 1855 2568 σαφέστερόν

264 2583 385 2647 πώς
434 2584 585 2636 ἐστιν
635 2581 906 2637 ἁσεὸέστε
922 2600 1038 2654 ρον.
1072 2585 1147 2637 Τὸ
1178 2584 1289 2658 γὰρ
1312 2583 1489 2650 οὕτως
1521 2589 1858 2658 γεγεννημέ-

266 2697 379 2746 νον,
413 2679 535 2733 οὐδὲ
565 2680 630 2732 ὲκ
657 2679 758 2749 τῆς
785 2678 975 2742 οὐσίας
1004 2679 1266 2751 τεχθῆναι
1298 2680 1593 2750 συνάγεται
1617 2696 1630 2713 °
1658 2682 1856 2735 οὐκοῦν

265 2772 389 2826 οὐδὲ
412 2774 477 2825 ἐκ
504 2773 603 2842 τῆς
622 2770 717 2825 τοῦ
750 2771 966 2842 Πατρὸς
994 2773 1023 2826 ό
1054 2772 1183 2837 Υἱὸς
1217 2772 1343 2828 καθ’
1370 2774 1515 2844 ὑμᾶς
1542 2791 1556 2805 ⁸
1591 2772 1727 2828 ἀλλὰ
1756 2773 1856 2846 τὴν

280 2865 492 2937 Ἀρείου
524 2865 661 2932 πρὸς
685 2867 751 2936 τῇ
782 2864 1029 2936 ὑμετέρα
1062 2865 1366 2937 κακοδοξίᾳ
1396 2866 1697 2937 παράνοιαν
1729 2866 1857 2919 ὲκυ-

272 2956 513 3028 ρώσατεο
544 2957 593 3009 εἰ
626 2957 685 3009 δὲ
717 2955 893 3009 ταῦτα
926 2955 1023 3027 μὲν
1046 2954 1219 3020 οὓτως
1243 2956 1345 3009 οὐκ
1370 2955 1681 3027 ἐκδέχεσθε,
1709 2956 1853 3010 άνωο

270 3050 362 3102 θεν
382 3050 440 3104 δὲ
460 3049 716 3120 γέννησιν
748 3049 850 3123 τὴν
890 3050 1057 3103 οίονεὶ
1112 3048 1455 3121 ὲπανάληψιν
1509 3049 1610 3121 τῆς
1655 3049 1854 3119 γεννή-

271 3157 410 3205 σεως
460 3140 560 3212 τῆς
606 3141 831 3213 πρώτης
864 3142 1069 3210 οἴεσθε,
1104 3140 1320 3195 καὶτοῦ
1355 3139 1521 3195 αὐτοῦ
1555 3140 1855 3212 ὑποκειμέ-

270 3248 363 3285 νου
397 3231 478 3296 δὶς
500 3231 601 3303 τὴν
630 3232 802 3305 αὐτὴν
827 3233 1083 3305 γέννησιν
1108 3235 1174 3306 τῇ
1200 3231 1275 3297 ὡς
1299 3233 1359 3301 ἐξ
1384 3232 1637 3305 ὑπαρχῆς
1669 3249 1853 3305 σημα-
1880 3279 1924 3339 c

271 3326 367 3397 σίᾳ
406 3325 495 3380 διὰ
543 3324 639 3380 τοῦ
687 3326 897 3382 ἄνωθέν
941 3343 1077 3397 φατε
1096 3342 1111 3357 ·
1137 3326 1233 3381 καὶ
1253 3325 1442 3391 ἁπλῶς
1467 3325 1852 3397 ἀναγέννησιν,

271 3417 305 3487 ἢ
359 3420 453 3471 καὶ
503 3417 765 3490 δευτέραν
794 3418 1070 3489 γέννησιν,
1112 3418 1227 3473 ίστε
1279 3419 1437 3491 τήνδε
1460 3436 1474 3451 ο
1505 3420 1600 3473 καὶ
1629 3421 1689 3474 έν
1714 3418 1852 3491 τῷδε

271 3512 435 3570 πάλιν
468 3512 661 3584 πόρρω
690 3513 791 3583 τῆς
810 3510 1122 3583 ὁρθοδοξίας
1153 3511 1599 3584 ἁπεπλανήθητε,
1622 3510 1858 3581 άναγέν-

271 3625 431 3678 νησιν
460 3606 555 3660 έπὶ
589 3604 831 3676 Χριστοῦ
857 3604 1271 3677 παραφέροντες
1316 3606 1410 3660 καὶ
1436 3605 1808 3677 διανοούμενοι
1836 3621 1851 3637 ο

270 3701 497 3755 ἐκείνων
559 3699 670 3769 γάρ
721 3699 942 3769 λέγεται
991 3698 1374 3772 ἀναγέννησις,
1432 3694 1508 3754 ὦν
1557 3699 1858 3764 παλαίωσις

270 3810 355 3857 τις
418 3793 513 3847 καὶ
597 3790 768 3866 ῥύπος
826 3792 922 3845 καὶ
1000 3792 1155 3856 νόσος
1237 3791 1618 3863 ἐπιγενομένη,
1690 3795 1751 3846 τὸ
1793 3794 1856 3847 ὲκ

270 3884 369 3953 τῆς
424 3881 647 3955 πρώτης
708 3882 1016 3953 γεννήσεως
1056 3881 1419 3953 ὑποκείμενον
1468 3882 1638 3936 πάλαι
1706 3899 1766 3935 τε
1796 3881 1856 3936 ὃν

270 3976 572 4046 ἀμόλυντον
616 3973 951 4045 έκιϐδήλωσέ
983 3992 1100 4039 πως
1132 3974 1166 4045 ἢ
1197 3974 1499 4046 διέφθειρεν
1545 3974 1578 4045 ἢ
1610 3973 1856 4045 κατεμά-

273 4052 436 4138 ρανεο
457 4083 471 4096 ο
507 4066 697 4135 ὥσπερ
726 4066 860 4135 ἡμῖν
890 4065 951 4119 τὸ
970 4066 1097 4118 κατ’
1118 4066 1308 4119 είκόνα
1338 4066 1500 4128 Θεοῦ,
1522 4067 1584 4120 τὸ
1613 4068 1678 4122 ὲκ
1703 4067 1857 4140 πρώ-

269 4173 373 4226 της
415 4154 477 4207 ὃν
510 4157 820 4227 γεννήσεως
847 4156 882 4227 ή
930 4153 1246 4227 παράὸασίς
1277 4173 1336 4208 τε
1370 4157 1403 4227 ή
1434 4155 1625 4229 πρώτη
1662 4159 1758 4211 καὶ
1798 4159 1855 4212 αί

274 4250 736 4321 μεταγενέστεραι
789 4247 900 4301 τῶν
950 4248 1046 4300 ἐπὶ
1085 4248 1154 4302 τὰ
1205 4248 1512 4322 φαυλότερα
1570 4249 1853 4323 προσηλώ-

273 4358 416 4405 σεις’
452 4339 545 4394 τὸν
590 4341 646 4394 δὲ
694 4340 827 4394 Θεὸν
858 4340 1032 4409 Λόγον
1076 4341 1274 4405 οὐδεὶς,
1303 4340 1423 4395 οὐδὲ
1450 4342 1561 4395 τῶν
1583 4342 1705 4397 λίαν
1724 4342 1853 4397 ἀθέ-

274 4448 449 4502 σμων,
503 4433 724 4500 ὲδόξασε
786 4431 1006 4486 πώποτε
1057 4434 1199 4487 κατὰ
1251 4432 1351 4502 τὴν
1407 4434 1633 4505 πρώτην
1687 4432 1853 4489 αὑτοῦ

272 4529 547 4596 γέννησιν,
575 4530 638 4580 ἐκ
668 4544 811 4589 τινος
834 4526 1167 4598 ἀπροσεξίας
1195 4528 1227 4599 ἢ
1265 4528 1583 4597 ἐπιϐουλῆς,
1609 4530 1853 4583 παλαιωο

1959 2063 2273 2109 assumatur
2293 2054 2362 2109 de
2385 2063 2531 2110 terra
2563 2055 2673 2110 vita
2707 2058 2847 2126 ejus,
2884 2057 3025 2111 scire
3057 2057 3199 2112 hanc
3228 2070 3357 2112 ante
3412 2059 3550 2114 alias

1957 2160 2079 2201 esse
2110 2146 2398 2202 desursum
2446 2148 2881 2219 generationem.
2920 2150 3087 2219 Igitur
3114 2150 3169 2204 in
3194 2150 3545 2221 adoptionem

1956 2253 2085 2294 eum
2120 2239 2215 2309 qui
2246 2239 2547 2296 secundum
2583 2240 2727 2295 hanc
2762 2242 2982 2310 genitus
3031 2252 3138 2307 est,
3201 2260 3398 2313 nempe
3435 2259 3551 2297 me-

1958 2346 2082 2386 rum
2111 2332 2374 2398 Verbum,
2403 2348 2630 2388 necesse
2655 2342 2741 2387 est
2769 2334 3075 2389 existimari
3106 2353 3121 2401 ;
3154 2346 3209 2390 et
3232 2336 3358 2396 erit,
3384 2338 3545 2406 juxta

1956 2438 2057 2479 vos
2100 2439 2211 2479 non
2266 2435 2464 2479 natura
2515 2425 2708 2491 Filius,
2759 2425 2850 2479 hic
2900 2426 3219 2496 unigenitus
3269 2427 3441 2481 Filius
3492 2435 3552 2480 et

1957 2514 2201 2569 Verbum
2254 2515 2454 2571 Patris.
2504 2514 2917 2586 Consequentia
2963 2527 3147 2573 autem
3183 2525 3381 2571 vcstne
3416 2534 3549 2587 pro-

1957 2606 2250 2675 positionis
2274 2607 2589 2662 evidcntius
2630 2608 2796 2677 impia
2845 2608 3018 2677 magis
3042 2617 3148 2662 est.
3198 2608 3351 2674 Quod
3400 2614 3548 2662 enim

1958 2698 2034 2754 ita
2063 2699 2309 2770 genitum
2330 2709 2436 2763 est,
2471 2700 2828 2755 concluditur
2885 2716 2995 2755 non
3018 2716 3085 2754 ex
3118 2700 3425 2756 substantia
3454 2718 3551 2771 ge-

1956 2790 2134 2845 nitum
2188 2806 2310 2847 esse
2344 2808 2360 2857 ;
2391 2791 2560 2862 igitur
2587 2807 2698 2846 non
2741 2808 2806 2847 ex
2859 2792 3167 2847 substantia
3228 2792 3406 2847 Patris
3464 2792 3554 2847 Fi-

1956 2880 2086 2944 lius,
2118 2881 2276 2952 juxta
2307 2897 2426 2937 vos.
2464 2881 2570 2939 Sed
2601 2881 2717 2937 Arii
2756 2898 3004 2938 errorem
3049 2881 3415 2947 conﬁrmatis,
3450 2883 3549 2937 ad-

1956 2972 2071 3028 dita
2100 2975 2328 3044 insuper
2372 2983 2557 3030 vestra
2584 2990 2755 3045 prava
2799 2973 3074 3029 doctrina.
3108 2974 3165 3029 Si
3200 2983 3383 3029 autem
3429 2973 3550 3029 bare

1957 3066 2032 3122 ita
2083 3081 2206 3122 esse
2231 3083 2341 3121 non
2372 3067 2687 3133 admitittis,
2743 3067 3037 3123 desursum
3082 3076 3263 3121 autem
3313 3082 3549 3137 genera-

1957 3160 2164 3215 tionem
2208 3160 2366 3229 quasi
2430 3161 2856 3232 receptationem
2908 3161 3099 3231 primae
3174 3160 3552 3231 generationis

1957 3252 2220 3320 censetis,
2274 3263 2331 3308 et
2356 3252 2682 3309 dicitisesse
2737 3252 2965 3324 quidem
2988 3253 3223 3323 subjecti
3274 3252 3361 3307 bis
3391 3269 3546 3308 eam-

1958 3346 2084 3403 dem
2108 3346 2523 3419 generationem
2552 3347 2709 3419 quasi
2750 3347 2819 3402 de
2853 3362 2997 3402 novo
3033 3355 3316 3417 acceptam
3352 3346 3549 3401 desur-

1954 3454 2101 3505 sum,
2190 3447 2248 3495 et
2288 3438 2433 3494 banc
2516 3439 2847 3510 simpliciter
2893 3438 3373 3510 regenerationem
3429 3438 3545 3493 sive

1955 3532 2257 3589 secundam
2294 3533 2708 3604 generationem
2752 3531 3077 3603 intelligitis.
3114 3531 3169 3585 in
3202 3530 3307 3585 hoc
3324 3547 3544 3600 quoque

1953 3627 2166 3697 pariter
2192 3625 2355 3695 longe
2384 3639 2414 3679 a
2436 3633 2585 3679 recta
2614 3623 2870 3679 doctrina
2894 3622 3201 3685 erravistis,
3256 3637 3547 3689 regenera-

1956 3718 2159 3772 tionem
2210 3716 2432 3771 Cbristo
2470 3716 2609 3770 falsa
2652 3715 3020 3771 attribuentes
3052 3724 3109 3768 et
3154 3718 3441 3783 tingentes.
3468 3714 3542 3768 Ea

1954 3810 2106 3865 enim
2186 3808 2454 3864 dicuntur
2522 3808 2862 3878 regenerari,
2934 3822 3168 3877 quorum
3232 3806 3543 3874 subjectum

1953 3902 2146 3974 primae
2169 3902 2563 3973 generationis,
2619 3901 2767 3970 quod
2798 3901 2977 3955 fuerat
3027 3901 3157 3955 olim
3225 3901 3543 3969 incoinqui-

1952 4008 2169 4061 natum,
2207 4003 2483 4050 vetustate
2534 3994 2772 4064 quadam
2801 4002 2896 4047 aut
2938 3993 3152 4047 macula
3196 4002 3291 4048 aut
3345 3992 3541 4047 morbo

1953 4096 2277 4157 corruptum
2304 4086 2434 4151 fuit,
2462 4094 2556 4139 aut
2588 4084 2851 4154 deperiit,
2904 4093 3000 4138 aut
3045 4083 3359 4149 emarcuit;
3399 4084 3544 4138 sicut

1952 4194 2055 4234 nos
2084 4178 2151 4234 ad
2187 4178 2480 4250 imaginem
2514 4177 2609 4232 Dei
2639 4177 2814 4231 factos
2835 4193 2902 4231 ex
2944 4176 3121 4246 prima
3155 4175 3389 4245 origine,
3422 4184 3538 4229 tum

1955 4266 2319 4337 transgressio
2355 4266 2553 4335 prima,
2586 4274 2701 4320 tum
2733 4262 3072 4334 posteriores
3104 4263 3171 4316 ad
3203 4264 3407 4317 malum
3438 4278 3535 4316 ac-

1953 4353 2611 4410 cessionesvitiaverunt.
2653 4353 2825 4407 Deum
2849 4351 3093 4406 Verbum
3119 4361 3300 4405 autem
3327 4351 3538 4416 nullus,

1951 4448 2121 4503 etiam
2160 4463 2225 4503 ex
2251 4446 2490 4502 maxime
2536 4446 2747 4515 impiis,
2783 4444 3123 4499 existimavit
3181 4460 3422 4513 unquam
3453 4459 3542 4497 se-

1953 4540 2194 4594 cundum
2225 4540 2460 4609 primam
2491 4540 2611 4609 ejus
2665 4538 3100 4607 generationem,
3160 4534 3540 4605 imprudenter

275 4618 438 4671 θέντα
470 4622 534 4687 τῇ
576 4620 845 4689 ἁμαρτίᾳ,
877 4618 971 4673 νῦν
1002 4620 1211 4673 δεῖσθαι
1257 4621 1357 4689 τῆς
1387 4620 1844 4691 άνακαινιζούσης

1954 4639 2046 4685 aut
2084 4646 2151 4685 ex
2186 4629 2480 4693 industria,
2526 4636 2752 4696 peccato
2811 4636 3143 4689 vetcratum,
3188 4640 3336 4679 nunc
3398 4624 3543 4678 indic

272 4709 437 4765 αὑτὸν
489 4710 924 4778 ἀναγεννήσεως,
978 4711 1072 4762 καὶ
1116 4710 1205 4763 διά
1250 4711 1411 4763 τοῦτο
1453 4710 1553 4781 τὴν
1595 4710 1853 4780 δευτέραν

272 4802 574 4872 ὑποστῆναι
623 4801 901 4870 γέννησιν.
929 4802 1053 4865 Πῶς
1076 4800 1169 4855 οὖν
1204 4801 1431 4871 μηδενὸς
1469 4803 1851 4875 ἁναγέννησιν,

271 4896 448 4949 εἴτουν
477 4892 683 4950 ἀνωθεν
710 4893 984 4963 γέννησιν,
1009 4894 1101 4946 ἐπὶ
1125 4892 1315 4946 τοῦτον
1342 4892 1593 4962 λέγοντος
1613 4894 1646 4966 ἢ
1670 4894 1853 4949 νοοῦν-

270 5007 383 5051 τος,
413 4988 549 5042 ά).λά
580 4987 679 5055 τὴν
710 4986 964 5055 γέννησιν
986 4984 1153 5040 αὑτοῦ
1181 4984 1280 5057 τὴν
1306 4985 1562 5060 δευτέραν
1594 4986 1734 5057 μετὰ
1754 4988 1852 5055 τῆς

272 5080 515 5154 πρώτης,
539 5082 757 5137 πάντων
783 5078 945 5133 ὁσίων
999 5078 1428 5149 ὁμολογούντων,
1472 5079 1572 5151 τὴν
1621 5079 1851 5147 ἁναγέν-

269 5193 425 5249 νησιν
485 5175 607 5229 ἀντὶ
676 5173 985 5245 γεννήσεως
1041 5170 1294 5243 ἀληθοῦς,
1345 5170 1603 5241 δευτέρας
1642 5187 1702 5224 τε
1749 5170 1850 5241 τὴν

267 5268 443 5333 τάξιν,
471 5268 565 5320 ἐπὶ
592 5266 683 5320 τὸν
714 5265 849 5319 Θεὸν
875 5264 1047 5334 Λόγον
1089 5261 1455 5334 μετηγάγετε,
1486 5261 1575 5317 ῐνα
1597 5261 1850 5316 ἐντεῦθεν

266 5360 401 5429 ἡμῖν
462 5355 525 5409 τὸ
574 5353 768 5409 δοκοῦν
811 5355 942 5426 ὑμῖν
1013 5350 1438 5422 συλλογίσησθε;
1506 5350 1590 5404 ιτι
1644 5351 1847 5421 μέντοι,

256 5442 385 5505 ὀὐδὲ
432 5451 612 5504 έκεῖνο
659 5448 777 5513 πῶς
824 5449 954 5521 ύμῖν
1004 5447 1151 5514 εδοξε
1181 5447 1521 5517 νενοήκαμεν
1560 5445 1621 5499 τὸ
1649 5446 1714 5499 ὲκ
1752 5445 1847 5498 τοῦ

268 5544 593 5616 Πνεύματος
622 5540 987 5614 γεννώμενον,
1022 5542 1097 5613 μὴ
1132 5541 1198 5594 ὲκ
1226 5541 1328 5612 τῆς
1371 5539 1563 5603 οὐσίας
1604 5538 1843 5593 οίεσθαι’

267 5640 299 5710 ἢ
338 5641 448 5711 γὰρ
497 5638 573 5703 ὡς
598 5637 851 5709 ἐνέργεια
890 5639 969 5701 είς
1015 5637 1172 5704 ξύλον
1221 5635 1287 5689 ὲκ
1334 5633 1437 5704 τῆς
1490 5634 1710 5703 φύσεως
1749 5633 1845 5687 τοῦ

266 5731 519 5795 τέκτονός
561 5733 729 5795 ἐστιν,
758 5728 792 5800 ἦ
820 5729 897 5793 ὠς
943 5729 1056 5801 πῦρ
1103 5732 1168 5785 ἐκ
1188 5729 1361 5801 πυρὸς
1384 5731 1441 5783 ὲν
1463 5728 1611 5799 ξύλῳ
1644 5728 1708 5779 ὲκ
1745 5726 1847 5796 τῆς

264 5825 453 5887 οὐσίας
478 5824 737 5896 ὑπάρχει.
767 5822 914 5877 Ἀλλ’
952 5824 1002 5877 εί
1042 5823 1139 5894 μὲν
1176 5822 1317 5878 κατὰ
1341 5822 1402 5877 τὸ
1424 5821 1660 5895 πρῶτον,
1689 5820 1846 5892 δῆλον

266 5921 350 5973 ὅτι
376 5920 620 5991 ἐνεργεῖν
644 5935 698 5972 τι
726 5916 787 5972 τὸ
822 5914 1085 5990 γεννηθὲν
1120 5915 1313 5989 ῶσπερ
1338 5915 1460 5972 οὐδὲ
1509 5916 1544 5987 ή
1590 5915 1845 5987 ἐνέργεια

1953 4736 2080 4792 gere
2107 4730 2410 4775 renovante
2433 4720 2609 4783 illum,
2646 4717 3088 4789 regeneratione,
3119 4726 3413 4787 etpropter
3432 4717 3537 4772 hoc

1952 4811 2191 4867 subiisse
2219 4811 2519 4866 secundam
2550 4810 2988 4881 generationem.
3021 4808 3308 4876 Quomodo
3345 4810 3534 4880 igitur,

1951 4918 2078 4959 cum
2110 4919 2273 4959 nemo
2307 4902 2783 4974 regenerationem
2817 4917 2916 4956 seu
2961 4900 3251 4965 desursum
3306 4916 3537 4970 genera-

1950 4998 2156 5061 tionem
2182 4996 2283 5065 ipsi
2310 4994 2578 5049 attribuat
2606 5008 2708 5048 nec
2732 4992 3025 5063 intelligat,
3045 5006 3238 5045 omnes
3265 5007 3397 5044 vero
3415 5006 3540 5045 san-

1950 5090 2025 5148 cti
2057 5089 2469 5163 generationem
2502 5088 2623 5158 ejus
2655 5085 2955 5141 secundam
2985 5093 3110 5154 post
3138 5084 3373 5153 primam
3407 5099 3542 5137 con-

1950 5182 2237 5247 ﬁteantur,
2263 5196 2361 5235 vos
2382 5180 2859 5250 regenerationem
2884 5192 2987 5247 pro
3008 5190 3137 5230 vera
3157 5176 3536 5246 generatione,

1948 5273 2148 5330 ordine
2192 5271 2455 5337 secunda,
2506 5271 2563 5326 in
2606 5273 2779 5326 Deum
2819 5270 3060 5325 Verbum
3117 5268 3443 5333 induxistis,
3480 5277 3540 5322 ut

1949 5367 2079 5423 inde
2105 5367 2268 5421 nobis
2288 5374 2469 5420 vestra
2500 5364 2702 5435 placita
2751 5362 3051 5418 inferatis?
3081 5362 3279 5416 Adhuc
3329 5371 3535 5424 tamen,

1948 5470 2083 5518 non,
2110 5460 2172 5507 ut
2196 5452 2355 5507 vobis
2400 5450 2627 5521 placuit,
2666 5448 3039 5504 intelleximus
3085 5447 3221 5501 illud
3242 5487 3256 5511 ,
3290 5447 3436 5517 quod
3469 5460 3536 5499 ex

1948 5544 2145 5616 spiritu
2174 5544 2439 5615 gignitur,
2466 5557 2578 5597 non
2607 5542 2823 5596 censeri
2844 5556 2912 5595 ex
2932 5540 3236 5595 substantia
3262 5538 3532 5610 genitum;

1946 5652 2147 5706 nempe
2186 5637 2303 5691 sive
2362 5634 2641 5706 quomodo
2667 5634 2753 5690 vis
2797 5642 2969 5690 estex
2991 5634 3222 5688 artilicis
3257 5640 3453 5686 natura
3478 5629 3532 5682 in

1946 5730 2180 5801 lignum,
2236 5729 2351 5784 sive
2410 5729 2689 5799 quomodo
2732 5728 2874 5799 ignis
2926 5744 2992 5783 ex
3030 5729 3152 5798 igne
3186 5726 3241 5779 in
3289 5725 3437 5794 ligno
3465 5738 3531 5777 ex

1947 5820 2254 5876 substantia
2286 5820 2465 5876 adest.
2506 5820 2611 5876 Sed
2636 5821 2679 5876 si
2726 5820 2902 5892 prius,
2956 5830 3105 5890 patet
3141 5820 3249 5873 vim
3303 5816 3533 5872 artiﬁcis

1946 5929 2057 5971 non
2089 5927 2252 5985 posse
2287 5929 2453 5985 agere
2512 5914 2569 5971 in
2618 5923 2945 5987 generatum
2979 5914 3125 5969 sicut
3164 5926 3264 5969 nec
3298 5911 3415 5980 ipsa
3448 5910 3534 5967 vis
