4042 6520
518 419 657 486 1699

1787 420 2098 486 LEONTII
2139 421 2273 483 BYZ
2287 421 2547 483 ᾹΝἸἪῚΙ

3637 421 3771 487 1700

512 549 637 605 qua
663 539 748 588 est
769 531 824 586 in
853 531 1022 603 ligno.
1077 531 1134 589 Si
1169 532 1470 604 posterius,
1500 531 1674 604 liquet
1708 532 1821 588 vim
1869 533 2014 604 ignis
2039 542 2094 589 et

2196 535 2334 606 αῦτη
2376 538 2410 605 ή
2471 536 2530 587 ἐν
2564 531 2644 604 τῷ
2669 530 2838 606 ξύλῳ,
2860 531 2927 587 τὰ
2966 530 3063 586 τοῦ
3089 531 3415 598 τέκτονοςού
3441 532 3732 604 δυνήσεται
3754 555 3768 564 ·

513 624 693 694 ignem
722 623 777 676 in
803 622 950 693 ligno
973 631 1294 694 generatum
1322 639 1483 693 posse
1509 639 1694 695 agere.
1723 624 1779 680 Si
1807 624 2088 680 autemita

511 722 598 770 est
644 715 831 785 genito
861 714 1006 769 facta
1047 725 1134 770 est
1183 716 1535 786 participatio
1588 717 1916 776 substantia
1974 731 2097 786 qua

512 807 647 862 illud
680 807 914 877 genuit;
964 807 1068 862 hoc
1103 808 1252 863 enim
1293 808 1628 864 testiﬁcatur
1676 811 1798 880 ejus
1825 810 2096 866 naturalis

511 899 598 953 vis
653 915 775 968 qua
813 900 1063 969 sequitur
1097 899 1368 970 genitum.
1397 900 1454 955 Si
1479 908 1664 956 autem
1687 898 1833 956 facta
1857 909 1942 956 est
1963 915 2094 970 par-

511 989 763 1060 ticipatio
798 990 1141 1055 substantia,
1177 991 1223 1045 si
1257 991 1540 1062 generatio
1586 1006 1698 1046 non
1751 999 1836 1046 est
1864 1007 1934 1046 ex
1960 991 2093 1048 sub-

512 1082 713 1134 stantia
741 1079 836 1134 sed
859 1095 926 1134 ex
945 1080 997 1134 vi
1029 1080 1264 1152 alicujus
1295 1097 1404 1135 non
1433 1080 1809 1147 subsistentis,
1842 1082 2092 1152 quaedam

513 1185 626 1224 non
669 1171 1028 1226 subsistentia
1093 1172 1530 1227 dominabuntur
1596 1173 1986 1238 substantiam,
2037 1183 2096 1229 et

513 1271 679 1319 erunt
697 1279 862 1320 causa
888 1265 1344 1330 substantiarum,
1379 1265 1532 1335 quod
1557 1273 1645 1320 est
1669 1265 2032 1336 impossibile.

1081 1481 1232 1536 CAP.
1275 1480 1523 1537 XXXIII.

587 1598 642 1653 Si
693 1596 916 1667 proprie
985 1604 1040 1650 et
1084 1610 1215 1650 vere
1259 1595 1479 1666 genitus
1521 1604 1608 1651 est
1645 1596 1794 1651 Deus
1845 1595 2090 1652 Verbum

513 1707 546 1746 e
575 1691 823 1761 Virgine,
856 1697 912 1744 et
941 1697 1024 1744 est
1075 1689 1168 1742 illa
1213 1688 1503 1753 absimilis,
1533 1698 1590 1743 et
1619 1688 1843 1759 proprie
1873 1695 1930 1743 et
1962 1703 2094 1744 vere

514 1783 736 1854 genitus
773 1791 860 1836 est
888 1781 1032 1836 idem
1060 1798 1091 1836 e
1124 1781 1306 1847 Patre,
1335 1781 1468 1850 quid
1501 1781 1762 1850 prohibet
1789 1782 1942 1836 illum
1969 1797 2091 1837 esse

2194 631 2244 682 εί
2282 628 2340 681 δὲ
2371 625 2516 681 κατὰ
2542 626 2604 678 τὺ
2635 625 2913 695 δεύτερον,
2954 625 3126 693 σαφὲς
3160 626 3244 678 ὃτι
3270 627 3522 694 ἐνεργεῖν
3566 627 3638 680 τὰ
3675 627 3769 680 τοῦ

2194 719 2365 791 πυρὸς
2400 719 2497 772 καὶ
2519 717 2582 771 τὸ
2606 717 2869 786 γεννηθὲν
2899 717 2958 770 ἐν
2985 714 3062 787 τῷ
3087 713 3233 786 ξύλῳ
3268 715 3401 787 πῦρ,
3438 717 3734 788 δυνήσεται
3751 733 3769 747 ο

2195 812 2244 865 εί
2278 811 2341 865 δὲ
2375 808 2555 876 τοῦτο,
2595 809 2901 881 μετάληψις
2939 809 3129 877 γέγονε
3161 809 3262 880 τῆς
3300 807 3570 878 τεκούσης
3611 810 3774 863 αὐτδν

2193 901 2380 967 οὐσίας
2403 901 2483 974 τῷ
2511 901 2859 973 γεννηθέντν
2896 900 3057 955 τοῦτο
3087 900 3195 972 γάρ
3236 903 3508 972 μαρτυρεῖ
3546 901 3774 972 δηλαδὴ,

2193 997 2436 1068 ἑπομένη
2464 996 2559 1051 καὶ
2597 995 2757 1068 τῷδε,
2790 995 2998 1066 ταύτης
3026 997 3058 1066 ἠ
3095 995 3298 1066 φυσικὴ
3325 995 3604 1066 ἐνέργεια.
3634 996 3698 1048 El
3717 995 3775 1048 ὁέ

2197 1086 2499 1161 μετάληψις
2530 1087 2753 1155 γέγονεν
2799 1086 3009 1152 οὐσίας,
3045 1087 3094 1138 εί
3142 1084 3217 1156 μὴ
3261 1088 3328 1140 ἐκ
3383 1087 3486 1158 τῆς
3528 1084 3717 1148 οὐσίας
3742 1087 3776 1155 ἡ

2193 1180 2470 1250 γέννησις,
2500 1177 2616 1232 ἀλλ’
2652 1176 2713 1242 ἐξ
2740 1176 3022 1247 ἐνεργείας
3049 1175 3326 1238 άνουσίου,
3368 1173 3523 1228 ἐσται
3546 1172 3776 1227 άνούσια

2192 1269 2646 1341 κατακρατοῦντα
2691 1269 2795 1341 τῆς
2843 1268 3054 1332 οὐσίας,
3085 1265 3182 1320 καὶ
3206 1265 3406 1320 οὐσιῶν
3431 1266 3606 1333 αἴτια,
3637 1267 3782 1335 ὅπερ

2192 1362 2477 1417 ἀδύνατον.

2775 1467 3028 1523 ΚΕΦΑΛ.
3061 1468 3183 1523 ΔΡ.

2262 1586 2326 1640 El
2357 1583 2562 1657 κυρίως
2617 1584 2712 1638 καὶ
2763 1585 2911 1638 κατὰ
2963 1583 3219 1655 ἀλήθειαν
3255 1583 3521 1655 ἐγεννήθη
3563 1585 3595 1637 ὁ
3643 1583 3779 1647 Θεὸς

2191 1677 2365 1748 Λόγος
2398 1679 2462 1730 ἐκ
2493 1677 2591 1745 τῆς
2620 1675 2922 1748 Παρθένου,
2954 1677 3050 1730 καὶ
3103 1677 3253 1732 ἐστιν
3304 1677 3446 1748 αῦτη
3493 1677 3777 1745 ἀνόμοιος,

2192 1769 2288 1822 καὶ
2319 1767 2524 1840 κυρίως
2560 1767 2654 1820 καὶ⁸
2681 1767 2826 1819 κατὰ
2854 1765 3113 1838 ἀλήθειαν
3146 1768 3411 1839 ἐγεννήθη
3445 1770 3475 1820 ὁ
3520 1768 3690 1830 αὐτὸς
3715 1771 3780 1820 ὲκ

515 1874 682 1930 etiam
730 1873 875 1928 Patri
923 1871 1263 1934 absimilem,
1291 1886 1472 1940 neque
1511 1871 1967 1942 generationibus
2001 1887 2092 1926 se-

2195 1860 2428 1932 Πατρδς,
2451 1859 2503 1912 τί
2527 1857 2724 1912 κωλύει
2745 1852 3057 1913 εἴναιαύτὺν
3077 1860 3172 1913 καὶ
3197 1857 3275 1930 τῷ
3300 1859 3474 1932 Πατρὶ
3496 1859 3777 1930 ἀνόμοιον,

516 1967 760 2022 cundum
785 1965 1026 2035 speciem
1052 1964 1461 2030 differentibus,
1488 1980 1668 2034 neque
1694 1965 1878 2035 genito
1897 1964 2094 2019 simul?

517 2057 735 2111 Etenim
786 2057 831 2110 si
868 2055 1049 2124 rcipsa
1081 2055 1466 2126 generationes
1500 2057 1805 2111 secundum
1851 2056 2099 2126 speciem

516 2164 627 2202 non
672 2146 955 2212 diﬂ‘erunt,
1007 2155 1064 2201 et
1113 2147 1360 2202 totalitas
1392 2148 1562 2219 geniti
1612 2149 1808 2203 eodem
1840 2148 2006 2202 modo
2035 2163 2094 2202 se

517 2241 686 2294 habet
731 2241 784 2294 in
818 2249 1049 2309 utraque
1086 2241 1461 2310 generatione,
1501 2241 1612 2295 vim
1651 2241 1817 2295 habet
1847 2250 2094 2296 vestrum

516 2340 902 2401 argumentum
939 2347 952 2382 :
986 2346 1112 2384 cum
1144 2331 1270 2385 talis
1295 2330 1366 2386 sit
1389 2332 1806 2401 generationum
1836 2331 2097 2386 differen-

519 2423 614 2483 tia,
659 2429 719 2473 nt
766 2436 874 2474 una
921 2429 1128 2474 aterna
1172 2420 1537 2490 intelligatur,
1571 2421 1744 2474 altera
1774 2436 1906 2475 vero
1937 2422 2094 2490 prin-

517 2512 723 2580 cipium
768 2510 1010 2576 habens;
1049 2525 1159 2564 una
1192 2510 1579 2580 incorporalis,
1611 2512 1782 2566 altera
1817 2521 2003 2566 autem
2036 2512 2094 2566 in

518 2618 781 2672 corpore;
825 2617 932 2656 una
972 2603 1092 2657 sine
1116 2603 1462 2664 extensione.
1505 2605 1678 2658 altera
1727 2620 1863 2659 vero
1904 2614 2096 2659 exten-

519 2694 730 2748 sionem
772 2695 1015 2760 habens;
1052 2709 1164 2748 uno
1189 2695 1361 2750 verbo
1387 2695 1505 2750 hac
1544 2697 1684 2751 meri
1731 2705 1787 2752 et
1829 2697 2096 2767 simplicis

515 2787 704 2848 V‘crbi,
747 2787 836 2840 illa
869 2794 1051 2840 autem
1103 2785 1312 2841 Christi
1359 2788 1651 2858 compositi
1686 2803 1842 2856 esse;
1894 2798 1950 2844 et
1981 2789 2097 2845 hac

517 2878 741 2948 quidem
786 2877 905 2933 sine
939 2879 1269 2949 gestatione,
1317 2878 1410 2933 illa
1459 2891 1641 2935 autem
1672 2896 1738 2935 ex
1766 2883 2092 2952 gestatione,

518 2969 751 3040 aliisque
807 2970 957 3025 mille
989 2969 1540 3027 dissimilitudinibus
1583 2970 1925 3038 diﬂerentes,
1961 2988 2096 3043 quo-

521 3060 708 3124 modo.
732 3061 924 3127 dicite,
953 3078 1160 3133 quaso,
1195 3062 1527 3118 concluditis
1565 3061 1622 3118 in
1667 3071 1903 3134 utraque
1934 3080 2097 3135 gene-

520 3152 801 3207 rationum
847 3153 1095 3225 ejusdem
1128 3153 1296 3208 unius
1331 3151 1427 3207 lilii
1469 3167 1500 3207 a
1523 3152 1845 3222 parentibus
1873 3153 2096 3208 absimi-

519 3245 810 3302 litudinem
867 3257 1180 3302 secuturam
1244 3245 1401 3312 fore,
1454 3244 1612 3315 quasi
1676 3245 1922 3318 ejusdem
1981 3246 2094 3301 sint

520 3339 725 3409 speciei
777 3339 925 3394 illius
972 3339 1397 3411 generationes?
1427 3339 1524 3394 sed
1566 3338 1620 3393 in
1654 3354 1765 3410 quo
1797 3354 1868 3395 ne
1903 3339 2094 3394 offen-

521 3431 664 3487 datis
709 3447 820 3488 non
867 3432 1112 3497 cavistis,
1155 3431 1290 3487 illud
1327 3432 1546 3498 discite,
1588 3448 1622 3488 ο
1653 3433 1782 3500 viri,
1821 3432 2093 3504 siquidem

521 3538 633 3579 non
682 3539 902 3594 semper
946 3525 1325 3580 contradicere
1372 3525 1559 3581 vultis.
1609 3523 1912 3595 Loquendo
1944 3525 2094 3580 enim

523 3616 744 3686 proprie
777 3625 834 3671 et
871 3632 998 3672 vere
1049 3616 1117 3672 de
1168 3624 1402 3688 utraque
1455 3617 1835 3688 generatione,
1887 3619 2095 3690 putatis

523 3708 771 3764 eamdem
803 3725 924 3765 esse
958 3725 1120 3764 unam
1154 3725 1218 3765 ac
1258 3710 1508 3774 alteram,
1553 3717 1610 3765 et
1653 3710 1862 3766 similes
1907 3711 2095 3765 ambas

524 3801 909 3873 generationes
960 3803 1242 3871 accipitis;
1298 3817 1411 3856 non
1457 3808 1750 3857 cernentes
1801 3810 2094 3872 utramque

524 3893 750 3963 proprie
799 3902 854 3948 et
896 3908 1028 3948 vere
1073 3893 1373 3948 secundam
1410 3909 1565 3948 suam
1610 3893 1785 3963 ipsius
1823 3893 2093 3948 rationem

522 4000 666 4051 esse,
711 3999 890 4054 neque
921 3985 1223 4040 secundum
1255 3985 1486 4042 alterius
1535 3987 1827 4041 rationem.
1857 3987 1913 4041 Si
1946 3986 2093 4040 enim

524 4078 709 4131 omnia
746 4077 946 4131 similia
981 4077 1271 4147 cogitanda
1317 4079 1426 4134 sint
1455 4078 1523 4134 de
1557 4079 1760 4149 quibus
1795 4079 2015 4148 proprie
2038 4086 2096 4134 et

525 4185 654 4224 vere
699 4171 1050 4240 pradicatur,
1094 4180 1313 4240 oportet
1359 4188 1480 4238 vos,
1525 4188 1651 4228 cum
1701 4173 1841 4242 lapis
1872 4171 2096 4243 proprie

525 4269 584 4316 et
612 4277 742 4317 vere
788 4278 988 4334 corpus
1021 4279 1140 4318 esse
1171 4263 1395 4331 dicitur,
1423 4275 1480 4320 ct
1505 4265 1586 4321 sol
1624 4266 1847 4336 proprie
1885 4276 1940 4320 et
1966 4280 2095 4320 vere

525 4371 731 4426 corpus
763 4371 884 4412 esse
927 4355 1150 4423 dicitur,
1195 4366 1251 4413 et
1293 4358 1438 4412 Deus
1477 4358 1837 4428 incorporalis
1873 4358 2096 4428 proprie

525 4457 583 4502 et
624 4462 753 4502 vere
787 4447 1009 4516 dicitur,
1066 4449 1272 4504 similes
1313 4448 1518 4504 habere
1547 4448 1806 4518 lapidem,
1843 4449 2012 4503 solem
2041 4457 2098 4503 et

2195 1955 2333 2024 μήτε
2343 1952 2451 2005 τῶν
2470 1952 2776 2023 γεννήσεων
2800 1952 2918 2005 κατ’
2942 1947 3078 2017 εἶδος
3103 1949 3625 2022 παραλλαττουσῶν,
3639 1953 3778 2024 μήτε

2192 2044 2286 2098 τοῦ
2309 2044 2652 2116 γεννωμένου
2676 2043 2963 2112 καθάπαξς
2993 2045 3106 2099 Καὶ
3146 2045 3256 2118 γάρ
3306 2047 3354 2099 εί
3384 2047 3486 2118 μὲν
3517 2046 3692 2108 ὅντως
3719 2046 3778 2098 αι

2192 2140 2474 2209 γεννήσεις
2490 2140 2611 2192 κατ’
2639 2133 2779 2201 εἶδος
2810 2138 2870 2191 οὐ
2899 2131 3297 2210 παρήλλαττον,
3327 2139 3505 2192 καὶτὸ
3535 2139 3661 2192 ὅλον
3679 2128 3777 2192 τοῦ

2193 2233 2534 2304 γεννήματος
2576 2231 2840 2296 ὡσαύτως
2901 2227 3048 2303 εἶχεν
3098 2233 3157 2286 ἐν
3213 2232 3452 2304 ἑκατέρᾳ
3496 2234 3778 2304 γεννήσει,

2198 2327 2352 2396 ἰσχὺν
2385 2321 2530 2396 εἶχεν
2567 2324 2632 2379 ἂν
2675 2326 2807 2395 ὑμῖν
2836 2324 2897 2378 τὸ
2928 2325 3288 2396 ἐπιχείρημα.
3323 2324 3552 2394 Ἐπειδὴ
3590 2324 3649 2377 δὲ
3681 2341 3776 2376 το-

2196 2416 2370 2488 σαύτη
2398 2417 2505 2470 τῶν
2529 2417 2840 2486 γεννήσεων
2869 2419 2901 2486 ή
2954 2416 3210 2487 διαφορά,
3249 2417 3328 2479 ὡς
3350 2416 3448 2486 τὴν
3480 2416 3580 2486 μὲν
3607 2415 3780 2468 ἀΐδιον

2195 2511 2455 2575 νοεῖσθαι,
2520 2511 2620 2580 τὴν
2656 2510 2712 2563 δὲ
2742 2510 3084 2580 ἀρχομένηνο
3132 2510 3228 2562 καὶ
3260 2509 3360 2578 τὴν
3397 2509 3498 2579 μὲν
3545 2507 3780 2578 ἀσωμάο

2193 2619 2325 2667 τως,
2352 2601 2452 2673 τὴν
2479 2601 2537 2655 δὲ
2557 2604 2614 2656 ἐν
2643 2601 2886 2672 σώματιο
2912 2605 3008 2656 καὶ
3042 2601 3142 2672 τὴν
3168 2601 3266 2672 μὲν
3294 2602 3658 2663 άδιαστάτως.
3679 2603 3778 2672 τὴν

2194 2694 2251 2748 δὲ
2267 2695 2570 2759 διαστατῶς
2593 2711 2608 2727 ·
2645 2695 2741 2750 καὶ
2772 2695 2959 2758 ἁπλῶς
2988 2695 3088 2768 τὴν
3119 2695 3218 2766 μὲν
3240 2693 3336 2748 τοῦ
3353 2695 3531 2764 Λόγου
3562 2693 3776 2764 γυμνοῦ

2195 2787 2291 2840 καὶ
2317 2787 2514 2852 ἁπλοῦ,
2545 2787 2643 2859 τὴν
2674 2787 2731 2840 δὲ
2766 2786 3005 2860 Χριστοῦ
3035 2786 3126 2840 τοῦ
3154 2786 3408 2840 συνθέτου
3443 2786 3616 2840 οὖσαν
3638 2803 3652 2818 ·
3681 2787 3776 2840 καὶ

2193 2880 2294 2952 τὴν
2328 2880 2427 2952 μὲν
2463 2881 2738 2953 ἁκυήτως,
2785 2883 2885 2950 τὴν
2911 2882 2965 2934 δὲ
2989 2881 3080 2934 διὰ
3110 2882 3358 2953 κυήσεως
3387 2875 3550 2945 εἶναι,
3593 2880 3778 2944 ἄλλοις

2195 2990 2253 3026 τε
2281 2972 2498 3045 μυρίοις
2529 2973 2940 3045 ἀπαραδλήτοις
2965 2974 3367 3044 διενηνοχότων,
3397 2973 3539 3040 πῶς,
3557 2974 3772 3044 λέγετε,

2197 3065 2462 3134 συνάγετε
2515 3067 2604 3119 ἐπὶ
2654 3067 2922 3139 ἑκατέρας
2964 3067 3074 3121 τῶν
3103 3072 3409 3138 γεννήσεων
3446 3067 3540 3122 τοῦ
3602 3067 3773 3122 αὐτοῦ

2197 3158 2315 3222 ἐνὸς
2343 3157 2476 3212 Υίοῦ
2509 3158 2571 3212 τὸ
2599 3159 2736 3232 πρὸς
2764 3160 2891 3224 τοὺς
2942 3160 3200 3225 τεκόντας
3240 3162 3494 3233 ἀνόμοιον
3531 3162 3776 3233 ὀφείλειν

2120 3223 2162 3281 c
2194 3249 2446 3318 ἕπεσθαι,
2481 3252 2556 3315 ὼς
2584 3253 2845 3323 ὁμοειδῶν
2879 3254 3054 3306 οὐσῶν
3081 3253 3190 3308 τῶν
3211 3255 3398 3308 τούτου
3427 3259 3772 3328 γεννήσεωνς

2191 3339 2309 3394 ἀλλ’
2338 3343 2395 3395 ἐν
2415 3335 2458 3411 ᾧ
2487 3343 2917 3413 προσπταίοντες
2938 3345 3038 3398 ούκ
3065 3346 3450 3413 ἐπισκέπτετε,
3475 3347 3704 3418 μάθετε,
3726 3342 3775 3402 ὦ

2192 3425 2361 3500 οῦτοι,
2392 3435 2509 3503 εἴγε
2544 3437 2622 3506 μὴ
2669 3436 2758 3490 ἀεὶ
2788 3441 3158 3510 γνωσιμαχεῖν
3212 3440 3490 3511 βούλεσθε.
3524 3440 3616 3514 Τῷ
3662 3443 3774 3514 γὰρ

2193 3525 2398 3595 κυρίως
2438 3527 2702 3582 καὶκατὰ
2748 3528 3007 3600 ἀλήθειαν
3042 3531 3311 3602 ἑκατέραν
3333 3531 3591 3602 λέγεσθαι
3645 3535 3774 3603 γέν-

2192 3635 2370 3688 νησιν,
2399 3617 2575 3673 οῐεσθε
2617 3621 2717 3694 τὴν
2748 3623 2919 3693 αὐτὴν
2973 3619 3113 3677 εἶναι
3148 3624 3383 3694 θατέραν
3417 3626 3645 3698 θατέρᾳ,
3678 3629 3775 3682 καὶ

2193 3711 2458 3782 ὁμοειδεῖς
2517 3712 2684 3784 ἄμφω
2732 3714 2829 3779 τὰς
2878 3717 3162 3787 γεννήσεις
3213 3718 3625 3789 ὑπολαμϐάνετε
3648 3737 3664 3751 ο
3709 3721 3770 3775 ού

2195 3802 2524 3868 σκοποῦντες
2543 3805 2626 3859 ὁτι
2656 3808 2735 3870 είς
2758 3807 2848 3859 τδν
2877 3807 3079 3880 ἑαυτῆς
3104 3809 3262 3878 λόγον
3291 3811 3526 3882 ἑκατέρα
3559 3813 3772 3884 κυρίως

2193 3899 2311 3951 ἐστὶ
2345 3897 2440 3951 καὶ
2470 3897 2609 3952 κατὰ
2640 3898 2918 3969 ἀλήθειαν,
2947 3903 3042 3954 καὶ
3072 3901 3172 3955 ούκ
3199 3903 3279 3965 είς
3305 3904 3398 3956 τὸν
3423 3905 3524 3975 τῆς
3547 3906 3765 3976 ἐτέρας.

2194 3991 2258 4046 Εἰ
2286 3991 2395 4064 γὰρ
2433 3993 2611 4048 πάντα
2654 3994 2870 4066 ὁμοειδῆ
2902 3996 3183 4066 νομιστέον
3223 3992 3303 4062 οἷς
3330 3999 3389 4052 τὸ
3412 3999 3625 4067 κυρίως
3677 4001 3769 4054 καὶ

2195 4086 2334 4138 κατὰ
2357 4085 2611 4157 ἀλήθειαν
2633 4088 3112 4160 ἐπιμαρτυρεῖται,
3143 4089 3266 4144 δέον
3294 4091 3440 4162 ὑμᾶς
3461 4094 3586 4145 ἐπεὶ
3610 4094 3642 4146 ὁ
3687 4092 3766 4145 λί-

2197 4175 2283 4239 θος
2303 4176 2506 4247 κυρίως
2533 4178 2628 4232 καὶ
2682 4180 2821 4232 κατὰ
2845 4180 3108 4250 ἀλήθειαν
3150 4183 3309 4254 σῶμα
3337 4179 3478 4237 εἶναι
3530 4184 3766 4254 λέγεται,

2196 4269 2292 4322 καὶ
2312 4270 2340 4321 ὁ
2365 4269 2514 4342 ἥλιος
2539 4269 2595 4323 δὲ
2625 4271 2829 4341 κυρίως
2859 4273 2949 4325 καὶ
2989 4275 3132 4328 κατὰ
3154 4275 3414 4348 ἀλήθειαν
3443 4277 3606 4348 σῶμα
3629 4273 3772 4332 εἶναι

2196 4359 2436 4429 λέγεται,
2488 4363 2582 4417 καὶ
2605 4366 2632 4417 ὁ
2660 4364 2792 4428 Θεὸς
2823 4365 3117 4436 ἀσώματος
3151 4369 3358 4439 κυρίως
3405 4387 3466 4422 τε
3491 4372 3586 4424 καὶ
3625 4372 3774 4425 κατὰ

2197 4452 2454 4524 ἀλήθειαν
2481 4454 2716 4522 λέγεται,
2750 4457 2968 4529 ὁμοειδῆ
2999 4459 3240 4528 νομίζειν
3273 4461 3364 4515 τόν
3395 4477 3455 4512 τε
3485 4460 3634 4514 λίθον
3669 4463 3773 4515 καὶ

524 4540 719 4596 Deum.
745 4540 956 4596 Pariter
981 4557 1196 4612 quoque
1226 4541 1506 4596 hominem
1542 4549 1600 4596 et
1642 4556 1855 4604 ranam,
1885 4541 2094 4594 anima-

2199 4544 2290 4598 τὸν
2309 4545 2458 4616 ἥλιον
2488 4546 2583 4599 καὶ
2611 4547 2700 4600 τὸν
2732 4547 2864 4601 Θεόν
2883 4565 2899 4581 ο
2933 4551 3135 4619 ὁμοίως
3162 4551 3220 4605 δὲ
3249 4551 3534 4624 ἄνθρωπόν
3561 4569 3623 4605 τε
3673 4553 3776 4606 καὶ

523 4634 596 4688 lia
633 4633 856 4704 proprie
903 4641 960 4688 et
1008 4650 1140 4688 vere
1191 4649 1315 4688 cum
1357 4633 1468 4688 sint
1513 4642 1566 4688 et
1605 4632 1863 4688 dicantur
1908 4631 2092 4698 ambo,

523 4735 580 4782 et
629 4741 848 4796 aquam,
903 4724 1201 4780 inanimata
1254 4742 1384 4782 vere
1437 4741 1563 4781 cum
1615 4725 1853 4790 dicatur,
1896 4723 2098 4779 similia

526 4827 709 4873 tamen
745 4817 1020 4873 censenda
1058 4831 1209 4878 esse;
1255 4818 1455 4872 calum
1486 4831 1706 4887 quoque
1757 4825 1812 4870 et
1842 4830 2096 4886 granum,

524 4920 581 4966 et
620 4911 828 4981 reliqua
862 4912 1046 4966 omnia
1082 4911 1230 4965 entia
1256 4909 1452 4964 eodem
1496 4909 1680 4974 modo,
1714 4908 1972 4962 exulante
1999 4923 2100 4978 per

524 5019 623 5058 vos
652 5003 802 5058 omni
830 5003 1285 5058 absimilitudine.
1319 5001 1547 5071 PrOprie
1579 4999 1854 5070 loquendo
1879 4999 2100 5070 pr0prie

524 5105 582 5149 et
631 5112 760 5151 vere
811 5105 916 5160 est,
963 5095 1097 5150 illud
1137 5093 1285 5165 quod
1327 5102 1431 5159 est,
1477 5093 1610 5148 licet
1649 5093 1846 5148 eodem
1876 5091 2099 5148 nomine

526 5194 622 5240 aut
671 5188 800 5254 alio,
835 5196 1000 5258 atque
1036 5195 1143 5252 est,
1198 5186 1537 5241 nominetur.

1091 5300 1243 5357 CAP.
1290 5299 1532 5355 XXXIV.

601 5409 657 5465 Si
717 5411 865 5466 Deus
910 5410 1152 5467 Verbum
1201 5426 1335 5468 vere
1387 5411 1609 5483 genitus
1652 5419 1737 5467 est
1781 5425 1814 5467 e
1855 5410 2099 5482 Virgine,

437 5571 442 5574 _
527 5503 816 5572 omnisque
866 5504 1150 5574 generatio
1197 5519 1310 5558 non
1369 5504 1674 5570 auferatur,
1735 5504 1852 5560 sive
1915 5503 2101 5574 genito

457 5632 461 5637 -
525 5611 648 5652 esse
685 5594 919 5659 dederit,
950 5595 1066 5649 sive
1113 5611 1224 5649 non
1257 5595 1496 5658 dederit,
1530 5596 1754 5665 aqualis
1799 5595 2101 5650 secundum

527 5686 894 5740 substantiam
925 5687 1161 5757 genitori
1191 5689 1414 5756 genitus
1458 5689 1719 5754 habetur,
1751 5690 1838 5744 vel
1887 5689 1980 5743 illo
2022 5689 2104 5742 in-

526 5777 699 5831 ferior
728 5795 740 5832 :
779 5779 1007 5848 aqualis
1059 5779 1307 5849 quidem,
1351 5789 1544 5850 utpote
1576 5782 1767 5854 genuit
1799 5781 2018 5852 genitor
2045 5781 2102 5836 in

505 5881 627 5926 .sua
669 5868 877 5941 forma;
911 5879 966 5928 et
1014 5871 1073 5928 in
1105 5871 1328 5930 Christo
1375 5873 1526 5930 enim
1571 5873 1701 5932 Jesu
1740 5889 1838 5944 per
1866 5888 2102 5944 evange—

2201 4636 2470 4709 βάτραχον
2488 4654 2503 4668 ⁸
2530 4639 2644 4704 ζῶά
2669 4657 2727 4693 τε
2749 4640 2879 4696 ὅντα
2905 4641 3000 4696 καὶ
3016 4643 3226 4714 ’κυρίως
3246 4645 3342 4698 καὶ
3361 4645 3499 4699 κατὰ
3512 4644 3775 4716 ἀλήθειαν

2200 4729 2460 4800 ἐκάτερον
2486 4728 2760 4800 λεγόμενα
2783 4748 2799 4763 ο
2835 4733 2930 4786 καὶ
2953 4732 3015 4786 τὸ
3039 4732 3187 4804 ὕδωρ
3228 4734 3406 4798 ἄζωον
3435 4734 3656 4807 άληθῶς
3683 4735 3772 4788 λε-

2197 4821 2447 4892 γόμενον,
2469 4823 2691 4895 ὁμοειδῆ
2725 4824 3036 4894 νομιστέονο
3065 4826 3294 4898 οὐρανόν
3313 4844 3370 4880 τε
3410 4827 3506 4880 καὶ
3540 4827 3776 4898 κέγχρον

2199 4913 2377 4968 καὶτὰ
2392 4913 2554 4968 λοιπά
2581 4915 2758 4970 πάντα
2779 4917 2886 4969 τῶν
2903 4917 3071 4972 ὄντων
3091 4918 3372 4982 ὡσαύτως,
3395 4919 3777 4990 ἐξορισθείσης

2200 5003 2329 5072 ὑμῖν
2351 5003 2532 5074 πάσης
2563 5007 2967 5078 ἀνομοιότητοςο
2992 5006 3070 5078 τῷ
3109 5009 3223 5077 ἰδίῳ
3261 5009 3405 5079 λόγῳ
3425 5010 3633 5079 κυρίως
3661 5009 3780 5062 ἐστὶ

2199 5096 2452 5149 καὶκατὰ
2490 5096 2768 5168 ἀλήθειαν,
2793 5100 2954 5152 τοῦτο
2986 5101 3121 5168 ὅπερ
3153 5103 3288 5165 ἐστὶ,
3328 5102 3431 5156 κᾶν
3467 5101 3778 5172 ὁμωνύμως

2200 5189 2331 5242 ποτὲ
2357 5189 2450 5242 καὶ
2471 5189 2562 5242 ἐπὶ
2579 5191 2768 5263 ἐτέρου
2787 5192 2846 5244 τὸ
2866 5191 3016 5244 τοῦδε
3038 5192 3230 5262 ὄνομα,
3255 5193 3330 5256 ὼς
3347 5193 3524 5259 ὄντος,
3541 5194 3777 5264 λέγοιτο.

2779 5303 3032 5358 ΚΕΦΑΛ.
3055 5304 3196 5370 AC’.

2271 5418 2336 5472 Εἰ
2357 5419 2386 5471 ὁ
2410 5418 2547 5483 θεὸς
2567 5419 2737 5488 Λόγος
2765 5417 3030 5489 ἐγεννήθη
3071 5416 3214 5470 κατά
3240 5416 3500 5488 ἀλήθειαν
3551 5417 3618 5471 ἐκ
3677 5417 3780 5487 τῆς

2202 5507 2506 5579 Παρθένου,
2561 5509 2712 5561 πᾶσα,
2731 5507 2789 5560 δὲ
2808 5508 3062 5579 γέννησις
3097 5505 3175 5577 μὴ
3199 5507 3503 5578 ψεγομένη,
3542 5508 3579 5578 ἤ
3612 5524 3672 5561 τε
3719 5507 3782 5561 τὺ

2203 5595 2341 5653 εἶναι
2370 5598 2591 5655 διδοῦσα
2611 5599 2687 5670 τῷ
2713 5587 3038 5670 τικτομένῳ,
3075 5601 3171 5652 καὶ
3198 5601 3231 5670 ἡ
3269 5601 3344 5670 μὴ
3368 5600 3609 5666 διδοῦσα,
3666 5601 3782 5655 [σον

2203 5693 2323 5746 κατ’
2363 5691 2555 5746 οὐσίαν
2597 5692 2691 5746 τοῦ
2738 5693 3036 5761 γεννῶντος
3073 5693 3188 5764 ἔχει
3237 5693 3298 5746 τὸ
3345 5692 3710 5763 γεννώμενον,
3743 5693 3777 5765 ἢ

2203 5785 2458 5839 ἐλαττονο
2492 5785 2604 5840 ἴσον
2633 5785 2756 5856 μὲν,
2785 5785 2863 5850 ὡς
2907 5786 2987 5852 τὸ,
3021 5787 3276 5857 ἐγέννησε
3319 5785 3461 5840 κατὰ
3499 5785 3596 5858 τὴν
3633 5786 3778 5838 ἰδέαν

2207 5874 2370 5930 αὑτοῦ
2392 5891 2405 5908 ⁸
2434 5875 2527 5932 καὶ
2552 5876 2684 5950 γὰρ,
2721 5876 2811 5932 Ἐν
2827 5876 3054 5948 Χριστῷ
3091 5877 3265 5949 Ἰησοῦ
3288 5878 3374 5934 διὰ
3407 5875 3501 5933 τοῦ
3529 5877 3776 5946 Εὑαγγε-
