4006 6522
298 453 430 521 1701

1245 452 1644 515 ADVERSUS
1682 453 2231 517 NESTORIANOS.
2260 453 2500 517 --I.IB.
2539 454 2645 517 IV.

3417 448 3557 515 1702

294 568 412 621 λίου
447 560 561 631 ἐγὼ
593 560 738 632 ὖμᾶς
765 559 1034 629 ἐγέννησα
1058 574 1074 591 ·
1104 559 1326 613 ἔλαττον
1366 561 1445 626 δὲ,
1472 562 1548 625 ὼς
1577 562 1612 633 ή
1648 562 1759 616 τῶν
1784 581 1875 617 πι..

1986 564 2115 619 lium
2163 564 2376 620 dictum
2423 574 2529 629 est,
2561 579 2665 635 ego
2710 578 2809 620 vos
2854 560 3017 633 genui
3050 577 3066 616 :
3098 560 3281 616 minor
3314 574 3468 627 vero,
3493 572 3558 617 ut

298 656 442 711 στῶν
468 656 533 707 ἐκ
561 652 698 706 θεοῦ
719 652 975 722 γέννησις
996 667 1012 683 ·
1039 652 1288 721 κρεῖττον
1313 651 1373 704 δὲ
1392 652 1623 722 οὐδεμία
1648 668 1662 681 ·
1694 653 1728 724 ἢ
1762 652 1875 717 Eoo;

295 744 407 815 ἄρα
429 740 552 795 κατ’
588 741 780 795 οὐσίαν
807 741 837 794 ὀ
878 739 1012 803 Θεὸς
1044 740 1142 811 τῆς
1194 740 1494 810 Παρθένου,
1527 742 1560 812 ἢ
1600 743 1873 797 ἐλάττων·

296 833 412 889 ἀλλ’
432 833 669 903 ἑκάτερα
690 831 923 901 δυσσεϐῆ
939 846 953 860 ·
980 831 1081 884 οὐκ
1104 832 1215 903 ἄρα
1247 832 1277 883 ό
1296 832 1427 897 Θεὸς
1457 833 1601 888 κατὰ
1618 835 1878 906 ἀλήθειαν

297 925 563 996 ἐγεννήθη
596 926 664 978 ἐκ
693 926 796 995 τῆς
824 923 1120 996 Παρθένου.
1169 924 1412 996 Ἀληθῶς
1450 927 1548 998 μὲν
1574 930 1725 984 πᾶσα
1754 929 1879 997 γέν-

297 1035 454 1090 νησις
489 1018 564 1089 μὴ
616 1016 917 1088 ψεγομένη,
965 1018 1029 1071 τὸ
1082 1016 1259 1089 ίσονῆ
1298 1014 1462 1091 ἦττον
1493 1021 1735 1076 δείκνυσι
1782 1022 1877 1076 τοῦ

296 1113 651 1185 γεννηθέντος
680 1113 816 1184 πρὸς
837 1112 929 1167 τδν
948 1114 1485 1185 γεννήσαντα.⁹Ᾱλλ’,
1515 1109 1561 1170 ὦ
1580 1116 1675 1171 τοῦ
1702 1134 1878 1188 μεγα-

297 1207 442 1262 λείου
470 1207 571 1277 τῆς
598 1206 749 1271 θείας
790 1205 1102 1276 οἰκονομίας
1139 1205 1480 1280 ἀναίσθητοι,
1511 1212 1766 1263 σκοπεῖτε
1803 1208 1881 1274 ὡς

297 1301 458 1355 τοῦτο
487 1300 601 1370 ἔχει
617 1300 768 1353 πᾶσα
797 1300 1072 1370 γέννησις,
1103 1300 1168 1355 οὐ
1216 1301 1379 1371 μόνον
1407 1302 1441 1373 ή
1470 1301 1545 1372 μὴ
1575 1301 1877 1374 ψεγομένη,

299 1394 439 1447 ἀλλὰ
481 1391 616 1464 μηδὲ
651 1391 1043 1463 θαυμαζομένη
1100 1392 1177 1455 ὡς
1211 1393 1550 1465 παράδοξος·
1582 1396 1675 1449 ἐπὶ
1702 1395 1761 1449 δέ
1784 1394 1879 1449 τοῦ

298 1485 400 1555 τῆς
414 1482 726 1553 οἰκονομίας
746 1482 1084 1555 θεοπρεποῦς
1098 1484 1273 1554 Λόγου
1290 1484 1470 1552 (τοῦτο
1488 1484 1599 1555 γάρ
1618 1484 1704 1557 δὴ,
1722 1484 1881 1539 τοῦτό

300 1577 419 1629 ἐστι
438 1574 499 1628 τὸ
526 1574 804 1643 ὑπερφυὲς
829 1574 928 1645 τῆς
957 1573 1296 1646 ἀγαθότητος
1332 1576 1658 1647 μυστήριον,
1683 1576 1780 1629 καὶ
1818 1574 1881 1628 τὸ

298 1671 400 1741 τῆς
426 1667 575 1732 θείας
604 1667 1015 1739 φιλανθρωπίας
1031 1668 1380 1740 τεκμήριον),
1399 1669 1482 1723 ὅτι
1511 1671 1539 1722 ὁ
1564 1670 1745 1739 πάσης
1765 1668 1882 1722 κτί-

304 1776 442 1823 σεως
463 1756 698 1828 Ποιητής
727 1756 821 1810 καὶ
844 1756 1106 1820 παντοίας
1128 1759 1434 1829 γεννήσεως
1465 1758 1638 1821 αίτιος
1663 1759 1758 1811 καὶ
1776 1757 1881 1811 πά-

305 1869 406 1920 σης
437 1850 651 1920 φύσεως
672 1849 951 1919 Δεσπότης
975 1850 1069 1902 καὶ
1090 1849 1151 1902 τὸ
1177 1850 1550 1921 ὑπερκόσμιον
1568 1849 1663 1905 τοῦ
1679 1850 1882 1914 παντὸς

1981 670 2041 710 se
2071 654 2240 710 habet
2269 672 2337 710 ex
2372 656 2484 710 Deo
2518 654 2761 709 ﬁdelium
2808 653 3129 725 generatio:
3163 652 3359 708 melior
3404 653 3559 707 nulla

1980 752 2088 811 est,
2119 747 2346 818 aequalis
2380 762 2511 817 ergo
2555 746 2860 801 secundum
2912 744 3276 799 substantiam
3305 745 3453 800 Deus
3478 752 3564 799 est

1983 837 2218 909 Virgini,
2272 850 2368 893 aut
2405 837 2669 903 inferior;
2712 836 2806 891 sed
2848 846 3149 906 utrumque
3188 836 3416 905 impium
3451 845 3559 901 est,

1983 946 2094 985 non
2145 930 2314 1002 igitur
2360 932 2508 985 Deus
2536 946 2666 985 vere
2699 930 2919 999 genitus
2963 937 3049 984 est
3082 944 3115 984 e
3144 927 3391 997 Virgine.
3422 928 3563 983 Vere

1984 1022 2423 1093 quidem.omnis
2462 1023 2745 1094 generatio
2800 1038 2911 1076 non
2966 1021 3147 1076 ablata
3191 1020 3564 1091 aequalitatem

1983 1123 2081 1171 aut
2131 1115 2556 1170 inferioritatem
2604 1114 2849 1169 ostendit
2902 1113 3073 1183 geniti
3122 1113 3188 1167 ad
3236 1113 3565 1184 genitorem,

1983 1206 2103 1271 sed,
2155 1222 2189 1262 o
2240 1206 2639 1277 magnitudinis
2673 1204 3074 1260 incarnationis
3108 1203 3309 1259 divina:
3352 1203 3561 1275 ignari!

1984 1300 2214 1355 cernitis
2234 1300 2515 1371 quomodo
2549 1300 2653 1353 hoc
2675 1298 2877 1352 habeat
2908 1298 3087 1353 omnis
3116 1297 3421 1367 generatio,
3455 1312 3567 1352 non

1984 1392 2162 1446 solum
2215 1408 2337 1462 qua:
2374 1407 2488 1445 non
2536 1389 2805 1452 aufertur,
2861 1387 2956 1442 sed
3002 1403 3123 1457 quae
3177 1402 3287 1441 non
3340 1396 3402 1440 ut
3438 1403 3567 1456 pro-

1985 1484 2194 1554 digium
2227 1483 2550 1538 admiranda
2589 1481 2701 1537 sit:
2735 1480 2829 1535 sed
2862 1480 2917 1533 in
2952 1479 3139 1534 divina
3173 1478 3569 1533 incarnationis

1985 1576 2221 1641 ratione,
2252 1575 2387 1630 illud
2420 1584 2505 1629 est
2537 1574 2684 1627 enim
2719 1572 2825 1626 hoc
2850 1568 3273 1640 supernaturale
3305 1568 3570 1622 bonitatis

1986 1667 2340 1740 mysterium,
2392 1674 2449 1721 et
2496 1665 2698 1719 divina:
2748 1663 3033 1717 charitatis
3082 1661 3370 1726 indicium,
3418 1660 3567 1733 quod

1986 1760 2165 1817 omnis
2207 1769 2477 1815 creatum
2517 1764 2733 1821 auctor,
2780 1764 2836 1810 et
2884 1754 3159 1810 universa:
3198 1755 3570 1826 generationis

1986 1852 2343 1925 principium,
2390 1860 2447 1907 et
2474 1852 2654 1906 omnis
2698 1859 2909 1905 naturm
2960 1849 3243 1913 dominus,
3298 1863 3367 1902 eo
3396 1848 3569 1918 major

302 1942 514 2012 κόσμου
542 1940 765 2012 κράτος,
797 1940 1053 2009 γέννησιν
1081 1940 1440 2008 κατεδέξατο*
1471 1942 1566 1995 καὶ
1595 1941 1801 2012 ταύτην
1816 1942 1882 1996 ἐκ

1986 1945 2190 2000 mundo
2233 1945 2423 2000 mundi
2452 1944 2623 1999 totius
2655 1944 2988 2010 dominator,
3021 1941 3437 2014 generationem
3464 1957 3560 1996 ac-

304 2034 520 2104 φύσεως
548 2035 818 2104 ἐπικήρου
870 2032 966 2087 καὶ
996 2031 1245 2105 φθαρτῆς
1299 2032 1396 2088 καὶ
1435 2034 1843 2106 εὐεπηρεάστου
1866 2049 1883 2068 ·

302 2127 371 2181 δι’
416 2127 565 2198 ήμᾶς
603 2142 663 2179 τε
714 2124 1030 2195 ἐπτώχευσε
1064 2124 1320 2189 πλούσιος
1346 2124 1443 2190 ὣν,
1504 2126 1590 2181 ἵνα
1618 2128 1782 2199 ήμεῖς
1814 2129 1882 2202 τῇ

300 2220 511 2274 ἐκείνου
543 2218 789 2291 πτωχείᾳ
817 2217 1235 2290 πλουτήσωμεν.
1268 2219 1330 2272 Εί
1354 2214 1449 2273 οὖν
1467 2220 1636 2285 ὅντως
1664 2222 1885 2276 καὶτῶν

304 2309 383 2380 μὴ
420 2309 853 2380 θαυμαζομένων
893 2304 963 2379 ἦν
995 2309 1326 2380 γεννήσεων,
1378 2307 1552 2373 οὕτως
1604 2309 1749 2381 ἐχειν
1774 2312 1885 2366 ἔδει

304 2404 400 2460 καὶ
428 2402 587 2475 τήνδε
643 2403 743 2474 τὴν
774 2401 1030 2472 γέννησιν
1080 2400 1159 2473 μὴ
1201 2400 1550 2471 ψεγομένην·
1601 2402 1654 2455 εί
1682 2402 1741 2455 δὲ
1789 2403 1886 2457 καὶ

306 2494 684 2567 θαυμάζεσθαι
701 2495 829 2559 ἔδει,
856 2495 1071 2563 ἀνάγκη
1098 2494 1251 2563 παρὰ
1274 2494 1373 2563 τὴν
1408 2494 1613 2566 συνήθη
1631 2496 1888 2568 γέννησιν

302 2588 528 2640 πάντων
566 2585 712 2656 ἔχειν
742 2585 914 2656 αὑτήν
948 2601 1022 2651 τι,
1056 2585 1177 2638 ἐπεὶ
1198 2584 1318 2639 οὐδέ
1351 2584 1472 2639 θεία
1496 2586 1619 2639 τότε
1651 2588 1717 2641 ἂν
1758 2588 1888 2659 ὑμῖν

302 2678 547 2749 ἀμογητὶ
572 2677 947 2750 δειχθήσεται·
978 2678 1029 2731 εί
1062 2677 1119 2731 δέ
1143 2677 1245 2744 δεῖ,
1270 2679 1334 2731 ἐκ
1355 2677 1464 2731 τῶν
1494 2677 1726 2732 καθόλου
1760 2681 1887 2735 συλ-

300 2768 581 2839 λογιστέον
604 2770 731 2841 ὑμῖν
760 2770 850 2825 καὶ
873 2769 981 2826 τῶν
1011 2771 1189 2841 πάντη
1214 2771 1417 2841 ὁμοίων
1446 2770 1578 2840 ἄρα,
1606 2764 1651 2825 ὦ
1684 2772 1839 2843 σοφοί
1864 2774 1878 2828 ί

302 2859 457 2912 πᾶσα
484 2852 579 2911 οὖν
605 2857 860 2929 γέννησις
914 2857 1115 2928 ὁμοίως
1166 2860 1295 2930 τῇδε
1332 2858 1757 2934 θαυμαζομένη·
1792 2862 1889 2916 καὶ

301 2950 430 3020 τῇδε
480 2951 714 3013 ἐοικυῖα,
750 2949 833 3002 ὃτι
873 2948 1120 3021 χεῖρονῆ
1158 2952 1275 3004 ῐσον
1324 2951 1439 3021 ἔχει
1479 2951 1540 3005 τὸ
1588 2953 1780 3023 τεχθὲν
1808 2952 1889 3025 τῷ

300 3042 538 3104 τεκόντι,
571 3039 731 3094 τοῦτο
750 3039 988 3105 δείξατε.
1015 3041 1111 3104 Τίς
1155 3042 1215 3096 δὲ
1239 3042 1394 3114 ὑμῶν
1420 3043 1481 3097 οὐ
1502 3043 1763 3116 δακρύσει
1788 3048 1888 3115 τὴν

300 3133 608 3202 τύφλωσιν;
631 3131 799 3187 ὅτιδι¹
817 3125 893 3187 ὧν
914 3133 1083 3205 ἐχρῆν
1107 3133 1431 3189 πιστοῦσθαι
1459 3137 1586 3207 περὶ
1614 3137 1709 3190 τοῦ
1742 3137 1887 3191 θείου

302 3224 504 3294 Τόκου,
545 3226 714 3297 ήγουν
745 3228 810 3278 ἐκ
838 3226 951 3279 τῶν
982 3226 1301 3298 παραδόξων
1329 3227 1423 3281 καὶ
1455 3228 1748 3299 ὑπερφυῶν
1792 3230 1889 3284 καὶ

300 3319 456 3389 παρὰ
475 3317 574 3389 τὴν
593 3318 883 3389 συνήθειαν
902 3317 1098 3386 λόγων,
1116 3317 1203 3373 διὰ
1219 3318 1423 3373 τούτων
1443 3321 1886 3386 κατασκευάζειν

303 3411 588 3478 σπεύδετε,
627 3413 708 3465 ὅτι
758 3411 818 3465 οὐ
862 3410 997 3465 θεοῦ
1050 3413 1198 3465 ἐστιν
1240 3413 1275 3483 ή
1312 3412 1587 3483 γέννησις,
1628 3413 1752 3467 ἐπεὶ
1809 3417 1885 3486 μή

305 3504 502 3573 ὁμοίως
533 3501 646 3572 ἔχει
667 3504 786 3565 ταῖς
804 3501 1072 3573 φθαρταῖς
1095 3501 1251 3573 ήμῶν
1289 3503 1385 3556 καὶ
1418 3505 1675 3571 φυσικαῖς
1698 3507 1889 3575 γεννή-

302 3611 474 3660 σεσιν,
512 3595 586 3658 ὡς
617 3594 740 3647 καθ’
773 3595 917 3663 ὑμᾶς
942 3595 991 3647 εί
1019 3598 1272 3666 γεννήσει
1296 3596 1364 3667 τῇ
1394 3594 1519 3649 καθ’
1558 3595 1704 3667 ὑμᾶς
1734 3598 1889 3667 ἐγεν-

301 3687 463 3759 νήθη,
492 3687 612 3740 τὸτε
642 3686 709 3740 ἂν
740 3682 883 3740 εἶναι
912 3686 1229 3752 ἀξιόπιστον
1263 3686 1324 3741 τὸ
1358 3687 1500 3761 ὑπὲρ
1538 3690 1689 3760 ἡμᾶς
1727 3692 1888 3746 αὑτὸν

300 3775 441 3833 εἶναι
466 3779 555 3832 τὸν
580 3779 843 3849 τεχθέντα
864 3795 878 3809 ·
912 3781 960 3833 εί
994 3780 1052 3832 δέ
1084 3779 1219 3850 μηδέ
1276 3781 1422 3845 τότε,
1473 3783 1638 3836 πόθεν
1665 3784 1772 3838 ἐδει
1798 3803 1889 3839 πι-

303 3870 511 3923 στῶσαι
540 3872 687 3940 ἡμᾶς
730 3871 821 3925 τὸν
857 3872 990 3925 Θεὸν
1025 3873 1157 3941 περὶ
1183 3871 1283 3939 τῆς
1334 3872 1534 3927 ἐαυτοῦ
1580 3876 1888 3948 γεννήσεως

300 3961 488 4031 τῆσδε,
519 3966 711 4018 εἴπατε
730 3980 745 3995 ·
778 3964 936 4035 εῐπερ
982 3964 1119 4034 μηδέ
1139 3967 1205 4018 ἐκ
1225 3964 1335 4020 τῶν
1392 3966 1514 4020 καθ’
1546 3968 1716 4040 ἡμᾶς,
1748 3968 1886 4041 μηδέ

301 4054 367 4108 ἐκ
390 4057 499 4109 τῶν
527 4056 669 4127 ὑπὲρ
700 4058 869 4128 ἡμᾶς,
892 4051 937 4111 ὦ
960 4050 1142 4113 οῦτοιι

1987 2038 2227 2109 ceperit;
2277 2048 2335 2094 et
2390 2039 2551 2093 istam
2596 2054 2628 2094 e
2666 2038 2897 2099 caduca.
2949 2043 3210 2105 corrupta
3263 2044 3321 2089 et
3355 2033 3567 2104 perdita

1985 2140 2183 2187 natura
2206 2148 2221 2198 ;
2250 2140 2473 2201 propter
2496 2147 2596 2186 nos
2620 2145 2830 2201 egenus
2849 2129 3026 2184 factus
3050 2136 3134 2183 est
3160 2128 3250 2197 qui
3282 2126 3436 2181 dives
3461 2134 3566 2192 est,

1986 2234 2050 2280 ut
2088 2240 2191 2280 nos
2236 2225 2540 2295 indigentia
2588 2225 2709 2295 ejus
2752 2224 2997 2279 ditemur
3034 2240 3047 2277 :
3082 2222 3129 2278 si
3174 2223 3344 2293 igitur
3389 2222 3571 2291 reipsa

1985 2333 2097 2373 non
2127 2317 2273 2373 foret
2299 2334 2365 2373 ex
2389 2317 2732 2373 admirandis
2766 2316 3243 2388 generationibus,
3270 2315 3343 2369 ita
3376 2312 3568 2369 haberi

1986 2411 2279 2480 oportebat
2332 2411 2517 2466 haecce
2555 2411 2837 2482 generatio
2890 2426 3000 2463 non
3045 2408 3226 2463 ablata
3278 2425 3292 2461 :
3339 2407 3385 2462 si
3440 2423 3571 2463 vero

1986 2504 2311 2561 admiranda
2337 2505 2430 2564 sit.
2464 2519 2691 2559 necesse
2726 2512 2810 2557 est
2841 2503 2990 2557 illam
3022 2517 3088 2555 ex
3134 2500 3294 2555 solita
3322 2500 3571 2553 omnium

1986 2598 2345 2668 generatione
2395 2596 2604 2667 aliquid
2665 2595 2894 2658 habere,
2935 2593 3211 2664 siquidem
3262 2591 3447 2647 divina
3482 2606 3574 2662 ge-

1986 2689 2202 2743 neratio
2238 2698 2372 2742 tunc
2418 2687 2581 2742 nobis
2620 2702 2729 2741 non
2774 2686 3031 2756 expedite
3072 2685 3482 2740 ostenderetur.
3513 2682 3573 2739 Si

1986 2791 2172 2836 autem
2196 2794 2424 2835 necesse
2446 2790 2550 2843 est,
2576 2795 2643 2834 ex
2666 2779 2902 2835 assuetis
2930 2777 3388 2849 generationibus
3414 2776 3575 2830 vobis

1987 2870 2485 2942 argumentandum
2508 2880 2594 2926 est
2627 2880 2685 2926 et
2719 2870 2947 2925 omnino
2972 2868 3266 2933 similibus,
3297 2883 3331 2922 ο
3357 2867 3575 2937 sapien-

1989 2973 2092 3020 tes.
2124 2963 2316 3020 Omnis
2351 2964 2519 3034 igitur
2546 2964 2828 3035 generatio
2858 2963 3023 3032 hujus
3057 2961 3125 3015 ad
3156 2961 3351 3025 instar,
3382 2960 3574 3015 admi-

1989 3056 2184 3119 randa,
2203 3064 2261 3111 et
2282 3056 2412 3111 huic
2434 3056 2723 3126 aequanda,
2749 3056 2894 3126 quod
2926 3055 3155 3110 inferius
3177 3055 3575 3124 autaequaliter

1988 3162 2048 3202 se
2084 3147 2251 3201 habet
2278 3147 2496 3217 genitus
2524 3147 2591 3202 ad
2628 3146 2955 3218 genitorem,
2990 3147 3095 3201 hoc
3117 3144 3417 3202 oslendite.
3441 3145 3575 3213 Quis

1990 3254 2125 3293 vero
2151 3247 2390 3293 vestram
2420 3255 2530 3293 non
2560 3239 2876 3309 deploraret
2908 3238 3250 3294 cmeitatem?
3281 3237 3429 3309 quod
3453 3252 3575 3308 quae

1992 3330 2283 3401 oportebat
2326 3330 2475 3386 credi
2519 3330 2588 3386 dc
2633 3330 2825 3385 divino
2859 3340 2986 3385 ortu
3017 3330 3088 3385 ob
3118 3329 3421 3401 stupendas
3444 3340 3574 3399 puta

1988 3431 2047 3478 et
2095 3425 2544 3493 supernaturales
2615 3433 2673 3479 et
2738 3434 2939 3495 praeter
3010 3432 3293 3478 assuetum
3348 3421 3572 3476 modum

1987 3515 2251 3580 rationes,
2302 3531 2402 3585 per
2448 3515 2565 3569 hanc
2604 3514 2895 3570 instituere
2931 3512 3231 3576 conamini,
3279 3510 3426 3582 quod
3460 3526 3571 3565 non

1952 3624 1956 3631 ·
1986 3607 2084 3663 Dei
2122 3608 2193 3661 sit
2214 3610 2520 3677 generatio.
2546 3623 2669 3661 cum
2716 3623 2826 3661 non
2872 3606 3068 3662 eodem
3098 3605 3263 3661 modo
3300 3619 3362 3659 se
3410 3603 3578 3657 habet

1987 3716 2052 3755 ac
2104 3710 2305 3755 nostra:
2348 3711 2626 3770 corrupta:
2656 3709 2711 3756 et
2741 3700 3021 3754 naturales
3050 3698 3459 3769 generationes,
3490 3706 3574 3759 ut,

1987 3788 2296 3843 secundum
2320 3804 2442 3853 vos,
2473 3789 2517 3842 si
2545 3790 2902 3859 generatione
2932 3796 3131 3844 vestrae
3164 3786 3328 3842 simili
3357 3785 3578 3857 genitus

1986 3881 2076 3951 sit,
2130 3891 2262 3936 tunc
2291 3880 2519 3952 dignum
2563 3882 2672 3937 [ide
2707 3882 2779 3936 sit
2808 3897 2973 3951 supra
3016 3896 3117 3935 nos
3147 3879 3301 3933 illum
3328 3879 3575 3949 genitum

1986 3986 2106 4027 esse
2131 3972 2227 4042 qui
2258 3982 2421 4027 natus
2453 3983 2540 4030 est
2576 3992 2589 4027 :
2623 3973 2669 4029 si
2712 3990 2847 4028 vero
2878 3990 2987 4027 non
3030 3971 3164 4027 illud
3208 3980 3339 4026 tunc
3368 3970 3573 4034 evadit,

1987 4065 2135 4119 unde
2180 4075 2434 4135 oporteat
2488 4082 2592 4120 nos
2620 4067 2791 4121 Deum
2825 4065 3053 4121 credere
3083 4065 3152 4120 de
3193 4081 3291 4120 sua
3341 4064 3446 4119 hac
3482 4078 3577 4134 ge-

299 4148 590 4205 neratione
640 4150 985 4221 loquentem,
1050 4150 1219 4207 dicite
1260 4170 1275 4207 :
1340 4152 1614 4224 siquidem
1654 4133 1685 4209 5
1720 4157 2171 4227 generationibus
2215 4176 2398 4231 neque
2448 4160 2751 4217 secundum
2821 4176 2946 4226 nos,
3012 4176 3194 4232 neque
3252 4175 3419 4230 supra
3472 4133 3578 4214 nos

301 4246 397 4302 illa
442 4245 534 4313 sit,
568 4259 602 4300 o
632 4245 935 4301 insensatil

884 4339 1138 4397 ΚΕΦΑΛ.
1166 4339 1292 4397 ΔΕ’.

367 4430 433 4483 El
461 4430 490 4482 ὁ
512 4431 672 4496 τόκος
703 4431 767 4485 ἐκ
789 4431 897 4486 τῶν
927 4434 1105 4505 πάντη
1132 4434 1332 4506 ὁμοίων
1353 4434 1626 4507 ἀληθινὸς,
1656 4435 1717 4501 ὃς
1748 4437 1875 4491 κατ’

2572 4344 2723 4401 CAP.
2781 4344 2999 4401 XXXV.

2055 4439 2115 4495 Si
2164 4455 2296 4496 vere
2349 4450 2544 4511 partus
2580 4456 2647 4495 ex
2692 4438 2919 4494 omnino
2971 4437 3247 4492 similibus
3294 4435 3479 4502 fuerit,
3517 4437 3575 4492 in

298 4523 485 4576 οὐσίαν
536 4524 736 4578 τίκτων
785 4526 948 4596 ὅμοια
972 4525 1083 4581 τῶν
1106 4530 1403 4583 τικτόντων
1441 4530 1585 4585 κατὰ
1616 4531 1878 4602 ἀλήθειάν

1986 4548 2095 4602 quo
2125 4533 2434 4589 secundum
2461 4532 2831 4589 substantiam
2864 4529 3085 4599 pariens
3120 4529 3319 4583 similis
3352 4529 3574 4599 parien-

300 4615 479 4679 ἐστιν,
510 4614 538 4666 ὁ
559 4618 737 4686 πάντη
761 4617 993 4688 ἀνόμοια
1030 4620 1235 4673 τίκτων
1260 4620 1383 4674 κατ’
1411 4621 1623 4688 οὐσίαν,
1657 4625 1723 4675 ἐκ
1770 4622 1881 4676 τῶν

1991 4620 2139 4674 tibus
2172 4636 2301 4675 vere
2334 4622 2428 4684 sit,
2479 4620 2575 4674 hic
2614 4628 2830 4689 partus,
2881 4617 2937 4670 in
2996 4632 3105 4685 quo
3154 4598 3385 4686 prorsus
3431 4616 3578 4671 absi-

298 4702 524 4773 ὸμοίων,
580 4706 681 4759 οὐκ
733 4705 851 4760 ἐστι
896 4707 1042 4761 κατὰ
1095 4708 1361 4779 ἀλήθειαν
1413 4711 1594 4774 τόκος.
1645 4713 1727 4765 Τά
1771 4713 1881 4783 γάρ

298 4795 539 4861 ἐναντία,
566 4797 628 4850 οὐ
664 4797 1094 4870 συναληθεύουσί
1137 4817 1270 4854 ποτε
1292 4815 1308 4833 ·
1361 4801 1498 4855 ἀλλὰ
1530 4804 1592 4857 τὸ
1621 4803 1839 4873 πρῶτον
1862 4819 1877 4836 ·

295 4891 399 4945 οὐκ
430 4891 619 4961 ἄρατὸ
654 4889 1032 4964 ῦστερον.”οτι
1066 4891 1165 4963 μὲν
1185 4894 1214 4946 ὅ
1249 4910 1307 4947 τε
1338 4895 1403 4947 ἐκ
1423 4896 1532 4949 τῶν
1546 4895 1771 4967 ὁμοίων,
1791 4897 1883 4951 καὶ

298 4985 328 5035 ὁ
366 4982 427 5047 ἐξ
453 4984 755 5055 ἀνομοίων·
789 4984 818 5037 ὃ
857 5002 919 5038 τε
956 4987 1037 5049 εἰς
1064 4984 1124 5038 τὸ
1157 4981 1319 5052 εἶναι,
1354 4987 1451 5041 καὶ
1471 4990 1550 5052 είς
1569 4990 1630 5043 τὸ
1658 4990 1883 5044 τοιῶσδε

299 5072 442 5131 εἶναι
466 5092 480 5105 ·
515 5078 611 5131 καὶ
644 5078 698 5131 εῐ
722 5094 805 5140 τις
835 5077 1023 5149 ἐτερος
1044 5079 1204 5133 τόκου
1239 5081 1459 5152 τρόπος,
1494 5082 1652 5148 τόκος
1677 5083 1794 5137 ἐστί
1820 5101 1881 5137 τε

298 5168 393 5220 καὶ
423 5167 641 5237 λέγεται
659 5166 880 5239 άληθῶς
897 5171 964 5241 τῇ
1001 5168 1123 5242 θείᾳ
1152 5171 1342 5242 Γραφῇ
1375 5174 1515 5228 κατὰ
1540 5174 1631 5229 τὸν
1686 5175 1881 5230 ἐαυτοῦ

297 5259 478 5328 λόγον,
507 5260 602 5313 καὶ
647 5260 805 5330 ὑμεῖς
848 5263 1107 5332 εἰρήκατε
1140 5262 1401 5326 πολλάκις
1442 5264 1605 5335 μέχρι
1638 5264 1733 5320 τοῦ
1761 5265 1878 5321 νῦν.

299 5351 366 5404 El
402 5350 461 5404 δέ
484 5351 545 5404 τδ
576 5351 675 5422 μὲν
723 5349 862 5406 εἶναι
893 5354 1053 5407 τόκον
1086 5352 1377 5418 διδοῦντες,
1401 5355 1463 5408 οὐ
1498 5355 1704 5427 κυρίως
1730 5358 1883 5427 ὅμως

293 5444 389 5498 καὶ
446 5442 593 5497 κατὰ
654 5443 915 5515 ἀλήθειαν
970 5444 1131 5499 τοῦτο
1175 5441 1315 5498 εἷναί
1360 5463 1500 5516 φατε
1529 5448 1624 5501 τὸν
1678 5449 1781 5501 οὐκ
1825 5449 1885 5512 ἐξ

292 5536 498 5606 ὁμοίων
519 5537 639 5589 κατ’
668 5537 857 5591 οὐσίαν
888 5538 1197 5608 γινόμενον,
1249 5538 1469 5609 ἀνάγκη
1505 5543 1574 5611 τῇ
1621 5540 1882 5611 ὁμοιώσει

293 5631 405 5685 τῶν
462 5632 778 5697 τικτόντων,
811 5633 907 5686 καὶ
939 5635 999 5686 οὐ
1028 5633 1107 5704 τῷ
1163 5634 1308 5705 λόγῳ
1340 5632 1434 5687 τοῦ
1462 5632 1648 5700 τόκου,
1681 5634 1882 5686 εἰδέναι

296 5722 325 5774 ὕ
337 5722 444 5791 μᾶς
475 5722 574 5793 τήν
608 5722 867 5795 ἀληθινὴν
897 5724 1172 5797 γέννησιν.
1213 5726 1356 5797 Ἤδη
1386 5726 1485 5797 μὲν
1518 5721 1611 5781 οὖν
1632 5726 1883 5779 ἐλέλεκτο

295 5812 455 5866 τοῦτο
501 5814 631 5886 ὑμῖν
671 5814 868 5886 μικρὸν
889 5815 1148 5886 ἀνωτέρω
1176 5815 1432 5879 δεόντως.
1466 5816 1592 5880 Πῶς
1620 5816 1733 5886 γὰρ
1781 5816 1881 5869 ἁν-

295 5910 482 5978 όμοιος
541 5908 618 5962 ὢν
647 5908 837 5981 ἐτέρου
870 5908 1139 5981 βάτραχος
1176 5908 1241 5963 ἐκ
1267 5908 1360 5963 τοῦ
1386 5910 1570 5986 ὁμοίου
1597 5906 1885 5981 γεννηθείη

1982 4712 2129 4766 milis
2162 4712 2386 4782 pariens
2432 4710 2737 4767 secundum
2795 4709 3162 4765 substantiam
3194 4707 3383 4773 fuerit,
3435 4724 3465 4763 e
3495 4708 3575 4763 si-

1983 4804 2211 4859 milibus
2248 4820 2380 4861 vere
2422 4819 2536 4858 non
2590 4811 2694 4859 est.
2751 4802 3042 4858 Contraria
3098 4800 3249 4855 enim
3288 4816 3571 4870 nunquam

1983 4880 2148 4951 simul
2170 4912 2298 4951 vera
2331 4908 2493 4962 sunt;
2530 4894 2626 4951 sed
2650 4910 2843 4950 verum
2872 4894 3053 4963 prius;
3080 4908 3191 4947 non
3220 4907 3412 4947 verum
3442 4907 3573 4963 ergo

1984 4990 2283 5061 posterius.
2317 4988 2476 5055 Quod
2520 4989 2611 5043 ille
2665 5004 2697 5043 e
2743 4986 3041 5051 similibus,
3076 4994 3132 5040 et
3177 4972 3270 5040 hic
3321 5000 3389 5038 ex
3420 4984 3571 5038 absi-

1985 5081 2246 5149 milibus;
2282 5082 2375 5137 ille
2416 5081 2563 5152 quod
2605 5080 2697 5146 sit,
2739 5088 2795 5134 et
2827 5078 2916 5133 tali
2961 5077 3127 5132 modo
3160 5076 3252 5139 sit,
3285 5084 3342 5131 et
3376 5075 3422 5131 si
3450 5076 3576 5145 quis

1985 5174 2130 5229 alius
2152 5183 2237 5228 est
2264 5184 2454 5244 partus
2500 5173 2720 5236 modus,
2770 5180 2964 5243 partus
2987 5170 3061 5225 sit
3113 5177 3170 5224 et
3200 5168 3418 5223 dicatur
3445 5183 3573 5223 vere

1987 5266 2175 5320 divina
2199 5265 2486 5335 Scriptura
2517 5264 2823 5321 secundum
2855 5278 3011 5317 suam
3064 5260 3357 5325 rationem,
3394 5268 3452 5315 et
3478 5276 3577 5314 vos

1990 5359 2189 5429 saepius
2246 5359 2517 5414 hactenus
2548 5358 2787 5413 dixistis.
2823 5355 2919 5411 Sin
2964 5362 3151 5410 autem
3199 5363 3420 5425 partum
3456 5367 3578 5408 esse

1989 5449 2377 5513 concedentes,
2410 5465 2522 5504 non
2553 5449 2772 5519 proprie
2796 5456 2852 5502 et
2882 5462 3010 5501 vere
3063 5460 3184 5501 esse
3209 5444 3396 5499 dicitis
3423 5442 3576 5497 hunc

1990 5544 2085 5612 qui
2121 5558 2152 5597 e
2184 5542 2460 5597 similibus
2487 5539 2795 5596 secundum
2844 5536 3212 5593 substantiam
3257 5535 3435 5591 factus
3465 5543 3573 5594 est,

1988 5648 2217 5687 necesse
2264 5641 2349 5687 est
2384 5631 2456 5687 ob
2499 5630 2919 5685 similitudinem
2974 5628 3325 5700 parientium,
3360 5633 3417 5681 et
3461 5638 3573 5677 non

1989 5724 2061 5779 ob
2087 5734 2280 5795 partus
2324 5725 2617 5789 rationem,
2650 5724 2958 5794 intelligere
2988 5738 3087 5777 vos
3123 5735 3310 5775 veram
3342 5731 3573 5787 genera-

1970 5817 2222 5873 tionem.
2275 5816 2395 5872 Jam
2453 5816 2678 5888 quidem
2728 5817 2895 5887 igitur
2949 5814 3156 5870 dictum
3211 5819 3296 5866 est
3341 5809 3486 5865 istud
3543 5826 3576 5866 a

1992 5909 2153 5965 vobis
2193 5919 2503 5981 opportune
2559 5911 2728 5981 paulo
2776 5908 3057 5980 superius.
3090 5904 3377 5974 Quomodo
3426 5903 3569 5960 enim
