4006 6534
509 464 645 529 1703

1770 458 2077 522 LEONTII
2117 455 2522 518 BYZANTINI

3617 445 3758 514 17M

488 575 759 633 absimilis
791 591 915 631 cum
965 575 1037 631 sit
1085 593 1232 632 ranae
1271 575 1417 632 alius
1461 591 1620 640 rana,
1662 591 1694 631 e
1723 575 1889 631 simili
1935 590 2067 629 rana

2178 571 2484 642 βατράχου;
2510 568 2702 623 Καίτοι
2755 567 2878 622 οὐδὲ
2909 567 3165 622 τίκτεται
3197 565 3336 630 ὅλως
3385 564 3664 637 βάτραχος
3691 568 3759 618 ὲκ

483 668 666 741 genita
709 667 888 724 foret?
920 677 1074 724 certe
1101 685 1214 724 non
1254 670 1486 724 omnino
1526 668 1745 738 paritur
1774 668 1902 722 talis
1934 682 2068 723 rana

481 773 514 815 e
536 776 668 815 rana
701 775 968 830 unquam.
1007 759 1112 816 Sed
1145 761 1374 831 quando
1403 760 1458 814 in
1492 758 1688 814 iisdem
1722 759 1794 814 ob
1834 757 2068 813 diﬁicul-

485 861 628 907 tates
659 865 854 906 rursus
875 851 1201 919 volvimini;
1243 861 1440 922 praeter
1461 849 1553 904 illa
1575 865 1698 920 quae
1727 865 1893 920 supra
1925 849 2068 904 dixi-

485 962 628 1010 mus,
662 945 777 1000 hzec
811 960 960 1000 nunc
982 943 1194 1000 audite.
1224 943 1282 999 Si
1313 959 1381 999 ex
1402 943 1546 1016 ignis
1576 942 1884 998 substantia
1903 941 2063 1007 taeda,

381 1077 394 1096 .
483 1046 540 1091 et
582 1052 613 1091 ο
667 1037 815 1092 cocci
854 1036 1165 1092 substantia
1198 1051 1419 1102 coccus,
1471 1047 1529 1092 et
1561 1051 1628 1091 ex
1662 1035 1903 1102 hominis
1935 1034 2069 1088 sub-

485 1128 688 1181 stantia
717 1127 907 1192 homo,
938 1136 995 1182 et
1023 1142 1090 1182 ex
1115 1127 1214 1182 Dei
1247 1126 1557 1181 substantia
1592 1127 1739 1180 Deus
1760 1125 1853 1189 sit,
1884 1123 2070 1179 omnia

486 1232 517 1273 e
534 1219 840 1273 substantia
862 1219 1160 1274 convenire
1179 1219 1462 1282 dicuntur,
1481 1234 1592 1273 non
1613 1227 1800 1272 autem
1819 1218 2070 1272 eamdem

486 1329 696 1368 meram
735 1314 1155 1369 similitudinem
1186 1313 1242 1368 in
1273 1312 1534 1369 omnibus
1559 1328 1687 1367 cum
1724 1311 2067 1382 genitoribus

487 1405 729 1461 habeant
762 1407 952 1478 geniti,
981 1407 1079 1462 sed
1111 1406 1263 1461 solus
1295 1407 1440 1460 Deus
1471 1405 1674 1460 habeat
1719 1405 1774 1458 in
1804 1404 2067 1459 omnibus

485 1498 932 1563 similitudinem,
960 1497 1239 1568 quomodo
1271 1506 1454 1567 potest
1494 1497 1600 1552 hoc
1645 1495 1810 1551 modo
1845 1495 2071 1567 proprie

485 1598 544 1643 et
596 1604 725 1643 vere
784 1591 1054 1660 cujusque
1103 1603 1298 1643 eorum
1353 1588 1461 1644 dici
1524 1589 1830 1660 generatio,
1879 1588 1983 1643 etsi
2039 1601 2071 1643 e

485 1679 796 1733 substantia
830 1679 941 1734 sit?
975 1679 1213 1735 Necesse
1245 1689 1332 1734 est
1370 1679 1538 1746 enim,
1583 1694 1708 1734 cum
1759 1679 2066 1734 secundum

485 1784 605 1834 vos,
649 1769 913 1824 dill‘erens
955 1770 1026 1824 sit
1068 1770 1372 1825 similitudo
1411 1769 1480 1824 ab
1512 1785 1576 1825 ea
1621 1785 1786 1839 quam
1821 1769 1877 1822 in
1909 1777 2071 1839 partu

487 1863 711 1931 proprie
743 1871 945 1918 etvere
972 1863 1308 1933 prmdicatis,
1337 1862 1691 1918 diﬂcrentem
1722 1877 1820 1918 vos
1850 1877 2071 1933 quoque

486 1952 798 2024 intelligere
834 1923 1028 2025 partus
1075 1957 1506 2026 proprietatem;
1553 1954 1700 2026 quod
1744 1923 1897 2026 patet
1931 1954 2072 2009 ridi-
2105 1923 2150 1986 B

487 2048 673 2102 culum
718 2063 859 2102 esse.
905 2048 1062 2115 Quod
1111 2050 1260 2103 enim
1312 2049 1593 2120 proprium
1641 2060 1749 2114 est,
1809 2047 2074 2104 dill'erens

487 2155 598 2193 non
633 2151 744 2205 est;
773 2149 829 2194 et
861 2140 1008 2209 quod
1039 2139 1304 2196 dill‘erens
1339 2151 1443 2207 est,
1475 2144 1761 2211 proprium
1791 2155 2072 2211 nunquam

487 2241 574 2285 est
626 2231 774 2284 circa
823 2231 990 2286 idem.
1027 2232 1334 2302 Supponite
1367 2242 1572 2297 autem,
1625 2248 1658 2287 o
1707 2233 1941 2305 physici,
1979 2241 2074 2287 aut

488 2323 673 2393 potius
726 2324 978 2394 physices
1026 2339 1408 2390 conversores,
1442 2325 1656 2396 lapides
1697 2337 1753 2380 et
1780 2323 1988 2380 ferrum
2019 2333 2074 2380 et

488 2412 700 2484 lignum
747 2415 932 2484 ignem
983 2430 1273 2485 generare,
1325 2424 1382 2471 et
1432 2417 1576 2487 ignis
1625 2431 1751 2470 eum
1801 2432 1909 2470 non
1939 2416 2071 2482 sint,

488 2522 600 2560 non
642 2505 950 2560 secundum
984 2507 1219 2561 similem
1265 2507 1406 2579 ignis
1435 2508 1661 2563 modum
1693 2524 1988 2577 generare;
2018 2517 2076 2564 et

491 2597 702 2667 pariter
734 2612 901 2652 nemo
937 2597 1127 2652 dicere
1162 2607 1348 2669 potest
1380 2600 1541 2654 vobis
1565 2616 1675 2656 non
1705 2601 1924 2667 similis,
1963 2618 2074 2658 non

490 2687 609 2742 veri
649 2688 792 2758 ignis
837 2703 960 2743 esse
993 2690 1410 2759 generationem
1459 2706 1582 2761 qua:
1620 2707 1689 2746 ex
1728 2692 2074 2749 absimilibus

446 2788 450 2792 λ
492 2775 634 2848 ignis
653 2777 865 2832 naturis
885 2778 1174 2847 procedit;
1203 2795 1338 2850 ergo
1355 2779 1425 2834 ad
1450 2781 1686 2834 nihilum
1713 2782 1871 2837 vobis
1894 2783 2074 2839 omnis

491 2867 585 2923 illa
629 2869 886 2924 confusio
919 2868 1047 2924 talis
1081 2878 1282 2926 vestra:
1310 2871 1608 2942 jocatiouis
1647 2875 1954 2930 contendit.

1062 3015 1215 3072 CAP.
1262 3016 1506 3074 XXXVI.

563 3147 758 3204 Adhuc
773 3156 958 3203 autem
986 3164 1056 3204 ex
1079 3149 1166 3204 his
1191 3149 1245 3204 id
1271 3165 1493 3221 quoque
1520 3151 1864 3208 audiendum
1885 3161 1970 3209 est
1992 3172 2005 3208 :
2027 3153 2074 3209 si

495 3239 736 3297 Verbum
775 3242 1124 3312 incorporale
1157 3253 1214 3297 et
1244 3243 1594 3300 immutabile
1626 3253 1729 3311 est.
1767 3245 2074 3302 secundum

493 3349 650 3388 suam
702 3335 996 3400 rationem,
1038 3335 1318 3405 inquiunt,
1359 3338 1640 3406 quomodo
1669 3338 1777 3393 erit
1819 3338 2074 3394 incarna-

494 3433 611 3479 tum
640 3425 784 3480 idem
810 3427 1156 3483 immutabile
1182 3429 1454 3484 manens?
1501 3430 1583 3485 sic
1623 3431 1771 3484 enim
1802 3441 2075 3486 mutatum

495 3517 778 3571 diceretur
828 3517 1172 3574 immutabile
1233 3518 1417 3574 adhuc
1458 3535 1700 3575 manere.
1749 3521 1872 3576 Sive
1909 3521 2075 3592 igitur

497 3625 606 3666 non
651 3611 796 3665 Deus
846 3626 976 3666 caro
1003 3611 1180 3667 lactus
1210 3621 1314 3678 est,
1351 3627 1460 3667 non
1490 3621 1668 3667 mater
1697 3612 1797 3668 Dei
1840 3621 1926 3668 est
1955 3629 2078 3683 quae

497 3718 721 3757 carnem
766 3705 1017 3773 peperit;
1070 3703 1188 3759 sive
1253 3719 1383 3758 caro
1425 3703 1607 3759 factus
1654 3712 1758 3769 est,
1799 3704 1911 3776 jam
1965 3719 2079 3760 non

499 3795 643 3849 Deus
692 3796 788 3864 qui
834 3812 944 3849 non
995 3795 1358 3852 immutabilis
1396 3805 1502 3862 est,
1550 3811 1683 3867 ergo
1724 3796 1950 3852 minime
1979 3796 2078 3852 Dei

499 3895 677 3940 mater
724 3893 809 3940 est
867 3902 991 3956 qua:
1048 3887 1371 3942 mutabilem
1419 3889 1633 3959 genuit.
1689 3887 1836 3956 Quid
1887 3888 2077 3961 igitur,

497 3977 659 4031 vobis
686 3977 920 4030 nimium
957 3976 1509 4045 obsurdescentibus,
1555 3995 1669 4034 non
1694 3980 2082 4035 resonuitom-

499 4068 634 4122 nino
682 4068 915 4123 auribus
958 4069 1104 4124 illius
1149 4069 1382 4125 tonitrui
1414 4071 1648 4126 dicens:
1683 4090 1702 4123 ι
1737 4071 1806 4126 Et
1830 4071 2079 4127 Verbum

500 4173 631 4213 caro
658 4157 859 4212 factum
897 4159 1012 4214 est?
1048 4179 1066 4211 ι
1105 4159 1225 4225 sed,
1257 4175 1291 4214 ο
1328 4160 1622 4227 insensati,
1657 4162 1700 4216 si
1734 4161 2082 4217 incarnatum

501 4249 744 4304 Verbum
770 4250 1078 4305 secundum
1108 4259 1323 4306 natura:
1347 4253 1714 4308 mutationem
1747 4253 2078 4325 intelligitis,

505 4353 567 4398 ut
613 4343 851 4399 dicimus
895 4344 1133 4414 lapidem
1179 4343 1382 4400 factam
1443 4346 1660 4400 corallii
1707 4347 1974 4417 plantam,
2027 4355 2082 4402 et

503 4446 780 4492 mortuum
827 4437 976 4507 quod
1015 4447 1180 4493 antea
1219 4438 1465 4504 vivebat,
1499 4439 1684 4509 reipsa
1732 4439 2082 4496 immutabile

502 4531 730 4586 dissolvi
783 4532 988 4586 merito
1025 4531 1284 4601 cogitate.
1315 4530 1411 4587 Sin
1435 4541 1643 4594 autem,
1674 4540 1736 4587 ut
1766 4532 2080 4587 inauratum

2172 664 2448 737 βατράχου
2483 663 2635 716 ποτέ.
2681 661 2820 716 Ἀλλ’
2865 661 2988 715 ἐπεὶ
3039 661 3152 725 τοῖς
3192 661 3376 725 αὐτοῖς
3406 658 3466 726 ἐξ
3516 659 3760 730 ἀπορίας

2169 755 2332 812 πάλιν
2381 754 2807 809 κατακυλίεσθε·
2843 755 2981 826 πρὸς
3031 756 3147 817 τοῖς
3191 752 3507 822 εἰρημένοις
3536 753 3678 824 ἡμῖν
3700 752 3761 804 ὲν

2167 853 2282 916 τοῖς
2308 851 2566 921 φθάσασι,
2610 850 2705 903 καὶ
2733 849 2860 902 τάδε
2889 847 2988 902 νῦν
3035 846 3360 902 ἀκούσεσθεο
3398 848 3458 900 El
3489 847 3521 899 6
3562 846 3629 900 ἐκ
3657 845 3762 916 τῆς

2168 941 2356 1006 οὐσίας
2384 941 2478 995 τοῦ
2513 939 2687 1012 πυρὸς
2718 938 2948 1010 πυρσὸς,
2981 937 3076 992 καὶ
3129 939 3158 990 6
3208 939 3272 991 ὲκ
3303 937 3404 1006 τῆς
3438 936 3630 1000 οὐσίας
3662 935 3757 988 τοῦ

2170 1034 2372 1088 κόκκου
2404 1033 2623 1098 κόκκος,
2656 1031 2753 1086 καὶ
2794 1033 2824 1086 6
2857 1033 2922 1084 ὲκ
2950 1031 3049 1100 τῆς
3077 1030 3266 1094 οὐσίας
3317 1028 3414 1082 τοῦ
3461 1027 3757 1100 ἀνθρώπου

2170 1127 2481 1200 ἄνθρωπος,
2508 1127 2604 1180 καὶ
2629 1127 2738 1180 όὲκ
2767 1126 2866 1196 τῆς
2896 1124 3087 1188 οὐσίας
3115 1124 3209 1177 τοῦ
3233 1121 3368 1176 Θεοῦ
3398 1121 3556 1185 Θεὸς,
3581 1123 3760 1176 πάντα

2173 1219 2274 1290 μὲν
2303 1219 2368 1272 ὲκ
2400 1217 2502 1288 τῆς
2534 1214 2724 1278 οὐσίας
2749 1215 3250 1289 συνωμολόγηνται,
3285 1214 3408 1284 οὐχὶ
3428 1213 3484 1267 δὲ
3515 1212 3620 1284 τὴν
3661 1211 3763 1267 αὐο

2169 1308 2271 1380 τὴν
2307 1306 2587 1380 ἀκραιφνῆ
2614 1305 2912 1376 ὁμοιότητα
2949 1304 3044 1358 ἐπὶ
3109 1305 3329 1358 πάντων
3357 1303 3499 1374 πρὸς
3520 1302 3590 1355 τὰ
3635 1319 3763 1370 τεν-

2172 1399 2350 1455 νῶντα
2377 1399 2560 1470 έχουσι
2590 1399 2662 1452 τά
2691 1397 3031 1467 γεννώμενα,
3065 1396 3200 1452 ἀλλὰ
3229 1397 3388 1467 μόνος
3413 1395 3548 1458 Θεὸς
3564 1394 3764 1465 ἔχειτύ

2171 1492 2348 1562 πάντη
2367 1489 2804 1561 ἀπαράλλακτον,
2820 1488 2934 1552 πῶς
2944 1486 3167 1542 δυνατὸν
3177 1487 3436 1552 ὡσαύτως
3449 1487 3658 1559 κυρίως
3669 1489 3764 1541 καὶ

2173 1583 2316 1637 κατὰ
2347 1562 2850 1654 άλήθειανέκάστου
2868 1581 3073 1636 τούτων
3082 1579 3336 1650 λέγεσθαι
3361 1580 3461 1652 τὴν
3475 1581 3762 1652 γέννησιν,

2172 1674 2223 1745 εί
2251 1674 2344 1728 καὶ
2380 1676 2445 1729 ὲκ
2458 1675 2556 1747 τῆς
2577 1675 2764 1738 οὐσίας
2785 1675 2961 1742 ὲστίν;
2979 1673 3218 1745 ’Δνάγκη
3232 1674 3636 1746 γὰρκαθ“ὐμᾰς
3648 1674 3762 1728 δια-

2173 1769 2340 1839 φόρου
2358 1768 2528 1840 οῠσης
2552 1771 2651 1841 τῆς
2675 1769 2988 1840 ὁμοιώσεως
3018 1769 3078 1836 ἐξ
3097 1764 3166 1843 ἦς
3184 1771 3245 1824 τὸ
3273 1771 3479 1841 κυρίως
3504 1771 3601 1824 καὶ
3614 1769 3761 1823 κατὰ

2175 1862 2434 1933 ἀλήθειαν
2461 1862 2541 1935 τῷ
2566 1864 2712 1934 τόκῳ
2745 1867 3243 1935 προσμαρτυρείτε,
3271 1863 3533 1934 διάφορον
3556 1861 3760 1916 εἰδέναι

2176 1954 2321 2023 ὑμᾶς
2361 1953 2456 2007 καὶ
2489 1955 2590 2026 τὴν
2619 1953 2714 2008 τοῦ
2742 1956 2902 2008 τόκου
2933 1954 3266 2026 κυριότητα⁹
3307 1955 3448 2026 ὅπερ
3475 1953 3761 2025 προφανὲς

2175 2043 2605 2114 καταγέλαστον.
2648 2047 2714 2100 Ὃ
2745 2045 2853 2116 γὰρ
2885 2047 3073 2118 κύριόν
3098 2047 3234 2112 ἐστι,
3256 2047 3316 2099 οὐ
3343 2047 3606 2119 διάφορον
3642 2047 3757 2100 ἐτι“

2174 2139 2315 2192 καὶὸ
2339 2138 2613 2209 διάφορον,
2637 2139 2759 2209 οὐχὶ
2791 2139 2981 2209 κύριόν
3028 2157 3160 2193 ποτε
3189 2139 3328 2193 κατὰ
3357 2138 3418 2192 τὸ
3456 2139 3614 2194 αὐτό.
3655 2139 3761 2192 Σύ-

2175 2250 2294 2289 νετε
2315 2233 2395 2299 δὲ,
2419 2251 2463 2287 ω
2488 2233 2730 2302 φυσικοί,
2762 2231 2964 2303 μᾶλλον
2987 2232 3415 2304 πεφυσιωμένοι,
3433 2232 3516 2287 ὅτι
3551 2235 3649 2286 καὶ
3679 2232 3763 2285 λί-

2176 2324 2258 2378 θοι
2285 2325 2378 2378 καὶ
2427 2324 2642 2396 σίδηρος
2677 2323 2772 2378 καὶ
2809 2322 2940 2390 ξύλα
2976 2323 3088 2395 πῦρ
3122 2325 3306 2394 γεννᾷ,
3338 2324 3434 2376 καὶ
3470 2322 3598 2377 οὐτε
3649 2320 3764 2390 πῦρ

2175 2417 2325 2480 ὄντα,
2375 2417 2499 2471 οὔτε
2531 2417 2673 2472 κατὰ
2698 2419 2790 2472 τὸν
2813 2418 2976 2472 αὐτὸν
3003 2419 3205 2489 τρόπον
3231 2417 3325 2472 τοῦ
3354 2417 3530 2490 πυρὸς
3555 2417 3762 2487 γεννᾷ·

2176 2510 2270 2563 καὶ
2299 2512 2449 2582 ὅμως
2475 2511 2576 2564 οὐκ
2605 2510 2670 2564 άν
2699 2527 2785 2575 τις
2810 2511 2954 2565 εῐποι
2985 2511 3106 2564 οὐδὲ
3133 2512 3264 2582 ὑμῖν
3285 2511 3490 2581 ὅμοιος,
3518 2509 3599 2573 ὡς
3631 2507 3763 2562 οὔτε

2175 2603 2433 2673 ἀληθινοῦ
2459 2604 2632 2674 πυρὸς
2678 2603 2931 2675 γέννησίς
2959 2605 3108 2658 ἐστιν
3151 2605 3184 2676 ή
3216 2603 3276 2668 ἐξ
3303 2604 3577 2674 ἀνομοίων
3605 2603 3763 2672 αὐτῷ

2175 2694 2520 2765 προελθοῦσα
2564 2694 2800 2765 φύσεων.
2828 2695 3037 2750 Οὐκοῦν
3088 2698 3169 2761 είς
3222 2697 3375 2750 οὐδὲν
3431 2696 3565 2767 ύμῖν
3611 2696 3765 2758 ἄπας

2173 2789 2203 2842 ό
2230 2787 2445 2843 κυκεὼν
2469 2789 2568 2860 τῆς
2585 2789 2796 2844 τοιᾶσδε
2831 2788 2985 2861 ὑμῶν
3007 2790 3208 2863 λέσχης
3234 2789 3624 2862 κατέστρεψεν.

2755 3012 3005 3066 ΚΕΦΑΛ.
3036 3011 3178 3080 Acr.

2251 3149 2371 3201 Ἔτι
2409 3147 2466 3201 δὲ
2522 3146 2816 3201 ἀκουστέον
2872 3147 3052 3202 αὐτῶν
3083 3148 3178 3201 καὶ
3204 3147 3382 3202 τοῦδε.
3413 3148 3477 3201 Et
3514 3147 3764 3220 ἄσαρκός

2178 3253 2237 3289 τε
2269 3236 2364 3290 καὶ
2392 3238 2658 3307 ἄτρεπτος
2690 3239 2718 3291 6
2749 3237 2938 3305 Λόγος,
2965 3238 3106 3291 κατὰ
3131 3237 3357 3308 φυσικὸν
3382 3237 3550 3292 αὐτοῦ
3577 3237 3762 3306 λόγον,

2179 3330 2334 3401 φησὶ,
2371 3331 2485 3394 πῶς
2519 3331 2671 3385 ἔσται
2702 3331 3115 3400 σεσαρκωμένος
3140 3331 3169 3382 6
3197 3330 3360 3395 αὐτὸς
3392 3332 3573 3402 μένων
3599 3332 3764 3403 ἄτρε-

2175 3439 2344 3489 πτος;
2376 3422 2550 3488 οὓτως
2588 3424 2694 3494 γὰρ
2745 3423 2812 3476 ἂν
2844 3423 2940 3476 καὶ
2963 3423 3300 3494 τρεπόμενος
3325 3424 3538 3492 λέγοιτο
3579 3425 3648 3477 ἂν
3678 3426 3760 3476 ἐτι

2175 3512 2444 3584 ἄτρεπτος
2472 3517 2678 3586 μεῖναι.
2707 3515 2830 3568 Είτε
2856 3514 2950 3569 οῦν
2976 3515 3073 3586 οὐχ
3110 3517 3139 3569 6
3179 3515 3312 3579 Θεὸς
3335 3515 3474 3587 σὰρξ
3506 3517 3757 3586 γέγονεν,

2175 3607 2236 3661 οὐ
2261 3606 2522 3670 Θεοτόκος
2550 3609 2582 3678 ἡ
2607 3607 2838 3662 τεκοῦσα
2881 3606 2982 3679 τὴν
3015 3609 3229 3678 σάρκαο
3262 3611 3374 3662 εἴτε
3402 3610 3570 3671 αὐτὸς
3599 3611 3762 3679 γέγο-

2175 3717 2286 3765 νεν,
2319 3699 2381 3754 οὐ
2402 3699 2534 3764 Θεὸς
2561 3698 2746 3754 λοιπὸν
2767 3701 2795 3754 6
2818 3699 2893 3771 μὴ
2923 3700 3216 3772 ἄτρεπτος,
3250 3700 3370 3755 οὐδ’
3421 3701 3532 3772 ἄρα
3567 3701 3763 3756 eeo-:6-

2175 3809 2272 3857 κος
2302 3791 2610 3864 οὐδαμῶςή
2647 3793 2740 3846 τοῦ
2792 3792 3029 3866 τρεπτοῦ
3092 3795 3297 3866 μήτηρ.
3349 3795 3418 3848 τί
3449 3792 3544 3848 οὖν
3589 3794 3765 3856 οὕτως

2177 3883 2335 3957 ὑμῶν
2361 3885 2502 3953 ἄγαν
2525 3884 2900 3954 κωφωθέντων
2920 3887 3022 3941 οὐκ
3061 3886 3248 3959 ἐνηχεῖ
3269 3890 3383 3953 τοῖς
3424 3887 3528 3942 ὡσὶ
3565 3905 3763 3942 παντε-

2175 3975 2287 4040 λῶς
2306 3977 2416 4030 οὐδ’
2443 3979 2472 4032 6
2499 3977 2599 4047 τῆς
2631 3976 2858 4049 βροντῆς
2892 3977 3021 4042 Υἱὸς
3064 3976 3263 4048 λέγων,
3313 3997 3331 4030 ι
3374 3980 3484 4032 Καὶ
3528 3981 3560 4033 6
3590 3979 3763 4047 A670;

2181 4069 2319 4141 σάρξ
2367 4069 2618 4138 ὲγένετὸ;
2657 4089 2678 4123 ι
2724 4069 2886 4135 Ἀλλ’,
2914 4063 2959 4124 ὦ
2990 4062 3157 4136 οὗτοι,
3194 4073 3241 4125 ει
3273 4073 3370 4143 μὲν
3401 4073 3766 4142 σεσαρκωμέ-

2177 4176 2267 4217 νον
2296 4161 2387 4216 τὸν
2413 4163 2584 4232 Λόγον
2611 4164 2752 4217 κατά
2794 4163 3004 4236 τροπὴν
3037 4163 3265 4218 ἀκούετε
3288 4165 3386 4235 τῆς
3415 4165 3662 4234 φύσεως,
3691 4165 3763 4228 ὡς

2181 4273 2361 4327 φαμεν
2387 4255 2748 4325 λελιθωμένον
2771 4255 2834 4309 τὸ
2856 4257 3024 4326 φυτὸν
3045 4254 3140 4310 τοῦ
3173 4257 3453 4328 κοραλίου,
3481 4259 3580 4310 καὶ
3620 4274 3767 4310 νενεε

2179 4347 2462 4420 χρωμένον
2499 4347 2562 4400 τὺ
2609 4349 2739 4419 πρὶν
2767 4347 2926 4414 ζῶον,
2966 4349 3136 4408 ὅντως
3158 4349 3224 4401 ἂν
3258 4349 3319 4402 τὸ
3351 4349 3628 4420 ἄτρεπτον
3659 4367 3765 4402 κα-

2179 4439 2468 4494 ταλύεσθαι
2494 4441 2718 4505 εἰκότως
2739 4441 2950 4509 δόξητε.
2970 4441 3032 4496 Εί
3050 4441 3106 4495 δὲ
3129 4443 3318 4512 ὥσπερ
3342 4442 3765 4514 κεχρυσωμένον

2179 4533 2242 4586 τδ
2268 4531 2443 4598 ξύλον,
2472 4535 2567 4588 καὶ
2597 4534 2940 4604 ὡπλισμένον
2980 4535 3071 4590 τὸν
3105 4533 3274 4606 ἄνδρα
3302 4535 3562 4604 λέγομεν,
3623 4535 3765 4588 κατὰ

503 4622 710 4692 lignum
777 4629 834 4676 et
892 4631 1166 4677 armatum
1211 4622 1396 4677 virum
1462 4622 1722 4685 dicimus,
1774 4623 2077 4679 secundum

2181 4623 2281 4695 τὴν
2308 4625 2444 4696 πρὸς
2459 4625 2550 4678 τὸν
2571 4626 2770 4697 χρυσὸν
2793 4625 3010 4691 ἕνωσιν,
3035 4626 3130 4680 καὶ
3152 4626 3262 4680 τῶν
3292 4625 3474 4680 ὃπλων
3496 4626 3599 4694 τὴν
3628 4626 3764 4680 ἀνά-

502 4717 764 4770 unionem
811 4715 944 4785 ligni
998 4731 1126 4770 cum
1171 4731 1333 4781 auro,
1385 4724 1442 4771 et
1492 4732 1776 4772 armorum
1815 4717 2084 4788 sumptio-

501 4823 627 4863 nem
653 4817 710 4864 et
732 4807 1121 4870 induitionem.
1147 4808 1331 4864 carnis
1357 4811 1794 4880 assumptionem
1821 4811 1878 4864 in
1901 4811 2084 4866 Verbo

502 4911 845 4972 reputamus,
877 4902 1158 4972 quomodo
1190 4903 1556 4958 mutationem
1584 4913 1800 4958 natura:
1828 4902 2084 4958 introdu-

502 4995 718 5049 cimus?
765 4993 1053 5063 Siquidem
1097 4993 1246 5048 enim
1295 4994 1512 5065 lignum
1555 4995 1736 5051 adhuc
1779 4995 1899 5051 sine
1947 5011 2092 5051 auro

503 5087 808 5141 secundum
843 5096 1118 5151 naturam,
1159 5095 1368 5152 manet,
1403 5103 1529 5164 cum
1570 5089 1884 5143 inauratum
1919 5088 2086 5144 fuerit

505 5178 808 5232 secundum
870 5194 1026 5232 suam
1084 5178 1557 5233 subsistentialem
1585 5190 1872 5247 naturam;
1908 5191 1964 5234 et
1998 5182 2087 5236 vir

504 5270 688 5326 adhuc
734 5272 853 5327 sine
883 5271 1054 5337 ferro,
1081 5282 1177 5326 aut
1206 5273 1407 5328 melius
1436 5273 1714 5343 loquendo
1744 5289 1870 5328 cum
1903 5274 2085 5330 nudus

504 5370 591 5417 est
639 5377 796 5416 coma
836 5365 1221 5419 tantummodo
1255 5365 1560 5419 secundum
1604 5375 1857 5420 naturam
1899 5376 2087 5422 manet

504 5455 830 5519 instructus,
853 5454 899 5508 si
928 5455 1236 5510 secundum
1264 5456 1577 5512 naturalem
1601 5473 1756 5511 suam
1779 5458 2086 5513 subsisten-

506 5549 638 5603 tiam
684 5546 834 5602 ferro
884 5558 1127 5603 armatus
1169 5550 1329 5605 miles
1380 5549 1462 5615 ﬁt,
1493 5559 1589 5604 aut
1623 5549 1680 5605 in
1719 5550 1855 5604 ﬂore
1885 5551 2085 5622 juven-

505 5641 641 5698 tutis
661 5641 902 5714 pilosus;
928 5640 1166 5696 Verbum
1192 5657 1412 5713 quoque
1447 5643 1567 5698 sine
1589 5657 1754 5698 carne
1781 5643 2085 5698 secundum

505 5747 760 5789 naturam
810 5737 1020 5797 manet,
1060 5731 1118 5786 id
1168 5742 1255 5788 est
1300 5732 1606 5788 secundum
1663 5733 2084 5789 substantialem

507 5827 799 5891 rationem,
823 5840 948 5882 cum
970 5823 1282 5896 adiunctam
1308 5824 1682 5882 subsistentia:
1730 5841 1840 5882 suae
1875 5835 2088 5883 natura:

508 5931 726 5974 carnem
749 5918 950 5977 induit.
987 5917 1350 5977 Substantiali
1381 5918 1530 5976 enim
1568 5918 1798 5984 ratione,
1837 5920 2086 5978 cernitur

2181 4716 2346 4787 ληψιν
2378 4717 2471 4770 καὶ
2518 4717 2821 4783 ὲπὲνδυσιν,
2875 4716 2975 4788 τὴν
3005 4713 3307 4787 πρόσληψιν
3337 4712 3437 4786 τῆς
3467 4716 3675 4786 σαρκὸς
3707 4717 3765 4768 ἐν

2183 4809 2262 4880 τῷ
2287 4811 2444 4881 Λόγῳ
2466 4809 2803 4874 δοξάζοντες,
2824 4809 2941 4874 πῶς
2969 4810 3182 4882 τροπὴν
3207 4809 3358 4881 αὐτῷ
3387 4811 3608 4878 φύσεως
3653 4812 3764 4863 εἰσ-

2185 4902 2425 4974 άγομεν;
2459 4904 2632 4974 Εἴπερ
2667 4904 2777 4974 γὰρ
2810 4902 2964 4967 ξύλον
2988 4903 3069 4955 ἔτι
3095 4902 3332 4974 άχρυσον
3355 4903 3454 4972 τὴν
3487 4903 3675 4972 φύσιν,
3704 4903 3766 4956 τὸ

2184 4997 2284 5066 τὴν
2329 4997 2696 5049 ὲνυπόστατον
2744 4995 2908 5064 φύσιν
2958 4995 3122 5049 αὐτοῦ
3169 4997 3631 5066 κεχρυσωμένον·
3671 4995 3767 5048 καὶ

2184 5088 2324 5159 ἀνὴρ
2361 5088 2441 5141 ἔτι
2464 5087 2741 5158 άσίδηρος,
2773 5087 2806 5158 ἢ
2838 5088 3036 5158 μᾶλλον
3067 5089 3241 5142 είπεῐν
3274 5090 3338 5141 ἐκ
3392 5085 3553 5154 ψιλοῦ
3586 5104 3767 5158 τετρι-

2185 5178 2431 5250 χωμένος
2454 5177 2554 5248 τὴν
2585 5177 2814 5246 φύσιν,ό
2848 5177 2947 5248 τὴν
2976 5178 3214 5246 φυσικὴν
3259 5176 3566 5230 ὑπόστασιν
3601 5174 3765 5229 αὐτοῦ

2189 5270 2624 5340 σεσιδηρωμένος
2660 5269 2910 5339 ὁπλίτης,
2936 5268 2969 5340 ἢ
3001 5271 3060 5322 ὲν
3088 5269 3241 5339 ἀκμῇ
3269 5266 3458 5321 λασιού
3467 5285 3652 5338 μενος,
3676 5268 3768 5320 καὶ

2183 5363 2216 5415 6
2252 5362 2422 5430 Λόγος
2479 5362 2720 5432 ἄσαρκος
2769 5363 2921 5432 μένει
2971 5361 3072 5432 τὴν
3120 5359 3300 5429 φύσιν,
3331 5361 3503 5429 ἤγουν
3553 5360 3650 5413 τὸν
3681 5360 3769 5413 οὐ·

2187 5453 2352 5525 σιὼδη
2404 5455 2599 5523 Λόγον,
2649 5453 3045 5525 ὲπιγενομένην
3087 5455 3154 5526 τῇ
3193 5453 3398 5524 φυσικῇ
3427 5451 3598 5506 αὐτοῦ
3633 5453 3766 5506 ὐπο-

2188 5547 2396 5614 στάσει,
2427 5549 2809 5618 περικείμενος
2837 5549 3016 5620 σάρκα
3035 5563 3049 5578 ⁶
3084 5548 3144 5600 ὲν
3168 5550 3282 5613 τοῖς
3309 5548 3410 5620 μὲν
3429 5545 3537 5620 γὰρ
3567 5545 3766 5600 οὐσιὼ·

2185 5640 2300 5694 δεσι
2327 5640 2508 5711 λόγοις
2564 5641 2759 5712 ὁρᾶται
2807 5641 2870 5695 τὸ
2914 5639 3183 5712 ἄτρεπτον
3210 5640 3316 5710 τὴν
3358 5640 3544 5708 φύσιν,
3574 5640 3677 5693 οὐκ
3710 5642 3765 5692 ὲν

2184 5737 2300 5799 τοῖς
2324 5735 2733 5806 ἐπιγενομένοις
2777 5737 2845 5807 τῇ
2869 5735 3028 5807 οὐσίᾳ
3046 5752 3062 5767 ο
3097 5733 3364 5806 μενούσης
3389 5733 3446 5786 δὲ
3473 5733 3534 5786 ὲν
3581 5734 3764 5796 αὐτοις

2186 5827 2450 5893 ὡσαύτως
2502 5831 2600 5900 τῆς
2639 5828 2874 5899 φύσεως,
2914 5829 2948 5900 ἡ
2992 5826 3122 5900 περὶ
3155 5828 3257 5900 τὴν
3295 5826 3595 5882 ὑπόστασιν
3649 5825 3764 5879 ὲπιο

2188 5919 2392 5994 θεωρία
2411 5920 2638 5991 γίνεται.
