4042 6544
317 540 453 604 1705

1249 541 1644 604 ADVERSUS
1682 537 2228 599 NESTORIANOS.
2270 562 2335 576 -·-
2367 541 2511 601 LIB.
2555 543 2650 604 IV.

3431 544 3565 608 1706

308 655 614 714 secundum
641 658 894 709 naturam
928 653 1290 720 immutabile,
1336 670 1448 709 non
1479 656 1537 710 in
1567 652 1887 708 substantia:
1926 651 2235 721 adiunctis;
2278 662 2535 706 manente
2589 660 2773 707 autem
2836 655 2893 709 in
2926 653 3033 710 illis
3059 655 3253 710 eodem
3284 656 3450 713 modo
3469 673 3568 713 na.

308 759 440 806 tura
480 761 603 818 quae
632 747 780 803 circa
815 748 1257 804 subsistentiam.

873 823 1284 895 KEoAA.AZh

391 933 556 987 Ἀλλά
581 950 718 1002 φασι
757 934 853 987 καὶ
880 932 997 986 τόδε
1025 931 1075 985 οἱ
1108 933 1288 986 πάντα
1319 931 1513 1006 λέγειν¹
1542 930 1765 994 εἰδότες,
1799 930 1887 984 ἵνα

310 1025 386 1098 μὴ
415 1029 481 1097 τῇ
506 1025 734 1096 ἀληθείᾳ
751 1027 1223 1096 συμφθέγξωνται,
1253 1026 1341 1079 ἴνα
1371 1027 1600 1089 καὶτοῖς
1629 1025 1690 1090 ἐξ
1713 1026 1886 1094 ἀγρά-

307 1135 408 1189 ιρου
433 1117 612 1171 αὐτῶν
642 1118 880 1189 ῥήμασιν
909 1118 1315 1187 ἐπεξέλθωμεν*
1348 1117 1429 1171 ὅτι
1479 1117 1598 1170 ἰδοὺ
1618 1117 1711 1170 καὶ
1742 1115 1885 1169 κατὰ

304 1209 402 1272 τὰς
433 1208 706 1278 ὑμετέρας
738 1208 1025 1272 ὑποθέσεις
1039 1211 1133 1262 καὶ
1154 1207 1524 1273 κατασκευάς,
1557 1209 1653 1262 καὶ
1689 1208 1754 1261 ἐκ
1785 1208 1884 1278 μέ-

307 1314 430 1370 ρους
465 1301 558 1351 καὶ
589 1299 729 1352 κατά
758 1316 809 1352 τι
853 1298 1064 1364 ἔξεστιν
1115 1297 1402 1371 ὀνομάζειν
1426 1294 1574 1364 ’ἱ-ινός
1608 1317 1730 1354 τινα
1781 1316 1885 1368 μη·

303 1391 456 1461 τέρα.
515 1388 640 1453 Πῶς
666 1385 760 1442 οὖν
785 1392 834 1443 εί
885 1391 960 1461 μὴ
1000 1391 1241 1462 ἄσαρκον
1279 1389 1609 1462 γεννηθῆναι
1662 1390 1795 1442 Θεὸν
1822 1389 1882 1454 ἐξ

303 1483 474 1550 αὐτῆς
531 1481 802 1547 δοξάζετε,
836 1479 1104 1550 ,λέγουσιν
1147 1484 1281 1554 ἡμῖν
1339 1481 1756 1553 ἀνθηρωτοοτόκον
1787 1481 1881 1535 καὶ

301 1571 367 1624 ὲκ
393 1571 600 1641 μέρους
619 1569 826 1640 ταύτην
861 1571 1141 1642 Παρθένον
1175 1572 1556 1643 ἀντιφέρεσθε,
1608 1572 1669 1625 τὸ
1688 1572 1880 1626 8501:6-

300 1678 396 1725 κος
422 1662 592 1731 ὄνομα
625 1662 788 1732 μόνον
810 1664 952 1734 αὐτῇ
992 1659 1121 1718 ttat"
1146 1663 1430 1736 ἐξαίρετον
1444 1663 1654 1733 ἀποκλη
1663 1663 1879 1735 ρώσαν-

299 1769 414 1816 τες,
481 1753 602 1806 ἀλλ’
625 1753 745 1807 οὐδὲ
775 1754 1146 1824 Χριστοτόκον
1177 1755 1241 1807 ἐκ
1280 1752 1376 1808 τοῦ
1409 1754 1533 1808 ὅλου
1573 1752 1878 1822 φάσκοντας

298 1844 470 1916 αὐτὴν
495 1845 848 1916 οἰκειότερον,
883 1846 1288 1917 καταδέχεσθες
1328 1846 1439 1901 Καὶ
1471 1845 1609 1918 πρὸς
1633 1845 1793 1900 τοῦτο
1817 1843 1875 1898 δέ

294 1952 480 2006 ’φαμεν
494 1937 676 1998 αὐτοῖς
705 1937 921 2008 πρῶτον
946 1938 1066 2007 μὲν,
1083 1936 1214 2000 Πῶς
1235 1936 1464 1991 δύνασθε
1482 1936 1657 1991 ἄθλιοι
1668 1935 1876 2005 ἀνθρωο

297 2013 527 2081 ποτόκον
541 2027 823 2097 ὀνομάζειν
831 2029 931 2100 τὴν
943 2027 1106 2096 ἁγίαν
1122 2027 1418 2099 Παρθένον,
1436 2029 1499 2082 ὲκ
1515 2027 1740 2099 μέρους,
1750 2027 1799 2079 oi
1817 2027 1875 2080 δέ

296 2122 363 2175 ὲκ
377 2119 580 2192 μέρους
595 2121 764 2192 αὐτὴν
785 2120 1044 2174 Θεοτὼιον
1071 2119 1358 2192 ὀνομάζειν
1388 2119 1464 2190 μὴ
1501 2119 1874 2188 καταδεξάμε-

1915 849 1963 906 Α

2252 895 2262 904 ,
2556 817 3010 893 cap.xxxvn,

2061 923 2168 980 Sed
2201 924 2396 980 dicunt
2431 925 2536 981 hoc
2559 931 2802 996 quoque,
2832 929 2922 984 isti
2957 938 3152 986 cuncta
3178 930 3551 990 di'cerescien.

1992 1025 2095 1078 tes,
2122 1033 2195 1072 ne
2227 1017 2450 1073 veritati
2478 1021 2838 1074 consonantia
2892 1014 3212 1090 loquantur,
3255 1032 3312 1080 et
3359 1034 3420 1079 ut
3463 1039 3554 1081 eo-

1989 1127 2110 1164 rum
2165 1126 2278 1164 non
2336 1112 2545 1180 scripta
2609 1111 2786 1166 verba
2832 1111 3218 1183 impngnemus
3267 1131 3282 1170 :
3323 1132 3557 1187 nempe,

1985 1203 2291 1258 secundum
2325 1212 2538 1258 vestras
2579 1204 2993 1274 suppositiones
3027 1214 3082 1260 et
3126 1209 3563 1276 argumentatio-

1983 1307 2104 1357 nes,
2147 1302 2204 1348 et
2235 1307 2302 1348 ex
2330 1303 2486 1362 parte
2513 1303 2571 1348 et
2600 1293 2904 1350 secundum
2939 1293 3072 1364 quid
3103 1295 3236 1351 licet
3276 1298 3560 1352 nominare

1982 1385 2216 1455 alicujus
2257 1386 2496 1456 aliquam
2522 1395 2794 1452 matrem;
2841 1387 3118 1455 quomodo
3160 1387 3344 1458 igitur,
3373 1388 3420 1442 si
3452 1403 3561 1442 non

1981 1475 2384 1547 incorporalem
2408 1480 2653 1548 genitum
2687 1479 2856 1534 fuisse
2882 1480 3058 1534 Deum
3094 1494 3162 1534 ex
3184 1480 3276 1535 illa
3301 1479 3560 1546 censetis,

1981 1567 2431 1640 nobisinquiunt,
2447 1570 2686 1625 hominis
2709 1578 2937 1626 matrem
2967 1571 3132 1626 etiam
3154 1585 3219 1626 ex
3242 1581 3398 1642 parte
3413 1573 3561 1628 illam

1979 1658 2261 1729 Virginem
2279 1661 2571 1724 accusatis,
2587 1661 2683 1716 Dei
2699 1661 2884 1716 Matris
2897 1663 3315 1732 appellationem
3330 1662 3409 1718 illi
3439 1679 3557 1733 spe-

1977 1750 2194 1806 cialiter
2233 1751 2620 1815 attribuentes,
2666 1751 2767 1807 sed
2790 1752 2994 1808 Christi
3033 1763 3262 1809 matrem
3299 1754 3354 1809 in
3385 1763 3558 1810 totum

1977 1857 2081 1896 nos
2110 1842 2332 1912 preprie
2346 1842 2515 1913 magis
2538 1845 2688 1899 illam
2713 1845 3050 1914 appellantes
3073 1860 3185 1899 non
3197 1846 3450 1916 accipitis
3469 1847 3549 1899 2-

1978 1933 2046 1986 Ει
2075 1932 2142 1987 ad
2167 1933 2279 1989 haec
2305 1934 2546 2004 primum
2569 1935 2690 1989 istis
2706 1934 2974 1991 dicimus:
3000 1935 3558 2007 Quomodopotestis.

1977 2037 2010 2075 ο
2038 2023 2244 2088 miseri,
2270 2024 2514 2080 hominis
2529 2035 2760 2081 matrem
2783 2027 3069 2082 nominare
3101 2036 3347 2083 sanetam
3379 2029 3560 2099 Virgi-

1977 2128 2104 2167 nem
2144 2128 2211 2168 ex
2237 2125 2410 2184 parte,
2434 2116 2530 2186 qui
2553 2132 2621 2171 ex
2639 2127 2798 2187 parte
2821 2118 2964 2173 hanc
2993 2119 3089 2174 Dei
3113 2120 3338 2175 Matrem
3375 2112 3562 2175 nomi-

291 2227 378 2265 νοι
399 2229 415 2277 ;
439 2211 518 2266 Οὐ
541 2211 648 2281 γὰρ
680 2211 746 2264 δι’
765 2203 841 2264 ὧν
860 2197 944 2275 τις
969 2209 1146 2280 λόγων
1162 2211 1262 2274 τὰς
1289 2209 1583 2279 ὀνομασίας
1610 2211 1877 2263 ἀποσκευ-

1982 2221 2113 2260 nare
2130 2221 2238 2261 non
2263 2209 2626 2264 consentitis?
2652 2225 2762 2264 non
2786 2211 2934 2266 enim
2965 2226 3062 2280 per
3101 2226 3262 2281 quam
3288 2211 3559 2267 rationem

297 2301 488 2368 άζεται
531 2303 640 2355 τῶν
687 2299 1075 2365 ὲναντίων,διὰ
1100 2299 1305 2354 ¹ιούτων
1332 2300 1428 2353 καὶ
1475 2300 1875 2371 προϐάλλεσθαι

296 2390 523 2446 δύναται
550 2391 649 2456 τὰς
701 2391 855 2456 ίόίας,
886 2389 1026 2461 πλὴν
1056 2391 1105 2444 εί
1141 2390 1221 2462 μὴ
1255 2390 1376 2444 κατ’
1397 2389 1648 2454 ἐξουσίας
1676 2390 1877 2461 τρόπον

195 2507 203 2513 ·
296 2483 458 2538 τοῦτο
487 2486 636 2556 ποιῇ.
671 2483 936 2554 Δεύτερον
961 2483 1017 2536 δὲ
1049 2482 1348 2536 ἀκούσεσθε
1367 2483 1498 2553 παρ’
1522 2481 1789 2552 ἡμῶν,ὠς
1819 2482 1879 2548 ἐξ

297 2577 520 2631 ἐκείνων
558 2577 847 2648 ὀνομάζειν
877 2575 985 2629 τῶν
1013 2575 1198 2647 μερῶν
1234 2575 1297 2629 τό
1339 2575 1481 2642 ὅλον,
1509 2575 1630 2639 ἔθος
1661 2578 1729 2648 τῇ
1757 2575 1879 2647 θείᾳ

295 2671 492 2741 Γραφῇ
517 2668 856 2738 σαφέστατα,
879 2667 988 2722 τῶν
1002 2669 1128 2722 κατ’
1161 2664 1518 2740 ἐπικράτειαν
1547 2662 1687 2720 εἶναι
1718 2668 1776 2720 ὲν
1799 2665 1880 2736 τῷ

301 2761 543 2832 συνθέτῳ
577 2761 919 2832 φαινομένων
938 2775 953 2790 ⁸
987 2761 1082 2815 καὶ
1112 2760 1222 2832 γὰρ
1249 2759 1707 2831 ὡμολογημένως,
1731 2758 1795 2812 ἐκ
1818 2775 1880 2811 τε

298 2854 478 2923 ψυχῆς
524 2854 620 2908 καὶ
684 2851 939 2923 σώματος
998 2851 1115 2906 τῶν
1161 2849 1472 2921 ἀνθρώπων
1527 2849 1880 2903 συνεστώτων

301 2946 544 3009 πάντων,
597 2944 746 3016 ὅμως
799 2944 1025 3022 ήνίκαρ
1087 2945 1230 2999 κατὰ
1287 2944 1520 3016 θάτερον
1574 2944 1740 3014 μέρος
1778 2943 1879 3013 τῆς

303 3037 606 3098 συνθέσεως
649 3037 998 3109 ἐπεκράτησε
1040 3035 1136 3090 τοῦ
1174 3035 1314 3106 βίου,
1346 3036 1440 3090 καὶ
1473 3035 1574 3106 τῆς
1597 3033 1744 3104 ζωῆς
1769 3035 1879 3087 τῶν

299 3123 606 3196 ἀνθρώπων
640 3125 818 3195 λόγος,
847 3127 1064 3198 εἴρηται
1096 3126 1172 3190 ὠς
1192 3126 1252 3179 οὗ
1272 3126 1348 3197 μὴ
1382 3125 1541 3198 μείνῃ
1565 3126 1624 3180 τὸ
1653 3123 1882 3193 Πνεῦμὰ

305 3233 407 3287 μου
428 3219 486 3270 ὲν
517 3220 630 3281 τοῖς
648 3217 955 3287 ἀνθρώποις
982 3217 1212 3282 τούτοις,
1265 3217 1354 3271 διά
1393 3218 1456 3270 τὸ
1507 3212 1647 3270 εἶναι
1681 3217 1881 3280 αὐτοὺς

303 3306 546 3378 σάρκας·
575 3306 680 3360 καί·
709 3321 792 3360 τοι
821 3307 1279 3378 ὡμολογημένως.
1297 3305 1407 3360 ὀὐκ
1459 3305 1684 3376 ἀψύχων
1712 3307 1880 3360 ὄντων

297 3405 409 3456 τῶν
437 3401 714 3476 σαρκικῶς
739 3402 999 3474 βιούντων
1016 3404 1159 3471 τότε,
1185 3403 1302 3458 ἀλλ’
1328 3403 1796 3474 ὲπικρατηθέντος
1815 3406 1880 3474 τῇ

300 3498 464 3568 φύσει
488 3498 587 3567 τῆς
617 3494 846 3567 σαρκός·
888 3495 1080 3550 Ἰακὼϐ
1095 3497 1152 3550 δὲ
1179 3495 1341 3552 πάλιν
1372 3499 1429 3550 ὲν
1457 3503 1498 3550 ο¹
1523 3495 1725 3567 ψυχαῖς
1761 3498 1878 3592 είσ-
1903 3529 1952 3592 c

303 3587 438 3641 ιέναι
473 3588 552 3650 είς
616 3587 714 3659 τὴν
747 3587 1022 3658 Αἴγυπτον
1059 3587 1502 3660 ἀναγέγραπται,
1537 3587 1638 3641 οὐκ
1654 3586 1882 3656 ἀσωμά-

298 3693 408 3744 τως
421 3679 663 3748 δηλονότι
683 3681 786 3749 τὴν
811 3678 1118 3751 παρουσίαν
1140 3683 1322 3735 ἐκεῖσε
1353 3680 1721 3751 ποιησάντων,
1744 3680 1882 3734 ἀλλὰ

299 3772 408 3834 τῶν
446 3773 505 3838 ἐξ
553 3773 745 3826 Ἰακὼϐ
788 3777 856 3844 τῇ
905 3773 1049 3827 κατὰ
1077 3773 1137 3826 τὺ
1168 3774 1422 3843 κρεῖττον
1446 3771 1556 3828 τῶν
1594 3773 1654 3826 ἓν
1679 3773 1759 3844 τῷ
1787 3775 1884 3827 άν-

300 3865 504 3938 θρώπῳ
539 3867 784 3938 πολιτείᾳ
821 3867 1291 3938 μαρτυρουμένων
1312 3884 1326 3898 ο
1353 3865 1459 3932 ἕως
1481 3867 1882 3939 πληθυνθέντες

297 3961 349 4012 oi
375 3959 482 4012 υἱοὶ
515 3957 751 4030 Ἰσραὴλ,
772 3959 980 4028 χυδαῖοι
1023 3960 1274 4027 ἐγένοντο
1291 3975 1306 3990 ·
1333 3959 1540 4014 οὐκοῦν·
1555 3959 1783 4022 δεόντως
1813 3962 1878 4032 τῇ

298 4049 393 4103 τοῦ
417 4049 564 4103 θείου
588 4050 788 4126 μέρους
819 4050 1147 4122 ἐπικρατείᾳ
1174 4049 1340 4114 ὁσίως
1363 4067 1424 4104 τε
1458 4051 1552 4104 καὶ
1575 4054 1688 4114 τοῖς
1713 4052 1880 4122 ἱεροῖς

298 4142 478 4209 λόγοις
514 4141 844 4205 ἀκολούθως.
888 4142 1021 4196 Θεὸν
1046 4143 1139 4196 τὸν
1167 4143 1288 4196 ὅλον
1321 4143 1567 4212 Χριστὸν
1613 4141 1877 4214 ὀνομάζο-

304 4246 437 4302 μενο
465 4229 700 4301 μάλιστα
727 4230 783 4284 δὲ
838 4231 924 4284 ὅτι
963 4233 1060 4285 καὶ
1109 4230 1172 4285 is
1206 4231 1521 4286 ίδικώτατον
1571 4232 1706 4286 Θεοῦ
1735 4249 1878 4302 γνω-

301 4323 584 4394 ριστήριον
612 4325 670 4376 ἐν
700 4323 778 4392 τῷ
807 4324 928 4377 κατ’
947 4324 1114 4377 αὑτὸν
1143 4325 1276 4394 ὅλῳ,
1311 4326 1406 4378 καὶ
1449 4325 1553 4379 οὐκ
1583 4327 1642 4379 ὲν
1671 4323 1748 4397 τῷ
1796 4324 1880 4383 ὲν).

305 4415 464 4483 μόνον
496 4413 652 4484 μέρει
682 4413 1019 4485 θεωρούμεν,
1042 4415 1183 4485 ὅπερ
1221 4414 1340 4467 ἐστὶ
1377 4415 1438 4468 τὸ
1457 4415 1875 4486 ἀναμάρτητονο

292 4505 381 4558 ἔτι
413 4507 519 4575 μὴν
564 4508 659 4559 καὶ
696 4507 878 4560 πᾶσαν
907 4505 1185 4580 θεοπρεπῆ
1235 4508 1436 4579 πρᾶξιν
1479 4511 1539 4564 ἐν
1568 4508 1718 4579 αύτῷ
1772 4507 1878 4578 ὅλῳ

300 4597 662 4667 γινώσκομεν.

371 4689 566 4764 Τρίτον
594 4691 650 4743 δὲ
685 4691 813 4761 ὑμῖν
839 4708 1020 4762 φαμεν
1047 4708 1062 4724 ο
1109 4692 1240 4756 Πῶς
1267 4693 1486 4748 πάντων
1511 4692 1622 4746 τῶν
1670 4692 1879 4764 κυρίων

1977 2295 2177 2366 aliquis
2215 2298 2697 2354 denominationes
2719 2301 3127 2355 contrariorum
3183 2301 3403 2372 rejicit,
3460 2317 3562 2373 pe:

1979 2386 2234 2442 eamdem
2280 2397 2463 2458 potest
2511 2390 2760 2459 proprias
2801 2391 3111 2457 admittere,
3155 2393 3267 2449 nisi
3311 2394 3415 2450 hoc
3460 2409 3562 2463 per

1979 2477 2262 2534 licentiam
2311 2479 2500 2536 faciat.
2552 2481 2812 2537 Secundo
2861 2493 3045 2538 autem
3081 2485 3268 2539 audite
3309 2499 3348 2540 et
3375 2487 3558 2552 nobis,

1979 2570 2442 2638 quemadmodum
2467 2587 2534 2626 ex
2560 2572 2647 2627 bis
2673 2573 2921 2642 partibus
2953 2582 3125 2629 totum
3167 2575 3441 2645 appellare
3469 2588 3561 2630 as-

1979 2661 2231 2714 sueverit
2252 2661 2512 2731 profecto
2533 2663 2833 2734 Scriptura
2866 2665 3076 2730 divina,
3101 2680 3224 2735 qua
3259 2667 3320 2721 in
3339 2681 3564 2738 compo-

1980 2750 2087 2805 sito
2113 2751 2385 2807 dominari
2419 2753 2698 2809 videntur.
2755 2755 2992 2821 Etenim,
3023 2765 3083 2810 ut
3135 2757 3238 2826 ipsi
3289 2758 3558 2824 fatemini,

1979 2854 2046 2893 ex
2077 2840 2258 2895 anima
2281 2851 2338 2896 et
2363 2857 2594 2912 corpore
2615 2859 2740 2898 cum
2777 2859 2968 2900 omnes
3003 2854 3258 2900 constant
3281 2846 3558 2912 homines,

1977 2942 2223 2987 attamen
2251 2935 2473 3004 quando
2492 2935 2548 2988 in
2572 2935 2802 2989 alteram
2831 2937 3120 3005 compositi
3151 2946 3360 3007 partem
3389 2939 3564 2993 domi-

1981 3022 2220 3077 nabatur
2251 3023 2378 3078 vita:
2422 3033 2478 3078 et
2511 3024 2872 3080 auimalitatis
2914 3027 3198 3081 hominum
3258 3030 3398 3084 ratio
3420 3070 3436 3094 ,
3471 3028 3560 3084 di-

1981 3123 2130 3167 ctum
2165 3123 2250 3168 est
2274 3115 2422 3184 quod
2446 3131 2556 3170 non
2590 3125 2808 3171 maneat
2841 3117 3072 3188 spiritus
3103 3134 3262 3174 meus
3285 3119 3343 3174 in
3375 3120 3558 3176 homi-

1982 3203 2146 3258 nibus
2189 3202 2312 3258 istis
2341 3220 2408 3260 eo
2453 3205 2602 3274 quod
2648 3221 2778 3261 caro
2804 3206 2948 3273 sint;
2981 3223 3172 3263 verum
3222 3209 3345 3264 sine
3389 3210 3562 3266 dubio

1982 3311 2092 3350 non
2136 3297 2344 3366 absque
2374 3298 2556 3353 anima
2581 3310 2740 3375 erant
2771 3300 2861 3354 isti
2892 3300 2986 3369 qui
3017 3302 3310 3357 carnaliter
3342 3311 3457 3358 tum
3481 3304 3564 3359 vi-

1982 3387 2202 3452 vebant,
2221 3389 2315 3443 scd
2329 3388 2722 3466 dominabatur
2742 3401 2954 3446 natu-rae
2968 3407 3120 3448 caro.
3137 3393 3308 3448 Jacoh
3336 3409 3560 3465 quoque

1985 3492 2108 3532 cum
2143 3479 2492 3550 septuaginta
2534 3479 2828 3536 animabus
2856 3481 3137 3552 ingressus
3159 3499 3282 3540 esse
3309 3484 3368 3539 in
3393 3483 3560 3556 Egy-

1981 3579 2135 3639 ptum
2159 3571 2423 3625 scribitur
2451 3587 2567 3626 non
2595 3572 2930 3642 incorporati
2959 3577 3253 3644 praesentia
3277 3575 3364 3631 ibi
3390 3577 3562 3646 signi-

1978 3659 2164 3724 ﬁcata,
2213 3662 2308 3718 sed
2351 3662 2590 3717 ﬁliorum
2627 3664 2799 3720 Jacob
2830 3675 2988 3734 parte
3018 3683 3052 3721 e
3073 3666 3290 3722 duabus
3321 3668 3562 3724 hominis

1982 3752 2234 3820 partibus
2277 3753 2507 3809 meliore
2527 3755 2791 3820 indicata,
2839 3757 3147 3826 usquedum
3187 3761 3334 3814 aucti
3367 3760 3462 3815 filii
3487 3762 3563 3818 ls-

1982 3844 2117 3907 rael,
2168 3845 2453 3901 numerosi
2505 3845 2638 3902 facti
2671 3854 2822 3901 sunt.
2855 3847 3028 3918 igitur
3053 3850 3450 3904 convenienter
3491 3866 3562 3907 ex

1981 3934 2183 3989 divina:
2230 3937 2406 4006 partis
2431 3939 2755 4008 praestantia
2786 3941 3048 4012 religioso
3071 3943 3237 3997 modo
3275 3952 3334 3998 et
3388 3945 3560 4002 sacris

1980 4029 2169 4084 verbis
2187 4040 2586 4100 'eonsentaneo,
2607 4033 2785 4089 Deum
2799 4033 3082 4089 Christum
3113 4044 3286 4092 totum
3321 4039 3561 4109 appella-

1980 4134 2106 4174 mus
2131 4137 2146 4185 ;
2175 4121 2482 4192 praesertim
2517 4122 2644 4192 quia
2694 4123 2982 4194 proprium
3013 4126 3249 4182 maxime
3280 4128 3377 4183 Dei
3397 4130 3561 4184 attri-

1979 4209 2176 4263 butum
2205 4209 2261 4265 in
2292 4219 2411 4265 toto
2431 4211 2673 4278 Christo,
2696 4221 2754 4268 et
2786 4209 2895 4269 non
2928 4214 2985 4269 in
3016 4231 3125 4271 una
3151 4224 3368 4272 tantum
3400 4230 3560 4290 parte

1978 4299 2282 4362 cernimus.
2327 4301 2477 4370 quod
2526 4309 2616 4358 est
2647 4301 3114 4372 impeccabilitas;
3163 4306 3349 4363 adhuc
3393 4310 3556 4364 etiam

1978 4404 2199 4445 omnem
2226 4389 2428 4446 divinae
2472 4393 2898 4449 convenientem
2938 4403 3156 4451 natura
3187 4397 3466 4453 actionem
3495 4399 3553 4454 in

1977 4481 2086 4537 hoc
2125 4490 2242 4538 toto
2263 4483 2632 4554 agnoscimus.

2050 4699 2238 4754 Tertio
2265 4709 2448 4757 autem
2477 4700 2638 4757 vobis
2673 4702 2918 4760 dicimus
2937 4723 2950 4758 :
2968 4703 3258 4772 Quomodo
3283 4723 3412 4763 cum
3437 4724 3554 4765 om-

297 4781 598 4849 ὀνομάτων,
635 4780 870 4851 μάλιστα
895 4782 1004 4835 τῶν
1032 4782 1370 4854 φερωνύμως
1409 4785 1702 4854 κειμένων,
1729 4781 1880 4852 ἰδικῷ

1981 4790 2072 4844 nia
2107 4791 2328 4860 propria
2361 4790 2477 4846 sint
2513 4792 2761 4857 nomina,
2793 4797 3102 4864 praesertim
3138 4809 3259 4868 quae
3285 4799 3554 4869 sign-inca-

300 4889 404 4926 τινι
437 4873 783 4943 γνωρίσματι
819 4873 972 4944 παρὰ
1008 4875 1135 4940 τοὺς
1187 4874 1409 4940 λοιποὺς
1446 4875 1555 4929 τῶν
1613 4875 1873 4947 ὁμοειδῶν

1981 4881 2089 4935 tive
2119 4895 2430 4947 versantur,
2455 4884 2786 4952 particulare
2809 4894 2865 4940 et
2886 4887 3258 4956 praescindens
3285 4890 3434 4946 inter
3463 4907 3548 4948 re-

300 4965 394 5018 καὶ
447 4963 849 5036 ὑπεξῃρημένῳ
890 4966 1330 5037 σημαινομένων,
1363 4967 1450 5020 ἵνα
1503 4967 1680 5030 οὕτως
1703 4969 1875 5022 νοοῖτο

1981 4973 2158 5042 liquas
2188 4973 2397 5028 similes
2427 4991 2694 5044 personas
2725 4976 2995 5032 indicium
3026 4979 3367 5049 exhibentia;
3394 4983 3468 5038 ita
3496 4995 3554 5040 ut

301 5057 421 5110 κατ’
458 5056 590 5112 αὐτὸ
626 5057 686 5110 τὸ
726 5057 1017 5127 πρόσωπον
1042 5058 1226 5122 ίδικῶς
1244 5053 1304 5114 οὗ
1329 5061 1477 5113 εστιν
1499 5061 1534 5132 ή
1565 5060 1757 5130 κλῆσις
1779 5059 1874 5113 τοῦ

1981 5064 2061 5118 sic
2093 5064 2430 5134 intelligatur
2453 5065 2510 5120 in
2541 5066 2690 5122 illam
2725 5067 2896 5138 ipsam
2925 5086 3218 5140 personam
3249 5073 3408 5143 cujus
3426 5090 3556 5144 pro-

299 5148 584 5219 ὀνόματος,
603 5139 1023 5220 ἀνθρωποτόκον
1037 5148 1217 5218 λέγειν
1241 5149 1340 5220 τὴν
1362 5150 1637 5222 Παρθένον
1665 5151 1763 5221 τὴν
1779 5150 1872 5204 τοῦ

1983 5155 2164 5224 prium
2193 5165 2300 5220 est,
2355 5157 2598 5213 nominis
2635 5159 2958 5229 appellatio,
2996 5161 3237 5218 hominis
3267 5174 3552 5234 parentem

295 5239 436 5293 Θεοῦ
459 5240 635 5308 Λόγου
661 5239 960 5312 γενομένην
985 5241 1218 5311 Μητέρα
1242 5241 1498 5311 βούλεσθε
1522 5261 1537 5310 ;
1573 5244 1730 5298 Πᾶσα
1769 5241 1878 5313 γὰρ

302 5332 397 5385 καὶ
435 5334 597 5400 ἑτέρα
617 5333 855 5386 τεκοῦσα
883 5334 940 5386 ὲν
971 5331 1282 5406 ἀνθρώποις
1332 5335 1489 5407 γυνὴ,
1524 5334 1602 5406 τῷ
1648 5335 1878 5407 ὀνόματι

299 5423 474 5495 τούτῳ
527 5425 992 5497 προσαγορεύεταί
1029 5442 1091 5478 τε
1137 5427 1231 5480 καὶ
1280 5427 1630 5498 σημαίνεται.
1659 5429 1733 5482 Οὐ
1767 5431 1877 5501 γάρ

301 5512 459 5566 τοῦτο
484 5513 665 5582 ίδικῆς
694 5530 861 5576 τινος.
893 5515 1029 5569 ἀλλὰ
1067 5516 1251 5585 πάσης
1293 5517 1554 5583 γυναικὸς
1587 5517 1872 5588 ὀνομασία.

305 5602 428 5664 Πῶς
459 5597 552 5655 οὖν
585 5601 738 5654 ἔσται
775 5602 964 5673 κύριον
997 5607 1099 5675 τῆς
1125 5605 1438 5675 Παρθένους
1487 5607 1734 5669 Ἰδιάζειν
1767 5609 1876 5679 γὰρ

301 5695 382 5748 δεῖ
403 5696 472 5748 τά
507 5693 616 5746 τῶν
656 5694 1039 5748 ύποστάσεωψ
1074 5697 1167 5750 καὶ
1213 5699 1332 5761 πῶς
1372 5715 1426 5750 τι
1477 5698 1643 5769 αὐτὴν
1688 5701 1752 5754 ὲκ
1779 5701 1874 5754 τοῦ

302 5785 486 5840 κοινοῦ
545 5785 968 5856 προσαγορεύων
1005 5787 1308 5858 ὀνόματος,
1363 5789 1548 5853 ίδικῶς
1594 5791 1872 5862 σημαίνει,

301 5877 494 5948 ὥσπερ
510 5878 669 5930 εἴωθε
682 5879 750 5931 τὰ
767 5877 1104 5931 καθέκαστον
1120 5881 1360 5951 ὀνόματα
1380 5881 1575 5953 δηλοῦν
1596 5883 1686 5936 civ
1707 5884 1873 5952 Ssiva;

303 5973 366 6028 Εί
419 5971 530 6044 γὰρ
563 5971 659 6027 καὶ
706 5971 781 6034 ὡς
831 5970 1082 6025 ἐπίθετον
1132 5973 1384 6045 ληφθείη,
1439 5975 1555 6028 ἀλλ’
1603 5977 1680 6042 ὡς
1709 5978 1874 6034 ίὸικόν

698 6064 968 6126 Panos.
1015 6063 1133 6125 Gn.
1179 6067 1526 6132 LXXXVI.

1985 5245 2173 5301 dicere
2200 5247 2480 5318 Virginem
2507 5249 2606 5304 Dei
2628 5251 2795 5305 Verbi
2828 5251 3054 5306 Matrem
3079 5253 3280 5309 factam
3321 5265 3556 5313 conten-

1986 5334 2380 5394 ditis?Omn-is
2427 5338 2576 5392 enim
2623 5347 2681 5395 et
2720 5339 2826 5395 alia
2867 5343 3088 5411 pariens
3120 5343 3266 5399 inter
3296 5345 3556 5404 homines

1987 5429 2206 5492 mulier,
2233 5417 2338 5484 hoc
2367 5429 2563 5484 eodem
2599 5432 2822 5487 nomine
2855 5433 3061 5488 dicitur
3093 5444 3151 5490 et
3179 5436 3554 5508 signiﬁcatur;

1986 5535 2111 5573 nam
2141 5521 2375 5592 alicujus
2416 5523 2766 5592 particularis
2810 5539 2922 5579 non
2951 5533 3055 5591 est,
3094 5528 3192 5584 sed
3218 5531 3401 5586 omnis
3431 5547 3557 5586 mu-

1981 5610 2136 5667 lieris
2187 5613 2653 5682 appellatiozcur
2705 5631 2816 5670 non
2869 5617 2977 5672 erit
3009 5620 3230 5691 propria
3277 5623 3560 5694 Virginis?

1982 5702 2327 5775 Distinguere
2346 5706 2492 5760 enim
2515 5716 2732 5776 Oportet
2751 5725 2871 5779 qua:
2887 5711 3240 5780 pertinentad
3259 5715 3564 5770 subsisten-

1986 5796 2108 5859 tias,
2137 5806 2194 5851 et
2220 5798 2498 5867 quomodo
2545 5800 2772 5870 aliquid,
2830 5803 2972 5858 hanc
2997 5806 3279 5858 communi
3333 5808 3559 5864 nomine

1983 5891 2285 5960 appellans,
2325 5892 2736 5960 particulariter
2761 5896 3054 5966 signiﬁcat,
3097 5900 3241 5952 sicut
3281 5913 3560 5956 assuetum

1985 5991 2069 6037 est
2115 5983 2328 6052 singula
2370 5985 2594 6041 nomina
2645 5989 2807 6042 talem
2841 5992 3133 6059 quemdam
3184 5989 3427 6048 indicare
3452 5994 3474 6048 ?
3503 5995 3558 6048 Si

3114 6083 3192 6143 55
