4006 6516
527 506 658 570 1ῗοῖ

1794 510 2098 572 LEONTII
2147 509 2548 572 DYZAN'I‘INI

3659 504 3798 568 1708

466 629 475 642 ‘
518 616 670 670 enim
724 622 785 669 ut
839 613 1148 686 epithetum
1208 615 1472 678 sumitur.
1526 615 1623 671 sed
1691 625 1751 672 ut
1798 617 2114 688 epithetum

2217 617 2470 671 ἐπίθετον
2501 614 2886 684 άντίστρέφειν
2912 611 2994 667 δεῖ
3024 611 3164 685 πρὸς
3192 609 3256 666 τὸ
3286 609 3661 682 ὑποκείμενον
3689 615 3802 666 τῶν

520 705 814 778 proprium
847 706 1028 762 averti
1069 706 1238 762 debet
1289 723 1321 762 a
1393 707 1559 762 solito
1640 707 1928 763 nominum
1979 724 2106 764 usu.

520 795 612 851 Sic
639 796 788 852 enim
833 796 1017 867 agitur
1066 797 1122 851 in
1169 797 1256 852 his
1300 812 1425 868 quas
1457 795 1570 852 duo
1616 795 1838 853 nomina
1876 795 2105 863 habent,

521 887 741 943 duobus
768 889 1090 944 nominibus
1119 887 1188 943 ad
1225 904 1390 944 unam
1423 903 1715 959 personam
1763 889 1987 959 proprie
2015 904 2110 944 or-

520 979 744 1044 dinatis;
782 986 842 1032 ut
864 979 946 1034 sol
977 988 1036 1034 et
1080 978 1370 1050 hyperion,
1413 978 1782 1050 plenilunium
1824 989 1882 1035 et
1923 981 2056 1036 luna
2091 997 2106 1035 :

519 1086 631 1124 nou
674 1072 822 1124 enim
869 1069 925 1124 in
959 1069 1097 1147 aliis.
1117 1069 1234 1124 haec
1265 1069 1507 1139 epitheta
1563 1079 1621 1124 ut
1657 1069 1971 1126 communia
2017 1086 2112 1127 su-

519 1160 720 1216 menda
749 1170 900 1215 sunt.
936 1161 1007 1216 Ut
1049 1169 1234 1216 autem
1273 1162 1479 1217 clarius
1509 1162 1825 1232 loquamur,
1867 1162 2112 1219 hominis

521 1262 697 1308 mater
721 1261 779 1308 et
810 1253 905 1307 Dei
934 1252 1132 1319 Mater,
1161 1253 1382 1308 nomina
1411 1262 1540 1308 sunt
1564 1253 1810 1323 epitheta
1843 1269 2112 1324 persona-

443 1371 446 1374 ~
524 1359 682 1410 rum;
709 1343 955 1414 epitheta
985 1354 1193 1410 autem,
1235 1353 1330 1399 aut
1354 1345 1668 1401 communia
1693 1355 1843 1412 sunt,
1881 1356 1943 1403 ut
1975 1347 2110 1403 Phi-

521 1436 739 1505 lopator
767 1435 1116 1500 Ptolemaeus,
1158 1443 1215 1490 et
1246 1435 1660 1506 Philadelphus,
1703 1437 1875 1502 alter;
1905 1438 2110 1493 elenim

523 1527 619 1580 alii
650 1526 861 1583 similes
909 1527 1019 1582 illis
1043 1526 1172 1582 facti
1217 1537 1348 1583 sunt
1379 1539 1436 1584 et
1465 1527 1682 1584 fuerant
1737 1529 2114 1600 philopalores

523 1633 582 1674 et
608 1619 977 1690 Philadelphi,
1026 1627 1083 1675 et
1114 1619 1259 1675 forte
1281 1635 1506 1687 omnes;
1545 1629 1642 1676 aut
1693 1621 1913 1692 propria
1960 1632 2112 1688 sunt,

525 1722 585 1765 ut
609 1713 727 1766 sine
758 1719 941 1767 matre
972 1720 1134 1767 natus
1177 1712 1329 1768 solus
1373 1711 1568 1776 Adam,
1617 1723 1674 1768 et
1708 1727 1862 1767 coma
1899 1714 2114 1769 validus

523 1802 675 1858 solus
704 1801 957 1864 Samson,
989 1810 1191 1870 praeter
1219 1815 1414 1858 omnes
1444 1801 1693 1871 ejusdem
1728 1809 1958 1857 naturae.
1988 1802 2117 1872 Epi-

2209 705 2492 777 ὀνομάτων
2511 719 2527 735 ο
2585 703 2732 758 οὕτω
2770 703 2879 774 γὰρ
2910 701 3024 774 ἔχει
3071 702 3168 757 καὶ
3205 700 3303 756 ἐπὶ
3331 699 3442 756 τῶν
3479 699 3800 771 δωνῦμων,

2207 799 2302 852 δύο
2331 798 2614 870 ὀνομάτων
2641 796 2764 852 καθ’
2787 796 2846 850 ἓν
2865 794 3159 868 προσώπου
3177 794 3386 866 κυρίως
3413 793 3799 864 τεταγμένων,

2205 890 2285 953 ὡς
2317 889 2470 961 ἣλιος
2503 891 2534 942 ό
2570 890 2665 943 καὶ
2687 887 2951 958 ὑπερίων,
2979 888 3073 940 καὶ
3095 885 3376 957 διχομηνὶς
3398 887 3434 955 ἡ
3462 884 3672 956 σελήνη
3697 901 3713 917 ο
3738 885 3801 937 οὐ

2212 978 2322 1051 γάρ
2353 981 2470 1033 ἐστι
2498 981 2595 1033 καὶ
2648 979 2744 1033 ἐπὶ
2772 978 2980 1050 ἑτέρων
3007 977 3133 1032 τάδε
3161 978 3231 1031 τά
3256 976 3480 1030 ἐπίθετα
3507 976 3586 1039 ὡς
3643 975 3805 1028 κοινά
3843 1032 3855 1051 ι

2208 1073 2420 1128 λαϐεῖν.
2479 1071 2825 1143 Σαφέστερον
2856 1073 2914 1130 δὲ
2943 1073 3141 1134 εἰπεῖν,
3169 1070 3229 1123 τὸ
3257 1069 3684 1140 ἀνθρωποτόκος
3707 1070 3804 1122 καὶ

2210 1165 2501 1232 Θεοτόκος,
2535 1164 2781 1236 ὀνόματά
2827 1166 2963 1220 εἰσιν
3001 1162 3233 1218 ξπίθετα
3261 1160 3581 1232 προσώποις
3601 1176 3617 1190 ο
3649 1159 3724 1214 τά
3745 1160 3803 1214 δὲ

2211 1259 2461 1322 ἐπίθετα,
2488 1257 2523 1330 ἢ
2547 1256 2706 1312 κοινά
2727 1257 2900 1323 ἐστιν,
2930 1255 3008 1319 ὡς
3037 1253 3361 1324 φιλοπάτωρ
3379 1255 3408 1307 ό
3429 1253 3802 1322 Πτολεμαῖος,

2211 1352 2308 1407 καὶ
2339 1349 2663 1422 φιλάδελφος
2684 1349 2874 1420 ἕτερος
2893 1362 2908 1379 ο
2935 1347 3032 1402 καὶ
3055 1345 3166 1417 γὰρ
3181 1345 3278 1400 καὶ
3301 1343 3452 1400 ἄλλοι
3472 1345 3586 1398 τῶν
3615 1345 3808 1414 ὁμοει-

2211 1444 2320 1499 δῶν
2343 1443 2530 1508 αὐτοῖς
2561 1441 2822 1512 γεγόνασι
2859 1440 2953 1496 καὶ
2979 1434 3091 1494 εἷεν
3125 1437 3487 1509 φιλοπάτορες
3516 1436 3616 1490 καὶ
3681 1436 3804 1506 φιλ-

2220 1535 2464 1605 άδελφοι,
2494 1535 2593 1589 καὶ
2621 1533 2810 1604 σχεδὸν
2845 1533 3049 1596 πάντες
3067 1545 3082 1562 ⁸
3113 1529 3148 1602 ἢ
3183 1529 3325 1586 ἰδικά
3354 1530 3527 1593 ἐστιν,
3555 1526 3638 1591 ώς
3660 1528 3805 1598 άμηο

2213 1623 2478 1694 τρογενὴς
2509 1621 2670 1694 μόνος
2698 1621 2727 1675 ό
2767 1620 2940 1690 Ἀδὰμ
2959 1635 2974 1650 ⁸
3000 1618 3094 1676 καὶ
3121 1616 3472 1690 τριχοσθενὴς
3498 1620 3528 1670 ὁ
3557 1616 3808 1686 Σαμψὼν

2219 1715 2401 1787 μόνος,
2453 1715 2608 1788 παρὰ
2656 1714 2783 1780 τοὺς
2825 1715 3086 1784 ὁμοφυεῖς
3110 1712 3354 1774 πάντας’
3385 1708 3448 1764 τὸ
3481 1709 3543 1762 δὲ
3586 1709 3808 1775 ἀνθρωο

2218 1808 2448 1870 ποτόκος
2479 1805 2733 1861 ἐπίθετον
2770 1804 2964 1876 ὄνομα,
2991 1803 3069 1868 ὡς
3115 1802 3215 1874 μὲν
3252 1802 3419 1856 ίδικδν
3449 1801 3553 1854 οὐκ
3586 1801 3661 1854 ἃν
3716 1800 3807 1853 λέ.

527 1893 738 1947 thetum
764 1901 948 1948 autem
976 1906 1175 1946 nomen
1209 1891 1452 1947 hominis
1478 1891 1690 1951 matris.
1724 1900 1786 1946 ut
1829 1893 2111 1963 proprium

2218 1915 2371 1968 γοιτο
2431 1899 2574 1952 κατὰ
2638 1898 2739 1968 τῆς
2793 1896 3067 1968 ἀχράντου
3118 1893 3422 1966 Παρθένου,
3452 1892 3678 1964 μυρίων
3714 1894 3811 1949 καὶ

524 2000 635 2040 non
670 1984 950 2040 diceretur
994 1983 1049 2038 in
1097 1984 1447 2040 immaculata
1488 1984 1734 2056 Virgine,
1781 1985 1953 2040 multa
1981 1985 2114 2040 alia-

2221 1966 2426 2060 ἐτέρων
2454 1989 2632 2044 οὐσῶν
2669 1966 3114 2066 ,άνθρωποτόκων
3143 1986 3421 2056 γυναικῶν
3453 1985 3668 2057 δηλαδή
3687 2001 3703 2016 ·
3734 1985 3810 2049 ώς

527 2094 649 2133 rum
677 2079 850 2133 millia
877 2094 1003 2134 cum
1029 2079 1140 2135 sint
1163 2079 1460 2140 mulierum
1486 2079 1727 2134 hominis
1753 2089 2026 2146 matrum;
2061 2090 2114 2136 ut

2218 2084 2274 2138 δὲ
2297 2083 2478 2138 κοινὸν
2506 2083 2556 2136 εί
2583 2085 2656 2155 φῇ
2688 2100 2772 2146 τις
2798 2080 2933 2136 αὐτὸ
2962 2082 3058 2136 καὶ
3091 2080 3211 2135 κατ’
3233 2080 3406 2149 αὐτῆς
3436 2079 3514 2144 ὡς
3541 2079 3644 2133 καὶ
3685 2080 3813 2134 καθ’

525 2185 818 2227 commune
839 2179 1024 2226 autem
1049 2171 1095 2226 si
1131 2171 1260 2241 quis
1289 2170 1425 2228 illud
1455 2169 1659 2227 dixerit
1685 2179 1742 2226 et
1775 2171 1830 2226 in
1861 2172 1952 2227 illa
1975 2171 2114 2227 sicut

2218 2174 2444 2246 ἑτέρων,
2480 2174 2641 2246 εἰπερ
2662 2172 2881 2245 άληθῶς
2907 2171 3063 2226 ἔσται
3093 2171 3299 2237 κοινὸν,
3329 2171 3475 2226 κατὰ
3513 2172 3610 2224 τὸν
3642 2172 3813 2225 αὑτὸν

527 2264 583 2319 in
612 2263 848 2328 casteria,
905 2262 1182 2332 siquidem
1227 2277 1362 2319 vere
1418 2277 1714 2319 commune
1770 2263 1864 2327 sit,
1919 2262 2114 2318 eodem

2222 2266 2423 2335 τρόπον
2441 2267 2502 2318 ὲν
2530 2267 2698 2319 πᾶσιν
2717 2259 2800 2330 οἷς
2826 2263 3124 2326 ἐπίκειται,
3143 2263 3228 2318 δεῖ
3249 2263 3382 2318 αὐτὸ
3411 2263 3812 2334 ὀνομάζεσθαι,

528 2355 694 2411 modo
716 2357 772 2411 in
794 2355 1053 2410 omnibus
1078 2353 1133 2408 in
1157 2353 1367 2424 quibus
1389 2352 1705 2419 adhibetur,
1732 2361 1950 2423 oportet
1981 2353 2114 2409 illud

2217 2357 2314 2412 καὶ
2357 2357 2420 2410 τδ
2459 2356 2592 2412 αὐτὸ
2651 2358 2886 2428 πρᾶγμα
2930 2355 3192 2418 ὡσαύτως
3219 2352 3398 2426 πάντη
3447 2355 3595 2410 κατὰ
3626 2356 3817 2411 πάντα

527 2448 826 2518 appellari,
873 2455 932 2502 et
958 2445 1208 2502 eamdem
1235 2459 1353 2501 rem
1408 2445 1526 2515 pari
1571 2444 1734 2501 modo
1777 2445 2008 2502 omnino
2061 2453 2120 2501 et

527 2553 747 2609 semper
776 2538 1106 2610 signiﬁcare.
1132 2535 1252 2592 Non
1274 2536 1423 2592 enim
1469 2551 1770 2608 synonyma
1811 2545 1945 2595 sunt
1969 2553 2119 2609 quae-

531 2631 681 2696 dam,
709 2646 837 2686 cum
868 2646 980 2686 non
1013 2629 1330 2687 communia
1358 2629 1473 2685 sint
1500 2629 1710 2685 nomini
1740 2638 1798 2686 et
1826 2630 1908 2685 rei
1937 2629 2118 2685 nomi-

528 2724 617 2780 nis
640 2738 841 2780 causa.
882 2723 979 2780 Vel
1015 2722 1182 2794 igitur
1224 2729 1450 2777 caeteras
1491 2721 1756 2778 mulieres
1771 2737 1983 2789 omnes,
2017 2722 2117 2778 ho-

529 2817 695 2872 minis
720 2826 922 2873 matres
945 2831 1072 2872 cum
1118 2815 1210 2870 illa
1259 2813 1460 2880 dictas,
1490 2823 1548 2869 et
1592 2814 1741 2884 ipsas
1781 2830 2008 2871 necesse
2031 2824 2117 2871 est

522 2908 663 2964 deos
704 2907 955 2963 homines
1007 2906 1224 2977 aliquos
1261 2920 1457 2976 parere
1497 2902 1722 2961 Christo
1775 2906 2010 2972 similes,
2056 2915 2118 2962 ut

530 3000 678 3056 illam
700 3015 767 3054 ex
802 3009 956 3069 parte
989 2999 1136 3068 ipsas
1161 2999 1353 3060 etiam,
1384 3005 1442 3054 et
1487 3014 1598 3054 non
1636 3014 1704 3053 ex
1759 3006 1880 3053 toto
1907 2998 1983 3053 ita
2013 3013 2110 3068 ap-

531 3091 753 3161 pellari;
799 3091 886 3144 vel
913 3089 1058 3144 illam
1087 3089 1260 3145 Deum
1295 3087 1574 3142 hominem
1602 3103 1823 3159 parere,
1852 3104 1964 3143 non
2017 3103 2117 3142 au-

536 3189 645 3234 tem
681 3194 748 3234 ex
771 3187 926 3250 parte
955 3177 1050 3234 sed
1082 3193 1150 3234 ex
1183 3187 1296 3233 toto
1327 3178 1402 3233 ita
1433 3177 1719 3248 appellari,
1763 3186 1895 3248 puta
1933 3176 2114 3234 homi-

531 3272 620 3327 nis
646 3280 962 3342 parentem;
992 3271 1038 3326 si
1073 3285 1184 3326 non
1204 3278 1388 3326 autem
1417 3271 1509 3325 illa
1541 3277 1624 3326 ex'
1650 3277 1768 3325 toto
1794 3285 1976 3340 neque
1994 3270 2114 3324 istae

531 3381 597 3419 ex
627 3374 784 3435 parte
827 3362 1144 3418 dicerentur
1193 3361 1436 3418 hominis
1463 3371 1740 3432 parentes.
1780 3345 1892 3418 Sed
1925 3376 2107 3432 neque

533 3457 626 3511 illa
669 3470 882 3510 merum
923 3455 1137 3525 peperit
1171 3454 1487 3520 hominem,
1540 3469 1727 3524 neque
1776 3454 1896 3509 ista:
1932 3453 2109 3508 Deum

532 3552 837 3616 hominem,
869 3565 1113 3620 unquam
1156 3557 1518 3621 pepererunt,
1573 3549 1850 3620 quomodo
1893 3549 2002 3604 erit
2051 3549 2110 3604 in

532 3645 645 3701 illis
677 3643 1048 3699 communiter
1083 3641 1326 3698 hominis
1363 3634 1613 3712 parentis
1644 3656 1848 3696 nomen
1899 3640 2110 3696 adhihio

535 3746 651 3791 tum
673 3733 1002 3804 iSiquidem
1030 3733 1216 3803 agitur
1250 3748 1431 3802 neque
1463 3732 1596 3788 huic
1625 3732 1828 3804 reginae
1864 3733 2111 3803 pr0prie,

533 3841 714 3896 neque
739 3825 1114 3882 communiter
1139 3825 1406 3895 appellari
1433 3825 1692 3880 convenit
1731 3825 1838 3880 hoe
1865 3826 2110 3891 nomine,

553 3916 816 3972 stendum
855 3925 941 3972 est
987 3913 1139 3986 quod
1195 3915 1347 3970 nulla
1401 3916 1616 3972 ratione
1645 3915 1888 3974 hominis
1914 3930 2114 3986 parens

533 4023 664 4063 vere
695 4007 805 4063 dici
849 4007 1025 4078 possit
1062 4017 1252 4064 sancta
1284 4007 1383 4064 Dei
1406 4008 1632 4066 Parens.
1660 4009 1815 4066 Illius
1847 4023 1974 4064 cum
2020 4023 2114 4064 so-

533 4101 646 4154 lum
677 4099 1010 4170 particulare
1038 4114 1241 4155 nomen
1270 4100 1344 4155 sit
1376 4099 1528 4170 quod
1565 4117 1635 4155 ex
1661 4112 1822 4170 parte
1847 4109 1954 4166 est,
2002 4116 2114 4156 non

533 4198 752 4246 vetatur
777 4190 911 4260 quin
935 4199 1032 4244 aut
1060 4206 1160 4244 cur
1182 4190 1238 4244 in
1271 4190 1516 4246 nominis
1541 4190 1960 4246 similitudinem
1987 4205 2114 4246 cum

532 4281 639 4336 alia
661 4280 805 4336 inter
835 4280 1100 4335 mulieres
1125 4296 1238 4334 non
1263 4281 1577 4348 incurrens,
1601 4280 1674 4336 ob
1703 4280 1760 4336 id
1792 4280 1852 4336 in
1875 4280 2118 4336 hominis

533 4371 780 4440 parentis
798 4372 1023 4426 nomine
1064 4370 1418 4427 ostendatur.

603 4461 712 4518 Sed
747 4471 803 4518 et
822 4463 876 4517 id
908 4462 1076 4535 igitur
1130 4463 1533 4520 observandum
1581 4474 1670 4522 est
1713 4465 1916 4531 adhuc,
1965 4468 2115 4539 quod

532 4554 578 4609 si
630 4569 992 4625 personarum
1061 4557 1287 4612 nomina
1341 4559 1622 4629 propriam
1701 4559 2118 4616 subsistentiam

2216 2445 2536 2519 σημαίνειν·
2573 2446 2636 2500 οὐ
2671 2445 2778 2516 γὰρ
2807 2442 3099 2516 συνώνυμα
3129 2443 3283 2498 ἔσται
3313 2443 3458 2511 τινὰ,
3493 2446 3575 2516 μὴ
3603 2463 3812 2500 κοινω-

2215 2538 2413 2594 νοῦντα
2434 2537 2512 2611 τῷ
2537 2555 2598 2592 τε
2619 2538 2847 2608 ὀνόματι
2869 2538 2966 2593 καὶ
2988 2537 3068 2610 τῷ
3091 2537 3383 2609 πράγματι
3411 2535 3492 2607 τῷ
3518 2537 3696 2604 αἰτίῳ
3715 2535 3814 2591 τοῦ

2213 2631 2501 2703 ὀνόματος.
2543 2632 2611 2686 Ἦ
2648 2627 2742 2685 οὖν
2774 2630 2870 2686 καὶ
2912 2631 3012 2694 τὰς
3041 2629 3239 2694 λοιπὰς
3279 2631 3551 2700 γυναῖκας
3595 2630 3809 2694 πάσας,

2215 2721 2674 2793 ἀνθρωποτόκους
2739 2721 2836 2776 σὺν
2899 2721 3038 2793 αὐτῇ
3089 2720 3424 2790 λεγομένας,
3475 2719 3580 2775 καὶ
3635 2720 3814 2784 αὐτὰς

2215 2815 2432 2886 ἀνάγκη
2463 2813 2853 2888 θεανθρώπους
2893 2815 3046 2878 τινας
3093 2817 3301 2869 τεκεῖν.
3334 2812 3476 2870 κατὰ
3538 2814 3813 2884 Χριστὸν,

2215 2906 2407 2979 ὥσπερ
2445 2905 2586 2978 αὕτη
2641 2905 2754 2962 ἀπὸ
2807 2907 3012 2977 μέρους
3048 2922 3114 2964 τε
3145 2906 3242 2961 καὶ
3267 2905 3460 2972 αὑτὰς,
3491 2907 3718 2962 καὶούκ
3745 2910 3813 2962 ὲκ

2213 2997 2310 3052 τοῦ
2347 2999 2470 3054 ὅλου
2503 2999 2679 3062 οὕτως
2703 2985 3093 3070 ὀνομάζεσθαί
3120 2996 3156 3068 ἢ
3193 2997 3333 3069 μηδὲ
3387 2997 3550 3070 τήνδε
3582 2997 3814 3053 σύνθεόν

2215 3105 2338 3144 τινα
2399 3091 2580 3144 τεκεῖν
2627 3088 2938 3161 ἄνθρωπον,
2989 3087 3126 3160 me:
3165 3086 3276 3143 ἀπὸ
3323 3087 3556 3160 μέρουςο
3592 3086 3715 3142 ἀλλ’
3742 3089 3816 3142 εκ

2214 3181 2310 3236 τοῦ
2341 3180 2466 3236 ὅλου
2507 3180 2683 3245 οὕτως
2717 3179 3105 3250 ὀνομάζεσθαι,
3145 3177 3315 3249 ἧγρυν
3351 3177 3810 3249 ἁνθρωποτόκον·

2215 3277 2266 3330 εί
2301 3275 2360 3330 δὲ
2389 3274 2524 3346 μηδὲ
2580 3273 2723 3342 αὕτη
2772 3272 2832 3338 ἐξ
2891 3271 3038 3336 ὅλου,
3099 3272 3234 3343 μηδὲ
3277 3273 3481 3325 ἐκεῖναι
3510 3271 3580 3324 ἐκ
3603 3270 3813 3342 μέρους

2213 3370 2459 3440 εἴρηνται
2506 3367 2914 3438 άνθρωποτόκοι
2941 3380 2955 3394 ·
2987 3363 3102 3418 ἀλλ’
3130 3362 3258 3417 οὔτε
3291 3362 3433 3434 αὕτη
3459 3363 3622 3432 ψιλὸν
3649 3363 3813 3416 τέτο-

2211 3478 2306 3516 κεν
2332 3460 2644 3530 ἄνθρωπον,
2670 3458 2799 3513 οὔτε
2832 3459 3037 3512 ἐκεῖναι
3072 3453 3294 3510 σύνθεον
3344 3455 3570 3509 πώποτε
3602 3471 3806 3524 γεγεν-

2211 3552 2429 3622 νήκασι,
2454 3549 2573 3616 πῶς
2597 3549 2750 3604 ἔσται
2775 3549 2835 3604 ἐν
2855 3548 3047 3612 αὐταῖς
3075 3546 3272 3612 κοινῶς
3301 3545 3363 3600 τὺ
3383 3546 3813 3618 ἀνθρωποτόιως
3924 3601 3936 3610 ,

2211 3642 2386 3713 ὄνομα
2415 3642 2706 3712 κείμενον;
2741 3639 2939 3695 οὐκοῦν
2985 3639 3244 3713 ἐπείπερ,
3286 3639 3429 3710 μήτε
3488 3637 3684 3703 ἱδικῶς
3738 3643 3810 3708 τῇ

2211 3734 2504 3808 Δεσποίνῃ,
2567 3734 2706 3806 μηδὲ
2735 3734 2932 3799 κοινῶς
2959 3731 3326 3804 ὀνομάζεσθαι
3354 3731 3571 3802 ἥρμοσε
3598 3731 3726 3785 τόδε
3748 3731 3814 3785 τὺ

2211 3829 2405 3900 ὄνομα,
2435 3827 2786 3898 ὡμολόγηται
2819 3826 2894 3890 ώς
2925 3826 3048 3881 κατ’
3077 3825 3272 3880 οὐδένα
3305 3824 3466 3893 λόγον
3507 3823 3812 3896 ἀνθρωπο-

2212 3921 2372 3986 τόκος
2394 3920 2614 3993 ἀληθῶς
2650 3921 2716 3977 ἂν
2735 3919 2952 3990 λέγοιτο
2980 3921 3016 3990 ἡ
3053 3918 3187 3989 ἁγία
3218 3917 3482 3982 Θεοτόκος
3501 3933 3518 3948 '
3543 3917 3726 3988 αὐτῆς
3749 3916 3810 3970 ὃν

2218 4015 2380 4084 μόνον
2419 4013 2605 4078 ίδικῶς
2625 4013 2687 4067 τδ
2714 4012 2888 4083 ὄνομα
2923 4010 2986 4068 τὸ
3034 4011 3100 4067 ὲκ
3147 4009 3352 4082 μέρους
3381 4009 3445 4064 οὗ
3468 4008 3807 4070 κεκώλυται,

2217 4105 2336 4170 πῶς
2363 4105 2398 4179 ἢ
2425 4103 2590 4160 πόθεν
2618 4105 2699 4168 εἰς
2731 4101 3056 4175 ὁμωνυμίαν
3106 4101 3234 4161 τινὰ
3281 4099 3422 4173 πρὸς
3468 4101 3675 4174 ἑτέραν
3702 4101 3809 4155 τῶν

2215 4196 2496 4266 γυναικῶν
2551 4197 2653 4253 οὐκ
2692 4195 3092 4267 ἑκπιπτούσης,
3142 4192 3288 4252 κατά
3309 4193 3431 4255 τόδε
3459 4193 3540 4258 ὡς
3584 4195 3688 4251 ἐπὶ
3717 4194 3806 4249 τοῦ

2216 4290 2635 4364 ἀνθρωποτόκος
2661 4288 2900 4361 ἐδείχθη.

2301 4469 2465 4525 Ἀλλὰ
2491 4469 2590 4526 καὶ
2621 4468 2745 4528 τόδε
2774 4467 2908 4540 γοῦν
2941 4468 3245 4538 σκοπητέον
3273 4466 3378 4534 ἔτι,
3407 4466 3484 4530 ώς
3516 4467 3568 4522 εί
3596 4466 3673 4521 τά
3702 4468 3807 4521 τῶν

2221 4559 2534 4632 προσώπων
2558 4560 2806 4631 ὀνόματα
2837 4558 3013 4631 ίδικὴν
3045 4558 3348 4613 ὕπόστασίν
3371 4574 3498 4613 τινα
3526 4558 3690 4614 τοῦδέ
3731 4576 3808 4616 τι-

533 4646 786 4718 laliquam
864 4649 1098 4720 alicujus
1171 4648 1560 4721 signiﬁcantia,
1646 4667 1757 4708 non
1837 4667 1869 4708 e
1951 4653 2114 4710 rebus

2223 4669 2315 4718 νος
2343 4652 2700 4725 σημαίνοντα,
2727 4651 2830 4708 οὐκ
2849 4652 2914 4706 ὲκ
2941 4650 3138 4708 κοινῶν
3158 4668 3325 4705 τινων
3353 4650 3390 4704 ὅ.
3415 4652 3536 4706 ἐστι
3565 4650 3670 4706 καὶ
3694 4650 3808 4705 ἑτέ-

533 4757 656 4810 quae
713 4741 844 4798 huic
902 4750 959 4797 et
1014 4742 1139 4799 aliis
1173 4759 1496 4801 communes
1554 4753 1703 4809 sunt,
1739 4745 1860 4802 sed
1915 4761 1983 4802 ex
2034 4747 2122 4804 his

534 4849 656 4903 qua:
725 4833 963 4908 propria:
1041 4835 1216 4890 solius
1265 4843 1396 4890 sunt
1451 4851 1702 4908 persona:
1774 4838 2068 4894 nominatae
2102 4879 2119 4906 ,

535 4926 727 4982 volunt
814 4925 1081 4999 intelligi;
1165 4927 1437 4999 siquidem
1515 4931 1777 4986 mulieres
1859 4930 2121 4987 dicuntur

537 5020 860 5083 innumerae,
890 5029 948 5076 et
977 5019 1216 5077 hominis
1253 5029 1458 5078 matres
1481 5038 1813 5087 numerosae,
1841 5031 1899 5079 et
1942 5023 2116 5095 virgi-

535 5125 635 5165 nes
661 5111 846 5168 multa:
883 5119 940 5166 et
968 5111 1220 5181 plurima:
1247 5111 1432 5171 Mariae
1461 5121 1615 5179 sunt,
1647 5123 1704 5170 et
1736 5114 1914 5172 solum
1943 5114 2119 5186 parti-

533 5201 741 5266 culare,
785 5202 1074 5276 proprium
1122 5211 1178 5259 et
1207 5204 1630 5275 signiﬁcativum
1660 5204 1901 5259 maxime
1928 5212 2014 5261 est
2059 5203 2118 5260 in

535 5294 883 5351 immaculata
911 5304 968 5351 et
987 5311 1206 5367 semper
1241 5297 1478 5367 gloriosa
1507 5297 1730 5369 Virgine
1781 5313 1983 5354 nomen
2019 5297 2115 5356 Dei

534 5385 800 5455 parentis.
825 5385 982 5454 Quod
1016 5397 1072 5442 et
1100 5403 1168 5443 ex
1212 5388 1409 5459 seipsis
1459 5389 1739 5445 discerent
1784 5389 2114 5456 adversarii,

534 5476 590 5530 ni
617 5476 1047 5546 disputationem
1077 5481 1248 5536 solam
1281 5482 1661 5553 exquirerent.
1703 5480 1761 5538 Si
1787 5482 1934 5536 enim
1977 5481 2116 5537 sim-

534 5568 752 5636 pliciter
779 5569 1027 5624 mulieris
1057 5571 1296 5642 Virginis
1325 5583 1529 5632 sancta:
1551 5573 1880 5630 vocabulum
1913 5573 2114 5629 intelli-

549 5666 726 5717 wrent
759 5657 872 5722 isti,
919 5674 1198 5730 nunquam
1234 5663 1632 5721 contenderent
1671 5679 1874 5720 vanum
1904 5663 1974 5718 de
2014 5663 2119 5718 hac

554 5747 722 5817 .uavis
761 5763 995 5819 persona
1041 5761 1437 5810 commentum.
1467 5755 1522 5809 Si
1551 5769 1685 5812 vero
1713 5754 1810 5810 Dei
1866 5755 2117 5827 parentis

547 5839 1056 5898 vocabulumedocti
1090 5842 1291 5910 forent,
1353 5861 1479 5901 cum
1527 5847 1632 5904 alia
1677 5847 1802 5906 talis
1853 5864 1964 5903 uon
2020 5847 2116 5911 sit,

559 5929 714 5982 (alim
746 5931 891 5985 illam
924 5934 1095 5988 uthci
1129 5935 1350 5990 Matrem
1371 5947 1770 5992 venerarentur
1794 5938 2113 5994 indubitan-

2225 4763 2362 4818 ροις,
2393 4744 2508 4800 ἀλλ’
2537 4744 2595 4812 ἑξ
2627 4744 2811 4798 ίδικῶν
2839 4745 2935 4799 καὶ
2962 4743 3128 4801 αὐτοῦ
3156 4745 3319 4815 μόνου
3347 4743 3543 4809 όντων,
3571 4743 3670 4800 τοῦ
3698 4746 3809 4803 ὀνο-

2226 4835 2435 4910 μαστοῦ
2471 4835 2794 4909 προσώπου,
2833 4835 2979 4892 θέλει
3040 4835 3457 4906 λαμϐάνεσθαι·
3493 4837 3663 4908 εἴπερ
3718 4840 3808 4894 καὶ

2221 4932 2480 4999 γυναῖκες
2515 4930 2766 4999 λέγονται
2801 4929 3040 5002 ἄπειροι,
3073 4932 3168 4985 καὶ
3213 4929 3632 5003 ἀνθρωποτόκοι
3672 4931 3806 5005 ἀμέ-

2219 5037 2434 5094 τρητοι,
2467 5021 2562 5075 καὶ
2593 5021 2855 5092 παρθένοι
2905 5020 3114 5094 μυρίαι,
3149 5021 3402 5078 πλεῖσται
3453 5023 3552 5079 καὶ
3594 5025 3806 5095 Μαρίαι

2220 5110 2328 5164 εἰσί
2347 5127 2363 5142 ο
2397 5109 2494 5163 καὶ
2526 5108 2690 5181 μόνον
2725 5108 3038 5166 ἰδικώτατον
3083 5111 3175 5164 καὶ
3204 5111 3550 5184 κυριώτατον
3578 5116 3682 5168 καὶ
3711 5130 3804 5183 ση-

2224 5200 2635 5273 μαντικώτατόν
2687 5200 2804 5254 ἐστι
2832 5202 2900 5271 τῇ
2955 5201 3088 5272 ἁγίᾳ
3133 5192 3395 5276 ἀκράντῳ
3435 5204 3532 5259 καὶ
3583 5205 3808 5275 ἀειδόξψ

2223 5293 2486 5366 Παρθένῳ
2504 5293 2678 5360 ὄνομα
2702 5292 2766 5346 τὸ
2805 5291 3071 5357 Θεοτόκος
3096 5308 3111 5323 ·
3138 5294 3277 5366 ὅπερ
3309 5295 3404 5353 καὶ
3441 5294 3539 5365 ἀφ’
3589 5296 3806 5352 ἑαυτῶν

2224 5386 2447 5455 μάθοιεν
2475 5382 2524 5443 οἱ
2559 5383 2938 5454 ἀντιλέγοντες
2971 5385 3048 5456 μὴ
3105 5387 3247 5457 πρδς
3292 5385 3412 5458 ἔριν
3475 5387 3653 5460 μόνην
3699 5390 3806 5442 ἀπ-

2218 5477 2551 5550 εσκληκότες
2577 5492 2592 5508 °
2627 5479 2677 5536 εἰ
2731 5479 2840 5549 γὰρ
2884 5476 3074 5546 ἁπλῶς
3103 5479 3166 5534 τὸ
3197 5477 3337 5552 γυνὴ
3373 5481 3407 5552 ἡ
3463 5480 3804 5552 Παρθένοςή

2221 5571 2353 5639 ἁγία
2382 5571 2678 5624 ἀκούσειαν
2709 5571 2804 5623 καὶ
2832 5570 3012 5635 αὐτοὶ,
3053 5569 3208 5626 οὔπω
3248 5572 3606 5642 στηρίζονται
3635 5573 3725 5643 ἐφ’
3750 5574 3805 5627 ἐν

2217 5662 2281 5714 τὸ
2301 5661 2358 5714 δέ
2391 5678 2447 5714 τι
2472 5661 2767 5733 πρόσωπον
2797 5660 2900 5730 τὴν
2928 5662 3233 5730 φαντασίαν
3251 5679 3268 5695 ο
3301 5664 3349 5718 εί
3378 5662 3434 5716 δὲ
3456 5663 3520 5718 τὸ
3543 5664 3807 5729 Θεοτόκςς

2220 5752 2561 5824 ὲνηχηθείεν,
2598 5751 2766 5822 ἄλλης
2793 5751 2894 5809 οὐκ
2911 5751 3082 5821 οὔσης
3115 5755 3353 5819 τοιᾶσδε,
3376 5753 3541 5818 εὐθὺς
3579 5756 3679 5810 ἐπὶ
3709 5757 3803 5825 τήν

2221 5844 2544 5916 Θεομὴτορα
2568 5843 2775 5914 ταύτην
2798 5843 3205 5901 ἀποσλέπουσιν
3220 5843 3640 5916 ἀναμφιϐόλως,
3679 5847 3803 5916 περὶ

2221 5937 2390 6008 αὐτῆς
2434 5936 2791 6008 πεπεισμένοι
2843 5930 2986 5990 εἶναι
3038 5935 3100 5990 τὸ
3145 5937 3442 6007 λεγόμενον
3468 5953 3484 5971 ·
3529 5939 3630 5992 καὶ
3667 5939 3805 5993 οὕτω
