4006 6516
328 522 464 591 i709

1266 522 1663 589 ADVERSUS
1700 524 2244 589 NESTORIANOS.
2267 553 2334 562 -
2358 528 2505 589 LIB.
2546 528 2645 589 IV.

3431 523 3566 585 Πιῠ

325 642 424 711 μὲν
444 640 608 695 τάδε*
642 610 763 705 πως
790 639 849 695 δέ
891 638 988 696 καὶ
1042 638 1199 694 αὐτοὶ
1236 641 1654 713 άνθρωποτὸκον
1692 640 1757 692 ἐκ
1796 638 1889 708 μέ⁴

1998 648 2103 705 ter,
2137 639 2193 693 in
2229 639 2320 693 illa
2349 655 2671 709 persuasum
2700 639 2967 696 habentes
3007 637 3223 708 impleri
3266 636 3374 695 hoc
3401 656 3562 696 voca-

326 751 453 804 ρους
474 733 646 805 αὐτὴν
687 734 868 804 λέγειν
899 733 1198 804 βούλονται,
1256 735 1590 788 εἰπάτωσαν.
1643 734 1708 786 Et
1755 730 1891 802 μηδέ

321 815 697 890 ΘεοτόκοςἚκ
754 827 957 897 μέρους
1003 828 1194 892 ὅντως,
1240 828 1444 897 ὃπουγε
1486 827 1556 882 τά
1592 825 1752 895 λόγια
1797 825 1893 879 καὶ

317 917 500 990 ψυχὴν
538 920 698 989 μόνον
730 920 820 974 τὸν
846 919 1154 991 ἄνθρωπον,
1188 919 1282 974 καὶ
1320 919 1499 990 σάρκα
1544 919 1722 988 μόνως
1761 917 1892 971 ἐκά-

321 1009 481 1063 λεσαν
504 1027 522 1041 ·
550 1012 647 1065 καὶ
673 1012 708 1081 ἡ
733 1010 886 1082 κοινὴ
920 1012 979 1065 δὲ
1015 1012 1237 1066 πάντων
1261 1010 1478 1081 χρῆσις,
1522 1009 1627 1072 ἕως
1660 1007 1754 1062 τοῦ
1794 1007 1892 1062 νῦν

326 1102 464 1171 μήτε
498 1100 936 1173 άνθρωποτόκος,
969 1103 1107 1172 μήτε
1146 1101 1410 1164 Θεοτόκος
1448 1101 1514 1154 ἐκ
1567 1100 1769 1171 μέρους
1798 1098 1891 1151 λέ-

321 1205 493 1257 γοιτο,
522 1188 770 1262 ἄτοκοςῆ
804 1189 1089 1262 ἀνώνυμος
1127 1190 1280 1244 ἔσται
1337 1190 1481 1245 κατά
1516 1204 1581 1257 γε
1614 1190 1676 1242 τὸ
1716 1188 1891 1258 ὄνομα

318 1289 383 1340 16
411 1286 638 1353 φυσικὸν
665 1284 760 1339 τοῦ
787 1285 1072 1357 τεχθέντος
1101 1286 1386 1356 t€a61ﬁcf
1414 1285 1478 1338 16
1499 1285 1607 1356 γὰρ
1632 1282 1887 1354 Χριστὸς,

321 1376 692 1447 προσωπικδν,
730 1376 825 1430 καὶ
851 1377 912 1431 οὐ
945 1378 1194 1446 φυσικὸν,
1224 1376 1347 1430 οὐδὲ
1376 1376 1471 1431 τοῦ
1508 1375 1682 1438 είδους
1718 1372 1893 1445 ὄνομά

322 1466 491 1530 ἐστιν,
517 1466 605 1519 ἵνα
629 1465 843 1534 λέγοιτο
865 1467 1249 1537 Χριστοτόκος,
1274 1464 1413 1519 ἀλλὰ
1446 1464 1543 1519 τοῦ
1574 1463 1888 1535 προσώπου,

319 1556 397 1618 ὡς
425 1557 475 1609 εί
507 1556 599 1609 καὶ
637 1556 965 1620 ’ἰαννοτόκος
993 1558 1027 1629 ἠ
1065 1556 1349 1610 Ἑλισάδετ
1384 1555 1617 1625 λέγοιτο,
1665 1556 1802 1625 ὅπερ
1828 1554 1891 1607 οὐ

320 1649 416 1701 νῦν
442 1650 557 1701 ἐστι
607 1647 669 1701 τὸ
706 1645 1037 1718 ζητούμενον
1083 1650 1239 1720 ἡμῖν,
1270 1648 1386 1702 ἀλλ’
1416 1647 1565 1713 ὅπως
1612 1647 1681 1701 ἂν
1701 1648 1770 1700 ἐκ
1792 1645 1895 1716 τῆς

321 1740 538 1807 φύσεως
564 1737 657 1792 τού
685 1738 965 1809 τεχθέντος
998 1737 1231 1809 λέγοιτο.

392 1919 455 1973 ΕΞ
488 1919 546 1973 δὲ
593 1918 689 1973 καὶ
722 1918 859 1991 πρὸς
896 1918 1023 1972 τάδε
1060 1934 1143 1981 τις
1195 1917 1340 1971 εἴποι
1378 1918 1462 1971 ὅτι
1505 1917 1599 1970 καὶ
1630 1916 1893 1980 Θεοτόκος

275 2058 285 2068 .
320 2011 498 2065 κοινόν
521 2027 574 2064 τι
619 2009 787 2080 δνομα
816 2009 923 2062 άπὸ
953 2009 1169 2079 φύσεως
1208 2007 1305 2062 τοῦ
1356 2007 1639 2079 τεχθέντος
1678 2006 1892 2060 ἐπικεί-

328 2119 486 2173 μενον
518 2103 611 2156 καί¹
637 2101 716 2173 τῷ
753 2102 928 2171 Πατρὶ
948 2100 1044 2154 καὶ
1061 2103 1129 2171 τῇ
1160 2099 1347 2170 Μητρὶ
1380 2098 1475 2153 τοῦ
1499 2098 1707 2169 Κυρίου
1748 2098 1889 2164 ἐστὶ,

321 2194 418 2250 καὶ
447 2193 566 2248 δέον
593 2194 628 2265 ἢ
664 2195 721 2246 ἐν
767 2193 969 2263 άμφοῖν
1019 2192 1210 2263 ὁμοίαν
1258 2190 1584 2262 θεωρεῖσθαι
1633 2189 1892 2261 γέννησιν

320 2287 508 2352 αὑτοῦ,
561 2286 595 2357 ἢ
624 2280 697 2358 τῇ
730 2287 1042 2359 κυριωτέρα
1079 2283 1540 2355 προσκυρωθῆναι
1578 2282 1642 2336 τὸ
1678 2283 1888 2352 ὄνομα*

322 2378 445 2430 ἐπεὶ
474 2376 566 2430 οὖν
602 2375 761 2445 μόνον
787 2391 847 2427 τε
875 2373 1009 2427 Θεὸν
1029 2377 1123 2427 καὶ
1148 2375 1227 2436 είς
1255 2372 1318 2426 τὸ
1345 2368 1506 2437 εῖναι,
1534 2373 1583 2425 εί
1607 2371 1702 2425 καὶ
1724 2371 1887 2442 άχρό-

319 2484 448 2531 νως,
495 2467 590 2521 καὶ
624 2466 710 2520 ἀεὶ
751 2464 985 2537 προάγει
1024 2466 1054 2518 6
1092 2465 1281 2536 Πατὴρ
1330 2463 1423 2517 τὸν
1474 2463 1624 2529 Υἰὺν,
1666 2463 1784 2526 πῶς
1829 2462 1892 2516 ού

325 2561 529 2632 μᾶλλον
582 2559 747 2621 αὐτὸς
805 2557 987 2621 ίδικῶς
1032 2556 1101 2611 ἂν
1135 2556 1348 2625 λέγοιτο
1394 2555 1656 2632 Θεοτόκος
1708 2555 1892 2626 μόνος,

318 2630 517 2716 κοινῶς
546 2651 603 2705 δὲ
626 2650 805 2713 οὐδεὶς
841 2650 940 2702 σὺν
964 2647 1150 2718 αύτῷ;
1195 2646 1308 2701 ἀλλ’
1346 2630 1579 2717 εύδηλού
1593 2645 1669 2709 ὡς
1701 2646 1762 2699 ού
1796 2645 1893 2699 δύ-

320 2760 479 2797 ναται
508 2744 573 2795 ἐκ
621 2743 724 2811 τῆς
750 2738 946 2805 οὐσίας
978 2741 1008 2794 6
1039 2739 1226 2809 Πατὴρ
1274 2737 1526 2807 λέγεσθαι
1562 2737 1792 2801 τοκεύς⁶
1828 2737 1891 2790 οὐ

321 2835 431 2907 γάρ
462 2834 649 2888 οὐσίαν
679 2834 869 2905 ἑτέραν
920 2831 1139 2904 ἀριθμῷ
1176 2831 1338 2901 ἑτέρα
1384 2830 1539 2884 ἔτεκε
1586 2829 1708 2884 θεία
1731 2847 1746 2861 ·
1768 2846 1889 2901 τρι-

322 2928 472 2991 θεῖας
503 2926 611 2996 γάρ
630 2925 749 2978 τόδε
770 2942 786 2959 ο
837 2924 974 2991 ἀλλά
1014 2924 1125 2978 τῶν
1149 2923 1248 2993 τῆς
1276 2923 1448 2992 αὐτῆς
1487 2922 1657 2977 ὄντων
1702 2922 1893 2985 οὐσίας

325 3021 453 3088 μιᾶς
481 3017 751 3087 διαφόρων
786 3016 1092 3085 ἰδιωμάτων
1125 3014 1353 3085 θάτερον
1377 3014 1611 3084 θατέρου
1640 3014 1812 3068 αἴτιον
1835 3016 1895 3069 ἐν

322 3113 458 3181 αὐτῇ
476 3126 490 3141 ·
522 3110 581 3163 τὸ
610 3110 717 3180 γάρ
738 3108 829 3161 νοῦ
850 3109 946 3162 καὶ
968 3109 1276 3178 ἐπιστήμης
1306 3105 1550 3160 δεκτικὸν
1577 3107 1676 3178 τῆς
1704 3106 1894 3171 οὐσίας

321 3204 509 3269 Δα6“ιδ,
544 3202 703 3255 τοῦτο
730 3204 902 3255 αἴτιον
932 3200 1024 3254 τοῦ
1078 3198 1347 3271 μουσικοῦ
1382 3198 1549 3254 αὑτοῦ
1583 3199 1890 3270 ἰδιώματος,

1994 730 2208 786 bulum.
2252 732 2321 787 Et
2366 733 2485 788 haec
2531 732 2755 803 quidem
2801 732 2956 789 satis.
2992 731 3281 799 Quomodo
3304 742 3487 788 autem
3507 742 3567 787 et

1980 823 2084 879 ‘isti
2130 824 2373 880 hominis
2398 825 2626 881 Matrem
2672 840 2741 881 ex
2780 835 2939 897 parte
2969 826 3119 881 illam
3150 826 3338 882 dicere
3370 825 3562 889 velint,

1989 915 2314 986 loquantur;
2346 917 2452 972 nisi
2476 932 2607 972 vero
2632 918 2728 973 Dei
2754 918 2926 973 Mater
2947 933 3016 973 ex
3065 926 3220 989 parte
3254 918 3327 974 sit
3351 926 3575 979 revera,‘

1989 1004 2437 1079 quandoquidem
2464 1006 2765 1079 Scriptura:
2790 1010 3032 1064 animam
3052 1011 3233 1065 solum
3258 1009 3562 1073 hominem,

1984 1103 2048 1151 et
2075 1111 2302 1153 carnem
2332 1098 2514 1154 solum
2539 1108 2833 1155 vocarunt.
2868 1099 2935 1155 Et
2981 1099 3262 1156 communi
3310 1100 3562 1153 omnium

1993 1201 2129 1253 usu;
2166 1188 2413 1259 quandiu
2440 1205 2620 1260 neque
2641 1191 2884 1246 hominis
2905 1191 3076 1247 Mater
3104 1206 3280 1261 neque
3302 1190 3399 1245 Dei
3432 1190 3559 1245 ’Ma-

1994 1284 2080 1331 ter
2099 1292 2169 1333 ex
2211 1287 2367 1348 parte
2412 1288 2663 1345 vocatur,
2696 1280 2819 1336 sine
2864 1289 3026 1352 partu
3077 1290 3135 1337 et
3187 1281 3308 1337 sine
3341 1281 3565 1336 nomine

1989 1367 2120 1433 erit,
2142 1368 2190 1422 si
2214 1384 2416 1424 nomen
2458 1372 2711 1445 naturale
2743 1371 3069 1427 observetur
3099 1373 3220 1443 ejus
3249 1371 3345 1442 qui
3369 1387 3439 1426 ex
3471 1371 3566 1427 illa

1991 1459 2212 1529 genitus
2265 1470 2369 1515 est.
2414 1460 2624 1517 Christi
2658 1463 2809 1518 enim
2854 1478 3078 1527 nomen,
3125 1478 3397 1534 personas,
3451 1480 3564 1521 non

1993 1562 2237 1619 naturae;
2267 1569 2446 1624 neque
2486 1556 2690 1625 speciei
2720 1571 2923 1613 nomen
2951 1564 3058 1621 est,
3090 1566 3155 1612 ut
3174 1557 3565 1614 dicaturChri-

1993 1642 2065 1695 sti
2102 1657 2324 1711 parens,
2345 1642 2442 1697 sed
2480 1659 2750 1714 personae,
2780 1655 2844 1700 ut
2873 1645 2921 1700 si
2958 1647 3185 1703 Joannis
3218 1658 3418 1717 parens
3448 1648 3565 1702 Eli-

1990 1732 2185 1788 sabeth
2206 1732 2504 1799 diceretur,
2550 1735 2698 1805 quod
2741 1752 2852 1792 non
2884 1747 2969 1794 est
2996 1754 3028 1792 a
3051 1739 3213 1795 nobis
3250 1741 3562 1810 quaesitum,

1991 1824 2089 1880 sed
2113 1826 2390 1895 quomodo
2425 1843 2495 1881 ex
2525 1838 2721 1883 natura
2758 1830 2927 1900 geniti
2956 1830 3256 1887 diceretur.
3436 1834 3437 1837 “

2062 1916 2122 1973 Si
2149 1932 2281 1972 vero
2310 1918 2379 1973 ad
2410 1919 2527 1974 haec
2547 1921 2749 1991 aliquis
2774 1921 2940 1987 dicat,
2973 1922 3318 1995 Deiparentis
3358 1941 3563 1982 nomen

1993 2023 2025 2063 e
2050 1998 2437 2079 geniti'natura
2474 2011 2789 2081 impositum
2821 2029 3113 2070 commune
3152 2017 3297 2071 Patri
3314 2027 3376 2073 et
3409 2018 3563 2072 Matri

1994 2100 2211 2156 Domini
2230 2117 2376 2166 esse,
2408 2112 2469 2158 et
2508 2114 2763 2173 oportere
2793 2116 2890 2162 aut
2922 2108 2978 2163 in
3021 2110 3289 2165 ambobus
3331 2112 3567 2168 similem

1989 2203 2294 2259 agnoscere
2326 2190 2477 2247 illius
2519 2194 2951 2263 generationem,
2986 2208 3084 2252 aut
3126 2199 3298 2269 magis
3327 2202 3567 2271 propria:

1992 2282 2337 2351 generationi
2386 2299 2587 2340 nomen
2638 2287 2943 2358 assignari,
2990 2304 3120 2345 cum
3164 2290 3332 2363 igitur
3386 2294 3565 2349 solum

1993 2373 2166 2428 Deum
2187 2383 2244 2430 et
2262 2374 2663 2444 exsistentiam,
2703 2378 2806 2433 etsi
2834 2387 3037 2435 aeterne
3079 2390 3135 2438 et
3172 2398 3408 2452 semper,
3435 2400 3566 2455 pro-

1991 2463 2149 2521 ducit
2193 2465 2356 2523 Pater
2408 2468 2629 2535 Filium,
2682 2472 2961 2541 quomodo
2995 2489 3106 2528 non
3157 2474 3249 2530 ille
3294 2478 3478 2546 potius
3512 2490 3569 2535 et

1978 2557 2216 2625 .proprie
2249 2559 2422 2629 magis
2465 2560 2614 2616 solus
2659 2560 2939 2619 diceretur
2989 2564 3289 2634 Deiparens
3316 2607 3332 2632 ,
3377 2568 3568 2625 simul-

1992 2659 2103 2715 que
2127 2646 2313 2701 nullus
2330 2663 2457 2703 cum
2484 2649 2617 2704 illo?
2645 2651 2847 2707 Verum
2874 2660 3027 2722 patet
3055 2669 3164 2710 non
3196 2671 3356 2725 posse
3378 2675 3417 2715 e
3435 2661 3566 2716 sub—

1993 2737 2196 2793 stantia
2230 2747 2442 2808 patrem
2478 2740 2586 2795 dicl
2614 2753 2920 2811 parentem.
2970 2747 3085 2802 Non
3126 2751 3274 2805 enim
3308 2753 3566 2809 substan-

1994 2829 2127 2884 tiam
2155 2830 2316 2886 aliam
2360 2846 2592 2888 numero
2629 2833 2736 2888 alia
2770 2836 2962 2906 genuit
2990 2837 3176 2895 divina
3218 2843 3563 2913 substantia;

1991 2920 2197 2991 quippe
2268 2922 2519 2979 trideitas
2591 2924 2725 2981 illud
2794 2926 2976 2994 foret;
3022 2931 3119 2986 sed
3186 2947 3256 2988 ex
3316 2936 3562 3006 ejusdem

1994 3013 2157 3067 unius
2192 3014 2512 3072 substantiae
2574 3017 2805 3075 diversis
2850 3020 3378 3091 particularitatibus
3457 3046 3563 3086 un:-

1991 3104 2222 3161 alterius
2261 3122 2425 3162 causa
2455 3116 2542 3163 est
2574 3109 2629 3164 in
2656 3110 2849 3167 eadem
2875 3113 3203 3171 substantia.
3235 3116 3391 3185 Quod
3416 3123 3564 3177 enim

1994 3197 2198 3252 mentis
2236 3206 2292 3253 et
2337 3200 2580 3256 scientiae
2608 3201 2971 3259 substantiam
3002 3205 3059 3260 in
3081 3206 3285 3263 Davide
3314 3213 3566 3282 comple-

320 3301 516 3370 οὐέμὴν
544 3297 734 3367 ἑτέρας
754 3295 944 3359 οὖσίας
974 3290 1235 3365 μουσικῆς
1330 3296 1405 3359 ὡς
1431 3295 1588 3350 οὐσία
1614 3310 1631 3327 ο
1661 3294 1754 3348 καὶ
1783 3294 1889 3367 γάρ

1993 3290 2267 3357 ctebatur,
2304 3292 2408 3348 hoc
2451 3294 2676 3363 poeticae
2721 3293 2883 3351 istius
2926 3298 3376 3366 particularitatis
3399 3318 3566 3359 causa

322 3395 416 3445 καὶ
439 3391 545 3443 τῶν
570 3387 826 3457 ἀμούσων
853 3386 1013 3441 οὐσία
1039 3387 1209 3441 ἐστίν.
1243 3387 1311 3440 Εἴ
1345 3403 1472 3440 ποτε
1496 3386 1644 3458 οὒνῆ
1680 3385 1893 3458 ἀνθρω-

326 3483 608 3553 ποτόκονῆ
648 3482 743 3535 καὶ
787 3480 1150 3552 Χριποτὸκον
1197 3481 1409 3551 εἴπητε,
1453 3480 1578 3534 ὅσον
1608 3480 1763 3533 οὔπω
1792 3478 1895 3548 τῆς

323 3574 580 3636 άσεὸείας
627 3573 959 3643 ὑφήσαντες,
999 3571 1120 3625 οὐδὲ
1162 3570 1335 3634 οὕτως
1364 3569 1598 3641 ἐροῦμεν
1635 3569 1713 3634 ὡς
1748 3570 1894 3623 ίδιω-

318 3668 491 3739 τάτην
519 3668 744 3736 ὀνόματι
770 3664 1061 3735 σημαίνετε
1076 3681 1091 3696 ο
1113 3664 1223 3718 τῶν
1247 3663 1356 3735 γάρ
1380 3664 1520 3718 κατὰ
1545 3665 1637 3717 τὸν
1680 3662 1894 3736 Ἰσραὴλ

318 3761 408 3814 διὰ
432 3759 525 3813 τοῦ
550 3757 809 3827 αἰσθητοῦ
845 3756 1019 3827 μύρου
1049 3756 1354 3829 χρωμένων
1401 3755 1665 3825 βασιλέων
1711 3772 1770 3809 τε
1799 3756 1893 3809 καὶ

323 3853 515 3922 ίερὲων
548 3851 854 3919 λεγομένων
885 3848 1151 3902 πλείστων
1199 3848 1458 3919 χριστῶν,
1501 3847 1597 3902 καὶ
1646 3846 1755 3902 τῶν
1800 3846 1890 3901 διά

319 3944 422 4014 τῆς
478 3943 630 4006 θείας
660 3942 941 4013 ἐνεργείας
981 3942 1284 4012 χριομένων
1321 3940 1615 4011 προφητῶν
1656 3939 1753 3994 καὶ⁸
1791 3938 1893 4007 τῆς

321 4034 474 4097 θείας
500 4033 919 4104 προχειρίσεως,
952 4027 1064 4086 οἷον
1098 4031 1281 4103 Κῦρος
1302 4033 1331 4085 6
1360 4029 1585 4102 Περσῶν
1608 4029 1886 4101 βασιλεὺς,

316 4121 401 4188 οἷς
450 4125 668 4188 πλείους
716 4126 823 4179 εἰσὶ
882 4125 1140 4195 μητέρες,
1193 4126 1255 4178 οὐ
1307 4122 1725 4194 διακριθήσεται
1783 4120 1891 4174 οὐδ’

269 4280 280 4288 η
317 4216 526 4282 οὕτως’
568 4219 771 4280 πάσαις
796 4217 905 4288 γὰρ
938 4218 1017 4290 τῷ
1046 4217 1193 4289 αύτῷ
1230 4216 1467 4287 ἐπιθέτῳ
1507 4215 1755 4285 ὀνόματι,
1792 4213 1894 4283 μία

316 4328 381 4366 τε
405 4312 500 4365 καὶ
527 4312 681 4381 κοινὴ
721 4311 873 4365 ἔσται
913 4310 1105 4383 κλῆσις
1136 4311 1233 4365 σὺν
1272 4311 1435 4382 αὐτῇ.
1472 4309 1737 4363 Συνθέτου
1781 4306 1890 4375 γὰρ

319 4404 644 4475 πράγματος
671 4403 735 4458 έκ
763 4422 824 4457 τε
853 4405 1087 4476 χρίσεως
1125 4405 1218 4477 καὶ
1249 4405 1541 4474 χριομένου
1572 4401 1687 4455 ἐστι
1714 4400 1890 4471 δηλω-

312 4495 467 4550 τικὸν
494 4496 666 4566 ὄνομα
718 4495 780 4548 τὸ
815 4496 1084 4566 Χριστός’
1124 4496 1187 4553 ού
1219 4494 1326 4567 μὴν
1374 4495 1493 4557 οῐας
1522 4494 1641 4548 ἐστὶ
1672 4492 1890 4562 φύσεως

314 4590 349 4660 ἢ
390 4590 451 4641 τδ
475 4590 685 4661 χρίσμα
711 4590 744 4661 ἢ
771 4590 832 4643 τὸ
852 4590 1077 4661 χρισθέν
1100 4606 1115 4622 ·
1145 4588 1341 4644 οὐκοῦν
1364 4588 1486 4642 οὐδέ
1514 4588 1687 4650 οὕτως
1714 4586 1886 4655 αὐτὴν

1996 3382 2137 3446 fuit,
2183 3401 2294 3441 non
2330 3386 2586 3456 equidem
2615 3386 2843 3443 alterius
2874 3388 3197 3447 substantia:
3239 3395 3470 3463 poetica:
3504 3407 3566 3454 ut

1994 3476 2320 3532 substantia.
2379 3477 2596 3534 Etenim
2658 3488 2718 3535 et
2754 3494 2865 3535 non
2901 3489 3188 3550 poetarum
3254 3486 3568 3545 substantia

1992 3575 2099 3623 est.
2148 3567 2205 3624 Si
2229 3567 2370 3625 forte
2403 3570 2572 3641 igitur
2613 3570 2853 3627 hominis
2891 3581 2987 3627 aut
3026 3570 3235 3630 Christi
3278 3587 3565 3646 parentem

1991 3657 2263 3727 dixeritis,
2295 3676 2488 3731 parum
2518 3660 2675 3719 abest
2695 3665 2832 3734 quin
2856 3665 2926 3720 ab
2956 3664 3243 3736 impietate
3261 3668 3563 3738 desistatis,

1993 3767 2104 3805 non
2136 3752 2211 3808 ita
2245 3767 2349 3809 nos
2374 3752 2625 3810 dicemus
2656 3755 2806 3811 illam
2832 3772 2864 3811 a
2892 3756 3051 3812 vobis
3077 3760 3300 3816 nomine
3330 3763 3565 3819 maxime

1994 3844 2221 3914 proprio
2268 3845 2589 3916 signiﬁcari.
2616 3847 2735 3903 Non
2785 3848 2937 3904 enim
2986 3866 3017 3905 a
3056 3853 3326 3908 matribus
3373 3871 3565 3926 regum

1992 3935 2159 3991 Israel
2189 3936 2438 3993 sensibili
2462 3948 2742 4010 unguento
2771 3952 3095 4006 unctorum,
3129 3954 3188 3998 et
3216 3945 3564 4000 sacerdotum

1994 4024 2356 4093 plurimorum
2380 4027 2473 4096 qui
2509 4027 2703 4083 christi
2726 4036 2821 4083 aut
2843 4029 2995 4085 uncti
3015 4029 3148 4085 dicti
3170 4041 3320 4098 sunt,
3351 4041 3409 4088 et
3440 4050 3571 4103 pro-

1993 4116 2282 4187 phetarum
2311 4118 2407 4174 Dei
2442 4118 2803 4189 inspiratione
2838 4128 3132 4178 unctorum
3154 4163 3169 4188 ,
3204 4135 3301 4179 aut
3345 4124 3567 4181 illorum

1992 4221 2134 4276 quos
2161 4207 2309 4263 Deus
2332 4224 2495 4263 manu
2526 4209 2805 4279 perduxit,
2828 4212 3009 4282 qualis
3030 4212 3138 4268 fuit
3168 4213 3345 4286 Cyrus
3375 4217 3569 4272 Persa-

1993 4312 2113 4351 rum
2149 4314 2266 4363 rex,
2296 4299 2500 4369 quibus
2525 4300 2771 4370 plurima:
2807 4300 3032 4360 fuerunt
3070 4316 3295 4371 matres,
3322 4307 3403 4363 sic
3449 4308 3569 4378 ipse

1992 4386 2355 4444 discernetur.
2420 4388 2689 4446 Omnibus
2731 4392 2879 4448 enim
2918 4409 3020 4463 per
3071 4395 3217 4451 idem
3257 4397 3564 4465 epithetum

1991 4496 2192 4537 nomen
2226 4498 2333 4536 una
2374 4492 2431 4537 et
2475 4486 2788 4540 communis
2813 4487 2920 4541 erit
2953 4488 3252 4557 appellatio
3284 4506 3410 4546 cum
3451 4493 3562 4548 illa.

1988 4573 2320 4643 Composita:
2351 4575 2501 4629 enim
2530 4591 2617 4630 res
2633 4591 2705 4633 ex
2734 4577 2991 4633 unctione
3014 4588 3069 4634 et
3091 4588 3259 4637 uncto
3280 4585 3565 4641 manifeste

316 4680 662 4751 ἐξονομάζειν
692 4682 841 4735 ἔστιν
872 4682 926 4735 εί
954 4700 1032 4753 τῳ
1083 4681 1259 4752 κυρίῳ
1280 4682 1376 4735 καὶ⁵
1407 4681 1523 4747 ιδίῳ
1554 4680 1725 4749 αὐτῆς
1761 4676 1877 4731 ὀνό-

1990 4663 2184 4718 Cliristi
2216 4680 2414 4720 nomen
2440 4674 2556 4733 est;
2601 4683 2711 4722 non
2748 4678 2900 4725 certe
2928 4670 3091 4727 unius
3123 4681 3208 4727 est
3234 4670 3457 4732 natura!
3477 4687 3561 4739 vel

317 4787 473 4841 ματι,
503 4770 613 4823 τῶν
636 4787 696 4823 τε
733 4771 1063 4842 συνωνύμων
1101 4772 1191 4825 καὶ
1220 4769 1532 4840 ὁμωνύμων
1551 4769 1722 4840 αὐτὴν
1764 4770 1883 4825 διαο

316 4863 525 4933 κρίνειν
556 4860 970 4933 βουληθείημεν.
1003 4861 1340 4932 Ἀναγκαίως
1371 4858 1466 4915 οὖν
1494 4864 1559 4915 ἐκ
1586 4861 1678 4915 τοῦ
1709 4878 1885 4933 προσ-

313 4958 466 5017 όντος
524 4956 662 5026 αὐτῇ
716 4954 934 5024 άληθῶς
978 4955 1071 5009 καὶ
1119 4954 1297 5025 μόνως
1345 4954 1495 5025 παρὰ
1547 4958 1645 5017 τὰς
1690 4953 1887 5016 λοιπὰς

317 5047 498 5111 πάσας
530 5047 794 5114 γυναῖκας
827 5045 1157 5115 ὀνομαστέον
1198 5044 1298 5115 τὴν
1343 5045 1612 5115 ἄχραντον
1667 5046 1886 5114 Παρθέ-

317 5155 407 5190 νον
430 5154 443 5167 ·
473 5135 631 5193 τοῦτο
659 5136 716 5189 δέ
745 5138 861 5189 εστι
888 5136 969 5201 τὸ,
1001 5136 1134 5188 Θεὸν
1160 5134 1320 5205 φύσει
1353 5134 1483 5189 ὄντα
1514 5137 1694 5189 τεκεῖν
1715 5135 1885 5205 ἀψευ-

313 5223 420 5288 δῶς
447 5226 700 5295 γεννήσει
736 5223 799 5277 ού
833 5224 1036 5294 φυσικῇ
1068 5220 1203 5293 οῠσῃ
1223 5220 1360 5275 Θεοῦ
1383 5221 1497 5277 ἀλλ’
1532 5222 1885 5293 ὲπιτηδευτῇ.

382 5487 475 5542 Διὸ
506 5486 570 5558 δὴ
608 5486 702 5541 καὶ
724 5486 989 5551 Θεοτόκος
1026 5487 1060 5557 ἡ
1096 5485 1370 5557 Παρθένος
1408 5486 1626 5557 άληθῶς
1658 5487 1751 5559 ἥδε
1788 5488 1883 5542 ἐπὶ

313 5577 523 5642 τούτοις
577 5577 780 5647 φαμὲν,
813 5577 895 5629 ὃτι
938 5572 1019 5641 εἷς
1048 5579 1075 5630 6
1116 5576 1279 5640 τόκος
1313 5578 1413 5631 οὐκ
1447 5579 1512 5631 ἐκ
1552 5580 1782 5650 σπορᾶς,
1819 5579 1880 5631 οὐ

312 5671 454 5726 κατὰ
486 5670 668 5739 φύσιν,
716 5670 816 5739 οὐχ
863 5669 1047 5739 ὅμοιός
1086 5687 1192 5723 τινι
1234 5669 1342 5724 τῶν
1374 5671 1698 5743 ἀνθρώπων,
1747 5672 1884 5725 ἀλλὰ

309 5765 456 5827 θεῖος
475 5764 563 5816 διὰ
583 5765 680 5834 τῆς
700 5761 975 5833 ἁρραγοῦς
1014 5764 1227 5833 μήτρας
1257 5764 1602 5836 παρθενικῶς
1632 5764 1845 5835 ἐδείχθη
1865 5782 1879 5797 ’

317 5854 434 5918 πῶς
458 5854 519 5907 ού
544 5852 748 5923 κυρίως
773 5851 1031 5908 Θεοτόκος
1050 5855 1140 5906 καὶ
1157 5853 1217 5919 ἐξ
1239 5854 1405 5908 αὑτοῦ
1430 5856 1522 5910 τοῦ
1548 5857 1751 5926 τρόπου
1776 5854 1881 5925 τῆς

313 5943 622 6011 άποτέξεως
643 5941 852 6012 λέγοιτο
872 5959 887 6008 ;
905 5941 1029 5994 Ἐπὶ
1053 5943 1263 6008 τούτοις
1284 5945 1339 5998 δὲ
1365 5946 1605 6015 λεγέσθω
1628 5948 1757 6018 ἡμῖν
1788 5949 1879 6002 καὶ

1989 4764 2326 4824 unguentum
2358 4756 2444 4810 vel
2472 4763 2721 4812 unctum.
2754 4758 2927 4829 Igitur
2959 4776 3069 4815 non
3098 4762 3245 4817 illam
3278 4767 3563 4823 nominare

1985 4843 2115 4899 licet
2144 4846 2190 4899 si
2240 4847 2466 4917 proprio
2498 4857 2555 4903 et
2580 4848 2904 4917 particulari
2950 4850 3098 4907 illius
3130 4854 3355 4910 nomine
3394 4857 3465 4911 ab
3495 4858 3564 4914 iis

1986 4953 2109 5007 quae
2163 4953 2525 5009 synonymum
2576 4950 2634 4995 et
2689 4941 2871 4998 simile
2933 4959 3136 4999 nomen
3198 4946 3563 5005 obtinuerunt

1986 5028 2304 5086 discernere
2338 5031 2483 5085 illam
2526 5032 2887 5089 voluerimus.
2927 5035 3248 5092 Necessario
3285 5039 3454 5109 igitur
3493 5057 3563 5095 ex

1985 5136 2053 5175 eo
2082 5121 2229 5191 quod
2268 5122 2344 5179 illi
2394 5138 2523 5178 vere
2564 5136 2621 5178 et
2667 5125 2831 5180 unice
2856 5127 3101 5194 pertinet
3140 5128 3285 5184 inter
3318 5131 3562 5201 reliquas

1986 5230 2179 5269 omnes
2209 5216 2469 5271 mulieres
2496 5217 2832 5273 nominanda
2850 5228 2937 5273 est
2962 5219 3313 5278 immaculata
3341 5225 3506 5296 Virgo
3546 5246 3558 5279 :

1986 5306 2091 5361 hoc
2119 5316 2303 5362 autem
2328 5315 2432 5372 est,
2457 5308 2600 5378 quod
2625 5309 2795 5365 Deum
2808 5320 3002 5367 natura
3033 5316 3306 5383 pepererit
3324 5331 3451 5371 vere
3465 5330 3548 5388 ge-

1985 5398 2268 5455 neratione
2296 5414 2406 5453 non
2435 5402 2669 5457 naturali
2702 5417 2824 5471 quae
2840 5403 2936 5458 Dei
2951 5414 3054 5468 est,
3072 5406 3167 5460 sed
3190 5406 3559 5463 benevolenti.

2051 5489 2262 5545 Idcirco
2288 5500 2347 5546 et
2373 5492 2697 5562 Dei-parens
2728 5495 2843 5551 haec
2866 5496 3027 5568 Virgo
3051 5514 3181 5555 vere
3209 5508 3316 5563 est.
3350 5500 3418 5555 ad
3444 5502 3561 5555 haec

1984 5580 2294 5651 adjicimus,
2329 5586 2458 5654 quia
2498 5601 2640 5641 unus
2672 5588 2892 5657 genitus
2937 5606 3044 5646 non
3087 5608 3155 5649 ex
3187 5594 3416 5658 semine,
3451 5610 3562 5648 non

1984 5673 2289 5745 secundum
2333 5684 2609 5741 naturam,
2647 5692 2757 5733 non
2801 5680 3001 5737 similis
3045 5683 3208 5743 alicui
3253 5684 3559 5743 hominum.

1982 5765 2078 5821 sed
2122 5764 2344 5820 divinus
2371 5781 2439 5821 ex
2484 5766 2696 5838 integro
2728 5779 2887 5827 utero
2928 5771 3267 5841 virginaliter
3299 5774 3547 5831 emicuit.

1981 5853 2267 5920 Quomodo
2294 5872 2401 5910 non
2433 5859 2655 5927 proprie
2681 5860 3006 5929 Dei-parens
3030 5863 3111 5915 vel
3141 5879 3205 5916 ex
3237 5866 3343 5918 isto
3372 5876 3559 5934 [mrum

1982 5949 2144 6003 modo
2173 5948 2487 6003 diceretur?
2516 5951 2594 6005 Ad
2629 5952 2745 6006 hare
2778 5969 2806 6007 a
2846 5953 3004 6007 nobis
3032 5954 3249 6010 dicatur
3274 5967 3326 6012 et
3363 5960 3561 6026 saepius
