4006 6522
483 514 614 578 i711

1733 506 2040 568 LEONTII
2079 506 2482 571 BYZANTINI

3591 512 3729 576 1712

476 633 670 692 multis
693 630 984 694 matribus,
1007 643 1075 684 ex
1103 632 1210 683 tlne
1235 643 1403 698 quem
1431 626 1715 682 consecuti
1754 636 1907 682 erant
1937 623 2031 678 ﬁlii

2160 623 2242 675 ὅτι
2263 622 2527 686 πολλάκις
2558 622 2777 687 πολλοῖς
2803 622 2911 678 τῶν
2945 625 3306 696 γεννητόρων,
3327 627 3390 680 ἐκ
3416 627 3510 681 τοῦ
3538 629 3729 682 τέλους

473 725 846 796 epithetorum
877 721 1297 792 appellationem
1323 719 1646 790 contigisse;
1675 719 1755 773 sic
1783 719 1930 772 enim
1962 717 2048 772 in.

472 815 847 889 clytam-lilio,
885 813 1330 884 regis-matrem,
1376 821 1432 866 et
1477 810 2044 881 pulchri-genitricem

471 911 712 966 dicimus
744 909 936 973 istam;
973 920 1169 975 nempe
1197 919 1308 958 non
1343 919 1442 974 per
1481 903 1740 958 virtutem
1774 917 1814 958 ε’
1839 901 2043 972 princi-

470 1001 564 1070 pio
587 1005 682 1054 aut
711 998 968 1068 inclytam
993 995 1210 1049 laudem
1240 1009 1412 1064 puero
1441 993 1915 1063 praisuppositam,
1946 992 2042 1047 sed

471 1101 660 1162 postea
694 1087 1117 1150 manliestatam,
1153 1095 1214 1140 et
1256 1084 1576 1155 parentibus
1617 1083 2043 1154 appellationem

469 1181 862 1253 adjicientem;
938 1176 1160 1247 quando
1232 1191 1368 1247 ergo
1417 1183 1475 1230 et
1534 1189 1670 1242 nos,
1725 1175 1772 1231 si
1843 1190 2044 1245 cogno-

467 1273 649 1327 vimus
705 1268 1008 1325 secundum
1069 1281 1292 1322 carnem
1341 1265 1659 1330 Christum,
1729 1264 1825 1320 sed
1893 1277 2041 1320 nunc

467 1362 696 1418 minime
734 1358 1134 1430 cognoscimus.
1169 1356 1306 1412 Cum
1353 1356 1575 1427 quidem
1617 1355 1860 1412 Verbum
1895 1356 2040 1410 Deus

465 1453 769 1510 secundum
814 1459 1066 1507 naturam
1103 1450 1158 1504 in
1202 1450 1321 1518 ipso
1356 1449 1450 1513 sit,
1476 1457 1533 1503 et
1562 1463 1692 1503 caro
1734 1448 2038 1503 secundum

464 1555 718 1602 naturam
747 1553 872 1614 post
902 1541 1367 1598 resurrectionem
1415 1541 1533 1610 ipsa
1570 1540 1756 1594 divina
1783 1539 1922 1595 facta
1965 1541 2039 1595 sit

463 1641 519 1694 in
552 1637 878 1709 perfectum,
914 1650 1041 1691 cum
1079 1649 1190 1688 non
1233 1632 1534 1688 habeamus
1572 1647 1752 1702 neque
1791 1647 1860 1688 ex
1885 1640 2037 1702 parte

455 1745 640 1802 neque
676 1727 979 1785 secundum
1014 1725 1253 1796 aliquam
1294 1724 1600 1788 rationem,
1644 1724 1928 1795 quidpiam
1979 1725 2035 1779 in

457 1839 528 1878 eo
571 1829 668 1876 aut
699 1821 844 1876 circa
892 1833 1020 1874 eum
1065 1831 1300 1872 vacuum
1345 1815 1638 1872 divinitate
1680 1817 1941 1887 cogitare,
1979 1826 2038 1872 et

459 1915 836 1978 benedictum,
863 1928 975 1967 non
1002 1910 1227 1981 quidem
1261 1924 1361 1980 per
1390 1909 1532 1964 hanc
1560 1924 1684 1979 quas
1712 1909 1767 1963 in
1807 1910 1902 1964 illo
1943 1925 2032 1965 se-

2153 716 2249 769 τοῦ
2262 717 2406 771 κατὰ
2418 717 2546 781 τοὺς
2563 718 2778 782 παῖδας,
2803 719 2838 789 ὴ
2861 718 2970 773 τῶν
2985 719 3251 774 ἐπιθέτων
3271 719 3535 789 ὀνομασία
3555 739 3726 792 προσ-

2151 807 2380 877 γέγονεν
2403 824 2419 842 ·
2469 808 2644 874 οὕτως
2691 811 2801 882 γὰρ
2849 811 3208 878 κλυτόπαιδα,
3259 812 3356 866 καὶ
3400 813 3726 881 άνακτόκον,

2152 901 2248 954 καὶ
2283 900 2599 971 καλλίγονόν
2624 919 2806 973 φαμεν
2829 903 2988 975 τήνδε
3013 919 3028 934 ·
3061 904 3159 957 καί
3202 921 3289 957 τοι
3319 905 3422 959 οὐκ
3446 905 3507 970 ἐξ
3548 907 3725 978 ἀρχῆς

2149 991 2228 1063 τῷ
2255 991 2444 1063 βρέφει
2493 994 2594 1064 τῆς
2621 995 2823 1066 ἀρετῆς
2865 993 2900 1065 ἢ
2938 993 3039 1065 τῆς
3070 993 3226 1060 ἀξίας
3255 997 3535 1066 ἐνεργείας
3585 1015 3726 1067 συμ-

2152 1083 2549 1154 προελθούσης,
2580 1083 2696 1138 ἀλλ’
2728 1084 2955 1156 ὕστερον
2995 1086 3448 1158 ὲμφανισθείσης,
3488 1089 3583 1142 καὶ
3611 1092 3726 1154 τοῖς

2149 1177 2368 1244 γονεῦσι
2402 1179 2501 1249 τὴν
2521 1177 2823 1248 ὀνομασίαν
2852 1181 3312 1250 προσαγαγούσης
3333 1194 3348 1208 θ
3367 1180 3494 1233 επεὶ
3509 1176 3604 1235 οῦν
3627 1182 3726 1234 καὶ

2149 1269 2332 1338 ἡμεῖς,
2367 1271 2420 1322 εί
2442 1270 2539 1324 καὶ
2573 1269 2899 1339 ἐγνώκαμεν
2925 1267 3070 1322 κατὰ
3097 1270 3277 1340 σάρκα
3306 1269 3564 1341 Χριστὸν,
3587 1270 3726 1324 ἀλλὰ

2147 1361 2242 1415 νῦν
2281 1362 2465 1416 οὐκέτι
2516 1361 2858 1434 γινώσκομεν
2885 1378 2901 1396 ο
2944 1362 3044 1417 τοῦ
3084 1363 3183 1434 μὲν
3244 1363 3304 1416 εν
3357 1363 3510 1434 αότῷ
3544 1362 3722 1431 Λόγου

2147 1451 2282 1505 Θεοῦ
2315 1452 2460 1506 κατὰ
2489 1451 2654 1522 φύσιν
2674 1453 2848 1517 ὄντος,
2876 1453 2977 1524 τῆς
3013 1453 3072 1507 δὲ
3115 1454 3260 1508 κατὰ
3308 1453 3473 1522 φύσιν
3519 1455 3726 1526 σαρκὸς

2150 1542 2292 1612 μετὰ
2317 1541 2420 1613 τὴν
2451 1543 2750 1598 ἀνάστασιν
2777 1543 2949 1614 αὐτῆς
2986 1542 3285 1613 θεωθείσης
3332 1544 3493 1606 είςτὸ
3523 1560 3725 1597 παντεο

2145 1631 2236 1696 λές
2258 1647 2274 1663 ·
2305 1632 2406 1687 οὐκ
2435 1631 2652 1703 ἔχοντες
2688 1632 2810 1687 οὐδὲ
2837 1634 2902 1685 ὲκ
2928 1633 3152 1702 μέρους,
3185 1632 3306 1686 οὐδὲ
3359 1633 3510 1686 κατὰ
3562 1633 3724 1700 λόγον

2143 1723 2286 1788 τινὰ,
2314 1724 2370 1777 τι
2398 1725 2508 1778 τῶν
2541 1723 2708 1778 αὐτοῦ
2737 1724 2773 1795 ἢ
2801 1723 2929 1794 περὶ
2948 1724 3131 1778 αὐτῶν
3154 1723 3358 1795 γυμνὸν
3381 1724 3721 1794 κατανοῆσαι

2145 1813 2427 1885 θεότητος*
2475 1814 2826 1886 χαρισθέντος
2854 1813 2952 1866 καὶ
3003 1814 3084 1883 τῷ
3131 1813 3206 1884 μὴ
3249 1813 3389 1866 κατὰ
3456 1812 3623 1882 φύσιν
3664 1815 3722 1866 ἐν

2141 1905 2292 1976 αὑτῷ
2317 1905 2448 1976 θείῳ
2470 1904 2567 1960 τοῦ
2585 1903 2850 1976 ὀνόματος
2879 1903 2974 1958 τοῦ
2999 1904 3140 1974 ὑπὲρ
3162 1905 3272 1958 πᾶν
3290 1904 3486 1973 ὄνομαο
3507 1902 3721 1973 Κυρίου

457 2007 702 2063 cundum
719 1975 972 2060 naturam
1001 1975 1289 2059 habitabat
1314 1975 1682 2066 divinitatem,
1699 1987 1819 2072 ejus
1833 2017 2032 2058 nomen

2137 2015 2196 2053 τε
2222 1975 2320 2052 καὶ
2361 1975 2496 2052 Θεοῦ
2524 1998 2817 2068 γενομένου
2889 1997 3066 2068 Ἰησοῦ
3117 1998 3315 2053 τούτου
3366 1997 3427 2051 ὃν
3463 1997 3721 2051 Ἰουδαῖοι

331 2079 354 2091 Χ
455 2097 625 2154 fuerit
653 2111 822 2166 super
853 2108 1015 2148 omne
1045 2107 1267 2157 nomen,
1291 2099 1348 2146 et
1383 2091 1650 2146 Dominus
1685 2100 1741 2146 et
1777 2091 1922 2146 Deus
1959 2091 2036 2146 fa-

458 2200 581 2246 ctus
603 2191 676 2246 sit
695 2189 857 2245 Jesus
875 2187 968 2241 ille
996 2199 1160 2256 quem
1192 2183 1364 2240 Judaei
1399 2181 1820 2248 cruciﬁxerunt;
1847 2197 2038 2238 neces-

459 2281 608 2336 sario
638 2279 866 2333 minime
894 2275 1466 2345 hominis-parentem,
1499 2274 1597 2330 sed
1628 2274 2035 2344 Dei-parentem

455 2380 688 2426 matrem
721 2373 840 2442 ejus
872 2371 1042 2426 solam
1083 2370 1436 2425 nominamus
1461 2377 1518 2424 et
1555 2383 1886 2424 veneramur
1913 2383 2036 2423 om-~

456 2463 926 2519 nino-colendam.
963 2463 1096 2533 Ejus
1119 2462 1265 2516 enim
1295 2461 1390 2530 qui
1421 2477 1489 2516 ex
1521 2461 1616 2515 illa
1645 2459 1872 2531 prodiit,
1898 2470 1953 2516 et
1978 2459 2034 2514 in

455 2555 764 2612 substantia
811 2562 871 2609 et
910 2553 966 2608 in
1010 2553 1216 2608 unione
1252 2552 1606 2607 Divinitatem
1652 2561 2032 2623 agnoscentes,

457 2657 633 2703 totum
669 2647 822 2701 illum
869 2645 1041 2700 Deum
1085 2643 1458 2714 gloriﬁcamus
1489 2653 1546 2699 et
1575 2643 1906 2711 adoramus;
1930 2645 2034 2700 etsi

455 2739 838 2810 cognoscimus
879 2736 1085 2792 servari
1133 2736 1282 2790 illam
1329 2751 1397 2792 ex
1424 2736 1777 2792 humanitate
1823 2746 2035 2807 partem

455 2831 696 2885 divinam
745 2829 945 2884 factam
996 2828 1052 2882 in
1100 2827 1324 2884 Christo
1369 2844 1437 2884 ex
1472 2829 1564 2884 illa
1608 2838 1759 2896 nato,
1795 2838 1852 2884 et
1895 2829 2038 2886 hanc

457 2922 814 2978 ineﬁ‘abiliter
837 2937 1004 2977 carne
1038 2921 1306 2976 indutam.
1332 2921 1428 2977 llla
1476 2923 1625 2977 enim
1666 2922 2036 2993 praastantiori

457 3013 852 3082 assumptione,
882 3029 992 3068 non
1036 3013 1409 3069 destructione
1439 3015 1624 3070 divina
1668 3015 1809 3070 facta
1849 3024 1961 3082 est,
1981 3025 2035 3072 et

457 3105 840 3160 benevolentia
865 3121 973 3160 non
1003 3108 1308 3162 mutatione
1339 3109 1515 3162 altera
1540 3123 1670 3163 caro
1694 3109 1836 3163 facta
1859 3118 1963 3164 est.

528 3199 583 3256 Si
613 3215 766 3263 vero,
794 3198 1076 3270 inquiunt,
1103 3200 1258 3269 quasi
1293 3215 1358 3255 ex
1389 3208 1544 3270 parte
1571 3200 1820 3270 quaedam
1850 3200 2040 3256 dican-

2135 2088 2526 2160 ισταύρωσαν·
2562 2091 2621 2156 ἐξ
2652 2089 2899 2160 ἀνάγκης
2939 2090 3132 2144 οὐκέτι
3174 2091 3268 2144 καὶ⁵
3300 2089 3723 2161 ἀνθρωποτόκον

2139 2183 2372 2255 μητέρα,
2407 2182 2544 2237 ἀλλὰ
2568 2183 2831 2236 Θεοτόκον
2847 2184 3080 2254 Μητέρα
3112 2183 3272 2254 μόνον
3295 2182 3640 2254 ὀνομάζομέν
3662 2200 3722 2237 τε

2135 2274 2232 2327 καὶ
2259 2272 2677 2346 προσκυνοῦμεν
2696 2272 2798 2345 τὴν
2822 2274 3132 2328 πάνσεπτον
3150 2292 3165 2308 ο
3192 2273 3286 2329 τοῦ
3316 2275 3426 2344 γὰρ
3455 2274 3515 2340 ἐξ
3544 2275 3722 2344 αὐτῆς

2137 2365 2582 2438 προελθόντος,τὺ
2617 2367 2716 2438 μέν
2742 2385 2826 2422 τοι
2842 2369 2964 2420 κατ’
2986 2368 3202 2431 οὐσίαν,
3225 2367 3286 2421 τὸ
3315 2368 3373 2421 δὲ
3407 2373 3549 2423 κατὰ
3585 2387 3718 2437 μετ-

2135 2457 2325 2512 ουσίαν
2373 2457 2516 2512 θεῖον
2559 2459 2782 2525 εἰδότες,
2815 2459 2936 2513 ὅλον
2971 2460 3135 2514 αὑτὸν
3158 2459 3292 2513 Θεδν
3327 2459 3532 2514 τέλειον
3561 2459 3721 2525 605d-

2140 2547 2306 2620 ζομεν
2336 2549 2432 2603 καὶ
2465 2549 2880 2620 προσκυνοῦμεν
2907 2565 2922 2580 '
2958 2551 3007 2604 εί
3037 2553 3134 2605 καὶ
3154 2552 3504 2622 γινώσκομεν
3543 2554 3722 2606 σεσῶ-

2139 2641 2268 2695 σθαι
2301 2642 2363 2695 τὸ
2387 2625 2887 2714 ὲεάνθρωπότητος
2917 2643 3116 2698 θεωθὲν
3152 2646 3214 2698 ὲν
3238 2645 3317 2718 τῷ
3339 2645 3588 2716 τεχθέντι
3621 2647 3721 2700 ὑπ’

2137 2736 2310 2806 αὐτῆς
2330 2735 2574 2806 Χριστῷ,
2606 2736 2700 2790 καὶ
2749 2737 2810 2789 τὸ
2861 2737 3161 2808 ἀφράστως
3188 2737 3504 2810 σαρκωθέν·
3536 2754 3722 2808 κρειτ-

2135 2826 2307 2882 τώσει
2350 2829 2463 2899 γὰρ
2509 2830 2606 2883 καὶ
2649 2830 2750 2883 οὑκ
2802 2829 3086 2900 ἀναιρέσει
3120 2830 3238 2884 τόδε
3280 2829 3582 2884 τεθέωταιο
3620 2833 3721 2891 καὶ,

2137 2916 2358 2972 εὐδοκία
2387 2918 2450 2972 οὐ
2485 2919 2663 2992 τροπὴ
2701 2919 2764 2974 τὸ
2794 2919 2984 2992 ἕτερον
3005 2920 3371 2991 σεσάρκωται.

2214 3217 2280 3271 Ei
2307 3215 2386 3284 δὲ,
2411 3215 2597 3286 φασιν,
2613 3213 2746 3269 ώσεὶ
2763 3215 2860 3270 καὶ
2881 3214 2946 3268 ὲκ
2970 3215 3312 3287 μέρουςζτινὰ
3331 3215 3577 3286 λέγοιντο
3595 3217 3715 3272 ὄνόσ

458 3299 550 3345 tur
593 3291 834 3354 nomina,
883 3290 979 3345 sed
1010 3305 1113 3346 nos
1158 3292 1352 3356 Deum,
1399 3307 1509 3348 non
1555 3293 1715 3363 quasi
1747 3308 1816 3348 ex
1855 3303 2032 3364 parte,

2143 3326 2288 3382 ματα
2317 3325 2332 3376 ;
2361 3309 2476 3363 ἀλλ’
2511 3311 2674 3381 ἡμεῖς
2699 3309 2834 3363 Θεὸν
2869 3309 2969 3380 οὐχ
3005 3309 3082 3374 ὡς
3122 3311 3188 3364 ὲκ
3220 3310 3422 3381 μέρους
3453 3311 3547 3365 τὸν
3581 3313 3718 3384 Χριο

456 3381 736 3437 Christum
772 3383 1137 3438 nominamus.
1172 3383 1228 3440 Si
1264 3385 1411 3440 enim
1445 3401 1574 3456 pars
1603 3385 1806 3442 Christi
1833 3387 2037 3442 dicitur

457 3472 728 3528 Divinitas
754 3472 823 3527 ad
847 3471 1135 3528 clariorem
1154 3474 1611 3542 signiﬁcationem
1641 3477 1788 3532 illius
1816 3491 2038 3547 compo-

456 3565 571 3631 siti,
604 3565 700 3620 sed
730 3565 879 3620 omni
911 3571 1066 3635 parte
1107 3574 1164 3620 et
1205 3575 1322 3622 toto
1354 3566 1459 3622 isto
1495 3568 1822 3639 intelligitur
1857 3569 2038 3638 perfe-

457 3658 602 3712 ctius
655 3656 894 3712 Verbum
945 3671 1088 3712 esse.
1142 3657 1261 3712 Non
1315 3659 1462 3713 enim
1513 3659 1754 3715 Verbum
1805 3659 2038 3717 inferius

456 3750 678 3804 Christo
707 3749 963 3812 dicimus,
1000 3750 1096 3804 sed
1146 3751 1488 3822 simplicius;
1532 3751 1678 3820 quod
1717 3751 1864 3806 enim
1908 3768 2035 3822 pars

457 3842 564 3897 dici
575 3852 662 3895 tur
682 3844 853 3912 partis
875 3859 1004 3898 cum
1026 3844 1117 3898 illa
1138 3843 1467 3914 conjunctae,
1497 3841 1672 3913 ipsius
1693 3843 1758 3897 ad
1783 3843 2033 3898 eamdem

429 3938 681 3992 .unionis
731 3939 895 3993 istius
921 3947 978 3994 et
1039 3938 1462 4009 compositionis
1506 3937 1653 3992 modi
1682 3938 1855 4008 ipsius
1884 3938 2035 4008 prin-

457 4027 662 4096 cipium
687 4037 744 4083 et
770 4029 1087 4084 coadunans
1107 4040 1162 4084 et
1190 4029 1470 4100 propriam
1496 4029 1746 4084 ellicicns
1761 4030 2034 4084 cernitur.

457 4117 522 4172 Et
557 4117 706 4186 quod
731 4119 1015 4188 proprium
1043 4128 1217 4173 totum
1249 4120 1361 4190 agit
1383 4119 1554 4190 magis
1588 4129 1676 4175 est
1697 4135 1859 4189 quam
1883 4121 2029 4190 quod

457 4218 640 4264 actum
669 4219 776 4276 est,
811 4222 871 4266 ut
895 4228 1021 4282 pars
1054 4213 1258 4282 proprii
1285 4214 1476 4278 totius,
1509 4225 1570 4268 ut
1599 4224 1794 4269 natura
1824 4215 1879 4268 in
1907 4215 2032 4270 aliis

455 4302 803 4373 compositis;
842 4303 1119 4373 quomodo
1164 4320 1275 4358 non
1318 4305 1541 4374 proprie
1581 4316 1636 4359 et
1677 4320 1806 4360 vere
1859 4307 2032 4378 magis

455 4393 596 4449 alius
627 4394 799 4464 partis
830 4405 886 4449 et
925 4395 1066 4466 ejus.
1104 4395 1252 4465 quod
1286 4395 1586 4451 secundum
1624 4397 1796 4466 ipsum
1827 4397 2030 4453 intelli-

454 4485 624 4555 gitur,
653 4486 822 4541 totius
875 4486 1168 4556 appellatio
1198 4502 1464 4557 personae.
1492 4497 1546 4561 et
1584 4489 1934 4546 subsistentis
1975 4491 2027 4545 in

2139 3401 2265 3454 στδν
2289 3400 2661 3470 ὀνομάζομενο
2695 3403 2744 3455 εἰ
2775 3401 2884 3471 γὰρ
2914 3401 3009 3455 καὶ
3032 3401 3198 3472 μέρος
3232 3401 3452 3470 λέγεται
3475 3403 3718 3473 Χριστοῦ

2137 3494 2171 3565 ἡ
2205 3493 2399 3564 θεότης
2426 3493 2562 3564 πρὸς
2587 3495 2890 3563 σαφήνειαν
2909 3494 3010 3564 τῆς
3039 3493 3346 3556 συνθέσεως
3366 3494 3559 3558 αὐτοῦ,
3580 3495 3717 3549 ἀλλὰ

2135 3585 2334 3650 παντὸς
2369 3588 2572 3657 μέρους
2601 3586 2695 3640 καὶ
2725 3585 2847 3640 ὅλου
2893 3589 3095 3639 νοεῖται
3115 3586 3289 3656 αὐτῆς
3320 3587 3657 3659 τελειότερος
3689 3591 3717 3641 ὀ

2135 3679 2336 3746 Λόγοςο
2368 3677 2436 3731 οὔ
2487 3678 2595 3750 γὰρ
2649 3677 2740 3732 τὸν
2772 3678 2944 3747 Λόγον
2982 3681 3181 3749 ἥττονα
3211 3678 3450 3748 Χριστοῦ
3509 3697 3716 3750 φαμεν,

2135 3769 2250 3826 ἀλλ’
2281 3770 2648 3843 ἁπλούστερον
2667 3787 2683 3802 ·
2708 3770 2736 3824 ὀ
2758 3771 2868 3841 γάρ
2902 3789 2955 3824 τι
3001 3772 3177 3844 μέρος
3206 3772 3502 3843 λεγόμενον
3523 3772 3621 3826 τοῦ
3657 3791 3718 3827 τε

2136 3866 2233 3919 σὺν
2265 3865 2414 3933 αὑτῷ
2464 3864 2825 3935 συγκειμένου
2860 3865 3103 3934 μέρους,·
3137 3865 3311 3934 αὐτῆς
3352 3865 3490 3935 προς
3553 3864 3718 3918 ἑαυτὸ

2135 3954 2382 4020 ένώσεως
2407 3953 2563 4009 τοῦδε
2583 3955 2678 4008 καὶ
2701 3956 2796 4009 τοῦ
2832 3959 2931 4028 τῆς
2957 3955 3260 4020 συνθέσεως
3294 3957 3462 4010 αὐτοῦ
3481 3957 3713 4027 τρόπου,

2133 4047 2304 4102 αἴτιόν
2340 4063 2399 4100 τε
2428 4047 2523 4101 καὶ
2571 4047 2892 4101 συνεκτικὸν
2946 4047 3044 4101 καὶ
3093 4047 3352 4118 κυριεῦον
3387 4046 3710 4118 θεωρεῖται·

2133 4138 2226 4193 καὶ
2253 4137 2387 4206 ἄγον
2419 4137 2478 4192 τὸ
2504 4140 2704 4193 οίκεῖον
2733 4138 2853 4191 ὃλον
2886 4139 3087 4208 μᾶλλον
3115 4139 3147 4209 ἦ
3183 4140 3471 4211 ἀγόμενον,
3509 4141 3586 4203 ὡς
3621 4141 3717 4210 μέο

2136 4244 2227 4298 ρος
2251 4228 2359 4281 ὑπὸ
2390 4226 2484 4280 τοῦ
2507 4229 2710 4281 οἰκείου
2741 4227 2888 4292 ὅλου,
2909 4228 2986 4292 ώς
3025 4229 3186 4297 φύσις
3218 4233 3335 4293 τοῖς
3366 4229 3553 4293 ἄλλοις
3582 4247 3730 4292 συνει,

2133 4319 2308 4383 θέτοις
2327 4335 2343 4352 ο
2371 4318 2492 4382 πῶς
2547 4319 2609 4373 οὐ
2638 4318 2844 4389 κυρίως
2888 4321 2984 4374 καὶ
3019 4321 3162 4374 κατὰ
3209 4320 3476 4392 ἀλήθειαν
3503 4321 3713 4390 μᾶλλον

2130 4412 2223 4465 τοῦ
2255 4427 2313 4464 τε
2349 4410 2536 4480 ἑτέρου
2590 4410 2792 4480 μέρους
2839 4413 2934 4465 καὶ
2991 4410 3085 4465 τοῦ
3138 4412 3258 4465 κατ’
3300 4412 3436 4466 αὐτὸ
3473 4413 3551 4477 ὡς
3584 4413 3712 4477 ὅλου

2131 4502 2444 4572 νοουμένου,
2484 4503 2583 4570 τὴν
2628 4503 2924 4572 ὀνομασίαν
2973 4504 3069 4557 τοῦ
3118 4508 3434 4576 προσώπου,
3483 4508 3710 4562 καὶτοῦ

455 4575 548 4630 illa
586 4577 766 4632 omnis
792 4578 1210 4647 compositionis
1241 4593 1309 4634 ex
1337 4594 1398 4634 se
1437 4578 1786 4635 elliceretur?
1825 4583 2028 4638 Ultimo

2137 4593 2446 4664 ὑφεστῶτος
2483 4594 2613 4664 περὶ
2639 4593 2770 4648 αὐτὸ
2796 4594 2995 4658 παντὸς
3024 4575 3402 4665 συγκρίματος
3427 4597 3486 4662 ἐξ
3508 4599 3710 4652 ἑαυτοῦ

455 4674 637 4722 autem
671 4682 703 4723 a
745 4645 990 4724 vobis—id
1021 4669 1313 4725 dicendum
1343 4680 1448 4736 est,
1493 4671 1640 4742 quod
1680 4672 1724 4726 si
1746 4673 2023 4730 Christum

2137 4645 2446 4757 έεὲζήσοιτοξ
2481 4645 2709 4755 ﬁdem
2732 4645 2789 4738 at
2819 4645 2958 4754 ὑμῖν
2975 4645 3079 4739 καί
3104 4645 3709 4752 ’τάὲεἶέᾷεζέᾷξξᾶὲῖ

453 4760 804 4816 nominantes
847 4760 1004 4815 illum
1056 4761 1347 4816 Dominum
1404 4772 1460 4818 et
1504 4764 1676 4820 Deum
1728 4766 2024 4837 signiﬁcari

455 4851 630 4915 sci-lis,
671 4852 874 4908 etnihil
910 4851 1190 4908 inferioris
1221 4853 1274 4908 in
1301 4855 1598 4911 Divinitate
1627 4873 1726 4926 per
1755 4861 2026 4916 utrumvis

455 4959 653 4999 nomen
701 4944 769 4999 de
815 4944 910 4998 illo
942 4944 1288 5009 existimatis,
1336 4947 1470 5016 quid
1502 4950 1719 5004 molesti
1756 4951 1914 5007 vobis
1941 4953 2025 5008 af-

452 5034 562 5090 l‘ert
590 5033 961 5104 Dei-parentis
999 5035 1359 5101 vocabulum,
1411 5053 1512 5107 pro
1546 5039 2027 5112 ChriSti-parentis

451 5123 759 5180 vocabulo?
787 5127 852 5181 Et
885 5142 986 5182 cur
1013 5142 1080 5181 ex
1127 5135 1241 5182 toto
1282 5128 1465 5198 potius
1503 5129 2027 5201 Christi-parentem

453 5217 730 5286 appellare
752 5219 954 5272 vultis?
973 5220 1030 5273 Si
1053 5221 1200 5274 enim
1227 5220 1371 5275 idem
1395 5231 1478 5276 est
1497 5221 1749 5276 Christus
1773 5239 1837 5278 ac
1858 5227 2022 5294 Deus,

449 5313 508 5357 et
535 5303 678 5359 idem
704 5305 1188 5377 Christi-parentis
1209 5325 1271 5364 ac
1306 5310 1680 5381 Deivparentis
1701 5315 2017 5382 appellatio.

454 5393 511 5450 Si
547 5409 678 5449 vero
702 5397 849 5451 aliud
869 5398 999 5467 quid
1019 5399 1192 5454 Deum
1223 5399 1377 5456 scitis
1408 5415 1527 5456 esse
1555 5402 1699 5472 apud
1721 5403 2024 5472 Christum,

452 5484 689 5554 priorem
714 5496 949 5541 vestram
978 5490 1225 5545 eamdem
1243 5490 1637 5562 blasphemiam
1670 5494 1947 5562 fatemini;
1971 5506 2026 5552 et

449 5591 561 5631 non
606 5591 704 5647 per
733 5579 1098 5647 posteriorem
1136 5581 1358 5637 demum
1408 5584 1712 5652 incredulis
1755 5588 1924 5642 semel
1969 5600 2026 5646 et

448 5668 635 5741 impiis
659 5670 864 5726 Judaeis
893 5673 1122 5727 omnino
1159 5675 1462 5730 conformis
1503 5677 2026 5737 Christianedissc-

447 5761 592 5817 ritis.
625 5761 732 5817 Sed
770 5762 992 5833 quando
1025 5763 1119 5819 illa
1147 5779 1272 5820 cum
1317 5767 1431 5822 Deo
1460 5768 1603 5824 bene
1645 5784 1746 5825 vos
1788 5770 2023 5826 confessi

448 5853 583 5908 estis
624 5863 680 5908 et
723 5855 1064 5922 ostendistis,
1093 5866 1334 5914 sanctam
1380 5868 1437 5914 et
1481 5861 1686 5931 justam
1732 5873 1789 5918 et
1835 5879 2023 5918 veram

452 5941 874 6012 Dei-parentem
919 5964 1114 6004 revera
1145 5961 1390 6006 sanctam
1430 5953 1707 6022 Virginem
1739 5954 1961 6009 Mariam
1991 5973 2022 6011 e

2127 4777 2361 4848 Χριστὸν
2387 4777 2746 4848 ὀνομάζοντες
2774 4778 2936 4831 αὑτὸν
2961 4777 3055 4830 τὸν
3079 4778 3284 4847 Κύριον
3307 4780 3399 4832 καὶ
3428 4779 3563 4833 Θεὸν
3589 4782 3706 4835 ίστε

2132 4871 2514 4942 σημαίνεσθαι,
2567 4872 2663 4924 καὶ
2715 4871 2869 4925 οὐδὲν
2917 4865 3082 4942 ἦττον
3102 4873 3183 4933 είς
3216 4870 3448 4942 θεότητα
3477 4873 3570 4926 διὰ
3609 4873 3710 4927 θα-

2127 4962 2290 5034 τέρου
2318 4963 2424 5016 τῶν
2444 4961 2723 5031 ὀνομάτων
2745 4961 2876 5031 περὶ
2897 4959 3063 5014 αὐτοῦ
3089 4960 3390 5030 λογίζεσθε,
3419 4963 3474 5015 τί
3510 4963 3702 5033 δυσχε·

2131 5054 2345 5125 ραίνετε
2379 5055 2471 5106 ἐπὶ
2511 5057 2577 5124 τῇ
2603 5053 2869 5116 Θεοτόκος
2906 5056 3081 5124 φωνῇ,
3114 5055 3236 5108 ἀντὶ
3269 5054 3372 5123 τῆς
3407 5055 3708 5126 Χριστοτόο

2127 5160 2227 5198 κου
2253 5161 2268 5210 ;
2311 5144 2407 5198 καὶ
2426 5144 2510 5208 ’ώς
2539 5146 2602 5197 ὲκ
2627 5143 2721 5197 τοῦ
2746 5144 2870 5197 ὅλου
2905 5144 3107 5214 μᾶλλον
3159 5146 3529 5215 Χριστοτόκον
3563 5149 3709 5202 ἀπο-

2128 5235 2316 5290 καλεῖν
2355 5236 2614 5306 βούλεσθε
2643 5254 2658 5302 ;
2714 5237 2776 5290 Εί
2816 5237 2926 5308 γὰρ
2946 5237 3142 5291 ταυτὸν
3189 5239 3425 5307 Χριστὸς
3455 5240 3538 5303 τῷ
3564 5241 3708 5312 Θεῷ,

2129 5327 2223 5382 καὶ
2247 5330 2280 5400 ή
2315 5328 2678 5398 Χριστοτόκος
2706 5331 2774 5399 τῇ
2798 5329 3048 5398 Θεοτόκῳ
3071 5328 3340 5401 ὀνομασίᾳ
3363 5346 3379 5362 ο
3420 5333 3471 5383 εί
3503 5332 3563 5384 δὲ
3592 5332 3712 5384 ἓτε-

2131 5415 2222 5486 ρόν
2257 5433 2311 5469 τι
2363 5418 2476 5469 ἴστε
2515 5417 2647 5470 Θεὸν
2682 5419 2833 5487 παρὰ
2880 5417 2941 5469 τὸ
2991 5418 3245 5489 Χριστὸν,
3287 5417 3516 5489 πρώτην
3553 5421 3710 5489 ὑμῶν

2127 5507 2334 5578 ταύτην
2361 5509 2460 5578 τὴν
2487 5507 3174 5579 βλασφημίανόμολογεῖτε
3192 5525 3207 5539 ·
3240 5511 3334 5563 καὶ
3363 5511 3424 5564 οὐ
3450 5514 3580 5581 περὶ
3609 5513 3710 5582 τῆς

2126 5598 2388 5669 δευτέρας
2416 5599 2602 5652 λοιπὸν
2630 5599 2706 5664 ὠς
2749 5601 2926 5670 πάντη
2959 5600 3216 5664 ἀπίστοις
3243 5600 3388 5666 ἅπαξ
3439 5604 3536 5656 καὶ
3572 5604 3707 5656 άσε-

2127 5687 2278 5741 σέσιν
2341 5690 2649 5754 Ἰουδαίοις,
2696 5691 3097 5761 Χριστιανικῶς
3159 5692 3707 5763 προσδιαλεγόμεθαο

2127 5779 2242 5832 ἀλλ’
2297 5781 2420 5834 ἐπεὶ
2467 5782 2639 5836 ταῦτα
2693 5783 2792 5836 σὺν
2819 5783 2938 5854 Θεῷ
2986 5783 3165 5847 καλῶς
3191 5785 3318 5853 ὑμῖν
3355 5783 3707 5857 ὡμολόγηται

2127 5870 2224 5924 καὶ
2261 5872 2675 5937 ἀποδέδεικται,
2726 5875 2872 5928 ὅσιον
2904 5875 3001 5928 καὶ
3044 5875 3254 5929 δίκαιον
3303 5877 3399 5930 καὶ
3448 5877 3708 5948 ἀληθινὸν

2144 5963 2410 6018 Θεοτόκον
2432 5964 2600 6030 ὅντως
2619 5965 2716 6037 τὴν
2742 5965 2902 6034 ἁγίαν
2927 5967 3200 6038 Παρθένον
3222 5968 3439 6040 Μαρίαν
3462 5971 3521 6023 ὲν
3541 5972 3706 6039 οὐρα-
