4042 6558
339 497 476 562 1713
1281 509 1676 570 ADVERSUS
1716 507 1927 569 NEST(

2026 506 2258 566 [ΑΝΟΞ.
2277 529 2346 542 -
2369 505 2512 564 LIB.
2557 506 2653 565 IV.
3443 501 3580 567 1714

334 612 450 672 νοίς
476 607 786 678 ὑμνεῖσθαι,
817 611 912 676 xui
941 612 1036 666 ἐπὶ
1064 613 1170 683 γῆς
1191 618 1638 690 προσκυνεῖσθαι.
1666 615 1904 686 σώφρονι

2026 611 2160 667 :(elis
2187 611 2490 678 celebrari,
2531 623 2586 668 et
2621 612 2678 666 in
2723 619 2868 668 terra
2910 614 3166 680 adorari,
3209 618 3440 687 sapienti
3491 636 3578 674 re-

337 700 584 771 λογισμῷ
622 703 718 755 καὶ
751 704 1056 776 ἀμωλύντῳ
1087 706 1297 779 διανοίᾳ
1349 708 1555 778 χείλεσι
1608 727 1667 762 τε
1717 710 1907 778 ἁγνοῖς

2026 700 2242 756 lexione
2270 710 2326 756 et
2363 701 2564 756 invicta
2587 701 2916 772 cogitatione
2944 707 3204 775 purisque
3235 707 3398 762 labiis
3424 717 3480 762 et
3511 707 3581 760 ab

338 793 434 846 xui
463 793 568 847 ὑπὸ
591 793 810 848 πάντων
859 796 1324 869 μακαριζομένην,
1351 798 1447 852 νῦν
1491 800 1548 853 δὲ
1575 801 1667 853 xui
1695 801 1775 864 εις
1805 800 1910 853 πά-

2026 791 2268 847 )mnibus
2296 792 2858 863 beatampraedieari,
2885 811 3037 851 nunc
3077 807 3258 852 autem
3290 809 3346 853 et
3379 798 3432 851 in
3464 813 3581 851 om-

340 899 442 947 σας
470 883 568 947 τὰς
599 885 792 952 γενεὰς
829 886 936 940 τῶν
965 886 1198 943 αἰώνων.
1239 890 1435 961 Ἀμήν.
1476 889 1660 944 Ταῦτα
1689 890 1788 960 μὲν
1815 885 1910 944 οὖν

2026 901 2109 942 res
2139 886 2521 956 generationes
2562 885 2910 940 saeculorum.
2955 887 3150 942 Amen.
3202 888 3329 944 [lare
3360 888 3580 958 quidem

341 975 474 1042 παρ’
503 976 661 1044 ἡμῶν
695 977 832 1047 πρὸς
861 977 1007 1048 ὑμᾶς
1039 977 1137 1049 τὴν
1173 979 1348 1050 ἀληθῆ
1377 998 1435 1034 τε
1465 982 1559 1035 xui
1590 982 1911 1051 πρέπουσαν

2026 977 2180 1047 ηείιιιι·
2221 993 2251 1031 a
2287 976 2450 1031 nobis
2478 975 2544 1029 ad
2572 990 2669 1030 vos
2709 975 2856 1030 dicta
2887 987 3018 1033 sunt
3059 995 3243 1032 veram
3277 987 3330 1032 et
3378 993 3582 1032 conve-

345 1065 670 1136 ιδικωτάτην
726 1067 1020 1137 ὀνομασίαν
1063 1072 1162 1141 τῆς
1191 1071 1355 1141 ἁγίας
1398 1073 1674 1144 Παρθένου
1719 1071 1913 1128 Geo-:6-

345 1173 443 1210 κου
469 1173 543 1210 πα
553 1174 739 1227 ραιτου
749 1158 964 1229 μένους.

908 1294 1162 1350 ΚΕΦΑΛ.
1211 1293 1340 1350 AII'.

348 1379 478 1433 ὀτι
502 1380 647 1435 οὐδὲ
695 1382 840 1462 Θεὸς
885 1386 920 1462 d_
967 1385 1221 1452 Χριστὸς
1254 1388 1494 1462 εὶκόζως
1542 1385 1912 1460 ὀνομάζεται,

731 1456 993 1521 τολμῶσι
1035 1456 1523 1516 κατασκευάζειν.

421 1559 550 1624 Θεὸς
573 1553 640 1634 ἦν
667 1562 697 1615 ό
727 1562 900 1630 Λόγος
931 1578 945 1594 °
977 1565 1200 1632 γέγονεν
1220 1565 1506 1636 ἄνθρωπος
1529 1583 1544 1598 ο
1567 1568 1616 1620 εἰ
1652 1568 1915 1634 Θεοτόκος

350 1653 382 1720 ἡ
417 1651 714 1723 Παρθένος,
748 1653 907 1722 δῆλον
939 1649 1101 1708 δτιοῦ
1143 1650 1213 1726 ἦν
1261 1658 1288 1708 ό
1321 1655 1514 1724 Λόγος,
1556 1656 1673 1711 ἐστι
1713 1659 1916 1732 Μήτηρ

351 1745 385 1812 ἡ
413 1742 703 1813 Παρθένος,
722 1745 842 1814 οὐχὶ
857 1740 918 1796 οὗ
944 1745 1171 1812 γέγονεν
1198 1761 1212 1775 ’
1248 1748 1294 1799 εἰ
1316 1746 1372 1799 δὲ
1400 1746 1488 1801 διὰ
1519 1749 1609 1801 τὸν
1631 1748 1916 1821 ἄνθρωπον

351 1831 461 1901 ἔχει
492 1833 724 1905 μητέρα.
751 1835 847 1888 τοῦ
876 1834 1163 1907 ἀνθρώπου
1193 1833 1420 1910 Μητέρα
1442 1839 1515 1912 μὴ
1561 1839 1794 1910 ἔχοντος,
1827 1843 1918 1895 ού-

2009 1069 2256 1123 nientem
2305 1067 2583 1138 propriam
2638 1067 2871 1121 maxime
2926 1069 3346 1138 appellationem
3383 1078 3585 1124 sancta;

2012 1157 2250 1230 Virginis
2271 1158 2640 1229 Dei-parentis
2673 1165 2949 1228 rogantes.

2561 1289 2709 1347 CAP.
2749 1291 3036 1346 XXXVIII.

2121 1381 2273 1448 Quod
2297 1381 2535 1438 Christus
2565 1399 2669 1436 non
2699 1399 2817 1437 vere
2856 1384 3048 1451 dicitur
3073 1383 3213 1438 Deus
3251 1399 3484 1438 asserere

2632 1454 2966 1507 audentibus.

2084 1565 2230 1619 Deus
2263 1571 2382 1619 erat
2410 1564 2675 1631 Verbum,
2717 1565 2923 1620 factum
2965 1573 3049 1621 est
3084 1566 3286 1632 homo;
3317 1582 3386 1620 an
3423 1566 3590 1636 Virgo

2015 1655 2089 1711 sit
2138 1656 2307 1710 Mater
2333 1655 2451 1720 Dei,
2485 1671 2615 1710 sane
2643 1653 2809 1726 Virgo
2834 1658 2952 1726 ejus
2975 1665 3068 1712 est
3096 1658 3268 1713 Mater
3297 1659 3452 1729 cujus
3474 1667 3592 1718 erat

2016 1749 2281 1813 Verbum,
2312 1765 2422 1803 non
2466 1748 2623 1820 cujus
2649 1746 2855 1802 factum
2899 1759 2982 1804 est
3011 1769 3023 1804 :
3056 1765 3125 1804 an
3162 1750 3464 1804 secundum
3494 1751 3593 1806 ho-

2018 1841 2221 1896 minem
2264 1851 2495 1896 matrem
2541 1839 2769 1906 habeat,
2818 1840 3042 1896 homine
3075 1851 3304 1896 matrem
3353 1857 3462 1897 non
3497 1843 3595 1897 ha-

352 1918 410 2012 δὲ
449 1919 556 1988 ἄρα
588 1921 616 1973 ὀ
649 1922 821 1990 Λόγος
852 1922 1075 1978 δύναται
1107 1924 1252 1996 ἔχειν
1275 1928 1507 1999 μητέρα.
1556 1928 1717 1982 Ἀλλὰ
1737 1933 1832 1984 xui
1851 1925 1914 1986 οὗ

2026 1933 2207 1998 bente,
2258 1948 2389 1987 sane
2420 1931 2661 1986 Verbum
2708 1941 2940 1987 matrem
2986 1933 3189 1988 habere
3235 1949 3344 1990 non
3391 1944 3588 2004 potest.

348 2004 418 2078 ἦν
441 2010 534 2062 xui
568 2010 790 2080 γέγονεν
828 2014 856 2066 6
905 2015 1097 2083 Λόγος,
1139 2016 1254 2070 ἐστι
1296 2019 1536 2089 μήτηρή
1591 2020 1868 2093 Παρθένος
1895 2039 1909 2054 ο

352 2102 446 2152 καὶ
475 2102 592 2171 ἅμα
625 2104 744 2173 μὲν,
780 2104 896 2158 ἀλλ’
925 2107 1022 2176 οὐχ
1053 2107 1252 2177 ὁμοίως
1273 2125 1287 2141 ·
1320 2109 1413 2162 τοῦ
1440 2111 1538 2180 μὲν
1569 2112 1677 2182 γὰρ
1715 2112 1914 2180 Λόγου,

349 2190 424 2253 ὡς
441 2191 505 2257 ἐξ
534 2193 705 2262 αὐτῆς
725 2195 920 2264 ἐναρξα
928 2196 1090 2266 μένου
1109 2200 1440 2269 σαρκώσεως
1459 2215 1473 2231 '
1507 2202 1606 2273 τῆς
1619 2203 1675 2258 δὲ
1691 2203 1917 2276 σαρκὸς,

349 2281 428 2346 ὡς
458 2283 517 2350 ἐξ
544 2285 714 2354 αὐτῆς
746 2287 1119 2362 έναρξαμένης
1152 2292 1462 2363 ὑπάρξεως.

926 2403 1178 2459 ΚΕΦΑΛ.
1209 2406 1334 2460 ΛΘ¹.

421 2484 578 2538 Κατὰ
608 2487 706 2558 μὲν
729 2488 818 2543 τὸν
866 2493 1175 2564 προφήτην,
1223 2495 1284 2548 τὸ
1345 2497 1695 2570 Ἐμμανουὴλ
1722 2499 1916 2572 ὄνομα,

353 2580 579 2649 σημείου
619 2583 767 2634 ἐστὶν
797 2581 969 2654 ὄνομα
1005 2584 1100 2638 τοῦ
1129 2587 1192 2640 ὲκ
1223 2590 1322 2658 τῆς
1362 2589 1640 2659 Παρθένου
1678 2592 1757 2660 τῷ
1787 2595 1922 2664 οἴκῳ

283 2688 287 2692 ·
350 2672 514 2726 Δαϐὶδ
533 2675 852 2744 τικτομένου
874 2694 932 2730 τε
959 2677 1054 2731 xui
1077 2679 1354 2751 διδομένου
1390 2685 1588 2746 ’,κατὰ
1616 2684 1673 2738 δὲ
1702 2685 1795 2738 τὸν
1823 2687 1916 2739 Αἰ·

352 2761 600 2830 γύπτιον,
627 2765 722 2818 τοῦ
745 2765 972 2838 δοτῆρος
988 2769 1082 2822 τοῦ
1116 2772 1341 2841 σημείου
1375 2773 1509 2827 Θεοῦ
1541 2777 1655 2830 ἐστι
1703 2778 1765 2831 τὸ
1803 2778 1923 2832 δνο-

356 2871 432 2923 μα
459 2854 520 2906 τὸ
549 2854 917 2929 Ἐμμανουήλ.
962 2859 1100 2913 Ἀλλ’
1119 2861 1179 2914 οὐ
1207 2866 1428 2934 σημεῖόν
1461 2867 1610 2920 ἐστιν
1639 2868 1667 2921 ὁ
1705 2869 1922 2940 Ἐμμα-

355 2947 518 3016 νουήλ
543 2963 555 2976 ·
580 2948 753 3019 ὄνομα
774 2951 882 3021 γάρ
910 2952 1028 3005 ἐστι
1061 2953 1413 3022 ύποστόισεώς
1453 2977 1599 3023 τινος
1655 2978 1924 3034 σημαντι-

355 3037 471 3102 κὸν,
505 3039 628 3092 καθ’
650 3041 718 3111 ἢν
736 3041 859 3113 μεθ’
888 3043 1044 3114 ἡμῶν
1059 3043 1169 3098 τῶν
1194 3045 1495 3118 ἀνθρώπων
1523 3049 1656 3115 Θεὸς
1696 3053 1885 3120 γέγονε
1905 3069 1921 3086 ⁸

357 3128 473 3192 πῶς
500 3130 556 3183 δὲ
592 3132 812 3200 γέγονεν
844 3134 964 3204 μεθ’
992 3135 1224 3208 ήμῶν,ἢ
1277 3137 1433 3208 δῆλον
1480 3141 1556 3204 ὡς
1600 3144 1692 3196 xui
1731 3144 1924 3215 πρώην

355 3219 652 3291 διειστήκει
687 3224 871 3294 ήμῶν;
895 3226 1146 3297 διέστηκε
1172 3229 1229 3282 δὲ
1260 3230 1415 3299 ἡμῶν
1443 3231 1594 3298 Θεὸς,
1632 3234 1732 3288 οὐκ
1769 3237 1923 3306 ἐνερ-

2017 2025 2125 2081 Sed
2167 2034 2223 2080 et
2271 2017 2550 2096 ejus'erat
2596 2025 2839 2081 Verbum
2886 2034 2941 2080 et
2991 2027 3147 2096 cujus
3190 2035 3438 2082 sanctum
3484 2035 3590 2092 est,

2014 2117 2134 2186 ejus
2165 2125 2249 2171 est
2283 2115 2453 2169 Mater
2480 2115 2674 2186 Virgo,
2724 2124 2780 2168 et
2825 2114 2987 2170 simul
3039 2117 3262 2186 quidem
3285 2157 3298 2182 ,
3353 2116 3447 2171 sed
3482 2133 3592 2170 non

2019 2204 2183 2260 simili
2209 2204 2393 2270 modo,
2429 2205 2592 2260 Verbi
2644 2204 2887 2274 quidem,
2941 2214 3000 2259 ut
3047 2222 3113 2260 ex
3164 2207 3255 2261 illa
3301 2207 3591 2270 incarnati,

2018 2293 2201 2348 carnis
2224 2310 2355 2349 vero
2389 2306 2448 2348 ut
2475 2310 2543 2349 ex
2573 2293 2665 2347 illa
2693 2295 3056 2348 substantiam
3087 2296 3428 2366 accipientis.

2577 2404 2728 2462 CAP.
2787 2403 3032 2460 XXXIX.

2091 2496 2405 2556 Secundum
2455 2498 2811 2568 prophetam,
2863 2513 3061 2552 nomen
3110 2498 3465 2563 Emmanuel,
3512 2510 3597 2554 est

2019 2605 2223 2644 nomen
2249 2590 2389 2660 signi
2421 2605 2488 2644 ex
2522 2590 2746 2660 Virgine
2779 2589 2910 2644 editi
2942 2602 2997 2644 et
3024 2591 3213 2645 domui
3247 2591 3415 2646 David
3459 2593 3594 2654 dati,

2021 2680 2322 2736 secundum
2371 2680 2659 2751 Egyptium
2712 2696 2844 2734 vero
2892 2681 3214 2736 Emmanuel
3261 2698 3462 2738 nomen
3513 2693 3598 2739 est

2021 2772 2117 2828 Dei
2150 2772 2365 2844 signum
2400 2771 2604 2826 dantis.
2629 2770 2734 2825 Sed
2769 2770 3091 2826 Emmanuel
3113 2774 3330 2844 signum
3358 2790 3465 2846 non
3492 2784 3596 2840 est,

2022 2860 2294 2930 siquidem
2323 2875 2520 2914 nomen
2549 2868 2635 2914 est
2659 2859 2971 2931 significans
2999 2862 3293 2932 quamdam
3338 2864 3599 2935 liyposta-

2021 2950 2130 3016 sin,
2163 2949 2458 3005 secundam
2490 2964 2654 3020 quam
2679 2950 2964 3008 nobiscum
2991 2952 3310 3009 hominibus
3339 2953 3482 3010 Deus
3503 2957 3599 3010 ad-

2020 3041 2201 3108 venit;
2253 3041 2531 3112 quomodo
2584 3058 2719 3099 vero
2777 3043 3002 3098 advenit
3045 3045 3366 3112 nobiscum,
3415 3062 3595 3102 annon

2023 3132 2253 3187 evidens
2277 3134 2422 3202 quod
2465 3131 2630 3190 antea
2668 3132 2856 3188 aberat
2885 3149 2916 3188 a
2947 3133 3142 3190 nobis?
3167 3135 3314 3190 Deus
3349 3136 3540 3192 aberat
3566 3152 3599 3192 α

2026 3223 2209 3291 nobis,
2245 3241 2356 3278 non
2382 3225 2608 3290 virtute,
2632 3241 2742 3279 non
2766 3224 3112 3293 habitudine,
3137 3243 3419 3297 nunquam
3444 3227 3598 3294 loco;

355 3308 498 3378 γείᾳ,
532 3311 592 3364 οὐ
625 3314 825 3382 σχέσει,
860 3318 920 3367 ού
945 3316 1095 3388 τόπῳ
1125 3317 1346 3372 πώποτε
1375 3336 1389 3351 ·
1442 3321 1603 3388 φύσει
1629 3325 1760 3394 ἄρα,
1785 3325 1926 3379 ὥστε

2032 3323 2228 3370 natura
2259 3331 2411 3382 vero,
2449 3316 2721 3386 siquidem
2767 3326 2965 3371 nostra:
3012 3326 3224 3372 natura:
3252 3335 3408 3374 suam
3439 3330 3604 3374 natu-

358 3403 452 3455 xui
481 3403 640 3472 φύσει
691 3409 756 3477 τῇ
791 3409 1036 3479 ἡμετέρᾳ
1070 3410 1164 3463 νῦν
1195 3403 1399 3482 ἥνωται
1448 3414 1546 3486 τὴν
1593 3415 1775 3485 φύσιν,
1834 3420 1928 3472 xui

357 3492 506 3547 ἔστιν
523 3495 691 3560 ὅντως
710 3499 828 3565 μεθ’
857 3503 889 3570 ἡ
900 3500 1015 3570 μῶν
1038 3518 1052 3534 ’
1093 3505 1319 3574 σημεῖον
1348 3505 1408 3557 δὲ
1438 3507 1497 3558 ού
1528 3507 1752 3576 γέγονεν
1799 3510 1922 3581 μεθ’

335 3585 515 3654 ⁵ἡμῶν
538 3603 552 3616 ο
586 3589 699 3641 ἀλλ’
733 3591 844 3659 εῐγε
867 3593 961 3645 xui
986 3593 1094 3665 ἄρα
1110 3596 1167 3646 ἐν
1192 3597 1325 3666 ἡμῖν
1380 3614 1465 3662 τις
1500 3599 1661 3666 εῐποι,
1710 3603 1771 3655 ού
1806 3603 1927 3670 μεθ’

359 3676 517 3746 ἡμῶν
531 3679 592 3730 τὸ
623 3684 846 3750 σημεῖον
871 3699 884 3712 ·
925 3684 1018 3737 τοῦ
1047 3685 1104 3738 δὲ
1137 3687 1450 3756 Ἐμμανοὺ,
1484 3689 1543 3743 τὸ
1569 3693 1700 3761 μεθ’
1759 3694 1930 3764 ἡμῶν

357 3767 795 3840 ὡμολογημένως
825 3775 1183 3844 σημαίνοντος
1218 3779 1358 3832 κατὰ
1394 3779 1700 3851 Ἐϐραίους,
1749 3784 1809 3837 τὸ
1836 3784 1924 3855 ἢλ,

363 3858 464 3910 ποῦ
497 3877 625 3914 ποτε
655 3863 898 3935 ἀκήκοαν
955 3870 1184 3937 σημεῖον
1243 3870 1555 3941 σημαίνειν⁹
1603 3875 1698 3929 xui
1745 3876 1806 3930 οὐ
1837 3877 1930 3931 τὸν

360 3949 492 4002 Θεὸν
523 3951 708 4019 σαφῶς
734 3952 911 4022 λέγειν
926 3971 940 4021 ;

959 4068 1211 4126 ΚΕΦΑΛ.
1239 4073 1330 4128 Μ’.

429 4155 550 4208 Τῶν
582 4158 916 4227 τικτομένων
951 4161 984 4231 ἠ
1018 4162 1200 4230 φύσις,
1238 4162 1412 4228 Θετοτς
1459 4164 1722 4238 ὀνόμασιν
1765 4171 1929 4225 οὐδα-

365 4246 465 4315 μοῦ
500 4249 905 4318 παραδηλοῦται
938 4267 951 4281 ·
996 4251 1066 4306 τὰ
1105 4257 1213 4323 γὰρ
1238 4253 1368 4310 Θετὰ
1388 4259 1650 4329 ὀνόματα,
1703 4261 1814 4317 τῶν
1857 4267 1925 4336 τῇ

361 4337 518 4405 φύσει
571 4339 978 4407 συμϐαινόντων
1011 4343 1127 4398 ἔστι
1183 4349 1495 4418 σημαντικὰ
1522 4367 1536 4381 ·
1581 4352 1823 4408 τοιοῦτον
1870 4355 1928 4410 δὲ
1979 4361 1983 4364 ⁴

362 4427 456 4480 xui
471 4427 531 4480 τὺ
563 4429 912 4503 Ἐμμανουήλ
940 4433 1133 4502 ὄνομα,
1160 4434 1253 4488 ἅτε
1289 4434 1439 4491 Θετὸν
1475 4438 1671 4509 ὄνομα.
1707 4443 1783 4498 Οὐ
1828 4445 1928 4516 τὴν

361 4518 522 4587 φύσιν
555 4517 647 4573 οὖν
679 4520 832 4592 δηλοῖ
878 4524 971 4577 τοῦ
1010 4525 1290 4590 λαϐόντος,
1343 4529 1436 4582 τοῦ
1495 4531 1846 4606 Ἐμμανουὴλ
1892 4539 1926 4608 ή

2027 3422 2144 3461 ram
2188 3407 2394 3474 univit,
2435 3415 2492 3462 et
2532 3422 2661 3462 vere
2696 3415 2780 3464 est
2830 3407 3140 3462 nobiscum.
3195 3408 3420 3480 Signum
3471 3426 3604 3465 vero

2025 3512 2136 3550 non
2170 3497 2397 3552 advenit
2427 3497 2736 3563 nobiscum,
2773 3496 2867 3551 sed
2899 3497 2944 3551 si
2983 3497 3205 3567 quando
3234 3497 3375 3553 forte
3415 3499 3606 3568 loque-

2028 3598 2184 3642 retur
2223 3588 2348 3658 quis
2394 3588 2450 3642 in
2481 3588 2660 3652 nobis,
2703 3603 2813 3641 non
2843 3599 2988 3643 esset
3031 3576 3245 3659 signum
3294 3588 3602 3644 nobiscum.

2027 3679 2217 3746 Quoad
2277 3679 2544 3733 Emmanu
2604 3678 2921 3748 signiﬁcans
2980 3678 3283 3734 secundum
3347 3679 3606 3735 Hebraeos

2028 3771 2399 3826 communiter
2433 3769 2579 3840 quod
2602 3774 2698 3836 est?
2751 3770 3042 3825 nobiscum.
3085 3770 3193 3826 Ubi
3226 3787 3465 3840 unquam
3509 3787 3606 3826 au-

2029 3859 2205 3914 ditum
2231 3869 2315 3915 est
2348 3858 2562 3929 signum
2597 3857 2949 3928 significare,
2977 3873 3081 3916 nec
3127 3859 3299 3914 Deum
3330 3859 3608 3931 sapienter

2028 3950 2178 4020 loqui
2196 3950 2219 4003 ?

2099 4152 2361 4208 Natorum
2395 4161 2590 4209 natura
2615 4169 2886 4223 nusquam
2933 4150 3252 4225 designatur
3292 4152 3608 4210 nominibus

2031 4243 2328 4314 impositis,
2362 4261 2488 4299 nam
2529 4244 2753 4299 nomina
2785 4244 3039 4314 imposita
3081 4253 3211 4299 sunt
3249 4244 3608 4316 signiﬁcativa

2031 4329 2401 4391 accidentium
2432 4346 2643 4389 natura:
2670 4352 2682 4387 :
2709 4333 3024 4404 hujusmodi
3050 4342 3136 4389 est
3163 4349 3364 4388 nomen
3392 4333 3610 4388 Emma-

2029 4426 2180 4489 nuel,
2213 4435 2401 4497 utpote
2429 4441 2634 4484 nomen
2665 4426 3016 4496 impositum;
3062 4425 3354 4495 appellatio
3385 4425 3607 4502 Emma-

2030 4522 2158 4576 nuel
2179 4536 2310 4591 ergo
2333 4519 2638 4575 secundum
2676 4518 2990 4590 Egyptium
3016 4525 3264 4571 naturam
3288 4517 3609 4584 accipientis

361 4612 550 4682 κλῆσις
578 4615 720 4666 κατὰ
741 4614 832 4667 τὸν
862 4616 1157 4683 Αίγύπτιον
1183 4635 1197 4647 ο
1236 4619 1370 4672 ἀλλὰ
1400 4620 1535 4674 Θεοῦ
1579 4623 1678 4693 τὴν
1705 4641 1927 4696 συμμα-

2032 4632 2142 4670 non
2173 4615 2447 4685 designat,
2480 4611 2577 4666 sed
2611 4626 2733 4666 esse
2781 4609 3040 4664 unionem
3071 4608 3168 4663 Dei
3195 4625 3320 4662 cum
3354 4609 3608 4664 acciden-

359 4701 484 4772 χίαν
517 4698 678 4768 εἶναι,
711 4703 850 4773 μετὰ
878 4705 986 4757 τῶν
1018 4706 1318 4776 εἰληφότων
1368 4709 1429 4762 τὸ
1475 4710 1821 4783 Ἐμμανουὴλ
1851 4715 1932 4778 εἰς

362 4796 588 4864 σημεῖον
617 4795 855 4865 ἐκείνης.
901 4797 1044 4848 Ἀλλ’
1078 4798 1231 4852 οὐδὲν
1266 4798 1454 4870 ἕτερον
1483 4800 1654 4872 ὄνομα
1703 4803 1869 4858 ίδικὸν
1902 4807 1931 4860 ὃ

361 4887 494 4954 φασί
517 4903 660 4950 τινες
678 4887 771 4940 xui
789 4887 991 4958 Κύριον
1018 4888 1184 4958 ἤγουν
1216 4891 1276 4942 τὺ
1296 4891 1418 4944 καθ’
1438 4893 1786 4959 ὑποστάσεως
1815 4897 1932 4964 ἑνὸς

363 4979 655 5050 προσώπου
693 4979 965 5051 κείμενον,
987 4982 1200 5051 φύσεώς
1233 4985 1346 5037 ἐστι
1373 4985 1669 5056 δηλωτικὸν
1696 4989 1882 5053 ἁπλῶς
1912 5006 1927 5021 ο

361 5069 482 5123 οὕτε
514 5071 625 5141 γὰρ
651 5071 964 5150 όριστικῶς,
1000 5073 1117 5128 ἀλλ’
1154 5075 1274 5128 οὐδὲ
1317 5079 1690 5147 σημαντικῶς,
1734 5078 1810 5144 ὡς
1861 5081 1934 5136 τὰ

359 5163 515 5217 κοινὰ
549 5165 644 5218 xui
665 5165 1046 5235 προσηγορικὰ
1103 5165 1213 5219 τισὶ
1243 5168 1515 5238 λεγόμενα
1541 5169 1802 5241 ὀνόματα,
1839 5174 1932 5226 ἐπὶ

359 5254 460 5324 τὴν
497 5255 686 5309 οὐσίαν
737 5257 1053 5328 ἀναπέμπει
1082 5257 1180 5330 τὴν
1233 5260 1442 5315 ἔννοιαν
1474 5275 1490 5291 ⁶
1545 5261 1662 5315 ἀλλ’
1693 5264 1812 5318 οὐδὲ
1871 5265 1933 5318 τὸ

361 5349 610 5402 ὁπωσοῦν
640 5348 781 5402 κατὰ
810 5351 1078 5406 πλειόνων
1107 5369 1123 5384 ο
1151 5353 1340 5416 ξάνθον
1362 5353 1470 5426 γὰρ
1495 5355 1661 5409 ἵππον
1685 5357 1808 5410 τινὰ
1837 5341 1950 5412 και

362 5437 608 5508 ποταμὸν
647 5438 742 5492 xui
763 5439 1068 5507 ἄνθρωπον,
1106 5442 1222 5495 ἔστι
1266 5433 1642 5516 φαντασθῆναι
1668 5445 1935 5501 ἀκούσαν-

359 5544 461 5592 τας
495 5545 509 5560 ⁸
535 5529 643 5596 τῶν
669 5526 763 5582 οὖν
791 5531 1160 5602 προσωπικῶν
1189 5533 1469 5604 ὀνομάτων
1495 5535 1582 5589 ἀεὶ
1616 5537 1788 5601 Θετοῖς
1818 5553 1928 5590 τισι

362 5622 458 5673 xui
497 5621 870 5693 συμϐεϐηκόσι
903 5626 1023 5687 ταῖς
1077 5625 1288 5687 οὐσίαις
1329 5625 1634 5694 δηλούντων
1663 5627 1762 5691 τὰς
1797 5629 1934 5681 ὑπο-

365 5713 605 5775 στάσεις,
630 5711 738 5781 ἄρα
764 5729 828 5781 γε
862 5714 956 5765 xui
985 5715 1046 5767 τὸ
1079 5715 1450 5786 Ἐμμανουήλ,
1477 5715 1619 5769 κατὰ
1637 5714 1930 5785 προσώπου

364 5803 616 5874 κείμενόν
662 5805 801 5872 ἐστι,
850 5805 974 5858 καθ’
1006 5805 1035 5858 ὃ
1092 5807 1382 5878 πρόσωπον
1414 5806 1762 5878 συμϐέϐηκεν
1803 5808 1936 5878 ἡμῖν

368 5895 648 5952 κοινωνίαν
671 5895 815 5967 ἔχειν
842 5896 978 5966 πρὸς
1012 5897 1144 5953 Θεόν
1165 5914 1180 5930 ·
1211 5899 1370 5972 εἴπερ
1399 5899 1629 5972 μεσίτης
1663 5899 1801 5955 Θεοῦ
1839 5899 1935 5954 xui

2035 4707 2183 4760 tibus
2235 4701 2562 4760 Emmanuel
2621 4703 2677 4756 in
2727 4701 2943 4772 signum
2997 4701 3179 4756 istius.
3235 4699 3343 4754 Sed
3396 4701 3608 4754 nullum

2033 4797 2184 4852 aliud
2232 4813 2433 4851 nomen
2470 4796 2735 4867 speciale;
2765 4795 2911 4866 quod
2947 4795 3173 4866 quidam
3223 4795 3390 4867 igitur
3419 4795 3606 4850 Domi-

2032 4906 2166 4945 num
2197 4888 2654 4959 dicunt,positnm
2683 4887 2785 4942 sub
2821 4887 3056 4958 imagine
3088 4888 3252 4942 unius
3277 4888 3606 4958 bypostasis,

2033 4981 2360 5051 simpliciter
2401 4981 2650 5052 designat
2700 4988 2974 5034 naturam.
3020 4979 3128 5035 Sed
3159 4996 3264 5035 nec
3304 4979 3606 5046 deﬁnitive,

2033 5085 2137 5125 nec
2165 5070 2545 5140 signitieative,
2580 5078 2639 5122 ut
2679 5067 2904 5122 nomina
2928 5069 3241 5124 communia
3275 5079 3330 5124 et
3369 5071 3607 5140 appella-

2035 5163 2146 5217 tiva
2172 5161 2450 5231 aliquibus
2473 5161 2618 5215 dicta
2642 5160 2932 5215 remittunt
2974 5161 3362 5231 cogitationem
3415 5159 3468 5214 in
3507 5176 3608 5214 na-

2035 5271 2150 5309 ram
2187 5255 2510 5324 plerumque
2542 5251 2680 5306 nihil
2719 5251 2944 5307 omnino
2990 5251 3255 5306 indicant.
3285 5253 3390 5306 Per
3418 5267 3608 5307 vocem

2034 5348 2180 5403 enim
2226 5345 2451 5410 ξάνθον
2477 5344 2717 5416 (ﬂavum)
2751 5343 3041 5400 audientes
3068 5344 3172 5398 sibi
3200 5357 3430 5414 possunt
3451 5345 3609 5399 eﬂin-

2034 5452 2161 5508 gere
2210 5451 2413 5506 equum
2458 5433 2770 5504 quemdam,
2813 5434 2896 5488 vel
2926 5434 3154 5489 ﬂuvium
3203 5445 3259 5490 et
3305 5435 3605 5490 hominem.

2033 5526 2169 5582 Cum
2193 5526 2359 5596 igitur
2380 5525 2602 5580 nomina
2631 5524 2944 5594 personalia
2975 5524 3177 5580 additis
3201 5525 3524 5596 quibusdam
3555 5532 3612 5578 et

2035 5620 2415 5675 accidentibus
2491 5618 2927 5673 substantiarum
2993 5635 3210 5689 semper
3290 5619 3610 5690 bypostases

2037 5714 2360 5784 designant;
2395 5725 2527 5781 ergo
2549 5721 2604 5765 et
2630 5725 2832 5766 nomen
2871 5712 3189 5767 Emmanuel
3218 5726 3463 5782 persona:
3510 5710 3609 5764 tri-

2008 5804 2224 5871 ,buitur
2261 5818 2356 5871 per
2398 5817 2560 5870 quam
2596 5801 2798 5855 accidit
2843 5803 3002 5856 nobis
3040 5802 3358 5856 societatem
3407 5801 3608 5854 habere

2037 5913 2161 5954 cum
2193 5897 2304 5953 Deo
2335 5914 2347 5951 :
2391 5895 2664 5966 siquidem
2694 5897 2790 5952 Dei
2823 5903 2879 5951 et
2923 5894 3209 5950 hominum
3252 5891 3366 5962 ipse
3406 5891 3605 5947 media-
