4006 6562
480 474 627 539 I715

1752 471 2065 536 LEONTII
2106 469 2514 536 BYZANTINI

3612 465 3750 534 I7IF

468 604 559 649 tor
602 599 711 649 est.
737 589 794 646 Si
832 602 1020 648 autem
1068 604 1270 646 nomen
1319 590 1376 646 in
1421 587 1629 645 auxilio
1667 588 1870 661 jaceat,
1906 587 2056 660 quod

2166 588 2467 661 ανθρώπων
2501 579 2660 653 οὗτός
2706 589 2862 644 ἔστιν
2887 605 2901 620 ·
2939 589 2990 645 εἰ
3041 589 3098 644 δὲ
3148 590 3212 661 τὸ
3259 589 3430 661 δνομα
3477 588 3622 644 κατὰ
3647 590 3753 659 τῆς

467 686 789 741 nominatur
830 685 1130 751 auxilium,
1180 683 1506 740 Emmanuel
1551 683 1717 739 etiam
1767 682 2055 756 subiacet:

466 793 620 850 ergo,
667 777 714 832 si
747 776 895 848 quod
940 777 1119 847 pariet
1146 776 1333 849 Virgo,
1377 777 1485 832 hoc
1525 775 1850 843 Emmanuel
1892 791 2059 831 voca-

467 869 609 924 bunt
635 868 944 923 secundum
970 867 1320 937 prophetam,
1353 866 1618 934 auxilium
1651 865 1835 936 paruit
1868 874 1924 921 et
1949 881 2058 920 non

467 970 752 1025 naturam,
798 974 900 1016 nec
949 958 1286 1032 hypostasim
1343 967 1501 1014 utero
1554 959 1808 1028 concepit
1855 957 2056 1027 puella.

468 1043 584 1107 Hoc
616 1063 798 1107 autem
840 1052 886 1106 si
917 1053 1218 1106 absurdum
1253 1049 1504 1105 videatur
1529 1059 1756 1120 propter
1785 1063 1907 1104 eam
1938 1063 2060 1118 quae

470 1142 526 1196 in
552 1140 843 1212 prophetia
887 1139 1224 1194 nominative
1267 1138 1610 1210 designatur,
1653 1138 1894 1208 aliquam
1929 1137 2063 1193 sub-

469 1233 731 1289 stantiam
757 1248 856 1305 per
880 1247 938 1288 se
963 1231 1356 1288 subsistentem
1383 1229 1774 1302 intelligemus.

1069 1404 1242 1462 'CAP.
1284 1404 1422 1460 XLI.

539 1495 600 1556 Si
629 1508 927 1571 propterea
952 1498 1051 1553 Dei
1078 1497 1353 1562 Genitrix,
1383 1497 1513 1566 quia
1547 1496 1738 1568 genuit
1768 1497 1940 1553 Deum
1965 1511 2060 1553 ve-

471 1605 619 1658 rum,
650 1593 726 1647 ita
754 1591 922 1647 etiam
947 1606 1115 1646 verus
1140 1591 1308 1657 Deus,
1335 1599 1562 1661 propter
1589 1589 1698 1645 hoc
1723 1590 1868 1646 Deus
1893 1604 2061 1645 verus

470 1693 762 1755 postquam
789 1693 952 1738 natus
974 1698 1039 1737 ex
1069 1681 1316 1754 Virgine.
1349 1681 1456 1736 Sed
1492 1681 1538 1736 si
1569 1681 1774 1752 aliquid
1809 1682 2060 1736 nomina-

473 1783 590 1830 tum
632 1775 937 1832 derivative
960 1775 1048 1832 vel
1080 1765 1444 1847 signiﬁcative
1469 1793 1581 1832 non
1607 1777 1776 1832 habet
1801 1791 2060 1832 necessa-

472 1869 555 1924 rio
573 1883 704 1924 vere
724 1867 1206 1940 participationem
1229 1869 1314 1924 vel
1336 1869 1897 1925 accommodatioriem
1924 1885 2060 1941 prae-

472 1959 778 2014 nuntialam
803 1973 929 2015 cum
968 1975 1133 2016 causa
1161 1960 1520 2028 nominativa,
1542 1969 1835 2032 propterea
1867 1962 2056 2029 etiam,

469 2051 513 2107 si
549 2061 779 2123 propter
808 2068 889 2118 se,
924 2053 1010 2108 vel
1044 2053 1216 2108 relate
1246 2053 1314 2108 ad
1343 2053 1514 2122 aliud,
1543 2069 1632 2109 res
1656 2054 1853 2110 habeat
1879 2053 2057 2125 impo-

469 2148 637 2202 situm
679 2161 883 2203 nomen
931 2163 962 2203 a
1005 2163 1116 2218 quo
1161 2147 1506 2218 participatio
1547 2147 1632 2204 vel
1679 2146 1954 2203 derivatio
1989 2148 2055 2203 ad

469 2239 890 2312 particlpantem
933 2239 1019 2295 vel
1073 2239 1382 2295 derivatum
1431 2240 1632 2310 ipsum,
1680 2241 2056 2296 necessarium

467 2340 554 2389 est
575 2333 682 2389 hoc
703 2347 903 2389 nomen
932 2333 1156 2388 aliunde
1198 2341 1508 2387 mutuatum
1555 2341 1835 2389 revertere
1863 2333 1931 2389 ad
1956 2350 2056 2390 no-

470 2442 596 2482 men
630 2425 952 2497 impositum
975 2433 1207 2496 propter
1229 2439 1288 2481 se
1307 2425 1394 2480 vel
1432 2425 1602 2481 relate
1621 2426 1688 2482 ad
1713 2426 1894 2492 aliud;
1931 2444 2056 2483 nam

468 2519 722 2586 quamvis
765 2524 981 2572 amator
1025 2516 1272 2587 justitiaa,
1319 2531 1451 2572 vere
1487 2518 1808 2573 nominetur
1845 2528 2059 2575 amator

469 2606 714 2678 iustitiae,
747 2621 858 2662 non
886 2614 1179 2676 propterea
1204 2607 1335 2662 item
1357 2605 1594 2677 justitia,
1619 2621 1690 2662 ex
1719 2606 1824 2663 hoc
1842 2608 2056 2678 jnstitia

469 2699 678 2756 dicitur
721 2700 852 2770 quia
895 2704 1112 2754 amatur
1143 2698 1213 2754 ab
1248 2698 1496 2764 homine,
1531 2699 1806 2770 siquidem
1842 2701 2058 2772 injusti-

471 2790 547 2846 tia
594 2790 833 2846 subinde
875 2798 1091 2845 amatur
1135 2789 1206 2846 ab
1239 2791 1487 2846 homine.
1525 2791 1648 2847 Alio
1683 2793 1853 2848 verbo
1891 2793 2059 2865 igitur

469 2882 916 2953 exprimendum,
948 2883 1160 2955 justum
1186 2883 1482 2955 justitiam,
1515 2883 1571 2938 in
1610 2899 1669 2940 se
1712 2894 1768 2941 et
1802 2885 1857 2940 in
1888 2885 2060 2956 parti-

469 2971 666 3036 culari,
699 2980 758 3028 et
789 2972 898 3028 alio
921 2981 1135 3029 amator
1157 2974 1387 3045 justitiaa
1418 2973 1515 3045 qui
1541 2974 1610 3033 ad
1639 2974 1848 3046 aliquid
1873 2976 2059 3046 aliquo

471 3064 636 3121 modo
659 3080 718 3121 se
754 3065 943 3132 habet,
974 3066 1062 3122 vel
1096 3066 1166 3123 ad
1194 3067 1484 3138 injustum.
1516 3069 1616 3124 Dei
1658 3069 1898 3140 genitrix
1925 3085 2058 3141 ergo

471 3156 778 3214 derivative
807 3157 1014 3215 dicitur
1064 3167 1258 3231 utpote
1305 3161 1499 3232 genuit
1538 3162 1733 3226 Deum,
1770 3162 1867 3218 sed
1907 3163 2054 3219 Deus

471 3264 582 3304 non
628 3247 954 3316 derivative,
984 3264 1091 3307 nec
1134 3250 1204 3308 ab
1247 3251 1360 3308 alio
1394 3267 1596 3310 nomen
1624 3253 1816 3321 habet,
1851 3253 1950 3311 sed
1990 3269 2059 3311 ex
2087 3269 2130 3329 (ς

472 3340 696 3412 propria
724 3349 944 3397 natura.

1083 3447 1236 3505 CAP.
1277 3448 1440 3506 XLII.

540 3538 600 3597 Si
648 3540 953 3598 secundum
1007 3541 1158 3599 hunc
1202 3552 1422 3615 tropum
1464 3545 1517 3600 in
1545 3560 1789 3613 carnem,
1813 3549 2058 3605 Verbum

470 3650 599 3691 caro
631 3635 833 3691 factum
883 3647 988 3706 est,
1019 3636 1309 3693 evidenter
1353 3635 1598 3694 Verbum
1635 3639 1801 3696 habet
1846 3653 2059 3698 creato-

471 3742 587 3782 rem
630 3737 688 3783 et
727 3736 982 3792 matrem,
1033 3727 1078 3784 si
1115 3745 1250 3785 vero
1283 3731 1402 3786 sine
1450 3739 1612 3802 tropo
1641 3733 1882 3789 Verbum
1927 3751 2058 3792 caro

470 3818 673 3877 factum
721 3831 829 3888 est,
866 3822 1143 3893 quomodo
1176 3823 1417 3879 Verbum
1462 3840 1572 3881 non
1603 3836 1750 3882 esset
1784 3828 2056 3898 tropicum

471 3922 533 3969 ut
567 3929 736 3986 agens
785 3923 844 3971 et
889 3915 1110 3986 genitus
1145 3917 1392 3987 tropice?
1436 3916 1695 3973 Genitum
1743 3928 1831 3975 est
1874 3920 2056 3991 aliqua

469 4006 846 4074 generatione,
883 4021 994 4062 non
1030 4008 1501 4077 transformatum,
1536 4011 1634 4067 sed
1678 4028 1782 4069 nec
1831 4029 2058 4070 manens

471 4111 700 4164 prorsus
733 4095 968 4164 nudum,
1013 4113 1118 4154 nec
1152 4099 1209 4154 in
1232 4116 1376 4168 esse,
1410 4117 1516 4158 nec
1539 4118 1770 4160 manens
1795 4105 1862 4160 ad
1892 4121 1952 4162 se
1983 4106 2060 4162 si-

471 4187 677 4242 militer
708 4205 938 4259 prorsus
969 4190 1422 4260 describendum,
1464 4195 1560 4251 sed
1600 4212 1726 4252 cum
1777 4213 1972 4265 carne;
2001 4209 2059 4254 et

471 4279 728 4336 similiter
762 4279 830 4336 de
859 4289 1055 4337 caetero
1098 4292 1183 4339 est
1215 4285 1528 4356 hypostasis
1575 4297 1730 4344 certo
1774 4289 1940 4345 modo
1969 4290 2057 4346 di-

469 4389 628 4430 verse
648 4374 856 4444 posita,
894 4383 954 4430 ut
995 4376 1172 4432 audeo
1197 4376 1405 4446 dicere,
1441 4380 1792 4449 propriorum
1825 4381 2058 4438 idioma-

467 4473 586 4520 tum
623 4465 808 4533 Verbi,
837 4465 912 4521 ita
935 4481 1040 4522 nec
1073 4466 1398 4523 idiomatum
1432 4478 1492 4524 ut
1520 4469 1640 4536 Dei,
1669 4469 1766 4527 sed
1799 4466 1974 4542 gratia
2003 4481 2059 4528 et

471 4559 849 4630 acceptatione
876 4560 1114 4616 aliorum
1158 4560 1482 4617 idiomatum
1514 4562 1675 4620 Iesus
1702 4572 1759 4620 et
1786 4574 1848 4620 ut
1879 4565 2057 4622 horni-

2166 675 2488 755 συμμαχίας
2511 683 2629 736 ἐστὶ
2661 682 2940 754 κείμενον,
2963 683 3062 738 καὶ
3096 683 3159 738 τὸ
3196 683 3498 755 ὀνομαστὸν
3535 685 3572 754 ἠ
3605 701 3752 754 συμ-

2165 772 2340 844 μαχία
2379 773 2498 828 ἐστὶ
2528 775 2590 827 τὸ
2642 774 2738 829 καὶ
2793 774 3159 844 ὑποκείμενον
3192 773 3289 827 τοῦ
3347 773 3707 845 Ἐμμανουήλ
3731 789 3749 805 ο

2161 862 2272 934 ἄρα
2298 859 2414 929 οὖν,
2440 865 2491 917 εἰ
2530 863 2560 917 δ
2586 863 2802 930 τέξεται
2837 865 2872 937 ἡ
2901 865 3203 938 Παρθένος,
3248 864 3408 920 τοῦτο
3453 867 3752 920 καλέσουσι

2161 956 2221 1009 τὸ
2242 955 2415 1025 ὄνομα
2477 956 2829 1027 Ἐμμανουήλ
2867 956 3010 1015 κατὰ
3044 958 3135 1011 τὸν
3177 958 3490 1030 προφήτην,
3521 974 3751 1026 συμμαι-

2162 1048 2289 1120 χίαν
2315 1048 2469 1102 ἔτεκε
2498 1050 2595 1103 καὶ
2623 1050 2684 1104 οὑ
2716 1049 2900 1118 φύσιν,
2933 1049 3033 1121 οὑχ
3080 1049 3377 1105 ὑπόστασιν
3403 1053 3437 1120 ἡ
3457 1052 3514 1103 ὲν
3544 1049 3750 1118 γαστρί

2166 1137 2514 1194 συλλαδοῦσα
2529 1138 2667 1211 κόρη
2690 1157 2704 1172 ο
2735 1139 2784 1192 εἰ
2802 1139 2859 1193 δὲ
2898 1139 3019 1193 τόδε
3040 1139 3240 1193 ἄτοπον
3291 1139 3381 1194 διὰ
3404 1140 3504 1211 τῆς
3559 1157 3751 1211 σημα-

2167 1231 2290 1298 σίας
2325 1231 2704 1304 ὀνομαστικῶς
2734 1232 3167 1305 σημαινομένην,
3189 1233 3310 1288 τινὰ
3335 1233 3755 1290 αὑθυπόστατον

2163 1322 2404 1397 ὕπαρξιν
2431 1325 2723 1398 νοήσομεν.

2738 1421 2994 1480 ΚΕΦΛΛ.
3031 1418 3176 1478 MA'.

2235 1511 2298 1565 Εἰ
2321 1509 2411 1566 διὰ
2432 1510 2592 1566 τοῦτο
2619 1510 2882 1576 Θεοτόκος
2911 1513 2946 1584 ἠ
2994 1513 3293 1584 Παρθένος,
3331 1515 3415 1570 δτι
3465 1513 3561 1570 τόν
3607 1512 3750 1586 ἀλη-

2163 1601 2310 1658 θινὸν
2338 1603 2472 1657 Θεὸν
2495 1601 2781 1674 ἐγέννησε,
2817 1601 2916 1658 καί
2952 1605 2982 1658 6
3021 1604 3277 1675 ἀληθινὸς
3301 1604 3412 1676 ἄρα
3444 1604 3602 1670 Θεὸς.
3659 1604 3750 1658 διὰ

2160 1693 2322 1748 τοῦτο
2359 1693 2615 1765 ἀληθινὸς
2644 1693 2798 1762 Θεὸς,
2821 1695 3012 1768 ἐπειδὴ
3033 1696 3560 1768 παρθενογέννητος.
3603 1696 3751 1751 Ἀλλ’

2159 1785 2261 1840 οὐκ
2283 1785 2339 1838 εἰ
2393 1802 2446 1840 τι
2494 1785 2844 1857 παρωνύμως
2885 1785 2920 1858 ἥ
2974 1785 3317 1858 φερωνύμως
3350 1789 3753 1860 ὠνομασμένον

2160 1879 2477 1948 ἀναγκαίως
2515 1879 2633 1950 ἔχει
2661 1880 2838 1951 ἀληθῆ
2869 1881 3414 1954 προωμολογημένην
3443 1882 3544 1953 τὴν
3612 1881 3752 1952 μέθ-

2159 1969 2278 2037 εξιν
2302 1971 2336 2042 ἢ
2367 1970 2640 2041 σύμϐασιν
2665 1970 2761 2026 τοῦ
2787 1973 3207 2043 όνοματιστικοῦ
3242 1974 3438 2036 αἰτίου.
3463 1975 3554 2029 διά
3581 1973 3748 2029 τοῦτο

2162 2061 2258 2115 καὶ
2285 2062 2335 2116 εἰ
2365 2060 2491 2115 καθ’
2516 2061 2650 2116 αὐτὸ
2679 2061 2712 2133 ἦ
2737 2061 2874 2133 πρὸς
2901 2061 3089 2134 ἕτερόν
3117 2080 3170 2117 τι
3199 2063 3314 2135 ἔχοι
3348 2065 3608 2136 κείμενον
3634 2066 3753 2121 δνο·

2163 2171 2240 2224 μα
2267 2153 2328 2208 τὸ
2350 2155 2444 2224 ἀφ’
2473 2146 2536 2208 οὗ
2579 2155 2613 2226 ἡ
2641 2154 2879 2225 μέθεξις,
2912 2155 2948 2227 ἢ
2983 2159 3017 2226 ἡ
3049 2155 3384 2228 παρωωμία
3422 2158 3565 2230 πρὸς
3609 2159 3753 2213 αὐτὸ

2160 2243 2222 2298 τὸ
2259 2243 2486 2315 μετέχον
2538 2243 3068 2316 ἢπαρωνομασθὲν,
3129 2247 3429 2317 ἀναγκαῖον
3487 2249 3571 2320 τῷ
3621 2249 3752 2304 καθ’

2160 2336 2293 2391 αὑτὸ
2321 2336 2571 2408 ὀνόματι,
2603 2336 2637 2409 ἥ
2671 2336 2750 2410 τῷ
2793 2337 2931 2409 πρὸς
2975 2338 3165 2410 ἕτερον
3196 2341 3456 2412 κειμένῳ,
3500 2341 3646 2412 πρὸς
3690 2341 3756 2394 τὸ

2159 2430 2456 2501 ἀλλαχόθεν
2496 2431 2832 2503 εἰλημμένον
2877 2431 3049 2503 ὄνομα
3086 2434 3500 2506 ἀντιστρέφεινο
3529 2435 3592 2489 ού
3636 2434 3804 2505 γὰρ.

2159 2524 2284 2578 ἐπεὶ
2318 2526 2348 2577 6
2405 2523 2577 2594 φιλῶν
2626 2524 2727 2595 τὴν
2773 2522 3146 2597 δικαιοσύνην,
3193 2525 3363 2590 ὅντως
3408 2525 3755 2595 φιλοδίκαιος

2159 2615 2509 2688 ὀνομάζεται,
2543 2615 2633 2670 διὰ
2652 2613 2812 2670 τοῦτο
2844 2616 3108 2680 ὡσαύτως
3138 2617 3233 2671 καὶ
3266 2615 3660 2689 ἡδικαιοσύνη,
3685 2617 3753 2668 ἐκ

2158 2709 2314 2764 τοῦδε
2334 2709 2658 2780 δικαιοσύνη
2689 2709 2925 2778 λέγοιτο,
2950 2708 3085 2762 διότι
3116 2708 3351 2778 φιλεῖται
3380 2709 3485 2763 ὑπὸ
3510 2708 3607 2762 τοῦ
3647 2712 3752 2763 ἀν-

2162 2797 2386 2870 θρώπου
2418 2813 2433 2830 ·
2465 2799 2561 2872 καὶ
2586 2799 2697 2871 γὰρ
2714 2799 2810 2853 καὶ
2837 2801 2871 2872 ή
2896 2799 3084 2853 ἀδικία
3102 2799 3208 2854 ὑπὸ
3239 2798 3531 2871 ἀνθρώπου
3565 2798 3754 2870 φιλεῖ.

2158 2907 2250 2944 ται
2275 2905 2291 2922 ·
2327 2889 2472 2962 ἄλλῳ
2513 2885 2607 2944 οὖν
2653 2890 2801 2962 λόγῳ
2846 2889 3058 2946 δίκαιον
3085 2893 3148 2946 τὸ
3185 2885 3415 2957 δίκαιον,
3469 2894 3570 2947 καὶ
3617 2892 3754 2948 καθ’

2160 2981 2293 3038 αὑτὸ
2331 2984 2428 3038 καὶ
2487 2983 2801 3049 ἰδιαζόντως
2831 2999 2848 3016 ο
2884 2984 2981 3038 καί
3039 2984 3185 3057 ἄλλῳ
3237 2987 3267 3040 6
3312 2986 3675 3055 φιλοδίκαιος,
3724 2988 3754 3040 6

2160 3076 2300 3148 πρός
2329 3076 2386 3130 τί
2410 3093 2529 3141 πως
2555 3076 2715 3147 ἔχων,
2753 3077 2924 3148 ἤγουν
2949 3077 3084 3148 πρὸς
3115 3077 3174 3132 τὸ
3197 3078 3406 3132 δίκαιον
3432 3095 3448 3109 ο
3479 3077 3758 3142 Θεοτόκος

2161 3164 2255 3224 οὖν
2292 3167 2368 3233 ὡς
2395 3167 2531 3223 Θεὸν
2561 3168 2798 3223 τεκοῦσα
2836 3169 3177 3242 φερωνύμως
3202 3187 3219 3202 ’
3255 3171 3387 3235 Θεὸς
3415 3168 3613 3224 δὲοῦτε
3645 3187 3753 3240 φε-

2167 3258 2461 3332 ρωνύμως,
2491 3258 2618 3313 οὔτε
2656 3260 2751 3330 ἀφ’
2783 3261 2972 3333 ἑτέρου
2995 3278 3009 3292 ο
3040 3265 3105 3316 ὲκ
3153 3263 3264 3333 γὰρ
3305 3261 3407 3332 τῆς
3455 3262 3594 3326 ἰδίας
3628 3262 3754 3316 ἐστι

2164 3352 2383 3423 φύσεως
2403 3351 2554 3425 αὖτῷ
2582 3353 2776 3425 ὄνομα.

2730 3445 2982 3500 ΚΕΦᾹΛ.
3041 3445 3178 3500 ΜΒ’.

2234 3535 2300 3592 Εἰ
2322 3537 2466 3593 κατὰ
2496 3537 2595 3611 τὴν
2618 3537 2699 3602 είς
2740 3539 2922 3610 σάρκα
2953 3538 3165 3610 τροπὴν
3193 3537 3386 3607 γέγονε
3417 3537 3559 3609 σὰρξ
3579 3539 3610 3592 6
3643 3539 3756 3594 Λό-

2160 3645 2280 3698 γος,
2303 3628 2465 3700 δῆλον
2487 3630 2570 3685 ὅτι
2593 3631 2622 3684 6
2647 3629 2822 3699 Λόγος
2853 3629 2968 3702 ἔχει
2984 3629 3332 3700 Δημιουργὸν
3357 3631 3455 3683 καὶ
3473 3631 3715 3700 Μητέρα
3735 3647 3749 3660 ·

2161 3719 2290 3776 εἰδὲ
2318 3721 2490 3792 χωρὶς
2510 3721 2720 3793 τροπῆς
2743 3721 2938 3790 γέγονε
2993 3720 3131 3792 σὰρξ
3177 3723 3206 3775 δ
3255 3721 3454 3790 Λόγος.
3493 3723 3616 3786 πῶς
3675 3723 3752 3794 μὴ

2161 3813 2500 3886 τρεπόμενος
2533 3815 2562 3868 6
2585 3813 2783 3882 Λόγος,
2824 3813 2900 3878 ὡς
2924 3815 3265 3887 τρεπόμενος
3294 3814 3602 3885 πράττεται
3655 3815 3754 3868 καὶ

2160 3906 2436 3975 τίκτεται;
2467 3905 2725 3960 Τίκτεται
2756 3905 2858 3977 μέν
2889 3925 2997 3962 τινι
3037 3907 3316 3979 γεννήσει,
3341 3907 3403 3962 ού
3427 3907 3750 3978 μεταπλατ-

2159 3999 2386 4071 τόμενος
2413 3999 2492 4064 δὲ,
2522 3998 2639 4053 ἀλλ’
2671 3997 2794 4053 οὐδὲ
2820 3997 3007 4063 ἁπλῶς
3045 3997 3222 4070 μένων
3248 3998 3476 4070 γυμνὸς,
3507 4000 3632 4054 οὐδὲ
3657 4003 3740 4065 εἰς
3848 4049 3862 4063 ,

2158 4093 2221 4146 τὸ
2249 4088 2422 4147 εῐναι·
2458 4092 2580 4146 οὐδὲ
2609 4091 2786 4164 μένων
2824 4093 2906 4155 εἰς
2953 4091 3014 4146 τὸ
3063 4090 3328 4158 ὡσαύτως
3379 4092 3562 4164 πάντη
3615 4095 3752 4148 ὑπο-

2160 4185 2496 4257 γράφεσθαι,
2519 4184 2658 4240 ἀλλὰ
2697 4184 3110 4257 μετάσαρκός·
3146 4185 3244 4239 καί
3291 4188 3371 4250 εἰς
3423 4185 3482 4239 τὸ
3519 4187 3748 4241 τοιῶσᾶ

2161 4275 2301 4333 εἶναι
2335 4279 2396 4333 τὸ
2422 4278 2610 4332 λοιπὸν
2632 4277 3001 4333 ἅλλοιωθέντα
3021 4295 3139 4343 πως
3157 4279 3257 4350 τὴν
3290 4280 3623 4344 ὑπόστασιν,
3672 4278 3750 4344 ὡς

2161 4375 2443 4447 τολμήσας
2472 4373 2606 4448 ἐρῶ,
2629 4374 2689 4429 ού
2717 4377 2896 4446 τροπῇ
2944 4373 3054 4427 τῶν
3084 4373 3392 4444 ἰδιωμάτων
3417 4373 3515 4427 τοῦ
3547 4375 3748 4441 Λόγου.

2161 4469 2352 4540 ὥσπερ
2372 4467 2495 4522 οὐδὲ
2523 4467 2632 4522 τῶν
2665 4467 2741 4532 ὡς
2771 4465 2907 4521 Θεοῦ
2936 4481 2950 4495 ⁸
2987 4465 3103 4520 ἀλλ’
3128 4466 3364 4539 ὑποδοχῇ
3399 4468 3496 4520 καὶ
3523 4483 3750 4536 συμπα-

2168 4558 2402 4632 ραλήψει
2433 4558 2640 4631 ἑτέρων
2667 4559 2778 4612 τῶν
2813 4557 2990 4630 Ἰησοῦ
3024 4559 3356 4629 ἰδιωμάτων,
3391 4561 3621 4614 καὶτῶν
3674 4560 3749 4626 ὡς

475 4653 579 4716 nis.
605 4629 913 4708 secundum
959 4653 1106 4709 illam
1143 4655 1362 4710 unicam
1394 4655 1712 4728 hypostasin
1742 4657 1930 4726 Verbi,
1960 4676 2057 4715 au-

2166 4629 2478 4723 6v09tbnou,
2501 4629 2646 4705 κατὰ
2678 4650 2809 4723 μίαν
2832 4652 2931 4723 τὴν
2965 4650 3138 4722 αὐτὴν
3185 4650 3488 4706 ὑπόστασιν
3523 4651 3619 4705 τοῦ
3642 4652 3749 4707 Λό-

472 4755 617 4798 ctam
666 4754 724 4800 et
771 4745 1267 4816 perabundantem,
1313 4747 1672 4806 idiomatibus
1713 4749 1960 4822 physicis
1999 4761 2058 4807 et

473 4832 869 4906 hypostaticis,
919 4852 1087 4907 super
1131 4838 1321 4893 omnia
1375 4839 1660 4908 supposita
1711 4855 1778 4894 ex
1822 4850 2058 4912 utraque

472 4938 627 4998 parte
659 4929 738 4985 illi
784 4931 1008 4997 similia,
1045 4941 1103 4987 et
1148 4931 1414 4997 infertur,
1448 4933 1604 4988 nullo
1640 4933 1805 4988 modo
1832 4943 1894 4988 ut
1919 4935 2056 4990 Ver-

470 5020 624 5088 bum,
660 5022 756 5078 sed
803 5032 888 5078 ut.
914 5021 1168 5080 Christus
1200 5024 1465 5090 Verbum,
1512 5033 1571 5080 et
1610 5024 1718 5080 hoc
1752 5026 2055 5081 secundum

471 5114 645 5184 partis
675 5123 910 5186 partem,
950 5114 1137 5186 itaque
1174 5115 1483 5172 secundum
1515 5116 1688 5172 solam
1724 5132 1968 5174 carnem.

1069 5295 1226 5356 CAP.
1265 5297 1454 5354 XLIII.

539 5385 674 5454 Quae
704 5403 816 5443 non
861 5399 993 5446 sunt
1021 5390 1256 5448 dicenda
1303 5391 1372 5448 de
1401 5391 1694 5450 divinitate
1728 5392 1920 5462 Verbi,
1955 5410 2061 5451 nec

471 5479 639 5535 etiam
674 5479 744 5536 de
776 5481 960 5538 Verbo
1002 5483 1157 5553 ipso;
1187 5485 1466 5554 quomodo
1499 5501 1631 5556 ergo
1651 5483 1939 5558 Egyptius
1977 5501 2062 5543 se-

470 5569 709 5626 cundam
744 5587 964 5629 causam
994 5575 1364 5644 generationis
1404 5573 1685 5630 divinitati
1734 5575 1903 5630 Verbi
1948 5591 2060 5631 non

473 5661 705 5726 tribuit,
773 5669 831 5717 et
887 5661 1082 5718 tribuit
1137 5663 1250 5719 Deo
1295 5665 1515 5721 Verbo?
1555 5681 1684 5721 nam
1715 5666 1838 5738 ejus
1888 5667 2062 5738 hypo-

471 5752 634 5808 stasis
699 5752 1006 5808 secundum
1063 5769 1229 5824 quam
1278 5755 1521 5811 Verbum
1581 5765 1642 5811 ut
1699 5757 1847 5813 Deus
1899 5766 2062 5812 natu-

472 5858 588 5898 ram
619 5845 887 5916 agnoscit,
919 5844 1226 5902 secundum
1253 5845 1585 5917 principium
1617 5847 1804 5916 habet,
1829 5863 1938 5903 non
1965 5847 2063 5903 ad:-

477 5931 588 5992 luc
619 5936 850 6009 simplex
885 5948 943 5996 et
977 5937 1144 5995 unius
1166 5947 1390 6012 natura
1425 5941 1644 6011 cognita
1677 5941 1821 5998 inter
1845 5941 2061 6000 divinas

2161 4759 2260 4811 γου
2293 4741 2460 4797 αὑτοῦ
2491 4741 2895 4813 ὲπαυξηθεϊσαν
2923 4741 3020 4796 καὶ
3071 4741 3450 4796 πλεονάσασαν
3496 4745 3751 4812 φυσικοῖς

2162 4851 2220 4887 τε
2254 4834 2350 4888 καὶ
2385 4834 2776 4897 ὑποστατικοῖς
2801 4834 3112 4904 ἰδιώμασιν,
3141 4833 3283 4906 ὑπὲρ
3322 4833 3504 4888 πάντα
3528 4836 3598 4889 τά
3623 4837 3751 4889 ἑκα-

2163 4929 2405 5001 τέρωθεν
2439 4929 2580 5002 αὐτῇ
2629 4929 2894 5001 όμοούσια
2932 4929 3236 5001 πρόσωπα·
3297 4931 3395 4984 καὶ
3447 4929 3748 4985 πλάττεται

2162 5017 2279 5084 οὖν,
2309 5020 2567 5091 οὐδαμῶς
2614 5021 2672 5075 δὲ
2727 5021 2802 5085 ὡς
2830 5021 3023 5090 Λόγος,
3055 5019 3171 5074 ἀλλ’
3201 5020 3277 5084 ὼς
3297 5020 3393 5074 καὶ
3433 5021 3678 5090 Χριστὸς
3725 5023 3753 5074 6

2164 5113 2338 5182 Λόγος
2359 5128 2374 5143 ·
2411 5115 2508 5167 καὶ
2535 5113 2695 5167 τοῦτο
2723 5114 2868 5168 κατά
2895 5130 2948 5166 τι
2983 5112 3148 5184 μέρος
3179 5110 3369 5178 αὑτοῦ,
3389 5112 3560 5183 ῆγουν
3608 5111 3752 5165 κατὰ

2165 5205 2266 5276 τὴν
2298 5205 2479 5278 σάρκα
2501 5205 2686 5277 μόνον.

2757 5296 3014 5352 ΚΕΦᾹΛ.
3043 5297 3179 5352 MI".

2235 5387 2318 5443 Τὰ
2351 5387 2428 5460 μὴ
2461 5387 2563 5458 τῆς
2582 5386 2840 5460 θεότητος
2873 5386 2968 5443 τοῦ
3023 5388 3222 5456 Λόγου,
3260 5385 3437 5442 ταῦτα
3480 5387 3606 5442 οὐδὲ
3657 5386 3752 5442 τοῦ

2163 5480 2340 5548 Λόγου
2369 5497 2385 5514 ο
2418 5479 2536 5545 πῶς
2588 5480 2770 5534 τοίνυν
2811 5482 2840 5534 6
2884 5479 3210 5548 Αἰγύπτιος,
3263 5480 3528 5553 δευτέραν
3573 5481 3753 5552 ἀρχὴν

2164 5575 2475 5645 γεννήσεως
2514 5575 2582 5645 τῇ
2619 5573 2720 5644 μὲν
2745 5571 2839 5627 τοῦ
2869 5575 3046 5642 Λόγου
3077 5573 3290 5644 Θεὸτητι
3318 5574 3381 5626 οὑ
3427 5573 3641 5640 δίδωσι,
3674 5573 3752 5644 τῷ

2162 5665 2220 5720 δὲ
2250 5665 2370 5737 Θεῷ
2402 5667 2560 5736 Λόγῳ
2588 5665 2834 5733 δίδωσιν;
2861 5665 2928 5718 Ἦ
2960 5665 3072 5737 γὰρ
3097 5665 3396 5730 ὑπόστασις
3431 5665 3600 5719 αὑτοῦ
3627 5665 3751 5720 καθ’

2163 5755 2233 5826 ἡν
2261 5756 2356 5810 καὶ
2379 5755 2552 5825 Λόγος
2576 5755 2709 5820 Θεὸς
2756 5756 2832 5811 ὢν
2880 5757 2978 5828 τὴν
3019 5756 3184 5826 φύσιν
3213 5759 3437 5821 νοεῖται,
3487 5756 3752 5830 δευτέραν

2166 5847 2280 5920 ἔχει
2309 5848 2505 5920 ἀρχὴν,
2537 5849 2638 5903 οὐκ
2663 5848 2744 5904 έτι
2771 5849 2920 5920 ἁπλῆ
2937 5849 3034 5904 καὶ
3065 5850 3340 5920 μονοφυὴς
3365 5850 3426 5903 ὲν
3442 5851 3556 5914 τοῖς
3578 5850 3753 5913 θείοις

2170 5939 2487 6014 προσώποις
2522 5941 2815 6016 νοουμένη,
2841 5941 2982 5998 ἀλλὰ
3013 5940 3394 6023 σύνθετοςκαὶ
3433 5939 3635 6014 διφυὴς
3654 5943 3751 5996 καὶ
