4042 6542
358 419 488 490 1717

1303 432 1691 498 ADVERSUS
1726 438 2272 510 NESTORIANOS.
2293 470 2364 484 ·-
2393 441 2539 508 LIB.
2581 444 2679 506 IV.

3454 423 3588 499 1718

355 535 805 610 προσκυνουμὲνη
839 538 914 604 ὡς
937 536 1178 612 Χριστοῦ
1222 540 1316 594 τοῦ
1350 545 1793 616 σεσαρκωμένου,
1822 547 1918 606 ἀν-

2042 565 2305 615 )ersonas,
2332 551 2426 606 sed
2460 548 2760 619 composita
2800 554 2856 601 et
2880 542 3115 614 duplicis
3139 553 3347 596 naturae
3377 551 3433 596 et
3457 544 3588 596 ado-

355 629 644 700 ὃρωπίνως
668 629 816 684 θείου
841 633 1040 699 Λόγου.

945 744 1197 802 ΚΕΦΔΛ.
1223 745 1356 800 MA'.

425 856 500 909 T6
536 850 672 909 Θεδν
693 855 864 924 Λόγον
881 856 1120 928 χωρίσας
1139 859 1169 911 6
1197 858 1497 926 Αἰγύπτιος
1529 856 1627 930 τῆς
1648 859 1920 932 θεότητος,

357 945 519 1001 αὑτὸν
551 949 650 1017 μὲν
695 951 759 1002 ἐκ
797 950 896 1019 τῆς
940 949 1218 1020 Παρθένου
1269 950 1588 1022 δογματίζει
1644 955 1925 1023 σαρκικῶς

356 1042 673 1109 τικτόμενον
692 1057 708 1073 ⁸
734 1040 831 1112 τὴν
855 1042 912 1094 δὲ
944 1043 1108 1096 αὐτοῦ
1136 1043 1368 1114 θεότητα
1388 1043 1715 1098 ὑποϐάλλειν
1736 1043 1804 1116 τῇ
1831 1043 1926 1098 αὖ·

356 1133 423 1202 τῇ
455 1133 694 1202 σαρκικῇ
741 1132 1016 1202 γεννήσει,
1061 1129 1094 1207 ᾖ
1145 1135 1386 1189 ὑπέϐαλε
1417 1134 1509 1190 τὸν
1559 1137 1692 1190 Θεὸν
1732 1139 1925 1206 Λόγον,

358 1222 594 1292 ὲσχάτης
620 1219 760 1276 εἷναι
793 1225 990 1293 μανίας
1027 1224 1196 1293 λέγει.
1241 1228 1354 1298 Οὐχ
1390 1228 1578 1294 ἁπλῶς
1605 1230 1712 1300 γὰρ
1738 1231 1929 1300 γεννή-

363 1331 443 1368 σει
482 1316 621 1370 άλλὰ
650 1322 908 1388 σαρκικῇ,
933 1321 1180 1373 τουτέστι
1211 1323 1452 1390 ρευστῶς
1480 1324 1576 1377 καὶ
1601 1327 1680 1388 εἰς
1708 1325 1770 1377 16
1787 1319 1927 1380 εἶναι

360 1406 495 1470 ὅλως
519 1408 835 1480 προαγοῦσῃ
858 1427 910 1462 τι
937 1411 1036 1480 οὐχ
1052 1412 1384 1482 ὑποϐλητὲον
1400 1413 1560 1470 Θεόν.

925 1525 1177 1579 ΚΕΦΑΛ.
1231 1527 1370 1581 ΜΕ’.

433 1611 497 1666 Ei
524 1616 590 1685 τῇ
609 1613 824 1683 θεότητι
856 1615 988 1679 Θεὸς
1015 1617 1045 1668 6
1068 1619 1260 1685 Λόγος,
1297 1620 1392 1672 καὶ
1438 1624 1505 1690 τῇ
1551 1619 1934 1691 άνθρωπότητι

364 1706 648 1775 ἄνθρωπος
665 1706 693 1760 ό
722 1708 913 1775 Λόγος,
936 1707 1051 1772 πῶς
1074 1709 1102 1762 6
1133 1711 1248 1763 ἐστι
1267 1713 1334 1781 τῇ
1366 1713 1528 1782 σαρκὶ
1552 1713 1612 1765 οὐ
1637 1714 1880 1768 τίκτεται
1905 1715 1934 1767 6

367 1799 561 1867 Λόγος,
595 1799 712 1854 ἀλλ’
737 1801 765 1853 ὅ
807 1802 926 1853 ἐστι
952 1803 1019 1871 τῇ
1055 1800 1304 1871 θεότητι;
1336 1803 1654 1874 δογματίζει
1707 1806 1814 1876 γὰρ
1871 1807 1934 1859 τὸ

2020 656 2148 695 rans
2171 650 2231 695 ut
2253 641 2453 698 Christi
2475 639 2772 704 incarnati,
2800 636 2965 693 Verbi
2995 631 3417 689 divinihominis
3435 630 3585 687 facti.

2614 751 2763 806 CAP.
2795 749 2980 805 XLIV.

2091 865 2373 938 Egyptius
2410 881 2534 920 cum
2588 865 2918 935 sejunxisset
2941 863 3112 919 Deum
3155 861 3396 918 Verbum
3435 861 3588 915 Divi-

2025 959 2220 1024 nitatc,
2245 958 2409 1012 docet
2452 973 2579 1012 eum
2613 958 2864 1027 genitum
2918 972 2985 1010 ex
3012 954 3236 1025 Virgine
3286 954 3588 1009 secundum

2023 1063 2265 1114 carnem,
2291 1043 2409 1120 ejus
2427 1049 2781 1102 Divinitat‘em
2808 1043 3044 1116 subjecit
3069 1046 3197 1115 ipsa:
3237 1042 3580 1116 generationi

2024 1141 2254 1206 carnali,
2279 1151 2388 1210 qua
2419 1140 2656 1211 subjecit
2683 1132 2927 1194 Verbum
2961 1138 3156 1202 Deum,
3182 1135 3315 1191 dicit
3345 1136 3595 1190 maximae

2028 1233 2274 1287 insaniae.
2297 1233 2414 1287 Non
2445 1226 2593 1286 enim
2643 1226 2971 1300 simpliciter
3011 1229 3348 1300 generationi
3412 1237 3592 1282 tamen

2025 1325 2250 1390 carnali,
2267 1321 2372 1378 hoc
2395 1331 2479 1379 est
2504 1324 2840 1390 transitorie,
2856 1323 2951 1379 sed
2976 1321 3145 1378 Deum
3160 1337 3270 1378 non
3287 1320 3593 1392 subjectum

2025 1417 2251 1473 omnino
2278 1416 2463 1487 dirigi.

2639 1526 2792 1583 CAP.
2820 1525 2980 1581 XLV.

2101 1618 2157 1672 Si
2185 1616 2474 1672 Divinitati
2513 1617 2660 1672 Deus
2694 1617 2956 1680 Verbum,
2988 1623 3046 1671 et
3073 1615 3408 1671 humanitati
3435 1616 3599 1671 homo

2030 1709 2296 1774 Verbum,
2329 1709 2614 1778 quomodo
2635 1724 2746 1762 non
2776 1708 3025 1778 genitum
3047 1724 3112 1762 ex
3141 1723 3306 1761 carne
3339 1707 3488 1777 quod
3514 1716 3600 1762 est

2030 1800 2297 1864 Verbum,
2325 1801 2421 1855 sed
2458 1816 2524 1856 ex
2556 1801 2855 1855 Divinitate
2905 1801 3052 1871 quod
3102 1802 3221 1856 est?
3259 1801 3394 1855 Nam
3432 1801 3597 1856 docet

363 1889 624 1951 Θεοτόκος
658 1889 687 1940 6
723 1889 1039 1956 Αἰγύπτιος,
1062 1890 1305 1954 καὶτοὺς
1339 1890 1597 1960 λέγοντας
1630 1895 1692 1948 16
1722 1895 1928 1966 ἀνθρω-

2042 1893 2436 1947 :naternitatem
2463 1893 2730 1956 divinam,
2759 1902 2816 1946 et
2843 1892 3138 1946 humanam
3181 1892 3596 1959 generationem

368 1980 594 2040 ποτόκος
615 1977 1024 2047 ἁναθεματίζει.
1061 1981 1172 2033 Καὶ
1203 1981 1231 2034 6
1257 1981 1374 2033 ἐστι
1428 1985 1593 2052 σαρκὶ
1641 1981 1884 2037 τίκτεται
1906 1986 1935 2037 6

368 2071 542 2138 Λόγος
573 2089 585 2102 ·
621 2070 737 2124 ἀλλ’
791 2071 824 2141 ἡ
856 2071 1088 2124 τεκοῦσα
1115 2072 1174 2124 οὐ
1220 2071 1442 2126 δύναται
1488 2074 1706 2144 θατέρῳ
1741 2076 1930 2140 τῶνδε,

369 2165 535 2233 ἧγουν
569 2163 646 2232 τῷ
689 2162 891 2232 χείρονι
941 2164 1049 2216 τῶν
1093 2165 1393 2235 ὀνομάτων,
1454 2167 1638 2230 ίδικῶς
1671 2168 1933 2237 ὀνομάζε-

370 2253 495 2307 σθαι
527 2267 541 2281 ⁶
583 2253 696 2305 ἐστι
737 2254 846 2324 γὰρ
899 2254 1075 2307 κοινὸν
1103 2255 1276 2326 όνομα
1330 2256 1450 2310 τόδε
1501 2257 1700 2321 πάσαις
1732 2260 1932 2330 άνῆκον

369 2341 604 2411 γυναιξὶ,
637 2342 732 2398 καὶ
757 2341 897 2396 κατά
930 2343 1050 2395 τόδε
1081 2345 1280 2408 πάσαις
1309 2346 1772 2416 συνεμπίπτουσα.

928 2456 1180 2509 ΚΕΦΑΛ.
1219 2459 1369 2524 Μςν.

441 2544 552 2615 Τὴν
576 2545 673 2599 τοῦ
702 2545 868 2614 νόμου
899 2547 1144 2611 διάταξιν
1172 2551 1301 2618 περὶ
1323 2548 1417 2602 τοῦ
1458 2550 1799 2622 καθαρισμοῦ
1827 2553 1935 2606 τῶν

369 2636 698 2706 τικτομένων
730 2639 795 2706 ἢν
815 2636 1133 2708 ἐπλήρωσεν
1164 2641 1197 2709 ἡ
1233 2640 1506 2710 Παρθένος
1523 2642 1814 2709 ἀνάγνωθι,
1843 2645 1937 2697 καὶ

374 2729 532 2796 μάθε.
567 2729 698 2782 Θεὸν
715 2729 1041 2799 ἐκαθάρισεν
1071 2731 1100 2784 6
1130 2732 1293 2801 νόμος
1323 2732 1559 2787 κελεύων
1591 2734 1628 2788 ἃ
1666 2734 1791 2806 ἔφη,
1833 2735 1937 2790 οιαὶ

371 2822 404 2889 ή
433 2821 706 2888 ηαρθὲνος
725 2822 1008 2892 πληροῦσα
1047 2825 1217 2891 αὐτάς
1259 2825 1292 2895 ἢ
1325 2825 1642 2896 άνθρωπον;
1678 2828 1774 2881 ἐὰν
1831 2829 1937 2901 γὰρ

371 2913 750 2984 σπερματισθῇ
786 2915 945 2985 γυνὴ,
981 2917 1146 2985 φησὶν
1187 2917 1214 2968 6
1239 2918 1422 2988 νόμος,
1460 2920 1555 2972 κα)⁵
1581 2921 1716 2993 τέκῃ
1748 2920 1935 2992 ἄρσεν,

369 3004 510 3056 ἔστω
541 3006 850 3075 ἀκάθαρτος
877 3007 1016 3060 ἑπτά
1043 3008 1257 3078 ἡμέρας
1288 3009 1388 3079 τῆς
1431 3010 1668 3082 ἀφέδρου
1725 3012 1822 3066 τοῦ
1851 3014 1938 3068 ατ-

374 3110 539 3162 ματος
566 3096 755 3165 αὐτῆς,
792 3097 887 3149 καὶ
918 3098 1214 3167 τριάκοντα
1259 3101 1352 3152 καὶ
1388 3104 1538 3172 τρεῖς
1565 3105 1781 3176 ἡμέρας
1838 3121 1939 3158 κα·

2035 1979 2301 2034 docentes
2324 1980 2771 2034 anathematizat.
2814 1980 2882 2033 Et
2925 1980 3073 2049 quod
3104 1988 3191 2034 est
3246 1996 3416 2034 carne
3443 1982 3596 2049 geni-

2035 2083 2150 2128 tum
2178 2084 2263 2129 est
2292 2075 2559 2141 Verbum,
2591 2076 2686 2131 sed
2710 2076 2950 2146 genitrix
2973 2091 3082 2130 non
3111 2083 3290 2145 potest
3317 2089 3451 2129 sane
3497 2090 3597 2142 pe-

2029 2167 2150 2236 jore
2169 2167 2407 2221 duorum
2437 2167 2669 2221 istorum
2691 2167 2977 2221 nominum
3007 2166 3304 2237 designari,
3337 2180 3461 2219 nam
3496 2181 3597 2220 no-

2037 2272 2163 2310 men
2196 2258 2364 2312 istum
2385 2267 2472 2314 est
2491 2273 2784 2313 commune
2813 2266 2871 2313 et
2893 2273 3202 2328 congruum
3238 2259 3456 2314 cunctis
3479 2273 3602 2312 mu-

2033 2345 2286 2412 lieribus,
2313 2346 2443 2402 etin
2464 2346 2571 2402 hoc
2593 2346 2886 2401 concurrit
2930 2361 3057 2400 cum
3081 2346 3363 2401 omnibus.

2629 2459 2782 2516 CAP.
2823 2457 3012 2514 XLVI.

2107 2553 2424 2608 Mandatum
2465 2551 2602 2622 legis
2630 2552 2777 2606 circa
2812 2551 3256 2621 puriﬁcationem
3299 2564 3603 2620 puerpero-

2037 2661 2158 2700 rum
2184 2645 2332 2714 quod
2375 2645 2624 2713 implevit
2682 2644 2848 2712 Virgo
2873 2658 3109 2711 agnosce
3145 2651 3200 2697 et
3223 2642 3393 2697 disce.
3431 2632 3604 2695 Deum

2037 2738 2316 2792 hominem
2350 2737 2661 2807 puriﬁcavit
2690 2736 2995 2806 lexjubens
3022 2751 3142 2804 qua:
3177 2735 3323 2788 dicta
3373 2743 3521 2798 sunt,
3549 2743 3607 2787 et

2036 2829 2202 2899 Virgo
2247 2829 2482 2898 implens
2504 2828 2604 2892 ea?
2630 2826 2767 2881 Cum
2797 2827 3018 2891 mulier,
3064 2834 3323 2894 suscepto
3371 2826 3604 2890 semine,

2036 2921 2114 2975 ait
2137 2920 2243 2985 lex,
2273 2920 2462 2990 genuit
2486 2918 2812 2983 masculum,
2839 2916 2912 2971 sit
2942 2918 3154 2986 impura
3184 2928 3392 2986 septem
3411 2917 3607 2970 diebus

2037 3009 2190 3064 ﬂuxu
2222 3008 2525 3078 sanguinis,
2558 3017 2613 3061 et
2640 3004 2870 3076 triginta
2903 3004 3081 3058 tribus
3129 3003 3327 3057 diebus
3355 3003 3607 3056 demittet

2039 3102 2097 3157 in
2135 3101 2421 3170 sanguinis
2472 3097 2938 3168 puriﬁcationem,
2992 3110 3155 3149 omne
3204 3103 3451 3149 sanctum
3499 3110 3608 3146 non

369 3187 563 3239 θιετται
589 3189 647 3238 ὲν
675 3187 755 3257 τῷ
785 3188 1167 3258 αἴματιαύτῆς
1215 3191 1292 3260 τῷ
1330 3193 1556 3264 καθαρῷ
1579 3211 1592 3226 ο
1623 3196 1760 3267 αὕτη
1801 3215 1938 3251 παν-

2045 3203 2251 3266 tanget,
2287 3202 2343 3248 et
2383 3193 2440 3246 in
2466 3191 2849 3247 sanctuarium
2904 3204 3016 3244 non
3048 3188 3608 3256 intra-bitusquedum

369 3275 460 3338 τδς
490 3276 643 3344 ἁγίου
669 3278 767 3348 οὑχ
817 3278 1051 3332 ἅπτεται
1069 3297 1083 3310 '
1111 3281 1205 3333 καὶ
1231 3283 1310 3345 εἰς
1335 3283 1396 3335 16
1438 3284 1790 3357 άγιαστήριον
1838 3288 1940 3341 οὐκ

2045 3287 2378 3357 impleantur
2416 3285 2536 3340 dies
2583 3283 2986 3354 puriﬁcationis
3021 3297 3151 3347 suae,
3185 3292 3241 3336 et
3274 3297 3398 3336 eum
3457 3297 3610 3335 com-

369 3367 761 3435 είσελεύσεται,
788 3370 894 3433 ἕως
931 3371 997 3424 ἂν
1021 3372 1386 3441 πληρωθῶσιν
1410 3378 1464 3429 αί
1493 3377 1698 3448 ήμέραι
1718 3380 1815 3448 τῆς
1841 3397 1941 3433 κα-

373 3459 619 3531 θάρσεως
664 3463 834 3534 αὐτῆς
861 3481 874 3496 ·
913 3465 1008 3517 καὶ
1051 3465 1178 3518 ὅταν
1232 3465 1596 3536 πληρωθῶσιν
1649 3471 1706 3523 αί
1739 3472 1940 3542 ἡμέραι

369 3552 468 3621 τῆς
513 3553 834 3623 καθάρσεως
881 3555 1070 3626 αὐτῆς,
1108 3558 1246 3610 οἴσει
1301 3559 1474 3628 ἀμνὸν
1505 3562 1800 3633 ἇμωμονῆ
1847 3565 1942 3618 δύο

372 3646 626 3708 νεοσσοὺς
652 3649 982 3716 περιστερᾶς
1019 3651 1098 3711 είς
1131 3648 1231 3719 τὴν
1272 3649 1443 3719 θύραν
1473 3652 1574 3721 τῆς
1613 3658 1817 3725 σκηνῆς
1845 3656 1940 3708 τοῦ

375 3737 676 3806 μαρτυρίου
704 3752 719 3767 ⁸
747 3740 840 3792 καὶ
870 3741 1087 3809 ποιήσει
1116 3743 1143 3793 6
1168 3742 1346 3811 ἱερεὺς
1372 3743 1434 3795 16
1473 3744 1570 3813 μὲν
1601 3749 1728 3818 περὶ
1756 3748 1944 3819 ἁμαρ-

368 3825 516 3890 τίας,
548 3828 610 3880 16
633 3829 688 3881 δὲ
717 3833 796 3893 εἰς
839 3829 1209 3886 ὁλοκαύτωσιν
1233 3849 1247 3866 ο
1299 3836 1395 3888 καὶ
1446 3837 1738 3907 καθαρίσει
1771 3841 1944 3912 αὐτὴν

373 3919 480 3973 ἀπὸ
504 3920 604 3989 τῆς
635 3922 818 3992 πηγῆς
843 3925 937 3977 τοῦ
966 3927 1196 3994 αἵματος
1219 3927 1394 3997 αὐτῆς
1423 3943 1438 3959 °
1475 3931 1569 3982 καὶ
1596 3932 1739 4001 μετά
1772 3932 1945 3988 ταῦτα

373 4016 740 4072 εἰσελεύσεται
763 4021 840 4082 είς
874 4019 936 4072 16
969 4021 1125 4088 ἅγιον
1155 4037 1169 4051 ⁸
1194 4024 1350 4076 ὃτιδὲ
1372 4025 1694 4097 ἐπλήρωσεν
1727 4028 1760 4097 ἡ
1795 4029 1944 4098 Παρ-

373 4107 527 4170 θένος
551 4109 754 4180 ταύτην
782 4112 880 4179 τὴν
902 4112 1166 4179 διάταξιν,
1196 4120 1462 4188 μαρτυρεῖ
1493 4119 1751 4181 Λουκᾶςό
1777 4121 1944 4188 εὐαγ-

373 4200 626 4272 γελιστὴς
654 4202 849 4271 λέγων·
871 4206 979 4259 Καὶ
1009 4207 1418 4276 πληρώσαντες,
1442 4213 1597 4280 φησι,
1620 4211 1713 4275 τὰς
1735 4212 1945 4284 ἡμέρας

373 4295 468 4348 τοῦ
495 4296 836 4368 καθαρισμοῦ
871 4301 1072 4364 αὐτῶν,
1123 4304 1432 4373 ἀνήνεγκαν
1467 4305 1631 4358 αὑτὸν
1661 4308 1739 4368 εἰς
1781 4306 1843 4360 16
1875 4309 1947 4360 ίε-

377 4388 471 4458 ρὸν
494 4393 842 4462 παραστῆσαι
865 4394 1028 4447 αὐτὸν
1055 4393 1133 4464 τῷ
1159 4396 1369 4465 Κυρίῳ,
1404 4397 1497 4449 καὶ
1520 4398 1614 4450 τοῦ
1641 4397 1824 4452 δοῦναι
1854 4399 1947 4453 δύο

375 4483 629 4547 νεοσσοὺς
669 4485 1032 4555 περιστερῶν.
1063 4486 1242 4541 Πολλά
1263 4488 1438 4559 ὰσεόἦ
1469 4491 1534 4560 τῇ
1575 4491 1780 4562 ἀπορίᾳ
1819 4492 1944 4561 τῇδε

375 4574 565 4626 ἕπεται
588 4589 602 4603 ’
635 4575 683 4627 εί
710 4576 816 4643 γὰρ
852 4576 928 4646 μὴ
958 4575 1119 4629 τύποι
1166 4577 1329 4631 τινῶν
1357 4580 1748 4648 πνευματικῶν
1777 4583 1825 4634 οἱ
1862 4599 1948 4634 νο·
1979 4553 2022 4608 D

379 4667 531 4734 μικοὶ
565 4668 664 4736 τῆς
713 4668 914 4736 σαρκὸς
957 4668 1292 4738 καθαρισμοὶ
1344 4670 1684 4741 καιὲτέροις
1738 4672 1946 4724 ἐπικεί-

379 4776 553 4828 μενοι,
585 4761 645 4813 οὑ
671 4759 779 4830 γὰρ
808 4760 1050 4829 Χριστῷ,
1101 4761 1230 4832 ἄχρι
1261 4763 1363 4831 τῆς
1420 4764 1728 4835 παρουσίας
1780 4765 1946 4818 αὑτοῦ

375 4853 471 4910 τοῦ
505 4853 761 4927 ἀληθινοῦ
796 4853 1163 4925 καθαρτηρ-ίου
1197 4856 1309 4909 τῶν
1337 4856 1475 4910 ὅλων
1523 4858 1761 4928 Χριστοῦ
1797 4875 1812 4890 ·
1840 4859 1948 4930 ἄρα

375 4968 439 5019 γε
462 4953 558 5005 καὶ
585 4951 748 5005 αὑτὸν
767 4950 1109 5022 καθάραντες
1173 4953 1264 5005 τὸν
1311 4954 1684 5024 ποιησάμενον
1717 4955 1811 5008 τὸν
1851 4973 1949 5010 κα-

377 5043 643 5116 θαρισμὸν
672 5043 780 5096 τῶν
804 5043 1092 5114 ἁμαρτιῶν
1127 5045 1284 5113 ἡμῶν
1325 5045 1558 5116 Χριστὸν
1593 5047 1687 5098 καὶ
1742 5047 1952 5116 ἰσχυρό-

372 5150 531 5204 τερον
566 5135 661 5186 καὶ
685 5132 983 5204 άγιώτερον
1012 5134 1321 5204 παριστῶσι
1370 5134 1606 5206 Χριστοῦ
1639 5136 1730 5189 τὸν
1763 5137 1946 5205 νόμον,

375 5225 469 5281 τοῦ
499 5227 594 5281 16v
613 5229 775 5298 νόμον
808 5228 918 5281 τῶν
943 5226 1172 5279 ἐντολῶν
1227 5230 1680 5300 καταργήσαντος
1711 5247 1724 5262 ·
1776 5231 1827 5284 τί
1857 5229 1950 5288 οὖν

376 5319 484 5372 ἔδει
519 5322 868 5392 καταργῆσαι
896 5322 1122 5377 ἐλθόντα
1171 5325 1333 5378 αὑτὸν
1363 5326 1454 5380 τὸν
1503 5327 1700 5397 νόμον;
1744 5331 1837 5382 καί
1868 5349 1952 5385 τοι

375 5410 467 5463 διὰ
499 5410 562 5463 16
618 5411 876 5466 ἀδύνατον
906 5413 1000 5467 τοῦ
1056 5414 1243 5485 νόμου,
1278 5417 1334 5470 ὲν
1364 5410 1408 5485 ᾧ
1445 5419 1662 5489 ἠσθένει
1717 5421 1805 5474 διὰ
1853 5423 1952 5491 τῆς

380 5502 603 5571 σαρκὸς,
634 5507 663 5558 6
685 5504 817 5567 Θεὸς
841 5506 934 5560 16v
951 5508 1145 5562 ἑαυτοῦ
1182 5510 1310 5563 Υἱὸν
1348 5510 1594 5582 ἐπεμψεν
1644 5514 1703 5566 ὲν
1751 5514 1952 5582 όμοιώο

382 5613 513 5665 ματι
545 5599 747 5667 σαρκὸς
796 5599 1069 5671 ἁμαρτίας
1102 5619 1116 5634 ο
1157 5604 1253 5655 καὶ
1290 5604 1352 5670 οὗ
1409 5605 1568 5674 μόνον
1617 5606 1949 5677 καθῄρησεν,

378 5687 513 5740 ἀλλὰ
536 5690 629 5742 καὶ
679 5689 968 5760 κατέκρινε
997 5693 1096 5764 τὴν
1127 5696 1404 5765 ἁμαρτίαν
1439 5698 1497 5749 ὲν
1541 5701 1606 5768 τῇ
1657 5701 1821 5768 σαρκὶ
1855 5702 1952 5753 αὐ-

377 5777 475 5830 τοῦ
500 5793 513 5807 ·
560 5778 699 5848 ἔχων
733 5780 825 5847 οὖν
855 5785 953 5851 τὴν
1017 5784 1172 5853 ίσχὺν
1217 5786 1314 5840 τοῦ
1347 5787 1548 5852 παντὸς
1609 5788 1952 5858 καθαρισμοῦ

380 5867 546 5939 ἔν’τῇ
599 5872 761 5940 σαρκὶ
806 5871 970 5926 αὑτοῦ
1013 5876 1080 5945 τῇ
1111 5875 1390 5948 θεοπλόκῳ
1441 5877 1701 5952 Χριστὸς,
1749 5880 1949 5951 πληροῖ

2041 3379 2177 3449 pleti
2236 3386 2401 3433 erunt
2449 3377 2570 3433 dies
2599 3375 3003 3447 puriﬁeationis
3039 3390 3170 3439 suae,
3230 3375 3369 3428 feret
3409 3387 3611 3443 agnum

2043 3473 2162 3527 sine
2190 3471 2426 3535 macula,
2457 3471 2546 3525 vel
2584 3469 2724 3523 duos
2755 3469 2939 3538 pullos
2963 3466 3235 3523 columba:
3289 3465 3358 3519 ad
3410 3464 3610 3518 ostium

2043 3565 2382 3621 tabernaculi
2410 3563 2750 3632 testimoniij,
2785 3571 2842 3618 et
2882 3560 3144 3618 sacerdos
3196 3559 3393 3614 offeret
3439 3573 3608 3612 unum

2043 3673 2143 3729 pro
2211 3665 2438 3727 peccato
2503 3664 2560 3710 et
2618 3655 2855 3709 alterum
2961 3653 3019 3707 in
3079 3652 3502 3714 holocaustum,
3558 3659 3615 3702 ct

2045 3752 2360 3824 puriﬁcabit
2411 3766 2534 3806 eam
2589 3767 2626 3805 a-
2663 3749 2935 3821 proﬂuvio
2994 3745 3278 3818 sanguinis
3354 3743 3475 3807 sui,
3557 3750 3616 3795 et

2045 3853 2170 3917 post
2232 3847 2350 3901 hazc
2404 3844 2634 3900 intrabit
2689 3845 2746 3898 in
2768 3834 3612 3910 sanctum.Virginemvcroim-

2046 3941 2283 4011 plevisse
2300 3941 2406 3996 hoc
2433 3937 2756 3992 mandatum
2789 3941 3023 3989 testatur
3049 3931 3227 3985 Lucas
3278 3926 3615 3997 evangelista

2045 4034 2257 4088 dicens.
2294 4049 2310 4087 :
2341 4051 2359 4084 ι
2389 4032 2458 4086 Ει
2482 4023 3235 4098 completisunt,inquit,dies
3273 4018 3616 4091 purgationis

2045 4141 2257 4187 eorum,
2287 4125 2532 4179 tulerunt
2565 4136 2691 4176 eum
2733 4121 2787 4174 in
2832 4117 3096 4187 templum
3118 4125 3176 4169 ut
3196 4114 3457 4169 sisterent
3486 4126 3615 4165 eum

2047 4219 2281 4274 Domino
2304 4226 2360 4272 et
2389 4215 2585 4270 darent
2614 4214 2756 4268 duos
2783 4211 2965 4281 pullos
2983 4208 3421 4266 columbarum.»
3446 4204 3614 4258 Multa

2047 4313 2214 4383 impia
2277 4309 2634 4365 inveniuntur
2664 4308 2721 4362 in
2772 4307 2875 4360 hac
2930 4301 3365 4362 circumstantia,
3412 4314 3532 4352 nam
3570 4299 3614 4350 si

2046 4421 2156 4460 non
2194 4413 2341 4459 esset
2404 4402 2516 4474 typi
2569 4398 2936 4470 quorumdam
2985 4394 3355 4464 spiritualium
3415 4391 3617 4460 legales

2051 4496 2463 4567 purilicationes
2493 4493 2677 4548 carnis
2704 4499 2762 4546 et
2781 4487 3003 4544 aliunde
3028 4485 3309 4546 adhibita,
3337 4483 3454 4537 sine
3480 4496 3619 4550 prae-

2051 4590 2227 4643 sentia
2255 4587 2423 4658 hujus
2453 4585 2570 4639 veri
2591 4583 2838 4638 omnium
2866 4576 3245 4651 puriﬁcatoris
3264 4572 3490 4636 Christi;
3515 4572 3616 4642 igi-

2051 4694 2142 4736 tur
2201 4689 2494 4750 postquam
2545 4675 2982 4746 purilicaverunt
3035 4684 3161 4724 eum
3209 4667 3303 4737 qui
3356 4672 3618 4734 operatus

2049 4781 2170 4830 erat
2203 4769 2645 4843 purificationem
2699 4773 3053 4836 peccatorum
3112 4766 3431 4814 nostrorum
3458 4755 3621 4811 Chri-

2051 4875 2220 4930 stum,
2274 4862 2598 4918 exhibentes
2646 4860 2825 4930 legem
2875 4853 3079 4912 Christi
3135 4863 3192 4908 et
3243 4851 3531 4908 fortiorem
3564 4858 3621 4904 et

2050 4961 2385 5018 sanctiorem
2433 4955 2708 5012 abolentis
2754 4955 2931 5023 legem
2991 4957 3416 5022 praeceptorum.
3477 4945 3620 5010 Quid

2051 5053 2202 5108 enim
2235 5048 2528 5120 impedivit
2575 5062 2704 5103 eum
2742 5045 3063 5100 venientem
3124 5040 3348 5094 abolere
3407 5036 3622 5106 legem?

2052 5145 2162 5200 Sed
2195 5153 2427 5214 propter
2470 5136 2974 5210 impossibilitatem
3022 5133 3180 5203 legis,
3219 5131 3276 5184 in
3328 5143 3434 5198 qua
3467 5127 3624 5180 inve-

2053 5239 2312 5294 niebatur
2333 5251 2434 5306 per
2456 5249 2704 5298 carnem,
2731 5230 2881 5284 Deus
2928 5227 3076 5281 misit
3128 5223 3327 5278 Filium
3363 5237 3522 5276 suum
3566 5219 3622 5273 in

2053 5325 2478 5386 similitudinem
2513 5321 2698 5377 carnis
2746 5316 2982 5390 peccati,
3025 5323 3081 5369 et
3110 5329 3220 5367 non
3256 5312 3432 5366 solum
3468 5309 3623 5379 puri-

2054 5420 2257 5483 ﬁcavit,
2295 5418 2393 5474 sed
2431 5416 2597 5471 etiam
2624 5408 3013 5469 condemnavit
3041 5413 3324 5476 peccatum
3350 5403 3405 5457 in
3454 5416 3623 5456 carne

2055 5515 2194 5583 ejus.
2221 5511 2357 5567 Cum
2391 5508 2622 5564 haberet
2645 5504 2902 5561 Christus
2923 5501 3033 5555 vim
3063 5498 3244 5553 omnis
3283 5494 3625 5567 purificatio-

2056 5605 2144 5659 nis
2176 5605 2232 5657 in
2258 5617 2425 5657 carne
2457 5617 2579 5664 sua,
2607 5601 2719 5654 Deo
2740 5605 2905 5659 texta,
2952 5589 3283 5661 adimplevit
3344 5586 3400 5640 in
3455 5598 3623 5639 carne

2055 5711 2249 5751 omnes
2269 5692 2692 5766 justilicationes
2725 5689 2881 5759 legis,
2929 5693 2990 5740 ut
3042 5683 3342 5737 redimeret
3369 5684 3625 5730 naturam

2060 5787 2262 5850 carnis,
2301 5782 2682 5840 damnationis
2705 5789 2760 5834 et
2786 5775 3192 5848 puriﬁcationis
3219 5769 3427 5839 legalis,
3449 5773 3505 5819 et
3531 5781 3626 5818 ex-

2058 5882 2275 5937 hiberet
2304 5879 2452 5935 illam
2482 5877 2702 5949 dignam
2732 5875 2841 5929 vita
2895 5867 3168 5941 spirituali
3213 5877 3379 5934 quam
3423 5856 3626 5931 adjecit
