  <div class='ocr_page' id='page_1' title='image "/cluster/home/n/w/nwhite01/storage/ocr_20150623/86:1/hvd.32044019208909/867.png"; bbox 0 0 4006 6550; ppageno 0'>
   <div class='ocr_carea' id='block_1_1' title="bbox 452 436 3700 525">
    <p class='ocr_par' dir='ltr' id='par_1_1' title="bbox 452 436 3700 525">
     <span class='ocr_line' id='line_1_1' title="bbox 452 436 3700 525; baseline -0.006 -7"><span class='ocrx_word' id='word_1_1' title='bbox 452 454 587 525; x_wconf 68' lang='grc'><strong>1719</strong></span> <span class='ocrx_word' id='word_1_2' title='bbox 1709 451 2018 512; x_wconf 77' lang='lat' dir='ltr'><strong>LEONTII</strong></span> <span class='ocrx_word' id='word_1_3' title='bbox 2057 445 2462 507; x_wconf 80' lang='lat' dir='ltr'><strong>BYZANTINI</strong></span> <span class='ocrx_word' id='word_1_4' title='bbox 3558 436 3700 500; x_wconf 71' lang='lat' dir='ltr'><strong>I723</strong></span> 
     </span>
    </p>
   </div>
   <div class='ocr_carea' id='block_1_2' title="bbox 435 557 2031 645">
    <p class='ocr_par' dir='ltr' id='par_1_2' title="bbox 435 557 2020 635">
     <span class='ocr_line' id='line_1_2' title="bbox 435 557 2020 635; baseline -0.004 -10"><span class='ocrx_word' id='word_1_5' title='bbox 435 568 761 626; x_wconf 70' lang='lat' dir='ltr'><strong>condonare</strong></span> <span class='ocrx_word' id='word_1_6' title='bbox 787 569 861 624; x_wconf 85' lang='lat' dir='ltr'><strong>ei.</strong></span> <span class='ocrx_word' id='word_1_7' title='bbox 899 568 958 624; x_wconf 86' lang='lat' dir='ltr'><strong>Si</strong></span> <span class='ocrx_word' id='word_1_8' title='bbox 992 557 1125 624; x_wconf 73' lang='lat' dir='ltr'><strong>vero</strong></span> <span class='ocrx_word' id='word_1_9' title='bbox 1159 565 1332 623; x_wconf 77' lang='lat' dir='ltr'><strong>Filius</strong></span> <span class='ocrx_word' id='word_1_10' title='bbox 1358 565 1601 623; x_wconf 89' lang='lat' dir='ltr'><strong>hominis</strong></span> <span class='ocrx_word' id='word_1_11' title='bbox 1652 573 1802 622; x_wconf 87' lang='lat' dir='ltr'><strong>esset</strong></span> <span class='ocrx_word' id='word_1_12' title='bbox 1820 580 2020 635; x_wconf 78' lang='lat' dir='ltr'><strong>expers</strong></span> 
     </span>
    </p>
   </div>
   <div class='ocr_carea' id='block_1_3' title="bbox 2131 557 3704 645">
    <p class='ocr_par' dir='ltr' id='par_1_3' title="bbox 2131 567 3704 645">
     <span class='ocr_line' id='line_1_3' title="bbox 2131 567 3704 645; baseline -0.004 -15"><span class='ocrx_word' id='word_1_13' title='bbox 2131 577 2304 631; x_wconf 81' lang='grc' dir='ltr'>πάντα</span> <span class='ocrx_word' id='word_1_14' title='bbox 2343 576 2412 630; x_wconf 75' lang='grc' dir='ltr'>τὰ</span> <span class='ocrx_word' id='word_1_15' title='bbox 2434 574 2531 630; x_wconf 89' lang='grc' dir='ltr'><strong>τοῦ</strong></span> <span class='ocrx_word' id='word_1_16' title='bbox 2563 574 2730 645; x_wconf 88' lang='grc' dir='ltr'>νόμου</span> <span class='ocrx_word' id='word_1_17' title='bbox 2765 569 3113 642; x_wconf 80' lang='grc' dir='ltr'>δικαιώματα</span> <span class='ocrx_word' id='word_1_18' title='bbox 3150 567 3454 641; x_wconf 71' lang='grc' dir='ltr'>σαρκικῶς,</span> <span class='ocrx_word' id='word_1_19' title='bbox 3485 567 3576 625; x_wconf 76' lang='grc' dir='ltr'>ἵνα</span> <span class='ocrx_word' id='word_1_20' title='bbox 3604 571 3704 644; x_wconf 71' lang='grc' dir='ltr'>τὴν</span> 
     </span>
    </p>
   </div>
   <div class='ocr_carea' id='block_1_4' title="bbox 442 657 2031 739">
    <p class='ocr_par' dir='ltr' id='par_1_4' title="bbox 442 657 2013 731">
     <span class='ocr_line' id='line_1_4' title="bbox 442 657 2013 731; baseline -0.004 -13"><span class='ocrx_word' id='word_1_21' title='bbox 442 661 963 718; x_wconf 70' lang='lat' dir='ltr'><strong>et‘circumeisionis</strong></span> <span class='ocrx_word' id='word_1_22' title='bbox 989 659 1216 731; x_wconf 83' lang='lat' dir='ltr'><strong>quidem</strong></span> <span class='ocrx_word' id='word_1_23' title='bbox 1261 668 1318 716; x_wconf 89' lang='lat' dir='ltr'><strong>et</strong></span> <span class='ocrx_word' id='word_1_24' title='bbox 1341 659 1688 730; x_wconf 77' lang='lat' dir='ltr'><strong>baptismatis</strong></span> <span class='ocrx_word' id='word_1_25' title='bbox 1740 657 2013 728; x_wconf 74' lang='lat' dir='ltr'><strong>poeniten-</strong></span> 
     </span>
    </p>
   </div>
   <div class='ocr_carea' id='block_1_5' title="bbox 2131 657 3706 739">
    <p class='ocr_par' dir='ltr' id='par_1_5' title="bbox 2131 662 3706 739">
     <span class='ocr_line' id='line_1_5' title="bbox 2131 662 3706 739; baseline -0.005 -17"><span class='ocrx_word' id='word_1_26' title='bbox 2131 669 2286 739; x_wconf 68' lang='lat' dir='ltr'><strong>ptictv</strong></span> <span class='ocrx_word' id='word_1_27' title='bbox 2312 669 2412 738; x_wconf 77' lang='grc' dir='ltr'>τῆς</span> <span class='ocrx_word' id='word_1_28' title='bbox 2475 666 2699 737; x_wconf 88' lang='grc' dir='ltr'>σαρκὸς,</span> <span class='ocrx_word' id='word_1_29' title='bbox 2744 666 2847 734; x_wconf 74' lang='grc' dir='ltr'>τῆς</span> <span class='ocrx_word' id='word_1_30' title='bbox 2899 663 3132 733; x_wconf 76' lang='grc' dir='ltr'><strong>νομικῆς</strong></span> <span class='ocrx_word' id='word_1_31' title='bbox 3171 662 3554 733; x_wconf 76' lang='grc' dir='ltr'><strong>κατακρίσεως</strong></span> <span class='ocrx_word' id='word_1_32' title='bbox 3608 662 3706 715; x_wconf 73' lang='grc' dir='ltr'><strong>καὶ</strong></span> 
     </span>
    </p>
   </div>
   <div class='ocr_carea' id='block_1_6' title="bbox 445 751 2031 831">
    <p class='ocr_par' dir='ltr' id='par_1_6' title="bbox 445 751 2012 822">
     <span class='ocr_line' id='line_1_6' title="bbox 445 751 2012 822; baseline -0.004 -14"><span class='ocrx_word' id='word_1_33' title='bbox 445 753 535 808; x_wconf 67' lang='lat' dir='ltr'><strong>tiae</strong></span> <span class='ocrx_word' id='word_1_34' title='bbox 561 752 790 809; x_wconf 85' lang='lat' dir='ltr'><strong>Joannis</strong></span> <span class='ocrx_word' id='word_1_35' title='bbox 819 759 876 808; x_wconf 89' lang='lat' dir='ltr'><strong>et</strong></span> <span class='ocrx_word' id='word_1_36' title='bbox 919 763 1270 822; x_wconf 71' lang='lat' dir='ltr'><strong>creterorum,</strong></span> <span class='ocrx_word' id='word_1_37' title='bbox 1323 751 1371 808; x_wconf 88' lang='lat' dir='ltr'><strong>si</strong></span> <span class='ocrx_word' id='word_1_38' title='bbox 1422 752 1590 822; x_wconf 78' lang='lat' dir='ltr'><strong>igitur</strong></span> <span class='ocrx_word' id='word_1_39' title='bbox 1639 757 1827 821; x_wconf 81' lang='lat' dir='ltr'><strong>egeret</strong></span> <span class='ocrx_word' id='word_1_40' title='bbox 1879 763 2012 803; x_wconf 89' lang='lat' dir='ltr'><strong>vero</strong></span> 
     </span>
    </p>
   </div>
   <div class='ocr_carea' id='block_1_7' title="bbox 2131 751 3706 831">
    <p class='ocr_par' dir='ltr' id='par_1_7' title="bbox 2131 751 3706 831">
     <span class='ocr_line' id='line_1_7' title="bbox 2131 751 3706 831; baseline -0.006 -20"><span class='ocrx_word' id='word_1_41' title='bbox 2131 759 2369 831; x_wconf 72' lang='grc' dir='ltr'>κατάρας</span> <span class='ocrx_word' id='word_1_42' title='bbox 2403 755 2772 830; x_wconf 75' lang='grc' dir='ltr'><strong>ἐλευθερώσῃ,</strong></span> <span class='ocrx_word' id='word_1_43' title='bbox 2802 755 2898 809; x_wconf 67' lang='grc' dir='ltr'><strong>καὶ</strong></span> <span class='ocrx_word' id='word_1_44' title='bbox 2921 753 3082 822; x_wconf 82' lang='grc' dir='ltr'>ἀξίαν</span> <span class='ocrx_word' id='word_1_45' title='bbox 3111 753 3284 823; x_wconf 77' lang='grc' dir='ltr'>αὐτὴν</span> <span class='ocrx_word' id='word_1_46' title='bbox 3315 751 3577 824; x_wconf 76' lang='grc' dir='ltr'><strong>ἀποδείξῃ</strong></span> <span class='ocrx_word' id='word_1_47' title='bbox 3602 752 3706 820; x_wconf 79' lang='grc' dir='ltr'>τῆς</span> 
     </span>
    </p>
   </div>
   <div class='ocr_carea' id='block_1_8' title="bbox 445 839 2031 923">
    <p class='ocr_par' dir='ltr' id='par_1_8' title="bbox 445 839 2010 916">
     <span class='ocr_line' id='line_1_8' title="bbox 445 839 2010 916; baseline -0.003 -19"><span class='ocrx_word' id='word_1_48' title='bbox 445 843 719 913; x_wconf 87' lang='lat' dir='ltr'><strong>baptismo</strong></span> <span class='ocrx_word' id='word_1_49' title='bbox 771 843 1155 916; x_wconf 63' lang='lat' dir='ltr'><strong>paenitentiae,</strong></span> <span class='ocrx_word' id='word_1_50' title='bbox 1204 852 1265 898; x_wconf 90' lang='lat' dir='ltr'><strong>ut</strong></span> <span class='ocrx_word' id='word_1_51' title='bbox 1318 857 1550 914; x_wconf 84' lang='lat' dir='ltr'><strong>prorsus</strong></span> <span class='ocrx_word' id='word_1_52' title='bbox 1614 839 2010 912; x_wconf 88' lang='lat' dir='ltr'><strong>impeccahilis,</strong></span> 
     </span>
    </p>
   </div>
   <div class='ocr_carea' id='block_1_9' title="bbox 2131 839 3702 923">
    <p class='ocr_par' dir='ltr' id='par_1_9' title="bbox 2131 844 3702 923">
     <span class='ocr_line' id='line_1_9' title="bbox 2131 844 3702 923; baseline -0.006 -19"><span class='ocrx_word' id='word_1_53' title='bbox 2131 851 2500 923; x_wconf 77' lang='grc' dir='ltr'><strong>πνευματικῆς</strong></span> <span class='ocrx_word' id='word_1_54' title='bbox 2520 849 2856 911; x_wconf 76' lang='grc' dir='ltr'>διαϐιῶσεως</span> <span class='ocrx_word' id='word_1_55' title='bbox 2880 848 2947 919; x_wconf 80' lang='grc' dir='ltr'>ἣν</span> <span class='ocrx_word' id='word_1_56' title='bbox 2976 848 3117 918; x_wconf 74' lang='grc' dir='ltr'>αὐτῇ</span> <span class='ocrx_word' id='word_1_57' title='bbox 3167 844 3494 922; x_wconf 59' lang='grc' dir='ltr'>χαμσασθαι</span> <span class='ocrx_word' id='word_1_58' title='bbox 3528 859 3702 912; x_wconf 86' lang='grc' dir='ltr'>προσ-</span> 
     </span>
    </p>
   </div>
   <div class='ocr_carea' id='block_1_10' title="bbox 445 932 2031 1012">
    <p class='ocr_par' dir='ltr' id='par_1_10' title="bbox 445 932 2013 1007">
     <span class='ocr_line' id='line_1_10' title="bbox 445 932 2013 1007; baseline -0.002 -17"><span class='ocrx_word' id='word_1_59' title='bbox 445 951 572 990; x_wconf 89' lang='lat' dir='ltr'><strong>nam</strong></span> <span class='ocrx_word' id='word_1_60' title='bbox 598 935 926 1006; x_wconf 72' lang='lat' dir='ltr'><strong>pmnitentia</strong></span> <span class='ocrx_word' id='word_1_61' title='bbox 965 951 1076 990; x_wconf 92' lang='lat' dir='ltr'><strong>non</strong></span> <span class='ocrx_word' id='word_1_62' title='bbox 1107 947 1193 991; x_wconf 89' lang='lat' dir='ltr'><strong>est</strong></span> <span class='ocrx_word' id='word_1_63' title='bbox 1210 937 1484 1007; x_wconf 88' lang='lat' dir='ltr'><strong>justorum</strong></span> <span class='ocrx_word' id='word_1_64' title='bbox 1514 933 1858 989; x_wconf 85' lang='lat' dir='ltr'><strong>laudantium</strong></span> <span class='ocrx_word' id='word_1_65' title='bbox 1878 975 1893 999; x_wconf 91' lang='lat'><strong>,</strong></span> <span class='ocrx_word' id='word_1_66' title='bbox 1915 932 2013 988; x_wconf 91' lang='lat' dir='ltr'><strong>sed</strong></span> 
     </span>
    </p>
   </div>
   <div class='ocr_carea' id='block_1_11' title="bbox 2131 932 3702 1012">
    <p class='ocr_par' dir='ltr' id='par_1_11' title="bbox 2131 936 3702 1012">
     <span class='ocr_line' id='line_1_11' title="bbox 2131 936 3702 1012; baseline -0.008 -12"><span class='ocrx_word' id='word_1_67' title='bbox 2131 945 2315 1001; x_wconf 83' lang='grc' dir='ltr'>ἐθετο·</span> <span class='ocrx_word' id='word_1_68' title='bbox 2359 945 2409 998; x_wconf 87' lang='grc' dir='ltr'><strong>εί</strong></span> <span class='ocrx_word' id='word_1_69' title='bbox 2463 943 2520 996; x_wconf 81' lang='grc' dir='ltr'>δὲ</span> <span class='ocrx_word' id='word_1_70' title='bbox 2571 939 2790 1012; x_wconf 81' lang='grc' dir='ltr'>ἐπιδεὴς</span> <span class='ocrx_word' id='word_1_71' title='bbox 2835 939 2911 1004; x_wconf 87' lang='grc' dir='ltr'>ὡς</span> <span class='ocrx_word' id='word_1_72' title='bbox 2959 937 3252 1010; x_wconf 82' lang='grc' dir='ltr'>ἄνθρώπου</span> <span class='ocrx_word' id='word_1_73' title='bbox 3303 936 3459 1000; x_wconf 84' lang='grc' dir='ltr'>τόκος</span> <span class='ocrx_word' id='word_1_74' title='bbox 3494 937 3702 990; x_wconf 65' lang='grc' dir='ltr'>τούτων</span> 
     </span>
    </p>
   </div>
   <div class='ocr_carea' id='block_1_12' title="bbox 444 1021 2031 1109">
    <p class='ocr_par' dir='ltr' id='par_1_12' title="bbox 444 1021 2025 1098">
     <span class='ocr_line' id='line_1_12' title="bbox 444 1021 2025 1098; baseline -0.003 -18"><span class='ocrx_word' id='word_1_75' title='bbox 444 1025 488 1080; x_wconf 87' lang='lat' dir='ltr'><strong>si</strong></span> <span class='ocrx_word' id='word_1_76' title='bbox 519 1040 649 1080; x_wconf 89' lang='lat' dir='ltr'><strong>vero</strong></span> <span class='ocrx_word' id='word_1_77' title='bbox 677 1024 1082 1095; x_wconf 87' lang='lat' dir='ltr'><strong>Christusquin</strong></span> <span class='ocrx_word' id='word_1_78' title='bbox 1127 1033 1336 1098; x_wconf 86' lang='lat' dir='ltr'><strong>egeret,</strong></span> <span class='ocrx_word' id='word_1_79' title='bbox 1391 1025 1629 1096; x_wconf 84' lang='lat' dir='ltr'><strong>aliquam</strong></span> <span class='ocrx_word' id='word_1_80' title='bbox 1678 1025 1856 1094; x_wconf 90' lang='lat' dir='ltr'><strong>legem</strong></span> <span class='ocrx_word' id='word_1_81' title='bbox 1927 1021 2025 1077; x_wconf 92' lang='lat' dir='ltr'><strong>ad-</strong></span> 
     </span>
    </p>
   </div>
   <div class='ocr_carea' id='block_1_13' title="bbox 2131 1021 3707 1109">
    <p class='ocr_par' dir='ltr' id='par_1_13' title="bbox 2131 1026 3707 1109">
     <span class='ocr_line' id='line_1_13' title="bbox 2131 1026 3707 1109; baseline -0.007 -18"><span class='ocrx_word' id='word_1_82' title='bbox 2131 1032 2213 1109; x_wconf 74' lang='grc' dir='ltr'>ἤν,</span> <span class='ocrx_word' id='word_1_83' title='bbox 2235 1036 2330 1089; x_wconf 73' lang='grc' dir='ltr'><strong>καὶ</strong></span> <span class='ocrx_word' id='word_1_84' title='bbox 2356 1033 2658 1106; x_wconf 75' lang='grc' dir='ltr'>περιτομῆς</span> <span class='ocrx_word' id='word_1_85' title='bbox 2691 1032 2822 1101; x_wconf 78' lang='grc' dir='ltr'>ἄρα,</span> <span class='ocrx_word' id='word_1_86' title='bbox 2863 1031 2960 1085; x_wconf 78' lang='grc' dir='ltr'>καὶ</span> <span class='ocrx_word' id='word_1_87' title='bbox 2985 1030 3363 1101; x_wconf 69' lang='grc' dir='ltr'><strong>βαπτίσματος</strong></span> <span class='ocrx_word' id='word_1_88' title='bbox 3409 1026 3707 1097; x_wconf 78' lang='grc' dir='ltr'>μετανοίας</span> 
     </span>
    </p>
   </div>
   <div class='ocr_carea' id='block_1_14' title="bbox 445 1115 2031 1189">
    <p class='ocr_par' dir='ltr' id='par_1_14' title="bbox 445 1115 2024 1188">
     <span class='ocr_line' id='line_1_14' title="bbox 445 1115 2024 1188; baseline -0.001 -17"><span class='ocrx_word' id='word_1_89' title='bbox 445 1117 657 1188; x_wconf 81' lang='lat' dir='ltr'><strong>implet,</strong></span> <span class='ocrx_word' id='word_1_90' title='bbox 692 1117 978 1174; x_wconf 79' lang='lat' dir='ltr'><strong>evidenter</strong></span> <span class='ocrx_word' id='word_1_91' title='bbox 1004 1119 1110 1174; x_wconf 91' lang='lat' dir='ltr'><strong>hoc</strong></span> <span class='ocrx_word' id='word_1_92' title='bbox 1147 1118 1278 1173; x_wconf 83' lang='lat' dir='ltr'><strong>facit</strong></span> <span class='ocrx_word' id='word_1_93' title='bbox 1301 1127 1359 1172; x_wconf 92' lang='lat' dir='ltr'><strong>ut</strong></span> <span class='ocrx_word' id='word_1_94' title='bbox 1389 1117 1681 1186; x_wconf 86' lang='lat' dir='ltr'><strong>adimpleat</strong></span> <span class='ocrx_word' id='word_1_95' title='bbox 1721 1115 2024 1171; x_wconf 89' lang='lat' dir='ltr'><strong>secundum</strong></span> 
     </span>
    </p>
   </div>
   <div class='ocr_carea' id='block_1_15' title="bbox 2131 1115 3706 1189">
    <p class='ocr_par' dir='ltr' id='par_1_15' title="bbox 2131 1115 3706 1189">
     <span class='ocr_line' id='line_1_15' title="bbox 2131 1115 3706 1189; baseline -0.008 -8"><span class='ocrx_word' id='word_1_96' title='bbox 2131 1125 2214 1181; x_wconf 78' lang='grc' dir='ltr'><strong>τοῦ</strong></span> <span class='ocrx_word' id='word_1_97' title='bbox 2254 1123 2532 1189; x_wconf 76' lang='grc' dir='ltr'><strong>Ἰωάννου,</strong></span> <span class='ocrx_word' id='word_1_98' title='bbox 2555 1123 2652 1176; x_wconf 56' lang='grc' dir='ltr'><strong>καὶ⁵</strong></span> <span class='ocrx_word' id='word_1_99' title='bbox 2699 1121 2808 1177; x_wconf 89' lang='grc' dir='ltr'><strong>τῶν</strong></span> <span class='ocrx_word' id='word_1_100' title='bbox 2850 1120 3053 1175; x_wconf 82' lang='grc' dir='ltr'>λοιπῶν</span> <span class='ocrx_word' id='word_1_101' title='bbox 3081 1138 3096 1152; x_wconf 91' lang='grc'><strong>·</strong></span> <span class='ocrx_word' id='word_1_102' title='bbox 3135 1121 3187 1174; x_wconf 86' lang='grc' dir='ltr'><strong>εί</strong></span> <span class='ocrx_word' id='word_1_103' title='bbox 3245 1115 3337 1173; x_wconf 83' lang='grc' dir='ltr'><strong>οὖν</strong></span> <span class='ocrx_word' id='word_1_104' title='bbox 3375 1119 3548 1171; x_wconf 84' lang='grc' dir='ltr'>ἐδεῖτο</span> <span class='ocrx_word' id='word_1_105' title='bbox 3610 1115 3706 1170; x_wconf 76' lang='grc' dir='ltr'><strong>τοῦ</strong></span> 
     </span>
    </p>
   </div>
   <div class='ocr_carea' id='block_1_16' title="bbox 445 1208 2031 1288">
    <p class='ocr_par' dir='ltr' id='par_1_16' title="bbox 445 1208 2018 1279">
     <span class='ocr_line' id='line_1_16' title="bbox 445 1208 2018 1279; baseline 0 -17"><span class='ocrx_word' id='word_1_106' title='bbox 445 1223 669 1263; x_wconf 85' lang='lat' dir='ltr'><strong>carnem</strong></span> <span class='ocrx_word' id='word_1_107' title='bbox 700 1225 919 1265; x_wconf 89' lang='lat' dir='ltr'><strong>omnem</strong></span> <span class='ocrx_word' id='word_1_108' title='bbox 950 1210 1311 1266; x_wconf 73' lang='lat' dir='ltr'><strong>mconomiam</strong></span> <span class='ocrx_word' id='word_1_109' title='bbox 1351 1209 1418 1264; x_wconf 88' lang='lat' dir='ltr'><strong>ad</strong></span> <span class='ocrx_word' id='word_1_110' title='bbox 1466 1224 1684 1264; x_wconf 89' lang='lat' dir='ltr'><strong>omnem</strong></span> <span class='ocrx_word' id='word_1_111' title='bbox 1725 1208 2018 1279; x_wconf 81' lang='lat' dir='ltr'><strong>justitiam,</strong></span> 
     </span>
    </p>
   </div>
   <div class='ocr_carea' id='block_1_17' title="bbox 2131 1208 3706 1288">
    <p class='ocr_par' dir='ltr' id='par_1_17' title="bbox 2131 1210 3706 1288">
     <span class='ocr_line' id='line_1_17' title="bbox 2131 1210 3706 1288; baseline -0.008 -17"><span class='ocrx_word' id='word_1_112' title='bbox 2131 1218 2216 1288; x_wconf 73' lang='grc' dir='ltr'>τῆς</span> <span class='ocrx_word' id='word_1_113' title='bbox 2255 1214 2543 1286; x_wconf 74' lang='grc' dir='ltr'>μετανοίας</span> <span class='ocrx_word' id='word_1_114' title='bbox 2572 1213 2743 1277; x_wconf 79' lang='grc' dir='ltr'>ὅντως</span> <span class='ocrx_word' id='word_1_115' title='bbox 2775 1211 3114 1284; x_wconf 86' lang='grc' dir='ltr'>βαπτισμοῦ,</span> <span class='ocrx_word' id='word_1_116' title='bbox 3155 1211 3372 1273; x_wconf 86' lang='grc' dir='ltr'>πάντως</span> <span class='ocrx_word' id='word_1_117' title='bbox 3403 1210 3482 1272; x_wconf 81' lang='grc' dir='ltr'>ὡς</span> <span class='ocrx_word' id='word_1_118' title='bbox 3517 1210 3706 1278; x_wconf 85' lang='grc' dir='ltr'>ἀμαρ-</span> 
     </span>
    </p>
   </div>
   <div class='ocr_carea' id='block_1_18' title="bbox 445 1300 2031 1377">
    <p class='ocr_par' dir='ltr' id='par_1_18' title="bbox 445 1300 2016 1372">
     <span class='ocr_line' id='line_1_18' title="bbox 445 1300 2016 1372; baseline 0.001 -17"><span class='ocrx_word' id='word_1_119' title='bbox 445 1309 502 1355; x_wconf 91' lang='lat' dir='ltr'><strong>et</strong></span> <span class='ocrx_word' id='word_1_120' title='bbox 531 1300 791 1357; x_wconf 82' lang='lat' dir='ltr'><strong>exhibeat</strong></span> <span class='ocrx_word' id='word_1_121' title='bbox 838 1302 1117 1372; x_wconf 89' lang='lat' dir='ltr'><strong>implendo</strong></span> <span class='ocrx_word' id='word_1_122' title='bbox 1146 1301 1318 1372; x_wconf 80' lang='lat' dir='ltr'><strong>legem</strong></span> <span class='ocrx_word' id='word_1_123' title='bbox 1347 1317 1501 1357; x_wconf 90' lang='lat' dir='ltr'><strong>suam</strong></span> <span class='ocrx_word' id='word_1_124' title='bbox 1534 1300 1880 1357; x_wconf 84' lang='lat' dir='ltr'><strong>divinitatem</strong></span> <span class='ocrx_word' id='word_1_125' title='bbox 1909 1342 1925 1368; x_wconf 93' lang='lat'><strong>,</strong></span> <span class='ocrx_word' id='word_1_126' title='bbox 1959 1310 2016 1357; x_wconf 91' lang='lat' dir='ltr'><strong>et</strong></span> 
     </span>
    </p>
   </div>
   <div class='ocr_carea' id='block_1_19' title="bbox 2131 1300 3700 1377">
    <p class='ocr_par' dir='ltr' id='par_1_19' title="bbox 2131 1302 3700 1377">
     <span class='ocr_line' id='line_1_19' title="bbox 2131 1302 3700 1377; baseline -0.008 -14"><span class='ocrx_word' id='word_1_127' title='bbox 2131 1308 2288 1372; x_wconf 80' lang='grc' dir='ltr'>ιωλός</span> <span class='ocrx_word' id='word_1_128' title='bbox 2313 1325 2328 1338; x_wconf 80' lang='lat'><strong><em>°</em></strong></span> <span class='ocrx_word' id='word_1_129' title='bbox 2353 1307 2416 1362; x_wconf 79' lang='grc' dir='ltr'><strong>οὐ</strong></span> <span class='ocrx_word' id='word_1_130' title='bbox 2449 1306 2559 1377; x_wconf 82' lang='grc' dir='ltr'><strong>γὰρ</strong></span> <span class='ocrx_word' id='word_1_131' title='bbox 2582 1305 2809 1360; x_wconf 84' lang='grc' dir='ltr'>δικαίων</span> <span class='ocrx_word' id='word_1_132' title='bbox 2835 1305 3135 1360; x_wconf 74' lang='grc' dir='ltr'>ἐπαινετῶν</span> <span class='ocrx_word' id='word_1_133' title='bbox 3165 1306 3316 1357; x_wconf 87' lang='grc' dir='ltr'>ἐστιν</span> <span class='ocrx_word' id='word_1_134' title='bbox 3343 1304 3379 1374; x_wconf 68' lang='grc' dir='ltr'><strong>ἡ</strong></span> <span class='ocrx_word' id='word_1_135' title='bbox 3404 1302 3666 1372; x_wconf 79' lang='grc' dir='ltr'>μετάνοια</span> <span class='ocrx_word' id='word_1_136' title='bbox 3685 1314 3700 1329; x_wconf 73' lang='grc' dir='ltr'><strong><em>ο</em></strong></span> 
     </span>
    </p>
   </div>
   <div class='ocr_carea' id='block_1_20' title="bbox 449 1385 2031 1472">
    <p class='ocr_par' dir='ltr' id='par_1_20' title="bbox 449 1391 2008 1464">
     <span class='ocr_line' id='line_1_20' title="bbox 449 1391 2008 1464; baseline 0.003 -20"><span class='ocrx_word' id='word_1_137' title='bbox 449 1405 670 1446; x_wconf 88' lang='lat' dir='ltr'><strong>omnem</strong></span> <span class='ocrx_word' id='word_1_138' title='bbox 693 1392 945 1448; x_wconf 81' lang='lat' dir='ltr'><strong>naturam</strong></span> <span class='ocrx_word' id='word_1_139' title='bbox 984 1391 1262 1447; x_wconf 87' lang='lat' dir='ltr'><strong>carnalem</strong></span> <span class='ocrx_word' id='word_1_140' title='bbox 1309 1391 1584 1447; x_wconf 79' lang='lat' dir='ltr'><strong>infirmam</strong></span> <span class='ocrx_word' id='word_1_141' title='bbox 1625 1393 1893 1464; x_wconf 90' lang='lat' dir='ltr'><strong>compleri</strong></span> <span class='ocrx_word' id='word_1_142' title='bbox 1951 1394 2008 1448; x_wconf 92' lang='lat' dir='ltr'><strong>in</strong></span> 
     </span>
    </p>
   </div>
   <div class='ocr_carea' id='block_1_21' title="bbox 2131 1385 3707 1472">
    <p class='ocr_par' dir='ltr' id='par_1_21' title="bbox 2131 1393 3707 1472">
     <span class='ocr_line' id='line_1_21' title="bbox 2131 1393 3707 1472; baseline -0.005 -20"><span class='ocrx_word' id='word_1_143' title='bbox 2131 1401 2163 1453; x_wconf 71' lang='grc' dir='ltr'><strong>εί</strong></span> <span class='ocrx_word' id='word_1_144' title='bbox 2202 1400 2259 1454; x_wconf 87' lang='grc' dir='ltr'>δὲ</span> <span class='ocrx_word' id='word_1_145' title='bbox 2290 1399 2386 1454; x_wconf 74' lang='grc' dir='ltr'><strong>καὶ</strong></span> <span class='ocrx_word' id='word_1_146' title='bbox 2421 1399 2496 1470; x_wconf 83' lang='grc' dir='ltr'>μὴ</span> <span class='ocrx_word' id='word_1_147' title='bbox 2558 1397 2777 1472; x_wconf 71' lang='grc' dir='ltr'>χρῄζων</span> <span class='ocrx_word' id='word_1_148' title='bbox 2798 1397 2945 1451; x_wconf 86' lang='grc' dir='ltr'>τελεῖ</span> <span class='ocrx_word' id='word_1_149' title='bbox 2967 1414 3091 1452; x_wconf 82' lang='grc' dir='ltr'>τινα</span> <span class='ocrx_word' id='word_1_150' title='bbox 3128 1396 3383 1465; x_wconf 83' lang='grc' dir='ltr'>Χριστὸς,</span> <span class='ocrx_word' id='word_1_151' title='bbox 3420 1393 3581 1463; x_wconf 81' lang='grc' dir='ltr'>δῆλον</span> <span class='ocrx_word' id='word_1_152' title='bbox 3627 1393 3707 1456; x_wconf 85' lang='grc' dir='ltr'>ὼς</span> 
     </span>
    </p>
   </div>
   <div class='ocr_carea' id='block_1_22' title="bbox 446 1481 1572 1553">
    <p class='ocr_par' dir='ltr' id='par_1_22' title="bbox 446 1481 1572 1553">
     <span class='ocr_line' id='line_1_22' title="bbox 446 1481 1572 1553; baseline 0.003 -17"><span class='ocrx_word' id='word_1_153' title='bbox 446 1496 512 1536; x_wconf 88' lang='lat' dir='ltr'><strong>eo</strong></span> <span class='ocrx_word' id='word_1_154' title='bbox 529 1481 645 1536; x_wconf 90' lang='lat' dir='ltr'><strong>sola</strong></span> <span class='ocrx_word' id='word_1_155' title='bbox 684 1483 994 1538; x_wconf 81' lang='lat' dir='ltr'><strong>substantia</strong></span> <span class='ocrx_word' id='word_1_156' title='bbox 1018 1482 1206 1538; x_wconf 89' lang='lat' dir='ltr'><strong>divina</strong></span> <span class='ocrx_word' id='word_1_157' title='bbox 1228 1483 1572 1553; x_wconf 79' lang='lat' dir='ltr'><strong>perficiente.</strong></span> 
     </span>
    </p>
   </div>
   <div class='ocr_carea' id='block_1_23' title="bbox 2103 1486 3708 1563">
    <p class='ocr_par' dir='ltr' id='par_1_23' title="bbox 2103 1486 3708 1563">
     <span class='ocr_line' id='line_1_23' title="bbox 2103 1486 3708 1563; baseline -0.006 -20"><span class='ocrx_word' id='word_1_158' title='bbox 2103 1491 2242 1563; x_wconf 81' lang='grc' dir='ltr'>πρὸς</span> <span class='ocrx_word' id='word_1_159' title='bbox 2257 1491 2318 1546; x_wconf 83' lang='grc' dir='ltr'><strong>τὸ</strong></span> <span class='ocrx_word' id='word_1_160' title='bbox 2344 1492 2524 1546; x_wconf 78' lang='grc' dir='ltr'>πᾶσαν</span> <span class='ocrx_word' id='word_1_161' title='bbox 2541 1487 2891 1560; x_wconf 73' lang='grc' dir='ltr'>δικαιοσύνην</span> <span class='ocrx_word' id='word_1_162' title='bbox 2922 1489 3210 1558; x_wconf 84' lang='grc' dir='ltr'>πληρῶσαι</span> <span class='ocrx_word' id='word_1_163' title='bbox 3230 1489 3329 1555; x_wconf 82' lang='grc' dir='ltr'>τὴν</span> <span class='ocrx_word' id='word_1_164' title='bbox 3355 1487 3500 1540; x_wconf 82' lang='grc' dir='ltr'>κατὰ</span> <span class='ocrx_word' id='word_1_165' title='bbox 3528 1486 3708 1554; x_wconf 72' lang='grc' dir='ltr'>σάρκα</span> 
     </span>
    </p>
   </div>
   <div class='ocr_carea' id='block_1_24' title="bbox 449 1572 3707 1655">
    <p class='ocr_par' dir='ltr' id='par_1_24' title="bbox 449 1572 3707 1655">
     <span class='ocr_line' id='line_1_24' title="bbox 449 1572 3707 1655; baseline 0.001 -30"><span class='ocrx_word' id='word_1_166' title='bbox 449 1572 614 1626; x_wconf 72' lang='grc' dir='ltr'>αὑτοῦ</span> <span class='ocrx_word' id='word_1_167' title='bbox 640 1574 978 1646; x_wconf 80' lang='grc' dir='ltr'>οἰκονομίαν,</span> <span class='ocrx_word' id='word_1_168' title='bbox 1010 1577 1158 1629; x_wconf 88' lang='grc' dir='ltr'><strong>ποιεῖ</strong></span> <span class='ocrx_word' id='word_1_169' title='bbox 1203 1574 1368 1628; x_wconf 82' lang='grc' dir='ltr'>τάδε·</span> <span class='ocrx_word' id='word_1_170' title='bbox 1428 1575 1524 1628; x_wconf 72' lang='grc' dir='ltr'>καὶ</span> <span class='ocrx_word' id='word_1_171' title='bbox 1569 1575 1739 1642; x_wconf 84' lang='grc' dir='ltr'>δεῖξαι</span> <span class='ocrx_word' id='word_1_172' title='bbox 1805 1579 1870 1632; x_wconf 87' lang='grc' dir='ltr'><strong>ἐκ</strong></span> <span class='ocrx_word' id='word_1_173' title='bbox 1910 1580 2011 1649; x_wconf 82' lang='grc' dir='ltr'>τῆς</span> <span class='ocrx_word' id='word_1_174' title='bbox 2072 1583 2170 1636; x_wconf 88' lang='grc' dir='ltr'><strong>τοῦ</strong></span> <span class='ocrx_word' id='word_1_175' title='bbox 2221 1582 2388 1654; x_wconf 86' lang='grc' dir='ltr'>νόμου</span> <span class='ocrx_word' id='word_1_176' title='bbox 2451 1581 2788 1655; x_wconf 84' lang='grc' dir='ltr'>πληρώσεως</span> <span class='ocrx_word' id='word_1_177' title='bbox 2833 1581 3005 1650; x_wconf 83' lang='grc' dir='ltr'>αὐτῆς</span> <span class='ocrx_word' id='word_1_178' title='bbox 3062 1579 3160 1651; x_wconf 83' lang='grc' dir='ltr'><strong>τὴν</strong></span> <span class='ocrx_word' id='word_1_179' title='bbox 3199 1578 3396 1632; x_wconf 81' lang='grc' dir='ltr'>ἑαυτοῦ</span> <span class='ocrx_word' id='word_1_180' title='bbox 3451 1578 3707 1646; x_wconf 83' lang='grc' dir='ltr'>θεότητα,</span> 
     </span>
    </p>
   </div>
   <div class='ocr_carea' id='block_1_25' title="bbox 453 1665 3712 1751">
    <p class='ocr_par' dir='ltr' id='par_1_25' title="bbox 453 1665 3712 1751">
     <span class='ocr_line' id='line_1_25' title="bbox 453 1665 3712 1751; baseline 0.002 -32"><span class='ocrx_word' id='word_1_181' title='bbox 453 1665 786 1739; x_wconf 76' lang='grc' dir='ltr'>ἀσθενούσης</span> <span class='ocrx_word' id='word_1_182' title='bbox 864 1668 1029 1724; x_wconf 82' lang='grc' dir='ltr'>αὐτὸν</span> <span class='ocrx_word' id='word_1_183' title='bbox 1075 1669 1453 1742; x_wconf 74' lang='grc' dir='ltr'>ἐκπληρῶσαι,</span> <span class='ocrx_word' id='word_1_184' title='bbox 1520 1670 1702 1745; x_wconf 83' lang='grc' dir='ltr'>πάσης</span> <span class='ocrx_word' id='word_1_185' title='bbox 1753 1676 2023 1747; x_wconf 66' lang='grc' dir='ltr'>πρκικῆς</span> <span class='ocrx_word' id='word_1_186' title='bbox 2075 1677 2308 1747; x_wconf 80' lang='grc' dir='ltr'>φύσεως,</span> <span class='ocrx_word' id='word_1_187' title='bbox 2359 1677 2528 1751; x_wconf 85' lang='grc' dir='ltr'>μόνης</span> <span class='ocrx_word' id='word_1_188' title='bbox 2593 1677 2650 1731; x_wconf 85' lang='grc' dir='ltr'><strong>δέ</strong></span> <span class='ocrx_word' id='word_1_189' title='bbox 2722 1676 2874 1740; x_wconf 84' lang='grc' dir='ltr'>θείας</span> <span class='ocrx_word' id='word_1_190' title='bbox 2934 1674 3125 1738; x_wconf 78' lang='grc' dir='ltr'>οὐσίας</span> <span class='ocrx_word' id='word_1_191' title='bbox 3197 1674 3359 1730; x_wconf 72' lang='grc' dir='ltr'>αὐτὸν</span> <span class='ocrx_word' id='word_1_192' title='bbox 3420 1689 3712 1744; x_wconf 83' lang='grc' dir='ltr'>καταπρα-</span> 
     </span>
    </p>
   </div>
   <div class='ocr_carea' id='block_1_26' title="bbox 457 1760 722 1833">
    <p class='ocr_par' dir='ltr' id='par_1_26' title="bbox 457 1760 722 1833">
     <span class='ocr_line' id='line_1_26' title="bbox 457 1760 722 1833; baseline 0 -17"><span class='ocrx_word' id='word_1_193' title='bbox 457 1760 722 1833; x_wconf 77' lang='grc' dir='ltr'>ξαμένης.</span> 
     </span>
    </p>
   </div>
   <div class='ocr_carea' id='block_1_27' title="bbox 1034 1879 1426 1938">
    <p class='ocr_par' dir='ltr' id='par_1_27' title="bbox 1034 1879 1426 1938">
     <span class='ocr_line' id='line_1_27' title="bbox 1034 1879 1426 1938; baseline 0.005 -2"><span class='ocrx_word' id='word_1_194' title='bbox 1034 1879 1188 1936; x_wconf 87' lang='lat' dir='ltr'><strong>CAP.</strong></span> <span class='ocrx_word' id='word_1_195' title='bbox 1217 1881 1426 1938; x_wconf 83' lang='lat' dir='ltr'><strong>XLVII.</strong></span> 
     </span>
    </p>
   </div>
   <div class='ocr_carea' id='block_1_28' title="bbox 516 1993 2017 2068">
    <p class='ocr_par' dir='ltr' id='par_1_28' title="bbox 516 1993 2017 2068">
     <span class='ocr_line' id='line_1_28' title="bbox 516 1993 2017 2068; baseline 0.002 -17"><span class='ocrx_word' id='word_1_196' title='bbox 516 1993 735 2064; x_wconf 86' lang='lat' dir='ltr'><strong>Ubique</strong></span> <span class='ocrx_word' id='word_1_197' title='bbox 759 1995 1126 2065; x_wconf 81' lang='lat' dir='ltr'><strong>conceptioet</strong></span> <span class='ocrx_word' id='word_1_198' title='bbox 1147 2003 1340 2066; x_wconf 83' lang='lat' dir='ltr'><strong>partus</strong></span> <span class='ocrx_word' id='word_1_199' title='bbox 1371 1996 1583 2052; x_wconf 84' lang='lat' dir='ltr'><strong>ducunt</strong></span> <span class='ocrx_word' id='word_1_200' title='bbox 1614 2011 1746 2052; x_wconf 87' lang='lat' dir='ltr'><strong>eum</strong></span> <span class='ocrx_word' id='word_1_201' title='bbox 1779 1999 1872 2068; x_wconf 89' lang='lat' dir='ltr'><strong>qui</strong></span> <span class='ocrx_word' id='word_1_202' title='bbox 1906 2013 2017 2054; x_wconf 87' lang='lat' dir='ltr'><strong>non</strong></span> 
     </span>
    </p>
   </div>
   <div class='ocr_carea' id='block_1_29' title="bbox 452 2085 2018 2157">
    <p class='ocr_par' dir='ltr' id='par_1_29' title="bbox 452 2085 2018 2157">
     <span class='ocr_line' id='line_1_29' title="bbox 452 2085 2018 2157; baseline 0.003 -18"><span class='ocrx_word' id='word_1_203' title='bbox 452 2085 636 2143; x_wconf 85' lang='lat' dir='ltr'><strong>adhuc</strong></span> <span class='ocrx_word' id='word_1_204' title='bbox 658 2085 877 2141; x_wconf 77' lang='lat' dir='ltr'><strong>exsistit</strong></span> <span class='ocrx_word' id='word_1_205' title='bbox 895 2085 965 2141; x_wconf 91' lang='lat' dir='ltr'><strong>ad</strong></span> <span class='ocrx_word' id='word_1_206' title='bbox 999 2086 1444 2157; x_wconf 79' lang='lat' dir='ltr'><strong>generationem,</strong></span> <span class='ocrx_word' id='word_1_207' title='bbox 1480 2087 1579 2146; x_wconf 81' lang='lat' dir='ltr'><strong>sed</strong></span> <span class='ocrx_word' id='word_1_208' title='bbox 1610 2087 1657 2144; x_wconf 80' lang='lat' dir='ltr'><strong>si</strong></span> <span class='ocrx_word' id='word_1_209' title='bbox 1709 2089 2018 2144; x_wconf 86' lang='lat' dir='ltr'><strong>secundum</strong></span> 
     </span>
    </p>
   </div>
   <div class='ocr_carea' id='block_1_30' title="bbox 453 2177 2020 2252">
    <p class='ocr_par' dir='ltr' id='par_1_30' title="bbox 453 2177 2020 2252">
     <span class='ocr_line' id='line_1_30' title="bbox 453 2177 2020 2252; baseline 0.001 -16"><span class='ocrx_word' id='word_1_210' title='bbox 453 2177 922 2252; x_wconf 64' lang='lat' dir='ltr'><strong>Egyptiummon</strong></span> <span class='ocrx_word' id='word_1_211' title='bbox 953 2179 1234 2238; x_wconf 82' lang='lat' dir='ltr'><strong>hominem</strong></span> <span class='ocrx_word' id='word_1_212' title='bbox 1259 2179 1452 2251; x_wconf 83' lang='lat' dir='ltr'><strong>genuit</strong></span> <span class='ocrx_word' id='word_1_213' title='bbox 1482 2180 1669 2250; x_wconf 76' lang='lat' dir='ltr'><strong>Virgo,</strong></span> <span class='ocrx_word' id='word_1_214' title='bbox 1697 2181 1795 2236; x_wconf 88' lang='lat' dir='ltr'><strong>sed</strong></span> <span class='ocrx_word' id='word_1_215' title='bbox 1827 2197 2020 2238; x_wconf 83' lang='lat' dir='ltr'><strong>verum</strong></span> 
     </span>
    </p>
   </div>
   <div class='ocr_carea' id='block_1_31' title="bbox 459 2271 2021 2342">
    <p class='ocr_par' dir='ltr' id='par_1_31' title="bbox 459 2271 2021 2342">
     <span class='ocr_line' id='line_1_31' title="bbox 459 2271 2021 2342; baseline 0.001 -17"><span class='ocrx_word' id='word_1_216' title='bbox 459 2272 653 2338; x_wconf 90' lang='lat' dir='ltr'><strong>Deum,</strong></span> <span class='ocrx_word' id='word_1_217' title='bbox 690 2271 982 2328; x_wconf 83' lang='lat' dir='ltr'><strong>evidenter</strong></span> <span class='ocrx_word' id='word_1_218' title='bbox 1011 2271 1206 2342; x_wconf 82' lang='lat' dir='ltr'><strong>genuit</strong></span> <span class='ocrx_word' id='word_1_219' title='bbox 1224 2271 1462 2341; x_wconf 65' lang='lat' dir='ltr'><strong>quisnon</strong></span> <span class='ocrx_word' id='word_1_220' title='bbox 1487 2271 1675 2330; x_wconf 77' lang='lat' dir='ltr'><strong>adhuc</strong></span> <span class='ocrx_word' id='word_1_221' title='bbox 1712 2280 1858 2336; x_wconf 88' lang='lat' dir='ltr'><strong>erat,</strong></span> <span class='ocrx_word' id='word_1_222' title='bbox 1880 2278 1939 2326; x_wconf 91' lang='lat' dir='ltr'><strong>et</strong></span> <span class='ocrx_word' id='word_1_223' title='bbox 1973 2271 2021 2326; x_wconf 91' lang='lat' dir='ltr'><strong>si</strong></span> 
     </span>
    </p>
   </div>
   <div class='ocr_carea' id='block_1_32' title="bbox 457 2363 2021 2433">
    <p class='ocr_par' dir='ltr' id='par_1_32' title="bbox 457 2363 2021 2433">
     <span class='ocr_line' id='line_1_32' title="bbox 457 2363 2021 2433; baseline 0 -16"><span class='ocrx_word' id='word_1_224' title='bbox 457 2372 801 2429; x_wconf 84' lang='lat' dir='ltr'><strong>neocreatus,</strong></span> <span class='ocrx_word' id='word_1_225' title='bbox 821 2371 881 2419; x_wconf 91' lang='lat' dir='ltr'><strong>et</strong></span> <span class='ocrx_word' id='word_1_226' title='bbox 906 2363 1236 2433; x_wconf 70' lang='lat' dir='ltr'><strong>neogenitus</strong></span> <span class='ocrx_word' id='word_1_227' title='bbox 1265 2372 1322 2417; x_wconf 90' lang='lat' dir='ltr'><strong>et</strong></span> <span class='ocrx_word' id='word_1_228' title='bbox 1343 2373 1682 2420; x_wconf 77' lang='lat' dir='ltr'><strong>neovooatus</strong></span> <span class='ocrx_word' id='word_1_229' title='bbox 1705 2363 1810 2420; x_wconf 83' lang='lat' dir='ltr'><strong>iste</strong></span> <span class='ocrx_word' id='word_1_230' title='bbox 1853 2363 2021 2428; x_wconf 87' lang='lat' dir='ltr'><strong>Deus,</strong></span> 
     </span>
    </p>
   </div>
   <div class='ocr_carea' id='block_1_33' title="bbox 460 2452 2021 2523">
    <p class='ocr_par' dir='ltr' id='par_1_33' title="bbox 460 2452 2021 2523">
     <span class='ocr_line' id='line_1_33' title="bbox 460 2452 2021 2523; baseline 0 -15"><span class='ocrx_word' id='word_1_231' title='bbox 460 2453 776 2508; x_wconf 87' lang='lat' dir='ltr'><strong>necessario</strong></span> <span class='ocrx_word' id='word_1_232' title='bbox 799 2454 966 2508; x_wconf 89' lang='lat' dir='ltr'><strong>etiam</strong></span> <span class='ocrx_word' id='word_1_233' title='bbox 983 2458 1170 2508; x_wconf 86' lang='lat' dir='ltr'><strong>&#39;novus</strong></span> <span class='ocrx_word' id='word_1_234' title='bbox 1193 2453 1368 2518; x_wconf 88' lang='lat' dir='ltr'><strong>Deus,</strong></span> <span class='ocrx_word' id='word_1_235' title='bbox 1389 2452 1488 2512; x_wconf 82' lang='lat' dir='ltr'><strong>sed</strong></span> <span class='ocrx_word' id='word_1_236' title='bbox 1517 2452 1702 2507; x_wconf 88' lang='lat' dir='ltr'><strong>divina</strong></span> <span class='ocrx_word' id='word_1_237' title='bbox 1733 2452 2021 2523; x_wconf 87' lang='lat' dir='ltr'><strong>Scriptura</strong></span> 
     </span>
    </p>
   </div>
   <div class='ocr_carea' id='block_1_34' title="bbox 353 2544 2022 2618">
    <p class='ocr_par' dir='ltr' id='par_1_34' title="bbox 353 2544 2022 2618">
     <span class='ocr_line' id='line_1_34' title="bbox 353 2544 2022 2618; baseline -0.002 -14"><span class='ocrx_word' id='word_1_238' title='bbox 353 2549 355 2551; x_wconf 76' lang='grc'><strong>’</strong></span> <span class='ocrx_word' id='word_1_239' title='bbox 454 2545 653 2604; x_wconf 78' lang='lat' dir='ltr'><strong>clamat</strong></span> <span class='ocrx_word' id='word_1_240' title='bbox 679 2563 732 2600; x_wconf 76' lang='grc' dir='ltr'><strong>ε(</strong></span> <span class='ocrx_word' id='word_1_241' title='bbox 775 2545 896 2600; x_wconf 82' lang='lat' dir='ltr'><strong>Non</strong></span> <span class='ocrx_word' id='word_1_242' title='bbox 917 2546 1102 2602; x_wconf 90' lang='lat' dir='ltr'><strong>sittibi</strong></span> <span class='ocrx_word' id='word_1_243' title='bbox 1139 2547 1284 2602; x_wconf 89' lang='lat' dir='ltr'><strong>Deus</strong></span> <span class='ocrx_word' id='word_1_244' title='bbox 1298 2561 1498 2602; x_wconf 84' lang='lat' dir='ltr'><strong>novus.</strong></span> <span class='ocrx_word' id='word_1_245' title='bbox 1529 2544 1865 2618; x_wconf 61' lang='lat' dir='ltr'><strong>iJEgyptius</strong></span> <span class='ocrx_word' id='word_1_246' title='bbox 1889 2561 2022 2600; x_wconf 88' lang='lat' dir='ltr'><strong>vero</strong></span> 
     </span>
    </p>
   </div>
   <div class='ocr_carea' id='block_1_35' title="bbox 459 2637 2022 2710">
    <p class='ocr_par' dir='ltr' id='par_1_35' title="bbox 459 2637 2022 2710">
     <span class='ocr_line' id='line_1_35' title="bbox 459 2637 2022 2710; baseline 0.001 -18"><span class='ocrx_word' id='word_1_247' title='bbox 459 2638 655 2693; x_wconf 78' lang='lat' dir='ltr'><strong>clamat</strong></span> <span class='ocrx_word' id='word_1_248' title='bbox 692 2655 709 2690; x_wconf 73' lang='grc' dir='ltr'><strong>ι</strong></span> <span class='ocrx_word' id='word_1_249' title='bbox 744 2637 848 2705; x_wconf 89' lang='lat' dir='ltr'><strong>Sit,</strong></span> <span class='ocrx_word' id='word_1_250' title='bbox 878 2646 934 2694; x_wconf 92' lang='lat' dir='ltr'><strong>et</strong></span> <span class='ocrx_word' id='word_1_251' title='bbox 962 2654 1153 2694; x_wconf 82' lang='lat' dir='ltr'><strong>omnes</strong></span> <span class='ocrx_word' id='word_1_252' title='bbox 1177 2647 1444 2710; x_wconf 76' lang='lat' dir='ltr'><strong>negantes</strong></span> <span class='ocrx_word' id='word_1_253' title='bbox 1464 2654 1586 2694; x_wconf 89' lang='lat' dir='ltr'><strong>esse</strong></span> <span class='ocrx_word' id='word_1_254' title='bbox 1615 2653 1820 2694; x_wconf 92' lang='lat' dir='ltr'><strong>novum</strong></span> <span class='ocrx_word' id='word_1_255' title='bbox 1850 2639 2022 2694; x_wconf 91' lang='lat' dir='ltr'><strong>Deum</strong></span> 
     </span>
    </p>
   </div>
   <div class='ocr_carea' id='block_1_36' title="bbox 454 2730 2020 2802">
    <p class='ocr_par' dir='ltr' id='par_1_36' title="bbox 454 2730 2020 2802">
     <span class='ocr_line' id='line_1_36' title="bbox 454 2730 2020 2802; baseline 0 -16"><span class='ocrx_word' id='word_1_256' title='bbox 454 2730 906 2786; x_wconf 84' lang='lat' dir='ltr'><strong>anathematizat.</strong></span> <span class='ocrx_word' id='word_1_257' title='bbox 929 2731 1100 2802; x_wconf 88' lang='lat' dir='ltr'><strong>Igitur</strong></span> <span class='ocrx_word' id='word_1_258' title='bbox 1117 2732 1210 2801; x_wconf 91' lang='lat' dir='ltr'><strong>qui</strong></span> <span class='ocrx_word' id='word_1_259' title='bbox 1229 2730 1474 2787; x_wconf 85' lang='lat' dir='ltr'><strong>celebrat</strong></span> <span class='ocrx_word' id='word_1_260' title='bbox 1503 2731 1760 2802; x_wconf 84' lang='lat' dir='ltr'><strong>antiquos</strong></span> <span class='ocrx_word' id='word_1_261' title='bbox 1781 2731 2020 2797; x_wconf 88' lang='lat' dir='ltr'><strong>dolores,</strong></span> 
     </span>
    </p>
   </div>
   <div class='ocr_carea' id='block_1_37' title="bbox 459 2821 2025 2893">
    <p class='ocr_par' dir='ltr' id='par_1_37' title="bbox 459 2821 2025 2893">
     <span class='ocr_line' id='line_1_37' title="bbox 459 2821 2025 2893; baseline 0.002 -18"><span class='ocrx_word' id='word_1_262' title='bbox 459 2821 766 2893; x_wconf 86' lang='lat' dir='ltr'><strong>usquedum</strong></span> <span class='ocrx_word' id='word_1_263' title='bbox 797 2822 1068 2878; x_wconf 81' lang='lat' dir='ltr'><strong>formetur</strong></span> <span class='ocrx_word' id='word_1_264' title='bbox 1097 2822 1354 2879; x_wconf 87' lang='lat' dir='ltr'><strong>Christus</strong></span> <span class='ocrx_word' id='word_1_265' title='bbox 1395 2822 1452 2878; x_wconf 87' lang='lat' dir='ltr'><strong>in</strong></span> <span class='ocrx_word' id='word_1_266' title='bbox 1496 2823 1680 2888; x_wconf 88' lang='lat' dir='ltr'><strong>nobis,</strong></span> <span class='ocrx_word' id='word_1_267' title='bbox 1710 2831 1767 2879; x_wconf 87' lang='lat' dir='ltr'><strong>et</strong></span> <span class='ocrx_word' id='word_1_268' title='bbox 1798 2839 1897 2893; x_wconf 86' lang='lat' dir='ltr'><strong>per</strong></span> <span class='ocrx_word' id='word_1_269' title='bbox 1926 2838 2025 2878; x_wconf 86' lang='lat' dir='ltr'><strong>vos</strong></span> 
     </span>
    </p>
   </div>
   <div class='ocr_carea' id='block_1_38' title="bbox 459 2913 2026 2985">
    <p class='ocr_par' dir='ltr' id='par_1_38' title="bbox 459 2913 2026 2985">
     <span class='ocr_line' id='line_1_38' title="bbox 459 2913 2026 2985; baseline 0.001 -17"><span class='ocrx_word' id='word_1_270' title='bbox 459 2913 819 2984; x_wconf 82' lang='lat' dir='ltr'><strong>Evangelium</strong></span> <span class='ocrx_word' id='word_1_271' title='bbox 853 2913 956 2985; x_wconf 74' lang='lat' dir='ltr'><strong>ego</strong></span> <span class='ocrx_word' id='word_1_272' title='bbox 1011 2929 1112 2969; x_wconf 84' lang='lat' dir='ltr'><strong>vos</strong></span> <span class='ocrx_word' id='word_1_273' title='bbox 1167 2914 1354 2985; x_wconf 89' lang='lat' dir='ltr'><strong>genui,</strong></span> <span class='ocrx_word' id='word_1_274' title='bbox 1409 2921 1467 2970; x_wconf 92' lang='lat' dir='ltr'><strong>et</strong></span> <span class='ocrx_word' id='word_1_275' title='bbox 1518 2921 1908 2970; x_wconf 88' lang='lat' dir='ltr'><strong>testamentum</strong></span> <span class='ocrx_word' id='word_1_276' title='bbox 1956 2929 2026 2970; x_wconf 80' lang='lat' dir='ltr'><strong>ex</strong></span> 
     </span>
    </p>
   </div>
   <div class='ocr_carea' id='block_1_39' title="bbox 459 3004 2028 3077">
    <p class='ocr_par' dir='ltr' id='par_1_39' title="bbox 459 3004 2028 3077">
     <span class='ocr_line' id='line_1_39' title="bbox 459 3004 2028 3077; baseline 0.001 -18"><span class='ocrx_word' id='word_1_277' title='bbox 459 3013 647 3060; x_wconf 84' lang='lat' dir='ltr'><strong>monte</strong></span> <span class='ocrx_word' id='word_1_278' title='bbox 677 3004 808 3060; x_wconf 86' lang='lat' dir='ltr'><strong>Sina</strong></span> <span class='ocrx_word' id='word_1_279' title='bbox 843 3021 1115 3077; x_wconf 87' lang='lat' dir='ltr'><strong>generans</strong></span> <span class='ocrx_word' id='word_1_280' title='bbox 1134 3006 1196 3064; x_wconf 77' lang='lat' dir='ltr'><strong>in</strong></span> <span class='ocrx_word' id='word_1_281' title='bbox 1221 3005 1570 3072; x_wconf 83' lang='lat' dir='ltr'><strong>servitutem,</strong></span> <span class='ocrx_word' id='word_1_282' title='bbox 1591 3021 1714 3076; x_wconf 57' lang='lat' dir='ltr'><strong>qua;</strong></span> <span class='ocrx_word' id='word_1_283' title='bbox 1758 3020 1869 3060; x_wconf 87' lang='lat' dir='ltr'><strong>non</strong></span> <span class='ocrx_word' id='word_1_284' title='bbox 1897 3012 2028 3060; x_wconf 91' lang='lat' dir='ltr'><strong>sunt</strong></span> 
     </span>
    </p>
   </div>
   <div class='ocr_carea' id='block_1_40' title="bbox 455 3093 2027 3166">
    <p class='ocr_par' dir='ltr' id='par_1_40' title="bbox 455 3093 2027 3166">
     <span class='ocr_line' id='line_1_40' title="bbox 455 3093 2027 3166; baseline 0.001 -18"><span class='ocrx_word' id='word_1_285' title='bbox 455 3093 712 3164; x_wconf 86' lang='lat' dir='ltr'><strong>equidem</strong></span> <span class='ocrx_word' id='word_1_286' title='bbox 731 3094 979 3150; x_wconf 87' lang='lat' dir='ltr'><strong>indicant</strong></span> <span class='ocrx_word' id='word_1_287' title='bbox 1002 3094 1216 3164; x_wconf 90' lang='lat' dir='ltr'><strong>aliquos</strong></span> <span class='ocrx_word' id='word_1_288' title='bbox 1245 3096 1522 3166; x_wconf 90' lang='lat' dir='ltr'><strong>generari,</strong></span> <span class='ocrx_word' id='word_1_289' title='bbox 1569 3096 1658 3150; x_wconf 87' lang='lat' dir='ltr'><strong>vel</strong></span> <span class='ocrx_word' id='word_1_290' title='bbox 1688 3094 1850 3150; x_wconf 87' lang='lat' dir='ltr'><strong>aliter</strong></span> <span class='ocrx_word' id='word_1_291' title='bbox 1877 3108 2027 3159; x_wconf 86' lang='lat' dir='ltr'><strong>esse,</strong></span> 
     </span>
    </p>
   </div>
   <div class='ocr_carea' id='block_1_41' title="bbox 458 3185 2028 3258">
    <p class='ocr_par' dir='ltr' id='par_1_41' title="bbox 458 3185 2028 3258">
     <span class='ocr_line' id='line_1_41' title="bbox 458 3185 2028 3258; baseline 0 -18"><span class='ocrx_word' id='word_1_292' title='bbox 458 3185 706 3255; x_wconf 81' lang='lat' dir='ltr'><strong>generari</strong></span> <span class='ocrx_word' id='word_1_293' title='bbox 739 3194 800 3241; x_wconf 95' lang='lat' dir='ltr'><strong>ut</strong></span> <span class='ocrx_word' id='word_1_294' title='bbox 824 3194 1012 3242; x_wconf 85' lang='lat' dir='ltr'><strong>essent</strong></span> <span class='ocrx_word' id='word_1_295' title='bbox 1045 3187 1231 3258; x_wconf 91' lang='lat' dir='ltr'><strong>aliquo</strong></span> <span class='ocrx_word' id='word_1_296' title='bbox 1259 3187 1424 3243; x_wconf 90' lang='lat' dir='ltr'><strong>modo</strong></span> <span class='ocrx_word' id='word_1_297' title='bbox 1444 3188 1630 3254; x_wconf 88' lang='lat' dir='ltr'><strong>aliter,</strong></span> <span class='ocrx_word' id='word_1_298' title='bbox 1657 3195 1718 3242; x_wconf 90' lang='lat' dir='ltr'><strong>et</strong></span> <span class='ocrx_word' id='word_1_299' title='bbox 1748 3203 1859 3244; x_wconf 88' lang='lat' dir='ltr'><strong>non</strong></span> <span class='ocrx_word' id='word_1_300' title='bbox 1895 3186 2028 3242; x_wconf 89' lang='lat' dir='ltr'><strong>sub-</strong></span> 
     </span>
    </p>
   </div>
   <div class='ocr_carea' id='block_1_42' title="bbox 2039 1900 2092 1960">
    <p class='ocr_par' dir='ltr' id='par_1_42' title="bbox 2039 1900 2092 1960">
     <span class='ocr_line' id='line_1_42' title="bbox 2039 1900 2092 1960; baseline 0 0"><span class='ocrx_word' id='word_1_301' title='bbox 2039 1900 2092 1960; x_wconf 81' lang='grc' dir='ltr'><strong>Β</strong></span> 
     </span>
    </p>
   </div>
   <div class='ocr_carea' id='block_1_43' title="bbox 2683 1881 3130 1939">
    <p class='ocr_par' dir='ltr' id='par_1_43' title="bbox 2683 1881 3130 1939">
     <span class='ocr_line' id='line_1_43' title="bbox 2683 1881 3130 1939; baseline 0.002 -2"><span class='ocrx_word' id='word_1_302' title='bbox 2683 1881 2938 1939; x_wconf 76' lang='grc' dir='ltr'><strong>ΚΕΦᾹΛ.</strong></span> <span class='ocrx_word' id='word_1_303' title='bbox 2998 1883 3130 1938; x_wconf 85' lang='grc' dir='ltr'><strong>ΜΖ’.</strong></span> 
     </span>
    </p>
   </div>
   <div class='ocr_carea' id='block_1_44' title="bbox 2195 1993 3710 2069">
    <p class='ocr_par' dir='ltr' id='par_1_44' title="bbox 2195 1993 3710 2069">
     <span class='ocr_line' id='line_1_44' title="bbox 2195 1993 3710 2069; baseline -0.004 -17"><span class='ocrx_word' id='word_1_304' title='bbox 2195 1996 2539 2069; x_wconf 79' lang='grc' dir='ltr'>Πανταχοῦή</span> <span class='ocrx_word' id='word_1_305' title='bbox 2569 1995 2830 2066; x_wconf 76' lang='grc' dir='ltr'>σύλληψις</span> <span class='ocrx_word' id='word_1_306' title='bbox 2853 1997 2948 2050; x_wconf 74' lang='grc' dir='ltr'>καὶ</span> <span class='ocrx_word' id='word_1_307' title='bbox 2963 1995 2999 2048; x_wconf 83' lang='grc' dir='ltr'>’ό</span> <span class='ocrx_word' id='word_1_308' title='bbox 3023 1995 3187 2057; x_wconf 85' lang='grc' dir='ltr'>τόκος</span> <span class='ocrx_word' id='word_1_309' title='bbox 3201 1993 3293 2048; x_wconf 85' lang='grc' dir='ltr'><strong>τὸν</strong></span> <span class='ocrx_word' id='word_1_310' title='bbox 3313 1994 3413 2048; x_wconf 81' lang='grc' dir='ltr'>οὐκ</span> <span class='ocrx_word' id='word_1_311' title='bbox 3429 1995 3560 2048; x_wconf 70' lang='grc' dir='ltr'>ὄντα</span> <span class='ocrx_word' id='word_1_312' title='bbox 3582 1995 3710 2060; x_wconf 68' lang='grc' dir='ltr'>ἆγες</span> 
     </span>
    </p>
   </div>
   <div class='ocr_carea' id='block_1_45' title="bbox 2123 2085 3712 2159">
    <p class='ocr_par' dir='ltr' id='par_1_45' title="bbox 2123 2085 3712 2159">
     <span class='ocr_line' id='line_1_45' title="bbox 2123 2085 3712 2159; baseline -0.004 -17"><span class='ocrx_word' id='word_1_313' title='bbox 2123 2089 2206 2152; x_wconf 81' lang='grc' dir='ltr'><strong>είς</strong></span> <span class='ocrx_word' id='word_1_314' title='bbox 2229 2088 2482 2159; x_wconf 79' lang='grc' dir='ltr'>γέννησιν</span> <span class='ocrx_word' id='word_1_315' title='bbox 2508 2102 2523 2119; x_wconf 91' lang='grc'><strong>·</strong></span> <span class='ocrx_word' id='word_1_316' title='bbox 2571 2085 2687 2140; x_wconf 79' lang='grc' dir='ltr'>ἀλλ’</span> <span class='ocrx_word' id='word_1_317' title='bbox 2711 2088 2762 2140; x_wconf 83' lang='grc' dir='ltr'><strong>εί</strong></span> <span class='ocrx_word' id='word_1_318' title='bbox 2808 2085 2954 2139; x_wconf 73' lang='grc' dir='ltr'>κατὰ</span> <span class='ocrx_word' id='word_1_319' title='bbox 3005 2086 3101 2138; x_wconf 83' lang='grc' dir='ltr'><strong>τὸν</strong></span> <span class='ocrx_word' id='word_1_320' title='bbox 3149 2085 3472 2152; x_wconf 73' lang='grc' dir='ltr'>Αίγύπτιον,</span> <span class='ocrx_word' id='word_1_321' title='bbox 3502 2085 3562 2137; x_wconf 83' lang='grc' dir='ltr'>οὐ</span> <span class='ocrx_word' id='word_1_322' title='bbox 3618 2085 3712 2138; x_wconf 84' lang='grc' dir='ltr'><strong>τὸν</strong></span> 
     </span>
    </p>
   </div>
   <div class='ocr_carea' id='block_1_46' title="bbox 2107 2176 3711 2254">
    <p class='ocr_par' dir='ltr' id='par_1_46' title="bbox 2107 2176 3711 2254">
     <span class='ocr_line' id='line_1_46' title="bbox 2107 2176 3711 2254; baseline -0.005 -18"><span class='ocrx_word' id='word_1_323' title='bbox 2107 2181 2406 2254; x_wconf 61' lang='grc' dir='ltr'>ἄνθρωπον</span> <span class='ocrx_word' id='word_1_324' title='bbox 2441 2180 2731 2249; x_wconf 71' lang='grc' dir='ltr'>ἐγέννησεν</span> <span class='ocrx_word' id='word_1_325' title='bbox 2765 2178 3127 2251; x_wconf 75' lang='grc' dir='ltr'>ήτΠαρθινος,</span> <span class='ocrx_word' id='word_1_326' title='bbox 3151 2177 3290 2231; x_wconf 74' lang='grc' dir='ltr'>ἀλλὰ</span> <span class='ocrx_word' id='word_1_327' title='bbox 3320 2178 3415 2231; x_wconf 86' lang='grc' dir='ltr'><strong>τὸν</strong></span> <span class='ocrx_word' id='word_1_328' title='bbox 3447 2176 3711 2247; x_wconf 74' lang='grc' dir='ltr'>ἀληθινὸν</span> 
     </span>
    </p>
   </div>
   <div class='ocr_carea' id='block_1_47' title="bbox 2109 2271 3713 2344">
    <p class='ocr_par' dir='ltr' id='par_1_47' title="bbox 2109 2271 3713 2344">
     <span class='ocr_line' id='line_1_47' title="bbox 2109 2271 3713 2344; baseline -0.004 -16"><span class='ocrx_word' id='word_1_329' title='bbox 2109 2274 2278 2341; x_wconf 82' lang='grc' dir='ltr'>ιΘεὸν,</span> <span class='ocrx_word' id='word_1_330' title='bbox 2319 2275 2480 2344; x_wconf 81' lang='grc' dir='ltr'>δῆλον</span> <span class='ocrx_word' id='word_1_331' title='bbox 2517 2273 2718 2328; x_wconf 69' lang='grc' dir='ltr'>ὃτιτὸν</span> <span class='ocrx_word' id='word_1_332' title='bbox 2751 2273 2852 2327; x_wconf 73' lang='grc' dir='ltr'>οὐκ</span> <span class='ocrx_word' id='word_1_333' title='bbox 2885 2273 3016 2325; x_wconf 72' lang='grc' dir='ltr'>ὄντα</span> <span class='ocrx_word' id='word_1_334' title='bbox 3059 2272 3322 2340; x_wconf 73' lang='grc' dir='ltr'>ἐγέννησε</span> <span class='ocrx_word' id='word_1_335' title='bbox 3354 2286 3372 2303; x_wconf 81' lang='grc' dir='ltr'><strong><em>ο</em></strong></span> <span class='ocrx_word' id='word_1_336' title='bbox 3409 2271 3504 2324; x_wconf 75' lang='grc' dir='ltr'><strong>καὶ</strong></span> <span class='ocrx_word' id='word_1_337' title='bbox 3571 2273 3625 2322; x_wconf 83' lang='grc' dir='ltr'><strong>εί</strong></span> <span class='ocrx_word' id='word_1_338' title='bbox 3681 2273 3713 2322; x_wconf 88' lang='grc' dir='ltr'><strong>ὁ</strong></span> 
     </span>
    </p>
   </div>
   <div class='ocr_carea' id='block_1_48' title="bbox 2121 2355 3712 2433">
    <p class='ocr_par' dir='ltr' id='par_1_48' title="bbox 2121 2355 3712 2433">
     <span class='ocr_line' id='line_1_48' title="bbox 2121 2355 3712 2433; baseline -0.004 -13"><span class='ocrx_word' id='word_1_339' title='bbox 2121 2366 2448 2430; x_wconf 79' lang='grc' dir='ltr'>νεόπλαστος</span> <span class='ocrx_word' id='word_1_340' title='bbox 2475 2367 2570 2420; x_wconf 74' lang='grc' dir='ltr'><strong>καὶ</strong></span> <span class='ocrx_word' id='word_1_341' title='bbox 2601 2365 2856 2429; x_wconf 82' lang='grc' dir='ltr'>νεοτόκος</span> <span class='ocrx_word' id='word_1_342' title='bbox 2873 2363 2968 2418; x_wconf 66' lang='grc' dir='ltr'><strong>καὶ</strong></span> <span class='ocrx_word' id='word_1_343' title='bbox 3000 2363 3288 2433; x_wconf 82' lang='grc' dir='ltr'>νεόκλητος</span> <span class='ocrx_word' id='word_1_344' title='bbox 3313 2365 3346 2415; x_wconf 81' lang='grc' dir='ltr'><strong><em>ὁ</em></strong></span> <span class='ocrx_word' id='word_1_345' title='bbox 3361 2363 3525 2425; x_wconf 72' lang='grc' dir='ltr'>αὐτὸς</span> <span class='ocrx_word' id='word_1_346' title='bbox 3548 2355 3712 2424; x_wconf 71' lang='grc' dir='ltr'>οὗτος</span> 
     </span>
    </p>
   </div>
   <div class='ocr_carea' id='block_1_49' title="bbox 2122 2454 3709 2528">
    <p class='ocr_par' dir='ltr' id='par_1_49' title="bbox 2122 2454 3709 2528">
     <span class='ocr_line' id='line_1_49' title="bbox 2122 2454 3709 2528; baseline -0.004 -16"><span class='ocrx_word' id='word_1_347' title='bbox 2122 2459 2218 2512; x_wconf 80' lang='grc' dir='ltr'>καὶ</span> <span class='ocrx_word' id='word_1_348' title='bbox 2245 2458 2396 2523; x_wconf 85' lang='grc' dir='ltr'>Θεὸς,</span> <span class='ocrx_word' id='word_1_349' title='bbox 2425 2457 2484 2521; x_wconf 83' lang='grc' dir='ltr'><strong>ἐξ</strong></span> <span class='ocrx_word' id='word_1_350' title='bbox 2517 2456 2762 2528; x_wconf 82' lang='grc' dir='ltr'>ἀνάγκης</span> <span class='ocrx_word' id='word_1_351' title='bbox 2786 2455 2881 2512; x_wconf 75' lang='grc' dir='ltr'>καὶ</span> <span class='ocrx_word' id='word_1_352' title='bbox 2908 2455 3028 2519; x_wconf 83' lang='grc' dir='ltr'>νέος</span> <span class='ocrx_word' id='word_1_353' title='bbox 3064 2454 3196 2518; x_wconf 83' lang='grc' dir='ltr'>Θεός</span> <span class='ocrx_word' id='word_1_354' title='bbox 3217 2471 3232 2484; x_wconf 88' lang='grc'><strong>·</strong></span> <span class='ocrx_word' id='word_1_355' title='bbox 3267 2455 3361 2508; x_wconf 78' lang='grc' dir='ltr'><strong>καὶ</strong></span> <span class='ocrx_word' id='word_1_356' title='bbox 3389 2455 3423 2523; x_wconf 82' lang='grc' dir='ltr'><strong>ἠ</strong></span> <span class='ocrx_word' id='word_1_357' title='bbox 3459 2454 3562 2525; x_wconf 85' lang='grc' dir='ltr'><strong>μὲν</strong></span> <span class='ocrx_word' id='word_1_358' title='bbox 3585 2454 3709 2505; x_wconf 54' lang='grc' dir='ltr'>θεθα</span> 
     </span>
    </p>
   </div>
   <div class='ocr_carea' id='block_1_50' title="bbox 2111 2545 3710 2622">
    <p class='ocr_par' dir='ltr' id='par_1_50' title="bbox 2111 2545 3710 2622">
     <span class='ocr_line' id='line_1_50' title="bbox 2111 2545 3710 2622; baseline -0.008 -13"><span class='ocrx_word' id='word_1_359' title='bbox 2111 2550 2315 2622; x_wconf 77' lang='grc' dir='ltr'>Γραφὴ</span> <span class='ocrx_word' id='word_1_360' title='bbox 2345 2549 2496 2621; x_wconf 73' lang='grc' dir='ltr'><strong>βοᾷοσ</strong></span> <span class='ocrx_word' id='word_1_361' title='bbox 2515 2549 2606 2620; x_wconf 84' lang='grc' dir='ltr'><strong>Μὴ</strong></span> <span class='ocrx_word' id='word_1_362' title='bbox 2631 2548 2773 2604; x_wconf 76' lang='grc' dir='ltr'>ἐστω</span> <span class='ocrx_word' id='word_1_363' title='bbox 2806 2565 2888 2603; x_wconf 87' lang='grc' dir='ltr'><strong>σοι</strong></span> <span class='ocrx_word' id='word_1_364' title='bbox 2912 2547 3047 2611; x_wconf 84' lang='grc' dir='ltr'>Θεὸς</span> <span class='ocrx_word' id='word_1_365' title='bbox 3081 2547 3444 2617; x_wconf 69' lang='grc' dir='ltr'>πρόσφατοςοί</span> <span class='ocrx_word' id='word_1_366' title='bbox 3471 2547 3501 2598; x_wconf 84' lang='grc' dir='ltr'>ὁ</span> <span class='ocrx_word' id='word_1_367' title='bbox 3520 2547 3579 2600; x_wconf 80' lang='grc' dir='ltr'>δὲ</span> <span class='ocrx_word' id='word_1_368' title='bbox 3611 2545 3710 2599; x_wconf 72' lang='lat' dir='ltr'><strong>Ai-</strong></span> 
     </span>
    </p>
   </div>
   <div class='ocr_carea' id='block_1_51' title="bbox 2120 2633 3710 2712">
    <p class='ocr_par' dir='ltr' id='par_1_51' title="bbox 2120 2633 3710 2712">
     <span class='ocr_line' id='line_1_51' title="bbox 2120 2633 3710 2712; baseline -0.004 -17"><span class='ocrx_word' id='word_1_369' title='bbox 2120 2643 2350 2711; x_wconf 83' lang='grc' dir='ltr'>γύπτιος</span> <span class='ocrx_word' id='word_1_370' title='bbox 2370 2640 2808 2712; x_wconf 79' lang='grc' dir='ltr'>ἀντιδοᾷ,⁹Εστω</span> <span class='ocrx_word' id='word_1_371' title='bbox 2837 2656 2853 2672; x_wconf 85' lang='grc'>⁶</span> <span class='ocrx_word' id='word_1_372' title='bbox 2883 2639 2979 2693; x_wconf 81' lang='grc' dir='ltr'><strong>καὶ</strong></span> <span class='ocrx_word' id='word_1_373' title='bbox 3002 2639 3133 2700; x_wconf 80' lang='grc' dir='ltr'>τοὺς</span> <span class='ocrx_word' id='word_1_374' title='bbox 3147 2638 3226 2709; x_wconf 82' lang='grc' dir='ltr'>μὴ</span> <span class='ocrx_word' id='word_1_375' title='bbox 3255 2638 3517 2705; x_wconf 74' lang='grc' dir='ltr'>λέγοντας</span> <span class='ocrx_word' id='word_1_376' title='bbox 3561 2633 3710 2689; x_wconf 79' lang='grc' dir='ltr'>εἶναι</span> 
     </span>
    </p>
   </div>
   <div class='ocr_carea' id='block_1_52' title="bbox 2122 2725 3708 2806">
    <p class='ocr_par' dir='ltr' id='par_1_52' title="bbox 2122 2725 3708 2806">
     <span class='ocr_line' id='line_1_52' title="bbox 2122 2725 3708 2806; baseline -0.006 -17"><span class='ocrx_word' id='word_1_377' title='bbox 2122 2735 2257 2789; x_wconf 82' lang='grc' dir='ltr'>Θεὸν</span> <span class='ocrx_word' id='word_1_378' title='bbox 2283 2735 2616 2806; x_wconf 67' lang='grc' dir='ltr'>πρόσφατον,</span> <span class='ocrx_word' id='word_1_379' title='bbox 2639 2731 3052 2802; x_wconf 67' lang='grc' dir='ltr'>ἀναθεματίζειι.</span> <span class='ocrx_word' id='word_1_380' title='bbox 3083 2732 3228 2799; x_wconf 82' lang='grc' dir='ltr'>’Δρα</span> <span class='ocrx_word' id='word_1_381' title='bbox 3243 2725 3338 2784; x_wconf 79' lang='grc' dir='ltr'><strong>οὖν</strong></span> <span class='ocrx_word' id='word_1_382' title='bbox 3353 2730 3383 2782; x_wconf 86' lang='grc' dir='ltr'><strong>ό</strong></span> <span class='ocrx_word' id='word_1_383' title='bbox 3400 2730 3579 2796; x_wconf 75' lang='grc' dir='ltr'>λέγων</span> <span class='ocrx_word' id='word_1_384' title='bbox 3613 2727 3708 2790; x_wconf 77' lang='grc' dir='ltr'>οὓς</span> 
     </span>
    </p>
   </div>
   <div class='ocr_carea' id='block_1_53' title="bbox 2125 2813 3707 2893">
    <p class='ocr_par' dir='ltr' id='par_1_53' title="bbox 2125 2813 3707 2893">
     <span class='ocr_line' id='line_1_53' title="bbox 2125 2813 3707 2893; baseline -0.003 -17"><span class='ocrx_word' id='word_1_385' title='bbox 2125 2821 2286 2876; x_wconf 80' lang='grc' dir='ltr'>πάλιν</span> <span class='ocrx_word' id='word_1_386' title='bbox 2308 2822 2485 2875; x_wconf 84' lang='grc' dir='ltr'>ὠδίνω</span> <span class='ocrx_word' id='word_1_387' title='bbox 2508 2821 2670 2893; x_wconf 81' lang='grc' dir='ltr'>ἄχρις</span> <span class='ocrx_word' id='word_1_388' title='bbox 2703 2815 2763 2875; x_wconf 77' lang='grc' dir='ltr'>οὗ</span> <span class='ocrx_word' id='word_1_389' title='bbox 2796 2813 3057 2892; x_wconf 82' lang='grc' dir='ltr'>μορφωθῇ</span> <span class='ocrx_word' id='word_1_390' title='bbox 3087 2819 3321 2891; x_wconf 86' lang='grc' dir='ltr'>Χριστὸς</span> <span class='ocrx_word' id='word_1_391' title='bbox 3343 2821 3400 2873; x_wconf 87' lang='grc' dir='ltr'><strong>ἐν</strong></span> <span class='ocrx_word' id='word_1_392' title='bbox 3425 2821 3580 2889; x_wconf 79' lang='grc' dir='ltr'>ἡμῖν,</span> <span class='ocrx_word' id='word_1_393' title='bbox 3610 2823 3707 2872; x_wconf 70' lang='grc' dir='ltr'>καὶ</span> 
     </span>
    </p>
   </div>
   <div class='ocr_carea' id='block_1_54' title="bbox 2124 2910 3708 2989">
    <p class='ocr_par' dir='ltr' id='par_1_54' title="bbox 2124 2910 3708 2989">
     <span class='ocr_line' id='line_1_54' title="bbox 2124 2910 3708 2989; baseline -0.006 -19"><span class='ocrx_word' id='word_1_394' title='bbox 2124 2913 2212 2970; x_wconf 81' lang='grc' dir='ltr'>διὰ</span> <span class='ocrx_word' id='word_1_395' title='bbox 2230 2913 2324 2968; x_wconf 86' lang='grc' dir='ltr'><strong>τοῦ</strong></span> <span class='ocrx_word' id='word_1_396' title='bbox 2358 2913 2698 2983; x_wconf 83' lang='grc' dir='ltr'>Εὑαγγελίου</span> <span class='ocrx_word' id='word_1_397' title='bbox 2726 2911 2838 2981; x_wconf 87' lang='grc' dir='ltr'><strong>ἐγὼ</strong></span> <span class='ocrx_word' id='word_1_398' title='bbox 2871 2912 3014 2982; x_wconf 83' lang='grc' dir='ltr'>ὑμᾶς</span> <span class='ocrx_word' id='word_1_399' title='bbox 3038 2911 3325 2989; x_wconf 62' lang='grc' dir='ltr'>ἐγέννησα,</span> <span class='ocrx_word' id='word_1_400' title='bbox 3371 2911 3464 2963; x_wconf 69' lang='grc' dir='ltr'><strong>καὶ</strong></span> <span class='ocrx_word' id='word_1_401' title='bbox 3511 2912 3547 2978; x_wconf 74' lang='grc' dir='ltr'><strong>ἡ</strong></span> <span class='ocrx_word' id='word_1_402' title='bbox 3589 2910 3708 2962; x_wconf 81' lang='grc' dir='ltr'>δια-</span> 
     </span>
    </p>
   </div>
   <div class='ocr_carea' id='block_1_55' title="bbox 2128 3002 3707 3076">
    <p class='ocr_par' dir='ltr' id='par_1_55' title="bbox 2128 3002 3707 3076">
     <span class='ocr_line' id='line_1_55' title="bbox 2128 3002 3707 3076; baseline -0.003 -18"><span class='ocrx_word' id='word_1_403' title='bbox 2128 3005 2268 3076; x_wconf 80' lang='grc' dir='ltr'>θήκη</span> <span class='ocrx_word' id='word_1_404' title='bbox 2304 3008 2338 3076; x_wconf 81' lang='grc' dir='ltr'><strong>ἠ</strong></span> <span class='ocrx_word' id='word_1_405' title='bbox 2361 3003 2421 3070; x_wconf 82' lang='grc' dir='ltr'><strong>ἐξ</strong></span> <span class='ocrx_word' id='word_1_406' title='bbox 2447 3004 2614 3075; x_wconf 75' lang='grc' dir='ltr'>ὅρους,</span> <span class='ocrx_word' id='word_1_407' title='bbox 2632 3005 2762 3058; x_wconf 80' lang='grc' dir='ltr'>Σινᾶ</span> <span class='ocrx_word' id='word_1_408' title='bbox 2785 3005 2865 3067; x_wconf 85' lang='grc' dir='ltr'><strong>είς</strong></span> <span class='ocrx_word' id='word_1_409' title='bbox 2887 3003 3131 3056; x_wconf 82' lang='grc' dir='ltr'>δουλείαν</span> <span class='ocrx_word' id='word_1_410' title='bbox 3159 3002 3425 3070; x_wconf 81' lang='grc' dir='ltr'>γεννῶσα,</span> <span class='ocrx_word' id='word_1_411' title='bbox 3457 3002 3707 3054; x_wconf 76' lang='grc' dir='ltr'>οὑκόντα</span> 
     </span>
    </p>
   </div>
   <div class='ocr_carea' id='block_1_56' title="bbox 2125 3089 3704 3166">
    <p class='ocr_par' dir='ltr' id='par_1_56' title="bbox 2125 3089 3704 3166">
     <span class='ocr_line' id='line_1_56' title="bbox 2125 3089 3704 3166; baseline -0.004 -17"><span class='ocrx_word' id='word_1_412' title='bbox 2125 3096 2262 3158; x_wconf 81' lang='grc' dir='ltr'>ὅλως</span> <span class='ocrx_word' id='word_1_413' title='bbox 2300 3094 2552 3166; x_wconf 84' lang='grc' dir='ltr'>σημαίνει</span> <span class='ocrx_word' id='word_1_414' title='bbox 2579 3092 2908 3164; x_wconf 78' lang='grc' dir='ltr'>γεννηθῆναι</span> <span class='ocrx_word' id='word_1_415' title='bbox 2964 3108 3138 3154; x_wconf 83' lang='grc' dir='ltr'>τινας,</span> <span class='ocrx_word' id='word_1_416' title='bbox 3173 3091 3210 3161; x_wconf 76' lang='grc' dir='ltr'>ἦ</span> <span class='ocrx_word' id='word_1_417' title='bbox 3265 3091 3470 3161; x_wconf 77' lang='grc' dir='ltr'>ἑτέρως</span> <span class='ocrx_word' id='word_1_418' title='bbox 3522 3089 3704 3150; x_wconf 69' lang='grc' dir='ltr'>ὄντας.</span> 
     </span>
    </p>
   </div>
   <div class='ocr_carea' id='block_1_57' title="bbox 2128 3183 3706 3262">
    <p class='ocr_par' dir='ltr' id='par_1_57' title="bbox 2128 3183 3706 3262">
     <span class='ocr_line' id='line_1_57' title="bbox 2128 3183 3706 3262; baseline -0.004 -18"><span class='ocrx_word' id='word_1_419' title='bbox 2128 3191 2266 3261; x_wconf 90' lang='grc' dir='ltr'>πρὸς</span> <span class='ocrx_word' id='word_1_420' title='bbox 2301 3191 2364 3243; x_wconf 88' lang='grc' dir='ltr'><strong>τὸ</strong></span> <span class='ocrx_word' id='word_1_421' title='bbox 2385 3190 2587 3262; x_wconf 82' lang='grc' dir='ltr'>ἑτέρως</span> <span class='ocrx_word' id='word_1_422' title='bbox 2642 3207 2764 3250; x_wconf 77' lang='grc' dir='ltr'><strong>πως</strong></span> <span class='ocrx_word' id='word_1_423' title='bbox 2813 3183 2958 3242; x_wconf 78' lang='grc' dir='ltr'>εἶναι</span> <span class='ocrx_word' id='word_1_424' title='bbox 3014 3187 3342 3255; x_wconf 77' lang='grc' dir='ltr'>γεννᾶσθαιο</span> <span class='ocrx_word' id='word_1_425' title='bbox 3397 3185 3498 3238; x_wconf 77' lang='grc' dir='ltr'>καὶ</span> <span class='ocrx_word' id='word_1_426' title='bbox 3544 3185 3607 3237; x_wconf 73' lang='grc' dir='ltr'>οὐ</span> <span class='ocrx_word' id='word_1_427' title='bbox 3638 3188 3706 3254; x_wconf 80' lang='grc' dir='ltr'>τῇ</span> 
     </span>
    </p>
   </div>
   <div class='ocr_carea' id='block_1_58' title="bbox 458 3257 2031 3355">
    <p class='ocr_par' dir='ltr' id='par_1_58' title="bbox 458 3257 2026 3345">
     <span class='ocr_line' id='line_1_58' title="bbox 458 3257 2026 3345; baseline 0.001 -18"><span class='ocrx_word' id='word_1_428' title='bbox 458 3273 678 3339; x_wconf 85' lang='lat' dir='ltr'><strong>stantia,</strong></span> <span class='ocrx_word' id='word_1_429' title='bbox 710 3272 807 3328; x_wconf 90' lang='lat' dir='ltr'><strong>sed</strong></span> <span class='ocrx_word' id='word_1_430' title='bbox 851 3257 1142 3330; x_wconf 88' lang='lat' dir='ltr'><strong>accidente</strong></span> <span class='ocrx_word' id='word_1_431' title='bbox 1185 3275 1416 3345; x_wconf 80' lang='lat' dir='ltr'><strong>spiritus</strong></span> <span class='ocrx_word' id='word_1_432' title='bbox 1465 3282 1758 3338; x_wconf 87' lang='lat' dir='ltr'><strong>monstrat,</strong></span> <span class='ocrx_word' id='word_1_433' title='bbox 1799 3274 1847 3329; x_wconf 92' lang='lat' dir='ltr'><strong>si</strong></span> <span class='ocrx_word' id='word_1_434' title='bbox 1891 3289 2026 3328; x_wconf 88' lang='lat' dir='ltr'><strong>vero</strong></span> 
     </span>
    </p>
   </div>
   <div class='ocr_carea' id='block_1_59' title="bbox 2131 3257 3703 3355">
    <p class='ocr_par' dir='ltr' id='par_1_59' title="bbox 2131 3257 3703 3355">
     <span class='ocr_line' id='line_1_59' title="bbox 2131 3257 3703 3355; baseline -0.004 -18"><span class='ocrx_word' id='word_1_435' title='bbox 2131 3257 2313 3355; x_wconf 74' lang='grc' dir='ltr'>οῦσίᾳ,</span> <span class='ocrx_word' id='word_1_436' title='bbox 2370 3257 2506 3337; x_wconf 66' lang='grc' dir='ltr'>ἀλλα</span> <span class='ocrx_word' id='word_1_437' title='bbox 2558 3285 2624 3352; x_wconf 79' lang='grc' dir='ltr'>τῇ</span> <span class='ocrx_word' id='word_1_438' title='bbox 2651 3279 2981 3340; x_wconf 82' lang='grc' dir='ltr'>ἐπουσιώσει</span> <span class='ocrx_word' id='word_1_439' title='bbox 3012 3279 3109 3334; x_wconf 88' lang='grc' dir='ltr'><strong>τοῦ</strong></span> <span class='ocrx_word' id='word_1_440' title='bbox 3168 3279 3480 3348; x_wconf 75' lang='grc' dir='ltr'>πνεύματος</span> <span class='ocrx_word' id='word_1_441' title='bbox 3512 3277 3703 3347; x_wconf 74' lang='grc' dir='ltr'>δηλοῖο</span> 
     </span>
    </p>
   </div>
   <div class='ocr_carea' id='block_1_60' title="bbox 461 3363 2027 3436">
    <p class='ocr_par' dir='ltr' id='par_1_60' title="bbox 461 3363 2027 3436">
     <span class='ocr_line' id='line_1_60' title="bbox 461 3363 2027 3436; baseline 0 -18"><span class='ocrx_word' id='word_1_442' title='bbox 461 3365 584 3430; x_wconf 87' lang='lat' dir='ltr'><strong>hoc,</strong></span> <span class='ocrx_word' id='word_1_443' title='bbox 611 3363 840 3420; x_wconf 91' lang='lat' dir='ltr'><strong>evidens</strong></span> <span class='ocrx_word' id='word_1_444' title='bbox 863 3373 948 3421; x_wconf 92' lang='lat' dir='ltr'><strong>est</strong></span> <span class='ocrx_word' id='word_1_445' title='bbox 967 3366 1115 3436; x_wconf 87' lang='lat' dir='ltr'><strong>quod</strong></span> <span class='ocrx_word' id='word_1_446' title='bbox 1145 3381 1256 3422; x_wconf 91' lang='lat' dir='ltr'><strong>non</strong></span> <span class='ocrx_word' id='word_1_447' title='bbox 1280 3365 1460 3422; x_wconf 89' lang='lat' dir='ltr'><strong>omnis</strong></span> <span class='ocrx_word' id='word_1_448' title='bbox 1495 3365 1778 3436; x_wconf 88' lang='lat' dir='ltr'><strong>generatio</strong></span> <span class='ocrx_word' id='word_1_449' title='bbox 1812 3363 2027 3434; x_wconf 87' lang='lat' dir='ltr'><strong>simpli-</strong></span> 
     </span>
    </p>
   </div>
   <div class='ocr_carea' id='block_1_61' title="bbox 459 3453 2025 3530">
    <p class='ocr_par' dir='ltr' id='par_1_61' title="bbox 459 3453 2025 3530">
     <span class='ocr_line' id='line_1_61' title="bbox 459 3453 2025 3530; baseline -0.003 -19"><span class='ocrx_word' id='word_1_450' title='bbox 459 3457 616 3522; x_wconf 80' lang='lat' dir='ltr'><strong>eiter,</strong></span> <span class='ocrx_word' id='word_1_451' title='bbox 647 3456 875 3513; x_wconf 89' lang='lat' dir='ltr'><strong>deducit</strong></span> <span class='ocrx_word' id='word_1_452' title='bbox 903 3473 1032 3513; x_wconf 92' lang='lat' dir='ltr'><strong>eum</strong></span> <span class='ocrx_word' id='word_1_453' title='bbox 1058 3458 1154 3530; x_wconf 87' lang='lat' dir='ltr'><strong>qui</strong></span> <span class='ocrx_word' id='word_1_454' title='bbox 1209 3472 1323 3514; x_wconf 89' lang='lat' dir='ltr'><strong>non</strong></span> <span class='ocrx_word' id='word_1_455' title='bbox 1369 3466 1457 3512; x_wconf 90' lang='lat' dir='ltr'><strong>est</strong></span> <span class='ocrx_word' id='word_1_456' title='bbox 1499 3455 1569 3512; x_wconf 90' lang='lat' dir='ltr'><strong>ad</strong></span> <span class='ocrx_word' id='word_1_457' title='bbox 1622 3453 2025 3519; x_wconf 79' lang='lat' dir='ltr'><strong>exsistentiam,</strong></span> 
     </span>
    </p>
   </div>
   <div class='ocr_carea' id='block_1_62' title="bbox 461 3548 2028 3620">
    <p class='ocr_par' dir='ltr' id='par_1_62' title="bbox 461 3548 2028 3620">
     <span class='ocr_line' id='line_1_62' title="bbox 461 3548 2028 3620; baseline -0.003 -15"><span class='ocrx_word' id='word_1_458' title='bbox 461 3549 557 3605; x_wconf 87' lang='lat' dir='ltr'><strong>sed</strong></span> <span class='ocrx_word' id='word_1_459' title='bbox 579 3549 647 3605; x_wconf 90' lang='lat' dir='ltr'><strong>ad</strong></span> <span class='ocrx_word' id='word_1_460' title='bbox 667 3549 912 3620; x_wconf 90' lang='lat' dir='ltr'><strong>aliquam</strong></span> <span class='ocrx_word' id='word_1_461' title='bbox 955 3549 1336 3605; x_wconf 75' lang='lat' dir='ltr'><strong>exsistentiam</strong></span> <span class='ocrx_word' id='word_1_462' title='bbox 1384 3548 1603 3619; x_wconf 90' lang='lat' dir='ltr'><strong>aliquos</strong></span> <span class='ocrx_word' id='word_1_463' title='bbox 1633 3560 1901 3618; x_wconf 82' lang='lat' dir='ltr'><strong>generare</strong></span> <span class='ocrx_word' id='word_1_464' title='bbox 1929 3560 2028 3600; x_wconf 91' lang='lat' dir='ltr'><strong>va-</strong></span> 
     </span>
    </p>
   </div>
   <div class='ocr_carea' id='block_1_63' title="bbox 462 3647 684 3698">
    <p class='ocr_par' dir='ltr' id='par_1_63' title="bbox 462 3647 684 3698">
     <span class='ocr_line' id='line_1_63' title="bbox 462 3647 684 3698; baseline 0.005 -2"><span class='ocrx_word' id='word_1_465' title='bbox 462 3647 684 3698; x_wconf 83' lang='lat' dir='ltr'><strong>lentem.</strong></span> 
     </span>
    </p>
   </div>
   <div class='ocr_carea' id='block_1_64' title="bbox 1023 3753 1457 3810">
    <p class='ocr_par' dir='ltr' id='par_1_64' title="bbox 1023 3753 1457 3810">
     <span class='ocr_line' id='line_1_64' title="bbox 1023 3753 1457 3810; baseline -0.007 0"><span class='ocrx_word' id='word_1_466' title='bbox 1023 3754 1175 3810; x_wconf 78' lang='lat' dir='ltr'><strong>CAP.</strong></span> <span class='ocrx_word' id='word_1_467' title='bbox 1226 3753 1457 3810; x_wconf 78' lang='lat' dir='ltr'><strong>XLVIII.</strong></span> 
     </span>
    </p>
   </div>
   <div class='ocr_carea' id='block_1_65' title="bbox 527 3844 2027 3916">
    <p class='ocr_par' dir='ltr' id='par_1_65' title="bbox 527 3844 2027 3916">
     <span class='ocr_line' id='line_1_65' title="bbox 527 3844 2027 3916; baseline -0.002 -14"><span class='ocrx_word' id='word_1_468' title='bbox 527 3846 635 3916; x_wconf 77' lang='lat' dir='ltr'><strong>Qui</strong></span> <span class='ocrx_word' id='word_1_469' title='bbox 684 3861 798 3902; x_wconf 89' lang='lat' dir='ltr'><strong>non</strong></span> <span class='ocrx_word' id='word_1_470' title='bbox 830 3846 1036 3902; x_wconf 89' lang='lat' dir='ltr'><strong>fatetur</strong></span> <span class='ocrx_word' id='word_1_471' title='bbox 1067 3846 1345 3916; x_wconf 78' lang='lat' dir='ltr'><strong>Virginem</strong></span> <span class='ocrx_word' id='word_1_472' title='bbox 1380 3861 1502 3902; x_wconf 91' lang='lat' dir='ltr'><strong>esse</strong></span> <span class='ocrx_word' id='word_1_473' title='bbox 1536 3845 1764 3902; x_wconf 83' lang='lat' dir='ltr'><strong>Matrem</strong></span> <span class='ocrx_word' id='word_1_474' title='bbox 1791 3844 2027 3909; x_wconf 87' lang='lat' dir='ltr'><strong>Christi,</strong></span> 
     </span>
    </p>
   </div>
   <div class='ocr_carea' id='block_1_66' title="bbox 462 3937 2031 4016">
    <p class='ocr_par' dir='ltr' id='par_1_66' title="bbox 462 3937 2031 4016">
     <span class='ocr_line' id='line_1_66' title="bbox 462 3937 2031 4016; baseline -0.002 -22"><span class='ocrx_word' id='word_1_475' title='bbox 462 3953 574 3994; x_wconf 90' lang='lat' dir='ltr'><strong>non</strong></span> <span class='ocrx_word' id='word_1_476' title='bbox 633 3938 837 3996; x_wconf 87' lang='lat' dir='ltr'><strong>fatetur</strong></span> <span class='ocrx_word' id='word_1_477' title='bbox 866 3938 1150 3995; x_wconf 87' lang='lat' dir='ltr'><strong>Christum</strong></span> <span class='ocrx_word' id='word_1_478' title='bbox 1202 3938 1365 3994; x_wconf 90' lang='lat' dir='ltr'><strong>sicuti</strong></span> <span class='ocrx_word' id='word_1_479' title='bbox 1393 3948 1498 4007; x_wconf 89' lang='lat' dir='ltr'><strong>est,</strong></span> <span class='ocrx_word' id='word_1_480' title='bbox 1540 3954 1668 3993; x_wconf 88' lang='lat' dir='ltr'><strong>nam</strong></span> <span class='ocrx_word' id='word_1_481' title='bbox 1716 3938 1936 3994; x_wconf 88' lang='lat' dir='ltr'><strong>initium</strong></span> <span class='ocrx_word' id='word_1_482' title='bbox 1962 3937 2031 4016; x_wconf 86' lang='lat' dir='ltr'><strong>de</strong></span> 
     </span>
    </p>
   </div>
   <div class='ocr_carea' id='block_1_67' title="bbox 462 4030 2022 4101">
    <p class='ocr_par' dir='ltr' id='par_1_67' title="bbox 462 4030 2022 4101">
     <span class='ocr_line' id='line_1_67' title="bbox 462 4030 2022 4101; baseline -0.003 -14"><span class='ocrx_word' id='word_1_483' title='bbox 462 4031 682 4087; x_wconf 87' lang='lat' dir='ltr'><strong>Christo</strong></span> <span class='ocrx_word' id='word_1_484' title='bbox 715 4046 1033 4086; x_wconf 87' lang='lat' dir='ltr'><strong>sermonum</strong></span> <span class='ocrx_word' id='word_1_485' title='bbox 1072 4040 1159 4086; x_wconf 89' lang='lat' dir='ltr'><strong>est</strong></span> <span class='ocrx_word' id='word_1_486' title='bbox 1206 4031 1326 4101; x_wconf 86' lang='lat' dir='ltr'><strong>ejus</strong></span> <span class='ocrx_word' id='word_1_487' title='bbox 1367 4031 1650 4101; x_wconf 88' lang='lat' dir='ltr'><strong>generatio</strong></span> <span class='ocrx_word' id='word_1_488' title='bbox 1681 4046 1748 4086; x_wconf 82' lang='lat' dir='ltr'><strong>ex</strong></span> <span class='ocrx_word' id='word_1_489' title='bbox 1772 4030 2022 4100; x_wconf 85' lang='lat' dir='ltr'><strong>Virgine.</strong></span> 
     </span>
    </p>
   </div>
   <div class='ocr_carea' id='block_1_68' title="bbox 467 4118 2080 4193">
    <p class='ocr_par' dir='ltr' id='par_1_68' title="bbox 467 4118 2080 4193">
     <span class='ocr_line' id='line_1_68' title="bbox 467 4118 2080 4193; baseline -0.002 -15"><span class='ocrx_word' id='word_1_490' title='bbox 467 4121 574 4178; x_wconf 88' lang='lat' dir='ltr'><strong>Sed</strong></span> <span class='ocrx_word' id='word_1_491' title='bbox 599 4137 711 4178; x_wconf 89' lang='lat' dir='ltr'><strong>non</strong></span> <span class='ocrx_word' id='word_1_492' title='bbox 739 4122 1054 4193; x_wconf 86' lang='lat' dir='ltr'><strong>specialiter</strong></span> <span class='ocrx_word' id='word_1_493' title='bbox 1098 4121 1467 4193; x_wconf 85' lang='lat' dir='ltr'><strong>signiﬁcatum</strong></span> <span class='ocrx_word' id='word_1_494' title='bbox 1494 4130 1576 4179; x_wconf 92' lang='lat' dir='ltr'><strong>est</strong></span> <span class='ocrx_word' id='word_1_495' title='bbox 1601 4137 1800 4177; x_wconf 86' lang='lat' dir='ltr'><strong>nomen</strong></span> <span class='ocrx_word' id='word_1_496' title='bbox 1842 4120 2023 4191; x_wconf 83' lang='lat' dir='ltr'><strong>Virgi-</strong></span> <span class='ocrx_word' id='word_1_497' title='bbox 2070 4118 2080 4128; x_wconf 87' lang='lat'><strong>&#39;</strong></span> 
     </span>
    </p>
   </div>
   <div class='ocr_carea' id='block_1_69' title="bbox 2115 3371 3709 3445">
    <p class='ocr_par' dir='ltr' id='par_1_69' title="bbox 2115 3371 3709 3445">
     <span class='ocr_line' id='line_1_69' title="bbox 2115 3371 3709 3445; baseline -0.006 -13"><span class='ocrx_word' id='word_1_498' title='bbox 2115 3377 2178 3432; x_wconf 80' lang='grc' dir='ltr'><strong>,εί</strong></span> <span class='ocrx_word' id='word_1_499' title='bbox 2213 3376 2270 3430; x_wconf 87' lang='grc' dir='ltr'>δὲ</span> <span class='ocrx_word' id='word_1_500' title='bbox 2291 3375 2470 3442; x_wconf 88' lang='grc' dir='ltr'>τοῦτο,</span> <span class='ocrx_word' id='word_1_501' title='bbox 2491 3374 2654 3445; x_wconf 81' lang='grc' dir='ltr'>δῆλον</span> <span class='ocrx_word' id='word_1_502' title='bbox 2677 3375 2737 3428; x_wconf 80' lang='grc' dir='ltr'><strong>οὐ</strong></span> <span class='ocrx_word' id='word_1_503' title='bbox 2768 3375 2922 3429; x_wconf 84' lang='grc' dir='ltr'>πᾶσα</span> <span class='ocrx_word' id='word_1_504' title='bbox 2969 3373 3222 3443; x_wconf 72' lang='grc' dir='ltr'>γέννησις</span> <span class='ocrx_word' id='word_1_505' title='bbox 3242 3372 3453 3436; x_wconf 77' lang='grc' dir='ltr'>ἁπλῶς,</span> <span class='ocrx_word' id='word_1_506' title='bbox 3486 3372 3581 3424; x_wconf 88' lang='grc' dir='ltr'><strong>τὸν</strong></span> <span class='ocrx_word' id='word_1_507' title='bbox 3606 3371 3709 3424; x_wconf 80' lang='grc' dir='ltr'><strong>οὐκ</strong></span> 
     </span>
    </p>
   </div>
   <div class='ocr_carea' id='block_1_70' title="bbox 2130 3463 3706 3538">
    <p class='ocr_par' dir='ltr' id='par_1_70' title="bbox 2130 3463 3706 3538">
     <span class='ocr_line' id='line_1_70' title="bbox 2130 3463 3706 3538; baseline -0.002 -16"><span class='ocrx_word' id='word_1_508' title='bbox 2130 3469 2258 3523; x_wconf 83' lang='grc' dir='ltr'>ὅντα</span> <span class='ocrx_word' id='word_1_509' title='bbox 2283 3469 2406 3538; x_wconf 79' lang='grc' dir='ltr'>ἄγει</span> <span class='ocrx_word' id='word_1_510' title='bbox 2432 3471 2514 3533; x_wconf 81' lang='grc' dir='ltr'><strong>είς</strong></span> <span class='ocrx_word' id='word_1_511' title='bbox 2543 3469 2604 3523; x_wconf 85' lang='grc' dir='ltr'><strong>τὸ</strong></span> <span class='ocrx_word' id='word_1_512' title='bbox 2641 3465 2808 3534; x_wconf 76' lang='grc' dir='ltr'>εἶναι,</span> <span class='ocrx_word' id='word_1_513' title='bbox 2839 3467 2980 3522; x_wconf 73' lang='grc' dir='ltr'>ἀλλὰ.</span> <span class='ocrx_word' id='word_1_514' title='bbox 3023 3467 3123 3521; x_wconf 83' lang='grc' dir='ltr'>καὶ</span> <span class='ocrx_word' id='word_1_515' title='bbox 3150 3468 3232 3532; x_wconf 84' lang='grc' dir='ltr'><strong>είς</strong></span> <span class='ocrx_word' id='word_1_516' title='bbox 3272 3467 3336 3520; x_wconf 84' lang='grc' dir='ltr'><strong>τὸ</strong></span> <span class='ocrx_word' id='word_1_517' title='bbox 3380 3465 3501 3530; x_wconf 84' lang='grc' dir='ltr'><strong>πῶς</strong></span> <span class='ocrx_word' id='word_1_518' title='bbox 3538 3463 3706 3532; x_wconf 76' lang='grc' dir='ltr'>εἶναι,</span> 
     </span>
    </p>
   </div>
   <div class='ocr_carea' id='block_1_71' title="bbox 2130 3559 2909 3632">
    <p class='ocr_par' dir='ltr' id='par_1_71' title="bbox 2130 3559 2909 3632">
     <span class='ocr_line' id='line_1_71' title="bbox 2130 3559 2909 3632; baseline -0.001 -19"><span class='ocrx_word' id='word_1_519' title='bbox 2130 3559 2453 3632; x_wconf 82' lang='grc' dir='ltr'>γεννηθῆναι</span> <span class='ocrx_word' id='word_1_520' title='bbox 2475 3576 2630 3624; x_wconf 83' lang='grc' dir='ltr'>τινας</span> <span class='ocrx_word' id='word_1_521' title='bbox 2661 3559 2909 3614; x_wconf 82' lang='grc' dir='ltr'>δυνατόν.</span> 
     </span>
    </p>
   </div>
   <div class='ocr_carea' id='block_1_72' title="bbox 2697 3756 3150 3814">
    <p class='ocr_par' dir='ltr' id='par_1_72' title="bbox 2697 3756 3150 3814">
     <span class='ocr_line' id='line_1_72' title="bbox 2697 3756 3150 3814; baseline 0 -1"><span class='ocrx_word' id='word_1_522' title='bbox 2697 3758 2949 3814; x_wconf 77' lang='grc' dir='ltr'><strong>ΚΕΦΔΔ.</strong></span> <span class='ocrx_word' id='word_1_523' title='bbox 3007 3756 3150 3814; x_wconf 81' lang='lat' dir='ltr'><strong>MH’.</strong></span> 
     </span>
    </p>
   </div>
   <div class='ocr_carea' id='block_1_73' title="bbox 2213 3834 3713 3924">
    <p class='ocr_par' dir='ltr' id='par_1_73' title="bbox 2213 3834 3713 3924">
     <span class='ocr_line' id='line_1_73' title="bbox 2213 3834 3713 3924; baseline -0.005 -16"><span class='ocrx_word' id='word_1_524' title='bbox 2213 3856 2273 3908; x_wconf 85' lang='lat'><strong>&#39;0</strong></span> <span class='ocrx_word' id='word_1_525' title='bbox 2307 3853 2382 3924; x_wconf 77' lang='grc' dir='ltr'>μὴ</span> <span class='ocrx_word' id='word_1_526' title='bbox 2425 3853 2705 3924; x_wconf 76' lang='grc' dir='ltr'>ὁμολογῶν</span> <span class='ocrx_word' id='word_1_527' title='bbox 2734 3853 2836 3924; x_wconf 82' lang='grc' dir='ltr'><strong>τὴν</strong></span> <span class='ocrx_word' id='word_1_528' title='bbox 2868 3834 3142 3924; x_wconf 79' lang='grc' dir='ltr'>Παρθένον</span> <span class='ocrx_word' id='word_1_529' title='bbox 3163 3848 3551 3922; x_wconf 71' lang='grc' dir='ltr'>Χριστοτόκον,</span> <span class='ocrx_word' id='word_1_530' title='bbox 3581 3847 3713 3902; x_wconf 67' lang='grc' dir='ltr'>οὐδὲ</span> 
     </span>
    </p>
   </div>
   <div class='ocr_carea' id='block_1_74' title="bbox 2131 3938 3714 4016">
    <p class='ocr_par' dir='ltr' id='par_1_74' title="bbox 2131 3938 3714 4016">
     <span class='ocr_line' id='line_1_74' title="bbox 2131 3938 3714 4016; baseline -0.006 -16"><span class='ocrx_word' id='word_1_531' title='bbox 2131 3947 2224 4000; x_wconf 87' lang='grc' dir='ltr'><strong>τὸν</strong></span> <span class='ocrx_word' id='word_1_532' title='bbox 2256 3945 2492 4016; x_wconf 86' lang='grc' dir='ltr'>Χριστὸν</span> <span class='ocrx_word' id='word_1_533' title='bbox 2519 3945 2772 4015; x_wconf 73' lang='grc' dir='ltr'>ὁμολογεῖ</span> <span class='ocrx_word' id='word_1_534' title='bbox 2792 3944 2932 4016; x_wconf 80' lang='grc' dir='ltr'>ὅπερ</span> <span class='ocrx_word' id='word_1_535' title='bbox 2961 3943 3080 3998; x_wconf 87' lang='grc' dir='ltr'>ἐστί</span> <span class='ocrx_word' id='word_1_536' title='bbox 3113 3959 3131 3976; x_wconf 72' lang='grc' dir='ltr'><strong>ο</strong></span> <span class='ocrx_word' id='word_1_537' title='bbox 3157 3942 3442 4015; x_wconf 86' lang='grc' dir='ltr'>προοίμιον</span> <span class='ocrx_word' id='word_1_538' title='bbox 3461 3940 3574 4010; x_wconf 79' lang='grc' dir='ltr'><strong>γὰρ</strong></span> <span class='ocrx_word' id='word_1_539' title='bbox 3598 3938 3714 3992; x_wconf 85' lang='grc' dir='ltr'><strong>τῶν</strong></span> 
     </span>
    </p>
   </div>
   <div class='ocr_carea' id='block_1_75' title="bbox 2133 4030 3711 4110">
    <p class='ocr_par' dir='ltr' id='par_1_75' title="bbox 2133 4030 3711 4110">
     <span class='ocr_line' id='line_1_75' title="bbox 2133 4030 3711 4110; baseline -0.006 -18"><span class='ocrx_word' id='word_1_540' title='bbox 2133 4039 2263 4110; x_wconf 80' lang='grc' dir='ltr'>περὶ</span> <span class='ocrx_word' id='word_1_541' title='bbox 2283 4037 2520 4109; x_wconf 77' lang='grc' dir='ltr'>Χριστοῦ</span> <span class='ocrx_word' id='word_1_542' title='bbox 2547 4037 2800 4106; x_wconf 83' lang='grc' dir='ltr'>λόγων,ἡ</span> <span class='ocrx_word' id='word_1_543' title='bbox 2830 4036 3085 4105; x_wconf 82' lang='grc' dir='ltr'>γέννησις</span> <span class='ocrx_word' id='word_1_544' title='bbox 3111 4035 3145 4106; x_wconf 81' lang='grc' dir='ltr'><strong>ἠ</strong></span> <span class='ocrx_word' id='word_1_545' title='bbox 3175 4036 3244 4088; x_wconf 76' lang='grc' dir='ltr'><strong>’ὲκ</strong></span> <span class='ocrx_word' id='word_1_546' title='bbox 3273 4034 3374 4103; x_wconf 76' lang='grc' dir='ltr'>τῆς</span> <span class='ocrx_word' id='word_1_547' title='bbox 3404 4030 3711 4100; x_wconf 78' lang='grc' dir='ltr'>Παρθένου.</span> 
     </span>
    </p>
   </div>
   <div class='ocr_carea' id='block_1_76' title="bbox 2146 4122 3712 4199">
    <p class='ocr_par' dir='ltr' id='par_1_76' title="bbox 2146 4122 3712 4199">
     <span class='ocr_line' id='line_1_76' title="bbox 2146 4122 3712 4199; baseline -0.008 -14"><span class='ocrx_word' id='word_1_548' title='bbox 2146 4132 2287 4185; x_wconf 85' lang='grc' dir='ltr'>Ἀλλ’</span> <span class='ocrx_word' id='word_1_549' title='bbox 2315 4130 2417 4184; x_wconf 82' lang='grc' dir='ltr'><strong>οὐκ</strong></span> <span class='ocrx_word' id='word_1_550' title='bbox 2435 4129 2581 4192; x_wconf 76' lang='grc' dir='ltr'>ἰδίως</span> <span class='ocrx_word' id='word_1_551' title='bbox 2613 4128 2924 4199; x_wconf 82' lang='grc' dir='ltr'>σημαντικὴ</span> <span class='ocrx_word' id='word_1_552' title='bbox 2950 4124 3290 4196; x_wconf 78' lang='grc' dir='ltr'>προσηγορία</span> <span class='ocrx_word' id='word_1_553' title='bbox 3310 4123 3412 4193; x_wconf 79' lang='grc' dir='ltr'><strong>τῆς</strong></span> <span class='ocrx_word' id='word_1_554' title='bbox 3430 4122 3712 4192; x_wconf 79' lang='grc' dir='ltr'>Παρθένου</span> 
     </span>
    </p>
   </div>
   <div class='ocr_carea' id='block_1_77' title="bbox 466 4211 2031 4292">
    <p class='ocr_par' dir='ltr' id='par_1_77' title="bbox 466 4211 2031 4280">
     <span class='ocr_line' id='line_1_77' title="bbox 466 4211 2031 4280; baseline -0.003 -10"><span class='ocrx_word' id='word_1_555' title='bbox 466 4215 551 4270; x_wconf 89' lang='lat' dir='ltr'><strong>nis</strong></span> <span class='ocrx_word' id='word_1_556' title='bbox 573 4223 797 4280; x_wconf 72' lang='lat' dir='ltr'><strong>sanctae,</strong></span> <span class='ocrx_word' id='word_1_557' title='bbox 851 4214 1021 4269; x_wconf 84' lang='lat' dir='ltr'><strong>Mater</strong></span> <span class='ocrx_word' id='word_1_558' title='bbox 1047 4213 1277 4278; x_wconf 88' lang='lat' dir='ltr'><strong>Christi,</strong></span> <span class='ocrx_word' id='word_1_559' title='bbox 1335 4229 1461 4270; x_wconf 88' lang='lat' dir='ltr'><strong>nam</strong></span> <span class='ocrx_word' id='word_1_560' title='bbox 1515 4223 1719 4269; x_wconf 86' lang='lat' dir='ltr'><strong>matres</strong></span> <span class='ocrx_word' id='word_1_561' title='bbox 1765 4211 1934 4268; x_wconf 84' lang='lat' dir='ltr'><strong>David</strong></span> <span class='ocrx_word' id='word_1_562' title='bbox 1979 4219 2031 4267; x_wconf 91' lang='lat' dir='ltr'><strong>et</strong></span> 
     </span>
    </p>
   </div>
   <div class='ocr_carea' id='block_1_78' title="bbox 2131 4211 3713 4292">
    <p class='ocr_par' dir='ltr' id='par_1_78' title="bbox 2135 4211 3713 4292">
     <span class='ocr_line' id='line_1_78' title="bbox 2135 4211 3713 4292; baseline -0.009 -14"><span class='ocrx_word' id='word_1_563' title='bbox 2135 4222 2316 4292; x_wconf 85' lang='grc' dir='ltr'>ἁγίας,</span> <span class='ocrx_word' id='word_1_564' title='bbox 2345 4222 2405 4277; x_wconf 91' lang='grc' dir='ltr'><strong>τὸ</strong></span> <span class='ocrx_word' id='word_1_565' title='bbox 2444 4220 2811 4292; x_wconf 78' lang='grc' dir='ltr'>Χριστοτόκος</span> <span class='ocrx_word' id='word_1_566' title='bbox 2839 4232 2859 4248; x_wconf 75' lang='grc'><em>⁴</em></span> <span class='ocrx_word' id='word_1_567' title='bbox 2902 4219 2997 4273; x_wconf 77' lang='grc' dir='ltr'><strong>καὶ</strong></span> <span class='ocrx_word' id='word_1_568' title='bbox 3023 4219 3079 4270; x_wconf 90' lang='grc' dir='ltr'><strong>αί</strong></span> <span class='ocrx_word' id='word_1_569' title='bbox 3122 4215 3357 4287; x_wconf 76' lang='grc' dir='ltr'>μητέρες</span> <span class='ocrx_word' id='word_1_570' title='bbox 3384 4215 3493 4284; x_wconf 87' lang='grc' dir='ltr'>γὰρ</span> <span class='ocrx_word' id='word_1_571' title='bbox 3545 4211 3713 4266; x_wconf 75' lang='grc' dir='ltr'><strong>Δαὸὶδ</strong></span> 
     </span>
    </p>
   </div>
   <div class='ocr_carea' id='block_1_79' title="bbox 464 4301 2031 4384">
    <p class='ocr_par' dir='ltr' id='par_1_79' title="bbox 464 4303 2031 4362">
     <span class='ocr_line' id='line_1_79' title="bbox 464 4303 2031 4362; baseline -0.001 -2"><span class='ocrx_word' id='word_1_572' title='bbox 464 4303 686 4360; x_wconf 69' lang='lat' dir='ltr'><strong>Samuel</strong></span> <span class='ocrx_word' id='word_1_573' title='bbox 721 4314 778 4361; x_wconf 91' lang='lat' dir='ltr'><strong>et</strong></span> <span class='ocrx_word' id='word_1_574' title='bbox 830 4304 1178 4361; x_wconf 89' lang='lat' dir='ltr'><strong>sacerdotum</strong></span> <span class='ocrx_word' id='word_1_575' title='bbox 1245 4313 1394 4361; x_wconf 89' lang='lat' dir='ltr'><strong>recte</strong></span> <span class='ocrx_word' id='word_1_576' title='bbox 1451 4305 1776 4360; x_wconf 89' lang='lat' dir='ltr'><strong>dicerentur</strong></span> <span class='ocrx_word' id='word_1_577' title='bbox 1831 4312 2031 4362; x_wconf 84' lang='lat' dir='ltr'><strong>matres</strong></span> 
     </span>
    </p>
   </div>
   <div class='ocr_carea' id='block_1_80' title="bbox 2131 4301 3712 4384">
    <p class='ocr_par' dir='ltr' id='par_1_80' title="bbox 2137 4301 3712 4384">
     <span class='ocr_line' id='line_1_80' title="bbox 2137 4301 3712 4384; baseline -0.01 -14"><span class='ocrx_word' id='word_1_578' title='bbox 2137 4315 2230 4372; x_wconf 74' lang='grc' dir='ltr'><strong>καὶ</strong></span> <span class='ocrx_word' id='word_1_579' title='bbox 2255 4312 2508 4384; x_wconf 79' lang='grc' dir='ltr'>Σαμουὴλ</span> <span class='ocrx_word' id='word_1_580' title='bbox 2527 4311 2624 4366; x_wconf 75' lang='grc' dir='ltr'><strong>καὶ</strong></span> <span class='ocrx_word' id='word_1_581' title='bbox 2651 4310 2764 4365; x_wconf 77' lang='grc' dir='ltr'><strong>τῶν</strong></span> <span class='ocrx_word' id='word_1_582' title='bbox 2796 4309 3006 4381; x_wconf 74' lang='grc' dir='ltr'>ἱερέων,</span> <span class='ocrx_word' id='word_1_583' title='bbox 3032 4305 3376 4379; x_wconf 81' lang='grc' dir='ltr'>χριστοτόκοι</span> <span class='ocrx_word' id='word_1_584' title='bbox 3407 4302 3587 4377; x_wconf 85' lang='grc' dir='ltr'>ὀρθῶς</span> <span class='ocrx_word' id='word_1_585' title='bbox 3621 4301 3712 4354; x_wconf 73' lang='grc' dir='ltr'>λέ-</span> 
     </span>
    </p>
   </div>
   <div class='ocr_carea' id='block_1_81' title="bbox 463 4394 2031 4474">
    <p class='ocr_par' dir='ltr' id='par_1_81' title="bbox 463 4396 2031 4467">
     <span class='ocr_line' id='line_1_81' title="bbox 463 4396 2031 4467; baseline -0.003 -13"><span class='ocrx_word' id='word_1_586' title='bbox 463 4396 691 4463; x_wconf 83' lang='lat' dir='ltr'><strong>Christi,</strong></span> <span class='ocrx_word' id='word_1_587' title='bbox 725 4396 869 4452; x_wconf 90' lang='lat' dir='ltr'><strong>sicut</strong></span> <span class='ocrx_word' id='word_1_588' title='bbox 897 4404 1100 4455; x_wconf 85' lang='lat' dir='ltr'><strong>matres</strong></span> <span class='ocrx_word' id='word_1_589' title='bbox 1151 4397 1399 4452; x_wconf 86' lang='lat' dir='ltr'><strong>omnium</strong></span> <span class='ocrx_word' id='word_1_590' title='bbox 1449 4397 1866 4467; x_wconf 84' lang='lat' dir='ltr'><strong>prophetarum,</strong></span> <span class='ocrx_word' id='word_1_591' title='bbox 1892 4411 2031 4465; x_wconf 72' lang='lat' dir='ltr'><strong>prae-</strong></span> 
     </span>
    </p>
   </div>
   <div class='ocr_carea' id='block_1_82' title="bbox 2131 4394 3716 4474">
    <p class='ocr_par' dir='ltr' id='par_1_82' title="bbox 2138 4394 3716 4474">
     <span class='ocr_line' id='line_1_82' title="bbox 2138 4394 3716 4474; baseline -0.01 -13"><span class='ocrx_word' id='word_1_592' title='bbox 2138 4422 2318 4474; x_wconf 84' lang='grc' dir='ltr'>γοιντο</span> <span class='ocrx_word' id='word_1_593' title='bbox 2345 4403 2436 4468; x_wconf 67' lang='grc' dir='ltr'><strong>ἂν,</strong></span> <span class='ocrx_word' id='word_1_594' title='bbox 2485 4402 2578 4458; x_wconf 70' lang='grc' dir='ltr'>καὶ</span> <span class='ocrx_word' id='word_1_595' title='bbox 2601 4402 2660 4457; x_wconf 87' lang='grc' dir='ltr'><strong>αί</strong></span> <span class='ocrx_word' id='word_1_596' title='bbox 2693 4400 2802 4454; x_wconf 85' lang='grc' dir='ltr'><strong>τῶν</strong></span> <span class='ocrx_word' id='word_1_597' title='bbox 2833 4397 3132 4471; x_wconf 79' lang='grc' dir='ltr'>προφητῶν</span> <span class='ocrx_word' id='word_1_598' title='bbox 3179 4397 3420 4460; x_wconf 79' lang='grc' dir='ltr'>πάντων,</span> <span class='ocrx_word' id='word_1_599' title='bbox 3475 4394 3716 4464; x_wconf 69' lang='grc' dir='ltr'>μάλιστα</span> 
     </span>
    </p>
   </div>
   <div class='ocr_carea' id='block_1_83' title="bbox 465 4486 2031 4566">
    <p class='ocr_par' dir='ltr' id='par_1_83' title="bbox 465 4486 2031 4557">
     <span class='ocr_line' id='line_1_83' title="bbox 465 4486 2031 4557; baseline -0.003 -11"><span class='ocrx_word' id='word_1_600' title='bbox 465 4490 656 4546; x_wconf 85' lang='lat' dir='ltr'><strong>sertim</strong></span> <span class='ocrx_word' id='word_1_601' title='bbox 684 4489 937 4547; x_wconf 73' lang='lat' dir='ltr'><strong>Ieremia:</strong></span> <span class='ocrx_word' id='word_1_602' title='bbox 963 4505 979 4555; x_wconf 93' lang='lat'><strong>;</strong></span> <span class='ocrx_word' id='word_1_603' title='bbox 1006 4504 1133 4544; x_wconf 87' lang='lat' dir='ltr'><strong>nam</strong></span> <span class='ocrx_word' id='word_1_604' title='bbox 1167 4488 1378 4544; x_wconf 88' lang='lat' dir='ltr'><strong>dictum</strong></span> <span class='ocrx_word' id='word_1_605' title='bbox 1408 4496 1494 4544; x_wconf 91' lang='lat' dir='ltr'><strong>est</strong></span> <span class='ocrx_word' id='word_1_606' title='bbox 1521 4487 1610 4544; x_wconf 88' lang='lat' dir='ltr'><strong>ei:</strong></span> <span class='ocrx_word' id='word_1_607' title='bbox 1659 4507 1677 4539; x_wconf 76' lang='grc' dir='ltr'><strong>ι</strong></span> <span class='ocrx_word' id='word_1_608' title='bbox 1704 4486 2031 4557; x_wconf 87' lang='lat' dir='ltr'><strong>Priusquam</strong></span> 
     </span>
    </p>
   </div>
   <div class='ocr_carea' id='block_1_84' title="bbox 2131 4486 3715 4566">
    <p class='ocr_par' dir='ltr' id='par_1_84' title="bbox 2135 4486 3715 4566">
     <span class='ocr_line' id='line_1_84' title="bbox 2135 4486 3715 4566; baseline -0.009 -15"><span class='ocrx_word' id='word_1_609' title='bbox 2135 4497 2193 4550; x_wconf 78' lang='grc' dir='ltr'>δὲ</span> <span class='ocrx_word' id='word_1_610' title='bbox 2255 4494 2517 4566; x_wconf 80' lang='grc' dir='ltr'>Ἱερεμίου</span> <span class='ocrx_word' id='word_1_611' title='bbox 2545 4511 2559 4527; x_wconf 74' lang='grc' dir='ltr'><strong>ο</strong></span> <span class='ocrx_word' id='word_1_612' title='bbox 2602 4494 2818 4565; x_wconf 70' lang='grc' dir='ltr'>εἴρηται</span> <span class='ocrx_word' id='word_1_613' title='bbox 2835 4492 2946 4564; x_wconf 77' lang='grc' dir='ltr'>γὰρ</span> <span class='ocrx_word' id='word_1_614' title='bbox 2982 4489 3131 4561; x_wconf 86' lang='grc' dir='ltr'>αὐτῷ</span> <span class='ocrx_word' id='word_1_615' title='bbox 3179 4491 3264 4544; x_wconf 80' lang='grc' dir='ltr'>ὅτι</span> <span class='ocrx_word' id='word_1_616' title='bbox 3301 4506 3318 4540; x_wconf 78' lang='grc' dir='ltr'><strong>ι</strong></span> <span class='ocrx_word' id='word_1_617' title='bbox 3356 4487 3474 4558; x_wconf 81' lang='grc' dir='ltr'><strong>Πρὸ</strong></span> <span class='ocrx_word' id='word_1_618' title='bbox 3503 4486 3602 4539; x_wconf 80' lang='grc' dir='ltr'><strong>τοῦ</strong></span> <span class='ocrx_word' id='word_1_619' title='bbox 3649 4501 3715 4536; x_wconf 82' lang='grc' dir='ltr'><strong>σε</strong></span> 
     </span>
    </p>
   </div>
   <div class='ocr_carea' id='block_1_85' title="bbox 464 4576 2031 4673">
    <p class='ocr_par' dir='ltr' id='par_1_85' title="bbox 464 4576 2031 4646">
     <span class='ocr_line' id='line_1_85' title="bbox 464 4576 2031 4646; baseline -0.004 -10"><span class='ocrx_word' id='word_1_620' title='bbox 464 4581 646 4636; x_wconf 79' lang='lat' dir='ltr'><strong>exires</strong></span> <span class='ocrx_word' id='word_1_621' title='bbox 669 4580 739 4638; x_wconf 86' lang='lat' dir='ltr'><strong>de</strong></span> <span class='ocrx_word' id='word_1_622' title='bbox 790 4591 988 4646; x_wconf 88' lang='lat' dir='ltr'><strong>matre,</strong></span> <span class='ocrx_word' id='word_1_623' title='bbox 1028 4579 1364 4636; x_wconf 81' lang='lat' dir='ltr'><strong>sanctificavi</strong></span> <span class='ocrx_word' id='word_1_624' title='bbox 1403 4588 1475 4644; x_wconf 86' lang='lat' dir='ltr'><strong>te,</strong></span> <span class='ocrx_word' id='word_1_625' title='bbox 1528 4597 1547 4632; x_wconf 74' lang='grc' dir='ltr'><strong>ι</strong></span> <span class='ocrx_word' id='word_1_626' title='bbox 1578 4586 1635 4634; x_wconf 92' lang='lat' dir='ltr'><strong>et</strong></span> <span class='ocrx_word' id='word_1_627' title='bbox 1679 4577 1921 4634; x_wconf 86' lang='lat' dir='ltr'><strong>Joannes</strong></span> <span class='ocrx_word' id='word_1_628' title='bbox 1972 4576 2031 4632; x_wconf 87' lang='lat' dir='ltr'><strong>in</strong></span> 
     </span>
    </p>
   </div>
   <div class='ocr_carea' id='block_1_86' title="bbox 2131 4576 3718 4673">
    <p class='ocr_par' dir='ltr' id='par_1_86' title="bbox 2139 4577 3718 4656">
     <span class='ocr_line' id='line_1_86' title="bbox 2139 4577 3718 4656; baseline -0.009 -14"><span class='ocrx_word' id='word_1_629' title='bbox 2139 4587 2376 4653; x_wconf 74' lang='grc' dir='ltr'>ἐξελθεῖν</span> <span class='ocrx_word' id='word_1_630' title='bbox 2405 4588 2472 4640; x_wconf 83' lang='grc' dir='ltr'><strong>ἐκ</strong></span> <span class='ocrx_word' id='word_1_631' title='bbox 2501 4586 2734 4656; x_wconf 79' lang='grc' dir='ltr'>μήτρας,</span> <span class='ocrx_word' id='word_1_632' title='bbox 2753 4583 2962 4655; x_wconf 81' lang='grc' dir='ltr'>ἡγίακά</span> <span class='ocrx_word' id='word_1_633' title='bbox 2993 4599 3054 4635; x_wconf 88' lang='grc' dir='ltr'><strong>σε</strong></span> <span class='ocrx_word' id='word_1_634' title='bbox 3079 4597 3127 4633; x_wconf 75' lang='grc' dir='ltr'><strong>ο»</strong></span> <span class='ocrx_word' id='word_1_635' title='bbox 3147 4581 3398 4650; x_wconf 81' lang='grc' dir='ltr'>Ἰωάννης</span> <span class='ocrx_word' id='word_1_636' title='bbox 3413 4595 3476 4631; x_wconf 86' lang='grc' dir='ltr'><strong>τε</strong></span> <span class='ocrx_word' id='word_1_637' title='bbox 3498 4579 3558 4630; x_wconf 83' lang='grc' dir='ltr'><strong>ἐν</strong></span> <span class='ocrx_word' id='word_1_638' title='bbox 3585 4577 3718 4630; x_wconf 77' lang='grc' dir='ltr'>Κοι-</span> 
     </span>
    </p>
   </div>
   <div class='ocr_carea' id='block_1_87' title="bbox 468 4667 2031 4748">
    <p class='ocr_par' dir='ltr' id='par_1_87' title="bbox 468 4668 2031 4743">
     <span class='ocr_line' id='line_1_87' title="bbox 468 4668 2031 4743; baseline -0.004 -14"><span class='ocrx_word' id='word_1_639' title='bbox 468 4681 627 4729; x_wconf 87' lang='lat' dir='ltr'><strong>utero</strong></span> <span class='ocrx_word' id='word_1_640' title='bbox 652 4673 934 4730; x_wconf 86' lang='lat' dir='ltr'><strong>Elisabeth</strong></span> <span class='ocrx_word' id='word_1_641' title='bbox 961 4673 1258 4728; x_wconf 79' lang='lat' dir='ltr'><strong>exsultavit</strong></span> <span class='ocrx_word' id='word_1_642' title='bbox 1305 4673 1424 4743; x_wconf 88' lang='lat' dir='ltr'><strong>ipse</strong></span> <span class='ocrx_word' id='word_1_643' title='bbox 1465 4670 1669 4742; x_wconf 85' lang='lat' dir='ltr'><strong>gaudio</strong></span> <span class='ocrx_word' id='word_1_644' title='bbox 1706 4668 1948 4733; x_wconf 87' lang='lat' dir='ltr'><strong>Domini,</strong></span> <span class='ocrx_word' id='word_1_645' title='bbox 1982 4677 2031 4723; x_wconf 87' lang='lat' dir='ltr'><strong>et</strong></span> 
     </span>
    </p>
   </div>
   <div class='ocr_carea' id='block_1_88' title="bbox 2131 4667 3716 4748">
    <p class='ocr_par' dir='ltr' id='par_1_88' title="bbox 2139 4667 3716 4748">
     <span class='ocr_line' id='line_1_88' title="bbox 2139 4667 3716 4748; baseline -0.006 -17"><span class='ocrx_word' id='word_1_646' title='bbox 2139 4678 2228 4748; x_wconf 74' lang='grc' dir='ltr'>λίᾳ</span> <span class='ocrx_word' id='word_1_647' title='bbox 2265 4677 2366 4747; x_wconf 78' lang='grc' dir='ltr'>τῆς</span> <span class='ocrx_word' id='word_1_648' title='bbox 2399 4673 2681 4743; x_wconf 66' lang='grc' dir='ltr'>Ἐλισάᾷετ</span> <span class='ocrx_word' id='word_1_649' title='bbox 2715 4673 3043 4744; x_wconf 78' lang='grc' dir='ltr'>ἐσκίρτησεν</span> <span class='ocrx_word' id='word_1_650' title='bbox 3071 4669 3475 4740; x_wconf 82' lang='grc' dir='ltr'>ἀγαλλιώμενος</span> <span class='ocrx_word' id='word_1_651' title='bbox 3499 4667 3583 4738; x_wconf 81' lang='grc' dir='ltr'>τῷ</span> <span class='ocrx_word' id='word_1_652' title='bbox 3610 4684 3716 4722; x_wconf 81' lang='grc' dir='ltr'>κυ-</span> 
     </span>
    </p>
   </div>
   <div class='ocr_carea' id='block_1_89' title="bbox 466 4761 2037 4833">
    <p class='ocr_par' dir='ltr' id='par_1_89' title="bbox 466 4761 2037 4833">
     <span class='ocr_line' id='line_1_89' title="bbox 466 4761 2037 4833; baseline -0.004 -13"><span class='ocrx_word' id='word_1_653' title='bbox 466 4763 598 4820; x_wconf 81' lang='lat' dir='ltr'><strong>sané</strong></span> <span class='ocrx_word' id='word_1_654' title='bbox 639 4764 693 4818; x_wconf 91' lang='lat' dir='ltr'><strong>in</strong></span> <span class='ocrx_word' id='word_1_655' title='bbox 754 4765 1018 4820; x_wconf 90' lang='lat' dir='ltr'><strong>unctione</strong></span> <span class='ocrx_word' id='word_1_656' title='bbox 1067 4773 1124 4819; x_wconf 89' lang='lat' dir='ltr'><strong>et</strong></span> <span class='ocrx_word' id='word_1_657' title='bbox 1163 4763 1589 4833; x_wconf 88' lang='lat' dir='ltr'><strong>participatione</strong></span> <span class='ocrx_word' id='word_1_658' title='bbox 1637 4761 2037 4817; x_wconf 87' lang='lat' dir='ltr'><strong>sanctiﬁcantis</strong></span> 
     </span>
    </p>
   </div>
   <div class='ocr_carea' id='block_1_90' title="bbox 468 4853 2036 4925">
    <p class='ocr_par' dir='ltr' id='par_1_90' title="bbox 468 4853 2036 4925">
     <span class='ocr_line' id='line_1_90' title="bbox 468 4853 2036 4925; baseline -0.003 -14"><span class='ocrx_word' id='word_1_659' title='bbox 468 4855 708 4925; x_wconf 89' lang='lat' dir='ltr'><strong>Spiritus</strong></span> <span class='ocrx_word' id='word_1_660' title='bbox 734 4864 915 4922; x_wconf 85' lang='lat' dir='ltr'><strong>erant,</strong></span> <span class='ocrx_word' id='word_1_661' title='bbox 951 4863 1010 4912; x_wconf 91' lang='lat' dir='ltr'><strong>et</strong></span> <span class='ocrx_word' id='word_1_662' title='bbox 1039 4872 1166 4912; x_wconf 92' lang='lat' dir='ltr'><strong>cum</strong></span> <span class='ocrx_word' id='word_1_663' title='bbox 1212 4865 1398 4912; x_wconf 87' lang='lat' dir='ltr'><strong>essent</strong></span> <span class='ocrx_word' id='word_1_664' title='bbox 1443 4856 1626 4911; x_wconf 91' lang='lat' dir='ltr'><strong>adhuc</strong></span> <span class='ocrx_word' id='word_1_665' title='bbox 1679 4855 1733 4908; x_wconf 87' lang='lat' dir='ltr'><strong>in</strong></span> <span class='ocrx_word' id='word_1_666' title='bbox 1768 4863 1925 4909; x_wconf 89' lang='lat' dir='ltr'><strong>utero</strong></span> <span class='ocrx_word' id='word_1_667' title='bbox 1957 4853 2036 4907; x_wconf 90' lang='lat' dir='ltr'><strong>illi</strong></span> 
     </span>
    </p>
   </div>
   <div class='ocr_carea' id='block_1_91' title="bbox 465 4945 2039 5018">
    <p class='ocr_par' dir='ltr' id='par_1_91' title="bbox 465 4945 2039 5018">
     <span class='ocr_line' id='line_1_91' title="bbox 465 4945 2039 5018; baseline -0.002 -16"><span class='ocrx_word' id='word_1_668' title='bbox 465 4947 672 5003; x_wconf 85' lang='lat' dir='ltr'><strong>Christi</strong></span> <span class='ocrx_word' id='word_1_669' title='bbox 717 4949 940 5003; x_wconf 88' lang='lat' dir='ltr'><strong>Domini</strong></span> <span class='ocrx_word' id='word_1_670' title='bbox 996 4948 1280 5018; x_wconf 64' lang='lat' dir='ltr'><strong>prophetae</strong></span> <span class='ocrx_word' id='word_1_671' title='bbox 1344 4963 1412 5002; x_wconf 81' lang='lat' dir='ltr'><strong>ex</strong></span> <span class='ocrx_word' id='word_1_672' title='bbox 1453 4962 1563 5017; x_wconf 92' lang='lat' dir='ltr'><strong>quo</strong></span> <span class='ocrx_word' id='word_1_673' title='bbox 1616 4945 1950 5015; x_wconf 88' lang='lat' dir='ltr'><strong>coneeptict</strong></span> <span class='ocrx_word' id='word_1_674' title='bbox 1983 4945 2039 4999; x_wconf 90' lang='lat' dir='ltr'><strong>in</strong></span> 
     </span>
    </p>
   </div>
   <div class='ocr_carea' id='block_1_92' title="bbox 372 5036 2039 5106">
    <p class='ocr_par' dir='ltr' id='par_1_92' title="bbox 372 5036 2039 5106">
     <span class='ocr_line' id='line_1_92' title="bbox 372 5036 2039 5106; baseline -0.002 -14"><span class='ocrx_word' id='word_1_675' title='bbox 372 5067 376 5070; x_wconf 85' lang='lat'><strong>~</strong></span> <span class='ocrx_word' id='word_1_676' title='bbox 467 5039 650 5094; x_wconf 90' lang='lat' dir='ltr'><strong>lucem</strong></span> <span class='ocrx_word' id='word_1_677' title='bbox 669 5038 802 5094; x_wconf 90' lang='lat' dir='ltr'><strong>editi</strong></span> <span class='ocrx_word' id='word_1_678' title='bbox 825 5046 1006 5095; x_wconf 88' lang='lat' dir='ltr'><strong>erant.</strong></span> <span class='ocrx_word' id='word_1_679' title='bbox 1029 5038 1136 5094; x_wconf 88' lang='lat' dir='ltr'><strong>Sed</strong></span> <span class='ocrx_word' id='word_1_680' title='bbox 1158 5037 1255 5094; x_wconf 90' lang='lat' dir='ltr'><strong>Dei</strong></span> <span class='ocrx_word' id='word_1_681' title='bbox 1283 5037 1534 5096; x_wconf 84' lang='lat' dir='ltr'><strong>Geuitrix</strong></span> <span class='ocrx_word' id='word_1_682' title='bbox 1564 5037 1678 5092; x_wconf 89' lang='lat' dir='ltr'><strong>sola</strong></span> <span class='ocrx_word' id='word_1_683' title='bbox 1713 5036 2039 5106; x_wconf 88' lang='lat' dir='ltr'><strong>specialiter</strong></span> 
     </span>
    </p>
   </div>
   <div class='ocr_carea' id='block_1_93' title="bbox 474 5129 2042 5202">
    <p class='ocr_par' dir='ltr' id='par_1_93' title="bbox 474 5129 2042 5202">
     <span class='ocr_line' id='line_1_93' title="bbox 474 5129 2042 5202; baseline -0.003 -16"><span class='ocrx_word' id='word_1_684' title='bbox 474 5138 560 5186; x_wconf 90' lang='lat' dir='ltr'><strong>est</strong></span> <span class='ocrx_word' id='word_1_685' title='bbox 589 5145 752 5200; x_wconf 88' lang='lat' dir='ltr'><strong>quam</strong></span> <span class='ocrx_word' id='word_1_686' title='bbox 783 5129 1025 5200; x_wconf 88' lang='lat' dir='ltr'><strong>Spiritus</strong></span> <span class='ocrx_word' id='word_1_687' title='bbox 1060 5131 1178 5202; x_wconf 87' lang='lat' dir='ltr'><strong>ipse</strong></span> <span class='ocrx_word' id='word_1_688' title='bbox 1211 5130 1560 5186; x_wconf 86' lang='lat' dir='ltr'><strong>adumbravit</strong></span> <span class='ocrx_word' id='word_1_689' title='bbox 1581 5139 1637 5186; x_wconf 91' lang='lat' dir='ltr'><strong>et</strong></span> <span class='ocrx_word' id='word_1_690' title='bbox 1671 5129 1956 5192; x_wconf 79' lang='lat' dir='ltr'><strong>habitavit,</strong></span> <span class='ocrx_word' id='word_1_691' title='bbox 1984 5136 2042 5183; x_wconf 88' lang='lat' dir='ltr'><strong>et</strong></span> 
     </span>
    </p>
   </div>
   <div class='ocr_carea' id='block_1_94' title="bbox 473 5221 2042 5294">
    <p class='ocr_par' dir='ltr' id='par_1_94' title="bbox 473 5221 2042 5294">
     <span class='ocr_line' id='line_1_94' title="bbox 473 5221 2042 5294; baseline 0 -18"><span class='ocrx_word' id='word_1_692' title='bbox 473 5221 530 5277; x_wconf 90' lang='lat' dir='ltr'><strong>in</strong></span> <span class='ocrx_word' id='word_1_693' title='bbox 561 5237 726 5278; x_wconf 89' lang='lat' dir='ltr'><strong>carne</strong></span> <span class='ocrx_word' id='word_1_694' title='bbox 751 5223 819 5278; x_wconf 90' lang='lat' dir='ltr'><strong>ab</strong></span> <span class='ocrx_word' id='word_1_695' title='bbox 846 5222 938 5278; x_wconf 90' lang='lat' dir='ltr'><strong>illa</strong></span> <span class='ocrx_word' id='word_1_696' title='bbox 979 5234 1260 5294; x_wconf 90' lang='lat' dir='ltr'><strong>assumpta</strong></span> <span class='ocrx_word' id='word_1_697' title='bbox 1303 5224 1497 5294; x_wconf 84' lang='lat' dir='ltr'><strong>genuit</strong></span> <span class='ocrx_word' id='word_1_698' title='bbox 1555 5237 1848 5292; x_wconf 88' lang='lat' dir='ltr'><strong>personam</strong></span> <span class='ocrx_word' id='word_1_699' title='bbox 1877 5221 2042 5292; x_wconf 87' lang='lat' dir='ltr'><strong>hujus</strong></span> 
     </span>
    </p>
   </div>
   <div class='ocr_carea' id='block_1_95' title="bbox 474 5311 2037 5382">
    <p class='ocr_par' dir='ltr' id='par_1_95' title="bbox 474 5311 2037 5382">
     <span class='ocr_line' id='line_1_95' title="bbox 474 5311 2037 5382; baseline 0 -16"><span class='ocrx_word' id='word_1_700' title='bbox 474 5311 623 5367; x_wconf 89' lang='lat' dir='ltr'><strong>unici</strong></span> <span class='ocrx_word' id='word_1_701' title='bbox 651 5312 797 5367; x_wconf 89' lang='lat' dir='ltr'><strong>Filii.</strong></span> <span class='ocrx_word' id='word_1_702' title='bbox 834 5313 970 5369; x_wconf 82' lang='lat' dir='ltr'><strong>Nam</strong></span> <span class='ocrx_word' id='word_1_703' title='bbox 993 5329 1106 5368; x_wconf 90' lang='lat' dir='ltr'><strong>non</strong></span> <span class='ocrx_word' id='word_1_704' title='bbox 1154 5313 1331 5369; x_wconf 89' lang='lat' dir='ltr'><strong>solum</strong></span> <span class='ocrx_word' id='word_1_705' title='bbox 1387 5313 1793 5368; x_wconf 84' lang='lat' dir='ltr'><strong>sanctiﬁcatum</strong></span> <span class='ocrx_word' id='word_1_706' title='bbox 1827 5311 2037 5382; x_wconf 89' lang='lat' dir='ltr'><strong>genuit,</strong></span> 
     </span>
    </p>
   </div>
   <div class='ocr_carea' id='block_1_96' title="bbox 409 5403 2034 5474">
    <p class='ocr_par' dir='ltr' id='par_1_96' title="bbox 409 5403 2034 5474">
     <span class='ocr_line' id='line_1_96' title="bbox 409 5403 2034 5474; baseline -0.005 -9"><span class='ocrx_word' id='word_1_707' title='bbox 474 5403 570 5460; x_wconf 88' lang='lat' dir='ltr'><strong>sed</strong></span> <span class='ocrx_word' id='word_1_708' title='bbox 602 5405 752 5474; x_wconf 90' lang='lat' dir='ltr'><strong>quod</strong></span> <span class='ocrx_word' id='word_1_709' title='bbox 772 5415 963 5462; x_wconf 90' lang='lat' dir='ltr'><strong>natum</strong></span> <span class='ocrx_word' id='word_1_710' title='bbox 991 5414 1079 5462; x_wconf 93' lang='lat' dir='ltr'><strong>est</strong></span> <span class='ocrx_word' id='word_1_711' title='bbox 1103 5421 1173 5461; x_wconf 79' lang='lat' dir='ltr'><strong>ex</strong></span> <span class='ocrx_word' id='word_1_712' title='bbox 1191 5421 1254 5460; x_wconf 89' lang='lat' dir='ltr'><strong>ea</strong></span> <span class='ocrx_word' id='word_1_713' title='bbox 1283 5414 1532 5463; x_wconf 86' lang='lat' dir='ltr'><strong>sanctum</strong></span> <span class='ocrx_word' id='word_1_714' title='bbox 1554 5415 1638 5461; x_wconf 90' lang='lat' dir='ltr'><strong>est</strong></span> <span class='ocrx_word' id='word_1_715' title='bbox 1662 5404 2034 5467; x_wconf 87' lang='lat' dir='ltr'><strong>sanctificans,</strong></span> 
     </span>
    </p>
   </div>
   <div class='ocr_carea' id='block_1_97' title="bbox 473 5495 2045 5564">
    <p class='ocr_par' dir='ltr' id='par_1_97' title="bbox 473 5495 2045 5564">
     <span class='ocr_line' id='line_1_97' title="bbox 473 5495 2045 5564; baseline 0.003 -15"><span class='ocrx_word' id='word_1_716' title='bbox 473 5495 600 5551; x_wconf 86' lang='lat' dir='ltr'><strong>ideo</strong></span> <span class='ocrx_word' id='word_1_717' title='bbox 624 5495 790 5554; x_wconf 87' lang='lat' dir='ltr'><strong>etiam</strong></span> <span class='ocrx_word' id='word_1_718' title='bbox 823 5513 936 5553; x_wconf 90' lang='lat' dir='ltr'><strong>non</strong></span> <span class='ocrx_word' id='word_1_719' title='bbox 984 5498 1133 5554; x_wconf 89' lang='lat' dir='ltr'><strong>illius</strong></span> <span class='ocrx_word' id='word_1_720' title='bbox 1170 5497 1362 5564; x_wconf 88' lang='lat' dir='ltr'><strong>solius,</strong></span> <span class='ocrx_word' id='word_1_721' title='bbox 1383 5498 1479 5554; x_wconf 87' lang='lat' dir='ltr'><strong>sed</strong></span> <span class='ocrx_word' id='word_1_722' title='bbox 1533 5497 1700 5554; x_wconf 89' lang='lat' dir='ltr'><strong>etiam</strong></span> <span class='ocrx_word' id='word_1_723' title='bbox 1745 5498 1842 5553; x_wconf 86' lang='lat' dir='ltr'><strong>Dei</strong></span> <span class='ocrx_word' id='word_1_724' title='bbox 1868 5497 2045 5554; x_wconf 83' lang='lat' dir='ltr'><strong>Filius</strong></span> 
     </span>
    </p>
   </div>
   <div class='ocr_carea' id='block_1_98' title="bbox 477 5596 732 5645">
    <p class='ocr_par' dir='ltr' id='par_1_98' title="bbox 477 5596 732 5645">
     <span class='ocr_line' id='line_1_98' title="bbox 477 5596 732 5645; baseline 0.008 -5"><span class='ocrx_word' id='word_1_725' title='bbox 477 5596 732 5645; x_wconf 81' lang='lat' dir='ltr'><strong>vocatur.</strong></span> 
     </span>
    </p>
   </div>
   <div class='ocr_carea' id='block_1_99' title="bbox 1071 5696 1447 5752">
    <p class='ocr_par' dir='ltr' id='par_1_99' title="bbox 1071 5696 1447 5752">
     <span class='ocr_line' id='line_1_99' title="bbox 1071 5696 1447 5752; baseline -0.005 0"><span class='ocrx_word' id='word_1_726' title='bbox 1071 5696 1222 5752; x_wconf 79' lang='lat' dir='ltr'><strong>CAP.</strong></span> <span class='ocrx_word' id='word_1_727' title='bbox 1262 5697 1447 5752; x_wconf 79' lang='lat' dir='ltr'><strong>XLIX.</strong></span> 
     </span>
    </p>
   </div>
   <div class='ocr_carea' id='block_1_100' title="bbox 545 5787 2047 5846">
    <p class='ocr_par' dir='ltr' id='par_1_100' title="bbox 545 5787 2047 5846">
     <span class='ocr_line' id='line_1_100' title="bbox 545 5787 2047 5846; baseline -0.001 -2"><span class='ocrx_word' id='word_1_728' title='bbox 545 5789 640 5844; x_wconf 88' lang='lat' dir='ltr'><strong>Dei</strong></span> <span class='ocrx_word' id='word_1_729' title='bbox 671 5787 1010 5844; x_wconf 87' lang='lat' dir='ltr'><strong>Genitricem</strong></span> <span class='ocrx_word' id='word_1_730' title='bbox 1032 5790 1262 5844; x_wconf 88' lang='lat' dir='ltr'><strong>Matrem</strong></span> <span class='ocrx_word' id='word_1_731' title='bbox 1289 5791 1416 5845; x_wconf 80' lang='lat' dir='ltr'><strong>Jesu</strong></span> <span class='ocrx_word' id='word_1_732' title='bbox 1454 5791 1636 5846; x_wconf 85' lang='lat' dir='ltr'><strong>dicere</strong></span> <span class='ocrx_word' id='word_1_733' title='bbox 1666 5807 1766 5846; x_wconf 87' lang='lat' dir='ltr'><strong>nos</strong></span> <span class='ocrx_word' id='word_1_734' title='bbox 1799 5806 1907 5844; x_wconf 87' lang='lat' dir='ltr'><strong>non</strong></span> <span class='ocrx_word' id='word_1_735' title='bbox 1949 5805 2047 5843; x_wconf 44' lang='lat' dir='ltr'><strong>au‘</strong></span> 
     </span>
    </p>
   </div>
   <div class='ocr_carea' id='block_1_101' title="bbox 477 5877 2044 5954">
    <p class='ocr_par' dir='ltr' id='par_1_101' title="bbox 477 5877 2044 5954">
     <span class='ocr_line' id='line_1_101' title="bbox 477 5877 2044 5954; baseline -0.001 -19"><span class='ocrx_word' id='word_1_736' title='bbox 477 5877 1038 5951; x_wconf 80' lang='lat' dir='ltr'><strong>debintus,Scriptura</strong></span> <span class='ocrx_word' id='word_1_737' title='bbox 1051 5883 1410 5939; x_wconf 83' lang='lat' dir='ltr'><strong>sacranullibi</strong></span> <span class='ocrx_word' id='word_1_738' title='bbox 1427 5900 1547 5939; x_wconf 82' lang='lat' dir='ltr'><strong>eam</strong></span> <span class='ocrx_word' id='word_1_739' title='bbox 1565 5883 1640 5938; x_wconf 83' lang='lat' dir='ltr'><strong>sic</strong></span> <span class='ocrx_word' id='word_1_740' title='bbox 1652 5884 2044 5954; x_wconf 69' lang='lat' dir='ltr'><strong>proclamante,</strong></span> 
     </span>
    </p>
   </div>
   <div class='ocr_carea' id='block_1_102' title="bbox 2141 4756 3715 4839">
    <p class='ocr_par' dir='ltr' id='par_1_102' title="bbox 2141 4756 3715 4839">
     <span class='ocr_line' id='line_1_102' title="bbox 2141 4756 3715 4839; baseline -0.005 -19"><span class='ocrx_word' id='word_1_741' title='bbox 2141 4768 2241 4839; x_wconf 87' lang='grc' dir='ltr'>ρίῳ</span> <span class='ocrx_word' id='word_1_742' title='bbox 2265 4783 2280 4800; x_wconf 77' lang='grc' dir='ltr'><strong><em>ο</em></strong></span> <span class='ocrx_word' id='word_1_743' title='bbox 2302 4766 2396 4820; x_wconf 82' lang='grc' dir='ltr'>καὶ</span> <span class='ocrx_word' id='word_1_744' title='bbox 2427 4766 2586 4835; x_wconf 78' lang='grc' dir='ltr'>δῆλον</span> <span class='ocrx_word' id='word_1_745' title='bbox 2611 4767 2692 4819; x_wconf 82' lang='grc' dir='ltr'>ὃτι</span> <span class='ocrx_word' id='word_1_746' title='bbox 2721 4765 2780 4818; x_wconf 83' lang='grc' dir='ltr'><strong>ἐν</strong></span> <span class='ocrx_word' id='word_1_747' title='bbox 2821 4762 3000 4834; x_wconf 80' lang='grc' dir='ltr'>χρίσει</span> <span class='ocrx_word' id='word_1_748' title='bbox 3032 4762 3127 4815; x_wconf 80' lang='grc' dir='ltr'><strong>καὶ</strong></span> <span class='ocrx_word' id='word_1_749' title='bbox 3159 4761 3363 4831; x_wconf 83' lang='grc' dir='ltr'>μετοχῇ</span> <span class='ocrx_word' id='word_1_750' title='bbox 3421 4756 3516 4813; x_wconf 84' lang='grc' dir='ltr'><strong>τοῦ</strong></span> <span class='ocrx_word' id='word_1_751' title='bbox 3547 4759 3715 4826; x_wconf 77' lang='grc' dir='ltr'>ἁγισ-</span> 
     </span>
    </p>
   </div>
   <div class='ocr_carea' id='block_1_103' title="bbox 2140 4850 3718 4929">
    <p class='ocr_par' dir='ltr' id='par_1_103' title="bbox 2140 4850 3718 4929">
     <span class='ocr_line' id='line_1_103' title="bbox 2140 4850 3718 4929; baseline -0.006 -17"><span class='ocrx_word' id='word_1_752' title='bbox 2140 4858 2328 4914; x_wconf 84' lang='grc' dir='ltr'>στικοῦ</span> <span class='ocrx_word' id='word_1_753' title='bbox 2375 4857 2696 4929; x_wconf 67' lang='grc' dir='ltr'>Πιεύμαςος</span> <span class='ocrx_word' id='word_1_754' title='bbox 2740 4852 2906 4927; x_wconf 72' lang='grc' dir='ltr'>ἦσαν,</span> <span class='ocrx_word' id='word_1_755' title='bbox 2939 4855 3053 4909; x_wconf 56' lang='grc' dir='ltr'>οιαὶ</span> <span class='ocrx_word' id='word_1_756' title='bbox 3103 4854 3164 4908; x_wconf 79' lang='grc' dir='ltr'><strong>ἐν</strong></span> <span class='ocrx_word' id='word_1_757' title='bbox 3197 4853 3396 4924; x_wconf 74' lang='grc' dir='ltr'>γαστρὶ</span> <span class='ocrx_word' id='word_1_758' title='bbox 3433 4851 3590 4914; x_wconf 77' lang='grc' dir='ltr'>ὄντες</span> <span class='ocrx_word' id='word_1_759' title='bbox 3633 4850 3718 4903; x_wconf 75' lang='grc' dir='ltr'>ἔτι</span> 
     </span>
    </p>
   </div>
   <div class='ocr_carea' id='block_1_104' title="bbox 2138 4937 3722 5021">
    <p class='ocr_par' dir='ltr' id='par_1_104' title="bbox 2138 4937 3722 5021">
     <span class='ocr_line' id='line_1_104' title="bbox 2138 4937 3722 5021; baseline -0.006 -16"><span class='ocrx_word' id='word_1_760' title='bbox 2138 4952 2246 5005; x_wconf 83' lang='grc' dir='ltr'>οἵδε</span> <span class='ocrx_word' id='word_1_761' title='bbox 2277 4968 2292 4984; x_wconf 77' lang='grc' dir='ltr'><strong><em>ο</em></strong></span> <span class='ocrx_word' id='word_1_762' title='bbox 2346 4951 2562 5021; x_wconf 74' lang='grc' dir='ltr'>χριστοὶ</span> <span class='ocrx_word' id='word_1_763' title='bbox 2595 4949 2689 5003; x_wconf 83' lang='grc' dir='ltr'><strong>οῦν</strong></span> <span class='ocrx_word' id='word_1_764' title='bbox 2716 4948 2924 5019; x_wconf 78' lang='grc' dir='ltr'>Κυρίου</span> <span class='ocrx_word' id='word_1_765' title='bbox 2953 4948 3004 5000; x_wconf 80' lang='lat' dir='ltr'><strong>oi</strong></span> <span class='ocrx_word' id='word_1_766' title='bbox 3054 4946 3331 5016; x_wconf 76' lang='grc' dir='ltr'>προφῆται</span> <span class='ocrx_word' id='word_1_767' title='bbox 3357 4943 3451 5012; x_wconf 80' lang='grc' dir='ltr'><strong>ἀφ’</strong></span> <span class='ocrx_word' id='word_1_768' title='bbox 3494 4937 3560 4998; x_wconf 73' lang='grc' dir='ltr'>οὗ</span> <span class='ocrx_word' id='word_1_769' title='bbox 3609 4943 3722 5010; x_wconf 85' lang='grc' dir='ltr'>ἐγί-</span> 
     </span>
    </p>
   </div>
   <div class='ocr_carea' id='block_1_105' title="bbox 2141 5032 3721 5104">
    <p class='ocr_par' dir='ltr' id='par_1_105' title="bbox 2141 5032 3721 5104">
     <span class='ocr_line' id='line_1_105' title="bbox 2141 5032 3721 5104; baseline -0.006 -11"><span class='ocrx_word' id='word_1_770' title='bbox 2141 5057 2292 5094; x_wconf 87' lang='grc' dir='ltr'>νοντο</span> <span class='ocrx_word' id='word_1_771' title='bbox 2309 5041 2405 5094; x_wconf 74' lang='grc' dir='ltr'>καὶ</span> <span class='ocrx_word' id='word_1_772' title='bbox 2434 5039 2708 5094; x_wconf 83' lang='grc' dir='ltr'>ἐτίκτοντο</span> <span class='ocrx_word' id='word_1_773' title='bbox 2735 5052 2749 5068; x_wconf 76' lang='grc'><strong>⁸</strong></span> <span class='ocrx_word' id='word_1_774' title='bbox 2773 5036 3036 5100; x_wconf 86' lang='grc' dir='ltr'>Θεοτόκος</span> <span class='ocrx_word' id='word_1_775' title='bbox 3084 5034 3144 5087; x_wconf 80' lang='grc' dir='ltr'>δὲ</span> <span class='ocrx_word' id='word_1_776' title='bbox 3203 5034 3343 5104; x_wconf 83' lang='grc' dir='ltr'>μόνη</span> <span class='ocrx_word' id='word_1_777' title='bbox 3375 5032 3520 5096; x_wconf 78' lang='grc' dir='ltr'>ἰδίως</span> <span class='ocrx_word' id='word_1_778' title='bbox 3567 5033 3721 5085; x_wconf 71' lang='grc' dir='ltr'>ἐστὶν</span> 
     </span>
    </p>
   </div>
   <div class='ocr_carea' id='block_1_106' title="bbox 2142 5122 3718 5201">
    <p class='ocr_par' dir='ltr' id='par_1_106' title="bbox 2142 5122 3718 5201">
     <span class='ocr_line' id='line_1_106' title="bbox 2142 5122 3718 5201; baseline -0.007 -18"><span class='ocrx_word' id='word_1_779' title='bbox 2142 5131 2177 5201; x_wconf 76' lang='grc' dir='ltr'>ἢ</span> <span class='ocrx_word' id='word_1_780' title='bbox 2200 5130 2331 5183; x_wconf 82' lang='grc' dir='ltr'>αὐτὸ</span> <span class='ocrx_word' id='word_1_781' title='bbox 2350 5129 2411 5182; x_wconf 91' lang='grc' dir='ltr'><strong>τὸ</strong></span> <span class='ocrx_word' id='word_1_782' title='bbox 2443 5128 2665 5198; x_wconf 83' lang='grc' dir='ltr'>Πνεῦμα</span> <span class='ocrx_word' id='word_1_783' title='bbox 2698 5127 2758 5180; x_wconf 77' lang='grc' dir='ltr'><strong>ἐν</strong></span> <span class='ocrx_word' id='word_1_784' title='bbox 2782 5126 2920 5196; x_wconf 79' lang='grc' dir='ltr'>αὐτῇ</span> <span class='ocrx_word' id='word_1_785' title='bbox 2951 5125 3207 5180; x_wconf 84' lang='grc' dir='ltr'>σκιασθὲν</span> <span class='ocrx_word' id='word_1_786' title='bbox 3230 5124 3325 5178; x_wconf 81' lang='grc' dir='ltr'>καὶ</span> <span class='ocrx_word' id='word_1_787' title='bbox 3355 5122 3718 5192; x_wconf 79' lang='grc' dir='ltr'>κατοικῆσαν,</span> 
     </span>
    </p>
   </div>
   <div class='ocr_carea' id='block_1_107' title="bbox 2146 5213 3721 5290">
    <p class='ocr_par' dir='ltr' id='par_1_107' title="bbox 2146 5213 3721 5290">
     <span class='ocr_line' id='line_1_107' title="bbox 2146 5213 3721 5290; baseline -0.007 -16"><span class='ocrx_word' id='word_1_788' title='bbox 2146 5223 2239 5274; x_wconf 75' lang='grc' dir='ltr'><strong>καὶ</strong></span> <span class='ocrx_word' id='word_1_789' title='bbox 2270 5224 2334 5290; x_wconf 82' lang='grc' dir='ltr'>τῇ</span> <span class='ocrx_word' id='word_1_790' title='bbox 2379 5221 2474 5274; x_wconf 85' lang='grc' dir='ltr'><strong>ἀπ’</strong></span> <span class='ocrx_word' id='word_1_791' title='bbox 2518 5219 2689 5290; x_wconf 80' lang='grc' dir='ltr'>αὐτῆς</span> <span class='ocrx_word' id='word_1_792' title='bbox 2717 5217 2882 5289; x_wconf 76' lang='grc' dir='ltr'>σαρκὶ</span> <span class='ocrx_word' id='word_1_793' title='bbox 2923 5215 3224 5286; x_wconf 26' lang='grc' dir='ltr'>συλληφθλέν</span> <span class='ocrx_word' id='word_1_794' title='bbox 3274 5215 3356 5278; x_wconf 88' lang='grc' dir='ltr'><strong>είς</strong></span> <span class='ocrx_word' id='word_1_795' title='bbox 3409 5214 3532 5278; x_wconf 76' lang='grc' dir='ltr'>ἑνὸς</span> <span class='ocrx_word' id='word_1_796' title='bbox 3582 5213 3721 5266; x_wconf 61' lang='lat' dir='ltr'><strong>Tim»</strong></span> 
     </span>
    </p>
   </div>
   <div class='ocr_carea' id='block_1_108' title="bbox 2141 5304 3716 5376">
    <p class='ocr_par' dir='ltr' id='par_1_108' title="bbox 2141 5304 3716 5376">
     <span class='ocr_line' id='line_1_108' title="bbox 2141 5304 3716 5376; baseline -0.004 -13"><span class='ocrx_word' id='word_1_797' title='bbox 2141 5309 2346 5363; x_wconf 80' lang='grc' dir='ltr'>τοιοῦδε</span> <span class='ocrx_word' id='word_1_798' title='bbox 2367 5309 2666 5365; x_wconf 81' lang='grc' dir='ltr'>ὑπόστασιν</span> <span class='ocrx_word' id='word_1_799' title='bbox 2699 5309 2853 5363; x_wconf 72' lang='grc' dir='ltr'>ἔτεκε</span> <span class='ocrx_word' id='word_1_800' title='bbox 2875 5325 2890 5340; x_wconf 89' lang='grc'><strong>·</strong></span> <span class='ocrx_word' id='word_1_801' title='bbox 2911 5309 3098 5362; x_wconf 77' lang='grc' dir='ltr'>τέτοκε</span> <span class='ocrx_word' id='word_1_802' title='bbox 3131 5307 3239 5376; x_wconf 81' lang='grc' dir='ltr'>γὰρ</span> <span class='ocrx_word' id='word_1_803' title='bbox 3289 5307 3389 5376; x_wconf 73' lang='grc' dir='ltr'>οὐχ</span> <span class='ocrx_word' id='word_1_804' title='bbox 3439 5304 3716 5376; x_wconf 73' lang='grc' dir='ltr'>ήγιασμέο</span> 
     </span>
    </p>
   </div>
   <div class='ocr_carea' id='block_1_109' title="bbox 2145 5393 3723 5470">
    <p class='ocr_par' dir='ltr' id='par_1_109' title="bbox 2145 5393 3723 5470">
     <span class='ocr_line' id='line_1_109' title="bbox 2145 5393 3723 5470; baseline -0.003 -17"><span class='ocrx_word' id='word_1_805' title='bbox 2145 5417 2234 5453; x_wconf 90' lang='grc' dir='ltr'><strong>νον</strong></span> <span class='ocrx_word' id='word_1_806' title='bbox 2273 5399 2458 5470; x_wconf 88' lang='grc' dir='ltr'>μόνον,</span> <span class='ocrx_word' id='word_1_807' title='bbox 2501 5399 2642 5454; x_wconf 77' lang='grc' dir='ltr'>ἀλλὰ</span> <span class='ocrx_word' id='word_1_808' title='bbox 2683 5399 2781 5453; x_wconf 55' lang='grc' dir='ltr'><strong>καὶ⁴</strong></span> <span class='ocrx_word' id='word_1_809' title='bbox 2825 5399 3210 5468; x_wconf 84' lang='grc' dir='ltr'>ἁγιοποιοῦντα</span> <span class='ocrx_word' id='word_1_810' title='bbox 3239 5398 3299 5450; x_wconf 81' lang='grc' dir='ltr'><strong>τὸ</strong></span> <span class='ocrx_word' id='word_1_811' title='bbox 3349 5397 3612 5466; x_wconf 71' lang='grc' dir='ltr'>γεννηθὲν</span> <span class='ocrx_word' id='word_1_812' title='bbox 3657 5393 3723 5460; x_wconf 78' lang='grc' dir='ltr'>ἐξ</span> 
     </span>
    </p>
   </div>
   <div class='ocr_carea' id='block_1_110' title="bbox 2145 5486 3718 5562">
    <p class='ocr_par' dir='ltr' id='par_1_110' title="bbox 2145 5486 3718 5562">
     <span class='ocr_line' id='line_1_110' title="bbox 2145 5486 3718 5562; baseline -0.003 -18"><span class='ocrx_word' id='word_1_813' title='bbox 2145 5491 2319 5562; x_wconf 82' lang='grc' dir='ltr'>αὐτῆς</span> <span class='ocrx_word' id='word_1_814' title='bbox 2347 5492 2501 5560; x_wconf 84' lang='grc' dir='ltr'>ἆγιον</span> <span class='ocrx_word' id='word_1_815' title='bbox 2523 5508 2538 5522; x_wconf 80' lang='grc'><em>’</em></span> <span class='ocrx_word' id='word_1_816' title='bbox 2587 5490 2670 5544; x_wconf 86' lang='grc' dir='ltr'><strong>διὸ</strong></span> <span class='ocrx_word' id='word_1_817' title='bbox 2703 5490 2798 5544; x_wconf 74' lang='grc' dir='ltr'><strong>καὶ</strong></span> <span class='ocrx_word' id='word_1_818' title='bbox 2835 5491 2939 5544; x_wconf 79' lang='grc' dir='ltr'>οὐκ</span> <span class='ocrx_word' id='word_1_819' title='bbox 2969 5489 3140 5560; x_wconf 75' lang='grc' dir='ltr'>αὐτῆς</span> <span class='ocrx_word' id='word_1_820' title='bbox 3197 5488 3385 5560; x_wconf 85' lang='grc' dir='ltr'>μόνης,</span> <span class='ocrx_word' id='word_1_821' title='bbox 3429 5487 3573 5542; x_wconf 73' lang='grc' dir='ltr'>ἀλλὰ</span> <span class='ocrx_word' id='word_1_822' title='bbox 3623 5486 3718 5540; x_wconf 77' lang='grc' dir='ltr'>καὶ</span> 
     </span>
    </p>
   </div>
   <div class='ocr_carea' id='block_1_111' title="bbox 2144 5570 2884 5654">
    <p class='ocr_par' dir='ltr' id='par_1_111' title="bbox 2144 5570 2884 5654">
     <span class='ocr_line' id='line_1_111' title="bbox 2144 5570 2884 5654; baseline 0.005 -20"><span class='ocrx_word' id='word_1_823' title='bbox 2144 5582 2279 5636; x_wconf 88' lang='grc' dir='ltr'>Θεοῦ</span> <span class='ocrx_word' id='word_1_824' title='bbox 2312 5582 2439 5646; x_wconf 83' lang='grc' dir='ltr'>Υίὸς</span> <span class='ocrx_word' id='word_1_825' title='bbox 2475 5581 2703 5654; x_wconf 85' lang='grc' dir='ltr'>ἐκλήθη.</span> <span class='ocrx_word' id='word_1_826' title='bbox 2881 5570 2884 5572; x_wconf 17' lang='grc'>⁷</span> 
     </span>
    </p>
   </div>
   <div class='ocr_carea' id='block_1_112' title="bbox 2701 5693 3166 5750">
    <p class='ocr_par' dir='ltr' id='par_1_112' title="bbox 2701 5693 3166 5750">
     <span class='ocr_line' id='line_1_112' title="bbox 2701 5693 3166 5750; baseline 0 -2"><span class='ocrx_word' id='word_1_827' title='bbox 2701 5694 2952 5749; x_wconf 75' lang='grc' dir='ltr'><strong>ΚΕΦΛΛ.</strong></span> <span class='ocrx_word' id='word_1_828' title='bbox 2988 5693 3166 5750; x_wconf 72' lang='grc' dir='ltr'>Μεθ’.</span> 
     </span>
    </p>
   </div>
   <div class='ocr_carea' id='block_1_113' title="bbox 2220 5786 3720 5860">
    <p class='ocr_par' dir='ltr' id='par_1_113' title="bbox 2220 5786 3720 5860">
     <span class='ocr_line' id='line_1_113' title="bbox 2220 5786 3720 5860; baseline -0.002 -18"><span class='ocrx_word' id='word_1_829' title='bbox 2220 5788 2483 5843; x_wconf 84' lang='grc' dir='ltr'>Θεοτόκον</span> <span class='ocrx_word' id='word_1_830' title='bbox 2516 5788 2612 5859; x_wconf 81' lang='grc' dir='ltr'>τὴν</span> <span class='ocrx_word' id='word_1_831' title='bbox 2637 5787 2866 5860; x_wconf 84' lang='grc' dir='ltr'>Μητέρα</span> <span class='ocrx_word' id='word_1_832' title='bbox 2898 5787 2990 5842; x_wconf 84' lang='grc' dir='ltr'><strong>τοῦ</strong></span> <span class='ocrx_word' id='word_1_833' title='bbox 3026 5787 3203 5858; x_wconf 86' lang='grc' dir='ltr'>Ἰησοῦ</span> <span class='ocrx_word' id='word_1_834' title='bbox 3227 5786 3408 5856; x_wconf 81' lang='grc' dir='ltr'>λέγειν</span> <span class='ocrx_word' id='word_1_835' title='bbox 3427 5787 3592 5858; x_wconf 72' lang='grc' dir='ltr'>ἡμεῖς</span> <span class='ocrx_word' id='word_1_836' title='bbox 3619 5786 3720 5839; x_wconf 68' lang='grc' dir='ltr'><strong>οὐκ</strong></span> 
     </span>
    </p>
   </div>
   <div class='ocr_carea' id='block_1_114' title="bbox 2147 5876 3720 5960">
    <p class='ocr_par' dir='ltr' id='par_1_114' title="bbox 2147 5876 3720 5960">
     <span class='ocr_line' id='line_1_114' title="bbox 2147 5876 3720 5960; baseline -0.005 -21"><span class='ocrx_word' id='word_1_837' title='bbox 2147 5880 2594 5960; x_wconf 68' lang='grc' dir='ltr'>αὐθεντήσομεν,</span> <span class='ocrx_word' id='word_1_838' title='bbox 2642 5879 2739 5951; x_wconf 77' lang='grc' dir='ltr'>τῆς</span> <span class='ocrx_word' id='word_1_839' title='bbox 2789 5879 2950 5949; x_wconf 81' lang='grc' dir='ltr'>ἁγίας</span> <span class='ocrx_word' id='word_1_840' title='bbox 2996 5880 3216 5954; x_wconf 73' lang='grc' dir='ltr'>Γραφῆς</span> <span class='ocrx_word' id='word_1_841' title='bbox 3262 5877 3505 5951; x_wconf 63' lang='grc' dir='ltr'>οΰδαμοῦ</span> <span class='ocrx_word' id='word_1_842' title='bbox 3548 5876 3720 5947; x_wconf 78' lang='grc' dir='ltr'>αὐτὴν</span> 
     </span>
    </p>
   </div>
   <div class='ocr_carea' id='block_1_115' title="bbox 3348 6534 3908 6547">
    <p class='ocr_par' dir='ltr' id='par_1_115' title="bbox 3348 6534 3908 6547">
     <span class='ocr_line' id='line_1_115' title="bbox 3348 6534 3908 6547; baseline -0.002 -2"><span class='ocrx_word' id='word_1_843' title='bbox 3348 6542 3389 6547; x_wconf 46' lang='grc' dir='ltr'><strong>ἡ.</strong></span> <span class='ocrx_word' id='word_1_844' title='bbox 3476 6539 3518 6546; x_wconf 48' lang='grc' dir='ltr'><strong>μ-</strong></span> <span class='ocrx_word' id='word_1_845' title='bbox 3597 6539 3626 6544; x_wconf 83' lang='grc'><strong>--</strong></span> <span class='ocrx_word' id='word_1_846' title='bbox 3702 6539 3742 6546; x_wconf 38' lang='grc' dir='ltr'><strong>ἡ</strong></span> <span class='ocrx_word' id='word_1_847' title='bbox 3797 6539 3842 6546; x_wconf 42' lang='grc' dir='ltr'><strong>κυ-</strong></span> <span class='ocrx_word' id='word_1_848' title='bbox 3869 6534 3908 6544; x_wconf 56' lang='grc' dir='ltr'><strong>π·-</strong></span> 
     </span>
    </p>
   </div>
  </div>
