4042 6558
311 416 442 481 1721
1253 424 1649 486 ADVERSUS
1686 423 2237 487 N‘ESTORIA‘NOS.
2260 449 2325 461 -τ
2356 426 2504 486 LIB.
2537 426 2607 487 V.
3422 420 3560 484 i722
3590 439 3594 444 ‘

310 526 457 583 οὕτω
487 529 1020 602 προσαγορευούσης,
1052 529 1167 583 αλλ’
1198 531 1319 585 οὐδὲ
1337 531 1449 585 τῶν
1469 548 1552 594 τις
1580 530 1839 602 Πατέρων
1864 545 1877 558 '
1911 581 1916 593 ,

2014 531 2081 587 ed
2104 547 2208 589 nec
2229 532 2510 602 aliquibus
2532 530 2812 600 Patribus,
2848 531 2948 587 sed
2997 527 3306 587 secundum
3359 544 3556 584 vocem

308 620 445 675 ἀλλὰ
480 619 626 674 κατὰ
669 620 768 688 τὴν
810 623 995 692 φωνὴν
1037 621 1133 675 τοῦ
1183 621 1418 690 ἀγγέλου
1480 621 1733 690 λέγοντος
1773 623 1886 684 τοῖς

2014 622 2166 692 ιιιεειὶ
2196 622 2434 678 dicentis
2457 623 2792 693 pastoribus,
2823 642 2842 674 ι
2874 621 3047 678 Natus
3079 630 3166 678 est
3209 620 3369 676 vobis
3393 621 3561 676 hodie

310 711 567 781 ποιμέσιν
599 728 644 764 ἰ
669 711 892 783 Ἐτέχθη
919 713 1048 782 ύμῖν
1081 714 1323 784 σήμερον
1345 713 1580 784 Χριστὸς
1604 713 1807 785 Κύριος
1831 729 1880 766 ⁸)

2014 711 2537 775 lhristusDominus,
2564 713 2964 767 ietsecundum
2985 712 3219 776 dictum,
3249 729 3268 762 ι
3295 709 3564 780 Liberge-

313 799 406 853 καὶ
465 800 608 854 κατὰ
657 800 718 853 τὸ
766 801 1075 870 εἰρημένον,
1110 819 1130 852 ι
1164 801 1354 864 Βίϐλος
1379 801 1646 871 γενέσεως
1713 803 1888 872 Ἰησοῦ

2014 798 2433 853 ιειιιιίοιιίειιοειι
2444 797 2671 865 Christi,
2699 818 2718 852 ι
2741 809 2834 854 ειι
2857 799 3016 854 Nunc
3029 800 3196 854 vultis
3213 813 3300 854 me
3312 799 3566 854 occidere

317 892 570 964 Χριστοῦο
602 911 622 944 ι
661 892 755 946 τιια)⁸
786 893 896 956 τὸ,ι
919 893 1031 946 Νῦν
1055 893 1113 948 δέ
1141 911 1210 964 με
1241 888 1424 946 θέλετέ
1451 895 1768 947 ἀποκτεῖναι
1793 895 1888 948 άν-

313 985 531 1054 Ορωπον
558 983 616 1046 ὃς
648 983 746 1054 τὴν
767 985 1021 1053 ἀλήθειαν
1046 986 1174 1055 ὑμῖν
1201 985 1473 1056 λελάληκα
1499 1001 1516 1017 ο
1555 1005 1574 1039 ι
1605 984 1890 1057 ἀνθρωπο-

317 1076 476 1129 τόκον
524 1075 705 1145 φύσει.
760 1078 854 1130 καλ⁹
903 1077 1031 1148 ἀξία
1064 1078 1428 1148 Χριστοτόκον
1463 1079 1633 1148 αὐτήν
1663 1095 1844 1149 φαμεν
1871 1094 1889 1112 ’

319 1163 347 1217 ὃ
381 1166 456 1234 μὴ
491 1165 875 1236 παρελάϐομεν
901 1167 961 1220 οὐ
995 1166 1418 1236 νομοθετοῦντες
1446 1167 1736 1238 προπετῶς
1769 1167 1892 1220 καθ’

250 1313 252 1316 ,
321 1257 486 1326 ὑμᾶς.
509 1257 640 1313 Ἐάν
673 1256 764 1310 οὖν
799 1258 889 1311 ὅτε
925 1259 1025 1329 μὲν
1054 1258 1352 1330 διαρρήδην
1379 1258 1512 1312 Θεὸν
1541 1259 1633 1312 τὸν
1658 1259 1894 1329 Χριστὸν

320 1347 663 1416 κυριολεκτεϊ
701 1347 768 1402 τὰ
798 1347 976 1416 λόγια,
1007 1347 1367 1419 ὲπεξηγεῑσθε
1393 1348 1488 1402 καὶ
1516 1348 1896 1418 μετεκλαμϐά-

325 1456 440 1492 νετε
487 1439 766 1504 αὐτολεξεὶ
810 1441 1121 1511 εἰρημένον,
1167 1443 1256 1495 ὅτε
1291 1441 1348 1494 δὲ
1391 1441 1498 1494 ἀπὸ
1535 1441 1897 1512 διανοήματος

323 1530 546 1599 συνάγει
571 1532 966 1603 συμπέρασμα,
1008 1534 1108 1587 οὐκ
1151 1533 1430 1601 αύτολεξεὶ
1472 1533 1750 1605 κείμενον,
1787 1528 1899 1588 οἷον

324 1621 416 1674 ἐπὶ
452 1624 551 1693 τῆς
589 1622 879 1688 Θεοτόκου,
919 1623 1043 1676 τότε
1080 1623 1418 1693 κυριολεξίαν
1460 1625 1764 1686 ἀπαιτεῖτε,
1805 1623 1900 1692 δῆο

1991 890 2272 944 hominem
2295 890 2391 960 qui
2419 889 2708 946 veritatem
2729 893 2951 946 locutus
2966 908 3088 946 sum
3104 892 3298 947 vobis:
3337 911 3355 942 ι
3384 891 3566 945 homi-

1992 980 2079 1035 nis
2099 989 2332 1036 matrem
2354 990 2573 1046 natura,
2604 981 2702 1038 sed
2751 983 3022 1052 dignitate
3083 983 3179 1038 Dei
3227 982 3567 1038 Genitricem

1993 1086 2115 1127 eam
2148 1071 2406 1140 dicimus,
2442 1072 2590 1144 quod
2623 1089 2733 1128 non
2781 1075 3120 1143 accepimus,
3173 1091 3286 1130 non
3329 1075 3568 1145 imponi-

1989 1181 2120 1221 mus
2139 1165 2400 1220 alacriter
2419 1165 2598 1221 vobis.
2623 1165 2680 1220 Si
2716 1182 2850 1220 vero
2881 1166 3027 1221 clare
3058 1169 3232 1222 Deum
3286 1166 3570 1222 Christum

1996 1256 2224 1327 proprie
2256 1255 2450 1310 dicunt
2480 1257 2785 1326 prophetae,
2815 1267 3038 1312 narrate
3066 1265 3125 1312 et
3169 1257 3404 1325 accipite
3443 1272 3567 1326 qua:

1998 1349 2145 1404 dicta
2176 1356 2304 1404 sunt
2339 1346 2579 1418 propriis
2629 1348 2833 1413 verbis,
2873 1363 2998 1403 cum
3056 1363 3156 1416 per
3218 1347 3571 1402 reﬂexionem

1999 1441 2299 1496 deducitur
2323 1441 2741 1510 consequentia,
2772 1455 2882 1494 non
2913 1439 3158 1510 propriis
3210 1438 3399 1493 verbis
3446 1439 3578 1492 sub-

1994 1531 2140 1604 jecta
2179 1531 2362 1602 qualis
2391 1531 2540 1586 circa
2567 1531 2795 1586 Matrem
2855 1531 2974 1598 Dei,
3013 1540 3146 1585 tunc
3195 1528 3476 1601 propriam
3505 1530 3580 1584 si-

2000 1622 2411 1694 gnificationem
2449 1623 2761 1692 requiritis,
2790 1622 3021 1678 evidens
3053 1630 3140 1677 est
3179 1622 3329 1692 quod
3387 1621 3578 1691 fugitis

324 1712 414 1767 λον
441 1713 517 1777 ὡς
543 1716 708 1768 παντὶ⁹
735 1717 920 1787 τρόπῳ
951 1716 1120 1787 μόνην
1139 1717 1237 1788 τὴν
1271 1716 1582 1787 ὀρθοδοείαν
1601 1715 1901 1787 δραπετεύ-

2014 1713 2175 1768 solam
2233 1710 2624 1766 orthodoxiam
2656 1711 2809 1766 omni
2840 1721 3030 1782 tropo;
3092 1711 3138 1766 si
3171 1726 3329 1776 vero,
3354 1710 3582 1765 realitcr

324 1821 412 1858 ετε
445 1821 459 1836 ·
505 1806 555 1858 εί
603 1807 713 1877 γὰρ
763 1803 858 1860 οὖν
893 1806 1062 1868 ὄντως
1111 1806 1139 1859 ὃ
1189 1805 1265 1878 μὴ
1317 1807 1496 1861 κεῖται
1535 1809 1652 1870 τοῖς
1697 1805 1901 1873 λογίοις

2014 1805 2148 1874 quod
2169 1820 2279 1858 non
2307 1805 2456 1876 jacet
2485 1804 2544 1859 in
2579 1804 2866 1874 prophetis
2887 1803 3155 1874 exprimi's
3207 1802 3414 1868 verbis,
3464 1817 3578 1855 non

329 1897 511 1968 ῥητῶς
543 1898 827 1985 ούδὲιύμίν
862 1901 980 1953 ὲστι
1024 1876 1261 1966 λεκτὸν,
1287 1899 1394 1952 οὐδ’
1443 1901 1531 1952 ὅτι
1582 1899 1901 1971 άρῤεύστως

2014 1896 2162 1951 vobis
2181 1905 2265 1951 est
2299 1895 2658 1961 dictum,nec
2711 1895 2859 1964 quod
2883 1910 2992 1950 non
3029 1895 3348 1949 transitorie
3390 1892 3582 1964 genuit

327 1989 584 2059 ἐγέννησε
613 1991 705 2044 τὸν
724 1992 895 2060 Λόγον
922 1992 951 2044 ὁ
976 1990 1184 2062 Πατὴρ,
1213 1989 1322 2043 οὐδ’
1353 1991 1434 2044 ὅτι
1458 1991 1698 2061 ὁμοφυὲς
1725 1991 1902 2061 [kept

2014 1989 2246 2045 Verbum
2278 1989 2464 2051 Pater,
2507 2003 2615 2044 nec
2639 1987 2786 2058 quod
2812 1986 3309 2042 consubstantialis
3356 1985 3500 2040 Patri
3527 1992 3584 2039 et

330 2083 423 2136 καὶ
465 2082 578 2152 Υίῷ
620 2083 682 2136 τὸ
729 2083 883 2151 ἅγιον
921 2081 1169 2152 Πνεῦμα,
1201 2081 1312 2136 οὐδ’
1349 2082 1434 2136 ὅτι
1471 2081 1531 2135 τὸ
1555 2081 1668 2153 πῦρ
1691 2083 1724 2135 ὁ
1770 2082 1904 2146 Θεὸς

2015 2082 2160 2136 Filio
2183 2082 2425 2152 Spiritus
2449 2090 2698 2161 sanctus.
2727 2095 2831 2134 nec
2857 2079 3004 2149 quod
3037 2080 3218 2150 ignem
3251 2079 3396 2133 Deus
3425 2092 3584 2132 crea-

2002 2173 2103 2238 vit,
2129 2174 2215 2228 vel
2250 2189 2458 2239 aerem,
2484 2189 2588 2228 nec
2619 2172 2765 2242 quod
2798 2172 3055 2226 tenebras
3083 2187 3192 2226 non
3213 2169 3443 2232 creavit,
3475 2183 3582 2222 nec

2006 2267 2155 2336 quod
2186 2268 2452 2322 mortales
2475 2275 2606 2321 sunt
2631 2265 2992 2320 formicarum
3017 2273 3072 2318 et
3088 2279 3385 2319 cancerum
3408 2271 3466 2316 et
3496 2264 3586 2316 in-

2007 2369 2286 2414 sectarum
2320 2360 2556 2412 aliarum
2593 2359 2814 2430 animm,
2845 2367 2906 2412 et
2925 2357 3032 2412 alia
3089 2357 3284 2420 millia,
3317 2372 3350 2410 ο
3378 2370 3500 2418 vos,
3528 2362 3587 2407 ut

2007 2451 2191 2506 omnia
2235 2452 2344 2506 alia
2385 2452 2710 2506 omittamus
2774 2450 2955 2513 vobis,
2994 2456 3057 2503 et
3092 2447 3170 2502 illi
3201 2447 3297 2516 qui
3345 2445 3586 2500 hominis

2009 2553 2241 2599 matrem
2273 2543 2361 2598 vel
2389 2543 2597 2598 Christi
2639 2542 2869 2598 Matrem
2896 2558 3022 2596 eam
3060 2539 3388 2611 prophetiee
3423 2551 3590 2591 voca-

2010 2633 2166 2697 bant,
2201 2632 2296 2688 ubi
2321 2633 2482 2688 vobis
2523 2633 2888 2688 ostendemus
2939 2632 3047 2686 hoc
3096 2630 3304 2684 dictum
3337 2628 3393 2682 in
3435 2641 3590 2680 sacra

2012 2727 2300 2796 Scriptura
2328 2725 2396 2780 de
2423 2732 2619 2780 saneta
2658 2723 2924 2794 Virgine?
2959 2721 3015 2776 Si
3069 2720 3268 2775 nullibi
3312 2719 3594 2787 sapienter

2011 2819 2195 2889 fugam
2220 2817 2471 2888 capietis,
2487 2816 3154 2885 ulteriusprosequentes
3175 2812 3447 2866 eaderetis
3467 2807 3594 2869 ςεεά
3683 2836 3692 2840 -

2011 2911 2060 2966 si
2075 2925 2176 2966 nec
2206 2910 2450 2976 isto,uec
2467 2909 2578 2963 alio
2597 2908 2822 2962 nomine
2834 2906 2982 2960 illam
3001 2902 3279 2975 designari
3303 2899 3594 2956 intenditis

329 2173 564 2240 ἔκτισεν,
598 2174 630 2244 ἢ
669 2174 759 2228 τὸν
790 2175 928 2246 ἀέρα
965 2191 978 2204 ·
1018 2173 1127 2228 οὐδ’
1163 2174 1247 2226 ὃτι
1279 2173 1469 2236 σκότος
1499 2172 1600 2226 οὐκ
1652 2172 1901 2234 ἔκτισεν.

328 2267 438 2322 οὐδ’
465 2268 548 2322 ὅτι
579 2266 771 2338 θνηταὶ
800 2267 910 2320 τῶν
947 2267 1198 2338 ἀναίμων
1247 2266 1555 2336 μυρμήκων
1587 2264 1680 2319 καὶ
1709 2264 1906 2334 καρκίς

330 2379 436 2416 νων
461 2363 556 2416 καὶ
587 2362 814 2432 σφηκῶν
853 2362 950 2418 καὶ
977 2361 1182 2420 λοιπῶν
1211 2363 1268 2416 ai
1315 2360 1506 2431 ψυχαὶ,
1541 2359 1642 2413 καὶ
1673 2359 1745 2413 τά
1769 2359 1905 2414 ἄλλα

333 2452 520 2523 μυρία,
553 2445 598 2504 ὦ
627 2447 771 2507 οὗτοι
807 2468 820 2482 ·
865 2451 1002 2523 πλὴν
1027 2452 1115 2506 ἵνα
1147 2453 1326 2506 πάντα
1357 2451 1487 2521 ὑμῖν
1519 2450 1779 2521 ἀφῶμεν,
1810 2453 1906 2505 acati.

331 2543 488 2598 αὐτοὶ
515 2544 930 2616 άνθρωποτόκον
960 2544 992 2615 ἢ
1028 2545 1392 2616 Χριστοτόκον
1432 2544 1603 2614 αὐτὴν
1629 2542 1909 2596 θισπιστι-

333 2637 446 2703 κῶς
475 2639 904 2701 ἀποκαλοῦντες,
935 2635 1038 2690 ποῦ
1070 2639 1204 2707 ἡμῖν
1232 2636 1432 2700 δείξετε
1464 2636 1627 2690 τοῦτο
1653 2635 1908 2705 κείμενον

333 2732 394 2784 ἐν
416 2732 483 2800 τῇ
525 2730 662 2802 ἁγίᾳ⁸
693 2729 888 2802 Γραφῇ
922 2732 1050 2798 περ).
1077 2728 1177 2797 τῆς
1205 2728 1371 2796 ἁγίας
1392 2725 1718 2799 -Παρθένου;
1757 2727 1820 2779 Ei
1853 2726 1911 2780 δὲ

335 2821 592 2892 οὐδαμοῦ,
628 2823 814 2891 σαφῶς
842 2821 1124 2892 ὂ-φεύγειν
1173 2819 1580 2892 προσποιεῖσθε,
1625 2817 1912 2880 διώκοντες

339 2916 720 2987 κατελήφθητε
755 2931 769 2944 ·
807 2916 858 2968 εί
903 2916 961 2971 δὲ
993 2914 1130 2986 μηδὲ
1178 2914 1353 2986 τούτῳ
1418 2914 1555 2985 μηδὲ
1602 2913 1748 2984 ἄλλῳ
1797 2911 1914 2964 ὀνό-

340 3025 472 3077 ματι
521 3009 696 3078 αὐτὴν
751 3008 1183 3080 προσαγορεύειν
1230 3008 1607 3080 ὲπιτηδεύοιτε
1657 3007 1766 3062 ἀπὸ
1815 3005 1912 3060 τοῦ

2015 3017 2047 3058 a
2083 3009 2245 3070 partu
2275 2998 2549 3064 derivato,
2575 2999 2661 3052 vel
2684 2997 2730 3052 si
2747 2997 2963 3051 nullam
2982 2994 3252 3049 habentes
3275 2990 3594 3060 opinionem

337 3099 498 3153 τόκου
532 3100 1044 3172 παρωνομασμένῳ,
1078 3099 1112 3170 ἢ
1143 3098 1264 3152 οὐδὲ
1287 3097 1535 3161 νοοῦντες
1567 3115 1620 3150 τι
1657 3097 1788 3168 περὶ
1817 3095 1912 3150 τοῦ

2017 3089 2164 3146 circa
2197 3086 2626 3150 maternitatem,
2651 3083 2929 3155 quomodo
2946 3082 3016 3136 de
3063 3080 3132 3136 iis
3154 3094 3276 3148 quas.
3330 3075 3597 3148 ignoratis

337 3165 640 3262 τεχθέντος,
681 3165 776 3244 καί
809 3165 927 3254 πῶς
958 3165 1193 3262 περὶ-ὧν
1231 3192 1332 3246 οὐκ
1374 3189 1487 3244 ίστε
1522 3165 1915 3262 δογματίζετε;

2020 3179 2444 3252 dogmatisatis?
2471 3178 2569 3235 Vel
2603 3179 2650 3233 si
2710 3171 3282 3247 cogitantesquidem,
3311 3165 3600 3224 erubesci-

342 3282 412 3333 Ἦ
443 3279 690 3342 νοοῦντες
717 3281 842 3350 μὲν,
877 3280 1186 3351 αἰδούμενοι
1212 3281 1272 3334 δὲ
1300 3279 1368 3334 τὰ
1394 3282 1569 3334 οἰκεῖα
1594 3283 1920 3350 φρονήματα

339 3371 428 3425 διὰ
458 3372 553 3426 τοῦ
591 3373 928 3444 προφορικοῦ
963 3373 1123 3442 λόγου
1169 3372 1535 3445 θριαμϐεῦσαι
1572 3373 1726 3442 ημῖν,
1761 3369 1920 3425 τοῦτο

342 3463 582 3535 πάσχετε
607 3481 622 3529 ;
665 3464 854 3534 Ἡμεῖς
879 3465 936 3518 δὲ
969 3467 1111 3520 κατὰ
1137 3467 1226 3519 τὸν
1273 3465 1617 3526 Ἀπὸστολον,
1644 3463 1920 3535 εὐχόμεθα

272 3600 276 3604 ,
345 3555 443 3609 σὺν
467 3555 588 3626 Θεῷ
615 3557 1088 3628 παρρησιάζεσθαι
1121 3558 1182 3611 ὲν
1221 3556 1300 3626 τῷ
1340 3555 1678 3626 Εὑαγγελίῳ,
1736 3553 1919 3618 καθὼς

343 3649 426 3702 δεῖ
452 3648 686 3718 λαλῆσαι
713 3666 730 3683 ο
772 3651 830 3703 οὺ
858 3649 968 3722 γάρ
997 3648 1444 3720 ὲπαισχυνόμεθα
1481 3647 1560 3718 τῷ
1605 3644 1920 3716 Εὐαγγελίῳ

347 3736 584 3807 Χριστοῦ
612 3755 626 3770 ·
680 3737 910 3809 δύναμις
968 3738 1078 3810 γάρ
1128 3737 1264 3791 Θεοῦ
1325 3738 1476 3792 ἐστὶν
1520 3737 1602 3801 είς
1647 3734 1920 3806 σωτηρίαν

348 3828 515 3884 παντὶ
544 3826 624 3901 τῷ
659 3829 990 3886 πιστεύοντι.
1492 3839 1495 3842 ’

2029 3275 2101 3328 tis
2123 3271 2378 3342 proprias
2426 3268 2733 3324 sententias
2759 3265 2910 3321 circa
2952 3262 3195 3319 Verbum
3243 3257 3598 3315 enuntiatum

2027 3363 2440 3434 triumphaliter
2468 3361 2631 3416 nobis
2656 3360 2864 3422 dicere,
2919 3371 2991 3412 an
3037 3354 3156 3409 haec
3207 3349 3463 3407 sentitis?
3488 3347 3602 3402 Nos

2022 3448 2157 3512 vero
2183 3453 2485 3511 secundum
2509 3453 2856 3523 Apo‘stolum,
2893 3463 3117 3504 oramus
3136 3445 3306 3500 Deum
3336 3453 3397 3497 ut
3425 3441 3600 3495 libere

2026 3548 2277 3605 dicamus
2323 3547 2380 3602 in
2433 3545 2752 3614 Evangelia,
2795 3543 2941 3598 sicut
2993 3538 3145 3608 loqui
3175 3543 3413 3607 oportet,
3471 3548 3601 3586 nam

2025 3654 2137 3694 non
2167 3637 2551 3694 erubescimus
2574 3634 2935 3704 Evangelium
2975 3629 3204 3693 Christi,
3233 3627 3414 3682 virtus
3452 3622 3604 3678 enim

2026 3733 2124 3790 Dei
2150 3732 2207 3788 in
2231 3732 2466 3788 salutem
2485 3730 2638 3786 omni
2668 3726 2946 3785 credenti.

353 3985 3537 4031 __________________________________________________.__.

1730 4121 2097 4230 ΛΟΓΟΣ
2167 4139 2264 4227 E'.

353 4316 637 4388 Πέμπτος
687 4311 888 4370 αὐτῶν
937 4309 1232 4377 ἀσεϐείας
1285 4308 1616 4380 ἕκφισσις,
1661 4307 1929 4377 ἀνοιδην
1995 4305 2113 4375 τὴν
2143 4302 2420 4376 φυσικὴν
2462 4300 2717 4369 θεότητα
2785 4293 3179 4365 ἀρνουμένων
3212 4286 3470 4360 Χριστοῦ
3500 4284 3617 4341 τοῦ

1643 4401 1937 4474 ἀληθινοῦ
1968 4401 2116 4456 Θεοῦ
2146 4396 2338 4471 ἡμῶν.

1703 4684 2056 4776 LIBER
2144 4684 2274 4772 Va

541 4865 750 4932 Quintae
788 4861 1478 4934 impietatis-demonstratio
1505 4859 1814 4931 negantium
1842 4855 2173 4927 impudenter
2201 4861 2453 4928 naturam
2485 4850 2720 4904 diuinam
2742 4844 2949 4901 Christi
2969 4843 3084 4897 meri
3106 4839 3210 4893 .Dei
3231 4838 3424 4892 nostri.

894 5104 1283 5158 ΚΕΦΑΓΑΙΟΝ
1337 5107 1416 5159 A'.

437 5202 576 5256 Πότε
600 5197 716 5266 οὖν,
746 5199 900 5268 φασὶ,
921 5197 984 5250 τὸ
1015 5197 1135 5252 ὅλον
1151 5198 1268 5251 ῐστε
1305 5196 1543 5268 Χριστοῦ
1576 5197 1708 5250 Θεόν
1729 5215 1743 5260 ς
1767 5197 1943 5261 Εὐθὺς

371 5295 480 5350 ἀπὸ
516 5293 608 5347 τοῦ
644 5291 898 5362 τόκουςῆ
933 5291 1072 5360 μετὰ
1098 5293 1196 5364 τὴν
1243 5293 1538 5345 ἀνάστασιν
1553 5307 1572 5356 Δ;
1597 5291 1651 5345 εί
1689 5291 1798 5361 γάρ
1835 5290 1943 5344 ἀπὸ

372 5388 681 5458 γεννήσεως
709 5384 890 5450 εὐθὺς,
928 5385 1024 5438 καὶ
1052 5383 1238 5454 ἀπαθῆ
1264 5382 1374 5454 ἄρα
1401 5383 1498 5436 καὶ
1545 5382 1813 5436 ἀθάνατον
1855 5381 1944 5436 ἀεὶ

377 5481 491 5535 ίστε
517 5479 610 5534 τὸν
643 5480 909 5552 Χριστόν;
938 5478 1021 5541 τίς
1055 5472 1149 5531 οῦν
1195 5475 1364 5529 ἔπαθε
1419 5475 1514 5528 καὶ
1563 5474 1804 5528 ἀπέθανε
1853 5473 1946 5526 καὶ

373 5574 549 5642 ἐτάφη
583 5573 678 5627 καὶ
706 5573 774 5627 τὰ
801 5571 964 5626 λοιπὰ
986 5568 1304 5641 ἀνθρώπινα
1341 5567 1587 5638 tineam;
1618 5567 1682 5620 Ει
1715 5566 1790 5637 μὴ
1815 5584 1952 5635 φανι-
2000 5637 2011 5646 .

375 5666 539 5720 τασία
568 5661 637 5738 ἦν
672 5664 740 5718 τὰ
769 5665 1038 5733 λεγόμενα
1068 5663 1200 5733 περὶ
1234 5659 1471 5734 Χριστοῦ
1497 5677 1510 5690 ·
1548 5661 1598 5714 εί
1625 5659 1681 5714 δὲ
1711 5661 1813 5713 οὐκ
1843 5660 1952 5713 ἀπὸ

373 5755 537 5810 τόκου
567 5752 634 5828 ἦν
661 5755 722 5810 τὸ
753 5756 872 5810 ὅλον
901 5754 1140 5824 Χριστοῦ
1173 5753 1306 5818 Θεὸς
1355 5753 1414 5821 ἐξ
1463 5753 1663 5826 ἀρχῆς,
1709 5749 1777 5825 ἦν
1828 5753 1948 5807 καθ’

2559 5102 2782 5158 CAPUT
2817 5098 3102 5155 PRIMUM.

2115 5196 2348 5266 Quando
2391 5195 2580 5267 igitur,
2641 5193 2921 5264 inquiunt,
2949 5191 3138 5259 nostis
3183 5187 3423 5258 denique
3479 5186 3622 5243 divi-

2039 5293 2278 5348 nitatem
2296 5287 2550 5345 C'hristi?
2576 5287 2775 5342 Statim
2803 5299 2835 5337 a
2861 5281 3185 5338 nativitate?
3209 5296 3282 5336 an
3303 5287 3552 5350 postresu
3563 5295 3616 5332 r-

2042 5384 2387 5443 rrectionem?
2414 5383 2470 5439 Si
2502 5381 2672 5452 igitur
2694 5378 2930 5434 statima
2957 5375 3272 5437 nativitate,
3293 5371 3624 5442 etv-impassi-

2043 5477 2216 5532 bilem
2235 5473 2462 5546 quidem
2495 5481 2552 5528 et
2581 5469 2948 5526 immortalem
3001 5479 3220 5535 semper
3253 5462 3432 5518 nostis
3462 5460 3624 5517 Chri-

2047 5575 2216 5630 stum;
2243 5563 2370 5634 quis
2395 5560 2546 5618 enim
2575 5573 2794 5640 "passus
2811 5566 2916 5622 est,
2941 5570 2996 5611 et
3035 5563 3286 5609 mortuus
3337 5563 3424 5608 est
3451 5560 3508 5606 et
3537 5565 3612 5605 se-

2050 5657 2237 5726 pitltus
2253 5663 2337 5711 est
2355 5664 2412 5710 et
2427 5635 2630 5711 caetera
2640 5653 2876 5717 humana
2893 5647 3120 5714 subivit,
3140 5647 3185 5702 si
3209 5659 3318 5700 non
3345 5652 3474 5699 sunt
3491 5643 3625 5696 ima-

2042 5749 2262 5820 ginaria
2288 5763 2412 5819 quae
2455 5747 2720 5816 dicuntur
2748 5735 3198 5810 de1~Christo?'Si
3243 5751 3374 5792 vero
3427 5749 3537 5788 non
3564 5747 3621 5786 ιιι

366 5851 522 5930 ,ὑμᾶς
555 5823 644 5905 ὅτε
679 5851 779 5905 οῦκ
813 5843 880 5920 ἦν
925 5823 1043 5911 ὅλος
1079 5847 1212 5912 Θεὸς
1251 5850 1280 5903 ὁ
1313 5823 1516 5920 Αδγοςξ
1540 5823 1805 5901 θελλλετδ
1830 5846 1916 5902 ὃλο

2053 5841 2340 5898 nativitate
2376 5846 2494 5897 erat
2519 5835 2748 5894 omnino
2773 5834 2981 5892 Christi
3034 5829 3300 5888 diuinitas
3331 5843 3364 5882 a
3409 5823 3619 5898 princi-
