4006 6562
447 429 583 503 1723

1711 442 2026 508 LEONTII
2061 441 2474 508 ΒῨΖΛΝΤΙΝῙ
2558 445 2572 462 ⁸

3511 385 3522 392 ’
3597 433 3739 502 1m

447 549 562 618 pio,
590 547 693 603 fuit
715 561 816 619 pro
837 549 1002 606 nobis
1026 558 1246 624 tempus
1267 567 1381 624 quo
1407 552 1642 610 verbum
1666 571 1777 610 non
1803 564 1922 610 erat
1949 571 2036 610 ve-

2145 555 2382 625 Χριστοῦ
2421 554 2511 610 ἀεί
2555 569 2617 608 τε
2645 550 2799 620 Θεὸν,
2828 547 2920 607 διὰ
2963 548 3058 606 τὸν
3112 547 3365 622 ἒνάύτῷ
3409 551 3590 621 Λόγον
3641 555 3737 606 καὶ

448 654 509 694 re
533 640 700 705 Deus,
727 640 821 697 sed
841 641 1432 710 Christi,-divinitatem
1445 648 2024 718 completamsemper,

445 740 504 786 et
529 731 930 789 humanitatem
988 750 1089 806 per
1132 738 1374 794 Verbum
1432 741 1502 796 de
1545 741 1731 812 seipso
1768 742 2027 797 novimus

445 830 504 875 et
524 822 851 892 simpliciter
878 825 1045 880 Verbi
1090 829 1292 895 solum,
1328 846 1547 902 semper
1570 833 1741 887 Deum
1787 834 2028 904 comple-

445 919 563 968 tum
594 924 655 970 ut
678 917 862 973 Verbi.
895 917 1320 985 Quandoautem
1342 924 2023 995 apprehenditChristum,

445 1022 612 1076 quam
660 1017 856 1064 vocant
879 1020 1131 1067 naturam
1156 1014 1452 1070 humanam
1483 1018 1759 1073 aestimant
1796 1018 2026 1089 gloriam

447 1107 505 1153 ct
526 1099 784 1170 gratiam,
814 1102 1172 1173 adoptionem
1202 1106 1424 1178 dignam
1451 1107 1663 1165 honore
1716 1108 1931 1173 divino,
1965 1120 2028 1166 et

373 1219 377 1224 ι
447 1205 646 1245 nomen
675 1193 821 1264 quod
844 1203 929 1250 est
960 1211 1130 1267 super
1153 1213 1316 1255 omne
1345 1216 1569 1257 nomen.
1595 1203 1619 1256 ?
1643 1200 1767 1258 Hac
1785 1203 2028 1258 fatentur

445 1296 512 1336 ex
537 1283 816 1354 principio
851 1288 1038 1342 statim
1079 1305 1110 1343 a
1139 1293 1508 1362 conceptione
1533 1294 1676 1364 ejus.
1699 1304 1902 1365 etquae
1942 1303 2029 1350 est

448 1375 660 1430 utilitas
693 1375 925 1433 istorum
961 1396 1283 1452 magnorum
1303 1384 1580 1440 donorum
1609 1402 1712 1442 nec
1749 1385 2029 1457 passionis

447 1478 553 1520 nec
580 1463 890 1531 dedecoris,
917 1486 1020 1526 nec
1051 1473 1247 1528 mortis
1269 1489 1398 1529 eum
1431 1476 1791 1532 eximentium
1810 1479 1833 1531 ?
1852 1478 1920 1533 Et
1952 1480 2027 1533 sit

2129 639 2417 710 ἄνθρωπον
2451 641 2609 712 ίσμεν
2632 655 2648 672 ⁶
2695 639 2792 695 τοῦ
2825 641 2884 694 δὲ
2920 639 3122 704 ἁπλῶς
3153 639 3327 708 Λόγου
3356 640 3544 710 μόνον,
3601 640 3740 693 Θεὸν

2127 732 2215 785 ἀεὶ
2254 733 2316 786 τὸ
2344 733 2467 786 όλον
2500 732 2578 797 ὡς
2615 733 2785 802 Λόγου
2811 748 2826 764 ·
2864 732 2996 787 πότε
3029 731 3074 786 δ’
3111 727 3205 786 οὖν
3237 731 3335 786 καὶ
3361 732 3520 785 αὐτοὶ
3545 731 3742 785 λαϐεῖν

2124 821 2220 876 τὸν
2242 823 2495 895 Χριστὸν,
2527 823 2588 878 6v
2611 839 2777 893 φασιν
2809 823 3104 893 ἄνθρωπον
3132 822 3234 896 τὴν
3283 821 3473 892 φύσιν,
3524 823 3740 895 οἷον-ιιιι

2127 913 2286 978 δόξαν
2339 916 2430 968 καὶ
2482 914 2680 985 χάριν,
2754 913 3031 968 υἱοθεσίαν
3102 931 3161 967 τε
3229 914 3326 968 καὶ
3398 913 3564 978 ἀξίαν
3637 915 3740 982 τῆς

2130 1004 2282 1069 θείας
2309 1005 2477 1076 τιμῆς
2503 1006 2600 1060 καὶ
2626 1005 2801 1077 ὄνομα
2830 1006 2893 1060 τὸ
2927 1006 3069 1078 ὑπὲρ
3116 1008 3228 1060 πᾶν
3273 1006 3448 1077 όνομα
3480 1023 3497 1073 ;
3543 1005 3740 1060 Ταῦτα

2129 1097 2240 1167 γὰρ
2292 1096 2650 1167 ὁμολογοῦσιν
2703 1098 2762 1163 ἐξ
2812 1097 2990 1170 ἀρχῆς
3039 1097 3202 1161 εὐθὺς
3247 1097 3356 1151 ἀπὸ
3407 1097 3739 1166 συλλήψεως

2131 1186 2282 1258 αύτῷ
2312 1203 2328 1220 ο
2380 1187 2476 1241 καὶ
2509 1186 2594 1252 τίς
2645 1189 2680 1260 ή
2735 1187 2922 1260 ὄνησις
2973 1186 3144 1240 τῶνδε
3174 1186 3284 1240 τῶν
3330 1187 3594 1256 μεγάλων
3631 1185 3736 1239 δω-

2132 1279 2294 1352 ρεῶν,
2328 1280 2452 1334 οὐδὲ
2488 1280 2693 1345 πάθους
2721 1279 2844 1334 οὐδὲ
2873 1280 3102 1350 ἀτιμίας
3141 1279 3265 1334 οὐδὲ
3298 1279 3535 1334 θανάτου
3567 1279 3738 1333 αὑτὸν

2128 1372 2571 1443 ὲξαιρουμένωνς
2612 1372 2722 1426 Καὶ
2757 1373 2928 1427 είσέτι
2973 1374 3082 1442 γὰρ
3125 1371 3212 1443 είη
3241 1371 3508 1443 παθητὸς,
3539 1373 3594 1424 εἰ
3631 1388 3741 1440 μη-

2127 1461 2217 1514 δὲν
2242 1461 2408 1516 πλέον
2439 1464 2784 1535 ἐπεκτήσατο
2822 1463 2938 1526 νῦν,
2970 1462 3004 1535 ἢ
3050 1463 3225 1534 ἑτέρῳ
3255 1463 3363 1516 τινὶ
3392 1461 3493 1516 καὶ
3515 1462 3589 1516 δι’
3618 1461 3738 1514 ut.

448 1554 636 1612 adhuc
663 1558 967 1627 passibilis,
992 1561 1038 1616 si
1093 1563 1231 1619 nihil
1257 1566 1498 1637 amplius
1523 1585 1673 1624 nunc
1699 1569 1920 1639 adjecit,
1941 1571 2028 1626 vel

2137 1571 2226 1624 ρου
2292 1554 2481 1610 παθὼν
2530 1555 2654 1610 τότε
2680 1595 2694 1621 ,
2761 1554 3048 1626 ἐλεύθερος
3087 1554 3280 1625 γέγονε
3329 1554 3546 1610 παθῶν.
3637 1553 3737 1616 Τίς

449 1648 634 1719 aliqua
665 1666 746 1714 re,
779 1662 838 1707 et
889 1655 958 1710 ab
989 1656 1184 1726 aliquo
1234 1668 1367 1715 tunc
1423 1661 1663 1732 patiens,
1718 1663 1895 1719 factus
1944 1671 2031 1720 est

2137 1642 2222 1700 οὖν
2251 1646 2280 1700 6
2305 1647 2447 1720 ὑπὲρ
2475 1646 2713 1715 Χριστοῦ
2740 1649 2834 1702 καὶ
2883 1647 3044 1720 ἡμῶν
3099 1646 3309 1712 παθὼν,
3362 1647 3688 1717 λεγέτωσαν
3717 1662 3733 1677 ·

450 1739 592 1796 liber
617 1757 647 1796 a
673 1742 985 1804 doloribus.
1029 1748 1166 1816 Quis
1225 1751 1397 1822 igitur
1437 1769 1604 1824 supra
1652 1753 1938 1812 Christum
1973 1766 2031 1813 et

2137 1740 2181 1792 εί
2209 1739 2267 1793 δὲ
2311 1740 2451 1810 μετὰ
2472 1740 2573 1810 τὴν
2596 1740 2896 1794 ἀνάστασιν
2937 1739 3114 1794 ταῦτα
3161 1739 3342 1811 ἔσχεν,
3390 1734 3427 1811 ἦ
3478 1739 3594 1810 ἄρα
3645 1738 3737 1791 ὅτε

448 1847 554 1888 nos
576 1835 810 1902 patiens,
844 1837 1076 1906 diceret,
1119 1843 1164 1898 si
1191 1852 1316 1913 post
1347 1852 1350 1855 ’
1381 1847 1850 1904 resurrectionem
1906 1849 2025 1904 hac

2137 1831 2237 1884 οὐκ
2258 1825 2350 1902 ἦν,
2378 1831 2504 1886 οὐδὲ
2537 1833 2597 1886 ὲν
2626 1833 2692 1903 τῇ
2747 1833 2888 1886 κατά
2945 1834 3106 1904 χάριν
3154 1830 3401 1904 υἱοθεσία
3448 1832 3547 1886 καὶ
3593 1833 3733 1902 τιμῇ

449 1924 634 1979 locum
664 1926 1003 1993 habuerunt,
1045 1943 1166 1987 erat
1188 1948 1324 2002 ergo
1345 1935 1568 2004 quando
1593 1952 1701 1991 non
1727 1947 1870 2002 erat,
1920 1954 2025 1994 nec

2137 1921 2222 1975 καὶ
2255 1921 2384 1995 ἀξίᾳ
2413 1921 2482 1994 ἢν
2526 1939 2661 1993 φασι
2694 1939 2711 1956 ο
2746 1924 2842 1978 καὶ
2863 1925 2985 1978 τότε
3028 1925 3095 1996 δὴ
3136 1924 3258 1978 τότε
3311 1924 3591 1987 παντοίως
3637 1923 3736 1992 qa-

449 2015 506 2070 in
541 2015 902 2088 adoptionem
948 2023 1255 2078 secundum
1294 2027 1548 2097 gratiam,
1591 2042 1696 2082 nec
1743 2028 1796 2082 in
1851 2029 2027 2084 bono-

2137 2011 2378 2066 λώτατον
2429 2013 2596 2068 αύτδν
2626 2014 3026 2086 ἀποφαίνουσιν
3063 2015 3352 2086 ἄνθρωπον
3381 2015 3508 2070 καθ’
3538 2015 3695 2086 ἡμᾶς
3716 2033 3731 2048 ο

451 2124 590 2173 rem.
621 2111 1134 2184 necindignitatem
1169 2107 1571 2186 quanulicunt,
1596 2130 1653 2176 et
1678 2127 1813 2176 tunc
1869 2121 2029 2192 equi-

2137 2105 2244 2175 ἄρα
2286 2103 2385 2160 οὖν
2422 2105 2544 2160 οὐδὲ
2583 2106 2726 2160 κατὰ
2757 2106 2856 2177 τὴν
2881 2106 3098 2162 οἱανοῦν
3127 2108 3404 2162 οἰκείωσιν
3444 2107 3478 2178 ἢ
3521 2108 3736 2174 ἀναφοο

450 2199 576 2256 dem
600 2212 731 2259 tunc
767 2205 1072 2261 ostendunt
1120 2223 1252 2263 eum
1299 2209 1445 2266 inter
1483 2226 1584 2267 nos
1625 2221 1688 2267 ut
1741 2212 2028 2270 hominem

2137 2196 2234 2268 ρὰν
2276 2196 2347 2251 τὰ
2382 2198 2464 2261 είς
2533 2197 2697 2252 αὑτὸν
2753 2197 3021 2270 γινόμενα
3077 2199 3222 2264 τότε,
3269 2199 3352 2263 είς
3410 2199 3504 2252 τὸν
3555 2199 3738 2267 Λόγον

449 2293 716 2349 omnibus
737 2297 938 2352 modis.
969 2297 1475 2368 Simplicissimum
1537 2303 1715 2374 igitur
1777 2320 1890 2360 non
1942 2321 2032 2361 se-

2137 2289 2494 2361 ἀνατρέχουσι
2520 2305 2536 2322 ο
2571 2293 2667 2346 καὶ
2709 2291 2829 2355 πῶς
2865 2291 3198 2359 τδ,Ἐαυτδν
3233 2293 3572 2346 ἐταπείνωσε
3605 2306 3740 2363 μορ-

449 2383 696 2440 cundum
721 2388 1044 2443 rationalem
1105 2391 1616 2461 appropriationem
1653 2396 1740 2450 vel
1800 2397 2032 2467 amplio-

2137 2381 2243 2453 φὴν
2267 2381 2455 2436 δούλου
2477 2382 2683 2449 λαϐὼν,
2729 2384 2761 2435 6
2787 2383 2963 2454 Λόγος
3019 2386 3261 2456 εἴρηται,
3309 2383 3405 2439 καὶ
3462 2385 3742 2455 αἰσχύνης

453 2491 571 2531 rem
602 2493 728 2547 qua:
754 2480 810 2534 in
866 2479 989 2551 ipso
1014 2490 1167 2547 gesta
1210 2492 1341 2538 sunt
1399 2484 1534 2539 olim
1580 2486 1907 2544 referuntur
1961 2488 2032 2545 ad

2137 2474 2364 2530 θάνατον
2414 2478 2880 2550 καταφρονήσας;
2915 2478 3040 2541 Πῶς
3061 2479 3120 2533 δὲ
3169 2480 3264 2534 καὶ
3314 2477 3399 2544 τδ,
3446 2497 3466 2530 ι
3509 2480 3574 2533 El
3629 2481 3744 2552 γὰρ

451 2567 717 2634 Verbum,
740 2572 1084 2641 etquomodo
1112 2571 1357 2632 Verbum
1378 2577 1618 2633 dicitur:
1651 2597 1671 2632 ι
1705 2578 2025 2637 Exinanivit

2137 2564 2505 2634 Εγνωσαν,ούκ
2534 2569 2601 2624 ἂν
2627 2569 2717 2624 τὸν
2744 2567 2951 2641 Κύριον
2973 2570 3069 2641 τῆς
3091 2570 3253 2643 δόξης
3281 2570 3671 2642 έσταύρωσανς
3712 2592 3734 2626 ι

452 2659 697 2730 seipsum
733 2661 962 2718 formam
993 2666 1137 2722 servi
1153 2667 1458 2738 accipiens,
1492 2687 1510 2721 ι
1533 2672 1871 2742 contempsit
1891 2689 2036 2728 mor-

2137 2658 2251 2713 Καὶ
2273 2660 2391 2725 πῶς
2422 2661 2776 2729 τότε,τὸ,‹Σὺ
2805 2659 2858 2717 el
2885 2663 2914 2716 6
2940 2663 3068 2728 Υἱὸς
3097 2664 3194 2719 τοῦ
3223 2663 3360 2718 Θεοῦ
3388 2664 3486 2718 τοῦ
3505 2663 3737 2730 ζῶντος,

454 2756 564 2802 tem
595 2750 953 2819 pudendam?
1002 2763 1061 2810 et
1111 2757 1393 2827 quomodo
1440 2759 1548 2816 hoc
1601 2762 1884 2819 verbum:
1935 2764 2036 2821 «Si

2137 2751 2242 2806 ὑπὸ
2265 2753 2475 2825 Πέτρου
2515 2754 2882 2826 ὡμολογεῖτος
2919 2775 2938 2810 ι
2974 2758 3109 2822 Καὶ,
3149 2777 3168 2810 ι
3208 2757 3281 2812 Σὺ
3303 2752 3356 2812 εἴ
3394 2760 3423 2811 6
3470 2759 3606 2813 Υἱός
3633 2776 3737 2829 μου

453 2841 870 2910 cognovissent,
917 2861 1205 2918 nunquam
1263 2849 1560 2906 Dominum
1606 2853 1797 2924 gloriae
1855 2857 2036 2912 cruci-

2137 2841 2167 2895 6
2195 2842 2480 2913 ἀγαπητδς
2508 2844 2568 2898 ὲν
2590 2835 2635 2913 ᾧ
2679 2845 2972 2917 εὐδόκησα,
3009 2865 3030 2898 ι
3059 2845 3166 2900 ὑπὸ
3197 2845 3290 2900 τοῦ
3319 2846 3532 2919 Πατρός
3561 2849 3743 2919 ἐμαρ-

453 2930 704 2987 ﬂxissent
727 2943 755 2971 ιι
779 2934 828 2988 ’ἶι
841 2945 898 2991 et
915 2939 1196 3006 quomodo
1214 2948 1346 2996 tunc
1376 2942 1493 2999 haec
1509 2959 1836 3015 responsum
1852 2947 1994 3003 Petri
2019 2964 2036 3004 :

2144 2934 2409 3004 τυρεϊτιη
2445 2935 2586 3007 ’Λρα
2612 2930 2706 2989 οὖν
2739 2936 2861 2991 οὐδὲ
2901 2937 3057 2990 αὐτοὶ
3111 2936 3387 3010 ἐλεύθεροι
3431 2938 3535 3007 τῆς
3598 2939 3739 3001 ίδίας

455 3023 571 3079 «τυ
595 3036 667 3080 es'
687 3025 946 3083 Christus
970 3030 1144 3086 Filius
1164 3033 1260 3088 Dei
1282 3034 1462 3090 vivi?)
1499 3036 1588 3103 Et,
1625 3037 1737 3092 «Tu
1769 3053 1830 3093 es
1865 3035 2036 3095 Filius

2141 3022 2378 3095 ἀπορίας
2401 3040 2415 3056 ο
2452 3025 2616 3096 ἡμεῖς
2646 3025 2692 3079 δ’
2723 3025 2816 3080 οὖν
2852 3044 3046 3096 φαμεν
3077 3027 3152 3091 ὼς
3180 3029 3274 3082 καὶ
3323 3030 3632 3100 γενομένης
3676 3029 3737 3096 ἐξ

453 3131 610 3172 meus
625 3117 861 3174 dilectus
879 3121 931 3175 in
949 3137 1059 3192 quo
1071 3125 1400 3195 complacui,
1415 3143 1472 3182 ia
1483 3128 1645 3184 Patre
1665 3127 2036 3185 testimonium

2144 3117 2323 3190 ἀρχῆς
2350 3116 2450 3188 τῆς
2483 3118 2543 3170 ὲν
2589 3120 2658 3190 τῇ
2708 3119 2988 3192 ἁγίᾳτῆς
3041 3120 3323 3192 Παρθένου
3371 3123 3582 3194 μήτρᾳ,
3635 3121 3734 3176 τοῦ

455 3209 705 3280 accepit?
728 3211 900 3282 Igitur
924 3230 1035 3268 non
1067 3225 1228 3271 erant
1261 3217 1342 3272 illi
1378 3217 1543 3273 liberi
1575 3220 1804 3290 pr0pria
1852 3221 2036 3276 anxie-

2146 3210 2322 3279 Λόγου
2356 3211 2451 3265 καὶ
2480 3209 2584 3281 τῆς
2625 3211 2827 3284 σαρκὸς
2866 3211 3238 3281 ύποστατικῆς
3271 3214 3542 3279 ἑνώσεως,
3583 3217 3735 3286 ὅμως

459 3306 590 3361 tate,
621 3313 725 3353 nos
777 3315 910 3356 vero
939 3301 1182 3359 dicimus
1234 3321 1302 3360 ex
1351 3323 1464 3376 quo
1513 3306 1665 3378 cepit
1705 3308 2036 3380 principium

2148 3301 2364 3355 εὐδοκία
2401 3297 2469 3372 ἦν
2492 3302 2660 3356 αὑτοῦ
2703 3302 2800 3356 τοῦ
2826 3303 3003 3372 Λόγου
3030 3307 3457 3376 συμπτωχεῦσαι
3488 3309 3550 3363 ἐν
3584 3309 3740 3380 πάσῃ

454 3387 681 3444 unionis
711 3390 1076 3462 hypostaticae
1100 3395 1268 3452 Verbi
1302 3406 1359 3452 et
1381 3399 1566 3454 carnis
1599 3400 1655 3455 in
1678 3409 1839 3456 utero
1854 3411 2036 3458 sancto

2143 3397 2213 3467 τῇ
2243 3395 2526 3449 διαὸιὼσει
2555 3399 2659 3467 τῆς
2698 3396 2922 3474 σαρκὸς,
2953 3396 3052 3468 τὴν
3084 3395 3320 3469 φυσικὴν
3347 3398 3517 3452 αὐτοῦ
3558 3417 3736 3470 μεγα-

457 3475 726 3550 Virginis.
757 3480 1030 3539 Similiter
1061 3487 1318 3544 voluntas
1349 3498 1473 3544 erat
1519 3491 1687 3546 Verbi
1731 3507 1896 3563 egere
1946 3509 2036 3563 per

2143 3483 2397 3558 λειότητα
2427 3502 2442 3518 ⁶
2469 3488 2558 3541 ἴνα
2587 3487 2615 3540 6
2639 3487 2818 3542 πάντα
2855 3488 3018 3559 Λόγῳ
3047 3488 3217 3542 ποιῶν
3247 3489 3442 3555 Λόγος,
3502 3491 3599 3544 καὶ
3633 3492 3732 3562 οὐχ

458 3577 628 3625 totam
663 3573 835 3628 vitam
871 3577 1174 3644 carnalem,
1224 3580 1511 3653 physicam
1557 3584 1678 3655 ejus
1712 3584 2046 3655 magnitudi-

455 3679 606 3730 nem,
648 3675 711 3722 ut
733 3665 974 3723 Verbum
1003 3672 1185 3726 omnia
1238 3689 1349 3729 uno
1378 3675 1549 3730 verbo
1587 3676 1818 3742 faciens,
1849 3686 1906 3733 et
1938 3693 2042 3736 nec

457 3755 689 3826 rapina,
751 3760 839 3815 vel
907 3759 1177 3831 iniustitia
1239 3762 1294 3817 in
1359 3765 1601 3836 iudicio},
1655 3776 1712 3822 et
1769 3768 1887 3840 ipse
1942 3785 2042 3840 per

461 3854 632 3902 totam
682 3848 851 3904 vitam
909 3867 1106 3922 puram
1155 3854 1420 3909 exaltavit
1462 3856 1568 3928 ipsi
1626 3859 2036 3928 superadditam

455 3937 885 4023 humanitatem,
911 3951 1036 4012 post
1061 3952 1298 3999 mortem
1333 3947 1538 4014 carnis,
1584 3949 1894 4020 spiritualis
1929 3951 2037 4006 im-

456 4032 814 4089 mortalitatis
844 4037 911 4089 'et
953 4037 1209 4108 perpetui
1269 4038 1502 4096 honoris
1555 4054 1614 4099 et
1668 4044 2036 4101 beatitudinis

457 4122 698 4178 initium.
722 4124 815 4180 Sic
843 4128 990 4182 enim
1016 4128 1275 4188 Christus
1297 4134 1528 4204 gloriam
1581 4143 1776 4205 petens
1799 4152 1828 4190 a
1870 4137 2036 4192 Patre

457 4228 556 4281 per
576 4213 808 4268 formam
833 4215 1195 4273 humanitatis
1222 4235 1357 4286 suae,
1403 4231 1460 4278 et
1503 4225 1806 4279 secundum
1837 4241 2032 4294 perso-

457 4319 583 4357 nam
605 4302 849 4359 divinam
876 4314 1042 4361 totam
1068 4308 1206 4365 dicit
1236 4326 1294 4366 se
1320 4311 1528 4367 habere
1553 4314 1783 4384 gloriam
1813 4314 2033 4384 qualem

458 4395 801 4452 habuitante
839 4399 1293 4457 conStitutionem
1328 4403 1542 4470 mundi,
1572 4412 1630 4460 et
1675 4405 1947 4476 gloriosus
1972 4423 2032 4463 se

457 4489 801 4558 proclamans
814 4491 980 4547 simul
1003 4493 1322 4566 inglorium,
1350 4496 1565 4552 audivit
1595 4516 1642 4552 τι
1675 4496 1795 4553 Jam
1823 4498 2030 4568 gloriﬁ-

2143 3577 2484 3648 ἁρπαγμῷἢ
2514 3578 2700 3650 ἀδικίᾳ
2733 3579 2792 3632 ὲν
2835 3578 2958 3649 δίκῃ
3002 3597 3065 3648 γε
3101 3581 3198 3635 καὶ
3232 3581 3396 3645 αὐτὸς
3432 3581 3523 3636 διὰ
3551 3584 3734 3654 πάσης

2139 3668 2240 3739 τῆς
2274 3669 2545 3739 ἀχρὰντου
2584 3669 2750 3724 αὐτοῦ
2781 3669 3118 3733 διαϐιὼσεως
3145 3671 3438 3744 συνυψώσῃ
3491 3673 3596 3744 τὴν
3646 3675 3736 3727 ἑν-

2138 3761 2373 3816 ωθεϊσαν
2417 3761 2567 3834 αὐτῷ
2617 3761 3034 3835 ἀνθρωπότητα,
3094 3764 3234 3834 μετὰ
3272 3764 3363 3818 τὸν
3392 3765 3494 3834 τῆς
3531 3766 3734 3832 σαρκός

2141 3853 2407 3917 θάνατον.
2457 3855 2559 3926 τῆς
2603 3841 2990 3925 πνευματικῆς
3037 3855 3340 3921 ἀθανασίας
3391 3859 3488 3912 καὶ
3543 3860 3723 3913 ἀϊδίου

2139 3944 2304 4016 τιμῆς
2339 3945 2435 3998 καὶ
2477 3944 2885 4017 μακαριότητος
2935 3946 3374 4018 ἀπαρχομένηνο
3417 3948 3596 4019 τούτῳ
3651 3967 3735 4002 τοι

2138 4036 2375 4107 Χριστὸς
2408 4035 2568 4102 δόξαν
2610 4036 2780 4090 αίτῶν
2813 4036 2964 4108 παρὰ
2993 4036 3090 4091 τοῦ
3143 4037 3359 4109 Πατρός
3429 4038 3495 4091 ἐκ
3547 4056 3735 4108 προσο

2136 4126 2289 4180 ὡπου
2328 4125 2429 4197 τῆς
2450 4125 2871 4197 ἀνθρωπότητος
2919 4126 3259 4191 αύτοῦ,“καὶ
3317 4128 3382 4181 ἐκ
3435 4127 3735 4200 προσώπου

2135 4219 2229 4273 τοῦ
2262 4219 2439 4288 Λόγου
2476 4217 2731 4288 τοιαύτην
2766 4214 2908 4274 εἶναι
2943 4217 3115 4273 εἰπὼν
3141 4220 3263 4273 οἵαν
3288 4220 3386 4274 καὶ
3417 4219 3527 4290 πρδ
3555 4237 3730 4274 κατα-

2134 4310 2298 4380 δολῆς
2339 4310 2546 4382 κόσμου
2583 4305 2714 4380 εἶχε,
2753 4308 2845 4364 καὶ
2897 4309 3092 4363 ἑαυτὸν
3119 4310 3149 4362 6
3199 4309 3408 4376 ἔνδοξος
3459 4309 3579 4381 ἃμα
3635 4311 3734 4364 καὶ

2132 4401 2324 4467 ἄδοξον
2361 4400 2776 4472 ἀνακηρύττων,
2807 4402 3006 4472 ἡκουεν
3039 4402 3124 4456 ὅτι
3151 4401 3378 4467 ἐδόξασα
3407 4402 3534 4473 ἠδη.
3568 4419 3733 4454 τουτο

2134 4491 2252 4544 ἐστι
2273 4489 2364 4544 διὰ
2387 4491 2485 4562 τῆς
2520 4492 2585 4544 ὲκ
2617 4489 2901 4561 Παρθένου
2934 4491 3246 4562 παραδόξου
3277 4492 3592 4562 γεννήσεως
3631 4493 3734 4545 καὶ

458 4581 634 4646 cavi,»
666 4581 719 4637 id
743 4591 828 4638 est
849 4599 949 4654 per
972 4585 1273 4642 inauditam
1286 4587 1701 4658 generationem
1721 4604 1788 4644 ex
1814 4588 2036 4660 Virgine

2140 4581 2249 4636 τῶν
2278 4581 2480 4636 λοιπῶν
2528 4581 2891 4652 θεοσημειῶν,
2944 4584 3040 4637 καὶ
3093 4583 3260 4637 πάλιν
3304 4581 3519 4648 δοξάσω
3553 4583 3735 4654 ἤγουν

455 4682 512 4726 et
530 4673 640 4727 alia
659 4673 846 4730 divina
870 4675 1076 4747 signa,c
1104 4685 1161 4732 et
1177 4677 1377 4732 iterum
1397 4678 1737 4749 glorificabo,
1761 4697 1780 4730 ι
1818 4679 2033 4734 scilicet

458 4778 558 4832 per
584 4765 1054 4821 resurrectionem
1077 4777 1203 4837 post
1221 4776 1479 4833 mortem,
1535 4769 2031 4834 immortalitatem,

457 4853 728 4925 iudicium
752 4857 966 4922 mundi,
999 4868 1059 4913 et
1089 4874 1190 4930 per
1218 4859 1588 4915 elevationem
1616 4868 1674 4916 et
1704 4875 1873 4933 super
1903 4862 2041 4918 emi-

459 4948 701 5005 nentiam
735 4948 790 5003 in
832 4950 1113 5016 omnibus,
1168 4959 1226 5007 et
1275 4951 1602 5022 simpliciter
1642 4969 1743 5023 per
1799 4955 2039 5013 similem

460 5039 857 5096 divinationem
887 5051 938 5098 et
963 5042 1194 5114 gloriam
1244 5044 1719 5101 antemundanam
1768 5047 1926 5104 verbi
1983 5049 2042 5106 in

459 5147 528 5187 eo
558 5132 881 5190 habitantis.

1091 5227 1248 5285 CAP.
1282 5227 1380 5285 Χῐ.

563 5313 672 5370 Sed
706 5316 902 5373 dicunt
921 5335 1144 5375 rursum
1172 5336 1188 5375 :
1231 5320 1300 5376 Et
1318 5323 1618 5391 quomodo,
1651 5323 1697 5379 si
1731 5323 1786 5379 in
1819 5322 2046 5382 Christo

459 5397 654 5454 vivens
692 5400 936 5456 Verbum
969 5403 1060 5458 Dei
1088 5411 1193 5470 est,
1225 5404 1362 5461 dicit
1407 5406 1704 5476 Apostolus
1735 5407 1804 5463 de
1825 5407 2046 5464 Christo

460 5488 612 5560 quod
660 5499 913 5550 mortuus
944 5502 1000 5548 et
1055 5496 1304 5566 sepultus
1345 5504 1449 5562 est,
1477 5507 1551 5553 vet
1601 5499 1749 5569 quod
1807 5501 2049 5556 surrexit

462 5580 630 5636 tertia
655 5579 775 5646 die,
796 5583 1102 5639 secundum
1151 5585 1514 5658 Scripturas?
1543 5588 1705 5644 nobis
1733 5605 1866 5644 vero
1905 5605 2046 5660 quo-
2073 5652 2076 5656 ,

463 5669 628 5726 modo
654 5669 881 5726 exhibet
910 5688 1103 5730 rursus
1132 5674 1189 5730 in
1218 5692 1286 5732 eo
1311 5693 1326 5730 :
1360 5697 1380 5729 ι
1407 5679 1463 5734 Si
1485 5679 1691 5735 mortui
1718 5695 1831 5735 non
1861 5672 2050 5736 restir-

463 5767 620 5832 gunt,
660 5777 767 5818 nec
791 5762 1052 5820 Christus
1079 5769 1420 5825 resurrexit?
1449 5789 1467 5823 ι
1504 5771 1887 5844 Evidensergo
1901 5773 2048 5843 quod

468 5855 585 5924 ipse
615 5863 869 5914 mortuus
907 5856 1167 5917 inventus
1193 5869 1278 5916 est
1303 5860 1450 5920 inter
1482 5881 1606 5934 nos,
1662 5874 1720 5923 et
1740 5866 1950 5939 reliqua
1973 5875 2053 5924 te-

2138 4673 2227 4728 διὰ
2255 4675 2353 4746 τῆς
2394 4673 2535 4745 μετὰ
2562 4673 2656 4727 τὸν
2685 4673 2920 4728 θάνατον
2948 4674 3322 4739 ἀναστάσεως,
3369 4674 3466 4727 καὶ⁵
3511 4673 3732 4744 ἀφθαρ-

2143 4765 2287 4830 σίας,
2338 4767 2434 4820 καὶ
2484 4766 2692 4836 κόσμου
2742 4766 3237 4837 κατακρατήσεως,
3287 4767 3382 4820 καὶ
3434 4768 3537 4838 τῆς
3585 4765 3735 4819 κατὰ

2143 4856 2367 4912 πάντων
2398 4855 2651 4922 ἐξουσίας
2690 4857 2786 4911 καὶ
2826 4855 3255 4928 ὑπερυψὼσεως,
3297 4858 3391 4912 καὶ
3421 4858 3612 4921 ἁπλῶς
3660 4859 3717 4911 δι

2141 4948 2334 5019 ὁμοίας
2391 4948 2664 5012 θεὼσεως,
2722 4949 2818 5003 καὶ
2875 4948 2975 5020 τῆς
3025 4950 3361 5023 προκοσμίου
3415 4949 3578 5022 δόξης
3633 4950 3732 5004 τοῦ

2144 5040 2322 5111 Λόγου
2352 5040 2448 5094 τοῦ
2477 5042 2537 5096 ὲν
2569 5040 2740 5114 αὐτῷ.

2740 5221 2974 5280 ΚΕΦΛΛ
3048 5222 3125 5282 B‘.

2230 5315 2392 5371 ’Λλλά
2426 5331 2558 5385 φασι
2589 5315 2751 5370 πάλιν
2780 5330 2797 5348 ⁶
2840 5317 2952 5372 καὶ
2994 5316 3113 5381 πῶς
3142 5317 3192 5370 εί
3222 5318 3280 5371 ὲν
3311 5317 3534 5390 Χριστῷ
3561 5321 3590 5373 6
3618 5318 3731 5384 ζῶν

2145 5408 2320 5478 Λόγος
2349 5407 2443 5463 τοῦ
2472 5407 2609 5461 Θεοῦ
2653 5409 2823 5473 ἐστιν,
2872 5407 3089 5480 εἴρηται
3116 5407 3196 5480 τῷ
3234 5409 3550 5480 ’Λποστόλῳ
3600 5411 3732 5480 περὶ

2146 5500 2383 5571 Χριστοῦ
2407 5500 2488 5554 ὅτι
2521 5500 2616 5554 καὶ
2649 5498 2887 5555 ἀπέθανε
2917 5502 3014 5555 καὶ⁹
3043 5500 3246 5571 ἐτάφη.
3273 5501 3366 5554 καὶ
3400 5500 3486 5554 ὃτι
3523 5499 3728 5569 ἀνέστη

2147 5597 2215 5666 τῇ
2243 5595 2402 5667 τρίτῃ
2430 5595 2618 5666 ἡμέρα
2639 5634 2656 5660 ,
2705 5593 2850 5649 κατὰ
2875 5596 2976 5656 τὰς
3007 5593 3261 5666 Γραφὰς;
3302 5594 3466 5663 Ἦμῖν
3503 5611 3567 5647 τε
3609 5593 3730 5658 πῶς

2151 5686 2560 5759 παραϐάλλεται
2583 5687 2751 5742 πάλιν
2782 5689 2840 5740 ὲν
2859 5683 2961 5758 τῷ,
2985 5685 3050 5739 Et
3073 5685 3184 5758 γὰρ
3221 5686 3406 5758 νεκροὶ
3437 5685 3539 5739 οὐκ
3578 5683 3729 5753 ἐγεί-

2157 5793 2365 5847 ρονται,
2399 5777 2524 5832 ούδὲ
2548 5775 2784 5848 Χριστὸς
2811 5776 3144 5848 ἔγήγερταις
3173 5774 3334 5847 δῆλον
3361 5776 3473 5848 γὰρ
3517 5775 3596 5840 ὡς
3631 5774 3729 5828 καὶ

2155 5867 2320 5932 αὐτὸς
2364 5867 2558 5940 νεκρὸς
2601 5867 2727 5922 καθ’
2760 5869 2909 5941 ἡμᾶς
2959 5867 3285 5940 γενόμενος’
3312 5868 3410 5923 καὶ
3447 5867 3520 5923 τὰ
3561 5865 3729 5922 λοιπὰ
