4006 6568
301 464 439 531 1795

1258 478 1657 544 ADVERSUS
1694 482 2248 553 NESTORIANOS.
2279 517 2348 529 -
2369 495 2515 555 LIB.
2556 493 2623 557 V.

2558 362 2597 373 α

3442 503 3578 567 1796

301 585 660 655 μαρτυρεῖται
684 586 831 643 τάδε.
866 586 1008 644 Ἀλλ’
1040 589 1188 645 ῐσασι
1242 596 1336 649 καὶ
1376 597 1532 651 αὐτοὶ
1578 598 1674 652 νῦν
1719 602 1874 655 ἐκου-

1994 613 2218 660 ;tuntur.
2246 606 2353 662 Sed
2386 620 2597 664 norunt
2624 620 2682 665 et
2713 608 2817 681 ipsi
2844 627 2991 666 nunc
3014 613 3319 671 voluntarie
3344 617 3581 675 abscon-

299 677 433 742 σίως
460 678 879 751 ἐπιλελησμένοι
906 682 1017 737 τῶν
1037 684 1188 754 σφῶν
1206 685 1510 761 διορισμῶν
1526 692 1601 754 ὼς
1620 694 1882 757 πολλάκις

298 954 435 1009 ἀλλά
472 956 634 1024 μόνον
654 956 715 1010 τὸ
746 958 903 1030 σῶμα
928 975 943 991 ·
969 961 1098 1014 τάδε
1134 957 1235 1018 οὖν
1271 967 1462 1037 σαφῶς
1507 970 1753 1041 περὶτοῦ
1787 975 1884 1027 ἀν-

300 1044 574 1115 θρωπίνου
624 1049 865 1120 Χριστοῦ
921 1052 1139 1124 εἴρηται
1167 1070 1183 1086 '
1222 1058 1351 1113 ἐπεὶ
1383 1060 1502 1126 πῶς
1544 1061 1657 1133 ἔχει
1700 1064 1885 1137 χώραν

302 1141 431 1209 περὶ
454 1139 552 1193 τοῦ
585 1142 750 1195 αὐτοῦ
787 1142 1042 1213 λέγεσθαι
1075 1147 1170 1202 καὶ
1195 1150 1262 1204 τὸ
1302 1151 1391 1206 Ἑν
1431 1156 1647 1225 νεκροῖς
1664 1157 1884 1212 ἐλεύθε-

302 1245 425 1298 ρος;
468 1230 587 1295 πῶς
605 1250 665 1285 τε
698 1234 749 1287 εί
782 1235 909 1289 καθ’
950 1237 1098 1307 ὑμᾶς
1138 1241 1337 1313 νεκρὸς
1371 1244 1596 1313 γέγονεν
1634 1249 1886 1319 ἀπαραλ-

298 1321 536 1387 λάκτως.
558 1325 719 1390 αὐτὸς
745 1328 938 1398 ἤγειρε
967 1330 1061 1383 τὸν
1085 1330 1285 1388 ἑαυτοῦ
1319 1336 1448 1389 ναδν
1472 1338 1535 1391 ἐν
1557 1340 1737 1409 τρισὶν
1756 1342 1884 1411 ἠμέ·

302 1434 427 1488 ραις
443 1434 459 1481 ;
485 1418 514 1470 6
530 1421 625 1473 καὶ
641 1419 857 1490 σώματι
879 1422 975 1475 καὶ
988 1421 1135 1495 ψυχῇ
1154 1422 1233 1489 ὥς
1252 1442 1384 1497 φασι
1404 1430 1581 1501 πάντη
1605 1431 1885 1504 ἄπρακτος

300 1509 614 1591 γενόμενος,
644 1510 721 1575 ὡς
750 1513 858 1576 πᾶς
889 1513 1180 1585 ἄνθρωπος
1205 1518 1345 1589 μετά
1369 1520 1599 1577 θάνατον
1625 1540 1639 1555 ·
1665 1525 1885 1598 καὶγὰρ

300 1598 422 1652 οὐδὲ
448 1600 549 1670 τὴν
576 1601 794 1655 οίανοῦν
812 1602 993 1673 ψυχῆς
1019 1605 1306 1677 ἐνέργειαν
1337 1610 1581 1668 ἐδίδοσαν
1615 1615 1759 1685 μετά
1787 1616 1885 1672 θά-

300 1707 461 1743 νατον
484 1692 816 1764 ἀνθρώποις,
839 1694 971 1766 ἄχρι
1000 1696 1103 1767 τῆς
1132 1700 1496 1769 ἀναστάσεως
1517 1747 1533 1773 ,
1571 1709 1629 1781 ἐν
1649 1711 1762 1771 τοῖς
1789 1709 1888 1780 έμ-

301 1781 539 1850 προσθεν
564 1783 747 1837 αὐτῶν
785 1787 1205 1859 ἐπιχειρήμασι,
1238 1794 1393 1865 πόσῳ
1421 1813 1486 1865 γε
1518 1799 1720 1867 μᾶλλον
1736 1801 1887 1855 θείαν

302 1874 681 1944 πρᾶξινςπῶς
699 1877 756 1932 δέ
791 1882 841 1932 εί
875 1881 1036 1946 αὐτὸς
1074 1883 1190 1954 ἔχει
1231 1887 1332 1958 τὴν
1363 1888 1613 1954 ἐξουσίαν
1652 1892 1745 1945 τοῦ
1787 1895 1888 1964 τὴν

305 1965 444 2051 ἰδίαν
475 1964 657 2038 ψυχὴν
684 1967 858 2024 θεῖναι
880 1973 976 2026 καὶ
1001 1973 1299 2031 ἀπολαϐεῖν
1329 1979 1501 2053 αὐτὴν
1523 2023 1538 2047 ,
1579 1982 1703 2036 καθ’
1741 1985 1887 2053 ἡμᾶς

303 2055 494 2125 γέγονε
518 2060 715 2131 νεκρός
738 2078 752 2127 ;
783 2061 870 2126 τίς
894 2063 1004 2136 γὰρ
1024 2067 1054 2120 6
1081 2067 1341 2141 τοιαύτης
1368 2071 1470 2127 οὐκ
1494 2073 1650 2138 ἀξίας
1677 2075 1888 2141 ἁπλῶς,

303 2149 423 2203 ἀλλ’
452 2151 704 2217 ἐξουσίας
733 2192 750 2218 ,
785 2152 1009 2209 πώποτε
1041 2158 1100 2212 ἐν
1147 2159 1462 2232 ἀνθρώποις
1507 2164 1758 2232 γέγονενς
1809 2167 1889 2221 ἔτι

307 2242 414 2313 μὴν
442 2245 491 2297 εί
520 2243 594 2316 μὴ
619 2243 751 2310 Θεὸς
780 2246 839 2300 ἐν
861 2248 1103 2320 Χριστῷ,
1139 2251 1232 2304 καὶ⁵
1261 2254 1405 2307 κατά
1426 2254 1522 2308 τὸν
1543 2255 1774 2310 θάνατον
1796 2260 1889 2313 καὶ

300 2335 363 2390 τὸ
374 2335 544 2399 πάθος
560 2338 655 2391 καὶ
671 2339 810 2393 κατά
832 2338 1015 2406 λοιπὰ,
1040 2341 1244 2415 κόσμιον
1275 2344 1456 2417 ἐαυτῷ
1472 2348 1886 2415 καταλλάσσων,

303 2428 379 2492 ὡς
408 2430 738 2501 γέγραπται,
769 2432 886 2496 πῶς
916 2435 945 2487 6
962 2435 1020 2486 ἐν
1047 2439 1230 2507 μορφῇ
1254 2436 1391 2492 Θεοῦ
1416 2441 1699 2512 ὑπάρχων,
1726 2444 1889 2508 αὐτὸς

304 2521 400 2573 καὶ
430 2521 531 2574 οὐκ
559 2521 793 2593 ἀλλος,ἢ
823 2522 891 2575 δι’
922 2523 1082 2578 ἄλλου
1113 2526 1479 2581 ἐταπείνωσεν
1501 2530 1692 2601 ἐαυτον
1727 2531 1890 2603 μέχρι

306 2612 572 2679 θανάτους
624 2615 722 2667 καὶ
779 2614 897 2679 πῶς
938 2614 1033 2669 τὸν
1088 2616 1297 2689 Κύριον
1340 2619 1442 2689 τῆς
1473 2620 1632 2693 δόξης
1674 2621 1890 2693 ἀληθῶς

306 2707 693 2777 ἐσταύρωσανς
724 2708 819 2761 καὶ
850 2707 969 2772 πῶς
994 2708 1213 2781 εἴρηται
1242 2711 1399 2773 τδ,⁹0
1424 2712 1481 2766 δὲ
1514 2714 1648 2777 Θεὸς
1679 2714 1890 2769 καὶτὸν

309 2798 513 2868 Κύριον
542 2799 791 2871 ἐξήγειρε
818 2839 834 2864 ,
863 2802 958 2855 καὶ
981 2802 1129 2871 ἡμᾶς
1160 2803 1343 2875 ἐγερεῖ
1369 2804 1457 2859 διά
1486 2806 1588 2875 τῆς
1608 2805 1890 2879 δυνάμεως

307 2890 476 2944 αὑτοῦ
505 2890 598 2944 τοῦ
626 2891 944 2961 ἐγερθέντος
973 2894 1446 2966 ὡμολογημένωςς
1484 2897 1643 2970 δῆλον
1682 2900 1790 2972 γάρ
1814 2901 1891 2966 ὡς

308 2979 632 3054 ἑξεγερτικὴ
673 2982 807 3036 οὖσα
852 2985 1066 3055 νεκρῶν
1126 2986 1222 3040 καὶ
1273 2988 1480 3058 ἐτέρων
1533 2992 1801 3062 σωμάτων
1852 2995 1887 3064 η

307 3073 539 3142 δύναμις
560 3073 654 3127 τοῦ
688 3076 921 3146 Κυρίου,
959 3077 1143 3148 πολλῷ
1173 3080 1375 3148 μᾶλλον
1419 3080 1481 3134 τὸ
1528 3082 1657 3136 ῐδιον
1698 3084 1889 3156 ἧγειρε

310 3165 473 3236 σῶμα
502 3159 744 3237 ᾧῆνωτο
768 3170 892 3222 καθ’
924 3170 1224 3225 ὑπόστασιν
1254 3188 1268 3204 ’
1304 3175 1755 3247 προσεχεστέρως
1781 3178 1890 3250 γὰρ

309 3259 611 3329 ἐνεργοῦσα
636 3261 796 3333 αὐτὴ,
844 3264 938 3317 καὶ
969 3264 1070 3318 οὐκ
1114 3264 1246 3337 άλλη
1296 3265 1561 3331 ζωοποιδς
1595 3268 1886 3338 ἀναστήσει

308 3354 472 3407 αὑτό·
517 3353 636 3419 πῶς
672 3354 728 3408 δέ
759 3354 924 3408 αὑτοῦ
957 3356 1051 3409 τοῦ
1090 3357 1221 3411 ίδίου
1246 3358 1381 3412 Υἱοῦ
1434 3359 1495 3413 ού
1548 3360 1842 3430 φείσασθαι
1864 3403 1880 3428 ,

308 3444 422 3498 ἀλλ’
454 3446 597 3517 ὑπὲρ
625 3447 785 3517 ήμῶν
818 3448 1037 3502 πάντων
1085 3450 1417 3521 παραδοῦναι
1466 3453 1627 3506 αὑτὸν
1672 3453 1885 3524 εἴρηται

308 3540 336 3592 6
369 3540 595 3609 Πατήρ;
625 3540 673 3592 εί
698 3539 809 3609 γὰρ
839 3540 1259 3611 ἀντιπρόσωπον
1285 3542 1523 3596 δέδωκεν
1548 3584 1563 3604 ,
1591 3544 1691 3598 οὐκ
1718 3545 1885 3609 ὄντως

310 3628 529 3699 είρηται
559 3629 685 3682 τάδε
710 3631 838 3701 1:591
864 3631 965 3700 τῆς
1013 3633 1234 3701 ἀγάπης
1264 3633 1429 3687 αὑτοῦ
1460 3631 1562 3700 τῆς
1590 3636 1669 3698 είς
1694 3635 1841 3707 ημᾶς
1870 3654 1883 3667 °

313 3720 483 3789 σαφὲς
515 3716 609 3775 οῦν
642 3721 717 3783 ὼς
749 3723 857 3777 ἀπὸ
881 3724 1104 3794 μέρους,
1130 3724 1165 3795 ἦ
1198 3741 1258 3777 τε
1290 3723 1553 3790 (maeotia
1608 3728 1704 3779 καὶ
1733 3728 1766 3798 ή
1806 3728 1889 3780 νέ-

311 3830 539 3883 κρωσις,
569 3814 807 3885 ἑκατέρα
834 3815 1053 3885 λέγεται
1077 3817 1206 3887 περὶ
1227 3816 1467 3888 Χριστοῦ
1491 3834 1505 3849 ·
1537 3817 1597 3870 ού
1621 3816 1729 3890 γάρ
1753 3820 1893 3873 κατά

311 3904 405 3958 τοῦ
435 3905 558 3960 ὅλου
586 3906 847 3972 ὡσαύτως
889 3907 1078 3978 ἄμφω,
1130 3909 1255 3961 ἐπεὶ
1304 3909 1379 3980 μὴ
1429 3909 1782 3978 συναληθεύει
1819 3910 1891 3964 τά

312 4000 530 4055 ἐναντία
575 4001 796 4055 πώποτε
847 4004 976 4073 περὶ
1022 4001 1117 4055 τοῦ
1167 4002 1335 4056 αὑτοῦ
1367 4019 1382 4036 ο
1412 4001 1572 4074 είπερ
1602 4002 1694 4056 οῦν
1723 4002 1893 4067 ὅντως

314 4094 405 4146 τὸν
454 4094 659 4165 Κύριον
705 4094 803 4163 τῆς
852 4095 1012 4164 δόξης
1050 4094 1404 4167 ἐσταύρωσαν
1438 4097 1489 4149 οἱ
1523 4094 1757 4167 Χριστὸν
1802 4095 1897 4149 ἐπὶ

316 4184 474 4249 ξύλου
504 4186 884 4256 κρεμάσαντες
912 4226 929 4252 ,
964 4185 1123 4253 δῆλον
1173 4185 1251 4251 ὼς
1279 4187 1308 4240 6
1355 4187 1522 4250 αὐτὸς
1552 4186 1618 4240 ἐκ
1650 4185 1749 4258 μὲν
1802 4184 1896 4239 τοῦ

316 4274 462 4328 θείου
489 4274 690 4343 Λόγου.
716 4275 777 4328 τὸ
819 4268 960 4330 εἶναι
1011 4273 1215 4346 Κύριος
1253 4275 1353 4346 τῆς
1376 4274 1535 4347 δόξης
1567 4271 1681 4347 εἶχε
1704 4290 1722 4309 ’
1752 4276 1813 4329 τὸ
1842 4275 1899 4330 δέ

313 4369 532 4440 ἀληθῶς
563 4369 967 4442 σταυροῦσθαι,
1013 4372 1078 4425 ἐκ
1104 4372 1203 4440 τῆς
1249 4369 1595 4442 ἀνθρωπείας
1642 4368 1846 4439 σαρκός
1881 4384 1897 4400 ⁸

316 4459 479 4529 φύσει
502 4478 562 4515 τε
589 4462 697 4534 γάρ
730 4462 806 4526 ὼς
835 4462 963 4528 Θεὸς
995 4462 1344 4533 ἐποφείλεταί
1369 4479 1429 4516 τε
1456 4462 1556 4533 τὴν
1585 4462 1738 4535 παρά
1761 4463 1901 4517 πάν-

316 4569 425 4607 των
441 4552 627 4620 δόξαν·
656 4553 959 4619 ἐξουσιάζει
978 4572 1037 4608 τε
1060 4555 1228 4625 αὐτῆς
1247 4552 1487 4619 δοξάζων
1513 4552 1609 4616 οὒς
1630 4554 1896 4625 βούλεται,

321 4642 481 4715 μόνος
512 4644 609 4697 καὶ
638 4645 799 4715 φύσει
828 4645 905 4710 ὡς
941 4645 1230 4717 ἄνθρωπος
1265 4646 1438 4708 πάθος
1478 4645 1791 4717 ὑπέμεινεν.

916 4737 1172 4792 ΚΕΦΑΛ.
1226 4737 1303 4791 Γι.
1716 4730 1722 4735 ’

387 4824 455 4880 Τί
504 4820 619 4895 οὖν,
673 4825 876 4897 φησίν;
926 4826 986 4879 06
1038 4829 1456 4898 προφανέστατα
1506 4829 1721 4901 εἴρηται
1769 4829 1899 4900 περὶ

319 4918 582 4991 Χριστοῦ,
609 4919 686 4983 ὡς
720 4918 828 4973 ὑπὸ
860 4918 954 4972 τοῦ
988 4919 1124 4974 Θεοῦ
1154 4921 1378 4992 ἀνέστη,
1410 4923 1506 4977 καὶ
1533 4924 1634 4977 οὐκ
1657 4923 1750 4992 ἀφ’
1773 4924 1899 4977 ἐαοο

320 5010 446 5078 τοῦ;
474 5012 569 5064 καὶ
599 5011 683 5065 ὅτι
710 5010 801 5065 διὰ
821 5011 922 5080 τὴν
947 5011 1052 5065 ὑπὸ
1078 5011 1175 5065 τοῦ
1212 5012 1367 5083 ἀγίου
1400 5014 1542 5069 Πνεύ
1551 5033 1721 5086 ματος
1746 5032 1898 5083 γενος-

324 5104 491 5173 μένην
531 5102 696 5157 αὐτοῦ
738 5104 1038 5158 ἀνάστασιν
1097 5106 1162 5159 ἐκ
1215 5109 1466 5179 νεκρῶν,
1524 5108 1735 5180 ὡρίσθη
1769 5109 1897 5174 Υἱὸς

319 5193 492 5262 Θεοῦ;
522 5194 639 5258 πῶς
664 5191 758 5249 οὖν
786 5194 1056 5262 λέλεκται,
1100 5197 1159 5250 ὃν
1195 5195 1318 5268 δέίὸ
1347 5198 1481 5262 Θεδς
1509 5199 1729 5271 ἤγειρεν
1748 5242 1764 5267 ,
1797 5199 1899 5255 ούκ

320 5280 429 5338 εἶδε
460 5285 760 5358 διαφθοράν
783 5303 798 5353 ;
837 5286 932 5341 καὶ
951 5287 1047 5341 τοῦ
1076 5287 1386 5359 ὁρισθέντος
1414 5291 1545 5345 Υίοῦ
1572 5292 1730 5359 Θεοῦ,
1758 5292 1900 5346 κατὰ

328 5374 554 5442 Πνεῦμα
587 5366 897 5449 ἁγιωσύνης
957 5379 1018 5445 ἐξ
1070 5381 1423 5445 ἀναστάσεως
1467 5384 1713 5453 νεκρῶν.
1753 5382 1898 5437 Ἀλλ’

321 5467 633 5523 εἰπάτωσαν
657 5472 707 5523 οί
735 5470 1079 5543 ἐρευνητικοὶ
1110 5472 1221 5525 τῶν
1267 5472 1523 5543 Γραφῶν,
1555 5475 1631 5538 ὡς
1656 5476 1861 5530 οἴονται
1880 5518 1895 5544 ,

322 5559 372 5611 εί
400 5559 463 5612 τὸ
492 5561 787 5630 ἀναστῆναι
814 5564 877 5616 ἐκ
908 5562 1118 5633 νεκρῶν
1140 5563 1229 5618 διὰ
1262 5563 1357 5617 τοῦ
1386 5564 1536 5619 θείου
1557 5567 1898 5639 Πνεύματος,

324 5649 511 5715 ἁπλῶς
529 5651 687 5707 τοῦτο
705 5652 862 5715 δόξαν
886 5653 1016 5709 Υίοῦ
1037 5655 1173 5710 Θεοῦ
1204 5660 1661 5731 περιποιεῖταιτῷ
1681 5660 1901 5714 ἀνιστα-

330 5741 494 5812 μένῳ,
538 5744 654 5808 πῶς
685 5747 713 5800 6
743 5745 860 5809 υίὸς
898 5747 998 5815 τῆς
1040 5750 1218 5821 χήρας
1248 5750 1343 5804 ἐπὶ
1387 5751 1589 5817 Ἠλίου,
1622 5753 1715 5807 καὶ
1744 5755 1772 5807 6
1803 5753 1902 5824 τῆς

324 5832 689 5906 Σωμανίτιδος
716 5838 813 5891 ἐπὶ
852 5837 1146 5906 Ἐλισσαιέ,
1176 5843 1268 5896 καὶ
1285 5842 1511 5914 Τασηθὰ
1542 5844 1635 5897 ἐπὶ
1671 5845 1901 5915 Πέτρου,

328 5925 423 5980 καὶ
465 5927 516 5981 οί
561 5924 741 5983 λοιποὶ
790 5930 840 5983 οἱ
885 5930 1217 5996 ἀναστάντες
1252 5932 1317 5987 ἐκ
1349 5933 1564 6007 νεκρῶν
1593 5978 1608 6003 ,
1658 5935 1757 6007 οὐχ
1790 5936 1897 5990 υἱοὶ

1985 695 2097 752 dita
2127 713 2321 752 eorum
2353 698 2766 766 deﬁnitionum,
2798 702 2946 772 quod
2984 719 3125 774 saepe
3154 722 3254 775 pro
3316 707 3416 762 toti
3448 725 3577 774 par-

1865 825 1881 851 ,
1985 791 2094 839 tem
2129 795 2286 841 vocat
2321 786 2606 858 Scriptura
2651 806 2808 845 sacra
2838 802 2898 846 ut
2936 792 3042 848 hoc
3076 812 3089 848 :
3122 796 3183 849 lli
3245 797 3581 867 sepelierunt

1863 920 1879 945 ,
1984 875 2283 943 Abraham,
2307 887 2364 934 et
2394 888 2541 935 certe
2572 897 2682 936 non
2711 882 2951 938 animam
2981 885 3242 954 Abrahae,
3270 888 3363 943 sed
3398 890 3575 944 solum

1985 978 2207 1034 corpus.
2247 966 2395 1021 idem
2425 966 2595 1038 igitur
2632 970 2919 1039 sapienter
2965 972 3033 1027 de
3080 973 3302 1030 Christo
3355 976 3581 1032 homine

1985 1053 2207 1109 dicitur.
2243 1055 2452 1113 Deinde
2472 1052 2751 1129 qdomodo
2779 1062 2934 1117 locus
2962 1074 3107 1119 esset
3130 1066 3348 1121 dicendi
3376 1068 3442 1123 de
3462 1068 3577 1122 illo:

1993 1145 2173 1202 dnter
2203 1157 2454 1205 mortuos
2476 1149 2620 1207 liber
2637 1152 2689 1206 ἲ»
2718 1161 2775 1208 et
2796 1155 3073 1223 quomodo
3097 1156 3143 1211 si
3163 1167 3415 1214 mortuus
3435 1161 3581 1215 inter

1986 1254 2088 1294 nos
2124 1240 2478 1298 invent‘usest
2515 1244 2638 1299 sine
2717 1245 2828 1300 ulla
2877 1246 3215 1311 differentia,
3261 1250 3377 1319 ipse
3401 1251 3579 1307 susci-

1987 1328 2124 1386 tavit
2151 1332 2418 1401 templum
2472 1349 2632 1387 suum
2667 1334 2723 1389 in
2755 1336 2934 1390 tribus
2967 1335 3186 1403 diebus,
3237 1347 3293 1392 et
3350 1355 3584 1409 corpore

1986 1430 2046 1476 et
2078 1430 2286 1487 mente,
2321 1431 2383 1478 ut
2412 1423 2630 1490 dicunt,
2662 1426 2890 1482 omnino
2920 1427 3280 1497 impassibilis
3308 1430 3583 1496 factus,ut

1992 1514 2179 1569 omnis
2210 1514 2378 1570 homo
2446 1527 2571 1586 post
2606 1528 2874 1585 mortem;
2927 1536 3053 1574 nam
3111 1538 3243 1575 vero
3278 1538 3379 1578 nec
3420 1524 3582 1578 talem

1988 1606 2185 1661 animae
2209 1614 2539 1677 potestatem
2570 1609 2844 1665 dederunt
2884 1621 3009 1682 post
3060 1624 3290 1669 mortem
3339 1615 3581 1668 homini-

1989 1694 2116 1762 bus,
2174 1697 2294 1753 sine
2374 1700 2842 1767 resurrectione,_
2880 1702 2936 1756 in
2972 1703 3089 1758 suis
3141 1704 3587 1773 praecedentibus

1989 1789 2330 1858 argumentis
2352 1799 2559 1860 quanto
2597 1792 2769 1863 magis
2825 1792 3068 1847 divinam
3102 1794 3404 1849 actionem?
3436 1797 3585 1861 Quo-

1991 1880 2180 1944 modo,
2205 1882 2251 1936 si
2279 1882 2398 1952 ipse
2447 1882 2616 1939 habet
2649 1893 2981 1953 potestatem
3015 1886 3295 1959 propriam
3342 1888 3581 1942 animam

1919 1969 1963 2026 Β
1994 1973 2260 2041 ponendi,
2286 1983 2343 2028 et
2398 1975 2649 2029 sumendi
2681 1991 2826 2040 eam,
2859 1975 3007 2031 inter
3036 1993 3139 2031 nos
3178 1987 3434 2033 mortuus
3466 1980 3578 2034 est?

1992 2063 2127 2129 Quis
2149 2065 2295 2119 enim
2332 2066 2457 2122 talis
2486 2082 2594 2120 non
2622 2066 2928 2141 dignitatis,
2964 2068 3009 2122 si
3039 2068 3336 2138 impliciter
3362 2069 3457 2125 sed
3484 2085 3583 2139 po-

1992 2154 2209 2209 testatis
2230 2170 2471 2225 unquam
2506 2154 2719 2211 exstitit
2748 2157 2891 2211 inter
2914 2157 3360 2225 hominesﬂmo,
3389 2161 3435 2215 si
3467 2177 3577 2216 non

1991 2247 2139 2303 Deus
2188 2246 2245 2301 in
2268 2246 2514 2313 Christo,
2549 2259 2605 2304 et
2637 2266 2736 2319 per
2768 2260 3000 2305 mortem
3038 2262 3095 2307 et
3152 2253 3464 2322 passionem
3524 2262 3581 2309 et

1989 2347 2207 2401 cetera,
2242 2339 2511 2393 mundum
2536 2339 2643 2394 sibi
2686 2340 3082 2402 reconcilians,
3113 2342 3258 2397 sicut
3313 2342 3580 2412 scriptum

1998 2439 2103 2495 est,
2139 2431 2421 2501 quomodo
2459 2432 2515 2485 in
2555 2430 2730 2485 forma
2781 2431 2877 2486 Dei
2907 2432 3181 2487 cxsistcns
3231 2433 3345 2504 ipse
3379 2444 3435 2489 et
3468 2450 3580 2490 non

1991 2522 2134 2577 alius
2162 2530 2259 2576 aut
2286 2538 2387 2592 per
2411 2522 2601 2588 alium,
2643 2522 2961 2577 humiliavit
3016 2525 3370 2594 semetipsum
3406 2542 3580 2596 usque

1991 2611 2058 2665 ad
2085 2611 2364 2667 mortem?
2385 2622 2440 2667 et
2482 2614 2760 2683 quomodo
2777 2614 3071 2669 Dominum
3093 2616 3283 2687 gloriae
3300 2632 3429 2671 vere
3455 2634 3583 2672 cru-

1991 2701 2332 2757 eiﬁxerunt?
2364 2712 2421 2757 et
2454 2702 2733 2772 quomodo
2782 2703 2986 2757 dicitur
3008 2704 3154 2759 hoc:
3188 2707 3333 2761 Deus
3392 2707 3581 2762 Domi-

1989 2812 2123 2850 num
2149 2795 2460 2859 suscitavit,
2486 2804 2542 2850 et
2570 2811 2671 2851 nos
2694 2797 2991 2851 suscitabit
3034 2814 3134 2868 per
3186 2800 3448 2855 virtutem
3500 2802 3582 2872 ip-

1991 2888 2107 2944 sius
2137 2887 2446 2943 resuscitati
2500 2887 2781 2942 communi
2828 2904 2985 2945 voce.
3027 2890 3271 2945 Evidens
3302 2903 3388 2946 est
3416 2892 3584 2963 igitur

1993 2979 2142 3050 quod
2185 2980 2364 3034 virtus
2394 2978 2612 3034 Domini
2642 2980 2714 3034 sit
2748 2981 3124 3036 resurrectiva
3156 2992 3502 3038 mortuorum
3525 2995 3582 3040 et

1990 3074 2225 3127 aliorum
2272 3086 2586 3142 corporum,
2621 3080 2828 3141 quanto
2854 3072 3028 3144 magis
3066 3075 3356 3144 proprium
3401 3093 3586 3132 resur-

1991 3166 2131 3222 rexit
2154 3178 2375 3233 corpus,
2402 3162 2489 3217 cui
2514 3163 2807 3218 uniebatur
2840 3164 3179 3237 hypostatice
3198 3166 3445 3224 intimius
3466 3170 3583 3242 ipsa

1989 3259 2168 3313 virtus
2189 3256 2582 3319 resurrectiva,
2617 3266 2675 3311 et
2722 3272 2830 3310 non
2863 3258 2967 3312 alia
2989 3258 3277 3315 viviticans
3302 3262 3475 3318 virtus
3499 3280 3584 3318 re-

1988 3358 2176 3419 surget
2200 3346 2354 3411 illud,
2387 3346 2664 3418 quomodo
2689 3348 2913 3416 proprio
2938 3346 3052 3401 filio
3084 3362 3184 3403 suo
3226 3364 3335 3402 non
3392 3366 3589 3419 peper-

1989 3439 2153 3507 cisse,
2183 3439 2279 3494 sed
2313 3455 2414 3509 pro
2440 3435 2885 3495 nobisomnibus
2908 3437 3060 3493 illum
3076 3439 3588 3496 tradidissedicitur

1989 3532 2176 3588 Pater?
2205 3532 2250 3587 si
2278 3549 2409 3588 vero
2440 3533 2672 3588 tradidit
2711 3534 3001 3600 infaciem,
3030 3550 3145 3590 non
3198 3551 3328 3591 vere
3380 3536 3587 3592 dicitur

1991 3626 2048 3685 id
2110 3626 2311 3683 fecisse
2359 3637 2589 3698 propter
2616 3629 2945 3685 eharitatem
2986 3644 3141 3683 suam
3167 3628 3220 3682 in
3246 3646 3368 3693 nos,
3404 3630 3586 3684 mani-

1992 3723 2195 3779 festum
2221 3731 2307 3777 est
2332 3738 2465 3793 ergo
2498 3720 2643 3791 quod
2680 3737 2746 3776 ex
2770 3730 2951 3791 parte,
2980 3720 3277 3775 viviﬁcatio
3296 3731 3352 3775 et
3393 3722 3588 3776 morti-

2000 3814 2182 3871 ﬁcatio
2206 3815 2273 3870 de
2302 3813 2525 3869 Christo
2557 3813 2854 3880 dicuntur;
2890 3828 3000 3866 non
3026 3810 3173 3865 enim
3199 3814 3408 3882 integre
3429 3812 3586 3866 simi-

2000 3906 2127 3961 liter
2168 3916 2463 3975 utrumque
2502 3904 2731 3970 dicitur,
2780 3920 2906 3958 cum
2954 3918 3239 3973 nunquam
3291 3903 3401 3958 sint
3428 3918 3585 3973 teque

1998 4014 2127 4053 vera
2182 3998 2458 4051 contraria
2483 3997 2551 4051 de
2591 3996 2707 4058 illo,
2741 4011 2865 4050 cum
2902 3994 3074 4064 igitur
3112 4010 3244 4049 vere
3288 3995 3584 4049 Dominum

1999 4088 2188 4159 gloria:
2220 4086 2635 4149 cruciﬁxerunt,
2669 4085 2761 4155 qui
2793 4083 3076 4139 Christum
3105 4084 3160 4137 in
3184 4084 3334 4154 ligno
3359 4100 3590 4154 suspen-

1999 4176 2473 4241 derunt,evidens
2509 4184 2595 4231 est
2659 4175 2805 4246 quod
2840 4175 2984 4229 idem
3046 4192 3112 4229 ex
3165 4176 3356 4230 divino
3414 4176 3588 4231 verbo

1999 4279 2206 4337 factum
2238 4287 2322 4334 est
2350 4279 2618 4334 Dominus
2650 4278 2863 4349 gloriae.
2911 4278 3084 4349 Atqui
3112 4295 3242 4334 vera
3301 4280 3590 4335 crucifixio

2000 4383 2087 4428 est
2106 4374 2291 4429 carnis
2319 4372 2595 4435 humanas,
2622 4387 2747 4426 nam
2780 4371 2980 4427 divinae
3002 4380 3214 4426 natura:
3239 4372 3477 4427 debetur
3494 4388 3588 4427 su-

2002 4481 2102 4536 per
2129 4465 2311 4520 omnia
2344 4464 2513 4534 gloria
2541 4479 2605 4518 cx
2660 4464 2748 4517 illa
2784 4474 3111 4533 potestatem
3166 4465 3379 4518 habens
3418 4465 3589 4535 glori-

2006 4554 2203 4609 ﬁcandi
2233 4570 2374 4623 quos
2398 4554 2536 4617 vult,
2569 4554 2725 4608 solus
2759 4569 2892 4608 vero
2920 4562 2980 4607 ut
3010 4553 3176 4608 homo
3197 4569 3297 4623 per
3329 4564 3585 4609 naturam

1931 4650 1978 4706 Ι)
2006 4646 2274 4700 sustinuit
2302 4644 2648 4715 passionem.

2632 4733 2787 4788 CAP.
2822 4733 2912 4789 lll.

2069 4822 2382 4896 Quldergo,
2410 4816 2624 4888 dicunt,
2676 4839 2789 4878 non
2822 4822 3127 4878 clarissima
3180 4833 3310 4878 sunt
3355 4840 3479 4894 qua:
3517 4823 3588 4882 de

1997 4916 2219 4973 Christo
2246 4917 2525 4980 dicuntur,
2552 4914 2699 4986 quod
2739 4932 2770 4971 a
2798 4916 2911 4970 Deo
2941 4926 3225 4970 surrectus
3253 4916 3447 4973 fuisset
3476 4934 3587 4975 non

1999 5023 2030 5062 a
2053 5009 2277 5079 seipso?
2300 5016 2357 5063 et
2381 5008 2529 5078 quod
2561 5024 2658 5077 per
2682 5008 3066 5077 operationem
3093 5007 3340 5077 Spiritus
3402 5010 3585 5066 sancti

1998 5100 2302 5155 surrexisse
2336 5116 2367 5153 a
2389 5099 2621 5153 mortuis
2640 5107 2696 5154 et
2713 5098 3049 5154 consti'utus
3078 5099 3251 5153 Filius
3270 5100 3367 5155 Dei
3393 5102 3415 5154 ἲ
3443 5102 3591 5167 Quo-

2005 5191 2170 5247 modo
2202 5208 2334 5263 ergo
2388 5192 2599 5247 dictum
2633 5201 2744 5247 est:
2770 5191 2946 5258 Quem
2968 5191 3115 5245 Deus
3144 5191 3450 5259 suscitavit,
3477 5209 3588 5250 non

1998 5284 2140 5339 vidit
2171 5285 2585 5354 corruptionem
2611 5284 2635 5337 7
2660 5293 2717 5338 et
2746 5283 3035 5340 constituti
3068 5283 3187 5337 Filii
3234 5284 3353 5349 Dei,
3386 5301 3589 5340 secun-

2003 5376 2137 5431 dum
2171 5374 2446 5446 Spiritum
2512 5375 2968 5431 sanctiﬁcationis
3046 5392 3114 5432 ex
3181 5378 3588 5433 resurrectione

2004 5475 2374 5531 mortuorum?
2400 5474 2508 5530 Sed
2526 5474 2722 5530 dicunt
2745 5476 3121 5546 exploratores
3144 5476 3579 5547 Scripturarum,

2004 5576 2064 5623 ut
2093 5567 2393 5639 opinantur
2427 5584 2442 5622 :
2478 5566 2537 5622 Si
2566 5569 2904 5624 resurrectio
2924 5585 2991 5622 ex
3022 5571 3258 5624 mortuis
3293 5587 3390 5640 per
3411 5571 3585 5641 Spiri-

2003 5669 2117 5715 tum
2147 5659 2267 5723 Dei,
2298 5658 2625 5729 simpliciter
2653 5658 2882 5728 gloriam
2906 5657 3028 5712 Filii
3064 5659 3158 5714 Dei
3184 5660 3381 5723 tribuit
3413 5659 3587 5713 susci-

2010 5753 2169 5809 tanti.
2220 5750 2498 5820 quomodo
2548 5750 2691 5805 [ilius
2717 5750 2897 5805 vidua:
2928 5751 2999 5805 ab
3035 5752 3179 5815 Elia,
3213 5758 3271 5803 et
3303 5751 3448 5805 ﬁlius
3472 5750 3582 5805 Su-

2002 5842 2291 5899 namitidis
2330 5842 2400 5897 ab
2448 5842 2628 5898 Eliseo
2658 5843 3020 5899 etThabitaa
3072 5844 3256 5906 Petro,
3301 5850 3358 5896 et
3401 5841 3583 5897 caeteri

2005 5936 2396 5993 resuscitantes
2426 5952 2458 5991 a
2496 5936 2729 5992 mortuis
2801 5951 2913 5991 non
2967 5944 3096 5991 sunt
3145 5934 3429 5992 constituti
3484 5935 3580 5991 lilii
