4006 6584
481 482 499 546 1
513 484 614 546 727

1748 479 2062 543 LEONTII
2101 477 2419 540 ΒΥΖΛΝΤΙ
2426 479 2506 540 N1

3608 477 3760 542 i728

477 597 595 654 Dei.
624 595 865 651 Evidens
894 601 991 650 est:
1037 592 1185 664 quod
1214 591 1304 648 isti
1344 607 1445 665 per
1475 599 1808 664 potestatem
1852 594 1972 661 Dei,
1996 601 2059 649 et

2178 591 2295 646 3505
2329 592 2676 664 ὡρίσθησανς
2709 589 2868 661 δῆλον
2905 587 3017 661 γάρ
3053 591 3132 654 ὡς
3179 589 3274 646 καὶ
3317 585 3465 646 οῦτοι
3507 593 3758 662 δυνάμει

478 685 721 758 Spiritus
743 683 1195 764 sanctiﬁcationis
1225 684 1280 737 in
1335 682 1799 738 resuscitantibus
1828 697 1888 738 se
1921 697 2056 752 ope-

479 775 650 830 rantis
669 780 1053 830 surrexerunt.
1079 771 1216 826 Cum
1249 787 1359 826 non
1387 772 1460 825 sit
1495 771 1590 841 qui
1623 771 1749 826 vita:
1773 779 1831 826 et
1862 772 2061 826 mortis

479 874 804 936 potestatem
845 863 1048 918 habeat
1074 869 1274 932 praeter
1315 861 1624 940 Dominum,
1654 861 1750 932 qui
1785 870 1871 917 est
1906 861 2060 916 solus

478 966 676 1013 natura
707 955 936 1026 spiritus
964 954 1271 1016 viviﬁcans,
1306 970 1437 1026 ergo
1463 956 1523 1009 in
1545 956 1636 1009 illo
1663 956 1782 1010 solo
1811 957 1919 1010 Deo
1945 955 2058 1010 vita

478 1049 739 1118 erat,ipse.
757 1047 1599 1114 mortiﬁcatetwiviﬁcat,occidit
1621 1056 1677 1102 et
1694 1047 1879 1102 videre
1903 1047 2054 1110 facit,

487 1140 715 1196 deducit
747 1140 814 1194 ad
875 1139 1115 1194 inferum
1185 1150 1241 1194 et
1268 1138 1782 1203 reducit:evidens
1819 1139 2060 1208 seipsum

479 1247 613 1302 ergo
635 1231 781 1302 quod
815 1246 910 1300 per
937 1231 1212 1300 propriam
1251 1231 1748 1296 resurrectionem,
1773 1231 2062 1286 constituit

479 1323 776 1378 Dominum
808 1321 1002 1377 Filium
1036 1323 1153 1386 Dei,
1184 1337 1296 1378 non
1327 1323 1572 1386 moriens
1610 1337 1736 1378 cum
1786 1333 1949 1393 parte
1976 1325 2060 1393 ip-

482 1415 599 1469 sius
635 1415 893 1478 humana,
937 1414 1062 1469 ideo
1091 1415 1239 1470 Deus
1267 1415 1595 1469 immortalis
1629 1421 1770 1478 erat,
1799 1414 1894 1468 sed
1929 1429 2064 1483 ope-

482 1520 612 1560 rans
644 1520 711 1560 ex
740 1515 891 1574 parte
919 1506 1143 1574 propria
1174 1506 1228 1560 in
1246 1507 1461 1560 actione
1485 1505 1692 1569 divina,
1713 1504 2064 1560 etviviﬁcans

483 1603 692 1664 partem
725 1594 899 1662 ipsius
940 1603 1238 1648 mortuam.
1275 1595 1344 1648 Et
1383 1595 1488 1648 hoc
1521 1593 1758 1648 maxima
1794 1609 1922 1664 pars
1951 1593 2064 1647 vir-

485 1687 618 1742 tutis
672 1686 792 1751 Dei,
829 1685 885 1740 in
917 1701 1018 1740 nos
1103 1685 1396 1740 credentes
1455 1687 1759 1740 secundum
1785 1686 2061 1756 energiam

480 1778 828 1833 auctoritatis
887 1776 1048 1832 fortis
1079 1793 1246 1846 quam
1296 1776 1553 1831 adhibuit
1580 1776 1637 1830 in
1659 1776 1900 1842 Christo,
1939 1792 2065 1832 sus-

483 1870 658 1948 citans
685 1885 810 1924 eum
865 1884 895 1924 a
927 1869 1181 1924 mortuis.
1247 1868 1434 1924 lnfusa
1494 1877 1678 1924 autem
1713 1870 1770 1923 in
1823 1884 1924 1924 nos
1966 1885 2064 1939 per

2160 683 2294 737 Θεοῦ
2346 684 2442 737 καὶ
2487 681 2576 736 διὰ
2606 683 2700 736 τοῦ
2731 681 3049 751 Πνεύματος
3085 681 3193 751 τῆς
3213 681 3529 754 ἁγιωσύνης
3559 686 3655 737 τοῦ
3691 689 3758 740 ἐν

2160 777 2269 839 τοῖς
2317 775 2687 844 ἀναστήσασιν
2737 774 2938 837 αὐτοὺς
2973 774 3332 843 ἐνεργοῦντος
3381 776 3701 845 ἀνέστησαν
3732 796 3748 808 ο

2159 865 2319 936 εἴπερ
2352 865 2428 934 μὴ
2460 865 2576 918 ἔστι
2610 864 2756 932 ζωῆς
2792 865 2887 918 καὶ
2913 862 3145 918 θανάτου
3168 863 3270 932 τὴν
3295 865 3551 929 ἐξουσίαν
3577 867 3748 936 ἔχων,

2160 955 2335 1027 πάρεξ
2361 956 2452 1008 τοῦ
2479 954 2710 1026 Κυρίου,
2735 956 2799 1017 ὃς
2829 956 2947 1007 ἐστι
2966 953 3190 1023 Πνεῦμα
3215 953 3276 1007 τὺ
3294 955 3557 1018 ζωοποιδν
3587 956 3752 1023 φύσει

2165 1051 2324 1121 μόνον
2357 1048 2415 1102 δν
2433 1064 2446 1079 ο
2490 1047 2588 1100 καὶ
2617 1049 2722 1118 γὰρ
2745 1048 2806 1101 ἐν
2836 1045 2987 1116 αὐτῷ
3019 1047 3169 1116 μόνῳ
3197 1047 3276 1116 τῷ
3301 1047 3422 1116 Θεῷ
3461 1048 3582 1116 ζωὴ
3636 1043 3707 1118 ἦν
3731 1085 3749 1110 ,

2162 1141 2256 1195 καὶ
2288 1141 2448 1211 αὐτὸς
2474 1137 2695 1192 θανατοῖ
2726 1138 2821 1190 καὶ
2850 1139 3129 1205 ζωογονεῖ,
3157 1138 3477 1192 ἀποκτείνει
3518 1139 3620 1191 καὶ
3647 1137 3750 1207 ζῇν

2161 1235 2325 1295 ποιεῖ,
2353 1231 2581 1298 κατάγει
2614 1232 2695 1293 εἰς
2722 1229 2848 1301 ᾅδου
2871 1229 2967 1282 καὶ
2983 1229 3177 1296 ἀνάγει
3203 1245 3218 1261 ·
3247 1228 3406 1298 δῆλον
3438 1229 3536 1282 οῦν
3561 1229 3643 1292 ὡς

2162 1324 2354 1377 ἐαυτὸν
2376 1322 2680 1390 ἀναστῆσαι
2701 1360 2718 1383 ,
2752 1320 3101 1392 παρέστησεν
3127 1319 3326 1373 ἑαυτὸν
3359 1321 3490 1373 mw
3534 1319 3680 1372 Θεοῦ
3722 1322 3754 1373 ὁ

2163 1415 2365 1482 Κύριος
2391 1431 2404 1444 ·
2439 1414 2514 1483 μὴ
2551 1411 2828 1470 συνθανὼν
2851 1411 2930 1482 τῷ
2960 1410 3289 1483 ἀνθρωπίνῳ
3321 1410 3492 1464 αὐτοῦ
3531 1411 3704 1481 μέρει
3732 1453 3750 1474 ,

2160 1506 2292 1559 διότι
2312 1505 2577 1568 ἀθάνατος
2611 1501 2742 1567 Θεὸς
2763 1497 2852 1574 ἦν,
2881 1502 2999 1555 ἀλλ’
3031 1500 3270 1572 ἐνεργῶν
3293 1502 3402 1558 ἀπὸ
3427 1503 3634 1571 μέρους
3655 1503 3754 1572 τὴν

2164 1597 2310 1660 ἰδίως
2333 1597 2483 1650 θείαν
2514 1596 2820 1666 ἐνέργειαν,
2849 1594 2943 1648 καὶ
2969 1593 3252 1658 ξωοποιῶν
3284 1594 3343 1646 τὸ
3375 1583 3546 1647 θανδν
3579 1594 3750 1646 αὐτοῦ

2167 1686 2365 1756 μέρος·
2400 1687 2490 1739 καὶ
2522 1684 2677 1739 τοῦτό
2700 1687 2815 1738 ἐστι
2862 1685 2922 1738 τὸ
2967 1683 3307 1754 ὑπερϐάλλον
3361 1684 3600 1753 μέγεθος
3647 1685 3752 1754 τῆς

2163 1777 2442 1847 δυνάμεως
2473 1776 2567 1830 τοῦ
2599 1772 2757 1841 Θεοῦ,
2781 1777 2862 1839 είς
2892 1777 3041 1846 ἡμᾶς
3066 1776 3194 1838 τοὺς
3219 1775 3583 1838 πιστεύοντας
3612 1777 3752 1829 ποατά

2163 1869 2262 1939 τὴν
2315 1869 2598 1939 ἐνέργειαν
2637 1867 2734 1920 τοῦ
2773 1867 3009 1936 κράτους
3058 1868 3154 1932 τῆς
3214 1868 3400 1938 ἰσχύος
3451 1870 3655 1933 αὐτοῦ,
3686 1870 3754 1939 ἢν

481 1944 891 2032 susceptionem
930 1962 1107 2017 sancti
1156 1962 1408 2032 corporis
1442 1963 1582 2032 ejus,
1608 1961 1850 2018 viviﬁcat
1895 1963 2062 2017 etiam

2178 1935 2469 2031 ἐνήργησεν
2495 1961 2552 2014 ὲν
2578 1959 2656 2031 τῷ
2682 1935 2928 2030 Χριστῷ,
2957 1960 3184 2030 ἐγείρας
3205 1935 3372 2014 αύτὸν
3391 1963 3458 2015 ἐκ
3488 1935 3754 2032 νεκρῶν·

484 2061 671 2108 nostra
698 2067 930 2121 corpora
975 2060 1195 2106 mort-ua
1233 2063 1357 2122 post
1386 2060 1644 2114 mortem,
1697 2066 1797 2123 per
1845 2051 2066 2106 inhabi-

483 2153 691 2198 tantem
742 2144 998 2213 spiritum
1043 2143 1138 2198 Dei
1170 2132 1230 2197 iii
1274 2143 1456 2198 nobis.
1491 2143 1665 2214 Igitur
1715 2143 2066 2198 manifestum

483 2240 568 2284 est
615 2231 765 2302 quod
790 2248 900 2286 non
932 2231 1058 2286 ideo
1085 2232 1413 2302 simpliciter
1433 2233 1694 2298 surrexit,
1731 2232 2068 2305 gloriﬁcatus

483 2333 569 2378 est
611 2324 880 2379 Dominus
912 2324 1083 2379 Filius
1127 2324 1249 2388 Dei,
1285 2324 1383 2379 sed
1431 2324 1560 2394 quia
1584 2327 1825 2396 ,pmpria
1863 2325 2068 2381 virtute

485 2414 746 2478 surrexit,
795 2430 921 2469 cum
955 2424 1208 2470 mortuos
1256 2417 1365 2486 jam
1415 2417 1640 2480 multos,
1672 2424 1728 2470 et
1754 2417 1893 2472 alios
1941 2425 2068 2472 ante

486 2513 542 2556 et
568 2513 691 2573 post
718 2502 1002 2558 Christum
1026 2505 1316 2560 suscitabit
1343 2505 1573 2574 spiritus
1607 2505 2069 2562 sanctiﬁcationis

490 2595 546 2649 in
611 2596 817 2666 quibus
887 2610 998 2650 non
1059 2597 1565 2667 superemincntem
1633 2599 2067 2669 magnitudinem

489 2691 611 2760 ejus
643 2689 962 2760 apparuisse
1011 2699 1072 2744 ut
1099 2706 1198 2760 per
1229 2690 1492 2745 virtutem
1518 2689 1700 2745 istam.
1738 2690 1859 2744 Non
1899 2690 2068 2762 igitur

489 2782 609 2835 sine
643 2779 858 2846 ratione
882 2796 989 2836 nec
1023 2795 1122 2850 per
1149 2781 1546 2836 accidentalem
1573 2780 1826 2851 gloriam,
1857 2797 1960 2836 nec
2003 2797 2072 2836 ex

490 2873 726 2942 quodam
773 2873 946 2928 verbo
999 2873 1480 2928 circumstantium
1521 2911 1538 2937 ,
1594 2873 1932 2928 constitutus
1983 2882 2068 2928 est

491 2959 668 3016 Filius
697 2959 1095 3024 Dei:Christus,
1121 2959 1236 3029 {sed
1287 2959 1569 3029 propriam
1589 2959 1850 3016 virtutem
1884 2960 1938 3014 in
1989 2976 2073 3016 re-

492 3051 839 3106 surrectione
865 3051 1116 3121 corporis
1145 3051 1232 3107 sui
1281 3051 1584 3106 ostendens
1612 3052 1878 3107 virtutem
1917 3068 2073 3108 suam

492 3145 735 3200 divinam
759 3160 902 3208 esse,
955 3153 1012 3200 et
1048 3161 1146 3214 per
1206 3145 1468 3199 virtutem
1513 3145 1898 3209 substantiam,
1945 3159 2090 3200 nam.

496 3237 633 3292 ﬁnes
692 3236 830 3291 ﬁunt
872 3235 1224 3296 deﬁnitiones
1281 3251 1470 3290 rerum
1523 3237 1948 3306 subjacentium,
2005 3253 2073 3292 ex

494 3327 948 3384 substantialibus
990 3329 1178 3384 verbis
1204 3329 1490 3400 excipiunt
1524 3329 1802 3400 sapientes
1863 3337 1921 3386 et
1969 3331 2073 3386 hoc

493 3435 659 3475 omne
689 3436 798 3475 non
827 3421 992 3476 debet
1021 3421 1195 3476 latere
1210 3431 1446 3476 vestram
1483 3422 1744 3477 rusticam
1762 3422 2071 3480 scientiam.

500 3513 614 3567 Iloe
653 3512 797 3566 idem
853 3513 1263 3583 sapientissime
1319 3514 1522 3568 clamat
1545 3514 1826 3570 Christum
1875 3514 2072 3568 Filium

497 3604 668 3659 David
719 3620 841 3660 esse
880 3603 1080 3660 Filium
1105 3605 1224 3671 Dei,
1249 3605 1458 3662 idcirco
1493 3621 1565 3661 ex
1607 3607 1699 3662 illa
1722 3606 1926 3662 virtute
1955 3609 2076 3678 ejus

498 3698 556 3753 in
608 3697 1052 3763 resurrectione,
1100 3696 1513 3752 demonstratur
1573 3697 1810 3753 similius
1883 3698 1979 3754 Dei
2020 3700 2077 3754 in

500 3790 826 3852 substantia,
852 3788 909 3843 in
944 3789 1049 3844 hoc
1079 3790 1295 3860 signum
1332 3784 1600 3844 habemus
1650 3789 1718 3845 de
1743 3790 1836 3844 illo
1866 3798 1927 3845 ut
1977 3805 2073 3845 ve-

501 3883 702 3938 rissimi
730 3881 850 3937 Filii
873 3889 1069 3936 natura
1105 3879 1201 3935 Dei
1251 3890 1308 3935 et
1346 3879 1540 3934 Patris.
1596 3878 1688 3934 Sic
1718 3879 1936 3950 agnitus
1989 3889 2077 3936 est

503 3974 673 4029 Filius
713 3963 832 4036 Dei,
859 3971 1162 4027 secundum
1190 3971 1448 4042 spiritum
1479 3969 1960 4038 sanctiﬁcationis,
2008 3986 2077 4028 ex

500 4065 905 4121 resurrectione
926 4073 1292 4119 mortuorum.

1129 4346 1281 4403 CAP.
1315 4342 1405 4403 IV.

571 4441 682 4499 Sed
734 4442 829 4512 qui
858 4441 1168 4512 apostolum
1211 4449 1267 4496 et
1315 4439 1824 4511 archipontiﬁcem,
1855 4440 2076 4512 inquit,

503 4532 628 4590 ﬁdei
655 4541 861 4588 nostra:
917 4547 1026 4585 non
1057 4530 1450 4602 intelligentes,
1485 4530 1630 4598 sicut
1671 4528 1877 4585 Paulus
1921 4546 2078 4585 man-

502 4627 597 4680 dat
629 4624 812 4686 nobis,
875 4623 1063 4680 dicite.
1113 4623 1343 4690 Qualem
1400 4638 1642 4693 unquam
1681 4623 1860 4679 nostis
1891 4639 2076 4680 sacer-

503 4718 686 4772 dotem
706 4715 955 4786 ejusdem
1003 4726 1214 4769 naturze
1240 4730 1306 4770 ac
1353 4715 1632 4768 victimam
1669 4715 1692 4768 ?
1738 4715 1824 4769 vel
1866 4699 2084 4784 qualem

503 4804 812 4876 apostolum
836 4819 945 4856 non
975 4801 1295 4857 inferiorem
1333 4800 1572 4856 mittenti
1601 4803 1768 4857 eum?
1792 4803 1889 4859 Vel
1920 4803 2088 4875 igitur

505 4896 606 4968 qui
661 4903 747 4951 est
779 4895 1024 4950 Verbum
1066 4895 1136 4949 de
1194 4909 1305 4964 quo
1357 4892 1474 4949 haec
1526 4893 1807 4962 dicuntur,
1855 4911 1925 4950 an
1982 4895 2088 4951 erit

508 4986 738 5042 inferior
769 4994 981 5040 naturm
1001 4991 1056 5039 et
1071 4983 1282 5040 ordine
1306 4984 1438 5048 Deo,
1471 4993 1534 5038 ut
1557 4983 1784 5040 videtur
1811 4986 1988 5054 Ario?
2030 4986 2087 5041 Si

508 5077 598 5132 ille
630 5091 740 5131 non
792 5084 879 5129 est
910 5072 1180 5140 Verbum,
1207 5071 1490 5142 oportebit
1534 5072 1775 5142 aliquem
1807 5074 1974 5128 alium
2001 5091 2092 5130 su-

508 5185 607 5239 per
637 5167 877 5223 Verbum
900 5166 1104 5236 ipsum,
1135 5164 1526 5236 presbyterum
1543 5172 1601 5220 et
1644 5164 1938 5222 diaconum
1990 5167 2089 5222 Dei

510 5261 791 5331 cognitum
838 5259 1044 5314 virtute
1101 5256 1288 5320 Verbi.
1321 5254 1431 5311 Sed
1475 5255 1609 5327 quid
1643 5257 1913 5328 majorum
1958 5259 2090 5330 reji-

511 5353 720 5426 cientes
747 5351 1052 5406 divinitatis
1075 5350 1395 5416 verborum,
1428 5357 1484 5404 et
1513 5349 1874 5405 humiliorum
1899 5351 2092 5407 huma-

517 5445 722 5510 nitatis,
749 5444 866 5499 haec
899 5445 1079 5500 solum
1121 5441 1281 5498 nobis
1309 5440 1618 5511 prnducitis
1639 5441 1662 5496 Τ
1687 5441 1799 5497 Nos
1822 5457 1955 5497 vero
2003 5442 2092 5496 di-

513 5539 691 5593 cimus
720 5545 1027 5590 creaturam
1047 5551 1168 5591 esse
1195 5533 1476 5590 Christum
1501 5534 1620 5599 Dei,
1653 5549 1817 5603 quem
1833 5535 2094 5591 novimus

512 5643 633 5684 esse
683 5633 990 5683 creatorem
1037 5626 1305 5680 omnium.
1338 5624 1445 5681 Sed
1466 5641 1577 5680 non
1602 5642 1670 5681 ex
1698 5625 1778 5681 eis
1803 5641 1924 5694 quae
1965 5625 2094 5682 sunt

516 5722 572 5776 in
614 5735 681 5775 eo
733 5716 1108 5791 gloriﬁcamus
1133 5729 1283 5774 certe
1325 5734 1462 5788 quae
1513 5727 1643 5773 sunt
1671 5733 1801 5773 vere
1841 5717 2092 5789 inazqua-

515 5810 757 5867 Eia.Deo
806 5824 940 5865 vero
983 5808 1192 5864 scimus
1232 5817 1289 5862 et
1327 5807 1500 5862 Deum
1541 5818 1590 5864 et
1647 5809 1991 5864 sacerdotem
2037 5818 2094 5865 et

519 5898 801 5954 victimam
835 5911 955 5954 esse
993 5895 1172 5968 ipsum
1191 5893 1492 5961 Christum,
1533 5912 1645 5951 non
1673 5912 1808 5952 vero
1851 5897 1979 5968 quia
2007 5913 2094 5952 sa-

2169 2051 2476 2125 ἐνδιδομένη
2512 2051 2620 2123 γὰρ
2651 2052 2859 2114 καὶείς
2915 2053 3063 2122 ἡμᾶς
3105 2052 3196 2104 διὰ
3239 2053 3342 2122 τῆς
3393 2054 3756 2124 μεταληψεως

2166 2144 2262 2197 τοῦ
2307 2143 2465 2212 ἁγίου
2517 2141 2683 2198 αὐτοῦ
2715 2144 2991 2212 σώματος,
3047 2140 3303 2206 ζωοποιεῖ
3336 2144 3431 2198 καὶ
3466 2146 3542 2198 τὰ
3583 2145 3756 2214 θνητὰ

2171 2235 2399 2307 σώματα
2443 2235 2599 2304 ἡμῶν
2648 2234 2786 2305 μετά
2833 2233 3097 2298 θάνατον,
3130 2235 3221 2288 διὰ
3262 2236 3358 2288 τοῦ
3407 2236 3757 2301 ἐνοικοῦντος

2170 2326 2314 2380 θείου
2349 2325 2516 2380 αὐτοῦ
2557 2326 2872 2395 Πνεύματος
2901 2328 2959 2380 ἐν
2989 2329 3120 2397 ἡμῖν
3151 2343 3164 2356 ·
3202 2326 3400 2381 οὐκοῦν
3456 2330 3632 2394 σαφὲς
3677 2330 3758 2381 δτι

2169 2417 2230 2469 ού
2251 2417 2386 2470 διότι
2403 2417 2602 2488 ἀνέστη
2632 2417 2839 2484 ἁπλῶς,
2874 2417 3135 2488 ἐδοξάσθη
3157 2419 3284 2482 Υἱὸς
3313 2417 3496 2472 Θεοῦό
3521 2419 3756 2489 Κύριος,

2171 2506 2286 2562 ἀλλ’
2317 2509 2398 2562 ὅτι
2451 2509 2560 2579 ἰδίᾳ
2593 2509 2820 2580 δυνάμει
2840 2527 2852 2539 ⁶
2903 2511 3021 2564 ἐπεὶ
3053 2512 3282 2580 νεκροὺς
3321 2511 3420 2581 ἢδη
3452 2511 3757 2574 πλείστους

2172 2599 2265 2652 καὶ
2303 2597 2496 2661 ἄλλους
2531 2599 2795 2669 πρότερον
2829 2600 2922 2652 καὶ
2955 2601 3093 2670 μετά
3123 2601 3359 2670 Χριστὸν
3387 2601 3661 2669 ἀνέστησε
3697 2603 3760 2654 τὸ

2173 2689 2398 2760 Πνεῦμα
2421 2690 2520 2761 τῆς
2556 2691 2888 2762 ἁγιωσύνης,
2918 2691 2976 2743 ἐν
3004 2684 3086 2754 οἷς
3123 2691 3184 2743 οὐ
3217 2691 3438 2759 λέγεται
3474 2693 3540 2745 τὸ
3582 2694 3760 2762 ὑπερ-

2173 2782 2365 2836 ϐάλλον
2401 2766 2629 2853 μέγεθος
2651 2781 2827 2836 ⁴αὐτοῦ
2849 2823 2863 2848 ,
2892 2781 3082 2853 ὥσπερ
3111 2781 3254 2836 κατὰ
3281 2782 3380 2852 τὴν
3417 2784 3575 2853 ἰσχὺν
3624 2783 3760 2837 ταύ-

2173 2895 2293 2946 την,
2326 2877 2621 2945 ἐμφανίσαι
2646 2891 2661 2907 ⁶
2689 2877 2789 2930 οῦκ
2815 2875 3026 2942 ἀλόγως
3065 2873 3182 2938 οῦν,
3221 2875 3343 2928 οὐδέ
3387 2875 3499 2928 ἀπὸ
3530 2874 3634 2943 τῆς
3663 2892 3761 2926 su-

2175 2969 2376 3040 χούσης
2399 2968 2579 3037 δόξης,
2605 2968 2726 3022 ούδέ
2746 2968 2860 3038 μὴν
2887 2970 2950 3020 ἐκ
2975 2967 3134 3035 λόγου
3171 2967 3320 3028 τινὸς
3346 2967 3454 3018 τῶν
3478 2965 3763 3034 συμϐεϐη-

2176 3064 2373 3124 κότων,
2405 3062 2612 3132 ὡρίσθη
2641 3061 2770 3121 Υἱὸς
2797 3060 2933 3114 Θεοῦ
2965 3059 3219 3130 Χριστὸς,
3258 3057 3373 3112 ἀλλ’
3399 3061 3462 3112 ἐκ
3484 3060 3588 3128 τῆς
3619 3059 3763 3124 κατὰ

2175 3155 2277 3225 τὴν
2305 3154 2600 3209 ἀνάστασιν
2632 3152 2727 3206 τοῦ
2757 3152 3006 3223 σώματος
3040 3151 3204 3206 αὑτοῦ
3221 3149 3506 3221 ἐνεργείας
3529 3191 3545 3216 ,
3577 3168 3763 3221 παρα-

2178 3248 2384 3318 στήσας
2410 3247 2580 3324 ὄντως
2607 3245 2759 3299 θείαν
2791 3245 2956 3298 αὑτοῦ
3012 3241 3153 3298 εἶναι
3184 3245 3283 3314 τὴν
3316 3243 3571 3313 δύναμιν,
3617 3246 3683 3296 ἐκ
3706 3244 3764 3296 δὲ

2179 3339 2279 3406 τῆς
2315 3339 2616 3408 δυνάμεως,
2643 3337 2740 3409 τὴν
2765 3337 2954 3389 οὐσίαν
2975 3335 3186 3407 ὀἰγάρ
3207 3337 3321 3406 ὅροι
3340 3335 3515 3389 εἷτουν
3545 3336 3766 3405 όρισμοὶ

2179 3429 2288 3482 τῶν
2341 3429 2716 3498 ὑποκειμένων
2773 3428 3117 3499 πραγμάτων
3147 3467 3162 3490 ,
3213 3428 3277 3480 ἐκ
3326 3426 3435 3478 τῶν
3486 3426 3767 3478 ούσιωδῶν

2178 3520 2546 3591 λαμὸάνονται
2569 3520 2766 3588 λόγων,
2795 3513 2840 3573 ὦ
2863 3519 3017 3587 σοφοὶ
3047 3518 3177 3588 παρ’
3208 3519 3421 3579 ἑαυτοῖς
3444 3534 3459 3548 ⁸
3491 3516 3768 3570 καὶτοῦτο

2161 3613 2299 3672 ,ὅλον
2321 3613 2420 3665 οὐκ
2438 3611 2636 3682 ὤφειλε
2666 3612 2848 3665 λαθεῖν
2869 3613 2968 3683 τὴν
2991 3609 3263 3680 ὑμετέραν
3295 3609 3482 3678 ἀμαθῆ
3522 3607 3770 3676 πολυμά-

2183 3703 2333 3758 θειαν
2357 3721 2370 3735 ·
2397 3704 2513 3757 τόδε
2543 3702 2634 3756 οῦν
2663 3703 2795 3757 αὐτὸ
2828 3702 3143 3770 σαφέστατα
3175 3699 3273 3770 βοᾷ
3307 3699 3396 3753 τὸν
3431 3699 3563 3752 Υἱὺν
3602 3697 3771 3751 Δαειδ

2182 3795 2417 3866 Χριστὸν
2441 3793 2534 3848 καὶ
2553 3793 2682 3846 Υίδν
2702 3792 2838 3846 Θεοῦ
2858 3788 2997 3846 εἶναι
3020 3809 3034 3823 ο
3062 3791 3197 3845 διότι
3219 3791 3278 3856 ἐξ
3307 3791 3476 3860 αὐτῆς
3496 3790 3600 3859 τῆς
3621 3792 3771 3843 κατά

2182 3885 2281 3954 τὴν
2306 3884 2604 3938 ἀνάστασιν
2627 3881 2793 3936 αὐτοῦ
2821 3882 3105 3952 ἐνεργείας
3126 3923 3144 3946 ,
3177 3883 3363 3952 ὅμοιος
3396 3879 3518 3950 Θεῷ
3548 3881 3650 3949 τὴν
3681 3881 3770 3934 οῦ-

2187 3975 2308 4029 σίαν
2329 3975 2597 4029 δέδεικται
2616 3991 2632 4005 ·
2655 3974 2748 4029 καὶ
2774 3973 2936 4028 τοῦτο
2957 3974 3256 4045 τεκμήριον
3278 3973 3474 4043 ἔχομεν
3504 3973 3640 4043 περὶ
3670 3975 3770 4026 αὖ-

2181 4068 2299 4131 τοῦ,
2321 4067 2397 4132 ὡς
2420 4067 2793 4138 γνησιωτάτου
2819 4065 2962 4121 Υίοῦ,
2983 4067 3143 4135 φύσει
3185 4065 3282 4118 τοῦ
3315 4065 3450 4119 Θεοῦ
3496 4065 3592 4118 καὶ
3653 4067 3771 4118 Πα-

2183 4161 2311 4230 τρός
2340 4176 2354 4190 ο
2386 4158 2561 4222 οὕτως
2594 4155 2686 4213 οὖν
2715 4159 2930 4230 ὡρίσθη
2955 4159 3085 4223 Υίὸς
3123 4159 3282 4225 Θεοῦ,
3337 4157 3482 4213 κατά
3535 4158 3773 4230 Πνεῦμα

2185 4250 2517 4321 ἁγιωσύνης,
2542 4249 2600 4315 ἐξ
2623 4250 2970 4314 ἀναστάσεως
2991 4250 3224 4322 νεκρῶν.

2793 4341 3044 4398 ΚΕΦΑΛ.
3097 4345 3170 4396 Δ⁹.

2256 4433 2398 4488 Ἀλλ’
2428 4433 2478 4488 oi
2513 4433 2606 4488 τὸν
2650 4432 2948 4488 ἀπόστολον
2998 4433 3094 4486 καὶ
3138 4432 3402 4504 ἀρχιερέα
3422 4473 3440 4497 ,
3476 4432 3634 4502 φησι,
3673 4434 3777 4503 τῆς

2188 4525 2424 4588 πίστεως
2445 4523 2604 4596 ἡμῶν
2630 4523 2711 4594 μὴ
2743 4523 3134 4586 κατανοοῦντες
3155 4562 3170 4589 ,
3197 4522 3382 4587 καθὼς
3423 4524 3645 4587 Παῦλος
3689 4527 3776 4578 ἐν·

2109 4622 2154 4678 D
2181 4615 2424 4670 τέλλεται
2454 4615 2605 4685 ύμῖν,
2638 4615 2851 4679 εἷπατε,
2884 4617 3046 4668 Ποῖον
3072 4617 3186 4670 ἴστε
3216 4617 3368 4688 ἱερέα
3392 4618 3674 4688 ταυτοφυῆ
3696 4619 3776 4688 τῷ

2191 4705 2591 4776 ίερατευομένῳ
2633 4705 2804 4772 ποτέ;
2849 4705 3028 4777 ἢτίνα
3067 4707 3364 4761 ἀπόστολον
3406 4708 3506 4778 οὐχ
3579 4709 3774 4762 ὑποτε-

2188 4798 2460 4869 ταγμένον
2491 4796 2571 4868 τῷ
2596 4797 2802 4851 ἀποστὲ
2813 4798 2983 4852 ίλαντι
3004 4798 3169 4852 αὐτόν
3189 4815 3203 4863 ;
3227 4799 3260 4872 ἢ
3287 4796 3383 4854 οὖν
3407 4803 3436 4853 ὁ
3457 4801 3638 4868 Λόγος
3672 4801 3773 4866 ὢν,

2189 4892 2320 4962 περὶ
2345 4883 2406 4944 οὗ
2440 4891 2565 4944 τάδε
2607 4889 2846 4960 εἴρηται,
2879 4891 3041 4954 αὐτὸς
3069 4892 3248 4960 ἥττων
3294 4893 3413 4947 ἐστὶ
3462 4893 3624 4962 φύσει
3679 4895 3775 4948 καὶ

2189 4982 2340 5048 τάξει
2368 4981 2464 5036 τοῦ
2510 4979 2688 5045 Θεοῦ,
2731 4982 2810 5042 ὡς
2858 4982 3054 5053 ’Δρείῳ
3086 4982 3276 5050 δοκεῖ;
3325 4985 3380 5036 εί
3433 4985 3645 5048 ἐκεῖνος
3699 4987 3775 5056 μὴ

2191 5072 2360 5137 ἔστιν,
2384 5072 2572 5144 ἔτερόν
2598 5088 2722 5125 τινα
2751 5073 2901 5142 παρὰ
2919 5073 3010 5126 τὸν
3027 5073 3198 5141 Λόγον
3218 5074 3382 5127 αὑτὸν
3413 5071 3774 5144 εἷναιδεήσει,

2191 5163 2282 5219 τὸν
2307 5155 2622 5236 λειτουργόν
2647 5181 2709 5218 τε
2729 5165 2824 5218 καὶ
2854 5164 3100 5219 διάκονον
3127 5164 3266 5219 Θεοῦ
3288 5167 3582 5234 νοούμενον
3615 5170 3775 5237 ἐνερ-

2192 5256 2317 5329 γείᾳ
2344 5255 2440 5310 τοῦ
2471 5255 2672 5325 Λόγου.
2714 5255 2878 5310 Ἀλλὰ
2902 5256 2954 5310 τί
2973 5257 3039 5328 δὴ
3065 5257 3177 5311 τῶν
3220 5256 3482 5327 μειζόνων
3511 5259 3774 5328 ἀφέμενοι

2192 5349 2294 5418 τῆς
2325 5348 2580 5420 θεότητος
2619 5347 2833 5417 Λόγων,
2882 5349 2980 5403 καὶ
3024 5351 3135 5404 τῶν
3163 5350 3526 5421 πτωχοτέρων
3549 5354 3651 5419 τῆς
3677 5352 3773 5404 ἀνα

2193 5441 2564 5511 θρωπότητος,
2591 5439 2765 5495 ταῦτα
2796 5443 2928 5512 ἡμῖν
2957 5441 3116 5513 μόνον
3140 5433 3419 5512 παράγετε
3441 5458 3456 5506 ;
3479 5444 3646 5512 ἡμεῖς
3666 5443 3773 5512 γὰρ

2195 5532 2289 5588 καὶ
2319 5535 2530 5606 κτίσμα
2557 5536 2736 5606 φαμὲν
2766 5531 2906 5588 εἶναι
2935 5533 3072 5588 Θεοῦ
3111 5534 3202 5590 τὸν
3235 5536 3401 5589 αὐτόν
3434 5535 3695 5607 Χριστὸν,
3717 5535 3774 5587 δν

2197 5628 2292 5681 καὶ
2317 5627 2562 5697 Κτίστην
2587 5628 2847 5681 ἁπάντων
2860 5627 3084 5698 οίδαμεν
3120 5645 3135 5660 ·
3182 5627 3298 5682 ἀλλ’
3327 5629 3428 5683 οῦκ
3449 5631 3524 5682 ’ἐκ
3550 5629 3647 5682 τοῦ
3676 5628 3774 5682 αὺ-

2194 5714 2290 5769 τοῦ
2317 5715 2429 5769 τῶν
2451 5718 2508 5770 ἐν
2536 5714 2686 5787 αὐτῷ
2712 5716 2779 5770 τὰ
2802 5715 2970 5780 ὅντως
3000 5717 3161 5772 ἄνισα
3184 5717 3502 5782 δοξάζοντες
3528 5717 3731 5790 δηλαδή
3755 5733 3772 5748 ο

2196 5805 2271 5877 τῷ
2308 5824 2390 5860 τοι
2424 5807 2554 5878 ἄρα,
2588 5807 2682 5861 καὶ
2720 5805 2854 5860 Θεὸν
2883 5810 2980 5861 καὶ
3009 5809 3166 5880 ἱερέα
3232 5810 3330 5863 καὶ
3357 5807 3528 5880 θῦμα,
3559 5810 3651 5864 τὸν
3685 5809 3777 5864 αύ-

2199 5899 2288 5956 τὺν
2315 5896 2455 5954 εἶναι
2484 5898 2642 5971 ἴσμεν
2663 5899 2899 5970 Χριστόν
2924 5917 2939 5932 ο
2965 5899 3042 5972 μὴ
3067 5899 3177 5970 γὰρ
3199 5901 3284 5954 ὅτι
3314 5900 3498 5973 ἱερεὺς
3535 5901 3772 5972 λέγεται,
