4042 6568
295 514 437 579 17'29

1254 515 1647 577 ADVERSUS
1682 512 2229 577 NESTORIANOS.
2251 541 2321 552 —
2346 518 2492 585 LIB.
2532 519 2599 582 V.

3414 523 3550 588 17.30
3655 483 3659 487 ’

283 629 495 699 λάτρης
529 625 625 680 καὶ
659 626 975 696 λειτουργὸς
1009 629 1170 698 μόνον
1201 628 1330 698 ύμῖν
1360 627 1611 681 ἐντεῦθεν
1634 628 1862 682 νοείσθω

1969 627 2160 681 cerdos
2193 628 2425 693 dicitur,
2472 628 2733 684 adorator
2759 640 2815 685 et
2846 630 3191 687 sacriﬁcator
3236 633 3413 688 solum
3450 638 3546 693 Dei

285 720 451 784 Θεοῦ,
481 718 622 772 κατὰ
650 718 743 773 τὸν
772 719 864 771 ἐπὶ
890 721 1090 783 παντὸς
1116 719 1303 791 ἱερέως
1340 720 1750 790 λαμϐανόμενον
1777 722 1862 773 λό-

282 828 383 879 γον
413 827 427 839 ·
470 808 584 864 ἀλλ’
605 811 688 862 ὅτι
715 808 810 862 τοῦ
845 809 1010 863 αὑτοῦ
1049 810 1376 864 ’Δποστόλου
1420 811 1662 882 περὶτοῦ
1698 811 1860 865 αὑτοῦ

282 903 381 956 καὶ
409 900 569 955 πάλιν
587 899 837 968 λέγοντος
854 901 1043 969 ἱερέως
1070 899 1298 953 ἀκούετε
1320 918 1334 930 σ
1365 902 1618 954 Τοιοῦτον
1648 900 1865 972 ἔχοντες

284 994 551 1065 ἀρχιερέα
570 1032 586 1055 ,
632 992 690 1055 6;
720 991 973 1051 ἐκάθισεν
998 994 1056 1045 ἐν
1079 992 1231 1063 δεξιᾷ
1252 993 1346 1047 τοῦ
1378 993 1570 1062 θρόνου
1610 993 1710 1065 τῆς
1763 1012 1862 1065 με-

283 1084 628 1156 γαλωσύνης,
658 1087 715 1139 ἐν
739 1085 850 1146 τοῖς
876 1084 1238 1153 ἐπουρανίοις.
1260 1085 1401 1138 Αὐτὸ
1429 1085 1586 1139 τοῦτο
1610 1086 1639 1139 6
1661 1087 1864 1158 ύπορή-

287 1194 420 1231 σατε
444 1179 574 1248 ἡμῖν
605 1179 660 1227 ἐν
688 1176 905 1238 ἑαυτοῖς
939 1178 1215 1241 σκοπεῖτε,
1252 1178 1336 1230 ὅτι
1366 1176 1466 1229 οὐκ
1494 1177 1643 1231 ἐστιν
1673 1178 1863 1247 ίερέως

284 1269 348 1323 τὸ
388 1267 678 1337 σύνθρονον
727 1263 866 1320 εἶναι
914 1265 993 1337 τῷ
1042 1268 1438 1339 ἱερατευομένῳ
1481 1268 1578 1321 atat
1607 1269 1865 1341 σύντιμον

287 1361 385 1414 καὶ
420 1360 694 1430 ὁμόδοξον,
715 1358 853 1413 ἀλλά
880 1377 1021 1423 τινος
1054 1359 1305 1429 ἰσοφυοῦς
1333 1361 1428 1413 καὶ
1455 1361 1759 1424 ίσοσΘενοῦς
1788 1362 1864 1433 τῷ

286 1451 486 1521 ἐνδόξῳ
512 1450 630 1522 Θεῷ
661 1470 679 1485 ο
736 1452 931 1505 οὕιιουν
964 1453 1073 1523 ἄρα
1122 1452 1197 1515 ὡς
1246 1452 1427 1523 ἱερεὺς
1465 1453 1864 1522 συγκαθέζεται

288 1542 410 1614 Θεῴ
458 1544 517 1596 ἐν
562 1542 811 1614 οὐρανοῖς
848 1543 876 1595 6
910 1545 1087 1615 ἱερεὺς
1119 1544 1213 1597 τοῦ
1255 1545 1390 1598 Θεοῦ
1436 1545 1725 1615 γενόμενος
1773 1549 1864 1598 ἐπὶ

286 1635 415 1705 γῆς,
471 1635 565 1688 καὶ
606 1637 708 1703 τὴν
755 1634 891 1688 ἰδίαν
933 1636 1114 1705 σάρκα
1139 1637 1502 1707 ἱερουργήσας
1548 1636 1666 1706 Θεῷ
1693 1676 1709 1702 ,
1770 1638 1864 1690 καὶ

285 1723 581 1793 ἀναγαγὼν
608 1725 778 1795 αὐτὴν
823 1725 959 1797 πρὸς
1000 1726 1155 1790 Θεὸν,
1191 1724 1307 1779 ἀλλ’
1352 1725 1427 1789 ὡς
1475 1726 1569 1780 καὶ
1613 1726 1745 1793 Θεὸς
1788 1726 1863 1781 ὢν

287 1815 509 1887 ἀληθῶς
538 1814 568 1870 6
594 1814 785 1879 αὑτός.

887 1929 1143 1983 ΚΕΦΔΛ.
1180 1929 1258 1984 E'.

362 2040 723 2093 Βασανιστέον
743 2032 925 2093 δὲ’καὶ
954 2039 1016 2092 τὸ
1064 2038 1316 2110 ἁτρανῶς
1363 2038 1465 2108 μὲν
1494 2040 1587 2092 καὶ
1612 2038 1864 2110 ἀθάρσως

288 2131 440 2201 ὅμως
486 2132 545 2182 ἐν
583 2129 827 2183 πλείοσιν
873 2130 1052 2183 αὐτῶν
1104 2129 1553 2200 ἐπιχειρούμενον
1578 2145 1593 2160 ·
1631 2130 1865 2183 δεδόσθω

288 2221 421 2290 γὰρ,
479 2221 649 2287 φασὶ,
694 2221 837 2277 κατὰ
888 2221 1195 2291 συνδρομὴν
1243 2218 1382 2273 εἶναι
1441 2222 1565 2273 καθ’
1596 2222 1742 2290 ὑμᾶς
1771 2221 1864 2273 καὶ

288 2312 421 2375 θεὸς
465 2314 493 2365 ό
514 2313 677 2375 αὐτὸς
721 2313 955 2383 Χριστός
990 2329 1005 2344 ⁸
1034 2316 1062 2366 6
1087 2313 1145 2366 δὲ
1180 2311 1391 2383 Ἰησοῦς
1417 2353 1434 2379 ,
1460 2312 1514 2364 τί
1541 2313 1669 2383 ύμῖν
1722 2309 1863 2365 εἶναι

288 2405 471 2468 δοκεῐ;
499 2404 558 2457 οὺ
580 2405 689 2475 γὰρ
712 2404 777 2475 δὴ
804 2404 899 2459 καὶ
933 2404 1094 2458 αὑτὸν
1125 2405 1298 2473 Λόγον
1325 2404 1419 2457 καὶ
1451 2404 1628 2474 σάρκα
1654 2406 1825 2475 ἐρεῖτε
1846 2420 1862 2436 ·

289 2495 341 2547 εἰ
366 2497 478 2566 γὰρ
505 2497 598 2548 καὶ
633 2496 798 2558 αὐτὸς
830 2496 1035 2566 ὁμοίως
1079 2495 1209 2560 Θεὸς
1230 2537 1246 2563 ,
1295 2495 1453 2565 δῆλον
1481 2495 1556 2559 ὡς
1581 2496 1681 2549 ούκ
1709 2496 1796 2548 ἀεὶ
1837 2497 1866 2549 6

291 2588 548 2658 Χριστὸς,
574 2588 705 2650 Θεός
732 2602 746 2618 ⁸
770 2586 997 2657 cev-7&9
1036 2586 1248 2657 Ἰησοῦν
1286 2589 1344 2640 ὃν
1372 2604 1511 2657 φατε
1536 2586 1668 2639 Θεὸν
1693 2627 1708 2653 ,
1740 2586 1865 2640 τοῦ-

290 2694 385 2731 τον
424 2680 519 2731 καὶ
559 2664 899 2748 Κύριονᾞιαὶ
930 2678 1164 2748 Χριστὸν
1184 2679 1212 2730 6
1244 2678 1375 2740 Θεὸς
1408 2677 1654 2748 ἐποίησε,
1679 2676 1867 2745 σαφῶς

290 2774 507 2842 εῐρηται
541 2787 555 2802 ⁸
591 2772 689 2839 οὐχ
733 2770 761 2823 6
814 2766 882 2839 ἦν
907 2768 999 2823 οῦν
1040 2770 1070 2821 6
1133 2768 1339 2839 Ἰησοῦς
1389 2770 1567 2822 είτουν
1617 2769 1819 2839 Κύριος
1849 2806 1865 2832 ,

292 2863 449 2915 τοῦτο
482 2863 675 2931 γέγονε
727 2861 973 2931 ποιηθεὶς
1022 2861 1260 2931 Χριστὸς
1290 2860 1385 2913 καὶ
1416 2860 1615 2932 Κύριος
1648 2878 1662 2893 ο
1691 2861 1869 2923 οὐδεὶς

293 2955 404 3025 γὰρ
437 2953 649 3022 γίνεται
692 2953 721 3005 6
762 2954 910 3005 ἐστιν
942 2968 955 2983 ·
998 2952 1106 3005 οὐδ’
1139 2952 1246 3023 ἄρα
1274 2950 1366 3004 οῦν
1399 2952 1529 3014 Θεὸς
1556 2951 1642 3004 ἀεί
1667 2954 1814 3004 ἐστιν
1840 2953 1869 3004 6

306 3043 512 3113 Ἰησοῦς
534 3085 550 3111 ,
581 3043 708 3096 ἐπεὶ
762 3044 902 3113 μηδέ
950 3042 1157 3114 Κύριός
1186 3045 1335 3097 ἐστιν
1354 3059 1367 3072 ·
1403 3045 1450 3096 εί
1480 3044 1538 3097 δέ
1571 3045 1599 3095 ὁ
1627 3043 1724 3113 μὲν
1766 3044 1871 3114 ἰη-

298 3138 425 3200 σοῦς
449 3136 759 3207 ἄνθρωπος,
786 3136 815 3188 6
843 3136 900 3189 δὲ
940 3135 1176 3205 Χριστὸς
1222 3136 1355 3199 Θεὸς
1385 3137 1514 3205 ὑμῖν
1544 3139 1744 3190 νοεῖται
1769 3178 1785 3201 ,
1833 3136 1866 3207 ἢ

301 3229 462 3299 μόνον
520 3229 654 3289 Θεὸς
708 3226 862 3279 ἔσται
910 3225 1100 3299 ὥσπερ
1144 3229 1173 3280 6
1241 3227 1448 3296 Λόγος,
1500 3230 1596 3281 καὶ
1627 3229 1656 3280 6
1698 3228 1870 3296 Λόγος

1972 718 2132 774 vobis
2164 720 2290 774 ideo
2347 731 2629 790 appareat,
2688 738 2813 776 nam
2855 723 3275 795 intelligendum
3316 727 3546 782 verbum

1969 824 2136 880 supra
2175 826 2395 865 omnem
2429 812 2797 878 sacerdotem,
2818 815 2910 868 sed
2951 816 3187 884 apostoli
3223 818 3326 886 ipsi
3356 818 3424 873 de
3448 836 3545 874 εο-

1969 900 2094 956 dem
2146 910 2201 956 et
2233 916 2429 956 rursus
2452 902 2714 971 loquente
2762 904 3049 960 sacerdote
3093 908 3303 963 audite.
3357 909 3545 965 Taicm

1970 990 2238 1046 habentes
2283 992 2599 1061 pontificem
2648 994 2743 1062 qui
2775 994 2932 1049 sedet
2980 998 3051 1051 ad
3095 1001 3304 1055 dextris
3360 1003 3545 1058 throni

1970 1083 2368 1154 magnitudinis
2399 1086 2452 1138 in
2474 1086 2648 1139 curiis.
2687 1086 2801 1140 Hoc
2815 1086 2994 1156 ipsum
3022 1088 3168 1157 quod
3197 1093 3459 1162 etfugitis,
3489 1096 3544 1149 in

1968 1175 2381 1245 vobismetipsis
2413 1176 2616 1243 videte,
2666 1178 2813 1246 quod
2838 1194 2951 1233 non
2981 1189 3066 1234 est
3093 1183 3401 1238 sacerdmis
3425 1201 3547 1240 esse

1970 1265 2033 1318 in
2083 1266 2282 1319 throno
2333 1258 2457 1321 cum
2519 1267 2629 1322 Deo
2668 1282 2805 1333 suo,
2845 1283 2949 1323 nec
3000 1269 3057 1323 in
3095 1272 3288 1325 eodem
3338 1275 3545 1331 honore

1969 1362 2025 1407 et
2077 1355 2268 1408 eadem
2318 1355 2513 1426 gloria,
2563 1356 2657 1410 sed
2708 1365 2794 1412 est
2824 1358 3071 1428 ejusdem
3096 1369 3307 1415 naturae
3361 1375 3417 1418 et
3448 1382 3545 1434 po-

1968 1442 2155 1496 tentiae
2209 1459 2333 1497 cum
2379 1445 2625 1515 glorioso
2656 1447 2799 1513 Deo;
2850 1449 3018 1519 igitur
3054 1458 3114 1503 ut
3157 1452 3416 1508 sacerdos
3454 1470 3544 1509 sc-

1970 1533 2063 1588 dct
2087 1550 2210 1587 eum
2236 1535 2347 1590 Deo
2372 1536 2425 1590 in
2468 1537 2625 1591 caelis
2664 1539 3032 1607 quisaccrdos
3054 1542 3150 1596 Dci
3182 1543 3356 1597 factus
3377 1555 3461 1598 est
3491 1547 3544 1599 in

1972 1634 2138 1690 terra,
2172 1627 2532 1697 etpropriam
2578 1644 2801 1685 carnem
2852 1647 3017 1701 quam
3051 1634 3383 1689 sacriﬁcavit
3436 1638 3546 1690 Deo

1970 1725 2259 1785 postquam
2322 1718 2629 1774 introduxit
2660 1721 2805 1792 apud
2863 1723 3059 1792 Deum,
3125 1725 3223 1780 sed
3268 1742 3393 1780 cum
3455 1729 3528 1781 sit

1969 1809 2116 1864 Deus
2148 1824 2312 1864 verus
2343 1810 2481 1881 ipse.

2606 1920 2758 1977 CAP.
2797 1921 2863 1976 ν.

1898 2010 1941 2065 Β
1968 2030 2170 2087 Stricte
2199 2032 2365 2087 etiam
2392 2036 2820 2093 examinandum
2843 2050 3325 2110 estargumentum
3354 2058 3548 2098 eorum

1965 2123 2113 2191 quod
2152 2124 2397 2192 plerique
2427 2125 2667 2181 obscure
2697 2128 2863 2203 simul
2908 2138 2964 2182 et
3000 2130 3303 2186 dubitative
3338 2141 3544 2188 tenent.

1964 2212 2329 2278 Concedatur,
2357 2217 2533 2279 aiunt;
2568 2217 2874 2272 secundum
2897 2236 3025 2289 ,vos
3073 2238 3172 2291 per
3207 2239 3542 2277 concursum

1964 2310 2021 2354 et
2053 2302 2223 2356 Deum
2261 2305 2444 2371 ipsum
2473 2302 2780 2359 Christum.
2810 2306 2973 2361 Jesus
3014 2320 3195 2361 autem
3227 2310 3359 2377 quid
3385 2310 3546 2363 vobis

1965 2408 2085 2446 esse
2118 2394 2385 2447 videtur?
2419 2396 2536 2448 Non
2560 2398 2706 2449 enim
2738 2408 2885 2451 certe
2919 2409 2975 2452 et
3001 2402 3185 2467 ipsum
3222 2402 3456 2454 Verbum
3489 2412 3547 2456 et

1966 2499 2185 2536 carnem
2206 2485 2423 2538 dicetis.
2454 2486 2511 2538 Si
2539 2488 2751 2541 etenim
2770 2499 2828 2542 et
2861 2490 2978 2557 ipse
3004 2492 3232 2559 pariter,
3260 2493 3403 2547 Deus
3428 2510 3545 2548 ma-

1965 2571 2227 2624 nil‘estum
2254 2573 2525 2640 quodnon
2543 2589 2761 2643 semper
2792 2576 3182 2642 fuitChrisms,
3209 2580 3369 2634 Deus.
3412 2582 3547 2635 Nam

1966 2664 2223 2718 eumdem
2255 2666 2445 2719 Jesum
2484 2682 2649 2736 quem
2697 2669 2882 2724 dicitis
2914 2671 3109 2736 Deum,
3171 2674 3316 2728 Deus
3354 2676 3558 2731 recitet

1968 2755 2137 2810 Deum
2170 2766 2226 2810 ct
2257 2757 2538 2812 Christum
2565 2777 2578 2824 ;
2602 2760 2708 2815 hoc
2728 2762 2875 2816 clare
2894 2763 3128 2817 -dictum
3150 2776 3252 2819 est.
3286 2767 3404 2821 Non
3421 2783 3559 2837 ergo

1968 2849 2115 2917 quod
2137 2861 2257 2904 erat
2273 2851 2433 2905 Jesus
2457 2853 2572 2906 sive
2596 2853 2883 2917 Dominus,
2915 2856 3021 2910 hoc
3037 2857 3269 2911 effectus
3288 2870 3372 2911 est
3393 2858 3553 2914 Chri-

1969 2952 2088 2995 stus
2114 2957 2178 2996 ac
2204 2944 2471 2998 Dominus
2503 2946 2700 2999 factus.
2736 2946 2911 3000 Nemo
2943 2950 3092 3002 enim
3141 2950 3203 3003 ﬁt
3244 2952 3389 3018 quod
3416 2963 3503 3006 est
3534 2994 3548 3005 .

1968 3033 2089 3088 Non
2116 3049 2337 3103 semper
2391 3037 2561 3106 igitur
2606 3039 2753 3093 Deus
2801 3041 2907 3093 fuit
2958 3041 3141 3107 Jesus,
3177 3058 3302 3096 cum
3333 3058 3444 3098 non
3481 3047 3556 3100 sit

1970 3125 2250 3180 Dominus.
2282 3124 2338 3180 Si
2381 3143 2625 3197 veroque
2689 3130 2852 3186 Jcsus
2896 3131 3065 3185 homo
3119 3132 3262 3187 idem
3298 3134 3557 3190 Christus

1969 3200 2116 3269 Deus
2153 3215 2316 3269 vobis
2362 3225 2533 3271 notus
2562 3225 2650 3271 est
2676 3260 2691 3282 ,
2716 3220 2804 3273 vel
2848 3221 3025 3274 solum
3051 3222 3196 3276 Deus
3221 3224 3330 3278 erit
3356 3234 3555 3293 utpote

296 3318 555 3391 Χριστὸς,
586 3318 683 3370 καὶ
716 3317 825 3391 πρὸ
856 3318 956 3387 τῆς
989 3317 1322 3390 σαρκώσεως
1349 3332 1365 3348 θ
1396 3319 1429 3389 ἢ
1470 3318 1601 3382 Θεὸς
1638 3321 1733 3372 καὶ
1775 3321 1869 3374 ἂν·-

1972 3304 2298 3369 Verbum,et
2326 3306 2565 3363 Verbum
2582 3309 2838 3365 Christus
2860 3322 2917 3366 et
2946 3322 3074 3367 ante
3098 3315 3561 3383 incarnationem,

298 3413 516 3483 θρωπός
537 3427 621 3474 τις
647 3410 833 3482 ἔτερος
865 3409 1021 3480 παρὰ
1046 3409 1137 3462 τὸν
1181 3408 1390 3479 Ἰησοῦν
1426 3409 1522 3463 καὶ
1549 3409 1760 3463 ἔσονται
1781 3408 1869 3463 δύο

1978 3396 2065 3449 vel
2094 3396 2260 3461 Deus,
2299 3406 2361 3452 et
2378 3398 2544 3452 homo
2569 3400 2695 3468 quis
2721 3400 2864 3455 alius
2884 3417 3055 3472 prope
3075 3404 3284 3470 Jcsum,
3310 3415 3365 3459 et
3391 3418 3555 3461 erunt

299 3502 597 3573 ἄνθρωποι,
640 3504 777 3571 μετὰ
814 3498 915 3573 τὴν
941 3502 1163 3570 ποίησιν
1187 3502 1284 3555 τοῦ
1322 3501 1498 3573 Ἰησοῦ
1527 3503 1608 3566 είς
1644 3501 1881 3573 Χριστὸν

299 3599 357 3648 ὲν
390 3593 541 3664 αὐτῷ
575 3594 895 3664 φαινόμενοι
925 3608 939 3623 ·
972 3587 1091 3647 ὦνό
1112 3593 1212 3663 μὲν
1243 3592 1494 3656 σύνθετος
1521 3593 1619 3663 τὴν
1642 3593 1882 3646 ὑπόστα-

300 3704 407 3748 σιν,
443 3687 519 3750 ὥς
552 3702 691 3754 φατε
714 3701 728 3716 °
756 3688 785 3738 6
812 3685 870 3738 δέ
891 3684 1119 3753 Ἰησοῦς,
1153 3685 1374 3757 ποιητὸς
1416 3686 1653 3755 Χριστός
1680 3700 1698 3717 ο
1736 3686 1784 3737 εί
1821 3684 1881 3738 δέ

298 3779 568 3849 Χριστὸς,
628 3776 759 3841 Θεὸς
808 3777 905 3831 καὶ
955 3777 1240 3843 ἄνθρωπος
1288 3778 1458 3839 ὅντως
1510 3780 1715 3831 νοεῖται
1743 3795 1757 3810 ο
1786 3780 1880 3835 καὶ

297 3870 469 3934 οὕτως
494 3874 525 3925 6
548 3870 764 3941 Ἰησοῦς
795 3870 1089 3938 ἐπίκτητον
1117 3868 1512 3939 ἀνθρωπότητα
1549 3867 1748 3932 λαϐὼν,
1784 3870 1878 3924 καὶ

299 3960 534 4029 θεότητα
556 3961 655 4030 τὴν
676 3958 919 4029 Χριστοῦ
944 3998 959 4024 ,
985 3961 1137 4029 τρεῖς
1172 3960 1271 4028 μὲν
1301 3957 1623 4028 ἀνθρώπους
1650 3998 1666 4023 ,
1697 3958 1790 4011 δύο
1821 3958 1880 4011 δὲ

300 4050 457 4113 θεοὺς
490 4047 630 4104 εἶναι
667 4050 863 4104 ἐαυτὸν
893 4049 1240 4118 ἐπιδείξηται
1264 4047 1501 4120 Χριστὸς
1542 4050 1833 4119 γενόμενος
1859 4066 1875 4083 ο

297 4145 333 4217 ἦ
362 4144 441 4207 είς
473 4143 605 4196 Θεὸν
637 4144 731 4196 καὶ
772 4142 1061 4212 ἄνθρωπον
1099 4140 1437 4212 μερισθῆναι
1477 4142 1507 4194 ό
1531 4141 1744 4212 Ἰησοῦς
1788 4141 1878 4195 λο-

298 4235 644 4306 γισθήσεται,
676 4236 933 4305 ποιηθεὶς
963 4234 1221 4303 Χριστός.

369 4328 552 4397 Φαμὲν
582 4321 674 4380 οὗν
700 4327 795 4380 σὺν
826 4325 902 4396 τῷ
948 4325 1185 4396 θεολόγῳ
1216 4324 1354 4395 πρὸς
1392 4324 1520 4378 τάδε
1550 4325 1646 4378 καὶ
1674 4326 1837 4396 ἡμεῖς
1856 4366 1872 4392 ,

299 4422 381 4475 ὅτι
415 4421 523 4473 πᾶν
552 4418 773 4489 πνεῦμα
797 4417 825 4470 6
854 4417 929 4488 μὴ
957 4417 1211 4485 ὁμολογεῖ
1237 4416 1442 4487 Ἰησοῦν
1471 4418 1530 4470 ἐν
1560 4418 1723 4488 σαρκὶ
1752 4417 1874 4488 ἐληο

300 4510 516 4577 λυθότα,
547 4510 649 4563 οὐκ
678 4510 823 4563 ἐστιν
864 4510 929 4562 ἐκ
975 4510 1070 4561 τοῦ
1121 4506 1255 4561 Θεοῦ
1281 4522 1295 4537 ·
1327 4509 1376 4562 εί
1410 4508 1467 4561 δὲ
1521 4511 1622 4579 οὐχ
1685 4509 1874 4578 ἕτερον

300 4604 565 4676 κηρύσσει
590 4641 605 4667 ,
634 4588 814 4656 τόντε
843 4602 1017 4670 Λόγον
1052 4599 1233 4671 σάρκα
1273 4599 1565 4669 γενόμενον
1591 4638 1609 4664 ,
1644 4600 1738 4652 καὶ
1783 4600 1873 4651 τὸν

1980 3486 2091 3541 duo
2134 3488 2407 3552 homines,
2439 3501 2769 3559 apparentes
2797 3494 2853 3546 in
2905 3494 2998 3548 illo
3037 3507 3162 3564 post
3192 3499 3553 3553 mutationem

1977 3576 2136 3633 Jcsus
2168 3578 2227 3635 in
2260 3581 2542 3634 Christum
2567 3598 2801 3651 quorum
2828 3589 3180 3656 componitur
3226 3590 3563 3660 hypostasis,

1980 3679 2041 3724 ut
2089 3671 2292 3738 dicitis,
2339 3673 2501 3728 Jcsus
2534 3677 2711 3729 laetus
2738 3677 2999 3732 Christus
3030 3680 3081 3733 si
3129 3697 3264 3735 vero
3302 3682 3563 3737 Christus

1979 3762 2123 3817 Deus
2147 3773 2202 3818 et
2225 3765 2392 3820 hoino
2420 3781 2551 3819 vero
2582 3769 2852 3821 noscitur.
2887 3770 2952 3823 Et
2996 3773 3044 3825 si
3065 3773 3229 3827 Jesus
3266 3790 3565 3830 assumens

1978 3853 2379 3912 humanitatem
2416 3856 2689 3921 alienam,
2714 3869 2771 3912 et
2799 3860 3147 3917 divinitatem
3178 3864 3411 3931 Christi,
3443 3875 3565 3921 tres

1978 3946 2230 4002 homines
2253 3956 2456 4003 essent.
2505 3948 2758 4004 Christus
2818 3951 2996 4007 factus
3032 3959 3289 4010 ostendet
3313 3958 3558 4027 seipsum

1978 4054 2101 4093 esse
2128 4038 2274 4094 duos
2304 4041 2457 4103 deos,
2486 4042 2571 4094 vel
2606 4040 2765 4096 Jesus
2788 4047 3258 4113 argumentatione
3285 4048 3340 4101 in
3375 4048 3555 4104 Deum

1977 4142 2033 4187 et
2056 4134 2335 4189 hominem
2367 4135 2658 4204 partietur,
2689 4136 2872 4191 lactus
2895 4136 3178 4192 Christus.

2048 4320 2440 4377 Dicimusvero
2475 4336 2607 4376 cum
2636 4321 2892 4392 theologo
2916 4321 2985 4378 de
3017 4323 3164 4391 istis,
3195 4324 3341 4395 quod
3366 4327 3557 4382 omnis-

1973 4416 2203 4483 spiritus
2222 4414 2316 4483 qui
2335 4430 2447 4469 non
2464 4414 2759 4469 conﬁtetur
2784 4415 2839 4468 in
2860 4430 3081 4473 carnem
3096 4417 3281 4473 Jesum
3306 4419 3555 4487 venisse,

1974 4522 2087 4562 non
2106 4515 2192 4562 est
2221 4523 2252 4561 a
2284 4508 2517 4588 Deo,sed
2545 4508 2593 4562 si
2623 4508 2761 4562 nihil
2782 4508 2933 4562 aliud
2955 4510 3173 4563 nuntiat
3193 4510 3298 4563 nisi
3318 4510 3556 4564 verbum

1974 4615 2195 4655 carnem
2207 4600 2411 4655 factum
2423 4602 2675 4656 etJesum
2698 4602 2755 4655 in
2775 4617 2942 4656 carne
2964 4604 3200 4664 venisse,
3222 4605 3451 4659 evidens
3462 4618 3555 4660 est.

299 4698 510 4770 Ἰησοῦν
534 4699 592 4751 ἐν
617 4698 780 4767 σαρκὶ
799 4697 1117 4768 ἐληλυθότα,
1146 4696 1307 4766 δῆλον
1329 4696 1405 4759 ὼς
1420 4696 1511 4748 τὸν
1541 4696 1703 4748 αὑτὸν
1730 4689 1869 4749 οἶδεν

1976 4693 2123 4763 quod
2139 4694 2294 4748 novit
2309 4694 2486 4764 ipsum
2500 4695 2685 4750 Jesnm
2700 4695 2756 4749 in
2770 4695 2989 4751 Christo
3002 4704 3060 4750 et
3073 4696 3351 4751 Christum
3367 4699 3558 4768 ipsum

298 4789 506 4862 Ἰησοῦν
532 4787 611 4860 τῷ
638 4786 879 4860 Χριστῷ,
899 4788 995 4842 καὶ
1016 4787 1250 4858 Χριστὸν
1282 4786 1373 4840 τὸν
1401 4785 1562 4838 αὐτὸν
1580 4783 1657 4854 τῷ
1676 4785 1837 4855 Λόγῳ
1858 4802 1870 4814 -

299 4881 535 4953 Χριστός
562 4898 627 4934 τε
657 4880 767 4952 γὰρ
797 4881 899 4933 οὐκ
936 4878 1162 4933 ἄλλοθεν
1202 4879 1446 4946 λέγεται,
1480 4877 1514 4948 ἢ
1545 4878 1635 4932 διὰ
1676 4878 1738 4932 τὸ
1778 4895 1874 4931 κε-

299 4975 540 5046 χρίσθαι,
599 4974 693 5029 καὶ
745 4970 1057 5026 πιαίνεσθαι
1105 4973 1171 5042 τῇ
1208 4970 1428 5039 θεότητι
1483 4969 1578 5023 τοῦ
1628 4969 1870 5040 Λόγουὴ

300 5070 471 5141 σάρξ·
507 5071 605 5122 καὶ
635 5067 880 5139 Ἰησοῦς,
918 5068 947 5122 6
993 5067 1109 5119 ἐστι
1180 5064 1367 5135 Σωτὴρ
1392 5102 1409 5128 ,
1462 5064 1560 5134 οὐχ
1605 5063 1871 5134 ἑτέρωθεν

299 5162 581 5230 κέκληται,
611 5160 643 5230 ἢ
673 5159 761 5213 διὰ
789 5158 849 5213 τὸ
881 5158 1149 5229 σωτήριον
1181 5156 1325 5225 ἔχειν
1351 5157 1591 5225 φυσικὴν
1619 5154 1867 5224 δύναμιν·

295 5246 468 5311 οὓτως
500 5248 609 5318 γὰρ
638 5244 802 5299 αὐτοῦ
834 5246 928 5299 καί⁵
960 5247 988 5299 6
1018 5244 1250 5313 ἄγγελος
1265 5243 1365 5314 τὴν
1386 5246 1711 5315 φερώνυμον
1735 5243 1870 5313 κλῆ-

298 5357 382 5394 σιν
401 5340 710 5410 ἐξηγήσατο
729 5338 905 5407 λέγων
923 5352 935 5366 ·
950 5355 970 5390 ι
994 5338 1104 5391 Καὶ
1127 5335 1412 5390 καλέσουσι
1430 5337 1492 5389 τὸ
1515 5336 1685 5406 ὄνομα
1708 5336 1873 5391 αὐτοῦ

298 5431 528 5503 Ἰησοῦψ
564 5429 726 5493 αὐτὸς
768 5431 879 5500 γὰρ
928 5428 1092 5482 σώσει
1134 5428 1225 5481 τὸν
1262 5426 1585 5499 λαὸνναύτοῦ
1621 5429 1731 5481 ἀπὸ
1764 5427 1871 5480 τῶν

1974 4786 2032 4841 in
2060 4786 2261 4842 Verbo.
2287 4787 2424 4841 Nam
2471 4786 2729 4843 Christus
2773 4804 2883 4843 non
2906 4789 3130 4844 aliunde
3157 4790 3383 4855 dicitur,
3411 4793 3517 4846 nisi
3564 4800 3571 4808 ‘

1973 4878 2100 4947 quia
2123 4893 2250 4933 caro
2265 4879 2430 4934 Verbi
2448 4889 2614 4935 uncta
2631 4879 2732 4935 fuit
2753 4889 2813 4933 ut
2827 4889 2984 4936 aucta
3002 4881 3372 4947 divinitate,et
3385 4882 3551 4939 Jesus

1972 4970 2065 5039 qui
2096 4978 2181 5023 est
2206 4970 2476 5036 Salvator,
2503 4987 2613 5026 non
2638 4972 2860 5027 aliunde
2900 4974 3238 5037 nominatur,
3286 4975 3391 5029 nisi
3416 4976 3552 5045 quia,

1972 5072 2198 5134 propter
2242 5065 2475 5120 salutem
2511 5065 2678 5120 habet
2699 5067 2962 5121 virtutem
2995 5066 3301 5137 physicam.
3332 5067 3424 5122 Sic
3451 5083 3549 5121 an-

1970 5155 2126 5225 gelus
2146 5156 2268 5225 ejus
2296 5156 2486 5212 docuit
2515 5158 2660 5213 hanc
2683 5157 3190 5213 denominationem
3221 5158 3546 5230 signiﬁcati-

1970 5264 2092 5303 vam
2105 5264 2247 5315 esse,
2270 5250 2510 5318 dicens,¢
2531 5252 2840 5322 Eqvocabis
2856 5269 3057 5309 nomen
3078 5255 3199 5325 ejus
3210 5254 3543 5324 Jesum,ipse

1970 5342 2119 5395 enim
2153 5344 2364 5397 salvum
2391 5343 2560 5399 faciet
2607 5345 2871 5414 populum
2919 5360 3078 5398 suum
3108 5359 3139 5399 a
3181 5345 3423 5413 peccatis
3451 5361 3552 5398 εο--

1970 5447 2114 5485 rum.
2138 5452 2155 5484 ι
2182 5434 2285 5500 Qui
2303 5449 2436 5506 ergo
2462 5436 2631 5490 habet
2659 5436 2920 5491 virtutem
2942 5452 3053 5492 non
3080 5437 3260 5491 solum
3282 5451 3391 5490 non
3417 5451 3542 5506 pec-

297 5521 581 5594 ἁμαρτιῶν
603 5520 801 5576 αὐτῶν.
836 5540 853 5571 ι
918 5519 977 5573 '0
1000 5507 1092 5573 οῦν
1126 5517 1263 5589 ἔχων
1292 5516 1543 5587 δύναμιν,
1596 5517 1659 5573 οὐ
1708 5518 1868 5587 μόνον

1973 5524 2158 5587 candi,
2185 5525 2281 5581 sed
2314 5526 2589 5582 liberandi
2615 5543 2646 5582 a
2693 5528 2958 5597 peccatis,
3013 5528 3193 5598 qualis
3214 5529 3319 5583 erit
3342 5537 3547 5582 natura

295 5614 389 5669 τοῦ
424 5615 500 5685 μὴ
538 5613 893 5685 ὑμαρτάνειν,
922 5612 1057 5666 ἀλλὰ
1076 5614 1170 5667 καὶ
1195 5611 1518 5683 λυτροῦσθαι
1547 5610 1657 5663 τῶν
1687 5612 1867 5680 ἁμαρ-

1969 5612 2077 5667 nisi
2104 5614 2289 5668 Deus?
2330 5612 2445 5669 Hoc
2483 5616 2631 5670 enim
2656 5617 2829 5671 Judaei
2853 5625 3247 5687 cognoverunt,
3273 5616 3553 5677 dicentes,

296 5708 446 5773 τιῶν,
477 5707 562 5769 τίς
592 5707 657 5760 ἂν
697 5703 784 5774 εἴη
818 5707 916 5774 τὴν
948 5705 1137 5775 φύσιν,
1164 5709 1211 5759 εί
1253 5707 1329 5777 μὴ
1361 5705 1529 5770 Θεόςς
1564 5704 1734 5758 Τοῦτο
1756 5705 1864 5779 γάρ

1970 5706 2117 5775 quod
2168 5725 2187 5758 ι
2219 5708 2393 5761 Nemo
2416 5716 2597 5778 potest
2643 5713 2930 5764 remittere
2958 5719 3181 5779 peccata
3237 5708 3341 5763 nisi
3391 5708 3552 5762 solus

295 5798 661 5853 οὺδέἰουδαῖοι
688 5795 1250 5867 ἠγνόησαν,είπόντες
1283 5799 1365 5852 ότι
1397 5796 1615 5861 ιΟύδεὶς
1637 5773 1863 5851 δύναταῖ

1970 5773 2116 5853 Deus
2150 5806 2218 5848 ἰι
2253 5806 2310 5852 ct
2340 5773 2501 5854 Jesus
2527 5808 2779 5865 vocatur,
2807 5800 2999 5868 utipse
3024 5799 3167 5856 Deus
3186 5812 3305 5855 csse
3327 5796 3545 5851 dicens:

370 5944 408 5973 οι
433 5934 568 5989 Luc.
593 5949 648 5996 v,
676 5930 767 5987 2|.
