4006 6574
508 536 641 606 1731
1785 531 2096 598 LEONTII
2128 527 2537 590 BYZANTINI
3657 521 3816 584 1732

506 652 658 707 «Non
697 658 782 707 εει
803 659 1003 722 praeter
1023 665 1108 706 me
1128 651 1312 722 justus
1333 658 1390 705 et
1419 648 1694 712 Salvator,
1737 645 1868 716 quia
1933 639 2085 698 solus

2229 635 2413 706 φιέναι
2445 631 2742 705 ἁμαρτίας,
2770 631 2820 685 εἰ
2853 630 2930 704 μὴ
2959 630 3123 702 μόνος
3151 633 3180 686 6
3204 631 3358 697 Θεόςο
3390 649 3412 686 ι
3440 631 3542 687 καὶ
3568 631 3811 705 Ἰησοῦς

497 761 528 798 a
555 743 790 798 Domino
813 752 842 780 ιι
870 760 916 810 ;ι
947 750 1003 798 et
1033 761 1047 796 :
1087 761 1107 794 ι
1133 742 1246 798 Nec
1263 754 1562 806 senex,nec
1590 735 1942 811 angelus,sed
1969 734 2079 804 ipse

2231 723 2280 782 5v
2307 727 2645 800 ὠνόμασται,
2673 727 2748 789 ὡς
2771 724 2935 788 αὐτὸς
2959 722 3038 777 ὢν
3059 726 3088 778 6
3115 724 3248 790 Θεὸς
3275 728 3304 780 6
3331 724 3509 796 λέγων
3539 742 3558 758 ο
3615 746 3636 778 ι
3676 727 3813 781 Οὐκ

499 835 648 889 Deus
675 833 1031 898 salvavitnos
1069 841 1148 888 ο.»
1185 833 1243 889 Si
1273 849 1408 888 vero
1448 831 1646 901 aliquis
1691 829 1836 885 alius
1883 827 2081 882 dicitur

2225 836 2306 873 στι
2339 817 2520 889 πάρεξ
2549 816 2684 889 ἐμοῦ
2715 816 2927 878 δίκαιος
2948 815 3044 868 καὶ
3071 815 3261 880 σώζων
3289 832 3304 848 ·
3335 816 3419 870 ὅτι
3445 818 3545 871 τοῦ
3575 819 3807 890 Rapio-.3

494 924 675 989 Jesus,
704 923 849 978 sicut
880 923 1026 978 filius
1047 923 1163 978 Noe
1196 933 1254 978 et
1290 921 1386 992 qui
1417 921 1842 992 cognominatus
1883 928 1968 974 est
1990 919 2076 973 Ju-

2252 911 2496 982 σωτηρία
2521 929 2539 962 ι
2577 925 2592 940 ⁶
2622 910 2717 963 καὶ
2751 927 2769 961 ι
2801 908 2876 962 Οὐ
2908 908 3174 980 πρεσόὺς,
3203 907 3310 962 οὐδ’
3348 909 3615 979 ἄγγελος,
3673 910 3807 964 ἀλλ’

497 1024 616 1070 stus
638 1054 654 1079 ,
686 1015 975 1070 evidenter
998 1015 1143 1084 quod
1160 1013 1232 1069 sit
1255 1015 1338 1068 vel
1365 1029 1434 1069 ex
1460 1020 1616 1083 parte
1647 1010 1950 1081 spiritualis
1971 1024 2079 1063 mc-

2227 1005 2351 1069 ύτὸς
2390 1007 2420 1058 6
2441 1004 2642 1074 Κύριος
2664 1001 2869 1056 ἔσωσεν
2897 1004 3046 1072 ἡμᾶς
3077 1017 3092 1032 ·
3130 1019 3152 1053 ι
3189 1004 3236 1055 εἰ
3270 1003 3328 1056 δὲ
3354 1004 3452 1056 καὶ⁸
3483 1005 3684 1075 ἕτερός
3707 1021 3809 1067 τις

499 1106 748 1176 talepsis,
778 1105 867 1160 vel
907 1116 1133 1176 propter
1171 1106 1456 1170 virtutem,
1491 1105 1580 1160 vel
1629 1113 1792 1175 typus
1821 1103 1905 1156 vel
1936 1115 2081 1155 omo-

2223 1097 2410 1166 ἐγεται
2429 1096 2666 1167 Ἰησοῦς.
2695 1095 2886 1164 ὥσπερ
2915 1092 3010 1147 οῦν
3034 1097 3062 1148 6
3089 1093 3184 1148 τοῦ
3224 1093 3401 1167 Ναυῆ,
3450 1098 3551 1150 καὶ
3586 1100 3618 1150 ό
3665 1098 3803 1149 ἑπι-

497 1195 719 1264 nymia.
785 1193 941 1250 Sicut
987 1197 1056 1251 de
1093 1195 1278 1252 Verbo
1325 1194 1534 1250 Christi
1587 1208 1698 1263 quo
1727 1191 2079 1246 nominantur

2223 1188 2484 1259 εγόμενος
2512 1185 2767 1252 Ἰοῦστος,
2805 1185 2966 1256 δῆλον
2994 1185 3070 1248 ὡς
3094 1185 3127 1256 ἢ
3154 1185 3262 1239 ἀπὸ
3297 1187 3502 1257 μέρους
3530 1203 3803 1259 πνεῦμα-

496 1285 800 1355 prOphetae,
829 1288 1144 1343 sacerdotes
1193 1297 1248 1342 et
1304 1301 1462 1358 reges
1514 1285 1662 1353 quod
1715 1299 1824 1338 non
1873 1296 2078 1352 semper

2211 1280 2348 1348 ῖικῆς
2378 1278 2754 1350 μεταλήψεως,
2787 1276 2820 1347 ἢ
2847 1276 2992 1330 κατά
3015 1277 3209 1348 τύχην,
3243 1277 3276 1347 ἢ
3315 1277 3491 1331 τύπον
3540 1280 3699 1331 ἐστὶν
3752 1281 3793 1349 ἡ

498 1377 669 1432 fuisse
695 1377 980 1432 Christ-um
1007 1378 1217 1442 Jesum,
1246 1377 1551 1433 secundum
1596 1375 1764 1430 verba
1816 1371 1992 1440 Petri,
2032 1379 2080 1426 el

2222 1370 2479 1440 μωνυμεα
2503 1385 2517 1400 ·
2541 1368 2731 1439 ὥσπερ
2767 1368 2863 1423 xui.
2903 1370 2996 1422 ἐπὶ
3039 1367 3149 1421 τῶν
3191 1369 3433 1440 χριστῶν
3466 1368 3800 1440 λεγομένων

498 1469 793 1523 Dominum
836 1478 892 1523 et
917 1468 1203 1525 Christum
1234 1469 1431 1524 fecisse
1451 1453 1650 1524 'Jesnm
1692 1463 1866 1521 Deum
1893 1463 2080 1518 admo-

2213 1460 2494 1530 προφητῶν
2524 1461 2619 1513 καὶ
2648 1451 2844 1528 ἱερέων
2872 1460 2968 1513 καὶ
2999 1458 3267 1530 βασιλέων
3289 1476 3306 1492 ο
3347 1461 3410 1514 τὸ
3438 1461 3500 1514 δὲ
3528 1461 3611 1531 μὴ
3643 1456 3795 1516 εῖναι

499 1561 632 1614 dum
665 1560 928 1632 ingenue;
963 1562 1008 1616 si
1039 1578 1174 1616 vero
1207 1561 1354 1632 quod
1387 1561 1539 1625 fecit,
1574 1561 1799 1631 dignum
1829 1567 1915 1614 est
1941 1557 2081 1628 quod

2211 1556 2277 1608 ιεὶ
2306 1552 2542 1623 Χριστὸν
2563 1552 2654 1605 τὸν
2684 1551 2895 1624 Ἰησοῦν
2923 1551 3013 1606 διὰ
3043 1552 3105 1605 τὸ
3131 1552 3412 1624 εἰρηκέναι
3431 1554 3525 1606 τὸν
3547 1554 3793 1624 Πέτρον,

501 1662 614 1717 prae
631 1648 932 1702 exsistebat
965 1658 1094 1704 ante
1120 1665 1341 1704 omnem
1373 1649 1738 1704 mutationem
1772 1656 2083 1719 etprogres-

2211 1645 2286 1698 ιαὶ
2318 1643 2524 1714 Κύριον
2551 1644 2644 1697 καὶ
2672 1643 2907 1715 Χριστὸν
2941 1644 3297 1715 πεποιηκέναι
3329 1645 3420 1699 τὸν
3452 1645 3672 1716 Ἰησοῦν
3692 1647 3793 1700 τὸν

498 1752 646 1793 sum.
678 1737 851 1804 Igitur
873 1739 968 1808 qui
999 1739 1134 1794 dicit
1163 1756 1272 1795 non
1303 1739 1548 1809 seipsum
1572 1739 1666 1794 sed
1691 1739 1910 1794 Patrem
1925 1753 2080 1792 suum

2211 1734 2347 1801 356v,
2365 1734 2560 1806 εὔηθες
2584 1734 2705 1790 λίαν
2731 1752 2745 1766 ο
2781 1737 2831 1789 ει
2861 1735 2970 1807 γὰρ
2998 1735 3215 1800 πάντως
3247 1736 3559 1808 μεταϐολὴν
3587 1737 3624 1808 ἢ
3651 1754 3793 1807 προ-

497 1842 766 1892 servasse,
785 1828 979 1883 fecisse
1004 1838 1060 1883 et
1083 1829 1350 1884 formasse
1370 1835 1497 1883 ante
1521 1829 1754 1899 primam
1779 1834 2079 1882 creaturam

2205 1826 2371 1894 ιοπὴν
2400 1825 2876 1896 προῦποκειμένου
2909 1827 3165 1897 σημαίνει
3193 1827 3255 1879 τὸ
3279 1827 3562 1896 εποίησεν,
3588 1827 3703 1896 ἄρα
3717 1843 3787 1894 γε

498 1917 595 1970 Dei
632 1917 834 1972 deinde
871 1935 1012 1989 opus
1041 1921 1163 1989 ejus
1193 1918 1310 1973 ﬁeri
1355 1921 1572 1990 signum
1609 1918 1797 1989 populi
1829 1919 1970 1990 ejus,
2032 1926 2080 1972 et

2205 1920 2288 1972 καὶ
2309 1921 2337 1972 6
2359 1918 2536 1987 λέγων
2561 1918 2662 1972 οὐκ
2689 1918 2853 1981 αὐτὸς
2881 1912 3039 1981 οὗτός
3067 1935 3162 1972 σου
3190 1918 3379 1989 Πατὴρ
3409 1919 3696 1990 ἐκτήσατὸ
3721 1935 3787 1972 σε

498 2009 728 2081 dicens:
763 2011 916 2066 «Tibi
942 2012 1044 2067 soli
1065 2011 1289 2082 peccavi
1311 2020 1368 2066 et
1392 2013 1595 2066 malum
1610 2027 1796 2067 coram
1826 2010 1993 2067 tefeci
2028 2021 2080 2063 Ρι

2204 2010 2286 2064 καὶ
2332 2009 2556 2080 εποίησέ
2611 2025 2669 2063 σε
2703 2010 2798 2064 καὶ
2831 2008 3037 2065 ἐπλασὲ
3069 2027 3129 2064 σε
3161 2009 3380 2081 πρῶτον
3413 2010 3609 2081 κτῆμα
3640 2004 3786 2063 εἶναι

499 2099 558 2155 Si
614 2117 727 2157 non
795 2102 1002 2157 malum
1057 2102 1273 2169 fecerit,
1316 2103 1479 2158 simul
1541 2111 1662 2159 erat
1707 2112 1764 2158 et
1819 2117 2077 2172 peccans,

2199 2101 2339 2167 9:05,
2372 2097 2495 2157 εἶτα
2525 2103 2738 2172 ποίημα
2762 2100 2930 2154 αὐτοῦ
2959 2102 3216 2171 γενέσθαι
3245 2103 3504 2173 σημαίνει
3530 2101 3781 2156 τὸνλαὸν

497 2193 590 2248 sed
617 2196 868 2264 peccavit
896 2196 1100 2266 primo,
1119 2196 1320 2252 deinde
1345 2197 1550 2251 malum
1562 2195 1714 2262 fecit,
1741 2196 1940 2265 etquis
1964 2195 2079 2250 haec

2203 2192 2344 2248 ιύτοῦ
2401 2194 2496 2248 καὶ
2523 2195 2552 2247 6
2579 2193 2773 2256 εἰπὼν,
2824 2213 2842 2246 ι
2876 2195 2967 2248 Σοὶ
3000 2195 3147 2267 μόνῳ
3179 2195 3426 2266 ἥμαρτον
3457 2195 3557 2250 καὶ
3587 2194 3655 2248 τὸ
3679 2210 3785 2248 πο-

497 2283 768 2350 dedisset,
796 2302 905 2340 non
930 2303 1029 2358 per
1060 2295 1228 2342 totam
1261 2301 1475 2342 sacram
1505 2285 1848 2358 Scripturam
1894 2283 2079 2353 sophi-

2200 2304 2242 2358 νη
2253 2286 2344 2358 ρὸν
2367 2286 2603 2340 ἐνώπιόν
2626 2303 2720 2341 σου
2741 2286 2997 2358 ἐποίησα,
3033 2305 3053 2340 ι
3097 2287 3159 2340 ού
3179 2287 3241 2340 τὸ
3268 2286 3506 2358 πονηρὸν
3536 2289 3782 2356 ποιήσας

497 2375 636 2430 stice
663 2376 822 2447 nugis
845 2377 1135 2433 convictus
1156 2380 1359 2445 erit,et
1385 2378 1482 2449 qui
1507 2377 1644 2433 dicit
1677 2378 1849 2432 Deum
1883 2375 2079 2431 fecisse

2203 2377 2305 2448 ὶμα
2325 2373 2394 2450 ἦν
2418 2379 2517 2432 καὶ
2547 2377 2833 2450 ἁμαρτὼν,
2866 2377 2981 2432 ἀλλ’
3002 2377 3221 2450 ἥμαρτε
3258 2378 3476 2450 πρῶτον
3495 2416 3511 2441 ,
3551 2373 3681 2432 εἶτα
3723 2378 3785 2431 τὸ

498 2464 780 2521 hominem
803 2467 871 2522 ad
899 2467 1189 2537 imaginem
1211 2467 1333 2534 Dei,
1359 2483 1430 2522 an
1451 2468 1632 2538 primo
1660 2466 1969 2532 hominem,
1984 2465 2080 2521 de-

2203 2469 2431 2542 rtovnpbv
2465 2470 2691 2540 εποίησε
2712 2486 2726 2501 ·
2755 2471 2852 2524 καὶ
2878 2469 2962 2534 τίς
2981 2469 3154 2524 ταῦτα
3182 2470 3305 2536 δοὺς
3325 2507 3344 2538 ,
3377 2470 3437 2524 οὔ
3466 2470 3559 2524 διὰ
3596 2470 3785 2541 πάσης

501 2557 630 2612 inde
656 2558 949 2629 imaginem
977 2559 1075 2614 Dei
1129 2560 1472 2616 factumesse
1504 2557 1902 2629 intelligemus.

2197 2561 2287 2632 τῆς
2320 2563 2478 2636 ἱερᾶς
2510 2562 2737 2634 Γραφῆς
2766 2563 3094 2632 σοφιστικῶς
3125 2563 3307 2634 ληρῶν
3335 2562 3738 2634 ἐλεγχθήσεται
3763 2584 3779 2632 ;

506 2653 604 2708 καὶ
628 2654 688 2706 ὲν
713 2653 794 2723 τῷ
825 2653 1083 2722 λέγεσθαι
1116 2653 1174 2708 δὲ
1204 2655 1430 2725 ποιῆσαι
1457 2653 1558 2710 τὸν.
1576 2653 1713 2707 Θεὸν
1739 2653 1832 2706 τὸν
1871 2650 2160 2724 ἄνθρωπον
2179 2654 2300 2710 κατ’
2328 2654 2516 2710 εἰκόνα
2536 2654 2696 2722 Θεοῦ,
2726 2654 2945 2728 πρῶτον
3012 2654 3304 2728 ἄνθρωπον
3327 2694 3345 2722 ,
3405 2650 3530 2710 εἷτα
3588 2654 3786 2709 εἰκόνα

499 2745 638 2798 Θεοῦ
672 2744 928 2814 γενέσθαι
956 2746 1120 2800 αὑτὸν
1147 2747 1436 2817 νοήσομεν.

1153 2839 1308 2896 CAP.
1353 2840 1442 2897 Vl.

2794 2841 3045 2895 ΚΕΦΑΛ.
3082 2839 3158 2896 Z'.

569 2930 779 2987 Divina:
793 2931 1094 3003 Scriptura?
1111 2933 1392 2990 Christum
1415 2941 1634 2999 vocant,
1653 2932 1890 3003 etjunum
1909 2933 2081 2989 Deum

2260 2933 2327 2986 Ai
2356 2932 2498 2988 θεῖαι
2537 2933 2756 3005 Γραφαὶ
2809 2934 2898 2988 τὸν
2952 2933 3188 3004 Χριστὸν
3240 2932 3487 2998 καλοῦσι,
3529 2935 3630 2988 καὶ
3675 2934 3780 2991 ενα

496 3034 556 3080 et
577 3040 747 3080 unum
775 3025 1078 3093 hominem,
1107 3037 1164 3082 et
1191 3043 1362 3082 unum
1385 3026 1696 3090 Christum,
1717 3025 1814 3082 sed
1856 3025 1950 3081 ille
1985 3023 2078 3096 qui

2198 3025 2347 3090 Θεὸν,
2399 3026 2497 3080 καὶ
2533 3026 2631 3080 Eva.
2654 3025 2960 3097 ἄνθρωπον,
3021 3025 3118 3079 καὶ
3167 3025 3264 3078 ενα
3300 3026 3561 3096 Χριστόν⁹
3594 3028 3714 3081 ἀλλ’
3747 3032 3780 3082 ό

502 3133 644 3173 unus
674 3119 818 3175 Deus
846 3120 1149 3186 secundum
1175 3129 1426 3176 naturam
1456 3127 1542 3176 est
1567 3119 1824 3175 similiter
1842 3127 1900 3174 et
1939 3132 2084 3172 unus

2197 3118 2293 3188 μὲν
2316 3113 2396 3180 εἷς
2429 3117 2582 3182 Θεὸς,
2624 3120 2767 3172 κατὰ
2809 3116 2971 3187 φύσιν
3022 3117 3170 3171 ἐστὶν
3201 3110 3283 3180 εἷς
3319 3133 3334 3148 ·
3359 3117 3631 3182 ὡσαύτως
3679 3124 3779 3172 καὶ

500 3207 688 3272 homo,
729 3208 822 3278 qui
852 3217 910 3263 et
965 3226 1112 3269 unus
1160 3211 1386 3266 Christo
1434 3226 1535 3281 per
1579 3209 1950 3266 substantiam
1984 3208 2082 3264 Dei

2197 3213 2212 3264 5
2236 3206 2316 3274 εἷς
2348 3210 2654 3280 ἄνθρωπος·
2679 3210 2710 3264 6
2748 3210 2806 3263 δὲ
2835 3203 2916 3272 εἷς
2938 3207 3195 3280 Χριστὸς,
3220 3209 3365 3264 κατὰ
3384 3210 3483 3280 τὴν
3524 3211 3779 3266 ἑκούσιον

500 3300 709 3353 unitam
756 3299 967 3356 homini
992 3310 1078 3356 est
1103 3318 1250 3356 unus
1266 3301 1520 3357 Christus
1545 3300 1736 3356 diﬂ‘ert
1756 3316 1910 3371 ergo,
1937 3315 2082 3354 unus

2196 3302 2378 3356 ἕνωσιν
2403 3301 2538 3355 Θεοῦ
2572 3301 2709 3372 πρὸς
2739 3301 3025 3373 ἄνθρωπόν
3057 3304 3205 3355 ἐστιν
3237 3296 3316 3366 εἷς
3360 3303 3628 3373 Χριστός-⁸
3655 3304 3778 3358 διαε-

500 3388 649 3444 Deus
675 3388 744 3443 ab
782 3406 892 3444 uno
915 3390 1139 3446 Christo
1163 3390 1260 3446 sed
1282 3406 1392 3446 non
1418 3389 1608 3445 diﬂ'ert
1633 3389 1689 3444 in
1713 3404 1780 3444 eo
1801 3386 1946 3458 quod
1970 3401 2082 3440 non

2192 3389 2341 3462 φέρει
2369 3389 2478 3460 ἄρα
2506 3391 2535 3444 6
2563 3385 2643 3454 εἷς
2691 3391 2844 3458 Θεὸς,
2876 3389 2971 3444 τοῦ
3034 3389 3154 3455 ἐνὸς
3205 3390 3468 3463 Χριστοῦ.
3511 3393 3678 3448 Ἀλλὰ
3707 3396 3774 3448 οὐ

500 3491 572 3546 sit
600 3491 766 3549 Deus,
798 3482 895 3538 sed
918 3484 973 3538 in
1007 3499 1074 3538 eo
1097 3482 1246 3553 quod
1271 3482 1346 3538 sit
1377 3482 1566 3544 homo,
1594 3479 1852 3536 Christus
1896 3477 2082 3532 diﬂ'ert

2195 3481 2263 3553 τῷ
2297 3481 2374 3552 μὴ
2403 3477 2541 3536 εἶναι
2565 3481 2804 3554 Θεὸς,τῷ
2835 3483 2891 3537 δὲ
2929 3477 3072 3536 εἶναι
3107 3483 3204 3537 καὶ
3233 3483 3553 3558 ἄνθρωπος,
3580 3486 3777 3554 διαφέ-

500 3583 569 3640 ub
598 3596 666 3637 eo
686 3579 782 3650 qui
809 3585 896 3633 est
917 3576 1096 3632 solum
1119 3575 1266 3630 Deus
1282 3582 1339 3630 et
1365 3573 1679 3630 secundum
1705 3569 2081 3642 syllogismum

2192 3591 2270 3647 ρει
2309 3573 2404 3628 τοῦ
2435 3571 2576 3629 εἶναι
2635 3576 2796 3646 μόνον
2846 3575 3000 3641 Θεὸς,
3047 3576 3302 3649 Χριστόςο
3355 3578 3499 3634 κατὰ
3529 3579 3587 3633 δὲ
3617 3580 3774 3633 τόνδε

501 3691 569 3731 an
597 3673 786 3728 diﬂ'ert
819 3670 889 3725 ab
915 3669 1140 3724 homine
1183 3676 1382 3722 natura
1406 3665 1686 3731 Christus,
1712 3661 1862 3735 quid
1891 3661 2083 3717 dicitis

2187 3667 2270 3721 τὸν
2310 3667 2691 3739 συλλογισμὸν,
2748 3669 2842 3724 καὶ
2893 3669 3182 3742 ἀνθρώπου
3232 3670 3340 3739 ἄρα
3395 3672 3647 3743 διαφέροι
3697 3675 3769 3728 ἂν

501 3783 625 3822 esse
644 3780 745 3835 per
768 3772 1043 3826 naturam,
1071 3760 1119 3816 si
1163 3775 1296 3815 vero
1324 3774 1424 3830 per
1439 3758 1557 3813 haec
1595 3773 1709 3812 non
1739 3764 1940 3811 natura
1963 3769 2082 3808 om-

2190 3759 2281 3831 τὴν
2331 3759 2516 3829 φύσιν,
2554 3759 2810 3831 Χριστόςο
2863 3763 2913 3814 εἰ
2941 3761 2999 3814 δὲ
3029 3761 3126 3815 καὶ
3171 3760 3309 3814 Θεοῦ
3347 3763 3443 3816 καὶ
3472 3763 3772 3832 ἀνθρώπου

502 3856 1114 3929 ninooportetdiﬂerre
1168 3854 1237 3909 ab
1279 3853 1503 3908 homine
1557 3851 1841 3907 Christum
1871 3847 2078 3915 dicitis,

2191 3851 2423 3922 Βιαφέρει
2454 3853 2519 3922 τῇ
2546 3851 2705 3921 φύσει
2732 3851 2988 3924 Χριστὸς,
3017 3853 3071 3907 τε
3099 3853 3165 3908 ἂν
3195 3854 3280 3925 εῐη
3307 3855 3499 3910 εῐπατε
3540 3856 3641 3926 τὴν
3666 3858 3773 3926 φύ-

502 3965 606 4010 nec
629 3949 798 4008 etiam
829 3963 1057 4006 necesse
1090 3954 1152 4002 ut
1190 3943 1630 4002 iisdem‘diﬂ'erat
1651 3957 1685 3998 a
1709 3941 1846 3997 Deo.

2191 3962 2288 3998 σιν·
2311 3946 2359 3998 εἰ
2389 3945 2447 3998 δὲ
2477 3943 2564 3998 διὰ
2589 3944 2716 4000 τάδε
2741 3945 2817 4016 μὴ
2844 3947 2909 4016 τῇ
2937 3945 3098 4014 φύσει
3125 3945 3342 4008 πάντως
3361 3945 3470 4000 δεῖν
3488 3947 3773 4020 διαφέρειν

2179 4035 2274 4090 τοῦ
2305 4035 2592 4107 ἀνθρώπου
2647 4035 2883 4108 Χριστόν
2939 4053 3096 4105 φατε,
3151 4036 3263 4096 οὐδ’
3321 4038 3432 4109 ἄρα
3479 4038 3580 4094 τοῦ
3627 4041 3766 4095 Θεοῦ

2179 4126 2514 4198 ἀναγκαίως,
2542 4128 2608 4183 ὲκ
2627 4127 2797 4182 τῶνδε
2821 4128 3088 4199 διαφέρει.

1138 4229 1289 4286 CAP.
1329 4229 1443 4286 VII.

2803 4242 3055 4297 ΚΕΦΑΛ.
3087 4243 3195 4295 Ζηιι

577 4324 871 4382 Dominum
913 4332 970 4378 et
1017 4322 1302 4378 Christum
1356 4321 1488 4377 fecit
1531 4321 1675 4376 Deus
1709 4319 1921 4384 Iesum,
1980 4313 2076 4372 ubi

2251 4333 2460 4406 Κύριον
2492 4333 2589 4389 καὶ
2619 4332 2861 4406 Χριστὸν
2892 4332 3151 4399 ἐποίησεν
3181 4334 3210 4386 6
3237 4331 3372 4398 Θεὸς
3398 4333 3491 4387 τὸν
3533 4334 3766 4404 Ἰησοῦν·

507 4417 666 4489 ροηίε
681 4416 852 4471 Deum
872 4415 1136 4479 Verbum,
1155 4429 1188 4467 o
1203 4413 1453 4484 Egypte,
1471 4428 1540 4466 an
1559 4411 1852 4466 Dominum
1871 4408 2078 4464 facien-

2190 4425 2283 4478 ποῦ
2307 4427 2531 4489 τάσσεις
2557 4427 2648 4480 τὸν
2677 4425 2810 4479 Θεὸν
2846 4426 3039 4495 Λόγον,
3074 4418 3121 4480 ὦ
3156 4425 3425 4492 Αἰγύπτιε
3462 4441 3478 4491 ;
3509 4427 3772 4484 ποιοῦντα

423 4567 430 4570 .
505 4523 618 4568 tum
679 4526 748 4565 an
790 4507 1082 4564 Dominum
1142 4507 1368 4572 factum,
1405 4521 1514 4560 non
1560 4503 1770 4559 faciens
1807 4501 2005 4572 special

2190 4515 2382 4588 Κύριον
2410 4535 2426 4583 ;
2455 4516 2488 4588 ἢ
2520 4515 2848 4589 ποιούμενον
2875 4516 3080 4589 Κύριον
3105 4535 3120 4584 ;
3155 4515 3230 4588 μὴ
3249 4517 3418 4571 ποιῶν
3449 4518 3628 4583 tam;
3656 4519 3772 4572 δια-

505 4598 950 4664 distributiones,
987 4595 1433 4668 respondendum
1467 4595 1535 4651 ad
1571 4594 1934 4664 qumstionem
1975 4609 2075 4664 pa-

2189 4611 2371 4680 νομάςο
2403 4609 2694 4680 ἀπόκριναι
2725 4610 2863 4682 πρὸς
2892 4610 2992 4681 τὴν
3022 4609 3310 4680 ἐρώτησιν.
3345 4609 3613 4664 Ποιοῦντα
3671 4613 3771 4684 μὲν

507 4692 741 4746 rientem
761 4705 912 4756 vere,
934 4688 1030 4745 sed
1048 4690 1301 4744 cessione
1327 4689 1565 4760 propriae
1590 4696 1804 4743 natura:
1825 4685 1894 4741 ad
1915 4693 2078 4740 natu-

2187 4704 2373 4770 Βντως,
2402 4703 2540 4758 ἀλλὰ
2569 4706 2637 4776 τῇ
2694 4703 2795 4774 τῆς
2832 4703 2966 4768 ἰδίας
3020 4704 3237 4772 φύσεως
3269 4703 3474 4758 ἐνδόσει
3533 4706 3614 4768 εις
3672 4706 3769 4774 τὴν

507 4799 623 4837 ram
674 4781 918 4837 hominis
959 4791 1017 4837 et
1061 4782 1268 4836 unione
1308 4780 1364 4835 in
1393 4795 1556 4835 unam
1601 4777 1900 4850 specialem
1943 4775 2078 4832 olim

2187 4793 2276 4848 τοῦ
2303 4775 2814 4864 ἁνθρώπουγιρύσιν,
2849 4795 2944 4847 καὶ
2989 4794 3237 4867 ὲμπλοκῇ
3289 4793 3436 4848 κατὰ
3487 4795 3620 4866 μίαν
3670 4796 3769 4866 τὴν

506 4875 853 4948 hypostasin.

2189 4883 2361 4955 ἰδικην
2387 4882 2554 4938 αὑτοῦ
2590 4883 2760 4939 πάλαι
2781 4884 3103 4939 ὑπόστασιν.

1133 4986 1286 5044 CAP.
1331 4987 1467 5044 VIII.

2795 4998 3049 5052 ΚΕΦΑΛ.
3078 4999 3160 5053 Η¹.

576 5079 848 5135 Similiter
877 5077 923 5134 si
956 5079 1246 5134 nobiscum
1284 5080 1559 5149 particeps
1603 5077 1782 5134 factus
1814 5085 1901 5134 est
1955 5091 2080 5134 car-

2255 5087 2320 5141 Εἱ
2365 5086 2767 5159 παραπλησίως
2819 5089 2954 5160 ἡμῖν
3003 5088 3369 5161 κεκοινώνηκε
3416 5092 3626 5163 σαρκὸς
3671 5094 3768 5145 καὶ

508 5173 596 5227 nis
621 5181 678 5227 et
723 5171 1006 5243 sanguinis
1043 5171 1652 5238 Christus,~evidentes
1691 5180 1887 5226 natura
1911 5186 2078 5241 quam

2185 5177 2414 5247 αἵματος
2442 5181 2470 5232 6
2496 5179 2730 5248 Χριστὸς
2749 5221 2766 5246 ,
2818 5179 2976 5251 δῆλον
3008 5180 3090 5234 ὅτι
3145 5179 3308 5251 φύσει
3337 5183 3404 5252 τῇ
3437 5180 3566 5235 καθ’
3617 5183 3765 5252 ἡμᾶς

511 5262 677 5316 habet
705 5263 851 5317 inter
881 5278 984 5318 nos
1019 5271 1105 5318 est
1143 5263 1308 5316 homo
1335 5261 1831 5331 Christus..Siquid
1876 5262 2076 5315 horum

2185 5269 2334 5322 ἐστιν
2365 5267 2655 5339 ἅνθρωπος
2684 5271 2712 5323 6
2734 5271 2989 5340 Χριστός.
3024 5271 3090 5325 El
3117 5287 3171 5324 τι
3199 5267 3293 5324 οῦν
3321 5271 3432 5325 τῶν
3459 5272 3640 5326 αὐτῶν
3673 5275 3764 5324 καὶ

512 5368 609 5407 seu
639 5353 806 5408 etiam
842 5355 1130 5424 aequaliter
1159 5355 1476 5426 participat,
1513 5354 1740 5409 omnino
1771 5361 1854 5409 est
1884 5353 2079 5409 eadem

2183 5357 2446 5436 ὠσαύτῳς
2476 5362 2740 5424 κοινωνεῖ,
2774 5361 2990 5425 πάντως
3019 5363 3114 5416 καὶ
3142 5362 3242 5432 τῆς
3267 5361 3439 5432 αὐτῆς
3466 5364 3585 5415 ἔστι
3631 5363 3765 5415 πάν-

508 5452 709 5499 natnra
750 5445 986 5516 integre,
1023 5456 1080 5501 et
1123 5447 1295 5501 solius
1343 5455 1555 5501 natura:
1591 5447 1829 5502 aliorum
1860 5462 1987 5502 cum
2015 5461 2082 5502 eo

2186 5467 2254 5522 τη
2285 5451 2525 5520 φύσεως,
2555 5453 2650 5506 καὶ
2683 5454 2850 5524 μόνης
2878 5453 2988 5508 τῶν
3042 5455 3246 5526 ἑτέρων
3295 5454 3406 5507 τῶν
3469 5454 3566 5508 τοῦ
3599 5455 3763 5508 αὑτοῦ

507 5534 1104 5604 comparticipantium.
1165 5537 1336 5608 igitur
1380 5545 1505 5608 post
1559 5546 1796 5607 quatuor
1842 5537 2084 5592 elemen-

2187 5541 2701 5612 συμμετασχόντων’
2735 5538 2844 5612 ἆρα
2871 5537 2967 5596 οὖν
2994 5541 3118 5595 ἐπεὶ
3145 5542 3254 5595 τῶν
3281 5543 3567 5613 τεσσάρων
3616 5560 3759 5595 στοι-

510 5637 716 5691 torum,
745 5624 998 5687 formica,
1037 5634 1095 5681 et
1121 5627 1337 5696 perdix,
1363 5637 1420 5684 et
1449 5627 1670 5698 squilla,
1725 5635 1782 5682 et
1804 5627 2078 5698 panthera

2179 5631 2364 5701 κείων,
2397 5631 2624 5704 μύρμηξ
2656 5649 2716 5687 τε
2752 5633 2846 5686 καὶ
2877 5633 3070 5704 πέρδιξ
3096 5632 3191 5686 καὶ
3221 5633 3384 5704 καρὶς
3425 5635 3532 5687 καῖ
3551 5634 3760 5705 πάρδα-

509 5716 867 5790 participant,
892 5731 962 5770 an
990 5724 1122 5772 sunt
1148 5719 1331 5772 omnia
1370 5718 1619 5789 ejusdem
1651 5717 1900 5773 naturae?
1929 5716 2080 5787 aspi-

2178 5722 2262 5787 ).ις
2292 5725 2533 5796 μετέχει,
2563 5728 2664 5798 τῆς
2716 5725 2889 5795 αὐτῆς
2935 5726 3041 5779 εἱσι
3092 5725 3222 5780 τάδε
3270 5725 3489 5795 φύσεως
3536 5728 3756 5801 nim;

507 5825 574 5864 ec
603 5823 765 5879 ergo,
812 5822 847 5863 ο
889 5815 970 5874 ιιι,
1019 5808 1167 5879 quod
1209 5809 1533 5866 eorumdem
1578 5808 1766 5880 pueris
1801 5819 1858 5865 et
1908 5809 2075 5867 simili

2181 5813 2380 5868 Σκόπει
2410 5815 2490 5882 δὲ,
2525 5808 2570 5870 ὦ
2597 5809 2773 5879 οὗτος,
2805 5815 2888 5869 ὅτι
2913 5815 3023 5870 τῶν
3051 5815 3150 5886 μὲν
3181 5815 3363 5870 αὐτῶν
3388 5818 3503 5880 τοῖς
3525 5814 3757 5879 παιδίοις

584 5955 612 5985 ⁸³
645 5946 752 6002 lsa.
791 5947 879 6016 45,
915 5948 1002 6015 ll,
1033 5947 1119 6003 12.
1193 5956 1217 5979 ⁸
1261 5948 1363 6003 lsa.
1390 5964 1536 6016 um,
1567 5951 1620 6014 9,
1701 5961 1725 5990 ν
1763 5950 1906 6006 Psal.
1937 5969 1982 6017 L,
2019 5953 2070 6007 6.
