4006 6526
236 492 373 560 1τ33

1178 469 1576 537 ADVERSUS
1612 430 2162 529 NESTORIANDS.
2186 488 2256 503 —
2277 461 2427 524 LIB.
2464 461 2534 523 v.

3361 457 3494 522 17.74

231 604 329 658 καὶ
352 595 517 670 ὁμοίᾳ
550 588 808 661 κοινωνίᾳ
852 582 990 659 φησὶ
1018 581 1081 637 τὸ
1122 581 1304 652 λόγιον
1355 573 1819 670 κεκοινωνηκέναι
1849 629 1850 634 η

1956 577 2315 633 ommunione
2332 571 2772 646 dicitScriptura
2795 570 3121 643 participem
3149 584 3272 627 esse
3296 571 3495 635 lilium,

229 693 323 748 ⁴¹εὸν
357 663 505 753 Ῠίὸν,
532 688 701 758 ἧγουν
746 682 979 753 αἵματος
1028 674 1126 729 καὶ
1180 672 1402 745 σαρκός·
1463 668 1524 723 οὐ
1562 666 1669 739 μὴν
1701 663 1820 758 καὶ

230 787 325 840 τὸν
368 756 784 849 κοινωνήσαντα
839 768 1015 825 τοῖσδε
1044 767 1183 823 καθ’
1210 764 1360 836 ἡμᾶς
1384 803 1401 828 ,
1448 760 1636 830 ὅμοιον
1688 756 1821 849 ἡμῖν

234 876 399 948 φησιν
428 846 633 933 ἁπλῶςο
666 867 807 921 ὥστε
828 863 887 930 ἐξ
906 860 1096 933 ὁμοίου
1123 857 1219 912 καὶ
1245 852 1501 925 ἀνομοίου
1526 851 1659 948 Ῐιμίν
1677 846 1823 948 ἐκεῖ·

234 937 323 1033 νος
354 966 660 1036 σύγκειταιο
697 959 811 1023 πῶς
839 955 931 1011 οὖν
963 954 1123 1026 μόνον
1172 949 1293 1005 καθ’
1325 947 1472 1019 ἡμᾶς
1525 942 1677 996 ἔσται
1722 937 1821 993 ἄν·

238 1063 453 1136 θρωπος
487 1074 504 1125 ;

831 1138 1077 1195 ΚΕΦΑΛ.
1106 1134 1187 1190 Θ¹.

308 1245 372 1299 El
400 1244 429 1296 ό
464 1238 653 1310 Πατὴρ
687 1234 818 1289 ποτε
860 1232 960 1304 μὲν
990 1229 1084 1283 τοῦ
1117 1224 1253 1280 Θεοῦ
1290 1222 1463 1291 Λόγου
1502 1217 1665 1310 μόνου
1707 1215 1823 1310 lla-

237 1337 365 1409 τὴρ,
397 1331 526 1387 ποτὶ
555 1303 735 1384 ⁷καὶ
754 1303 941 1396 Παεὴρ
961 1321 1058 1377 καὶ
1080 1319 1236 1381 Θεὸς,
1262 1316 1296 1386 ἢ
1320 1314 1429 1385 ἄρα
1452 1312 1532 1374 είς
1555 1308 1623 1409 τὸ
1641 1303 1825 1409 μεῖξον

240 1398 547 1499 προέκοψεν
573 1424 601 1476 ό
639 1418 854 1490 Πατὴρ,
883 1418 918 1487 ἢ
955 1415 1036 1478 είς
1090 1410 1152 1466 τὸ
1184 1410 1405 1462 ἔλαττον
1454 1398 1827 1499 καεεόιϐάσθη

240 1488 438 1582 ὁῨίός.
460 1488 653 1568 *Ἀλλὰ
681 1488 870 1579 [latim
923 1506 1021 1578 μὲν
1068 1500 1169 1565 τοῦ,
1194 1499 1426 1570 ἀοράτου
1478 1493 1656 1562 Λόγου
1716 1488 1824 1554 ἀεὶ,

242 1612 373 1675 Θεὸς
403 1581 481 1663 ὅδὲ
535 1606 706 1677 μόνης
752 1602 852 1673 τῆς
900 1595 1183 1670 ὁρωμένης
1235 1589 1440 1662 σαρκὸς
1497 1583 1594 1639 τοῦ
1651 1581 1826 1651 Λόγου

243 1703 411 1757 ἐστίν.

866 1779 1119 1838 ΚΕΦΑΛ.
1147 1777 1204 1830 I'.

315 1884 378 1941 Εἰ
410 1882 546 1954 ὁμοῦ
577 1879 710 1943 Θεὸς
756 1876 853 1931 κω⁹
886 1872 1173 1944 ἄνθρωπος
1218 1868 1247 1919 ό
1298 1860 1566 1954 Χρισξὸς,
1601 1851 1831 1954 καὶ-οῦκ

246 1976 393 2030 ἔστιν
415 1942 597 2034 ό’Θεὸς
626 1942 758 2031 Θεὸς
790 1964 884 2020 τοῦ
910 1942 1199 2033 ἀνθρώπου
1226 1995 1241 2021 ,
1270 1954 1430 2024 δῆλον
1452 1951 1535 2004 ὅτι
1563 1947 1663 2001 οὐκ
1688 1942 1827 1999 είσὶν

247 2067 496 2138 ἀλλήλοις
519 2065 657 2131 ὅπερ
694 2059 965 2127 λέγονται·
1000 2049 1248 2106 τουτέστι
1282 2044 1418 2138 οὔτε
1457 2036 1701 2138 Θεᾳὸςᾼτῷ
1730 2039 1829 2090 ἀνα

480 2160 509 2211 ό
545 2156 700 2218 Θεὸς,
730 2150 855 2206 οὔτε
900 2145 1187 2233 ἄνθρωπος
1212 2138 1291 2233 τις)
1313 2136 1431 2208 Θεῷ
1449 2138 1486 2233 ὅ
1519 2132 1828 2233 ἄνθρωπος.

259 2219 489 2301 iure:
524 2242 623 2313 μὲν
647 2243 706 2293 ὲν
736 2236 926 2307 Κυρίῳ
965 2232 1176 2303 φύσεις,
1211 2228 1385 2289 οὕτως
1447 2224 1630 2295 ἔχουσι
1692 2219 1832 2313 πρὸς

247 2332 483 2409 ἀλλήλας
512 2311 1016 2398 ἀντεξεταζόμεναι·
1073 2321 1279 2376 τούτων
1316 2318 1427 2409 γὰρ
1456 2317 1490 2387 ὴ
1532 2314 1631 2409 μὲν
1670 2311 1837 2409 ὲθὲω-

249 2447 310 2485 σε
355 2400 597 2499 δηλονότι
621 2422 696 2486 ὡς
720 2420 860 2485 θεία,
896 2418 931 2487 ή
957 2415 1016 2470 δὲ
1042 2411 1251 2482 ὲθεώθη
1283 2404 1729 2499 ὡμολογημέναις
1757 2400 1833 2499 ὼς

254 2520 330 2591 μὴ
369 2492 527 2588 φῦσει
570 2512 692 2585 θείᾳ
744 2508 933 2564 πάλαι·
984 2502 1221 2576 Χριστὸς
1274 2500 1330 2553 δὲ
1385 2497 1568 2591 αὐτὸς,
1603 2492 1834 2591 ἤγουν.ιή

252 2582 485 2681 ξυνωρὶς
517 2605 620 2676 τῆς
648 2582 902 2674 θεότητος
926 2598 1023 2652 καὶ
1041 2590 1483 2681 ἀνθρωπότητος,
1501 2582 1838 2681 οὗπε-ἁπλῶς

250 2674 411 2764 Θεὸς-
442 2674 735 2767 ἀνθρωπου
784 2689 881 2745 καὶ
942 2688 1062 2741 ὅλου
1119 2680 1340 2747 ἑαυτοῦ,
1373 2677 1499 2733 οὔτε
1553 2674 1842 2767 ανθρωπος

251 2760 386 2844 Θεοῦ
404 2789 497 2843 καὶ
527 2760 723 2842 ἑαυτοῦ
758 2779 907 2836 κατὰ
936 2777 1036 2849 τὴν
1067 2774 1385 2837 ὑπόστασιν*
1413 2766 1533 2822 ἀλλ’
1555 2764 1673 2836 ἅμα
1698 2760 1844 2825 Θεός

252 2898 312 2934 τε
350 2879 444 2932 καὶ
482 2876 765 2945 ἄνθρωπος
792 2872 821 2925 ό
850 2869 1032 2931 αὐτός·
1089 2865 1228 2936 πρός
1281 2877 1343 2914 τε
1397 2857 1533 2912 Θεὸν
1560 2852 1843 2945 διαφέρων

253 2976 320 3044 τῇ
350 2944 632 3025 ἑπινδύσέι
664 2962 758 3019 τοῦ
798 2959 1161 3032 ἀνθρωπίνου,
1205 2955 1299 3009 καὶ⁵
1356 2950 1495 3025 πρὸς
1526 2944 1849 3020 ἀνθρώπους

254 3062 472 3123 διοίσων
494 3061 563 3132 τῇ
602 3056 875 3129 ἑνοικήσει
922 3052 1017 3105 τοῦ
1063 3049 1244 3103 Θείου.

826 3166 1083 3223 ΚΕΦΔΛ.
1111 3164 1218 3220 lA’.

330 3264 658 3337 Λειτουργὸν
707 3260 815 3315 τῶν
869 3258 1041 3327 ἁγίων
1077 3258 1169 3309 τὸν
1222 3251 1459 3324 Χριστὸν
1518 3246 1779 3321 ὀνομάζει
1813 3246 1847 3318 ἡ
1877 3274 1919 3333 c

264 3361 393 3431 ἁγία
422 3356 634 3429 Γραφήο
668 3354 764 3408 καὶ
799 3352 908 3413 πᾶς
937 3346 1272 3418 λειτουργὸς,
1300 3342 1394 3397 τοῦ
1418 3341 1554 3396 Θεοῦ
1584 3340 1849 3413 δηλονότι,

264 3451 342 3522 τῷ
372 3449 495 3519 Θεῷ
538 3445 702 3500 αὐτοῦ
730 3442 1059 3512 λειτουργεηί·
1092 3438 1186 3491 καὶ
1214 3436 1265 3489 εί
1292 3433 1479 3522 *ιὰ-τοῦ
1518 3432 1687 3503 νόμου
1723 3430 1854 3485 σκιὰ

361 3539 471 3595 τῶν
499 3538 556 3591 ὲν
587 3538 654 3607 τῇ
687 3533 892 3605 χάριτι,
920 3530 979 3587 ὲν
1026 3528 1083 3583 δὲ
1132 3529 1199 3599 τῇ
1241 3526 1373 3596 σκιᾷ
1408 3520 1561 3616 εἶχεν
1687 3520 1854 3591 νόμος

265 3611 597 3702 λειτουργὸν,
617 3626 775 3696 δῆλον
803 3623 885 3679 ὅτι
919 3618 1015 3676 καὶ
1052 3620 1110 3671 ὲν
1135 3619 1201 3689 τῇ
1241 3616 1425 3687 χάριτι
1451 3614 1565 3683 ἔχει
1610 3611 1856 3682 λειτουρ-

268 3726 385 3795 γόν.
431 3721 588 3777 Ἐπεὶ
624 3718 717 3772 οῦν
756 3714 852 3770 καὶ
881 3711 1032 3783 θῦμα
1071 3703 1214 3779 εἶχεν
1247 3708 1282 3779 ή
1316 3706 1464 3770 σκιὰ,
1490 3704 1588 3758 καὶ
1616 3703 1861 3795 λειςιουρ-

268 3793 368 3888 γοῦ
427 3807 733 3881 ὄντος-,τοῦ
785 3802 1023 3878 Χριστοῦ
1076 3801 1152 3865 ὼς
1181 3797 1469 3869 ἀνθρώπου
1525 3793 1649 3849 καθ’
1691 3793 1857 3865 ὑμᾶς,

271 3910 373 3964 ποῦ
403 3905 673 3978 ζητοῦμεν
730 3900 825 3956 καὶ
853 3897 914 3951 τὸ
937 3895 1084 3966 θῦμα
1112 3892 1214 3962 τῆς
1265 3892 1426 3954 σκιᾶς
1460 3905 1476 3955 ;
1509 3888 1568 3978 εἱ-
1588 3888 1858 3978 νοῄσομεν

270 4003 366 4057 οῦν
391 3973 842 4053 ιεὸ-ἀποστολικὸν
880 3987 962 4040 ὅτι
988 3983 1078 4037 διὰ
1127 3980 1447 4050 Πνεῦματος
1477 3976 1633 4046 ἁγίου
1664 3973 1858 4028 ἑαυτὸν

272 4095 503 4165 ἄμωμον
525 4085 866 4159 προσήνεγκε
898 4077 977 4149 τῷ
998 4073 1139 4146 Θεῷ,
1185 4070 1508 4165 γνωσόμεθα
1526 4158 1538 4165 Α
1555 4067 1631 4165 ὡς
1653 4069 1681 4121 ό
1698 4064 1858 4165 αῦτός

273 4151 337 4239 τὲ
367 4151 463 4236 καὶ
516 4151 756 4246 ὲιέάπαξο
783 4170 844 4226 οὐ
882 4169 991 4239 γὰρ
1021 4166 1116 4221 καὶ
1147 4162 1427 4225 πολλάκις,
1456 4158 1551 4213 καὶ
1565 4151 1645 4221 εἷς
1674 4157 1769 4210 καὶ
1795 4154 1857 4208 οὐ

277 4273 497 4336 πλείους
556 4245 849 4339 ίερατεύων
894 4260 1010 4312 ἐστὶ
1036 4296 1052 4320 ,
1086 4251 1402 4325 λειτουργὸς
1447 4266 1509 4302 τε
1558 4246 1715 4311 Θεοῦ,
1765 4245 1859 4339 καί

276 4366 426 4437 θῦμα
463 4359 582 4431 Θεῷ
609 4335 837 4427 γόμοίως
864 4369 924 4409 τε
970 4348 1066 4404 καὶ
1094 4345 1226 4408 Θεὸς
1276 4339 1779 4413 λειτουργούμενος·
1808 4335 1858 4389 εί

276 4432 388 4533 γὰρ
431 4458 519 4514 διὰ
575 4452 895 4523 Πνεῦματος
949 4444 1108 4515 ἁγίου
1176 4438 1614 4511 προσφερόμενος
1664 4432 1857 4533 tacebit

278 4524 664 4625 προσενεγκεῖν
720 4546 974 4612 λέγεται,
1006 4537 1101 4593 καὶ
1129 4534 1241 4625 οὑὸξ
1267 4533 1454 4602 ἐτέρου
1488 4524 1856 4625 προσενεχθῆῖ

1920 668 2132 724 scilicet
2161 668 2346 723 carnis
2380 676 2437 721 et
2461 665 2767 735 sanguinis,
2810 679 2921 718 non
2952 678 3087 719 vero
3114 663 3210 733 qui
3242 678 3498 719 commu-

1920 758 2109 815 nicant
2143 758 2213 814 de
2246 758 2334 813 his
2372 757 2517 812 inter
2572 773 2673 812 nos
2705 756 2840 813 dicit
2884 756 3212 826 simpliciter
3259 756 3501 812 similem

1922 852 2103 918 nobis,
2130 851 2206 906 ita
2230 858 2292 905 ut
2319 851 2411 906 ille
2439 850 2706 905 consistat
2737 865 2803 905 ex
2841 848 3007 905 simili
3035 860 3092 905 et
3115 849 3370 905 dissimili
3401 867 3503 905 no-

1923 939 2055 1005 bis;
2110 938 2391 1010 quomodo
2444 953 2576 1009 ergo
2632 938 2978 995 solummodo
3032 940 3179 997 inter
3236 956 3338 997 nos
3395 942 3506 997 erit

1925 1033 2092 1088 homo
2110 1033 2134 1087 ?

2570 1117 2724 1174 CAP.
2764 1117 2859 1174 IX.

1995 1212 2052 1269 Si
2098 1213 2262 1268 Pater
2298 1211 2596 1284 aliquando
2628 1210 2732 1266 fuit
2768 1212 2929 1266 Pater
2962 1202 3060 1268 Dei
3114 1210 3281 1268 Verbi
3307 1213 3504 1277 solius,

1926 1303 2225 1374 aliquando
2256 1314 2441 1359 autem
2477 1314 2532 1358 et
2587 1303 2746 1357 Pater
2773 1312 2829 1358 et
2860 1304 3025 1369 Deus,
3055 1320 3186 1360 sane
3221 1305 3277 1359 in
3308 1306 3507 1361 melius

1925 1397 2200 1467 processit
2253 1396 2435 1461 Pater,
2475 1396 2605 1450 etin
2667 1397 2824 1466 pejus
2864 1395 3153 1451 descendit
3192 1397 3358 1451 ﬁlius.
3398 1396 3506 1452 Sed

1928 1484 2090 1540 Pater
2124 1494 2211 1540 est
2254 1500 2473 1555 semper
2504 1484 2801 1540 invisibilis
2827 1486 2994 1541 Verbi
3020 1504 3035 1554 ;
3066 1486 3213 1543 Deus
3253 1504 3385 1544 vero
3415 1502 3507 1543 so.

1927 1573 2040 1630 lius
2064 1573 2305 1630 visibilis
2336 1574 2523 1631 carnis
2557 1576 2743 1631 Verbi.

2584 1747 2735 1804 CAP.
2774 1748 2844 1804 Χ,

2003 1838 2061 1895 Si
2082 1838 2244 1895 simul
2269 1838 2416 1896 Deus
2436 1848 2491 1895 et
2516 1840 2682 1895 homo
2708 1841 2985 1906 Christus,
3022 1852 3078 1896 et
3110 1858 3219 1897 non
3251 1852 3337 1898 est
3359 1844 3507 1901 Deus

1861 1922 1901 1976 Β
1928 1929 2169 1985 hominis
2194 1931 2362 1997 Deus,
2395 1931 2625 1987 evidens
2655 1940 2740 1987 est
2771 1933 2917 2002 quod
2961 1949 3069 1987 non
3132 1934 3243 1987 sint
3274 1934 3418 1988 inter
3448 1950 3508 1989 se

1927 2032 1989 2077 ut
2020 2022 2303 2077 dicuntur.
2350 2023 2409 2077 ld
2463 2030 2549 2079 est
2600 2025 2745 2078 Deus
2770 2040 2879 2079 non
2934 2034 3021 2080 est
3074 2026 3222 2081 Deus
3272 2028 3506 2091 homini,

1928 2129 2032 2169 nec
2057 2114 2224 2169 homo
2254 2115 2366 2170 Deo
2392 2115 2556 2169 homo
2582 2124 2795 2171 naturae
2835 2132 2955 2185 quae
3001 2125 3130 2171 sunt
3159 2118 3212 2173 in
3251 2119 3507 2182 Domino,

1931 2207 2012 2261 sic
2040 2206 2187 2290 inter
2213 2221 2272 2261 se
2293 2216 2624 2278 pugnarent.
2659 2209 2804 2267 inter
2839 2226 2960 2279 quae
2995 2210 3167 2265 Deum
3197 2210 3348 2276 facit,
3377 2226 3509 2268 sane

1933 2307 1995 2352 ut
2022 2298 2227 2363 divina,
2255 2315 2379 2370 qua:
2422 2300 2607 2355 divina
2639 2301 2780 2357 facta
2830 2310 2916 2357 est
2976 2303 3095 2357 sine
3138 2304 3307 2359 dubio
3352 2305 3509 2377 quasi

1933 2407 2044 2446 non
2075 2392 2405 2446 naturaliter
2440 2391 2629 2446 divina
2670 2407 2740 2447 ex
2772 2393 3022 2463 antiquo.
3060 2394 3313 2450 Christus
3368 2399 3513 2466 ipse,

1936 2480 1989 2535 id
2029 2488 2114 2535 est
2160 2481 2293 2535 unio
2325 2480 2634 2535 divinitatis
2667 2490 2724 2535 et
2772 2482 3161 2548 humanitatis,
3224 2498 3328 2557 nec
3375 2484 3513 2539 sim-

1938 2571 2156 2640 pliciter
2183 2573 2327 2625 Deus
2351 2570 2591 2625 hominis
2611 2581 2667 2624 et
2721 2571 2808 2625 sui
2842 2573 3035 2638 totius,
3078 2590 3181 2629 nec
3225 2574 3393 2633 homo
3418 2574 3516 2631 Dei

1940 2669 1997 2716 et
2020 2662 2104 2716 sui
2131 2661 2434 2716 secundum
2466 2662 2816 2731 liypostasin,
2845 2664 2940 2718 sed
2970 2665 3132 2718 simul
3159 2666 3304 2722 Deus
3329 2676 3387 2722 et
3417 2666 3518 2722 ho-

1943 2764 2034 2804 mo
2062 2749 2178 2819 ipse
2206 2766 2237 2803 a
2274 2750 2385 2804 Deo
2414 2750 2678 2805 dill‘ercns
2708 2750 2988 2806 induendo
3013 2753 3434 2821 humanitatem,
3458 2767 3522 2818 et

1945 2841 2199 2899 homines
2230 2857 2501 2914 superans
2542 2842 2926 2915 participando
2959 2843 3261 2901 divinitati.

2598 3129 2750 3186 CAP.
2792 3128 2886 3185 XI.

2025 3223 2377 3282 Sacerdotem
2408 3229 2723 3277 sanctorum
2745 3220 3026 3276 Christum
3057 3229 3216 3275 vocat
3242 3217 3531 3292 Scriptura

1957 3335 2130 3384 sacra,
2182 3327 2239 3373 et
2290 3318 2471 3371 omnis
2503 3314 2781 3379 sacerdos,
2842 3313 2939 3368 Dei
2979 3313 3408 3379 estsevidenter,
3439 3329 3535 3369 sa-

1957 3413 2167 3469 criﬁcat
2214 3410 2324 3466 Deo
2384 3423 2508 3469 suo.
2540 3416 2596 3463 et
2653 3407 2698 3461 si
2745 3405 3099 3461 insitutiones
3151 3407 3285 3476 legis
3336 3406 3533 3463 umbra

1956 3512 2114 3560 erant
2143 3500 2550 3557 institutionum
2579 3498 2716 3567 legis
2737 3496 2943 3568 gratiae.
2985 3497 3042 3551 in
3076 3496 3271 3551 umbra
3303 3497 3393 3552 lex
3432 3497 3533 3552 ha-

1958 3593 2080 3648 huit
2108 3590 2474 3652 sacerdotem,
2505 3586 2794 3642 evidenter
2819 3585 2874 3639 in
2900 3585 3018 3655 lege
3056 3584 3246 3655 gratia:
3274 3585 3536 3641 sacerdos

1958 3700 2079 3740 esse
2109 3682 2295 3738 debet.
2338 3680 2475 3737 Cum
2519 3694 2658 3733 vero
2693 3676 3025 3733 sacrificium
3070 3676 3263 3731 habuit
3315 3678 3533 3742 umbra,

1959 3792 2085 3831 cum
2117 3774 2373 3830 Christus
2392 3781 2454 3826 ut
2486 3771 2653 3825 homo
2678 3770 2750 3825 sit
2798 3769 3059 3824 sacerdos
3090 3769 3234 3824 inter
3266 3785 3390 3835 nos,
3437 3770 3534 3827 ubi

1959 3880 2333 3939 quaereremus
2354 3862 2683 3919 sacriﬁcium
2716 3860 2946 3924 umbrre,
2977 3860 3022 3914 si
3046 3868 3368 3929 cooptamus
3387 3859 3536 3930 Apo-

1960 3960 2085 4018 stoli
2121 3958 2327 4013 dictum
2352 3955 2481 4025 quia
2511 3970 2610 4023 per
2642 3951 2913 4021 Spiritum
2975 3958 3227 4005 sanctum
3294 3951 3535 4021 seipsum

1959 4050 2214 4109 exhibuit
2258 4044 2804 4117 irreprehensibilem
2859 4043 3011 4107 Deo,
3084 4041 3328 4097 sciemus
3387 4041 3536 4115 quod

1960 4146 2078 4216 ipse
2109 4141 2300 4205 semel,
2317 4155 2426 4194 non
2444 4146 2629 4192 autem
2657 4135 2882 4216 pluries,
2917 4136 2975 4189 et
3000 4151 3146 4189 unus
3166 4144 3252 4189 est
3278 4136 3539 4191 sacerdos

1958 4214 2015 4292 et
2055 4250 2165 4290 non
2198 4233 2387 4304 plures
2428 4230 2751 4284 ministrans
2794 4214 2928 4293 Deo,
2960 4234 3018 4282 et
3048 4226 3288 4283 victima:
3337 4228 3539 4287 similis

1959 4329 2093 4391 Deo,
2123 4334 2182 4380 et
2227 4325 2375 4379 Deus
2409 4321 2499 4377 cui
2537 4320 2799 4386 oﬂ‘ertur;
2857 4334 2985 4376 nam
3043 4318 3089 4373 si
3139 4334 3238 4389 per
3269 4318 3538 4389 Spiritum

1959 4429 2210 4481 sanctum
2248 4417 2450 4487 legitur
2492 4416 2734 4483 seipsum
2781 4410 2887 4467 sibi
2926 4410 2982 4464 in
3037 4411 3224 4465 cibum
3254 4411 3448 4476 fuisse,
3481 4422 3537 4469 et

1959 4531 2070 4569 non
2096 4513 2206 4567 alio
2242 4509 2428 4579 dirigi,
2481 4507 2711 4562 evidens
2744 4514 2828 4560 est
2875 4503 3021 4573 quod
3052 4503 3247 4558 eadem
3303 4512 3387 4558 est
3438 4520 3539 4561 na-

278 4595 387 4709 νοῖι,
433 4595 589 4711 δῆλον
620 4636 695 4699 ὡς
722 4634 818 4704 τῆς
860 4626 1025 4684 αὐτοῦ
1061 4623 1277 4697 φύσεώς
1310 4626 1426 4676 ὲστι
1454 4620 1516 4673 τὸ
1550 4616 1774 4686 Πνεῦμα
1796 4613 1850 4667 τὸ

1967 4613 2089 4659 tura
2120 4600 2362 4674 Spiritus
2387 4598 2564 4655 sancti
2612 4597 2707 4669 qui
2759 4605 2843 4651 est
2868 4595 3038 4653 etiam
3071 4597 3236 4652 Deus.

279 4736 454 4803 ἆγιον,
489 4732 517 4784 ὅ
541 4721 658 4785 ὲσσιῖι
689 4724 784 4783 καὶ
815 4721 967 4784 Θεός.

881 4808 1127 4862 ΚΕΦΑΑ.
1160 4805 1262 4858 lB'.

352 4914 542 4985 Εῑτῆς
597 4903 843 4976 κεφαλῆς
862 4901 924 4954 οὐ
962 4898 1215 4962 δεσπόζει
1253 4896 1281 4948 ό
1323 4893 1455 4957 Θεὸς
1510 4890 1704 4985 Λόγος,
1752 4886 1862 4943 οὐδ’

285 5013 395 5080 ἄρα
421 4982 542 5063 ὅλου
573 5001 667 5058 τοῦ
703 4998 954 5069 σώματος
1014 4992 1284 5055 δεσπόζειο
1320 4990 1369 5041 εί
1395 4988 1451 5040 δὲ
1483 4986 1598 5080 τῆςῄ
1625 4982 1861 5080 Ἐἶεκλτμ

288 5075 409 5162 σίας
439 5097 642 5167 Κύριος
675 5094 702 5148 ό
732 5089 864 5152 Θεὸς
894 5086 1088 5153 Λόγος,
1149 5082 1210 5147 ἒξ
1238 5080 1484 5149 ἀνάγκης
1517 5078 1611 5130 καὶ
1644 5075 1742 5145 τῆς
1762 5090 1866 5167 Δκε-

289 5191 464 5263 φαλῆς
489 5165 589 5259 τῆς
637 5180 964 5253 Ἐκκλησίας
987 5178 1105 5231 ἐστὶ
1152 5173 1379 5246 Κύριος.
1414 5172 1473 5223 El
1512 5168 1653 5223 κατὰ
1706 5165 1867 5263 φύσιν

290 5255 467 5351 πάνιη
518 5255 758 5345 ἰσότιμος
809 5272 908 5342 τὴν
956 5268 1111 5332 τάξιν
1163 5266 1257 5319 καὶ
1281 5260 1618 5349 όμοταγὴςὴ
1660 5255 1870 5327 κεφαλὴ

293 5372 427 5443 πρὸς
455 5369 515 5424 τὸ
542 5369 661 5421 ὅλον
718 5364 897 5436 σῶμα,
955 5361 1065 5415 οὐδ’
1097 5361 1204 5429 ἄρα
1248 5354 1676 5443 κεφαλὴνὸντως
1724 5351 1871 5443 tam

290 5440 412 5534 sit;
444 5461 520 5523 ὡς
546 5458 689 5530 ἀρχὴ
728 5457 822 5510 καὶ
843 5452 1188 5522 ἐπικείμενον
1218 5446 1381 5520 μέρος
1417 5442 1496 5513 τῷ
1530 5440 1876 5534 ὑποκειμένῳ

291 5529 463 5621 αὐτῆς
478 5529 822 5620 ὅλῳσὼματι
853 5546 1062 5597 νόεταιο
1111 5541 1158 5593 εί
1185 5539 1241 5590 δὲ
1264 5537 1432 5598 ὅντως
1479 5529 1797 5604 ὑπέρκειται
1816 5546 1876 5582 τε

289 5642 460 5701 αὐτοῦ
485 5643 685 5711 φυσικῇ
713 5638 879 5700 θέσει,
915 5635 1011 5689 καὶ
1026 5633 1083 5699 ἐξ
1110 5631 1276 5695 αὐτῆς
1298 5630 1406 5681 πᾶν
1426 5626 1485 5680 τὸ
1508 5625 1664 5694 σῶμα
1687 5639 1879 5691 συναρ-

302 5735 611 5806 μολογεῖται
640 5731 733 5785 καὶ
786 5722 1182 5797 συμὸιϐἀζεται
1208 5720 1301 5773 καὶ
1324 5718 1739 5788 ὲπιχορηγεϊται
1779 5714 1877 5774 τὰς

301 5826 579 5893 δυνάμεις,
625 5820 783 5891 δῆλον
829 5817 903 5879 ὡς
955 5812 1169 5885 μεθέξει
1215 5811 1361 5874 τινὸς
1410 5807 1747 5883 ἡγεμονικῆς
1780 5807 1875 5861 τοῦ

306 5918 555 5987 σώματος
587 5912 800 5984 φύσεως
832 5906 980 5979 παρὰ
1026 5904 1122 5978 τὴν
1161 5900 1639 5977 ἡγεμονευομὲνην
1670 5897 1763 5953 ὑπ’
1784 5899 1882 5954 αὑ-

2036 4890 2094 4947 Si
2120 4889 2287 4962 capiti
2332 4903 2445 4944 non
2475 4888 2712 4959 imperat
2746 4889 2893 4944 Deus
2940 4887 3213 4952 Verbum,
3258 4902 3362 4943 nec
3412 4902 3543 4945 sane

1970 4984 2070 5042 toti
2131 4981 2351 5054 corpori
2411 4983 2665 5051 imperat.
2725 4979 2782 5035 Si
2836 4980 3084 5036 ecclesiae
3141 4979 3408 5034 Dominus
3458 4988 3544 5037 est

1969 5075 2115 5131 Deus
2166 5072 2430 5137 Verbum,
2477 5070 2795 5127 necessario
2823 5074 2991 5126 etiam
3041 5071 3545 5140 capitisEcclesiae

1970 5171 2053 5218 est
2084 5162 2371 5221 Dominus.
2408 5161 2463 5219 Si
2493 5161 2798 5217 secundum
2845 5170 3097 5216 naturam
3157 5177 3322 5217 omne
3380 5169 3547 5231 caput

1971 5262 2055 5309 est
2090 5252 2337 5323 ejusdem
2390 5251 2619 5311 valoris.
2652 5250 2958 5305 secundum
2999 5250 3252 5305 ordinem
3291 5260 3458 5320 caput
3488 5250 3546 5306 in

1971 5346 2164 5402 eodem
2193 5344 2387 5398 ordine
2418 5350 2502 5397 est
2528 5341 2594 5396 ad
2622 5351 2795 5397 totum
2825 5355 3050 5410 corpus,
3080 5357 3190 5395 non
3215 5356 3345 5396 vero
3385 5351 3550 5410 caput

1975 5452 2104 5492 vere
2137 5444 2222 5490 est
2264 5434 2411 5505 quod
2462 5443 2522 5488 ut
2570 5433 2902 5503 principium
2949 5440 3006 5488 et
3055 5432 3377 5503 principalis
3424 5446 3553 5502 pars

1976 5528 2244 5600 prospicit
2276 5537 2388 5582 toto
2414 5525 2635 5595 corpori
2659 5524 2763 5595 ipsi
2785 5524 3059 5595 subjecto.
3090 5521 3147 5579 Si
3179 5534 3364 5579 autem
3417 5539 3551 5579 vero

1978 5628 2232 5691 superest
2262 5619 2489 5691 physico
2526 5616 2804 5687 principio
2863 5618 3005 5688 ejus,
3049 5631 3117 5672 ex
3162 5616 3343 5686 capite
3385 5629 3553 5670 omne

1980 5727 2181 5783 corpus
2245 5711 2467 5780 adoptat
2500 5708 2996 5779 eLappropinquat
3024 5715 3079 5762 et
3108 5706 3260 5760 addit
3297 5705 3553 5774 virtutes,

1979 5804 2268 5860 evidenter
2298 5817 2427 5872 ergo
2457 5801 2732 5872 particeps
2776 5809 2860 5855 est
2910 5800 3145 5869 alicujus
3187 5807 3399 5852 naturae
3431 5814 3557 5853 cor»-

1982 5893 2134 5971 poris
2186 5892 2470 5950 directivae
2521 5907 2693 5964 prope
2742 5890 3047 5961 subjectum
3080 5886 3148 5942 ab
3180 5887 3272 5942 illa
3316 5887 3555 5944 similem
