4006 6562
473 524 612 590 1735

1735 521 2041 586 LEONTII
2083 522 2486 585 BYZANTINI

3589 517 3733 582 I736

468 643 575 712 ipsi
604 651 860 699 naturam
893 645 1065 701 totius
1101 644 1374 716 corporis,
1401 647 1560 716 cujus
1588 646 1633 700 si
1683 661 1793 701 non
1818 646 1889 699 sit
1910 639 2036 715 par-4

2147 643 2236 713 τῆς
2265 641 2549 713 ὁμοούσιον
2583 641 2720 712 αὐτῇ
2749 637 2910 708 φύσιν
2949 638 3113 692 αὐτοῦ
3154 635 3248 693 τοῦ
3294 638 3419 693 ὅλου
3466 637 3733 709 σώματός

467 733 669 804 ticeps,
700 749 812 792 nec
834 745 919 791 est
947 745 1115 807 caput
1149 753 1275 792 cum
1316 753 1427 793 non
1471 739 1672 809 dirigat
1697 737 1907 807 reliqua
1932 737 2039 790 cir-

469 840 533 880 ca
560 826 746 894 iliam;
776 827 829 882 si
858 844 991 882 vero
1024 829 1305 899 particeps
1335 841 1420 886 est
1445 831 1564 902 ejus
1605 831 1700 900 qui
1751 839 1936 885 movet
1983 837 2041 885 et

466 919 577 990 agit
603 935 805 989 corpus
839 937 951 976 non
974 935 1104 976 vero
1140 922 1413 992 reliquum
1443 922 1848 993 dirigitur,'sed
1882 923 2039 991 prin-

468 1011 696 1081 cipium.
725 1012 900 1083 Igitur
925 1022 986 1066 ut
1009 1014 1244 1068 membri
1282 1014 1458 1069 nostri
1483 1022 1538 1069 et
1562 1014 1747 1068 carnis
1778 1030 1892 1068 suat
1933 1014 2039 1066 Do-

469 1111 653 1163 minus
683 1120 766 1164 est
792 1111 1045 1176 verbum,
1079 1110 1334 1180 quamvis
1361 1110 1469 1164 hoc
1497 1117 1661 1178 caput
1685 1116 1933 1161 nostrum
1960 1106 2042 1159 in-

471 1199 768 1270 telligatur,
805 1201 988 1258 adhuc
1029 1212 1086 1256 et
1118 1197 1254 1257 illud
1298 1218 1328 1256 a
1371 1202 1539 1256 verbo
1571 1200 1773 1254 dicitur
1807 1197 2037 1252 directa.

467 1287 588 1343 Non
611 1299 776 1360 caput
806 1289 1012 1346 Christi
1065 1292 1270 1346 dicitur
1318 1288 1482 1355 Deus,
1535 1305 1646 1343 non
1690 1302 1825 1341 vero
1873 1285 2042 1340 totius

469 1381 695 1447 Christi,
732 1399 858 1438 nam
890 1385 1060 1439 totius
1091 1384 1240 1438 illius
1267 1382 1550 1462 proprium
1601 1389 1789 1449 caput,
1842 1377 1897 1433 id
1955 1386 2043 1432 est

468 1474 735 1540 Verbum,
776 1483 832 1530 et
872 1477 991 1548 ipse
1027 1494 1139 1532 non
1189 1477 1292 1532 sibi
1333 1476 1584 1548 imperat.
1636 1473 1694 1529 Si
1745 1488 1876 1526 vero
1901 1471 2044 1526 sicut

471 1566 612 1622 dicis
651 1569 796 1636 quod
844 1569 1082 1639 imperat
1113 1569 1346 1638 reliquo,
1381 1568 1614 1638 imperat
1666 1564 1865 1634 capiti,
1916 1578 2041 1617 cum

470 1657 680 1712 Christi
707 1669 874 1728 caput
899 1660 1045 1714 Deus
1070 1675 1193 1714 esse
1217 1659 1455 1722 dicatur,
1481 1657 1648 1728 igitur
1670 1655 1782 1710 Deo
1810 1653 2044 1723 imperat

471 1747 636 1812 Deus,
689 1760 816 1802 nam
875 1749 1093 1818 corpori
1147 1748 1398 1818 subjecto
1443 1748 1580 1812 Deo,
1613 1745 1668 1799 id
1716 1753 1802 1800 es:
1821 1742 2043 1799 Christo

471 1839 604 1904 toti,
628 1847 689 1892 ut
719 1839 924 1904 dicitis,
953 1849 1010 1894 et
1039 1847 1204 1911 caput
1231 1838 1575 1911 ipsius,idest
1596 1838 1789 1902 Deum,
1825 1843 2044 1906 oportet

469 1929 748 2002 subjicere
770 1929 883 1986 Deo
917 1929 1068 2002 ipso.

1095 2201 1247 2259 CAP.
1286 2202 1428 2257 XIII.

544 2290 601 2348 Si
631 2292 772 2348 Deus
786 2291 1031 2349 Verbum
1053 2307 1164 2346 non
1185 2302 1266 2347 est
1291 2292 1433 2347 Deus
1457 2299 1512 2346 et
1533 2287 1798 2346 Dominus
1815 2290 2044 2356 Cha-isti,

469 2388 700 2443 evidens
714 2398 794 2443 est
815 2387 961 2458 quod
981 2403 1087 2442 non
1103 2396 1186 2441 est
1201 2387 1463 2455 templum
1479 2386 1570 2440 Dei
1585 2385 1753 2441 Verbi
1765 2385 2041 2442 Christus.

471 2478 528 2532 Si
565 2494 697 2532 vero
733 2479 999 2547 templum
1035 2479 1131 2532 Dei
1161 2478 1316 2533 verbi
1367 2485 1452 2532 est
1494 2477 1676 2543 Jesus,
1731 2479 2045 2533 necessario

471 2570 622 2624 Deus
649 2571 772 2638 ejus
805 2578 860 2622 et
888 2569 1154 2624 Dominus
1177 2578 1263 2624 est
1290 2570 1436 2623 Deus
1463 2568 1726 2624 Verbum.
1758 2569 1898 2624 Caro
1928 2570 2045 2626 sola

472 2656 849 2711 habitaculum
884 2656 1072 2722 Verbi,
1107 2673 1232 2711 nam
1281 2658 1534 2714 Christus
1575 2659 1839 2729 templum
1863 2669 1944 2716 est
1965 2660 2044 2714 si-

471 2751 584 2804 mul
608 2758 664 2802 ct
681 2749 1148 2804 Deushabitausin
1170 2751 1372 2819 templo
1391 2767 1407 2816 ;
1427 2767 1552 2805 nam
1570 2767 1681 2806 non
1693 2753 1806 2808 sola
1830 2753 2042 2820 unctio,

469 2855 574 2894 nec
608 2850 807 2895 unctus
864 2856 992 2895 vere
1036 2839 1318 2905 Christus,
1358 2842 1455 2896 sed
1489 2844 1678 2898 unctio
1722 2853 1778 2898 et
1808 2859 2040 2914 ungcns,

467 2940 591 2986 erat
611 2947 741 2986 vero
777 2948 990 3003 ungens
1041 2933 1357 2988 humanitas
1402 2935 1642 3000 Domini,
1688 2936 1876 2990 unctio
1908 2951 2043 2991 vero

471 3040 582 3078 non
619 3039 751 3080 sane
778 3034 862 3079 est
883 3025 1091 3095 aliquid
1126 3027 1390 3081 sensibile
1424 3028 1666 3097 proprie,
1701 3028 1798 3083 sed
1839 3028 2044 3084 divini-

473 3117 601 3170 tatis
639 3118 779 3189 ejus.
829 3117 977 3172 Deus
1005 3117 1174 3187 igitur
1202 3127 1258 3173 et
1295 3118 1461 3176 homo
1488 3119 1634 3175 idem
1661 3120 1934 3177 Christus.

1099 3301 1252 3359 CAP.
1286 3302 1428 3360 le.
1973 3377 1985 3387 ,

544 3394 601 3448 Si
651 3394 836 3449 omnia
875 3410 977 3465 per
1036 3395 1276 3450 Verbum
1333 3413 1441 3450 non
1480 3397 1656 3452 solum
1709 3396 1848 3452 facta
1881 3405 2032 3460 sunt,

469 3485 566 3539 sed
633 3483 817 3550 fiunt,.
845 3486 1076 3541 evidens
1102 3495 1186 3540 est
1209 3487 1358 3560 quod
1392 3487 1553 3543 Jesus
1574 3497 1629 3542 et
1675 3487 1943 3543 Dominus
1988 3497 2043 3542 et

467 3575 724 3632 Christus
742 3594 840 3647 per
859 3579 1030 3633 Deum
1053 3578 1295 3634 Verbum
1313 3580 1551 3636 eii‘ectus
1571 3591 1677 3645 est,
1708 3591 1764 3636 et
1792 3582 2038 3637 omnium

467 3683 595 3736 quae
634 3683 734 3737 per
760 3668 1000 3738 scipsum
1030 3669 1161 3724 facit
1216 3671 1362 3725 Deus
1395 3681 1451 3725 et
1481 3671 1745 3730 Dominus
1783 3683 1869 3728 est
1908 3673 2043 3728 Ver-

475 3759 626 3813 bum.
663 3759 720 3814 Si
772 3760 939 3831 igitur
992 3761 1261 3816 Dominus
1291 3761 2040 3828 etChristus,sicutdicitur,

469 3851 649 3906 factus
670 3861 755 3906 cst
775 3870 804 3907 a
825 3855 954 3914 Deo,
979 3853 1159 3918 Jesus,
1182 3855 1458 3923 quomodo
1480 3856 1662 3910 adhuc
1677 3874 1706 3910 a
1732 3856 1842 3910 Deo
1861 3855 2040 3909 domi-

471 3946 679 3998 natur?
706 3946 824 4000 Non
845 3947 987 4000 cnim
1026 3948 1294 4002 catholico
1340 3948 1506 4017 potiri
1544 3948 1692 4003 omni
1733 3948 2041 4003 substantia

469 4036 540 4088 ad
583 4047 834 4090 naturam
881 4053 1037 4091 suam
1091 4047 1378 4110 spectante
1406 4079 1421 4104 ,
1467 4038 1690 4093 videtur
1733 4040 2042 4110 signiﬁcare

470 4130 622 4183 aliud
674 4129 818 4186 sicut
874 4132 1234 4201 intelligimus
1290 4133 1515 4203 proprie
1552 4133 1621 4188 de
1659 4133 1893 4187 Domino
1940 4135 2044 4187 Do-

469 4219 635 4284 mini,
689 4220 756 4272 ad
813 4237 975 4290 quem
1043 4221 1284 4286 dicitur,
1335 4221 1483 4292 quoii
1538 4222 1724 4278 omnia
1786 4222 1865 4276 illi
1932 4221 2046 4277 sint

468 4306 759 4378 subjecta;
793 4310 836 4361 si
881 4323 1014 4362 vero
1068 4309 1194 4378 quia
1251 4308 1582 4378 quibusdam
1635 4310 1878 4379 potitur,
1931 4326 2042 4365 non

471 4396 642 4466 igitur
674 4397 932 4451 omnibus
967 4398 1113 4452 circa
1165 4397 1343 4467 ipsum
1384 4405 1444 4451 ut
1493 4399 1658 4462 Deus,
1691 4400 1795 4454 hoc
1836 4400 2041 4455 dicitur

470 4486 650 4558 ipsum
680 4488 883 4542 factum
908 4505 1031 4542 esse
1057 4497 1115 4543 et
1148 4489 1356 4545 Pilatus
1396 4499 1452 4546 et
1502 4491 1747 4546 Herodes
1785 4487 1932 4545 certe
1987 4500 2046 4546 ut

464 4596 537 4633 ex
567 4588 720 4650 parte
751 4580 884 4634 tales
915 4588 1074 4634 erant
1112 4579 1350 4644 Domini,
1391 4591 1446 4635 et
1469 4581 1599 4636 facti
1656 4593 1785 4638 sunt
1818 4599 1847 4638 a
1886 4584 2039 4651 Deo;

2140 737 2308 789 ἔστιν’
2339 731 2408 807 ἦς
2450 735 2500 788 εἰ
2539 733 2614 805 μὴ
2648 735 2886 805 μετέχει,
2921 731 3030 787 οὐδ’
3064 732 3170 805 ἄρα
3204 731 3412 806 κεφαλή
3445 734 3619 794 ἐστιν.
3650 732 3733 794 ὡς

2145 827 2280 898 μηδὲ
2311 827 2655 898 ἡγεμονοῦσα
2710 825 2896 879 λοιπὸν
2943 825 3064 879 καθ’
3093 825 3281 895 αὑτήν
3321 823 3454 877 εἰδὲ
3502 825 3735 893 μετέχει

2140 917 2234 972 τοῦ
2288 917 2564 978 κινοῦντος
2587 917 2681 970 καὶ
2707 918 2932 985 ἄγοντος
2977 917 3039 969 τὸ
3095 918 3276 987 σῶμα,
3308 915 3417 970 οὐδ’
3447 917 3560 984 ἄρα
3611 915 3732 968 λοι-

2141 1009 2244 1062 πὸν
2280 1010 2745 1080 ἡγεμονευόμενον
2793 1008 2929 1062 ἀλλὰ
2959 1007 3123 1079 ἄρχον
3171 1008 3338 1061 ἐστίν·
3393 1006 3598 1060 οὐκοῦν
3657 1007 3735 1070 ὡς

2144 1102 2339 1173 μέλους
2372 1102 2469 1172 μὲν
2498 1100 2654 1172 ἡμῶν
2692 1098 2860 1171 οὔσης
2891 1101 2981 1154 καὶ
3007 1102 3106 1170 τῆς
3151 1102 3352 1172 σαρκὸς
3382 1101 3584 1154 ἑαυτοῦ
3613 1101 3732 1153 Κύ-

2144 1210 2257 1264 ριος
2291 1195 2318 1246 6
2347 1183 2568 1260 Λόγος,
2623 1192 2670 1244 εξ
2719 1195 2814 1246 καί
2864 1194 3068 1264 ταύτης
3117 1197 3216 1263 τῆς
3277 1194 3521 1264 κεφαλῆς
3573 1193 3733 1262 ἡμῶν

2142 1283 2458 1354 νοουμένης,
2489 1284 2581 1336 ἐπὶ
2607 1283 2700 1336 καὶ
2728 1284 2868 1353 αὑτὴ
2928 1283 3206 1338 ὑπἀὐτοῦ
3245 1283 3484 1353 λέγεταιο
3515 1284 3733 1354 κεφαλὴ

2143 1376 2252 1448 γὰρ
2300 1377 2394 1430 καὶ
2429 1375 2670 1448 Χριστοῦ
2727 1378 2755 1429 6
2780 1377 2914 1440 Θεὸς
2964 1379 3202 1448 εῐρηταν
3236 1379 3296 1430 οὑ
3327 1378 3431 1447 μὴν
3459 1379 3558 1430 καὶ
3606 1378 3734 1429 ὅλου

2144 1468 2402 1539 Χριστοῦο
2432 1467 2525 1522 τοῦ
2564 1468 2672 1540 γὰρ
2701 1469 2823 1522 ὅλου
2851 1470 2944 1521 καὶ
2981 1470 3014 1538 ἡ
3045 1468 3259 1540 κεφαλὴ
3296 1470 3459 1538 αὑτὴ,
3499 1470 3676 1540 ἤγουν
3703 1471 3735 1521 6

2145 1558 2338 1626 Λόγος·
2383 1557 2477 1612 καὶ
2527 1559 2688 1622 αὐτὸς
2749 1558 2946 1611 ἑαυτοῦ
2993 1562 3052 1612 οὔ
3088 1558 3357 1622 δεσπόζειο
3390 1560 3440 1611 εἰ
3471 1559 3527 1611 δὲ
3589 1558 3736 1612 καθὰ

2147 1648 2251 1718 φὴς
2280 1649 2340 1702 τὸ
2364 1649 2624 1713 δεσπόζον
2673 1649 2767 1703 τοῦ
2797 1648 3014 1712 λοιποῦ,
3065 1649 3164 1704 καὶ
3206 1653 3303 1720 τῆς
3342 1649 3598 1719 κεφαλῆς
3619 1651 3735 1735 .65-

2147 1740 2358 1806 σπόξει,
2401 1741 2526 1795 ἐπεὶ
2560 1741 2797 1812 Χριστοῦ
2832 1743 3046 1812 κεφαλὴ
3073 1744 3100 1795 6
3130 1741 3263 1805 Θεὸς
3303 1739 3444 1796 εἶναι
3489 1741 3731 1814 ἐρῥήθη,

2145 1829 2253 1901 ἄρα
2281 1833 2497 1887 καὶτοῦ
2533 1834 2668 1888 Θεοῦ
2717 1834 2966 1900 δεσπόζει
3009 1837 3037 1889 6
3073 1833 3223 1898 Θεόςο
3258 1836 3354 1889 τοῦ
3379 1835 3491 1906 γὰρ
3533 1834 3734 1906 σώμαι-

2144 1939 2237 1986 τος
2266 1923 2706 1997 ὑποτεταγμένου
2746 1925 2822 1998 τῷ
2844 1924 2963 1996 Θεῷ
2998 1928 3164 1998 ἧγουν
3199 1927 3439 1997 Χριστοῦ
3467 1927 3620 1992 ὅλου,
3659 1925 3734 1991 ὤς

2076 2003 2119 2058 Β
2153 2012 2314 2090 φατε,
2353 2020 2448 2073 καὶ
2479 2019 2578 2090 τὴν
2622 2019 2865 2089 κεφαλὴν
2897 2019 3085 2085 αὐτοῦ,
3112 2021 3282 2091 ἧγουν
3311 2019 3400 2074 τὸν
3436 2019 3597 2086 Θεὸν,
3655 2021 3740 2074 δεῖ

2149 2111 2468 2167 ὑποκεῖσθαι
2493 2111 2572 2183 τῷ
2614 2111 2765 2183 αὑτῷ
2794 2110 2934 2182 Θεῷ.

2775 2201 3029 2256 ΚΕΦΔΛ.
3054 2199 3154 2256 II".

2225 2294 2287 2347 Ei
2318 2293 2396 2367 μὴ
2417 2294 2548 2356 Θεὸς
2563 2294 2657 2347 καὶ
2678 2292 2946 2363 δεσπότης
2964 2292 3058 2346 τοῦ
3077 2291 3316 2362 Χριστοῦ
3338 2292 3366 2345 6
3381 2291 3514 2355 Θεὸς
3533 2293 3735 2361 Λόγος,

2147 2385 2307 2458 δῆλον
2331 2388 2414 2440 ὅτι
2463 2386 2584 2440 οὐδὲ
2612 2384 2740 2449 ναός
2774 2385 2867 2440 τοῦ
2895 2383 3033 2438 Θεοῦ
3061 2385 3234 2450 Λόγου
3263 2385 3293 2437 6
3315 2384 3575 2454 Χριστός⁹
3606 2385 3656 2436 ει
3683 2384 3741 2437 δὲ

2145 2481 2271 2543 ναὸς
2323 2479 2418 2533 τοῦ
2466 2476 2602 2531 Θεοῦ
2651 2478 2826 2546 Λόγου
2864 2472 2950 2549 ᾖὸ
2992 2475 3220 2548 Ἰησοῦς,
3246 2476 3305 2543 ἐξ
3349 2476 3603 2546 ἀνάγκης
3637 2477 3736 2530 καὶ

2145 2573 2276 2636 Θεὸς
2290 2569 2460 2625 αὐτοῦ
2492 2570 2586 2624 καὶ
2638 2570 2900 2641 δεσπότης
2928 2571 2957 2623 6
2987 2569 3118 2633 Θεὸς
3143 2568 3333 2638 Λόγος.
3362 2565 3426 2621 Ἠ
3458 2567 3606 2638 σὰρξ
3639 2570 3736 2636 μό-

2145 2676 2214 2729 νη
2244 2661 2370 2722 ναὸς
2427 2656 2520 2712 τοῦ
2560 2657 2757 2726 Λόγου·
2808 2660 2836 2712 6
2868 2657 2976 2730 γὰρ
3025 2655 3259 2732 Χριστὸς
3299 2659 3420 2722 ναὸς
3458 2658 3581 2729 ἅμα
3643 2660 3738 2711 καὶ

2145 2751 2276 2813 Θεὸς
2301 2750 2524 2803 ἔνοικῶν
2551 2748 2628 2820 τῷ
2665 2749 2779 2820 ναῷ
2807 2751 2974 2803 ἐστιν*
3002 2749 3126 2803 οὔτε
3159 2751 3269 2818 γὰρ
3307 2751 3518 2822 χρίσμα
3549 2751 3736 2822 μόνον,

2144 2839 2267 2894 οὔτε
2318 2840 2748 2912 χρισθησόμενον
2799 2843 2828 2895 6
2865 2840 3101 2911 Χριστὸς
3161 2841 3398 2912 άληθῶς,
3439 2841 3581 2894 ἀλλὰ
3614 2845 3739 2912 χρξο

2147 2951 2258 3005 σμα
2317 2935 2411 2986 καὶ
2457 2935 2485 2987 6
2524 2933 2809 3004 χρισθείςο
2845 2928 2913 3004 ἦν
2933 2933 2988 2986 δὲ
3045 2932 3105 2986 τὸ
3138 2933 3236 3004 μὲν
3267 2933 3488 3005 χρισθὲν
3524 2933 3588 2986 τδ
3623 2937 3735 2987 ἀν-

2147 3024 2416 3094 θρώπινον
2443 3026 2538 3078 τοῦ
2586 3027 2814 3097 Κυρίου·
2849 3028 2910 3079 τὸ
2939 3026 2997 3079 δὲ
3051 3026 3280 3098 χρίσμα,
3325 3027 3425 3080 οὐκ
3473 3025 3735 3094 αἰσθητὸν

2142 3116 2340 3187 δηλαδή
2371 3133 2424 3171 τι
2456 3118 2614 3184 ὅλως,
2644 3118 2782 3172 ἀλλά
2808 3118 2869 3172 τι
2898 3119 3054 3173 θετον
3098 3117 3284 3174 αὐτοῦ’
3332 3101 3467 3183 Θεὸς
3492 3121 3605 3191 ἄρα
3635 3121 3733 3172 και

2145 3209 2431 3277 ἄνθρωπος
2457 3211 2485 3264 6
2522 3210 2683 3273 αὐτὸς
2717 3211 2972 3280 Χριστός.

2706 3302 2963 3356 ΚΕΦΑΛ.
2992 3300 3087 3357 ΙΔ’.

2217 3389 2282 3445 Εἰ
2311 3391 2490 3446 πάντα
2538 3392 2626 3448 διὰ
2652 3393 2746 3446 τοῦ
2808 3394 2984 3462 Λόγου
3016 3394 3076 3447 o6
3128 3395 3286 3463 μόνον
3316 3395 3564 3463 γέγονεν,
3595 3395 3731 3451 ἀλλὰ

2146 3486 2243 3540 καὶ
2291 3486 2534 3556 γίνεται,
2583 3486 2741 3558 δῆλον
2777 3487 2859 3540 ὅτι
2919 3487 3014 3541 καὶ
3041 3488 3072 3540 6
3111 3487 3320 3556 Ἰησοῦς
3370 3488 3469 3542 καλ¹
3523 3491 3730 3560 Κύριος

2147 3581 2242 3634 καὶ
2269 3579 2506 3651 Χριστὸς.
2527 3579 2617 3632 διὰ
2648 3579 2742 3632 τοῦ
2772 3579 2908 3633 Θεοῦ
2937 3579 3112 3648 Λόγου
3159 3580 3394 3648 ἐγένετο·
3422 3581 3642 3634 πάντων
3667 3583 3726 3635 δὲ

2143 3671 2253 3727 τῶν
2285 3672 2353 3726 δι’
2377 3670 2561 3737 αὐτοῦ,
2591 3670 2741 3734 Θεὸς.
2784 3671 2880 3725 καὶ
2910 3672 3188 3741 Δεσπότης
3215 3673 3242 3724 6
3290 3673 3484 3740 Λόγος.
3543 3673 3606 3726 ΕΞ
3633 3669 3730 3727 οῦν

2143 3766 2212 3839 δὴ
2260 3765 2468 3837 Κύριος
2519 3766 2612 3818 καὶ
2656 3765 2933 3835 Χριστδς,
2987 3764 3171 3826 καθὼς
3205 3766 3438 3835 εἴρηται,
3494 3768 3727 3837 ἐποιήθη

2145 3856 2250 3909 61:6
2271 3855 2364 3910 τοῦ
2393 3854 2551 3921 Θεοῦ,
2571 3856 2598 3908 6
2626 3853 2853 3924 Ἰησοῦς,
2878 3855 2993 3918 πῶς
3017 3854 3095 3907 ἔτι
3121 3855 3224 3908 ὑπὸ
3250 3856 3342 3908 τοῦ
3370 3855 3508 3913 Θιπῦ
3531 3858 3731 3910 δεσπό-

2146 3948 2301 4013 ζεται
2327 3965 2344 4014 ;
2367 3947 2442 4000 O6
2465 3946 2574 4018 γὰρ
2601 3946 2903 4009 καθολικῶς
2931 3946 2990 4000 τὺ
3011 3947 3285 4015 κυριεύειν
3311 3945 3490 4018 πάσης
3505 3947 3604 4016 τῆς
3631 3965 3732 4000 πα·-

2149 4039 2216 4110 pit
2241 4040 2340 4108 τὴν
2365 4037 2526 4106 φύσιν
2573 4037 2738 4092 αὑτοῦ
2789 4036 2974 4100 οὐσίας
3003 4035 3139 4106 ἔχων
3159 4039 3350 4107 ὁρᾶται
3380 4036 3587 4099 λοιπὸν,
3617 4036 3729 4090 ὦσ-

2145 4149 2250 4202 περ
2278 4130 2504 4202 νοοῦμεν
2534 4130 2630 4184 ἐπὶ
2643 4129 2737 4183 τοῦ
2761 4129 2965 4201 κυρίως
2999 4129 3204 4200 Κυρίου
3239 4129 3372 4202 πρὸς
3393 4130 3450 4183 ὃν
3481 4131 3723 4202 εἴρηται,

2149 4221 2274 4276 Ὀτι
2307 4221 2377 4276 τὰ
2408 4221 2700 4292 σύμπαντα
2724 4219 2889 4274 δοῦλα
2902 4219 2988 4272 σάο
3017 4220 3137 4272 εἰδὲ
3160 4221 3242 4273 ότι
3266 4220 3426 4273 τινῶν
3455 4222 3726 4293 κυριεύει,

2146 4315 2206 4370 o6
2241 4314 2346 4386 μὴν
2381 4314 2476 4367 καὶ
2520 4313 2738 4366 πάντων
2765 4311 2876 4365 τῶν
2902 4313 3035 4383 παρ’
3070 4312 3236 4364 αὐτὸν
3291 4313 3483 4383 ὥσπερ
3506 4316 3535 4366 6
3567 4315 3726 4379 Θεὸς,

2145 4405 2301 4460 τοῦτο
2343 4405 2558 4478 εἴρηται
2594 4405 2689 4458 καὶ
2723 4403 2884 4467 αὐτὸς
2915 4404 3189 4473 γενέσθαι,
3225 4405 3322 4458 καὶ⁵
3367 4405 3602 4469 nemo;
3637 4408 3729 4459 aut

2159 4495 2404 4568 Ἡρώδης
2450 4497 2580 4565 ἄρα,
2625 4495 2701 4559 ὡς
2753 4495 2818 4548 ὲκ
2862 4495 3062 4566 μέρους
3103 4495 3296 4549 τοιοίδε
3345 4494 3543 4563 Κύριοι
3597 4497 3727 4558 εισι,

2147 4591 2241 4643 καὶ
2286 4589 2513 4658 γέγοναν
2561 4588 2667 4640 ὑπὸ
2700 4586 2857 4640 Θεοῦ·
2891 4588 2971 4641 ἔτι
3013 4589 3122 4658 μὴν
3177 4589 3224 4640 εἰ
3257 4587 3332 4657 μὴ
3362 4588 3510 4640 κατὰ
3540 4587 3729 4641 τούσδε

466 4672 654 4727 adhuc
691 4672 857 4742 igitur
904 4672 949 4725 si
988 4688 1097 4726 non
1135 4673 1440 4728 secundum
1492 4675 1594 4730 hos
1640 4675 1754 4746 ipse
1809 4677 2041 4747 quadam

2150 4681 2250 4732 xci.
2285 4679 2450 4742 αὐτὸς
2477 4679 2606 4751 ἀξίᾳ
2638 4680 2748 4734 τινὶ
2787 4679 2884 4734 καὶ
2925 4679 3271 4742 κωδικέλλοις
3295 4679 3455 4748 ἔλαϐε
3502 4681 3603 4753 ⁶τὴν
3632 4698 3729 4733 κυο

466 4763 737 4832 dignitate
765 4772 820 4817 et
856 4763 1097 4833 glebulis
1124 4766 1338 4834 accepit
1382 4766 1813 4824 dominationem
1862 4771 2042 4827 factus

471 4855 740 4910 Dominus
765 4857 1054 4910 evidenter
1090 4855 1400 4912 secundum
1429 4861 1706 4916 actionem
1747 4863 1866 4932 ejus
1887 4902 1902 4928 ,
1947 4879 2044 4918 na-

470 4956 650 5001 tnram
697 4947 870 5017 ipsam
899 4949 1063 5002 aDeo
1099 4957 1158 5002 ut
1204 4949 1452 5005 Domino?
1501 4961 1562 5006 ut
1613 4951 1826 5007 dixerat
1862 4953 2042 5009 factus

469 5041 526 5094 in
576 5041 928 5096 institutione
971 5042 1243 5096 Dominus
1298 5051 1384 5098 est
1434 5044 1704 5111 omnium,
1753 5046 2042 5102 evidenter

469 5135 594 5187 sine
621 5133 898 5202 illoquiei
922 5132 1108 5187 omnia
1133 5133 1378 5204 subjicit.
1403 5135 1459 5189 Si
1491 5151 1624 5191 vero
1658 5153 1770 5192 non
1803 5138 1929 5193 licet
1953 5138 2040 5192 in-

469 5225 719 5280 vincibili
742 5225 1102 5280 dominationi
1126 5227 1303 5281 creari
1325 5244 1602 5298 quemque
1633 5230 1688 5284 in
1715 5232 2035 5302 Dominum,

468 5319 698 5372 evidens
732 5327 816 5373 est
849 5319 995 5388 quod
1024 5318 1328 5388 judicando
1371 5329 1621 5375 naturam
1661 5321 2038 5380 dominantem

471 5411 650 5464 factus
700 5419 786 5463 est
825 5410 883 5464 in
932 5419 1182 5464 naturain
1215 5413 1721 5481 supervenientem,
1775 5415 2039 5471 Dominus

468 5508 555 5555 est
580 5514 713 5554 vero
740 5500 846 5554 iste
900 5501 1082 5556 Jesus.
1119 5501 1250 5568 Quae
1276 5519 1408 5573 ergo
1438 5504 1746 5560 substantia
1781 5518 1866 5561 est
1897 5506 2038 5578 phy-

466 5593 581 5649 sica
653 5592 946 5648 dominans
1013 5595 1238 5649 omnia?
1309 5596 1524 5661 Divina,
1603 5598 2037 5654 evidentissime.

466 5684 612 5751 Quid
673 5697 806 5754 ergo
852 5683 920 5738 de
969 5683 1102 5737 illo?
1133 5683 1192 5738 In
1230 5687 1416 5741 Jesum
1467 5690 1770 5744 concilians
1818 5699 2040 5746 creatur

466 5773 589 5845 cjus
633 5774 903 5832 Verbum.
956 5773 1152 5844 Seipso
1204 5776 1372 5846 igitur
1431 5781 1725 5848 acquirens
1777 5781 1931 5835 illum
1985 5789 2040 5836 et

465 5868 847 5924 connaturalis
883 5869 935 5924 ci
963 5885 1031 5923 ex
1077 5869 1360 5923 creatione
1390 5869 1520 5926 fecit
1553 5873 1705 5926 illum
1745 5873 2036 5927 Dominum

468 5967 599 6013 vere
619 5973 719 6028 per
732 5958 998 6028 seipsum;
1019 5958 1449 6030 participatione
1473 5960 1641 6030 igitur
1669 5962 1834 6018 Verbi
1861 5962 2037 6032 ipsius

2146 4773 2372 4844 ριότητα
2402 4774 2647 4844 ποιηθεὶς
2697 4772 2922 4840 Κύριος,
2955 4772 3114 4845 δῆλον
3147 4772 3224 4835 ὥς
3249 4772 3391 4826 κατὰ
3437 4772 3541 4842 τὴν
3567 4773 3729 4840 ποίησ-

2149 4881 2236 4918 σιν
2266 4863 2458 4928 αὑτοῦ,
2509 4863 2609 4935 τὴν
2642 4863 2804 4934 φύσιν
2823 4865 3014 4937 ,αὐτὴν
3062 4864 3167 4917 ὑπὸ
3217 4864 3313 4917 τοῦ
3361 4863 3500 4917 Θεοῦ
3531 4883 3728 4936 xopta-

2143 4955 2277 5020 κῶς,
2306 4955 2387 5020 ὡς
2433 4957 2628 5020 εἰπεῖν,
2665 4955 2910 5025 ποιηθεὶς
2935 4957 2992 5007 ὲν
3030 4955 3109 5027 τῷ
3164 4955 3465 5019 κτίζεσθαι,
3524 4957 3730 5027 Κύριός

2145 5049 2262 5102 ἐστι
2293 5048 2534 5115 πάντων,
2566 5048 2808 5118 δηλονότι
2838 5048 3004 5119 χωρὶς
3039 5047 3132 5100 τοῦ
3179 5048 3548 5114 ὑποτάξαντος
3580 5050 3730 5122 αὐτῷ

2141 5142 2210 5194 τὰ
2253 5141 2455 5195 πάνταο
2511 5143 2557 5194 εἰ
2618 5140 2675 5194 δὲ
2728 5142 2788 5195 o6
2845 5141 3001 5210 θέμις
3045 5139 3402 5210 ἀνυποστάτῳ
3442 5143 3732 5212 κυριότητι

2140 5233 2438 5288 οὐσιῶσθαι
2468 5251 2590 5288 τινα
2634 5235 2796 5302 φύσει
2843 5235 2922 5296 εἰς
2948 5231 3178 5304 Κύριον,
3209 5232 3366 5302 δῆλον
3398 5233 3476 5296 ὡς
3525 5235 3730 5300 ἐνδόσει

2141 5327 2502 5399 κυριευούσης
2544 5326 2761 5396 φύσεως
2811 5329 2890 5390 εἰς
2917 5326 3016 5396 τὴν
3045 5327 3344 5397 γενομένην
3374 5327 3540 5396 φύσιν
3566 5329 3728 5397 γεγὲο

2141 5435 2299 5490 νηται
2356 5418 2478 5486 μὲν,
2524 5417 2731 5490 Κύριος
2775 5419 2832 5471 δέ
2869 5419 3016 5470 ἐστιν
3047 5418 3076 5470 ό
3116 5417 3322 5487 Ἰησοῦς
3355 5412 3533 5481 οὗτος·
3560 5419 3644 5482 τίς
3674 5420 3728 5471 όδ

2139 5512 2172 5580 ἡ
2203 5510 2535 5581 κυριεύουσα
2585 5511 2802 5564 πάντων
2837 5510 3084 5580 φυσικῶς
3136 5511 3294 5564 οὐσία
3323 5529 3338 5576 ;
3367 5513 3400 5582 ή
3430 5512 3550 5564 θεία
3589 5528 3727 5582 προ-

2141 5603 2337 5672 δήλως’
2381 5603 2584 5672 ταύτης
2629 5604 2688 5658 δέ
2709 5603 2813 5669 τί;
2865 5603 2938 5656 Τὸ
2985 5604 3064 5667 εἰς
3127 5604 3219 5656 τὸν
3267 5605 3475 5675 Ἰησοῦν
3521 5605 3725 5658 ἐνδόσι-

2145 5696 2243 5764 μόν
2267 5697 2382 5749 ἐστι
2407 5736 2422 5762 ,
2454 5700 2481 5750 6
2507 5699 2733 5769 κτίστης
2755 5695 2922 5750 αὐτοῦ
2974 5698 3169 5764 Λόγος·
3200 5696 3378 5768 ἑαυτῷ
3410 5697 3520 5769 γὰρ
3566 5715 3724 5767 περι-

2141 5785 2333 5851 κτίσας
2362 5787 2543 5856 αὑτὸν,
2574 5790 2668 5844 καὶ
2700 5789 2917 5859 συμφὺς
2965 5789 3100 5859 τῷδε
3130 5789 3225 5842 ἀπ’
3253 5788 3424 5859 αὐτῆς
3455 5791 3724 5854 ποιήσεως

2140 5875 2306 5927 αὐτοῦ
2341 5893 2354 5908 ·
2392 5876 2598 5948 Κύριον
2651 5878 2816 5931 αὑτὸν
2869 5876 3037 5940 ὅντως
3101 5877 3168 5930 δι’
3219 5878 3412 5932 ἑαυτοῦ
3471 5881 3717 5948 εποίησεσ

2141 5969 2203 6035 τῇ
2239 5967 2454 6046 μεθέξει
2485 5967 2578 6022 οῦν
2601 5968 2765 6022 αὐτοῦ
2787 5967 2880 6023 τοῦ
2901 5970 3074 6038 Λόγου
3105 5971 3197 6025 καὶ
3216 5971 3274 6026 ἐν
3300 5969 3452 6042 αὐτῷ
3477 5971 3716 6039 γεγονὼς
