4006 6520
303 457 435 523 1737

1248 455 1648 519 ADVERSUS
1685 456 2232 522 NESTORIANOS.
2265 462 2498 524 -LIB.
2540 466 2607 525 V.

3466 467 3575 529 738

296 562 393 626 καὶ
418 570 518 633 ὢν,
570 568 775 641 Κύριος
809 570 840 623 6
876 569 1108 641 Ἰησοῦς,
1141 567 1262 633 πῶς
1289 569 1357 623 ἂν
1408 567 1496 640 εὕη
1525 568 1603 632 ὡς
1650 568 1891 638 γεγονὼς

2001 584 2049 629 ει
2082 573 2259 630 factus
2281 585 2340 630 et
2364 575 2641 631 exsistens
2660 576 2928 633 Dominus
2950 577 3133 641 Iesus,
3165 579 3449 648 quomodo
3481 580 3565 635 lie

294 663 389 716 ὑπ’
443 662 634 725 αὐτου.
673 661 860 725 δοῦλος
924 660 1023 715 τοῦ
1062 659 1428 731 πεποιηκότος
1471 659 1635 718 αὑτὸν
1683 658 1891 732 Κύριον

296 756 374 818 ὡς
420 753 639 825 ποίημα
679 753 867 809 λοιπόν
898 770 914 819 ;
945 742 1010 807 Ei
1034 753 1143 824 γὰρ
1194 752 1257 805 τὸ
1317 751 1524 823 Κύριον
1554 747 1696 806 εἶναι
1728 752 1892 806 αὑτὸν

300 847 587 918 ἀναιρεθῇ.
627 846 725 905 καὶ
750 842 811 900 τὸ
862 844 1156 916 ποιηθῆναι
1200 843 1384 898 αὐτόν’
1418 843 1624 914 Κύριον
1656 842 1765 915 γὰρ
1794 844 1893 898 αὑ-

295 939 387 991 τὸν
421 938 695 1008 ἐποίησεν·
737 938 789 992 εί
835 937 895 991 δέ
924 938 1042 991 ἐστι
1072 935 1288 1007 ποίημά
1307 952 1368 988 τε
1406 937 1502 997 καὶ
1530 933 1759 1006 Κύριος,
1789 935 1891 989 οὐκ

295 1029 475 1095 ἄλλως
499 1030 558 1085 δὲ
609 1031 816 1103 Κύριος
844 1031 1104 1103 ἐποιήθη,
1138 1032 1280 1102 πλὴν
1319 1031 1410 1087 διὰ
1453 1032 1553 1103 τῆς
1597 1029 1892 1093 ούσιὼδους

294 1122 466 1189 ἕξεως
520 1122 674 1177 τοῦδε
728 1120 898 1178 αὐτοῦ
956 1125 1050 1179 τοῦ
1088 1125 1423 1197 ποιήσαντος
1477 1122 1664 1190 αὑτὸν,
1702 1122 1737 1194 ἢ
1794 1122 1892 1176 καὶ

296 1213 490 1269 ὲιυτοῦ
542 1215 796 1271 δεσπόσει
846 1219 877 1272 6
923 1216 1085 1286 φύσει
1112 1216 1393 1289 Κύριος,ῆ
1425 1216 1518 1290 καὶ
1572 1216 1635 1270 τὸ
1666 1215 1891 1285 ποιητὸν

300 1305 501 1375 Κύριον
532 1306 703 1379 ἤγουν
744 1307 805 1361 τὸ
836 1307 1179 1381 ἀνθρώπινον
1208 1308 1377 1367 αὐτοῦ
1436 1307 1891 1379 συνελευθερὼσει

296 1397 478 1470 ἑαυτῷ
504 1400 602 1453 καὶ
632 1400 852 1455 πάντων
884 1400 1323 1467 κατεξουσιάσειο
1371 1400 1483 1472 ἄρα
1509 1400 1553 1453 δ’
1583 1399 1676 1454 οὖν
1704 1402 1800 1454 καὶ
1832 1399 1891 1452 ἐν

296 1493 362 1562 τῇ
401 1491 659 1564 συνηθείᾳ
730 1492 1019 1564 ἐλεύθερον
1081 1494 1309 1564 ποιῆσαι
1344 1492 1499 1547 τόνδε
1533 1492 1724 1564 ἕτερόν
1764 1508 1891 1546 τινα

296 1580 566 1650 λέγοντες,
597 1585 663 1638 ὲκ
693 1583 851 1638 τοῦδε
899 1585 1066 1640 αὑτοῦ
1100 1585 1215 1640 καὶ-
1253 1584 1445 1641 δοῦλον
1470 1570 1747 1656 γενέσθαι,
1796 1584 1891 1641 τὸν

298 1673 591 1745 ποιηθέντα
627 1675 940 1749 ἐλεύθερον,
966 1676 1326 1747 λογισόμεθα.
1684 1689 1688 1691 “

908 1768 1162 1822 ΚΕΦΛΛ.
1193 1768 1300 1821 ιε’.

366 1859 556 1931 Χωρὶς
584 1860 741 1914 τοῦδε
771 1860 1131 1926 δεσπόζεσθαι
1164 1861 1271 1915 ὑπὸ
1299 1859 1396 1914 τοῦ
1450 1859 1588 1915 Θεοῦ
1634 1860 1737 1934 τὴν
1784 1863 1892 1915 ὐπ-

1994 676 2082 723 ret
2112 677 2175 723 ut
2212 667 2393 724 [actus
2424 671 2529 727 sub
2558 671 2701 741 ipso,
2738 686 2934 727 servus
2953 674 3076 744 ejus
3104 673 3201 743 qui
3236 672 3371 729 fecit
3402 674 3575 729 etiam
3670 656 3674 659 ’

1992 759 2263 815 Dominus
2291 769 2351 814 ut
2382 760 2492 815 alia
2526 763 2826 819 creatura?
2848 763 2987 819 Nam
3038 764 3086 820 si
3129 764 3397 822 Dominus
3448 780 3576 821 esse

1991 852 2260 923 suscepit,
2304 853 2474 908 etiam
2517 864 2575 910 et
2614 854 2823 911 factum
2881 872 3025 921 esse,
3083 872 3211 912 nam
3252 857 3397 914 fecit
3446 873 3575 913 eum

1992 946 2310 1013 Dominum,
2339 947 2386 1002 si
2417 954 2502 1003 est
2530 958 2787 1005 creatura
2826 960 2883 1004 et
2912 950 3221 1017 Dominus,
3252 967 3368 1006 non
3409 951 3576 1006 aliter

1993 1038 2263 1095 Dominus
2299 1038 2480 1096 factus
2512 1049 2617 1106 est,
2650 1041 2759 1095 nisi
2812 1057 2913 1112 per
2943 1042 3266 1098 facultatem
3317 1044 3578 1099 substan-

1992 1132 2178 1188 lialem
2215 1132 2467 1203 ejusdem
2501 1134 2597 1203 qui
2642 1133 2774 1190 fecit
2816 1135 2995 1200 illum,
3051 1136 3138 1191 vel
3185 1136 3290 1190 sibi
3342 1136 3577 1207 imperat

1993 1225 2090 1296 qui
2114 1233 2321 1281 natura
2363 1225 2653 1290 Dominus,
2685 1226 2774 1282 vel
2803 1238 2959 1282 certe
2986 1227 3226 1282 humana
3279 1244 3409 1298 pars
3453 1230 3577 1299 ejus

1992 1316 2138 1372 facta
2193 1317 2457 1389 magistra
2482 1332 2604 1372 sese
2637 1318 2860 1384 liberat,
2912 1327 2970 1374 et
3018 1321 3205 1375 omnia
3259 1321 3575 1391 gubernat;

1993 1407 2163 1476 igitur
2190 1408 2248 1463 in
2272 1407 2469 1464 habitu
2498 1407 2740 1477 liberum
2781 1408 2965 1464 facere
3009 1408 3307 1479 quemdam
3337 1411 3576 1465 alterum

1991 1499 2271 1565 dicentes,
2314 1516 2385 1557 ex
2432 1502 2616 1573 seipso
2658 1516 2795 1558 vero
2844 1518 3069 1558 servum
3101 1502 3247 1571 ﬁeri,
3275 1504 3373 1574 qui
3400 1504 3579 1561 factus

1991 1602 2081 1650 est
2110 1594 2278 1661 liber,
2314 1595 2671 1652 concluditis.
3273 1596 3276 1601 ’

2065 1865 2199 1923 Sine
2227 1868 2609 1925 dominatione
2636 1775 3160 1927 oretientiam
3193 1869 3459 1940 implere,
3490 1870 3577 1924 vel

295 1954 469 2024 ακοὴν
505 1954 817 2025 πληρῶσαι,
848 1954 883 2025 ἦ
906 1953 1324 2026 ἀναμάρτητον
1382 1954 1645 2024 γενέσθαι
1697 1955 1766 2024 τῇ
1795 1953 1891 2009 τοῦ

2001 1957 2413 2029 impeccabilem
2453 1959 2574 2016 ﬁeri
2616 1960 2723 2017 sub
2756 1962 3012 2018 custodia
3044 1962 3203 2035 legis,
3235 1935 3580 2032 impossibile

293 2047 462 2116 νόμου
488 2045 726 2117 φυλακῇ.
763 2046 1024 2101 ἀδύνατον
1072 2045 1367 2119 ἀνθρώπῳ.
1429 2047 1495 2101 El
1539 2041 1634 2100 οὖν
1671 2045 1735 2100 τὸ
1806 2046 1895 2099 δε-

295 2136 594 2203 σπόζεσθαι
625 2138 979 2203 άπλῶςκὲστι
1042 2138 1253 2193 τούτων
1315 2140 1513 2206 αἴτιον,
1569 2140 1740 2211 μόνης
1783 2139 1894 2193 ὕπ-

294 2231 471 2301 ακοῆς
514 2231 670 2304 χρεία
709 2226 779 2302 ἦν
838 2230 1041 2302 ἡμῶν,
1094 2231 1191 2285 καὶ
1240 2230 1342 2285 οὐκ
1389 2230 1704 2301 οἰκονομίας
1756 2231 1894 2301 Χρι-

298 2322 425 2376 στοῦ
457 2323 537 2387 είς
580 2322 866 2379 δικαίωσιν
899 2323 1077 2393 ήμῶνο
1115 2323 1241 2377 ἐπεὶ
1289 2323 1494 2386 πάντες
1553 2323 1716 2394 ἡμεῖς
1744 2322 1840 2376 καὶ
1864 2321 1892 2375 6

291 2416 540 2480 διάϐολος
564 2416 751 2481 αὐτὸς,
779 2414 1163 2487 δεσποζόμεθα
1190 2416 1297 2470 ὑπὸ
1320 2414 1415 2469 τοῦ
1443 2412 1603 2478 Θεοῦ,
1639 2413 1893 2485 ἀναμάρ-

298 2524 439 2577 τητα
494 2508 604 2578 ἄρα
668 2507 739 2561 τὰ
794 2506 996 2571 πάντα,
1042 2507 1259 2567 ,καιὲν
1325 2505 1544 2575 φυλακῇ
1596 2502 1691 2558 τοῦ
1725 2504 1891 2573 νόμου

296 2601 544 2668 ἐγένοντο
606 2598 673 2654 ἂν
719 2641 735 2667 ,
789 2600 886 2653 καὶ
943 2599 1075 2654 ἄνευ
1136 2598 1231 2653 τοῦ
1287 2597 1528 2670 Χριστοῦ
1587 2595 1895 2651 ὑποτασσό-

298 2708 436 2763 μενοι
463 2709 478 2726 ·
532 2692 631 2747 καὶ
684 2692 823 2764 μετὰ
877 2691 938 2745 δὲ
981 2691 1081 2763 τὴν
1109 2691 1389 2763 σάρκωσιν
1460 2689 1553 2744 τοῦ
1598 2689 1775 2759 Λόγου
1817 2687 1894 2758 μὴ

295 2781 649 2836 ὑπακούοντα
704 2781 781 2853 τῷ
809 2782 954 2854 μόνῳ
982 2821 1000 2847 ,
1033 2782 1096 2835 οὐ
1126 2779 1455 2837 δικαιοῦται
1477 2796 1618 2834 ποτε.
1642 2796 1656 2811 ο
1688 2778 1751 2833 τὸ
1799 2776 1895 2832 οὖν

297 2876 538 2931 ἐναντίον
590 2875 864 2931 δείκνυται
905 2916 921 2941 ,
982 2868 1031 2929 ὦ
1088 2869 1272 2929 οὗτοιο
1324 2874 1408 2927 ὅτι
1484 2872 1666 2944 σάρκα
1712 2871 1896 2941 ἁμαρ·

297 2971 416 3035 τίας
463 2966 630 3025 οὖσαν
658 2970 821 3040 φύσει
852 2969 1214 3041 δικαιωθῆναι
1267 2967 1360 3022 καὶ
1387 2963 1793 3020 ὑποτάσσεσθαι
1817 2962 1897 3034 τῷ

297 3065 451 3135 νόμῳ
480 3062 576 3117 τοῦ
622 3063 759 3118 Θεοῦ
828 3062 890 3116 ού
928 3061 1260 3133 δυναμένην,
1307 3060 1411 3114 οὑκ
1434 3056 1504 3131 ἦν
1532 3055 1895 3126 δικαιωθῆναι

297 3156 394 3207 καὶ
423 3154 714 3226 πληρῶσαι
769 3156 961 3210 πᾶσαν
986 3154 1257 3222 ὑπακοὴν,
1313 3153 1362 3206 εί
1395 3152 1470 3224 μὴ
1510 3150 1600 3205 διὰ
1659 3152 1898 3223 μεταλήο

294 3248 443 3319 ψεως
463 3247 652 3312 οὐσίας
692 3248 1108 3320 άναμαρτήτου,
1138 3246 1264 3318 ἥτις
1294 3248 1443 3300 ἐστὶν
1486 3247 1523 3319 ἡ
1552 3245 1674 3301 θεία
1700 3247 1886 3317 μόνον.
1914 3277 1959 3336 c

901 3365 1153 3420 ΚΕΦΛΛ.
1173 3364 1291 3433 ιςν.

366 3460 442 3514 Τὸ
459 3479 476 3512 ι
491 3459 718 3531 Ἔχρισέ
737 3460 835 3513 σεδ
852 3458 1006 3521 Θεὸς,
1026 3459 1053 3510 6
1070 3459 1202 3523 Θεός
1225 3474 1341 3524 σου,
1374 3476 1394 3512 ι
1414 3457 1461 3511 εί
1489 3455 1565 3529 μὴ
1581 3454 1674 3511 τὸν
1688 3456 1898 3525 ἄνθρω-

297 3569 399 3608 πον
427 3552 574 3620 λέγει
603 3554 669 3623 τῇ
701 3553 879 3623 χρίσει
903 3551 994 3604 τοῦ
1027 3548 1341 3621 [ινεύματος
1379 3548 1714 3620 τιμιῖιμενον,
1751 3548 1889 3603 ἀλλὰ

298 3648 390 3700 τὸν
428 3646 561 3699 Θεὸν
590 3646 783 3714 Λόγον,
818 3646 956 3715 πρὸς
990 3643 1214 3715 ἀτιμίαν
1247 3642 1413 3697 αὑτὸν
1463 3642 1735 3713 ἔχρισε-,νδ
1766 3640 1895 3713 χρί-

298 3756 398 3802 σας
419 3737 601 3802 αύτὸν,
635 3737 858 3808 μείζονα
889 3730 964 3790 ὧν
1021 3734 1183 3789 ἔλαϐε
1224 3733 1314 3787 δικ
1344 3734 1441 3805 τῆς
1478 3733 1713 3805 χρίσεως
1740 3732 1894 3803 ἔχον-

296 3847 366 3884 τα
397 3830 454 3883 ὲν
499 3832 563 3902 τῇ
600 3829 779 3902 οἰκείᾳ
806 3828 986 3899 φύσει·
1018 3829 1129 3892 πᾶς
1183 3826 1294 3899 γὰρ
1330 3828 1360 3880 6
1398 3825 1707 3897 χριόμενος,
1743 3825 1895 3896 χρίε-

296 3941 388 3978 ται
419 3924 505 3978 ἵνα
535 3923 676 3996 λάθῃ
702 3921 824 3977 τινὰ
853 3920 889 3976 ἃ
921 3922 980 3974 ὲν
1008 3922 1076 3993 τῇ
1112 3917 1273 3990 φύσει
1315 3917 1464 3988 ἔχειν
1523 3918 1585 3971 ού
1645 3917 1895 3971 δύναται.

312 4015 473 4070 Ἀλλὰ
508 4016 560 4069 τί
595 4016 785 4086 γέγονε
815 4014 905 4069 διὰ
930 4014 1027 4084 τῆς
1061 4012 1295 4085 χρίσεως
1319 4014 1419 4083 τὴν
1454 4008 1615 4080 φύσιν
1652 4009 1758 4063 ὑπὸ
1802 4008 1897 4063 τοῦ

298 4109 435 4163 Θεοῦ
466 4103 619 4171 οὗτος
651 4109 679 4161 ὁ
724 4105 989 4177 χρισθεὶς,
1028 4107 1057 4158 6
1084 4103 1387 4175 Ψαλμῳδὸς
1416 4101 1728 4175 προσλὲγει·
1760 4101 1897 4171 τῷδε

298 4198 392 4256 οὖν
426 4198 774 4272 προσεκτέονο
818 4197 951 4252 Θεὸν
975 4199 1084 4268 γάρ
1130 4197 1225 4251 καὶ
1263 4198 1426 4251 αὑτὸν
1484 4195 1741 4265 ὀνομάζει
1789 4194 1899 4248 λοι·

300 4296 400 4349 πὸν
432 4295 523 4346 τὸν
551 4293 656 4347 ὑπό
699 4309 791 4345 του
824 4290 1137 4363 χρισθένταο
1172 4290 1386 4360 πέφυκε
1424 4288 1481 4342 δὲ
1531 4286 1656 4342 οὔτε
1700 4287 1897 4359 αἰσθη-

298 4388 392 4442 τὸν
421 4385 544 4440 οὔτε
575 4386 763 4456 νοητόν
789 4402 841 4437 τι
872 4383 1005 4437 Θεὸν
1031 4383 1202 4446 ὅντως
1236 4384 1411 4435 ποιεῖν
1433 4419 1449 4444 ,
1486 4379 1627 4449 πλὴν
1657 4379 1693 4451 ἡ
1725 4378 1898 4441 ὄντως

301 4479 515 4548 θεότης·
549 4477 767 4545 ἀνάγκη
792 4470 886 4529 οὖν
912 4474 1146 4546 θεότητα
1192 4466 1330 4525 εἶναι
1360 4471 1460 4541 τὴν
1491 4469 1772 4542 χρίουσαν,
1807 4468 1896 4522 διὰ

299 4573 360 4624 τὸ
400 4590 417 4621 ι
460 4572 488 4623 6
513 4569 644 4633 Θεός
677 4585 792 4621 σουο
834 4587 853 4620 ι
872 4567 966 4620 καὶ
996 4565 1228 4637 θεότητα
1254 4565 1314 4616 τὸ
1342 4564 1571 4634 χρίσμα,
1586 4561 1744 4615 διὰτὸ
1762 4562 1884 4614 θεο-

1996 2058 2085 2105 est
2108 2049 2345 2106 homini.
2407 2050 2467 2107 Si
2497 2067 2633 2108 vero
2658 2052 2890 2122 simplex
2913 2053 3224 2108 dominatio
3260 2053 3461 2108 horum
3494 2062 3583 2108 est

1996 2156 2187 2206 causa,
2225 2142 2401 2207 solius
2456 2143 2796 2199 obedientia
2849 2144 3315 2214 opushabemus
3362 2152 3421 2199 et
3466 2159 3583 2198 non

1995 2234 2324 2290 (economize
2367 2233 2577 2291 Christi
2640 2235 2709 2292 ad
2770 2236 3231 2307 justilicationem
3306 2243 3580 2291 nostram.

1997 2322 2293 2393 Postquam
2323 2339 2522 2379 omnes
2550 2341 2654 2381 nos
2676 2335 2735 2381 ct
2773 2326 3030 2382 diabolus
3073 2326 3196 2397 ipse
3218 2326 3583 2381 dominamur

1997 2428 2029 2468 a
2058 2414 2195 2478 Deo,
2235 2413 2623 2485 impeccabilia
2647 2424 2782 2470 sunt
2825 2416 3033 2482 omnia,
3067 2425 3125 2471 et
3160 2416 3283 2472 sub
3327 2415 3583 2472 custodia

1996 2504 2136 2573 legis
2174 2513 2232 2560 ct
2270 2505 2390 2560 sine
2416 2505 2664 2561 ~Christo
2715 2505 3105 2563 ordinatauEt
3146 2516 3273 2579 post
3321 2507 3581 2564 incarna-

1999 2588 2211 2652 tionem
2227 2596 2393 2653 Verbi
2429 2599 2526 2667 qui
2553 2612 2665 2653 non
2702 2597 2973 2654 obediunt
3017 2599 3071 2654 ei
3102 2599 3245 2663 soli,
3294 2614 3583 2669 nunquam

1996 2685 2396 2757 justifieantur.
2435 2686 2627 2742 Etvos
2673 2687 2863 2743 dicitis
2897 2689 3247 2747 contrarium
3290 2690 3581 2760 possibile,

1998 2792 2224 2834 carnem
2252 2778 2597 2849 peccabilem
2640 2788 2841 2836 natura
2876 2780 3170 2851 justilicari
3228 2790 3288 2838 et
3333 2781 3583 2837 ordinari

1997 2869 2120 2942 lege
2144 2871 2283 2938 Dei;
2330 2886 2441 2941 non
2484 2881 2671 2943 potest
2703 2888 2809 2929 nec
2843 2873 3158 2944 justificari,
3190 2888 3295 2930 nec
3352 2874 3585 2944 implere

1997 2976 2220 3021 omnem
2251 2961 2649 3031 obedientiam,
2679 2963 2787 3019 nisi
2804 2979 2912 3034 per
2942 2963 3375 3021 descensionem
3432 2963 3585 3020 eui--

1996 3053 2219 3110 steutire
2240 3053 2629 3125 impeccabilis
2652 3070 2788 3126 qua
2819 3064 2917 3118 est.
2930 3055 3164 3115 nonnisi
3187 3054 3404 3113 divina.

2626 3363 2781 3421 CAP.
2816 3362 2955 3421 XVI.

2065 3456 2185 3513 Hoc
2210 3455 2440 3513 verbum
2480 3476 2499 3509 ι
2547 3456 2719 3539 Unxit
2748 3467 2801 3512 te
2848 3457 3014 3524 Deus,
3051 3457 3200 3514 Deus
3232 3465 3356 3513 tuus
3375 3468 3427 3525 σι,
3462 3477 3480 3511 ι
3536 3458 3585 3515 si

1996 3564 2109 3605 non
2150 3549 2287 3605 dicit
2330 3549 2611 3605 hominem
2665 3545 2996 3607 honoratum
3027 3552 3290 3608 unctione
3321 3554 3585 3626 Spiritus,

1997 3640 2092 3696 sed
2128 3642 2299 3696 Deum
2336 3641 2580 3698 Verbum
2610 3642 2681 3698 ad
2724 3642 2969 3700 dedecus
3005 3644 3167 3700 unxit
3191 3661 3319 3702 eum
3351 3661 3584 3717 ungens,

1998 3747 2099 3802 per
2133 3733 2452 3787 unctionem
2490 3732 2707 3805 accepit
2730 3735 2936 3805 majora
2970 3751 3137 3806 quam
3168 3735 3261 3792 illa
3294 3752 3417 3808 qua:
3458 3749 3589 3794 sunt

1998 3823 2237 3894 propriae
2258 3833 2468 3880 naturae
2499 3840 2609 3889 res,
2663 3840 2790 3880 nam
2825 3825 3008 3881 omnis
3043 3836 3246 3883 unctus
3274 3828 3504 3899 ungitur
3528 3840 3590 3886 ut

1997 3911 2237 3980 accipiat
2279 3911 2532 3981 quaedam
2583 3928 2707 3982 qua:
2753 3929 2821 3969 ex
2855 3915 3079 3985 propria
3134 3925 3330 3974 natura
3358 3906 3590 3975 {habere

2000 4004 2221 4073 nequit.
2253 4004 2364 4059 Sed
2385 4005 2597 4075 aliquid
2628 4005 2806 4062 factus
2830 4014 2917 4063 est
2949 4024 3046 4079 per
3066 4011 3389 4067 unctionem
3423 4022 3590 4069 natu-

2001 4112 2077 4151 rae
2099 4096 2202 4152 iste
2224 4105 2427 4153 unctus
2452 4114 2483 4153 a
2505 4098 2640 4165 Deo,
2688 4110 2749 4155 ut
2778 4100 3069 4157 Psalmista
3094 4103 3425 4173 proclamat,
3460 4105 3592 4162 huic

2000 4189 2398 4260 adjiciendum.
2430 4190 2605 4246 Deum
2657 4191 2809 4248 enim
2855 4208 2985 4248 eum
3035 4194 3276 4265 appellat
3310 4197 3589 4267 reliquum

2000 4290 2253 4347 unctum,
2305 4282 2448 4354 fugit
2500 4298 2605 4339 nec
2658 4285 2999 4352 sensibilem,
3042 4302 3147 4342 nec
3184 4288 3607 4361 intelligibilem‘

2003 4376 2174 4431 Deum
2204 4392 2333 4433 vere
2376 4376 2581 4443 facere,
2614 4378 2720 4434 nisi
2748 4393 2879 4434 vere
2910 4380 3109 4448 deitas,
3137 4397 3365 4437 necesse
3391 4391 3478 4438 est
3505 4383 3592 4439 di-

2001 4470 2290 4525 vinitatem
2321 4486 2442 4526 esse
2464 4480 2761 4543 ungentem
2779 4482 3008 4543 propter
3036 4474 3207 4528 verba
3235 4475 3422 4530 citata.
3447 4476 3593 4531 Deus

2003 4572 2152 4626 tuus,
2174 4571 2230 4618 et
2248 4564 2592 4619 divinitatem
2614 4580 2737 4620 esse
2756 4566 3075 4621 unctionem
3099 4576 3326 4638 propter
3345 4569 3591 4625 divinam

302 4662 545 4732 ποιῆσαιο
578 4660 674 4713 καὶ
734 4660 866 4712 Θεὸν
927 4653 1066 4711 εἶναι
1104 4656 1196 4710 τὸν
1254 4654 1549 4725 χρισθέντα
1601 4650 1893 4719 δεικνύειν,

2001 4654 2377 4724 operationem
2410 4662 2469 4710 et
2516 4655 2693 4711 Deum
2725 4672 2847 4713 esse
2887 4666 3114 4713 unctum
3158 4670 3492 4728 monstrare,
3533 4672 3594 4720 et

301 4754 395 4809 καὶ
475 4753 574 4822 οὐχ
617 4750 924 4828 ὁμωνύμῳς
997 4747 1139 4802 οὕτω
1216 4746 1533 4816 λεγόμενον⁸
1591 4746 1692 4801 καὶ
1780 4747 1892 4818 γὰρ

300 4848 751 4918 ὁμοιογραφεῖται
786 4843 865 4913 τῷ
918 4842 1161 4912 Ἐὕραίῳ
1204 4840 1469 4911 ἑκάτερόν
1510 4858 1562 4893 τι
1590 4840 1648 4892 ὲν
1668 4838 1747 4909 τῷ
1785 4856 1893 4909 χω-

305 4941 405 5011 ρίῳ
425 4959 444 4990 ι
465 4938 619 5005 Θεὸς,
646 4955 665 4990 ι
690 4936 778 4990 διὰ
799 4934 910 4989 τῶν
928 4934 1330 5005 άνεκφωνήτων
1348 4931 1740 5004 χαραγμάτων*
1760 4929 1893 4984 Θεὸν

302 5034 358 5087 δὲ
381 5035 474 5086 καὶ
498 5030 785 5103 ἄνθρωπον
812 5030 903 5083 τὸν
930 5027 1291 5100 κεχρισμένον
1303 5027 1535 5093 οἰητέον⁹
1555 5024 1631 5087 ὡς
1661 5022 1762 5094 μὲν
1781 5021 1892 5092 γὰρ

304 5121 660 5193 ὑποκείμενόν
682 5118 836 5191 τιτῷ
865 5118 1148 5189 χρίσματι,
1210 5114 1494 5186 ἄνθρωπός
1546 5115 1694 5176 ἐστι,
1754 5111 1889 5169 καθὸ

304 5216 399 5270 καὶ
426 5215 508 5281 τὸ,
529 5234 548 5267 ι
577 5213 709 5276 Θεός
724 5228 817 5266 σου
849 5231 867 5263 ι
899 5212 1135 5283 εἴρηταισ
1160 5204 1304 5269 ὡςδὲ
1322 5209 1382 5259 ὲν
1401 5203 1614 5276 μεθέξει
1641 5203 1735 5257 τοῦ
1766 5203 1888 5256 θεο-

303 5305 457 5361 ποιοῦ
510 5306 810 5378 χρίσματος
832 5301 927 5356 τοῦ
964 5301 1098 5355 καθ’
1127 5299 1258 5351 αὑτό
1315 5315 1375 5350 τε
1403 5296 1764 5365 ούσιωμένου,
1795 5296 1889 5349 καὶ

301 5398 578 5462 οῠσιωδῶς
614 5398 765 5461 δντος
798 5400 855 5450 ἐν
880 5394 1047 5464 αύτῷ,
1079 5392 1215 5446 Θεὸν
1259 5389 1689 5463 ἀπηρτημένον.

915 5510 1167 5564 ΚΕΦΔΛ.
1200 5508 1301 5561 lZ'.

386 5606 627 5675 ’Λληθῶς
656 5604 795 5658 κατὰ
820 5603 878 5656 τὸ
895 5602 1205 5673 εἰρημένον,
1228 5621 1246 5653 ι
1269 5598 1332 5654 Ὀ
1360 5598 1587 5668 άσεῦὴς,
1608 5599 1735 5651 ὅταν
1763 5595 1894 5669 ἔλθῃ

306 5704 384 5767 εἰς
414 5697 575 5769 βάθος
614 5694 885 5757 ἀσεϐείας.
921 5696 1269 5765 καταφρονεί-
1302 5712 1319 5745 ι
1341 5693 1391 5745 οἱ
1427 5691 1675 5761 λέγοντες
1693 5689 1828 5744 Θεὸν
1860 5689 1894 5760 ἢ

303 5792 584 5862 Δεσπότην
608 5789 701 5843 τοῦ
730 5786 968 5859 Χριστοῦ
1002 5788 1090 5841 τὸν
1118 5787 1253 5840 Θεὸν
1289 5786 1486 5853 Λόγον,
1517 5786 1617 5839 οὐκ
1643 5783 1739 5854 ἀφ’
1767 5781 1896 5845 deus

377 5940 411 5985 1
432 5931 551 5987 Psal
577 5945 719 5996 κων,
742 5927 794 5982 8.
871 5914 923 5976 (ιἶ
944 5927 1104 5981 Prov.
1130 5941 1282 5990 xvm,
1306 5925 1359 5980 5.

645 6030 918 6090 ΡΑΤιιυι.
974 6026 1090 6086 Gu.
1156 6022 1377 6093 LXXX
1392 6022 1500 6085 Vl.

1990 4758 2103 4798 non
2152 4745 2410 4801 similiter
2453 4747 2534 4802 sic
2568 4748 2814 4816 dictum;
2860 4749 3119 4806 similiter
3144 4752 3411 4809 scribitur
3453 4755 3591 4811 etin

1993 4835 2267 4894 Hebraeo:
2311 4849 2610 4911 utrumque
2642 4841 2696 4896 in
2728 4841 2835 4898 hoc
2865 4828 2989 4898 loco
3022 4844 3168 4901 Deus
3199 4862 3299 4917 per
3330 4846 3590 4905 inell'abi-

1988 4930 2073 4986 les
2100 4931 2452 4999 charateres;
2506 4932 2681 4989 Deum
2733 4943 2789 4988 et
2844 4934 3123 4991 hominem
3181 4952 3304 4993 esse
3358 4948 3589 5017 unctum

1991 5022 2331 5077 censendum
2359 5032 2480 5089 est,
2529 5033 2591 5080 ut
2626 5025 2959 5101 enimlquod
2986 5028 3289 5098 subjicitur
3335 5032 3587 5097 unctioni

2008 5113 2173 5169 homo
2201 5123 2321 5182 est,
2354 5116 2566 5172 idcirco
2604 5116 2810 5173 dicitur
2858 5108 3005 5176 Deus
3052 5114 3218 5187 tuus,
3272 5130 3332 5177 ut
3372 5138 3506 5179 vero
3531 5122 3589 5180 in

2005 5208 2434 5279 participatione
2456 5209 2661 5265 divina:
2678 5210 2981 5279 unctionis,
3012 5213 3125 5286 imo
3139 5224 3381 5286 accepta:
3393 5226 3453 5274 et
3468 5233 3592 5274 rea-

2008 5298 2134 5355 litcr
2165 5299 2520 5357 subsistentis
2546 5302 2693 5358 Deus
2714 5303 2958 5374 perfecte
2988 5284 3219 5363 effectus
3239 5284 3347 5363 est.

2606 5501 2765 5557 CAP.
2808 5503 2973 5559 XVII.

2079 5592 2279 5648 Verum
2319 5593 2453 5648 illud
2491 5594 2789 5671 Scriptura:
2810 5596 3061 5677 dictum,
3092 5619 3112 5653 ι
3144 5601 3350 5673 impius
3371 5618 3498 5657 cum
3535 5603 3592 5657 in

2004 5685 2342 5757 profundum
2371 5689 2585 5743 venerit
2612 5688 2914 5760 impietatis
2930 5678 3237 5750 contemnit
3254 5697 3331 5764 ‘1‘;
3353 5714 3372 5747 ι
3393 5696 3488 5766 qui
3509 5697 3595 5750 di-

2006 5789 2142 5835 cunt
2168 5780 2341 5837 Deum
2390 5781 2474 5839 vel
2512 5783 2837 5855 magistrum
2883 5786 3092 5844 Christi
3116 5789 3291 5844 Deum
3322 5787 3589 5855 Verbum,

3036 6019 3117 6081 55
