4006 6518
534 443 675 512 1739

1814 452 2126 516 LEONTII
2159 453 2566 518 BYZANTINI

3676 457 3818 522 1740

531 578 641 618 non
670 578 702 617 a
736 561 934 634 scipsis
961 561 1068 619 hoc
1091 560 1304 630 dicunt,
1333 563 1429 621 sed
1471 580 1573 636 per
1609 566 1920 623 doctrinam
1943 576 2088 624 sane!

2192 568 2332 631 ,τῶν
2367 569 2544 628 ,τοῦτο
2600 567 2875 639 λέγουσιν,
2927 568 3065 624 ἀλλά
3090 569 3157 642 τῇ
3191 567 3286 624 τοῦ
3338 569 3672 643 Πνεύματος
3713 573 3814 626 τοῦ

527 655 788 728 Spiritus,
823 666 879 713 et
931 659 1327 730 prophetarum
1353 669 1411 716 et
1454 663 1828 732 apostolorum
1851 704 1867 730 ,
1925 663 2088 720 adhuc

2219 661 2378 730 ἀγίου
2401 661 2722 734 διδασκαλίᾳ
2745 665 2812 734 τῇ
2839 662 2929 716 διά
2954 663 3064 716 τῶν
3105 663 3404 736 προφητῶν
3431 680 3495 717 τε
3528 664 3626 718 καὶ
3672 665 3814 718 ἀπο-

524 748 747 805 Christo
777 749 882 821 ipsi
907 751 1198 807 credentes
1225 752 1440 808 dicunt.
1461 753 1634 809 David
1653 771 1806 827 ergo,
1834 757 2012 822 aiunt,
2047 770 2088 813 el

2215 752 2438 807 0:6).mv'
2473 753 2554 807 ἔτι
2591 754 2651 808 δὲ
2700 755 2797 808 καὶ
2823 753 2989 809 αὐτοῦ
3045 753 3138 808 τοῦ
3192 755 3435 827 Χριστοῦ
3485 757 3813 828 πειθόμενοι

523 839 722 897 Petrus
749 843 1034 913 apostolus
1055 843 1216 908 dixit,
1241 845 1584 915 prospiciens
1614 846 1669 902 in
1693 849 1873 918 ipsum
1915 848 2104 904 Domi-

523 949 653 987 num
685 951 698 988 :
727 953 747 986 ι
790 935 850 990 In
883 950 1160 991 occursun
1193 937 1329 992 mihi
1363 939 1625 1007 omnino;
1667 949 1725 996 at
1759 941 1876 1012 ipse
1910 943 2102 998 Salva-

522 1033 611 1080 tor
631 1025 778 1082 Deus
809 1042 987 1093 meus,
1041 1027 1188 1083 Deus
1247 1043 1425 1096 meus,
1457 1046 1630 1100 quare
1669 1047 1757 1088 me
1801 1033 2102 1106 dereliqui-

519 1119 658 1172 sti'.
693 1138 711 1170 ι
771 1119 881 1173 Et:
940 1138 958 1170 ι
1000 1118 1241 1190 Spiritus
1291 1122 1510 1178 Domini
1559 1140 1728 1196 super
1772 1134 1950 1190 me';
1989 1147 2008 1179 ι
2043 1135 2099 1182 et

518 1211 796 1281 Propheta
833 1229 846 1265 :
877 1231 896 1264 ι
925 1213 1094 1268 Unxit
1125 1222 1176 1269 te
1199 1215 1365 1279 Deus,
1389 1216 1535 1271 Deus
1559 1225 1685 1272 tuus
1709 1219 1727 1254 ί
1750 1235 1765 1285 ;
1789 1237 1808 1270 ι
1841 1219 1936 1273 sed
1973 1219 2098 1288 quis

518 1300 732 1372 ignorat
773 1303 945 1356 multa
967 1303 1283 1374 huiusmodi
1319 1303 1467 1360 dicta
1499 1305 1555 1360 in
1593 1322 1750 1363 sacra
1785 1307 2094 1379 Scriptura.

515 1392 804 1460 Quomodo
823 1395 1026 1451 dicitur
1054 1406 1372 1467 paratarum
1390 1398 1457 1453 ad
1473 1399 1754 1470 pietatem.
1777 1400 1846 1455 Et
1870 1401 2092 1458 dicens:

521 1504 541 1538 ι
579 1485 888 1556 Magnilicat
917 1487 1098 1542 anima
1115 1503 1240 1543 mea
1263 1489 1556 1544 Dominum
1579 1501 1628 1557 ιι,
1660 1509 1679 1542 ι
1713 1491 1967 1560 quamvis
2006 1501 2093 1547 to-

513 1585 604 1633 tus
630 1577 938 1642 sitdicens,
986 1579 1084 1635 sed
1118 1588 1180 1634 ut
1201 1595 1269 1635 ex
1293 1588 1451 1651 parte
1480 1581 1631 1636 illius
1667 1582 1863 1648 solius,
1898 1583 2089 1639 horta-

513 1679 607 1724 tur
637 1670 875 1724 animam
918 1686 1074 1727 suam
1117 1680 1174 1727 et
1202 1671 1396 1728 dicens
1430 1689 1446 1727 :
1483 1691 1502 1725 ι
1532 1672 1647 1744 Ego
1686 1689 1809 1730 sum
1858 1684 2003 1731 terra
2033 1684 2092 1732 et

511 1761 713 1824 cinis'.
752 1783 771 1815 ι
809 1778 974 1833 quam
1019 1772 1172 1819 totus
1203 1764 1279 1819 sit
1307 1763 1530 1832 dicens,
1578 1766 1675 1821 sed
1703 1783 1771 1822 ex
1787 1775 1943 1837 parte
1973 1778 2091 1825 tan-

513 1859 628 1908 tum
650 1853 736 1908 sui
758 1853 1027 1924 loquitur,
1055 1854 1269 1910 scilicet
1292 1856 1566 1926 corporis,
1601 1867 1660 1911 et
1687 1866 1840 1913 certe
1877 1875 1936 1911 :1
1956 1858 2088 1914 Pro-

2209 844 2451 915 λέγουσι’
2485 846 2652 902 Δαόὶδ
2675 847 2806 919 γὰρ,
2869 847 3023 918 φασὶ,
3055 848 3150 902 καὶ
3188 849 3396 921 Πέτρος
3437 851 3467 904 6
3496 850 3810 914 ἀπόστολος

2208 937 2452 1011 εἴρηκεν,
2478 958 2496 990 ι
2525 941 2619 1004 Et;
2650 939 2816 995 αὐτὸν
2847 939 3198 1013 προωρώμην
3221 941 3312 995 τὸν
3334 939 3538 1012 Κύρων
3567 943 3813 996 ἐνώπιόν

2209 1049 2316 1103 μου
2329 1033 2643 1098 διαπαντόςο
2671 1053 2690 1086 ι
2707 1032 2800 1087 καὶ
2815 1033 2974 1097 αὐτὸς
2986 1034 3016 1086 6
3030 1033 3239 1104 Σωτὴρ,
3257 1051 3275 1084 ι
3287 1032 3388 1087 Θεέ
3408 1051 3532 1105 μου,
3551 1035 3659 1088 Θεέ
3676 1052 3805 1106 μου,

2209 1123 2296 1178 ἴνα
2312 1123 2366 1178 τί
2381 1141 2447 1194 με
2464 1123 2841 1194 ἐγκατέλιπες*
2867 1127 3042 1191 main
3068 1125 3291 1196 Πνεῦμα
3305 1126 3515 1198 Κυρίου
3531 1127 3622 1181 ἐπ’
3643 1128 3763 1198 ἐμέ·
3779 1147 3800 1180 ι

2204 1216 2300 1270 καὶ
2315 1220 2344 1270 6
2357 1216 2670 1288 Προφήτης,
2683 1237 2701 1268 ι
2717 1217 2940 1289 Ἐχρισέ
2960 1233 3019 1271 σε
3041 1218 3075 1272 6
3093 1216 3243 1283 Θεὸς,
3259 1221 3289 1272 6
3303 1217 3435 1283 Θεός
3462 1235 3582 1272 σου.
3597 1237 3619 1270 ι
3643 1219 3804 1273 Ἀλλὰ

2203 1308 2291 1371 τίς
2311 1309 2497 1377 ἀγνοεῖ
2527 1309 2755 1362 πλεῖστα
2784 1308 3005 1362 τοιῶσδε
3030 1308 3294 1380 είρημένα
3314 1312 3382 1381 τῇ
3412 1310 3546 1381 ἀγία
3578 1309 3802 1382 Γραφῇ.

2201 1399 2318 1464 πῶς
2365 1399 2580 1472 εἴρηται
2633 1399 2744 1453 τῶν
2806 1399 2946 1472 πρὸς
2993 1399 3279 1454 εὐσέϐειαν
3335 1403 3803 1472 παρεσκευασμέ-

2200 1489 2309 1544 νῶν
2335 1507 2350 1557 ;
2380 1491 2476 1545 καὶ
2510 1490 2620 1573 γὰρ
2653 1492 2682 1545 6
2730 1489 2903 1560 λέγων
2923 1507 2939 1523 ·
2971 1508 2991 1542 ι
3023 1490 3266 1562 Εὐλόγει,
3297 1493 3330 1553 ἡ
3360 1492 3509 1564 ψυχή
3541 1510 3678 1564 μου.
3706 1493 3801 1546 τὸν

2197 1578 2423 1651 Κύριον.
2451 1598 2474 1632 ›
2498 1580 2547 1634 εί
2575 1580 2673 1635 καὶ
2701 1579 2820 1645 ὃλος
2848 1580 3000 1634 ἐστὶν
3024 1581 3054 1634 6
3076 1580 3274 1650 λέγων,
3311 1582 3427 1636 ἀλλ’
3449 1583 3528 1642 ὠς
3547 1584 3665 1636 ἀπὺ
3697 1585 3801 1654 μές-

2197 1685 2328 1742 ρους
2354 1667 2520 1724 αὐτοῦ
2565 1670 2754 1742 μόνου,
2796 1674 3051 1743 παραινεῖ
3094 1674 3161 1744 τῇ
3195 1671 3342 1745 ψυχῇ
3371 1674 3564 1728 αὑτοῦ·
3623 1676 3722 1727 καὶ
3762 1677 3793 1728 6

2195 1759 2370 1830 λέγων
2399 1760 2483 1816 ὄτι
2514 1779 2536 1814 ι
2569 1760 2646 1831 Γῆ
2668 1763 2787 1832 εἰμι
2811 1765 2907 1816 καὶ
2934 1763 3151 1828 σποδὸς,
3172 1782 3192 1816 ι
3223 1765 3272 1818 εί
3296 1766 3388 1818 καὶ
3423 1765 3546 1830 ὅλος
3579 1766 3735 1819 ἐστὶν
3767 1769 3802 1821 6

2194 1852 2388 1922 λέγων,
2418 1853 2557 1908 ἀλλά
2588 1854 2718 1926 περὶ
2742 1855 2942 1928 μέρους
2970 1855 3137 1912 αὑτοῦ
3169 1873 3304 1928 φησι
3364 1857 3530 1928 μόνου
3555 1899 3571 1921 .
3620 1859 3798 1932 ἤγουν

507 1943 763 2000 videbam
788 1945 1080 2000 Dominum
1107 1945 1161 2000 in
1183 1955 1488 2017 conspectu
1520 1961 1643 2002 meo
1665 1955 1714 2014 ι,
1740 1967 1758 1999 ι
1786 1957 1843 2004 et
1870 1965 1884 2002 :
1913 1967 1931 2000 ι
1960 1947 2088 2018 Spi-

2192 1938 2286 1993 τοῦ
2319 1939 2570 2012 σώματος
2587 1956 2606 1972 ο
2626 1940 2722 1994 καὶ
2755 1942 2817 1995 τὸ
2844 1941 2999 2011 γοῦν,
3029 1960 3050 1995 ι
3077 1942 3432 2016 Προωρώμην
3454 1944 3550 2000 τὸν
3581 1945 3797 2017 Κύριον

507 2035 650 2112 ritus
684 2037 902 2092 Domini
943 2052 1110 2108 super
1131 2053 1242 2104 me,
1279 2058 1298 2091 ι
1334 2040 1587 2109 quamvis
1624 2038 1694 2096 de
1729 2038 1954 2096 Christo
1973 2049 2090 2096 toto

506 2129 792 2196 dicantur,
827 2138 1009 2185 tamen
1041 2129 1111 2186 de
1153 2130 1309 2187 illius
1355 2132 1697 2205 humanitate
1742 2135 1964 2204 proprie
2003 2133 2090 2188 in-

507 2221 802 2294 telligenda
849 2229 985 2276 sunt
1034 2222 1140 2277 ista
1196 2231 1254 2277 et
1289 2222 1493 2277 similia
1537 2223 1723 2293 qualis
1766 2233 1888 2278 erat
1923 2239 2089 2294 quam

508 2314 666 2369 unxit
709 2314 992 2385 Spiritus,
1037 2324 1093 2370 et
1153 2314 1484 2369 monstravit
1533 2330 1700 2385 super
1765 2316 2088 2371 unctionem

505 2407 656 2462 illius
681 2405 966 2462 Christum
991 2422 1010 2471 ;
1036 2405 1208 2460 verba
1237 2414 1420 2460 autem
1445 2423 1460 2460 :
1493 2423 1512 2458 ι
1549 2405 1696 2460 Deus
1726 2421 1904 2472 meus,
1943 2406 2090 2462 Deus

507 2495 772 2562 ineus,'ut
792 2497 928 2569 quid
963 2513 1050 2553 me
1103 2497 1477 2568 dereliquisti,
1519 2516 1538 2550 ι
1575 2513 1686 2552 non
1710 2495 2088 2568 duplicatione

506 2591 788 2664 superﬂua
831 2590 1158 2646 horribilius
1185 2592 1497 2662 cogitemus
1537 2589 1815 2662 duplicem
1862 2591 2088 2648 relatio-

503 2703 629 2742 nem
665 2685 870 2741 habere
890 2685 1214 2740 distinctum
1248 2683 1524 2755 quomodo
1547 2683 1617 2740 de
1655 2691 1825 2740 uncto
1841 2683 1952 2740 cito
1983 2685 2088 2740 ob-

504 2793 664 2834 scure
689 2779 968 2849 loquatur.
1010 2776 1202 2844 Quoad
1250 2776 1491 2847 primum
1525 2794 1543 2828 ι
1580 2776 1727 2832 Deus
1759 2791 1938 2842 meus,
1973 2795 1992 2830 ι
2027 2785 2090 2834 ut

504 2869 570 2925 ad
607 2883 982 2940 possessorem
1007 2874 1280 2923 creatum
1314 2865 1613 2936 loquentis,
1632 2865 1794 2936 quale
1825 2874 1909 2921 est
1929 2864 2037 2920 hoc
2069 2881 2085 2919 :

507 2982 532 3016 τ
568 2963 801 3018 Domine
848 2962 995 3017 Deus
1026 2975 1221 3026 meus;
1254 2978 1272 3011 ι
1333 2957 1513 3030 quoad
1555 2958 1884 3024 secundum,
1917 2965 1981 3013 ut
2017 2955 2088 3014 ad

509 3055 791 3126 propriam
840 3068 955 3109 rem
1009 3051 1302 3108 clamantis
1356 3049 1711 3122 possessoris,
1752 3049 1915 3120 quale
1953 3057 2086 3105 est:

509 3165 526 3198 ι
566 3146 648 3202 Ne
691 3144 889 3200 alllicta
933 3144 1032 3210 sis,
1056 3142 1244 3198 anima
1289 3157 1432 3198 mea.
1475 3160 1494 3195 ι
1556 3141 1976 3196 Discutiendum
2003 3147 2090 3196 est

502 3237 716 3308 adhuc,
749 3235 896 3309 quod
930 3236 1004 3292 sit
1040 3235 1486 3292 substantialiter
1522 3234 1810 3291 unitorum
1860 3235 2086 3298 divisio,

505 3347 671 3387 mors.
716 3331 847 3386 Post
868 3339 1126 3393 mortem,
1142 3335 1204 3382 ut
1228 3326 1390 3394 dicis,
1409 3327 1556 3399 apud
1574 3327 1747 3384 Deum
1774 3328 1843 3385 de
1863 3327 2089 3384 homine

504 3424 629 3490 hoc,
679 3422 849 3494 igitur
898 3419 1342 3476 substantialiter
1395 3420 1474 3476 illi
1525 3420 1715 3476 unitus
1759 3421 1854 3492 qui
1886 3420 2093 3476 dicitur

503 3515 659 3572 illum
707 3514 1123 3586 derelinquere,
1141 3529 1270 3568 nam
1303 3511 1496 3569 eadem
1522 3529 1630 3568 una
1659 3528 1916 3584 persona,
1944 3512 2091 3568 Deus

501 3617 559 3664 et
586 3609 752 3663 homo
794 3615 936 3662 erat.
971 3606 1042 3660 At
1082 3605 1201 3660 haec
1234 3605 1481 3662 moriens
1506 3613 1565 3660 et
1597 3605 1816 3676 patiens
1863 3604 2092 3660 divisio.

503 3717 629 3756 nem
663 3715 856 3756 eorum
881 3715 1003 3770 qua:
1033 3697 1088 3752 in
1109 3713 1178 3753 eo
1199 3707 1356 3766 erant
1388 3697 1694 3752 secundum
1721 3706 1973 3753 naturam
2006 3696 2090 3752 in-

504 3791 868 3864 separabilem
909 3805 941 3845 a
969 3797 1148 3844 morte
1197 3788 1532 3859 reparativa.
1572 3787 1631 3844 Si
1677 3803 1810 3844 vero
1839 3788 2087 3859 potentia

502 3884 600 3940 Dei
629 3881 818 3938 dicitis
863 3880 980 3936 fieri
1029 3883 1434 3952 separationem
1479 3879 1552 3936 ab
1597 3879 1824 3936 homine
1871 3887 2086 3945 sancto,

501 3976 846 4032 contrarium
874 3975 1131 4031 videmus
1162 3975 1219 4028 in
1234 3975 1498 4030 omnibus
1528 3972 2088 4045 sanetislieri;magis

498 4084 633 4124 vero
661 4069 874 4124 scimus
901 4069 1076 4124 Deum
1117 4067 1314 4124 adesse
1356 4077 1413 4123 et
1443 4067 1758 4124 confortare
1793 4066 1849 4121 in
1890 4065 2088 4139 agonia

497 4168 554 4216 et
577 4159 883 4223 doloribus,
920 4160 1012 4214 Dei
1051 4161 1256 4215 latores
1291 4161 1376 4214 vel
1405 4159 1866 4230 derelinquentes
1895 4173 1992 4213 eos
2029 4157 2085 4212 in

497 4251 932 4308 circumstantiis
967 4253 1116 4307 circa
1153 4261 1428 4318 mortem;
1465 4263 1521 4308 et
1569 4253 1690 4308 haec
1734 4260 1920 4307 autem
1953 4251 2034 4307 sic
2069 4268 2086 4305 :

496 4344 690 4411 Quoad
726 4361 740 4398 :
775 4363 795 4396 ε
838 4343 1005 4400 Unxit
1051 4351 1104 4399 te
1161 4343 1329 4408 Deus,
1356 4343 1502 4398 Deus
1547 4351 1700 4409 tuus,
1740 4362 1760 4396 ι
1805 4358 1917 4397 non
1945 4357 2086 4413 opus

495 4444 580 4491 est
621 4435 989 4507 explicatione
1039 4434 1219 4490 aliena
1248 4474 1264 4501 ,
1311 4433 1428 4489 haec
1475 4433 1644 4488 verba
1691 4441 1828 4489 sunt
1861 4431 2086 4488 Davidis

495 4527 736 4583 videntis
769 4528 944 4584 Deum
979 4542 1131 4582 nunc
1153 4541 1276 4582 esse
1301 4535 1623 4597 ungentem,
1653 4533 1710 4581 et
1741 4526 1920 4582 Deum
1954 4541 2084 4582 vere

498 4629 723 4677 unctum
743 4621 931 4678 statim
962 4619 1320 4692 obloquentis
1356 4635 1509 4676 eum.

1084 4802 1237 4859 CAP.
1269 4803 1465 4860 XVIII.

563 4892 666 4961 Qui
699 4893 1132 4972 anathematizat
1162 4894 1418 4950 dicentes
1437 4895 1625 4952 Iesum
1677 4911 1777 4966 per
1809 4896 2079 4969 Spiritum

493 4987 664 5044 fuisse
718 4987 1110 5060 gloriﬁcatum,
1150 4987 1586 5046 anathematizat
1615 4990 1864 5047 dicentes
1891 4991 2078 5048 Jesum

494 5088 719 5135 unctum
749 5078 920 5136 fuisse
945 5079 1175 5149 Spiritu.
1211 5079 1472 5148 Minime;
1520 5081 1762 5152 Spiritus
1795 5083 1942 5138 enim
1973 5101 2079 5139 un-

429 5231 438 5238 ,
493 5187 629 5242 gens
661 5191 772 5230 non
798 5175 1417 5247 optareturimmediate
1439 5187 1632 5244 uncto,
1655 5177 1762 5234 nisi
1786 5178 2080 5249 quamdam

493 5263 837 5334 spiritualem
846 5267 1143 5338 gloriosam
1159 5277 1409 5323 naturam
1431 5268 1534 5339 ipsi
1552 5268 1894 5326 conformem
1913 5270 1969 5325 in
1987 5269 2082 5326 illo

494 5356 828 5424 invenisset;
858 5375 969 5414 non
991 5360 1140 5416 enim
1187 5359 1408 5416 visibile
1445 5371 1788 5433 unguentum
1834 5361 2081 5419 adhaeret

492 5455 708 5503 natura:
729 5464 839 5503 non
867 5450 1097 5517 visibili,
1113 5451 1256 5523 ignis
1276 5467 1417 5523 aqua
1441 5468 1553 5508 non
1569 5453 1866 5518 excitatur,
1897 5468 2078 5524 neque

492 5556 588 5596 aer
615 5555 742 5595 cum
766 5549 912 5596 terra
926 5542 1213 5611 miscetur;
1233 5543 1476 5615 Spiritus
1489 5560 1622 5616 ergo
1643 5545 1988 5602 descendens
2009 5546 2080 5602 de

492 5633 632 5688 caelo
652 5633 706 5687 in
721 5648 898 5704 eoque
925 5648 1174 5699 manens,
1195 5635 1250 5690 in
1271 5651 1439 5692 carne
1462 5637 1787 5708 simpliciter
1808 5638 2081 5709 requievit

491 5725 645 5792 Jesu,
674 5725 732 5781 in
770 5725 1139 5796 humanitate,
1162 5727 1293 5782 olim
1323 5727 1550 5797 dicente
1574 5729 1709 5796 Deo,
1732 5729 1882 5802 quod
1907 5730 2084 5802 Spiri-

565 5849 588 5879 ι’
623 5841 817 5899 Matth.
855 5859 1005 5910 xxvr,
1031 5843 1123 5901 ιο.

493 5925 588 5976 xv,
621 5913 678 5966 8.

2102 4645 2158 4706 D

2191 2029 2424 2086 ινὼπιόν
2440 2049 2597 2103 pou,»
2619 2032 2815 2097 καὶτὸ,
2834 2052 2852 2085 ι
2877 2033 3104 2106 Πνεῦμα
3117 2034 3322 2106 Κυρίου
3341 2035 3430 2089 ἀπ’
3444 2037 3570 2107 ἐμὲ,
3585 2054 3610 2088 ι
3629 2037 3683 2089 εί
3697 2040 3797 2091 καὶ

2191 2124 2302 2180 ἀπὸ
2324 2119 2420 2178 ¹εοῦ
2447 2125 2570 2180 ὅλου
2603 2126 2843 2198 Χριστοῦ
2875 2126 3112 2198 λέγοιτο,
3134 2127 3249 2183 ἀλλ’
3278 2129 3344 2183 ἐκ
3364 2130 3467 2200 τῆς
3495 2130 3794 2201 ἀνθρωπό-

2187 2232 2350 2288 τητος
2366 2216 2530 2271 αὐτοῦ
2560 2217 2705 2283 ίδίως
2733 2219 3027 2273 ἀκουστέον
3051 2219 3214 2286 αὐτὰ,
3239 2220 3420 2274 καὶτὰ
3445 2221 3638 2292 ὅμοιαο
3667 2221 3796 2290 ἥτις

2190 2309 2285 2363 καὶ
2301 2305 2369 2380 ἦν
2393 2309 2460 2382 ἢν
2485 2309 2669 2382 ἔχρισε
2697 2310 2756 2364 τὲ
2783 2309 3027 2382 Πνεῦμα,
3057 2312 3152 2366 καὶ
3183 2311 3382 2378 ἔδειξεν
3397 2313 3580 2384 ἐπὶ.τῇ
3611 2313 3794 2384 χρίσει

2189 2399 2353 2454 αὑτοῦ
2374 2402 2453 2466 εις
2479 2400 2649 2473 αὐτὴν
2676 2401 2943 2474 Χριστόνο
2963 2402 3025 2456 τὸ
3060 2403 3140 2469 δὲ,
3181 2421 3201 2457 ι
3237 2403 3339 2458 Θεέ
3367 2421 3498 2476 μου,
3527 2404 3634 2458 Θεέ
3662 2421 3795 2474 μου,

2193 2488 2280 2547 (va
2299 2491 2350 2546 τί
2371 2510 2440 2564 με
2458 2492 2816 2562 ἐγκατέλιπες
2839 2511 2854 2561 ;
2879 2512 2903 2547 ι
2921 2494 2999 2566 τῷ
3023 2493 3100 2567 μὴ
3119 2495 3446 2567 παρέλκοντι
3463 2497 3792 2552 διπλασιασ-

2154 2604 2166 2616 ο
2192 2584 2300 2656 μῷ,
2322 2584 2738 2658 είφρικτότερον
2760 2587 3197 2658 κατανοήσομεν,
3221 2589 3408 2660 διττὴν
3429 2589 3624 2660 σχέσιν
3645 2589 3792 2661 εχειν

2188 2677 2250 2730 τὸ
2274 2676 2546 2749 χωρισθὲν
2575 2694 2694 2743 πως
2731 2677 2870 2750 πρὶς
2896 2679 2958 2733 τὸ
2983 2679 3415 2750 ἐγκαταλειφθὲν
3432 2681 3578 2753 τάχα
3615 2683 3784 2736 alvi-:-

2189 2787 2360 2825 τεται·
2386 2770 2482 2825 τοῦ
2510 2771 2611 2844 μὲν
2631 2771 2850 2844 πρώτου
2878 2789 2898 2824 ι
2927 2771 3061 2837 Θεός
3085 2789 3212 2845 μου,
3243 2792 3262 2826 ι
3286 2773 3363 2839 ὡς
3383 2773 3521 2846 πρὸς
3541 2777 3789 2846 κτήτορα

2191 2860 2494 2932 φωνοῦντος
2519 2862 2614 2917 τοῦ
2644 2864 2946 2935 κτήματοςο
2970 2858 3081 2919 οἷον
3097 2865 3194 2919 καὶ
3219 2865 3301 2932 τὸ,
3333 2880 3356 2918 ι
3383 2865 3455 2919 Σὺ
3483 2866 3665 2937 Κύριε
3686 2868 3789 2919 Θεὲ

2189 2954 2366 3025 ἡμῶν·
2399 2972 2423 3006 ι
2459 2952 2554 3008 τοῦ
2579 2953 2639 3007 δὲ
2657 2953 2938 3027 δευτέρου,
2965 2953 3041 3020 ὡς
3075 2956 3212 3026 πρὸς
3237 2955 3369 3009 ῑδιον
3400 2956 3591 3028 κτῆμα
3615 2957 3784 3028 βοῶν-

2189 3064 2278 3111 τος
2293 3047 2386 3102 τοῦ
2404 3049 2681 3121 κτήτορος·
2704 3045 2814 3104 οἷον
2835 3049 2898 3104 τὸ
2919 3048 3070 3103 «Ἵνα
3083 3047 3134 3101 τί
3159 3048 3454 3121 περίλυπος
3476 3046 3554 3115 εί,
3576 3052 3614 3121 ἡ
3636 3051 3784 3120 ψυχή

2192 3157 2294 3212 μου
2320 3157 2336 3209 ;
2360 3159 2379 3194 ι
2403 3141 2771 3212 διαλογιοτέον
2797 3143 2855 3198 δὲ
2885 3142 2968 3196 Et:
2993 3143 3090 3199 καὶ
3113 3143 3254 3208 τόδε,
3271 3143 3347 3207 ὡς
3367 3145 3419 3198 εί
3439 3142 3554 3196 τῶν
3580 3143 3783 3196 οὖσαν·

2191 3232 2296 3298 δὼς
2331 3233 2625 3306 ήνωμένων
2658 3235 2775 3289 εστὶ
2803 3235 3080 3308 χωρισμὸς
3105 3236 3135 3290 6
3169 3235 3419 3301 θάνατος,
3462 3233 3562 3288 ἐπὶ
3588 3233 3653 3288 δὲ
3699 3233 3783 3302 τῷ

2193 3325 2429 3398 Θανάτῳ,
2461 3327 2538 3393 ὡς
2581 3327 2707 3400 φὴς,
2739 3329 2878 3400 πρὸς
2923 3329 3017 3384 τὸν
3063 3329 3198 3382 Θεὸν
3237 3329 3426 3400 εἴρητο
3491 3329 3650 3395 παρά
3691 3327 3786 3381 τοῦ

2191 3415 2480 3489 ἀνθρώπου
2503 3417 2642 3485 τόδε,
2667 3418 2774 3491 ἀρα
2801 3435 2867 3490 γε
2894 3419 3170 3483 οὐσιωδῶς
3210 3418 3358 3491 αὐτῷ
3390 3418 3572 3489 ἥνωτο
3603 3420 3636 3471 6
3659 3419 3781 3471 τότε

2191 3509 2578 3579 ἐγκαταλιπεῖν
2613 3511 2776 3566 αὐτόν
2815 3527 2931 3575 πως
2965 3510 3279 3582 λεγόμενος·
3315 3508 3516 3564 οὐκοῦν
3541 3508 3607 3562 τὸ
3652 3508 3789 3562 αὐτὸ

2191 3599 2250 3654 ἒν
2277 3600 2592 3674 πρόσωπον,
2645 3600 2777 3665 Θεός
2811 3617 2871 3654 τε
2911 3601 3006 3655 καὶ
3054 3601 3342 3673 ἄνθρωπος
3371 3595 3460 3672 ἦν·
3498 3597 3596 3654 καὶ
3628 3593 3785 3661 οὗτος

2188 3695 2218 3748 6
2244 3693 2494 3768 θνήσκων
2522 3695 2616 3750 καὶ
2653 3695 2878 3766 πάσχων
2918 3694 3010 3749 τὸν
3045 3693 3325 3767 χωρισμὸν
3378 3691 3492 3747 τῶν
3524 3693 3585 3747 ἑν
3632 3695 3788 3764 αἰτῷ

2190 3787 2334 3842 κατά
2361 3786 2523 3859 φύσιν
2547 3789 2868 3860 ἀχωρίστων
2895 3789 3004 3844 ἀπὸ
3031 3786 3127 3842 τοῦ
3161 3787 3492 3860 χωριστικοῦ
3521 3787 3784 3843 θανάτοιν

2188 3879 2319 3932 είδὲ
2343 3881 2410 3951 τῇ
2469 3879 2718 3952 ἐνεργείᾳ
2771 3878 2868 3934 τοῦ
2919 3878 3054 3934 Θεοῦ
3105 3881 3314 3934 almus
3365 3880 3456 3933 τὸν
3499 3883 3789 3952 χωρισμὸν

2188 3967 2327 4025 εἶναι
2370 3975 2435 4026 ὲκ
2484 3972 2581 4026 τοῦ
2627 3973 2782 4043 ἁγίου
2845 3971 3155 4044 ἀνθρώπου,
3207 3973 3519 4028 τούναντίον
3559 3973 3786 4046 ὁρῶμεν

2188 4062 2334 4118 κατά
2359 4064 2537 4118 πάντα
2566 4064 2692 4129 τοὺς
2717 4064 2908 4133 ἁγίους
2936 4063 3243 4134 γινόμενον·
3270 4064 3471 4136 μᾶλλον
3495 4065 3609 4138 γὰρ
3644 4083 3787 4137 euga-

2189 4156 2434 4228 παρόντα
2464 4157 2560 4211 καὶ
2589 4157 2908 4229 ἐνισχύοντα
2932 4159 2990 4212 ὲν
3043 4159 3158 4220 τοῖς
3213 4158 3392 4228 ἀγῶσι
3424 4159 3520 4214 καὶ
3574 4159 3785 4212 πάθεσι

2185 4251 2314 4313 τοὺς
2347 4249 2666 4322 Θεοφόρους,
2692 4253 2784 4306 τὸν
2813 4252 3019 4325 Κύριον
3071 4253 3252 4322 ἴσμεν,
3280 4252 3316 4324 ἦ
3349 4252 3781 4323 ὲγκαταλιμπά-

2187 4357 2346 4397 νοντα
2389 4343 2589 4408 αὐτοὺς
2620 4345 2678 4397 ὲν
2719 4345 2832 4408 τοῖς
2860 4345 2988 4414 περὶ
3012 4343 3104 4398 τὸν
3138 4345 3367 4398 θάνατον
3408 4347 3650 4415 καιροῖς·
3682 4347 3778 4398 καὶ

2185 4436 2314 4491 τάδε
2338 4437 2438 4506 μὲν
2452 4435 2646 4503 οὕτως’
2662 4438 2792 4492 τὸδὲ
2815 4457 2834 4491 ι
2863 4438 3087 4511 Ἐχρισὲ
3102 4455 3160 4492 σε
3184 4439 3382 4504 όΘεδς,
3405 4438 3436 4492 6
3455 4440 3592 4502 Θεός
3619 4457 3735 4500 σου,
3752 4458 3774 4490 ι

2185 4527 2305 4582 οὐδὲ
2334 4527 2504 4582 δεῖται
2531 4527 2802 4600 ὲξωτέρας
2829 4528 3240 4601 ὲπεξηγήσεως,
3268 4527 3438 4582 αὐτοῦ
3477 4527 3573 4582 τοῦ
3607 4529 3778 4582 Δαὸὶδ

2185 4617 2280 4672 τοῦ
2311 4617 2510 4680 εἰδότος
2537 4617 2672 4672 Θεὸν
2699 4617 2890 4683 αὐτοῦ,
2916 4612 3059 4672 εἶναι
3080 4617 3172 4672 τὸν
3195 4616 3489 4691 χρίσαντα,
3516 4619 3617 4672 καὶ
3641 4619 3777 4672 Θεὸν

2182 4709 2354 4775 ὅντως
2391 4710 2483 4764 τὸν
2512 4710 2806 4784 χρισθέντα
2839 4713 3001 4766 αὐτὸν
3027 4713 3306 4784 ἐχομένως
3350 4711 3770 4785 ὁμολογοῦντος.

2767 4807 3018 4862 non.
3053 4808 3163 4863 nr.
3593 4877 3610 4887 ,

2263 4899 2326 4956 ’0
2351 4898 2765 4972 ἀναθεματίζων
2782 4901 2911 4965 τοὺς
2940 4900 3200 4970 λέγοντας
3230 4900 3323 4954 τὸν
3370 4898 3585 4971 Ἰησοῦν
3618 4899 3776 4966 «api

2183 4990 2278 5046 τοῦ
2307 4991 2628 5062 Πνεῦματος
2666 4990 3020 5059 δεδοξάσθαι,
3075 4989 3470 5063 ἀναθεματίζει
3520 4991 3652 5054 τοὺς
3683 4991 3771 5043 λέ-

2185 5099 2384 5152 γοντας
2411 5083 2504 5137 τὸν
2543 5079 2753 5153 Ἰησοῦν
2789 5081 3082 5154 κεκρίσθαι
3128 5081 3208 5154 τῷ
3252 5082 3558 5153 Πνεῦματι.
3591 5082 3729 5154 Οὐχί
3755 5097 3771 5112 ο

2187 5175 2248 5228 τὸ
2276 5175 2387 5246 γάρ
2443 5174 2674 5247 Πνεῦμα
2723 5173 2787 5228 τὺ
2839 5176 3059 5248 χρίσαν,
3104 5175 3206 5229 οὐκ
3253 5174 3319 5229 ἂν
3376 5174 3771 5246 apaulaan

2189 5270 2413 5340 ἀμέσως
2470 5269 2548 5340 τῷ
2601 5269 2899 5342 χρωμένῳ,
2959 5269 3010 5322 εί
3063 5269 3142 5341 μή
3203 5257 3327 5322 τινα
3391 5267 3775 5338 πνευματικὴν

2182 5361 2404 5432 ὁμοειδῆ
2432 5361 2582 5432 αὐτῴ
2601 5361 2764 5431 φύσιν
2790 5360 3001 5428 ἔνδοξον
3026 5353 3183 5432 εὗρεν
3206 5360 3266 5415 ὲν
3295 5359 3446 5431 αὐτῷ
3470 5375 3488 5391 ο
3513 5361 3638 5414 οὐδὲ
3664 5361 3774 5429 γὰρ

2183 5454 2245 5507 τὸ
2266 5453 2528 5525 αἰσθητὸν
2567 5453 2742 5526 μύρον
2767 5456 2826 5508 ιν
2855 5455 2958 5508 οὑκ
3012 5453 3247 5526 αἰσθητῇ
3280 5451 3443 5524 φύσει
3500 5454 3774 5525 προσιζὼ

2185 5564 2266 5601 νει
2287 5563 2303 5580 ο
2339 5547 2460 5601 οὐδὲ
2499 5546 2612 5618 πῦρ
2639 5533 2790 5601 ὕδατι
2819 5547 3175 5618 ὲπαλείφεται
3205 5563 3219 5576 ⁸
3255 5546 3318 5600 οὐ
3369 5545 3477 5616 μὴν
3510 5545 3636 5599 οὐδὲ
3663 5546 3778 5616 ἀὴρ

2185 5641 2260 5711 γῇ
2303 5639 2692 5712 καταχρίεταιο
2725 5639 2848 5694 οὐδὲ
2877 5639 2939 5694 τὺ
2971 5638 3196 5711 Πνεῦμα
3224 5633 3317 5692 οὖν
3337 5639 3399 5692 τὸ
3428 5637 3682 5693 καταϐὰν
3710 5637 3773 5703 ἐξ

2187 5730 2421 5802 οὐρανοῦ
2452 5734 2549 5789 καὶ
2581 5734 2774 5806 μεῖναν
2825 5732 2915 5788 ἐπ’
2948 5733 3139 5801 αὐτὸν,
3167 5732 3336 5806 σαρκὶ
3366 5733 3560 5798 ἁπλῶς
3597 5734 3771 5786 {mv-

1227 5847 1249 5875 '
1292 5843 1426 5902 Luc.
1480 5861 1556 5913 iV,
1601 5845 1690 5902 18.
1795 5849 1814 5885 ί
1853 5849 2000 5906 Psal.
2038 5865 2088 5906 XI

2233 5851 2287 5908 8.
2381 5865 2408 5893 ιι
2459 5851 2595 5909 Luc.
2639 5866 2678 5919 ι,
2733 5851 2823 5908 46.
2929 5851 3299 5918 'Gen.xvm,
3338 5852 3432 5908 27.
3546 5860 3577 5890 ι
3621 5850 3771 5908 Psal.
