4042 6552
347 440 482 506 Πιι
1302 441 1696 502 ADVERSUS
1733 441 2371 505 NESTORIANOS.-
2394 445 2541 505 LIB.
2586 446 2654 507 V.
3474 445 3609 509 1742

343 556 619 611 επαύσατο
647 552 744 609 τοῦ
784 554 959 628 Ἰησοῦ
992 555 1058 627 τῇ
1085 552 1489 629 ἀνθρωπότητιέ
1527 552 1677 618 ἀπαξ
1691 554 1908 626 ἀποφή-

2034 571 2103 610 .us
2142 556 2263 627 ejus
2295 572 2405 612 non
2441 566 2797 629 permaneret
2828 557 2882 613 in
2925 555 3271 623 hominibus,
3322 555 3452 626 quia
3481 572 3610 612 caro

347 662 535 708 σαντος
562 642 656 698 τοῦ
701 644 861 711 Θεοῦ,
909 644 986 715 μὴ
1037 645 1222 715 μένειν
1248 641 1311 695 τὸ
1357 641 1583 714 Πνεῦμα
1640 643 1806 698 αὑτοῦ
1863 647 1921 697 ὲν

2034 658 2247 715 essent;
2284 650 2453 722 igitur
2471 650 2788 722 cognitione
2818 650 2896 706 illi
2926 642 3412 706 consubstantialis
3444 648 3609 703 Verbi

348 731 675 803 ἀνθρώποις,
732 730 821 785 διά
871 731 934 784 τὸ
984 725 1124 783 εἶναι
1169 730 1369 794 αὑτοὺς
1429 729 1639 801 σάρκας
1686 729 1878 785 λοιπόν
1902 746 1918 763 ο

2034 738 2227 807 Patris,
2272 741 2342 795 ad
2381 742 2669 812 proprium
2690 741 2939 808 accedit;
2986 738 3476 797 consubstantialis
3502 755 3610 794 non

341 822 541 878 οὑκοῦν
564 825 633 895 τῇ
662 821 957 891 ιπιγνώσει
980 821 1074 875 τοῦ
1111 820 1408 891 συγγενοῦς
1445 821 1594 893 αὑτῷ
1624 824 1797 891 Λόγου
1828 824 1922 877 τοῦ

2034 830 2205 900 gloria
2229 832 2692 888 consubstantiali
2716 851 2731 898 ;
2759 833 2937 887 factus
2965 842 3052 888 est
3095 847 3229 903 ergo
3280 831 3399 901 ipse
3448 831 3613 887 Jesus

344 916 578 987 Πατρδς,
621 916 757 986 πρὸς
785 916 846 969 16
875 916 1007 970 ἴδιον
1044 916 1258 988 ὲπέπτη
1284 932 1299 948 ο
1326 916 1390 969 τδ
1434 916 1494 970 δὲ
1522 916 1809 987 ὀμοούσιον
1858 918 1919 971 οὑ

2034 934 2132 990 per
2185 921 2427 976 Verbum
2472 921 2720 976 divinum
2770 922 3038 976 Dominus
3100 929 3158 975 et
3207 920 3465 977 Christus
3512 935 3612 990 per

340 1007 471 1074 δόξα
503 1006 583 1077 τῷ
636 1007 939 1078 ὀμοουσίῳο
972 1003 1042 1080 ἦν
1090 1006 1200 1079 ἀρα
1249 1006 1454 1077 Κύριος
1485 1007 1577 1062 διὰ
1618 1010 1710 1061 τὸν
1742 1009 1920 1079 Λόγον

2034 1012 2340 1067 ιιηειίοηοιη
2408 1012 2683 1084 Spiritus;
2722 1013 3014 1068 Dominum
3044 1014 3193 1068 enim
3222 1030 3321 1085 per
3342 1012 3607 1069 Verbum.

343 1096 433 1149 τὸν
462 1094 605 1150 θεῖον
629 1095 658 1149 6
709 1095 1003 1166 γενόμενος
1066 1096 1163 1150 καὶ
1210 1096 1448 1168 Χριστὸς
1487 1096 1576 1153 διὰ
1611 1097 1710 1169 τὴν
1742 1098 1924 1170 χρίσιν

2034 1108 2078 1155 et
2111 1098 2395 1155 Christum
2437 1116 2535 1171 per
2581 1100 2845 1171 Spiritum
2886 1100 3017 1155 fecit
3051 1102 3198 1156 Deus
3238 1104 3387 1156 hunc
3419 1102 3611 1157 Jesum

341 1186 437 1241 τοῦ
501 1185 840 1258 Πνεύματος,
899 1188 1064 1252 αὐτὸς
1116 1187 1361 1259 Ἰησοῦςο
1408 1188 1504 1242 καὶ
1549 1189 1757 1260 Κύριον
1816 1190 1927 1261 7&9

342 1279 505 1332 αὑτὸν
528 1278 618 1333 διά
645 1278 739 1333 τοῦ
782 1280 979 1348 Λόγου,
1012 1280 1108 1334 καί
1147 1280 1385 1354 Χριστὸν
1426 1280 1517 1335 διά
1543 1280 1637 1334 τοῦ
1668 1279 1923 1351 Πνεύμα·

344 1372 483 1435 τοςὸ
510 1371 646 1435 Θεὸς
689 1372 915 1443 εποίησε
961 1372 1153 1426 τοῦτον
1203 1372 1296 1426 τὸν
1336 1373 1545 1442 Ἰησοῦν
1592 1372 1652 1427 δν
1683 1374 1925 1429 Ἰουδαῖοι

344 1464 696 1535 ἐσταύρωσαν
723 1478 739 1496 ο
791 1467 857 1536 τῇ
897 1482 957 1518 τε
999 1465 1206 1518 ἐνδόσει
1236 1462 1331 1518 τοῦ
1384 1464 1561 1533 Λόγου
1615 1464 1782 1519 αὑτοῦ
1829 1465 1924 1519 καὶ

347 1556 642 1627 περιθέσει
696 1554 792 1609 τοῦ
846 1554 1164 1627 Πνεύματος
1219 1554 1409 1622 αὑτοῦ,
1456 1556 1527 1611 τά
1553 1573 1613 1610 τε
1646 1556 1797 1621 ἐντὸς
1832 1557 1927 1611 καὶ

343 1646 499 1713 ἐκτὸς
524 1648 688 1719 τῆσδε
705 1648 804 1721 τῆς
832 1648 992 1718 ἀγίου
1016 1646 1253 1704 κιϐωτοῦ
1283 1648 1650 1723 καταχρυσῶν
1674 1650 1703 1703 6
1733 1650 1925 1722 Πατὴρ

343 1739 467 1812 θείᾳ.
497 1742 881 1813 μαρμαρυγῇ·
924 1741 973 1794 εί
1017 1740 1075 1794 δὲ
1120 1740 1217 1794 καὶ
1270 1740 1380 1794 ἀπὸ
1418 1742 1729 1812 γεννήσεως
1764 1740 1927 1806 εὐθὺς

2025 1205 2191 1259 quem
2231 1190 2405 1247 Judaei
2458 1191 2893 1257 crucilixerunt;
2920 1192 3126 1247 unione
3156 1208 3290 1247 vero
3315 1190 3481 1247 Verbi
3526 1191 3611 1262 ip-

2030 1282 2147 1337 sius
2176 1290 2233 1337 et
2278 1282 2519 1354 Spiritus
2549 1282 2851 1347 eﬂusione,
2881 1282 3032 1337 intus
3062 1282 3417 1354 exteriusque
3472 1283 3615 1337 hanc

2033 1382 2278 1428 sanctam
2323 1388 2507 1429 arcam
2542 1374 2706 1430 Pater
2745 1374 3041 1444 splendore
3064 1374 3255 1429 divino
3290 1373 3612 1438 exornavit;

2029 1474 2086 1520 et
2118 1464 2391 1536 siquidem
2436 1467 2621 1521 statim
2656 1475 2717 1520 ut
2750 1476 2915 1522 natus
2954 1475 3041 1522 est
3063 1464 3320 1523 Christus
3348 1475 3406 1522 et
3431 1465 3615 1521 Domi-

2031 1572 2136 1612 nus
2169 1557 2224 1612 in
2255 1556 2479 1615 civitate
2529 1559 2700 1614 David
2732 1559 2802 1615 ab
2841 1560 3041 1632 angelo
3072 1559 3486 1630 praenuntiante
3516 1572 3614 1612 vo-

2032 1658 2211 1715 catur;
2229 1658 2284 1705 et
2309 1650 2554 1715 Samuel,
2578 1660 2871 1722 antequam
2888 1661 3053 1723 ungat
3069 1653 3357 1724 quemdam
3379 1651 3613 1705 ﬁliorum

2031 1741 2207 1808 Jesse,
2241 1740 2399 1807 dicit,
2436 1762 2454 1795 ι
2478 1742 2575 1799 sed
2609 1760 2761 1800 nunc
2798 1753 2883 1800 est
2904 1744 3157 1801 Christus
3193 1746 3461 1801 Dominus
3484 1742 3557 1796 Y?
3591 1762 3610 1795 ι

344 1831 581 1903 Χριστὸς
609 1832 707 1888 καὶ
764 1830 972 1906 Κύριος
1002 1832 1063 1886 ὲν
1098 1831 1252 1886 πόλει
1293 1831 1461 1887 Δαϐὶδ
1490 1830 1821 1905 ὀνομάζεται
1882 1830 1962 1903 τῷ
1997 1832 2219 1904 ἀγγέλῳ
2277 1833 2820 1904 προαναφωνητικῶς
2848 1851 2865 1865 ·
2924 1835 3020 1889 καὶ
3086 1836 3195 1907 γὰρ
3242 1837 3335 1888 καὶ
3363 1832 3618 1906 Σαμουὴλ

346 1924 480 1998 πρὶν
511 1924 698 1996 χρίσαι
724 1922 848 1979 τινά
877 1925 986 1978 τῶν
1014 1923 1147 1977 υἰῶν
1193 1922 1397 1977 Ἰεσσαὶ
1430 1923 1638 1994 ἔλεγεν,
1659 1941 1680 1976 ι
1731 1924 1873 1978 Ἀλλ’
1899 1923 1933 1995 ἢ
1968 1924 1998 1977 6
2029 1925 2266 1995 Χριστὸς
2295 1923 2536 1996 Κύριος;
2564 1943 2585 1978 ι

933 2018 1189 2074 ΚΕΦΛΛ.
1248 2016 1350 2074 18'.

416 2113 481 2170 Εἰ
515 2112 590 2185 μὴ
620 2112 729 2184 ἄρα
781 2111 847 2165 ἐκ
894 2109 991 2165 τοῦ
1040 2108 1361 2181 Πνεύματος
1403 2109 1595 2164 ἐλαϐεν
1626 2110 1655 2164 6
1696 2109 1927 2182 Ἰησοῦς,

344 2208 493 2264 καθά
541 2205 782 2261 διδάσκει
829 2204 859 2258 6
902 2202 1226 2275 Αἰγύπτιος,
1260 2202 1320 2257 τὸ
1368 2204 1616 2276 ἐνεργεῖν
1643 2202 1927 2270 δύνασθαι,

350 2298 496 2363 τίνος
524 2296 713 2351 ἕνεκεν
736 2295 974 2352 δέδωκεν
1032 2293 1182 2365 αύτῷ
1230 2294 1260 2347 6
1321 2292 1513 2365 Πατὴρ
1559 2293 1619 2347 16
1664 2294 1927 2367 Πνεῦμα;

344 2391 423 2446 υύ
456 2389 641 2462 μάτρῳ
667 2388 801 2460 7&9,
822 2386 977 2459 φησί,
1012 2386 1227 2440 δίδωσιν
1258 2386 1289 2438 6
1328 2385 1462 2450 Θεὸς
1493 2385 1555 2439 τὸ
1599 2384 1824 2457 Πνεῦμα
1847 2401 1862 2417 ·
1902 2387 1932 2440 6

347 2485 456 2554 7&9
484 2481 673 2555 Πατὴρ
720 2480 913 2551 ἀγαπᾷ
964 2479 1056 2533 τὸν
1088 2479 1215 2533 Υἰδν
1243 2478 1340 2534 καὶ
1376 2478 1563 2534 πάντα
1604 2478 1839 2534 δέδωκεν
1865 2480 1925 2533 ὲν

349 2578 416 2648 τῇ
451 2574 600 2647 χειρὶ
648 2573 852 2628 αὑτοῦ·
902 2570 1022 2636 πῶς
1069 2567 1186 2638 οῦν,
1220 2573 1269 2626 εἰ
1320 2572 1398 2644 μὴ
1435 2572 1620 2644 μέτρῳ
1677 2572 1774 2626 καὶ
1803 2572 1933 2645 ἀξίᾳ

346 2670 555 2723 δίδοται
596 2666 744 2738 αὑτῷ
777 2664 884 2719 ὑπὸ
906 2662 1045 2719 Θεοῦ
1088 2664 1302 2736 Ila-:96;
1317 2664 1379 2718 τὸ
1410 2664 1669 2736 Πνεῦμα;
1710 2664 1823 2735 Ούχ
1854 2663 1933 2727 ὡς

350 2763 541 2825 ἄτονος
598 2758 891 2830 ἄνθρωπος
942 2756 1081 2829 πρὸς
1137 2756 1423 2829 ὶνέργειαν
1473 2756 1628 2812 θείαν
1680 2756 1874 2812 ἔλαϐεν
1902 2757 1931 2810 6

362 2849 575 2922 Ἰησοῦς
601 2849 664 2904 16
693 2846 920 2920 Πνεῦμα
941 2864 956 2881 ·
987 2848 1037 2901 εἰ
1075 2846 1186 2919 7&9
1221 2848 1297 2919 μὴ
1330 2845 1447 2900 ἐστι
1483 2844 1688 2918 μέτρου
1714 2845 1934 2916 φύσεως

351 2942 548 3014 ἑτέρας
579 2941 767 2996 λαϐεῖν
787 2938 850 2995 16
885 2940 1115 3011 Πνεῦμα
1162 2938 1225 2993 τδ
1270 2940 1335 2993 ἐκ
1391 2938 1487 2993 τοῦ
1530 2938 1746 3010 Πατρδς
1771 2939 1936 2992 6x110-

354 3034 677 3108 ρευόμενον,
727 3030 845 3086 ἀλλ’
872 3031 1115 3102 6p0r9u‘iq.
1167 3029 1262 3084 καὶ
1288 3029 1479 3102 ἀγάπῃ
1508 3030 1647 3102 μόνηει⁸
1672 3031 1741 3101 τῇ
1796 3028 1936 3100 πρὸς

352 3123 517 3179 αὑτὸν
538 3122 762 3185 δίδοται,
791 3120 952 3192 μόνος
986 3119 1045 3173 δὲ
1072 3122 1101 3174 6
1140 3119 1271 3183 Υίδς
1318 3121 1499 3192 Πατρὶ
1524 3120 1620 3175 καὶ
1656 3120 1734 3189 τῷ
1767 3120 1936 3175 Πνεύ-

351 3233 488 3289 pan
535 3213 845 3287 όμοούσιος,
879 3213 1041 3285 δῆλον
1067 3212 1144 3277 ὡς
1190 3212 1279 3267 διὰ
1328 3212 1563 3285 φυσικὴν
1608 3213 1828 3284 ἀγάπην
1859 3212 1937 3286 τῷ

2104 2108 2161 2167 Si
2194 2109 2361 2181 igitur
2392 2126 2503 2166 non
2529 2125 2598 2166 ex
3104 2111 3285 2176 Jesus,
3310 2111 3615 2167 secundum

2014 2197 2341 2263 doctrinam
2370 2198 2645 2272 Egyptii,
2692 2208 3023 2271 potestatein
3077 2200 3343 2271 operandi
3393 2213 3621 2273 propter

2031 2287 2167 2358 quid
2204 2287 2357 2343 dedit
2386 2286 2465 2343 illi
2496 2289 2659 2344 Pater
2699 2288 3010 2359 Spiritum?
3038 2289 3174 2344 Nam
3212 2308 3231 2342 ι
3258 2306 3369 2347 non
3400 2307 3624 2347 mensu-

2032 2398 2114 2447 ra,
2147 2382 2349 2454 inquit,
2378 2382 2473 2439 dat
2506 2382 2672 2439 Pater
2704 2374 3145 2454 Spiritum.Nam
3178 2386 3502 2443 Pateramat
3526 2387 3620 2442 Fi-

2031 2475 2167 2531 lium
2209 2484 2268 2531 et
2293 2474 2480 2530 omnia
2526 2473 2682 2529 dedit
2722 2474 2779 2529 in
2803 2490 2969 2530 manu
2997 2476 3147 2532 illius
3189 2487 3237 2543 ι,
3273 2496 3291 2529 ι
3340 2480 3621 2549 quomodo

2033 2581 2187 2631 vero,
2217 2566 2263 2621 si
2292 2582 2405 2621 non
2438 2581 2700 2622 mensura
2728 2566 2824 2622 sed
2874 2567 3145 2640 dignitate
3188 2568 3351 2627 datus
3386 2580 3472 2627 est
3504 2572 3556 2627 ei
3589 2590 3621 2628 a

2034 2660 2147 2715 Deo
2169 2659 2451 2731 Spiritus?
2480 2660 2603 2716 Non
2629 2660 2779 2716 sicut
2806 2659 3106 2716 imbecillis
3138 2661 3304 2717 homo
3329 2662 3398 2717 ad
3428 2677 3624 2733 opera-

2037 2751 2244 2807 tionem
2294 2750 2541 2807 divinam
2589 2750 2805 2821 accepit
2850 2750 3012 2806 Jesus
3059 2751 3353 2821 Spiritum.
3395 2752 3453 2808 Si
3487 2770 3621 2809 vero

2034 2860 2146 2899 non
2186 2852 2273 2899 est
2309 2858 2586 2899 mensura:
2630 2843 2775 2899 alius
2799 2851 3015 2899 naturae
3056 2844 3305 2914 accipere
3353 2844 3621 2917 Spiritum

2033 2936 2130 3007 qui
2151 2952 2219 2993 ex
2238 2937 2400 2992 Patre
2429 2934 2703 3008 procedit,
2727 2936 2824 2993 sed
2849 2935 3012 2991 datur
3034 2937 3136 2992 soli
3159 2946 3370 2992 natura:
3386 2936 3551 2992 simili
3567 2947 3624 2992 et

2032 3030 2105 3086 ab
2127 3044 2196 3084 eo
2221 3029 2457 3094 dilectae,
2476 3030 2627 3086 solus
2661 3029 2836 3085 Filius
2860 3029 3011 3085 Patri
3038 3038 3097 3085 et
3120 3029 3351 3100 Spiritui
3382 3031 3622 3085 consub-

2035 3120 2336 3188 stantialis,
2365 3119 2595 3177 evidens
2622 3130 2709 3177 est
2746 3120 2894 3190 quod
2940 3128 3171 3192 propter
3197 3122 3504 3176 naturalem
3532 3121 3622 3176 dl-

2034 3212 2332 3268 lcctionem
2379 3210 2841 3285 consubstantiali
2873 3211 3015 3267 Filio
3051 3210 3212 3267 dedit
3251 3212 3621 3268 consubstan~

351 3308 628 3380 ὁμοουσίῳ
652 3306 768 3379 Υίῷ
784 3306 985 3361 δέδωκε
1008 3304 1068 3359 τὸ
1088 3304 1379 3376 όμοούσιον
1432 3304 1597 3358 αὑτοῦ
1640 3303 1870 3376 Πνεῦμα
1907 3304 1932 3358 6

2041 3304 2224 3360 tialem
2261 3304 2530 3376 Spiritum
2563 3319 2727 3361 suum
2760 3304 2945 3369 Pater,
2991 3320 3116 3359 nam
3164 3304 3348 3360 omnia
3374 3306 3528 3361 dedit
3569 3308 3622 3363 ei

351 3375 809 3473 Πατήρίπάντα
857 3399 969 3471 7&9
997 3375 1229 3452 δέδωκεν
1279 3398 1339 3451 ὲν
1381 3398 1450 3468 τῇ
1505 3395 1648 3469 χειρὶ
1686 3375 1856 3452 αὑτοῦ
1904 3397 1932 3451 6

2038 3397 2199 3453 Pater
2248 3375 2314 3453 in,
2340 3412 2529 3462 manu,
2561 3396 2635 3452 ita
2664 3408 2725 3455 ut
2764 3396 2978 3453 diceret
3004 3396 3199 3454 Filius:
3241 3416 3260 3451 ι
3289 3397 3483 3455 Omnia
3500 3414 3623 3471 qua:

354 3493 548 3564 Πατήρ
573 3508 588 3524 ·
640 3489 783 3546 ὥστε
841 3490 1023 3560 λέγειν
1047 3487 1143 3543 τὸν
1175 3486 1325 3551 Υἰδν,
1360 3504 1378 3541 ι
1414 3486 1596 3543 Πάντα
1635 3488 1734 3542 ὅσα
1762 3488 1876 3559 ἔχει
1903 3487 1936 3541 6

356 3585 568 3656 Πατὴρ,
607 3584 720 3657 ἐμά
753 3585 893 3639 ἐστι.
942 3601 962 3637 ι

612 3702 615 3703 ν
948 3675 1206 3729 ΚΕΦΛΛ.
1265 3673 1351 3731 κ’.

422 3768 695 3832 Ζωοποιός
725 3768 841 3823 ἔστι
873 3766 967 3821 τοῦ
1023 3766 1231 3839 Κυρίου
1287 3768 1323 3838 ἠ
1378 3765 1519 3839 σάρξ
1565 3766 1934 3840 πιστευομένη

350 3859 437 3914 δτι
470 3858 578 3914 ὑπὸ
603 3859 698 3914 τοῦ
720 3858 857 3914 Θεοῦ
885 3860 1063 3927 Λόγου
1093 3857 1473 3930 ὲζωοποιήθη·
1504 3857 1680 3923 ἄλλως
1703 3858 1811 3931 γὰρ
1835 3858 1934 3912 οὑκ

352 3950 469 4006 ἔστι
545 3951 830 4016 ζωοποιός.
892 3950 1033 4005 Ἀλλ’
1086 3951 1189 4004 οὑκ
1236 3950 1491 4023 ἐνεργείᾳ
1544 3949 1641 4005 τοῦ
1699 3949 1933 4017 ζωτικοῦ

352 4043 531 4112 Λόγου
586 4042 680 4097 νῦν
727 4042 913 4107 ἀπλῶς
964 4042 1332 4115 ὲζωοποιήθη,
1384 4043 1575 4114 ὥσπερ
1640 4045 1699 4097 ιν
1751 4045 1819 4115 τῇ
1840 4041 1935 4096 τοῦ

365 4135 539 4205 Ἀδὰμ
579 4134 943 4207 δημιουργίαν
979 4135 1087 4205 ὅτῳ
1121 4135 1231 4207 γὰρ
1278 4134 1345 4189 ἂν
1389 4135 1551 4189 πάλιν
1577 4135 1805 4207 δυνάμει
1840 4132 1937 4188 καὶ

352 4225 414 4278 τὸ
442 4224 682 4297 φθαρτὸν
720 4220 835 4296 εἶχε
856 4226 952 4280 καὶ
980 4224 1077 4280 νῦν
1096 4226 1124 4279 6
1153 4225 1444 4297 ἄνθρωπος
1463 4242 1478 4257 ·
1510 4225 1626 4280 ἀλλ’
1660 4226 1935 4298 ἐνοικήσει

355 4313 570 4384 φύσεως
580 4312 817 4386 ζωτικῆς
834 4316 914 4378 εἰς
926 4314 1110 4385 φύσιν,
1127 4316 1249 4370 καθ’
1274 4317 1473 4371 ἕνωσιν
1488 4314 1686 4370 ούσιῶν
1702 4315 1816 4381 δύο,
1833 4316 1934 4387 τὴν

355 4407 655 4462 ὑπόστασιν
696 4408 828 4477 μίαν
886 4408 1327 4463 ἀποδεικνῦσαψ
1365 4408 1443 4474 ὡς
1475 4408 1551 4481 μὴ
1580 4408 1784 4481 ἰσχύειν
1823 4407 1937 4462 πώ-

354 4518 486 4555 ποτε
511 4500 699 4554 λοιπὸν
746 4500 809 4555 τὸ
848 4501 1079 4574 δυνάμει
1116 4502 1542 4573 ὲναποκείμενον
1587 4486 1823 4573 ςέθαρτδν
1865 4502 1933 4572 τῇ

326 4591 516 4669 ,φύσει
546 4595 614 4663 τῇ
672 4591 1021 4665 ἀνθρωπίνῃ,
1067 4595 1148 4658 είς
1189 4593 1253 4647 τὸ
1295 4595 1553 4665 ἐνεργείᾳ
1601 4592 1885 4666 προελθεῖν
1916 4605 1932 4622 ο

2033 3485 2198 3541 habet
2218 3485 2400 3555 Pater,
2432 3501 2552 3541 mea
2577 3494 2705 3542 sunt
2725 3499 2775 3541 ι.
2812 3506 2832 3541 ι

2675 3670 2830 3726 CAP.
2863 3669 2986 3727 XX.
3622 3718 3629 3725 .

2106 3762 2401 3819 Viviticans
2426 3770 2510 3819 est
2540 3762 2760 3818 Domini
2799 3778 2933 3818 caro
2956 3777 3083 3819 cum
3117 3762 3399 3819 credimus
3434 3778 3553 3819 eam
3589 3780 3620 3819 a

2036 3854 2147 3911 Deo
2184 3855 2365 3911 Verbo
2392 3852 2745 3910 viviﬁcatam.
2781 3855 2959 3912 Aliter
2989 3856 3139 3912 enim
3184 3872 3296 3911 non
3317 3866 3405 3911 est
3436 3857 3621 3912 viviﬁ-

2034 3962 2187 4003 cans.
2223 3946 2331 4002 Sed
2358 3962 2471 4002 non
2497 3946 2706 4002 virtute
2740 3946 2851 4001 vivi
2886 3946 3051 4001 Verbi
3096 3962 3248 4003 nunc
3292 3947 3622 4017 simpliciter

2034 4039 2308 4095 viviﬁcata
2331 4078 2347 4103 ,
2380 4048 2443 4094 ut
2478 4039 2535 4094 in
2564 4038 2850 4095 creatione
2872 4039 3079 4105 Adam;
3108 4055 3440 4111 quacunque
3471 4041 3619 4095 enim

2036 4147 2231 4188 rursus
2264 4131 2473 4187 vi-rtute
2518 4131 2932 4201 corruptionem
2973 4130 3209 4187 haberet
3246 4146 3397 4187 nunc
3432 4132 3619 4198 homo,

2035 4224 2133 4281 sed
2160 4223 2341 4280 unit‘it
2384 4239 2498 4279 suae
2532 4232 2746 4279 natura:
2786 4233 3042 4280 naturam
3089 4223 3485 4291 viviﬁcantem,
3523 4241 3622 4296 per

2038 4316 2299 4372 unionem
2340 4315 2576 4371 duarum
2600 4314 3059 4381 substantiarum,
3087 4332 3254 4371 unam
3302 4316 3618 4388 liypostasin

2034 4410 2413 4473 exhibentem,
2467 4418 2529 4464 ut
2559 4424 2845 4479 nunquam
2892 4407 3160 4478 deinceps
3188 4418 3377 4479 posset
3400 4408 3455 4462 in
3491 4423 3622 4478 ope-

2037 4503 2252 4559 ratione
2312 4503 2418 4559 sita
2467 4501 2776 4571 corruptio,
2840 4510 3052 4555 naturaa
3111 4500 3366 4555 humanae
3407 4499 3621 4569 ingredi

2036 4595 2383 4665 operatione,
2432 4602 2494 4650 ut
2532 4594 2773 4649 humana
2812 4590 3094 4665 hypostasi
3136 4592 3196 4648 in
3247 4591 3370 4663 ipso
3406 4593 3511 4647 sita
3539 4594 3624 4647 in-

354 4682 432 4745 ὡς
456 4682 597 4735 κατά
626 4681 973 4755 ἀνθρωπίνης
1017 4682 1370 4747 ὑποστάσεως
1401 4682 1932 4752 συνεναποκειμένης

2037 4686 2414 4758 corruptionis
2452 4685 2683 4752 virtute,
2726 4684 2855 4740 vita:
2903 4685 3127 4756 propria
3160 4692 3380 4749 natura,
3408 4692 3621 4740 etcum

356 4774 494 4845 αὑτῇ
533 4773 594 4827 ὲν
629 4776 695 4845 τῇ
720 4774 817 4845 τῆς
864 4775 1270 4847 ἀφθαρτοποιοῦ
1300 4774 1606 4845 δυνάμεως,
1640 4775 1740 4846 τῆς
1771 4774 1936 4828 αὑτο-

355 4870 517 4938 φύσει
546 4866 710 4939 ζωῆς,
738 4868 831 4921 καὶ
862 4867 941 4931 εἰς
970 4866 1067 4939 τὴν
1093 4867 1264 4937 αὑτὴν
1306 4865 1458 4920 θείαν
1492 4864 1789 4920 ὑπόστασιν
1818 4881 1943 4918 συν-

355 4963 587 5036 εχούσης
623 4966 724 5035 τὴν
785 4961 1136 5034 ἀνθρωπείαν
1171 4961 1367 5033 φύσιν*
1418 4960 1565 5014 οὑτω
1601 4962 1735 5029 γοῦν
1794 4976 1940 5023 τινες

357 5060 451 5113 καὶ
480 5059 607 5121 τοὺς
633 5056 995 5128 φθοροποιοῖκ
1042 5054 1141 5127 τῆς
1179 5052 1417 5125 γαστρὸς
1442 5052 1610 5117 όποὺς
1637 5052 1671 5123 ἢ
1706 5050 1938 5123 βοτάνας

355 5150 420 5204 δι’
456 5152 648 5221 ἑτέραν
712 5149 833 5204 τινά
893 5148 1166 5218 ὠφέλειαν
1210 5148 1617 5220 προσφέροντες
1655 5163 1768 5200 τισι
1822 5148 1936 5210 τοῖς

362 5241 509 5303 ἰδίως
557 5243 865 5311 ἐφεκτικοῐς
912 5239 1086 5311 αὑτῆς
1131 5238 1296 5293 εἴδεσι
1355 5238 1633 5310 μίξαντες,
1689 5238 1768 5302 εἰς
1815 5236 1936 5302 ἑνὸς

361 5331 653 5402 φαρμάκου
697 5330 961 5402 σύνθεμα,
1010 5328 1183 5391 ἀδεῶς
1230 5328 1291 5382 τὸ
1352 5326 1538 5382 λοιπὸν
1603 5325 1933 5399 παρέχουσι·

362 5420 718 5493 φθοροποιίαν
771 5421 1007 5494 γαστρὸς
1060 5419 1249 5474 λοιπὸν
1282 5418 1385 5473 οὑκ
1430 5418 1819 5489 εὐλαϐούμενοι
1849 5416 1937 5471 διά

361 5516 423 5568 τὸ
475 5512 968 5583 συμπεπλεγμένον
1022 5510 1311 5581 ὲφεκτικδν
1361 5511 1459 5582 τῆς
1487 5509 1722 5580 γαστρὸς
1763 5510 1823 5563 ιν
1857 5507 1938 5561 ἑνὶ

362 5606 456 5660 καί
484 5606 562 5677 τῷ
589 5604 739 5674 αὑτῷ
762 5604 1038 5676 φαρμάκῳ
1078 5605 1213 5675 ἄμα.

921 5698 1177 5751 ΚΑΦΑΛ.
1222 5698 1351 5751 KA'.

430 5788 545 5842 Οὑκ
580 5786 725 5842 ἔστιν
759 5787 1044 5859 ἄνθρωπος
1077 5790 1154 5859 μὴ
1183 5787 1257 5842 ὢν
1296 5806 1380 5853 τις
1429 5787 1712 5859 ἄνθρωπος
1734 5803 1751 5819 ο
1783 5785 1875 5839 καὶ
1903 5786 1933 5838 6

428 5917 456 5957 1
480 5908 611 5980 Reg.
642 5924 748 5976 xvr,
773 5907 825 5964 5.
906 5917 930 5945 ι
967 5907 1125 5963 Joan.
1167 5924 1246 5975 In,
1276 5908 1364 5964 54.
1445 5920 1467 5949 ε
1500 5907 1656 5963 Joan.
1684 5918 1797 5974 τινι,
1834 5906 1921 5961 l5.

2044 4778 2162 4849 ipsa
2227 4776 2414 4832 divina
2471 4775 2753 4849 hypostasi
2819 4776 3030 4831 unitam
3098 4776 3398 4831 humanam
3460 4786 3624 4832 natu-

2042 4887 2190 4937 ram;
2220 4870 2301 4926 sic
2324 4869 2493 4940 igitur
2530 4868 2757 4939 quidam
2781 4868 2898 4925 sani
2924 4868 3185 4924 mortales
3215 4868 3501 4923 stomacho
3523 4868 3624 4923 hu-

2041 4978 2246 5026 mores,
2266 4962 2353 5018 vel
2378 4962 2617 5032 plantas,
2654 4960 2772 5017 sive
2808 4960 3100 5032 quamdam
3134 4960 3298 5015 aliam
3332 4960 3621 5017 utilitatem

2038 5055 2392 5120 adhibentes,
2425 5062 2482 5108 et
2513 5052 2846 5123 quibusdam
2871 5052 3310 5123 astringentibus
3333 5052 3625 5123 speciebus

2040 5149 2355 5211 miscentes,
2390 5160 2561 5200 unum
2589 5145 2944 5216 pharmacum
2970 5153 3311 5215 componunt
3338 5145 3486 5215 quod
3504 5145 3624 5201 sine

2042 5247 2189 5293 metu
2231 5237 2299 5293 de
2322 5246 2523 5293 caetero
2558 5236 2845 5291 adhibent.
2875 5235 3305 5307 Corruptionem
3351 5238 3621 5293 stomachi

2041 5330 2110 5385 dc
2149 5338 2349 5385 cancro
2378 5344 2488 5384 non
2521 5328 2782 5384 timentes
2816 5337 3048 5400 propter
3076 5327 3391 5385 mistionem
3419 5330 3624 5388 astrin—

2042 5421 2221 5493 gentis
2241 5419 2372 5476 salsi
2406 5420 2463 5476 in
2497 5418 2693 5476 eodem
2729 5419 3048 5491 pharmaco.

2696 5685 2847 5742 CAP.
2878 5685 3020 5741 XXI.

2115 5785 2232 5840 Non
2261 5781 2427 5839 homo
2451 5777 2672 5852 quinon
2695 5779 2768 5835 sit
2798 5779 2999 5849 aliquis
3021 5780 3209 5845 homo,
3238 5786 3293 5833 ct
3319 5773 3625 5847 suscipiens
