4042 6540
458 497 596 563 1713

1730 490 2038 553 LEONTII
2079 489 2487 552 BYZANTINI

3595 474 3730 540 ΠΗ

453 607 855 666 humanitatem
905 606 1052 660 Deus
1105 603 1402 676 quemdam
1443 603 1726 660 hominem
1771 605 2039 675 suscepit,

2165 605 2438 676 ιαμεάνων
2463 601 2555 656 τὸν
2577 600 2867 672 ἄνθρωπον
2887 597 3025 664 Θεὸς
3049 597 3175 654 τινὰ
3198 596 3490 669 ἄνθρωπον
3512 596 3730 666 λαμϐά-

453 699 548 770 qui
574 697 879 754 secundum
922 703 1176 750 naturam
1203 703 1290 750 est
1325 695 1514 759 homo,
1561 694 1872 750 secundum
1907 710 2042 749 vero

452 786 830 856 aceeptionem
851 793 936 839 est
957 799 1126 854 super
1153 784 1461 839 hominem.
1495 785 1551 840 Si
1583 800 1717 840 vero
1747 785 2042 856 quemdam

450 879 736 933 hominem
763 877 947 930 adhuc
980 876 1035 929 in
1080 883 1370 946 posterum
1409 875 1626 946 accepit
1671 875 1840 941 Deus,
1870 876 2043 932 bene-

451 971 595 1026 dicis
621 1011 634 1032 ,
668 969 711 1023 si
757 968 812 1022 in
844 966 1290 1038 apprehensione
1312 976 1366 1022 et
1392 977 1516 1038 post
1539 967 2042 1038 apprehensioncm

451 1065 580 1134 quis
603 1063 756 1117 visus
775 1069 858 1116 est
883 1069 943 1116 ut
989 1061 1154 1115 homo
1171 1102 1186 1126 ,
1221 1060 1502 1132 quomodo
1528 1059 1825 1132 quemdam
1863 1059 2045 1114 homi—

451 1171 580 1209 nem
623 1154 834 1209 nudum
891 1152 1126 1222 sumpsit
1193 1151 1484 1207 obtentum
1539 1165 1609 1205 ex
1662 1148 2045 1220 assumptione

454 1249 649 1303 illius?
701 1247 757 1302 Si
800 1262 937 1301 vero
975 1244 1284 1301 secundum
1317 1251 1573 1298 naturam
1616 1242 1785 1298 homo
1814 1251 1900 1298 est
1943 1258 2046 1297 na-

454 1353 598 1401 tura.
632 1349 688 1396 et
742 1356 841 1410 per
890 1337 1325 1408 assumptionem
1359 1352 1528 1406 supra
1559 1335 1869 1398 hominem,
1901 1334 2044 1390 nihil

455 1433 603 1488 aliud
631 1433 736 1488 nisi
769 1433 886 1502 ipsa
909 1441 1106 1485 natura
1122 1444 1350 1500 prorsus
1376 1437 1649 1483 mutatum
1675 1439 1782 1494 est,
1819 1436 1879 1482 ut
1898 1436 2048 1484 esset

455 1526 601 1596 quod
647 1534 768 1580 erat
811 1532 1012 1578 natura
1074 1538 1173 1592 per
1221 1521 1686 1591 assumptionem,
1739 1518 1874 1590 quid
1913 1534 2047 1590 ergo

455 1619 637 1672 factus
665 1625 774 1682 est,
795 1615 884 1670 vel
916 1614 1066 1669 enim
1096 1612 1305 1683 aliquid
1321 1611 1470 1667 aliud
1493 1611 1590 1683 qui
1618 1627 1722 1668 nec
1743 1611 1912 1673 Deus,
1943 1625 2048 1667 nec

457 1712 624 1765 homo
651 1718 708 1764 et
737 1706 885 1778 quod
918 1705 1240 1776 assumpsit.
1272 1704 1478 1760 Tamen
1513 1702 1664 1775 apud
1701 1718 1800 1758 vos
1847 1712 2047 1758 natura

370 1818 376 1823 ·
460 1817 566 1856 una
617 1807 702 1856 est
725 1796 968 1864 Christo,
1014 1805 1073 1852 et
1115 1796 1232 1866 ipsa
1269 1793 1479 1863 divina,
1512 1801 1569 1850 et
1597 1807 1709 1848 una
1733 1790 2048 1865 hypostasis

460 1895 540 1950 illi
574 1892 862 1950 evidenter
881 1890 1049 1947 etiam
1073 1887 1282 1944 divina.

1065 2024 1218 2082 CAP.
1276 2023 1448 2081 XXII.

528 2131 810 2203 Scriptum
836 2138 924 2185 est
955 2127 1088 2199 quia
1120 2135 1178 2182 et
1205 2124 1546 2192 sanetiﬁans,
1579 2123 1632 2179 id
1662 2131 1747 2179 est
1773 2119 2048 2188 Christus,

457 2235 516 2282 et
559 2221 924 2288 sanctilicati,
983 2234 1180 2275 omnes
1225 2233 1295 2275 ex
1346 2233 1479 2282 uno,
1534 2215 1750 2272 scilicet
1795 2230 1865 2271 ex
1913 2215 2048 2270 Deo.

457 2319 636 2385 Quam
659 2316 732 2371 ob
759 2328 982 2370 causam
1009 2326 1122 2366 non
1147 2309 1430 2366 erubescit
1455 2307 1582 2363 illos
1608 2307 1810 2363 fratres
1827 2320 2050 2372 vocare,

460 2409 654 2463 dicens
681 2421 696 2458 :
738 2421 758 2456 ι
804 2401 1052 2457 Narrabo
1082 2413 1286 2454 nomen
1309 2406 1465 2452 tuum
1493 2396 1766 2452 fratribus
1786 2395 1993 2463 meisb;
2022 2412 2045 2448 ι

458 2507 518 2555 et
566 2499 810 2553 iterum:
857 2512 876 2546 ι
921 2491 1060 2559 Quia
1101 2505 1236 2562 ergo
1286 2489 1445 2561 pueri
1495 2487 2054 2545 communicaverunt

460 2587 616 2643 carni
649 2594 708 2641 et
730 2581 1011 2654 sanguini,
1043 2591 1100 2637 et
1129 2581 1247 2652 ipse
1271 2579 1532 2636 similiter
1561 2579 1914 2650 partieipavit
1942 2579 2056 2634 eis-

462 2682 589 2735 dem
605 2688 653 2734 ο.
703 2695 725 2730 ι
767 2675 877 2732 Sed
910 2672 1166 2745 quamvis
1203 2688 1272 2728 ex
1312 2687 1424 2728 uno
1465 2686 1681 2738 omnes,
1721 2686 1834 2728 non
1855 2671 2053 2728 eodem

464 2771 660 2833 modo,
704 2767 800 2823 hic
845 2765 999 2822 enim
1039 2763 1399 2836 generatione
1451 2762 1804 2818 immaculata
1836 2771 1894 2819 et
1931 2763 2053 2818 sine

463 2860 742 2934 principio
774 2874 843 2915 ex
877 2857 974 2914 illo
1011 2866 1128 2925 est;
1167 2857 1246 2912 illi
1273 2864 1459 2912 autem
1487 2857 1770 2913 creatione
1799 2865 2051 2925 tantum;

465 2969 576 3010 non
603 2953 752 3009 enim
796 2950 1047 3022 ejusdem
1094 2958 1309 3006 naturae
1344 2961 1475 3006 sunt
1505 2951 1653 3006 filius
1681 2949 1834 3021 ﬁguli
1856 2960 1914 3006 et
1934 2965 2052 3018 vas,

2144 713 2248 758 νει,
2279 696 2372 749 τὸν
2409 694 2498 750 διά
2547 693 2648 764 μὲν
2685 693 2786 766 τὴν
2830 691 2995 762 φύσιν
3034 691 3165 746 ὅντα
3203 690 3522 762 ἄνθρωπον,
3552 689 3647 744 διὰ
3673 689 3730 743 δὲ

2143 789 2244 860 τὴν
2293 788 2456 858 λῆψιν
2517 785 2645 840 ὄντα
2690 785 2831 857 ὑπὲρ
2881 783 3192 856 ἄνθρωπον.
3243 784 3309 837 El
3345 781 3450 854 μὲν
3480 778 3580 836 οὖν
3609 799 3734 835 τινα

2145 881 2275 935 ὄντα
2303 877 2592 951 ἄνθρωπον
2641 877 2744 949 ἤδη
2777 877 3006 947 ὕστερον
3034 875 3229 930 ἔλαϐεν
3273 877 3304 930 6
3353 875 3512 940 Θεὸς,
3550 875 3735 939 καλῶς

2145 974 2356 1044 λέγεις·
2389 975 2439 1027 ει
2485 972 2543 1026 δὲ
2565 975 2634 1044 τῇ
2664 971 2827 1042 λήψει
2869 972 2965 1024 καὶ
3003 969 3144 1042 μετὰ
3193 970 3297 1041 τὴν
3345 968 3514 1038 λῆψιν
3541 967 3733 1040 ώράϐη

2145 1082 2230 1129 τις
2259 1063 2335 1118 ὢν
2362 1063 2460 1119 ἄνθ
2471 1081 2674 1136 ρωπος,
2704 1062 2824 1126 πῶς
2850 1079 2974 1115 τινα
3009 1060 3299 1132 ἄνθρωπον
3326 1059 3490 1114 ἔλαϐε
3525 1060 3738 1130 γυμνὸν

2147 1155 2410 1210 άτευκτον
2440 1155 2520 1209 ἔτι
2547 1157 2648 1227 τῆς
2688 1151 3052 1226 προσλήψεως
3089 1151 3254 1206 αὐτοῦ
3283 1169 3300 1219 ;
3333 1153 3383 1205 εἰ
3423 1152 3481 1206 δὲ
3511 1151 3605 1205 διὰ
3634 1153 3736 1221 τὴν

2148 1249 2312 1320 φύσιν
2339 1248 2628 1320 ἄνθρωπός
2657 1250 2773 1301 ἐστι
2793 1249 2860 1319 τῇ
2879 1246 3040 1317 φύσει
3064 1246 3158 1300 καὶ
3175 1245 3264 1300 διὰ
3287 1244 3386 1318 τὴν
3406 1244 3574 1315 λῆψιν
3596 1244 3739 1314 ὑπὲρ

2147 1341 2459 1414 ἄνθρωπον,
2499 1341 2601 1395 οὐκ
2626 1340 2758 1396 ἄλλο
2788 1358 2843 1395 τι
2891 1339 3010 1393 ἀλλ’
3036 1339 3208 1412 αὐτὴν
3259 1339 3360 1409 τὴν
3393 1337 3563 1409 φύσιν
3600 1337 3738 1390 πᾶν·

2146 1452 2257 1499 τως
2287 1433 2500 1505 ἐτράπη
2517 1433 2610 1488 οῦν
2638 1431 2736 1487 τοῦ
2768 1427 2910 1486 εἶναι
2941 1431 2972 1485 ὂ
3013 1426 3084 1504 ἦν
3111 1434 3176 1502 τῇ
3207 1430 3374 1500 φύσει
3398 1429 3488 1484 διὰ
3509 1429 3612 1501 τῆς
3635 1429 3736 1500 λή-

2147 1527 2296 1600 ψεως
2321 1542 2335 1557 ·
2361 1527 2416 1581 τι
2451 1522 2545 1580 οὖν
2573 1525 2829 1595 γέγονεν;
2866 1524 2904 1596 ἢ
2927 1523 3039 1596 γὰρ
3066 1523 3258 1594 ἕτερόν
3280 1541 3357 1590 τι,
3383 1522 3413 1576 ὂ
3435 1522 3558 1576 οὐδὲ
3577 1521 3735 1587 Θεὸς,

2148 1619 2271 1674 οὐδὲ
2302 1617 2595 1690 ἄνθρωπός
2642 1618 2762 1671 ἐστι
2783 1615 2846 1670 τὸ
2888 1615 3339 1688 προσλαϐόμενον
3383 1615 3557 1686 ἧγουν
3583 1630 3598 1644 ο
3624 1614 3738 1684 ἄρα

2149 1712 2246 1768 οὖν
2275 1711 2594 1782 καθ’ὗμᾶς,
2628 1711 2726 1765 καὶ
2785 1709 2949 1780 φύσις
2989 1710 3091 1780 μία
3153 1709 3276 1763 ἐστὶ
3328 1709 3578 1780 Χριστῷ.
3639 1708 3741 1763 καὶ

2149 1805 2289 1875 αὐτὴ
2338 1803 2493 1858 θεία·
2533 1804 2628 1857 καὶ
2679 1802 2985 1868 ὑπόστασις
3022 1802 3082 1858 at
3137 1801 3292 1873 αὐτῷ
3321 1801 3421 1872 μία
3448 1801 3738 1875 προδήλως

2150 1899 2248 1953 καὶ
2272 1896 2413 1970 αὐτὴ
2448 1896 2606 1957 Θεοῦ.

2718 2027 2972 2084 ΚΕΦᾹΛ.
3013 2025 3144 2084 KB’.

2221 2121 2538 2194 Γέγραπται
2566 2122 2651 2177 ὅτι
2682 2121 2778 2176 καὶ⁵
2802 2123 2831 2176 6
2857 2119 3124 2190 ἁγιάζων,
3166 2123 3338 2193 ἤγουν
3360 2118 3620 2192 Χριστὸς,
3644 2119 3741 2171 καὶ

2150 2215 2202 2268 oi
2230 2213 2608 2284 ἁγιαζόμενοι,
2642 2213 2703 2279 ἐξ
2734 2212 2853 2277 ἐνὸς
2883 2213 3113 2279 πάντες,
3132 2212 3338 2284 δηλαδὴ
3366 2213 3431 2266 ὲκ
3454 2210 3550 2265 τοῦ
3578 2210 3743 2264 Geo-3°

2151 2307 2221 2361 δι’
2258 2307 2331 2379 ἠν
2383 2306 2566 2361 αἰτίαν
2609 2306 2734 2360 οὐδὲ
2785 2305 3178 2377 ἐπαισχύνεται
3221 2306 3420 2368 αὐτοὺς
3475 2298 3743 2375 ἀδελφοὺς

2152 2399 2341 2455 καλεῖν
2361 2399 2556 2468 λέγων,
2581 2417 2600 2452 ι
2624 2398 2950 2468 Ἀπαγγελῶ
2968 2398 3028 2453 τὸ
3052 2399 3226 2472 ὄνομά
3250 2415 3344 2452 σου
3360 2401 3475 2462 τοῖς
3488 2397 3611 2453 ἅδε)
3620 2398 3743 2468 φοῖς

2157 2512 2262 2566 μου
2280 2510 2300 2528 ο
2326 2513 2346 2548 ι
2368 2497 2464 2550 καὶ
2480 2494 2665 2561 πάλιν,
2689 2513 2708 2546 ι
2731 2494 2888 2548 Ἐπεὶ
2909 2489 3004 2548 οὖν
3023 2493 3094 2548 τά
3117 2491 3308 2548 παιδία
3340 2489 3744 2562 κεκοινώνηκεν

2154 2589 2386 2657 αἵματος
2417 2587 2514 2642 καὶ
2555 2587 2779 2660 σαρκὸς,
2815 2586 2910 2640 καὶ
2956 2585 3120 2650 αὐτὸς
3163 2585 3567 2663 παραπλησίως
3609 2600 3744 2656 μετ-

2155 2681 2282 2752 έσχε
2314 2680 2425 2735 τῶν
2461 2679 2664 2735 αὐτῶν.
2692 2698 2712 2734 ι
2745 2679 2884 2733 Ἀλλ’
2911 2679 2962 2733 εἰ
2993 2678 3088 2734 καὶ
3108 2677 3170 2744 ἐξ
3211 2677 3331 2742 ἑνὸς
3370 2677 3594 2742 πάντες,
3625 2676 3745 2732 ἀλλ’

2153 2774 2252 2845 οὐχ
2289 2773 2580 2836 ὡσαύτως·
2609 2775 2638 2827 6
2673 2772 2774 2844 μὲν
2802 2773 2913 2844 γὰρ
2942 2773 3040 2827 καὶ
3068 2770 3321 2842 γεννήσει
3352 2771 3448 2824 καὶ
3487 2769 3747 2840 ἀκρᾶν-τῳ

2154 2869 2250 2922 καὶ
2278 2869 2503 2940 ἀνάρχῳ
2535 2867 2684 2920 ἐστὶν
2729 2865 2789 2932 ἐξ
2826 2864 3028 2920 αὐτοῦ’
3066 2867 3114 2920 οἱ
3141 2865 3201 2920 δὲ
3236 2865 3418 2919 κτίσει
3463 2865 3648 2936 μόνοι,
3677 2863 3744 2914 οὗ

2154 2959 2258 3030 τῆς
2294 2959 2467 3029 αὐτῆς
2496 2957 2556 3013 δὲ
2589 2955 2828 3027 φύσεως,
2863 2956 2892 3011 ὃ
2925 2973 2984 3010 τε
3036 2957 3152 3020 υἱὸς
3193 2955 3288 3009 τοῦ
3321 2955 3614 3027 κεραμέως
3644 2954 3748 3008 καὶ

464 3045 722 3117 quamvis
766 3052 998 3113 uterque
1039 3041 1108 3097 ab
1139 3042 1234 3097 illo
1261 3043 1497 3097 oriatur.
1527 3042 1760 3112 Insuper
1785 3039 1830 3097 si
1859 3055 2056 3098 creans

2165 3053 2188 3124 ἡ
2223 3052 2483 3122 στάμνος,
2539 3049 2717 3104 καίτοι
2745 3048 2805 3117 ἐξ
2831 3047 2998 3103 αὐτοῦ
3020 3047 3310 3118 γενόμενοι
3341 3046 3540 3118 ἄμφωο
3563 3046 3745 3110 ἄλλως

471 3149 524 3195 et
543 3138 716 3196 creati
741 3145 940 3192 natura
961 3135 1104 3192 inter
1120 3152 1179 3192 se
1197 3135 1484 3202 dill‘erunt,
1508 3135 1787 3207 quomodo
1805 3135 2055 3208 ejusdem

2165 3145 2213 3200 δὲ
2241 3144 2272 3198 6
2307 3143 2468 3215 φύσει
2511 3144 2778 3212 ἁγιάζων.
2811 3142 2908 3198 καὶ
2937 3142 2988 3196 οἱ
3019 3141 3183 3211 φύσει
3220 3139 3596 3211 ἁγιαζόμενοι,
3629 3140 3750 3202 πιῖις

467 3243 682 3288 naturae
743 3246 865 3286 esse
923 3238 1159 3302 possunt
1209 3229 1536 3285 naturaliter
1595 3227 1948 3286 sanetilicans
2000 3235 2058 3283 et

2165 3237 2453 3308 ὑμοφυεϊςς
2484 3236 2645 3308 εῐπερ
2682 3234 2759 3307 μὴ
2791 3235 2888 3290 καὶ
2919 3237 2948 3289 6
2972 3233 3177 3300 κτίζων
3206 3235 3300 3288 καὶ
3323 3237 3374 3288 οἱ
3408 3235 3745 3305 κτιζὸμενοι·

468 3323 798 3380 naturaliter
855 3321 1255 3378 sanctiﬁcatus.
1297 3321 1411 3378 Cur
1463 3336 1598 3379 vero
1640 3322 1841 3378 fratres
1917 3321 2044 3377 illos

2165 3331 2247 3385 διὰ
2277 3331 2330 3384 τί
2374 3330 2432 3384 δὲ
2477 3329 2571 3385 καὶ
2628 3329 2816 3385 καλεῖν
2873 3329 3072 3394 αὐτοὺς
3120 3328 3382 3398 ἀδελφοὺς
3429 3329 3532 3382 οὐκ
3591 3331 3755 3382 ἐπαι-

469 3430 669 3472 vocare
703 3429 816 3468 non
849 3411 1172 3469 erubescit?
1198 3413 1335 3480 Quis
1361 3413 1509 3468 enim
1539 3414 1721 3486 pudor
1747 3414 1835 3470 vel
1862 3413 2055 3470 existi-

2165 3424 2457 3496 σχύνεταις
2496 3423 2582 3488 τις
2634 3423 2746 3495 γὰρ
2804 3421 3034 3494 αἰσχύνη
3098 3423 3193 3476 καὶ
3257 3421 3627 3476 ὑποπτεύεται
3687 3423 3754 3476 ἑν

471 3524 656 3571 matur
705 3508 759 3562 in
805 3507 876 3562 iis
919 3507 1017 3580 qui
1061 3521 1290 3578 prorsus
1317 3507 1565 3578 ejusdem
1591 3515 1805 3563 natura:
1835 3514 1966 3562 sunt
1995 3521 2061 3562 ac

2165 3510 2463 3582 ὑμοονσίοις
2533 3510 2710 3581 πάντη
2777 3511 2874 3564 καὶ
2948 3509 3247 3581 ἰσοτίμοις
3303 3510 3338 3581 ἢ
3380 3510 3466 3576 τίς
3526 3510 3754 3574 ἔπαινος

469 3601 798 3673 dignitatis?
828 3602 924 3657 Vel
946 3617 1069 3672 quae
1096 3601 1218 3655 laus
1244 3599 1575 3654 humilitatis
1609 3599 1660 3654 ei
1689 3599 1788 3670 qui
1813 3597 2061 3670 seipsum

2165 3602 2663 3676 ταπεινοφροσύνης
2735 3601 2815 3674 τῷ
2894 3602 3152 3657 καλοῦντι
3228 3604 3460 3669 ἑαυτὸν,
3510 3603 3546 3658 ὃ
3589 3603 3758 3675 φῦσαι

470 3702 632 3748 vocat
660 3691 808 3763 quod
834 3701 985 3747 totus
1020 3701 1108 3746 est
1149 3690 1481 3746 naturaliter
1519 3689 1657 3746 nihil
1686 3691 1928 3762 amplius
1967 3691 2063 3746 ha-

2165 3698 2284 3764 ῦλος
2307 3697 2426 3752 ἐστὶ
2457 3696 2626 3769 μηδὲν
2655 3697 2818 3751 πλέον
2861 3697 3002 3768 ἔχων
3032 3695 3187 3751 τοῦδε
3212 3715 3227 3763 ;
3257 3697 3376 3753 οὐδὲ
3413 3698 3529 3770 γάρ
3550 3701 3579 3751 6
3609 3715 3755 3769 p.09-

473 3785 661 3840 bens?
704 3784 894 3854 Neque
935 3783 1084 3839 enim
1124 3783 1219 3852 qui
1264 3792 1478 3838 tantum
1518 3782 1852 3838 naturaliter
1887 3782 2063 3840 forma

2165 3791 2240 3862 φὴ
2291 3790 2479 3846 δούλου
2537 3790 2698 3864 φύσει
2767 3790 2846 3846 ὢν
2899 3791 3083 3863 μόνον,
3145 3791 3331 3845 δοῦλον
3388 3791 3582 3845 ἑαυτὸν
3653 3809 3762 3846 και

473 3874 622 3930 servi
644 3874 882 3940 exsistit,
908 3873 979 3928 ab
1014 3873 1162 3928 inani
1191 3871 1365 3944 gloria
1391 3873 1608 3928 alienus
1651 3879 1739 3928 est
1774 3872 2063 3929 habendus

2165 3883 2274 3937 λῶν
2321 3883 2792 3949 ἀκενόδοεοςοτις
2835 3881 2894 3936 δὲ
2941 3882 3200 3953 γνωμικὴ
3254 3880 3480 3952 ἐποίησε
3529 3883 3756 3952 cupatri-

473 3968 716 4038 seipsum
753 3983 974 4023 servum
1013 3981 1240 4021 vocans.
1265 3963 1398 4032 Quae
1423 3964 1729 4035 spiritualis
1759 3964 2069 4037 sympathia

474 4060 662 4130 pueris
680 4075 774 4130 qui
804 4057 1353 4114 communicaverunt
1376 4055 1836 4128 participantibus
1853 4057 2073 4112 carniet

475 4152 730 4223 sanguini
760 4161 980 4217 natura,
1029 4149 1370 4221 participare
1405 4148 1541 4204 fecit
1572 4165 1702 4204 eum
1745 4148 1845 4220 qui
1872 4158 2074 4204 natura

474 4253 533 4300 et
581 4244 697 4314 ipse
741 4257 971 4314 prorsus
1009 4242 1212 4297 similis
1235 4280 1251 4307 ,
1281 4250 1338 4296 et
1363 4255 1490 4295 cum
1517 4240 1775 4296 similiter
1799 4239 1986 4296 carnis
2016 4248 2073 4295 et

477 4333 766 4405 Sanguinis
805 4343 1026 4388 natura.
1063 4333 1180 4388 Etsi
1223 4346 1359 4388 vero
1388 4348 1500 4388 non
1525 4333 1714 4398 vellet,
1748 4334 1838 4388 vel
1885 4333 2078 4403 potius

477 4431 583 4486 etsi
631 4445 742 4484 non
804 4429 1227 4501 participarent,
1277 4442 1391 4483 non
1439 4427 1639 4484 fierent
1687 4427 1778 4483 isti
1831 4427 2074 4484 infantes

480 4539 711 4593 prorsus
750 4521 802 4576 ei
845 4519 1368 4586 consubstantiales,
1403 4519 1448 4576 si
1492 4519 1657 4576 Verbi
1705 4520 1930 4592 propria
1968 4533 2071 4574 na-

483 4625 606 4669 tura
653 4613 939 4683 particeps.
977 4613 1157 4668 factus
1209 4621 1296 4668 est
1345 4612 1531 4668 carnis
1583 4621 1642 4668 et
1697 4627 1810 4668 non
1863 4611 2068 4683 quivis.

2168 3975 2286 4030 θεια
2343 3975 2482 4048 πρὸς
2528 3977 2601 4029 τὰ
2647 3974 3090 4045 κεκοινωνηκότα
3137 3973 3326 4027 παιδία
3370 3974 3606 4045 αἵματος
3655 3976 3755 4028 καὶ

2170 4069 2373 4140 σαρκὸς
2412 4067 2598 4139 φύσει,
2649 4066 2744 4122 τὸν
2797 4068 2866 4139 τῇ
2910 4066 3072 4136 φύσει
3120 4065 3313 4120 ἑαυτὸν
3347 4066 3525 4137 πάντη
3564 4067 3762 4135 ὅμοιον

2168 4162 2266 4215 καὶ
2309 4160 2477 4216 αὑτὸν
2532 4157 2930 4231 παραπλησίως
2982 4157 3084 4230 τῆς
3125 4157 3328 4230 σαρκὸς
3377 4158 3473 4211 καὶ⁵
3516 4158 3760 4228 αἵματος

2171 4253 2333 4324 φύσει
2370 4254 2737 4323 κοινωνῆσαις
2779 4250 2898 4308 Κᾶν
2946 4251 3058 4324 γὰρ
3112 4253 3188 4325 μὴ
3236 4252 3508 4316 ἐϐούλετο,
3549 4253 3755 4323 μᾶλλον

2171 4345 2227 4400 δὲ
2255 4347 2349 4402 καὶ
2374 4347 2422 4399 ει
2457 4344 2532 4416 μὴ
2565 4347 2956 4418 ἐκοινώνησαν,
3024 4345 3164 4418 μηδὲ
3210 4345 3462 4414 ἐγένοντο
3485 4345 3627 4410 ὅλως
3664 4339 3758 4400 οἷ’»⁴
3821 4371 3826 4374 ·

2169 4454 2254 4492 τοι
2288 4439 2339 4492 οξ
2379 4438 2654 4510 ὁμοούσιοι
2675 4439 2866 4504 παῖδες
2896 4438 3033 4510 τῷδε
3055 4454 3072 4468 ο
3113 4439 3161 4492 ει
3198 4437 3341 4510 λόγῳ
3388 4440 3487 4511 τῆς
3545 4439 3756 4504 οἰκείας

2173 4530 2389 4603 φύσεως
2417 4533 2818 4602 κεκοινώνηκεν
2847 4533 3042 4602 αἵματι
3079 4533 3174 4587 καὶ
3205 4531 3389 4604 σαρκὶ,
3430 4532 3655 4595 πάντως
3689 4532 3757 4585 ἂν

2175 4624 2274 4678 καὶ
2306 4623 2468 4695 μόνος
2511 4623 2586 4678 ὢν
2633 4623 2811 4678 τοῖσδε
2861 4622 3188 4694 ἐκοινώνησε
3213 4639 3226 4653 ⁸
3258 4622 3427 4693 σαφὲς
3454 4618 3549 4677 οὗν
3577 4624 3672 4676 καὶ
3701 4625 3763 4679 ιν

481 4705 719 4763 Omnino
741 4705 894 4760 solus
922 4703 991 4758 iis
1016 4703 1384 4774 participavit.
1403 4703 1549 4760 Sane
1570 4704 1742 4776 igitur
1760 4705 1816 4760 in
1842 4705 1963 4760 istis
1976 4703 2063 4775 qui

2177 4718 2392 4782 τούτοις
2439 4719 2498 4772 τὸ
2552 4717 2830 4792 ὑπερφυὲς
2878 4720 3016 4789 ἡμῖν
3057 4717 3152 4770 τοῦ
3201 4716 3644 4787 καταδεξαμένον
3699 4716 3763 4770 τὸ

482 4811 567 4856 est
583 4814 751 4870 supra
780 4807 1030 4853 nostram.
1050 4805 1181 4852 natu
1191 4814 1303 4852 ram
1321 4799 1535 4869 accepit
1549 4799 1799 4854 eamdem
1821 4807 2076 4854 naturam

485 4894 580 4948 Dei
647 4890 1080 4952 humanisantis,
1117 4898 1176 4944 et
1221 4890 1500 4944 hominem
1555 4889 1937 4955 divinisantis,
1981 4889 2084 4960 qui

494 4986 728 5041 infantes
778 4984 863 5040 sui
897 4981 1071 5054 ipsius
1103 4991 1235 5038 sunt
1282 4982 1588 5038 secundum
1625 4997 1849 5038 carnem
1882 4985 2083 5038 fratres

485 5081 680 5136 dicens
699 5099 714 5135 :
739 5098 758 5131 ι
779 5079 920 5134 Ecce
941 5092 1042 5148 ego
1063 5075 1289 5148 etpueri
1311 5091 1454 5147 quos
1474 5075 1626 5131 dedit
1652 5076 1786 5131 mihi
1812 5075 2021 5142 Densi,
2053 5094 2074 5128 ι

488 5172 690 5228 deinde
729 5171 982 5242 quamvis
1015 5171 1319 5225 secundum
1353 5170 1765 5240 generationem
1797 5170 2074 5226 carnalem

492 5265 606 5319 illis
662 5273 748 5319 est
804 5263 1011 5328 frater,
1062 5273 1336 5332 quatenus
1386 5277 1455 5317 ex
1509 5263 1682 5317 Adam
1743 5264 2085 5333 proveniens

491 5355 672 5426 primo
708 5362 958 5422 parente,
997 5354 1053 5408 in
1100 5369 1343 5424 praesens
1374 5353 1659 5420 saeculum,
1696 5353 1792 5409 sed
1820 5355 2079 5410 similiter

501 5443 675 5515 ipsius
691 5458 896 5512 corpus
912 5459 977 5498 ex
1008 5445 1417 5500 resurrectione
1434 5460 1558 5500 cum
1575 5445 1794 5501 fecisset
1815 5447 2078 5517 spiritua-

492 5537 626 5592 liter
643 5544 949 5599 inortuum,
973 5546 1030 5591 ct
1058 5537 1110 5591 in
1136 5547 1388 5593 nostrum
1413 5537 1600 5592 cibum
1619 5538 1874 5610 praebens
1891 5549 1950 5594 ut
1971 5540 2086 5596 col-

494 5628 710 5684 locaret
746 5642 845 5696 per
869 5626 1046 5698 ipsum
1096 5628 1151 5682 in
1188 5627 1351 5683 nobis
1383 5628 1642 5683 virtutem
1674 5629 1986 5700 energicam
2016 5632 2086 5686 ad

495 5721 962 5777 resurrectionem
999 5729 1122 5790 post
1150 5731 1384 5774 mortem
1414 5719 1483 5774 ad
1509 5721 1855 5792 spiritualem
1886 5736 2086 5793 corpo-

498 5829 617 5867 ium
647 5812 1168 5878 revivilicationem,
1199 5812 1300 5883 ipsi
1332 5820 1529 5868 auctor
1557 5820 1642 5868 est
1668 5812 1723 5866 in
1747 5813 1908 5869 nobis
1927 5824 2082 5871 certe

565 5954 599 5995 Ἃ
633 5954 774 6008 l‘sal.
807 5971 915 6020 3m,
956 5953 1046 6009 ‘25.
1128 5962 1150 5992 ε
1192 5953 1356 6008 llcbr.
1407 5971 1467 6019 ιι,
1507 5953 1587 6007 ll.
1663 5950 1687 5991 (ι
1716 5949 1817 6004 lsa.
1871 5965 1984 6018 vtu,
2034 5953 2118 6008 18.

2175 4810 2415 4880 ὁμοφυὲς
2461 4810 2598 4880 ἡμῖν
2641 4808 2778 4863 Θεοῦ
2832 4808 3374 4881 ὲνανθρωπήσαντος,
3407 4811 3501 4862 καὶ
3535 4808 3628 4861 τὶν
3664 4808 3763 4862 ἇν-

2180 4901 2400 4974 Θρωπον
2456 4901 2871 4966 άποθεώσαντος
2900 4902 2958 4964 ὃς
2989 4901 3082 4955 καὶ
3129 4901 3318 4955 παιδία⁵
3361 4901 3520 4955 καλεί
3565 4899 3763 4953 τούσδε

2180 4995 2306 5060 τοὺς
2326 4994 2522 5050 ἑαυτοῦ
2553 4996 2694 5050 κατά
2712 4995 2892 5064 σάρκα
2920 4995 3210 5064 ἀδελφοὺς,
3223 4993 3420 5061 λέγων,
3447 5013 3465 5046 ι
3488 4993 3620 5048 Ἰδοὺ
3651 4992 3771 5063 ἐγὼ

2185 5088 2282 5142 καὶ
2307 5088 2376 5143 τὰ
2402 5089 2593 5143 παιδεα
2623 5089 2659 5145 ἆ
2689 5106 2782 5160 μοι
2815 5089 3016 5143 ἔδωκεν
3041 5091 3068 5142 ὁ
3096 5087 3231 5151 Θεός
3250 5103 3266 5118 ο
3293 5106 3316 5140 ι
3346 5087 3473 5140 ἐπεὶ
3500 5087 3557 5141 δὲ
3589 5089 3638 5140 ei
3668 5089 3768 5141 καὶ

2183 5179 2329 5234 κατὰ
2376 5180 2650 5253 σαρκικὴν
2707 5181 2963 5254 γέννησιν
3018 5179 3244 5249 ἀδελφός
3285 5180 3436 5234 ἐστιν
3475 5181 3659 5244 αὐτοῖς
3711 5180 3772 5246 ἐξ

2197 5270 2370 5341 ’Δδὰμ
2396 5270 2674 5343 προελθὼν
2703 5271 2799 5325 ⁴τοῦ
2851 5271 3202 5344 προπάτορος
3239 5272 3322 5334 εἰς
3346 5271 3497 5324 τόνδε
3551 5271 3645 5324 τὸν
3686 5270 3774 5323 ἔνο

2186 5363 2403 5418 εστῶτα
2434 5363 2628 5430 αἰῶνα,
2666 5363 2782 5418 ἀλλ’
2817 5364 2968 5436 ὅμως
3010 5362 3071 5416 τὸ
3102 5362 3297 5416 ἑαυτοῦ
3339 5363 3500 5432 σῶμα
3538 5361 3598 5428 ἐξ
3631 5364 3774 5416 ἁναο

2193 5455 2436 5520 στάσεως
2464 5456 2658 5529 νεκρὸν
2688 5459 3060 5528 πνευματικὸν
3087 5456 3343 5526 ποιήσας,
3371 5455 3464 5509 καὶ
3500 5454 3664 5507 τοῦτο
3693 5456 3776 5517 εἰς

2188 5546 2397 5615 τροφὴν
2428 5545 2560 5616 ἡμῖν
2588 5547 2854 5618 παρέχων
2877 5544 2980 5598 τοῦ
3004 5545 3238 5599 ἐνθεῖναι
3273 5545 3368 5599 καὶ
3406 5543 3642 5615 ἡμῖν.δι’
3674 5544 3776 5597 αὺ-

2188 5634 2281 5689 τοῦ
2343 5635 2576 5708 δύναμιν
2631 5639 2712 5702 εἰς
2767 5638 3064 5691 ἀνάστασιν
3131 5635 3271 5707 μετὰ
3317 5635 3421 5708 τὴν
3466 5636 3778 5706 νεκρότητα

2189 5728 2548 5800 ἐνεργητικὴν
2619 5727 3000 5799 πνευματικῆς
3056 5727 3327 5799 σωμάτων
3395 5727 3776 5786 ὰναὸιὼσεως.

2191 5818 2354 5884 αὐτὸς
2406 5819 2577 5885 αἴτιος
2623 5822 2753 5893 ἡμῖν
2793 5825 2908 5876 ἐστι
2955 5819 3142 5890 σαφῶς
3185 5819 3286 5891 τῆς
3336 5819 3550 5875 τοιᾶσδε
3590 5819 3649 5872 ὲν
3697 5816 3780 5888 τῷ
