4006 6538
297 440 407 503 745

1234 446 1631 508 ADVERSUS
1667 446 2222 511 NESTORIANOS.
2256 473 2318 497 ’-
2339 448 2488 510 LIB.
2525 450 2596 510 V.

3385 444 3521 505 1745

265 552 517 626 μέλλοντι
565 553 725 610 αἰῶνι
771 558 1151 633 πνευματικῆς
1183 557 1398 629 φύσεως
1432 562 1526 615 καὶ
1554 562 1843 634 ἀτελευτή-

1960 565 2117 633 hujus
2145 563 2204 619 in
2232 563 2421 619 futuro
2451 562 2654 619 saeculo
2688 559 2994 633 spiritualis
3028 569 3238 615 natura:
3267 569 3323 615 et
3348 568 3523 615 status

261 647 355 700 τὸυ
399 648 495 701 καὶ
543 647 821 720 ἀφθάρτου
886 652 1271 714 καταστάσεως
1310 654 1419 708 τῶν
1466 652 1561 709 νῦν
1601 648 1659 708 ἒν
1711 657 1843 726 ἡμῖν

263 736 522 808 φθαρτῶν
546 740 814 810 σωμάτων
829 759 843 772 ·
861 740 1038 813 τούτῳ
1063 759 1145 796 τοι
1169 744 1262 797 καὶ
1286 745 1501 815 εἴρηται
1522 738 1677 808 οὗτος
1696 742 1757 800 οὗ
1779 746 1848 800 τὰ

263 830 453 883 παιδία
473 830 663 900 ἐσμὲν,
686 833 876 905 Πατὴρ
907 832 999 886 τοῦ
1039 834 1327 904 μέλλοντος
1343 836 1539 902 αἰῶνος
1558 852 1571 866 ·
1606 837 1673 891 δι’
1703 839 1847 907 ἡμᾶς

261 922 372 993 γάρ
397 921 493 985 οὓς
516 924 826 996 ἀφθάρτους
848 927 1041 998 ἀνιστᾷ
1073 931 1471 998 πνευματικοῖς
1502 930 1720 1001 σώμασι
1751 932 1848 985 καὶ

263 1014 391 1076 τοὺς
418 1014 617 1079 τόπους
643 1017 736 1071 καὶ
767 1017 836 1069 τὰ
866 1019 995 1089 περὶ
1024 1020 1171 1089 ἡμᾶς
1199 1020 1376 1074 πάντα
1401 1020 1713 1091 κατάλληλα
1735 1024 1849 1086 τοῖς

266 1105 703 1177 ἰνδιαιτωμένοις
752 1110 847 1164 καὶ
900 1112 1254 1181 περιπολοῦσι
1306 1113 1400 1166 καὶ
1430 1113 1699 1169 διαϐιοῦσι
1754 1115 1850 1169 καὶ

266 1201 453 1263 ἁπλῶς
506 1200 1017 1272 ἐμπολιτευομένας
1055 1205 1260 1271 αὐτοῖς,
1313 1188 1564 1278 ἄφθαρτα
1604 1206 1850 1261 ἀποκαθ-

268 1292 450 1363 ίστησι
501 1291 762 1363 σώματα·
798 1294 879 1348 ὅτι
907 1294 1002 1348 καὶ
1042 1294 1180 1368 αὑτὴ
1217 1297 1251 1367 ἡ
1277 1296 1455 1361 κτίσις
1485 1297 1853 1368 ἐλευθερωθή-

269 1399 422 1437 σεται
461 1383 570 1437 ἀπὸ
610 1383 709 1455 τῆς
766 1385 1009 1449 δουλείας
1060 1388 1159 1457 τῆς
1210 1387 1417 1459 φθορᾶς
1455 1389 1535 1452 είς
1563 1387 1663 1459 τὴν
1685 1387 1845 1455 δόξαν

268 1476 366 1546 τῆς
391 1475 704 1549 ἐλευθερίας
733 1478 842 1532 τῶν
869 1477 1079 1533 τέκνων
1110 1479 1205 1532 τοῦ
1245 1479 1381 1534 Θεοῦ
1412 1481 1608 1534 τούτου
1639 1480 1733 1534 τοῦ
1761 1479 1854 1534 κα)⁸

265 1566 347 1629 ὡς
384 1566 674 1637 ἀνθρώπου
723 1568 951 1636 ἀδελφοῦ
983 1570 1076 1623 καὶ
1103 1569 1318 1642 Πατρὸς
1346 1570 1600 1639 λέγοντος
1620 1587 1635 1604 ο
1666 1590 1685 1624 ι
1718 1569 1850 1625 Ἰδοὺ

270 1656 382 1728 ἐγὼ
416 1661 513 1714 καὶ
540 1658 609 1714 τὰ
636 1660 823 1715 παιδία
856 1660 894 1715 ἆ
925 1679 1015 1730 μοι
1046 1660 1248 1717 ἔδωκεν
1268 1664 1295 1717 6
1320 1664 1472 1727 Θεός.
1501 1682 1520 1717 ι

854 1799 1105 1893 ΚΕΦΑΛ.
1146 1840 1275 1894 xr'.

1947 656 2067 711 sine
2102 653 2209 709 (ine
2235 663 2292 709 et
2321 655 2441 710 sine
2471 656 2826 725 corruptione
2851 669 3144 725 corporum
3176 652 3395 706 nuncin
3429 669 3528 706 no-

1947 747 2033 803 bis
2084 747 2559 817 corruptibilium.
2609 746 2739 823 Ideo
2786 748 2951 802 etiam
3002 748 3049 802 is
3092 748 3248 817 cujus
3290 745 3528 799 infantes

1947 856 2139 896 sumus
2167 840 2373 895 dicitur
2392 840 2556 894 Pater
2573 839 2744 894 futuri
2775 839 2980 900 saeculi,
3011 848 3237 907 propter
3262 852 3364 891 nos
3387 852 3527 905 quos

1948 931 2241 987 suscitabit
2284 930 2737 1002 incorruptibiles
2767 930 2822 984 in
2853 929 3238 999 spiritualibus
3274 926 3527 996 corpori-

1951 1025 2075 1090 bus,
2105 1034 2163 1080 et
2194 1025 2334 1087 loca,
2362 1031 2418 1079 et
2450 1024 2634 1078 omnia
2661 1024 2821 1078 nobis
2843 1022 3210 1077 convenienta
3235 1019 3529 1075 habitanti-

1950 1117 2075 1180 bus,
2127 1125 2184 1171 et
2233 1116 2584 1172 volventibus
2628 1123 2684 1171 et
2725 1114 3039 1170 viventibus
3086 1122 3143 1168 et
3195 1128 3421 1183 prorsus
3471 1127 3529 1165 ιιι

1950 1208 2168 1263 civibus
2198 1208 2423 1275 habitis,
2453 1223 2687 1278 corpore
2712 1208 2768 1262 in
2793 1207 2998 1262 unione
3024 1207 3367 1276 incorrupta,
3399 1203 3529 1274 quia

1950 1312 2009 1357 et
2054 1301 2172 1371 ipsa
2220 1302 2431 1356 creatio
2463 1301 2793 1356 liberabitur
2828 1315 2857 1354 a
2896 1300 3163 1356 servitute
3224 1298 3420 1353 mortis
3467 1296 3527 1351 in

1952 1396 2181 1466 gloriam
2215 1395 2490 1451 libertatis
2532 1394 2773 1449 ﬁliorum
2820 1393 2961 1448 Deiﬁ
2998 1392 3158 1448 istius
3190 1391 3286 1463 qui
3327 1390 3532 1446 dicitur

1953 1488 2195 1542 hominis
2227 1487 2397 1542 frater
2423 1495 2481 1543 et
2516 1495 2693 1558 pater.
2739 1503 2758 1536 ι
2800 1484 2941 1541 Ecce
2973 1500 3075 1555 ego
3105 1492 3165 1540 et
3197 1483 3355 1555 pueri
3393 1497 3532 1552 quos

1954 1579 2107 1635 dedit
2146 1579 2280 1635 milii
2316 1580 2482 1635 Deus.
2530 1598 2548 1631 ι

2550 1842 2701 1899 CAP.
2743 1841 2933 1897 XXIII.

264 1910 313 1979 Ἰ
341 1927 405 1982 Ei
438 1926 601 1992 αὐτὸς
630 1929 659 1982 6
680 1928 739 1983 ἐν
755 1932 937 2002 μορφῇ
966 1931 1102 1986 Θεοῦ
1133 1933 1396 2005 ὑπάρχων
1420 1953 1441 1988 ι
1470 1933 1847 2006 Ἐταπεινὼθη

2022 1934 2080 1992 Si
2125 1936 2218 1993 ille
2247 1936 2344 2007 qui
2370 1936 2670 1992 exsistebat
2714 1935 2770 1990 in
2820 1936 2998 1991 forma
3021 1932 3116 1989 Dei
3146 1951 3167 1985 ι
3214 1931 3534 1989 llumiliavit

272 2019 516 2085 κενώσας
564 2020 759 2076 ἑαυτὸν
798 2024 881 2087 είς
911 2024 1013 2095 τὴν
1049 2024 1146 2078 τοῦ
1189 2024 1376 2081 δούλου
1422 2026 1661 2098 μορφὴν,
1694 2021 1850 2090 οὗτός

273 2115 421 2168 ἔστιν
452 2115 481 2167 6
504 2113 899 2186 ὑπερυψωθεὶς,
928 2117 1024 2171 καὶ
1052 2111 1097 2185 ᾧ
1124 2117 1417 2189 ἐχαρίσατο
1452 2119 1481 2171 6
1517 2116 1652 2180 Θεὸς
1680 2116 1854 2188 ὄνομα

271 2206 335 2259 τὸ
381 2206 526 2275 ὑπὲρ
554 2208 662 2261 πᾶν
708 2207 901 2279 ὄνομα.
940 2228 959 2262 ι
984 2209 1094 2281 ἄρα
1115 2227 1179 2279 γε
1210 2210 1240 2263 ὅ
1270 2210 1413 2265 κατὰ
1452 2210 1618 2279 φύσιν
1650 2205 1794 2280 εἶχεν
1822 2212 1852 2264 6

273 2297 465 2367 Λόγος,
516 2298 745 2369 ὕστερον
790 2300 934 2355 κατὰ
985 2302 1149 2373 χάριν
1189 2300 1368 2372 ἔσχεν.
1409 2300 1552 2355 Ἀλλ’
1596 2302 1645 2355 εί
1692 2301 1791 2372 μὲν
1822 2302 1852 2356 6

273 2390 437 2455 αὐτός
465 2391 625 2446 ἐστιὸ
654 2391 777 2445 καθ’
805 2392 1003 2463 ἑτέραν
1043 2394 1142 2464 μὲν
1174 2395 1284 2449 τῶν
1309 2394 1479 2449 αὑτοῦ
1507 2394 1727 2465 φύσεων
1757 2413 1852 2450 κε-

274 2481 469 2546 νωθεὶς
506 2484 587 2546 είς
611 2483 711 2554 τὴν
737 2483 897 2553 φύσει
937 2485 1137 2554 δούλην
1165 2486 1584 2559 άνθρωπότητα,
1616 2487 1854 2557 ὑψωθεὶς

268 2572 332 2626 δὲ
362 2572 462 2643 τὴν
489 2573 685 2643 ἑτέραν
727 2574 809 2634 είς
858 2573 959 2646 τὴν
1001 2574 1164 2645 φύσει
1191 2574 1562 2640 δεσπόζουσαν
1596 2576 1851 2647 θεότητα,

272 2666 382 2734 ἄρα
424 2681 490 2734 γε
537 2664 641 2736 τῆς
681 2663 1067 2731 ταπεινώσεως
1120 2666 1333 2739 ἑτέρου,
1392 2668 1565 2739 ἑτέρῳ
1601 2670 1629 2722 6
1663 2668 1855 2739 μισθὸς

275 2757 598 2813 ἀποδέδοται
626 2757 837 2828 ἀλόγως
868 2776 928 2813 τε
963 2759 1061 2815 καὶ
1088 2760 1289 2825 ἀδίκως
1307 2776 1322 2792 ·
1355 2760 1495 2832 πλὴν
1524 2763 1557 2832 ἠ
1589 2761 1858 2816 ταπείνω-

276 2865 386 2915 σις,
422 2849 520 2903 καὶ
545 2850 666 2905 καθ’
694 2850 838 2915 ὑμᾶς
865 2849 960 2905 τοῦ
1000 2851 1175 2922 Λόγου
1212 2851 1393 2905 ἐστίν*
1427 2851 1568 2924 αῦτη
1597 2852 1654 2906 δὲ
1692 2850 1857 2923 μέχρι

272 2939 535 3004 θανάτου,
569 2939 667 2994 καὶ
719 2939 953 2995 θανάτου
1004 2939 1239 3011 σταυροῦ
1289 2942 1505 3013 εἴρηται
1547 2941 1853 3013 προῦἧναν

275 3031 370 3086 τοῦ
412 3032 589 3101 Λόγου
633 3032 742 3105 ἄρα
779 3032 888 3088 ἰδία
925 3033 1097 3104 χωρὶς
1130 3033 1405 3105 σαρκικῆς
1447 3034 1729 3104 συμφυΐας
1759 3036 1858 3088 καὶ

276 3124 376 3194 τῆς
400 3125 624 3180 οίασοῦν
659 3126 1113 3189 συνυποστὰσεως
1146 3124 1342 3198 ἑτέρας
1373 3125 1563 3192 οὐσίας
1596 3128 1666 3181 τά
1709 3126 1860 3197 πάθη

277 3217 371 3270 καὶ
400 3217 491 3271 τὸν
516 3217 744 3274 θάνατον
781 3214 918 3272 εἶναι
948 3219 1227 3287 συνάγετε.

862 3329 1112 3385 ΚΕΦΑΛ.
1152 3331 1281 3385 KA'.

348 3421 483 3478 Θεὸν
534 3420 712 3485 οὐδεὶς
756 3419 968 3491 ἑώρακε
1011 3420 1269 3474 πώποτεσ
1311 3421 1362 3475 εί
1394 3419 1486 3475 οὖν
1542 3421 1571 3476 6
1614 3421 1710 3475 ἐπὶ
1757 3422 1865 3492 γῆς

270 3514 483 3584 ὀφθεὶς,
515 3506 577 3567 οὗ
599 3513 699 3585 τὴν
729 3513 887 3578 δόξαν
911 3513 1205 3568 ἐθεάσαντο
1233 3514 1311 3578 ὡς
1339 3513 1681 3582 Μονογενοῦς
1708 3514 1863 3586 παρὰ

280 3606 515 3676 Πατρὸς.
559 3605 723 3668 αὐτός
769 3607 917 3659 ἐστιν
964 3606 992 3658 6
1042 3604 1206 3673 φύσει
1237 3604 1393 3669 Θεὸς,
1429 3604 1546 3669 πῶς
1579 3605 1778 3676 ἀληθὲς
1801 3605 1864 3659 τὸ

278 3693 855 3765 προομολογούμενονς
911 3693 1106 3747 Καίτοι
1156 3692 1229 3747 τὰ
1255 3695 1577 3765 ὲπαγόμενα
1604 3694 1865 3765 διασαφεῖ

274 3787 353 3850 ὡς
397 3786 558 3850 αὑτός
602 3787 797 3841 ὲστινὸ
826 3803 886 3840 τε
930 3785 1093 3854 φύσει
1130 3786 1238 3856 ἰδία
1280 3786 1531 3857 ἀόρατος,
1563 3788 1658 3840 καὶ
1698 3787 1863 3859 σαρκὶ

282 3878 391 3950 ἰδίᾳ
414 3878 607 3950 ὁρατὸς
640 3879 774 3950 ἡμῖν
793 3893 806 3908 ’
843 3878 1057 3949 εἴρηται
1085 3876 1193 3950 γὰρ
1219 3878 1302 3932 ὅτι
1329 3879 1463 3932 αὐτὸ
1485 3877 1646 3933 τοῦτο
1670 3878 1729 3931 τὸ
1755 3896 1865 3949 μη-

275 3970 406 4024 δένα
435 3971 743 4042 ἑωρακέναι
772 3970 925 4035 Θεὸν,
954 3972 983 4025 6
1010 3970 1307 4042 μονογενὴς
1342 3971 1473 4035 Υίὸς
1502 3972 1531 4025 6
1559 3970 1634 4026 ὢν
1664 3974 1744 4036 είς
1771 3972 1865 4025 τὸν

278 4063 481 4119 κόλπον
527 4063 623 4117 τοῦ
676 4063 912 4135 Πατρὸς,
962 4063 1128 4128 αὐτὸς
1173 4062 1519 4134 ἐξηγήσατο·
1557 4064 1617 4118 οὐ
1679 4063 1863 4135 μέντοι

274 4156 365 4208 ὃτι
402 4154 499 4208 καὶ
545 4152 700 4225 ὤφθη
747 4151 1096 4222 ἐθεασάμεθα
1141 4170 1225 4217 τε,
1256 4154 1316 4207 οὐ
1347 4156 1449 4224 τὴν
1483 4153 1648 4223 φύσιν
1694 4152 1863 4208 αὐτοῦ

278 4247 385 4317 ἔφη
406 4263 420 4277 ο
462 4245 622 4317 δῆλον
650 4244 784 4316 γὰρ,
820 4245 905 4299 ὅτι
939 4245 1037 4300 καὶ
1065 4246 1093 4297 6
1127 4245 1255 4309 Υἱὸς
1277 4245 1525 4317 ὁμοφυὴς
1545 4244 1624 4317 τῷ
1645 4244 1864 4318 ἀοράτῳ

282 4339 460 4411 Πατρῒ⁵
486 4337 586 4410 τὴν
623 4338 808 4407 φύσιν,
842 4338 980 4393 ἀλλὰ
1018 4340 1119 4408 τὴν
1152 4337 1313 4405 δόξαν
1345 4338 1534 4404 αὐτοῦ,
1566 4339 1660 4393 καὶ
1701 4338 1863 4410 τήνδε

280 4431 340 4486 οὐ
386 4432 484 4503 τῆς
525 4431 764 4502 φυσικῆς
812 4425 979 4497 ἀξίας
1016 4431 1153 4486 ἀλλὰ
1187 4431 1289 4501 τῆς
1316 4431 1575 4502 σχετικῆς
1603 4430 1741 4502 πρὸς
1772 4430 1862 4485 τὸν

280 4525 414 4579 ἴδιον
449 4524 669 4595 Πατέρα
703 4524 909 4590 τάξεως
928 4538 946 4555 ο
974 4506 1109 4595 φησὶ
1128 4525 1237 4596 γὰρ
1256 4526 1340 4580 ὅτι
1368 4543 1386 4577 ι
1411 4524 1549 4589 Δόξα
1576 4525 1651 4587 ὡς
1680 4526 1861 4582 Move»

1950 2030 2309 2101 semetipsum
2334 2030 2656 2086 exinaniens
2686 2030 2740 2084 in
2767 2029 3000 2084 formam
3022 2026 3189 2092 servi,
3215 2025 3310 2080 ille
3326 2034 3413 2081 est
3436 2039 3532 2079 su-

1951 2121 2342 2191 pcrexaltatus,
2374 2130 2433 2177 et
2465 2119 2618 2175 dedit
2653 2119 2730 2173 illi
2748 2119 2895 2173 Deus
2922 2130 3121 2172 nomen
3152 2114 3298 2186 quod
3327 2122 3413 2168 est
3439 2129 3533 2167 su-

1950 2226 2052 2280 per
2069 2226 2233 2266 omne
2250 2227 2473 2277 nomen,
2499 2231 2516 2261 ι
2541 2211 2705 2282 igitur
2721 2209 2869 2280 quod
2896 2223 2994 2279 per
3012 2216 3264 2263 naturam
3295 2204 3535 2259 habebat

1952 2300 2218 2367 Verbum,
2268 2302 2502 2358 ulterius
2546 2316 2646 2372 per
2698 2301 2929 2373 gratiam
2978 2298 3191 2353 habuit.
3237 2295 3345 2352 Sed
3373 2295 3418 2350 si
3443 2294 3536 2350 ille

1952 2405 2037 2451 est
2099 2394 2194 2465 qui
2255 2392 2561 2450 secundum
2632 2393 2860 2449 alteram
2919 2405 3146 2447 suarum
3212 2396 3537 2442 naturarum

1952 2486 2273 2542 exinanitus
2324 2486 2381 2541 in
2420 2485 2744 2541 servitutem
2788 2484 3108 2547 humanam,
3151 2480 3401 2535 elevatus
3442 2494 3539 2546 per

1952 2575 2183 2631 alteram
2226 2576 2284 2630 in
2314 2573 2563 2629 divinum
2611 2571 3017 2645 magisterium,
3055 2570 3223 2641 igitur
3254 2568 3539 2623 humilitas

1953 2678 2022 2718 ex
2058 2679 2168 2717 una
2212 2673 2388 2733 parte.
2416 2663 2592 2718 Alteri
2625 2662 2913 2733 praemium
2945 2661 3109 2716 datur
3158 2660 3281 2716 sine
3325 2659 3539 2713 ratione

1954 2766 2010 2812 et
2042 2757 2250 2829 iustitia
2268 2764 2465 2826 pratter
2507 2755 2899 2819 humilitatem,
2947 2763 3004 2809 et
3047 2753 3194 2824 apud
3237 2767 3335 2806 vos
3374 2751 3540 2805 Verbi

1954 2859 2063 2915 est,
2106 2850 2204 2904 sed
2244 2849 2529 2903 humilitas
2556 2863 2729 2917 usque
2757 2846 2823 2900 ad
2860 2855 3093 2900 mortem
3125 2854 3180 2899 et
3208 2853 3442 2897 mortem
3482 2850 3543 2894 ut

1956 2942 2143 2998 crucis
2178 2941 2385 2997 dicitur
2414 2939 2760 3011 produxisse.
2797 2938 2963 2994 Verbi
3003 2952 3137 3006 ergo
3164 2934 3395 3007 propria
3424 2932 3543 2987 sine

1958 3036 2165 3092 carnali
2217 3044 2415 3090 natura
2458 3044 2516 3091 et
2555 3034 2679 3106 pari
2734 3030 3328 3089 consubstantialitatis
3371 3032 3543 3084 altera

1960 3128 2285 3185 substantia:
2313 3127 2597 3199 passiones
2626 3132 2683 3182 et
2710 3134 2945 3182 mortem
2970 3139 3093 3181 esse
3121 3122 3330 3194 eligite.

2569 3332 2721 3389 CAP.
2760 3329 2952 3387 XXIV.

2032 3428 2206 3483 Deum
2232 3441 2396 3482 nemo
2437 3440 2683 3496 unquam
2724 3424 2884 3490 vidit,
2927 3423 2975 3480 si
3015 3436 3148 3478 vero
3176 3421 3329 3476 visus
3368 3430 3452 3475 est
3485 3417 3542 3472 in

1964 3527 2131 3584 terra,
2168 3518 2327 3590 cujus
2353 3518 2581 3588 gloriam
2611 3516 2872 3572 viderunt
2894 3513 3049 3585 quasi
3085 3512 3343 3585 Unigenti
3375 3527 3406 3566 a
3435 3513 3540 3567 Pa-

1966 3621 2070 3677 tre,
2100 3611 2217 3682 ipse
2236 3617 2323 3666 est
2349 3618 2548 3665 natura
2568 3610 2734 3665 Deus.
2755 3607 3041 3674 Quomodo
3066 3621 3258 3662 verum
3285 3604 3391 3660 erit
3420 3619 3547 3659 ver-

1962 3701 2094 3755 bum
2125 3715 2294 3771 supra
2322 3700 2657 3772 allegatum?
2686 3698 2896 3753 Tamen
2940 3696 3229 3768 sequentia
3270 3695 3550 3768 explicant

1964 3793 2113 3863 quod
2160 3793 2279 3863 ipse
2322 3802 2408 3848 est
2449 3792 2676 3863 propria
2712 3801 2908 3846 natura
2944 3789 3260 3853 invisibilis,
3296 3795 3354 3844 et
3382 3802 3550 3843 carne

1964 3885 2191 3955 propria
2212 3883 2446 3939 visibilis
2468 3883 2648 3938 nobis.
2673 3883 2791 3938 Non
2807 3881 3034 3947 dicitur,
3058 3879 3549 3952 quodilludipsum

1964 3976 2243 4030 neminem
2275 3974 2482 4031 vidisse
2525 3975 2741 4039 Deum,
2764 3972 3084 4044 unigenitus
3119 3972 3292 4027 Filius
3336 3971 3432 4040 qui
3464 3978 3551 4025 est

1965 4069 2020 4125 in
2036 4068 2160 4125 sinu
2174 4068 2373 4133 Patris,
2392 4067 2512 4139 ipse
2540 4065 2751 4131 docuit,
2777 4082 2890 4121 non
2914 4077 3100 4121 tamen
3127 4064 3276 4135 quod
3305 4063 3459 4119 visus
3481 4061 3553 4117 sit

1930 4216 1933 4217 ν
1965 4160 2150 4217 mirati
2174 4174 2385 4225 sumus,
2421 4173 2532 4213 non
2564 4166 2823 4213 naturam
2854 4157 2976 4228 ejus
3006 4156 3166 4212 dixit.
3196 4154 3444 4212 Evidens
3468 4161 3555 4210 est

1964 4266 2098 4323 ergo
2147 4249 2313 4321 quod
2347 4249 2493 4305 (ilius
2535 4248 2916 4307 connaturalis
2949 4247 3255 4303 secundum
3299 4254 3555 4300 naturam

1964 4343 2231 4400 invisibili
2261 4343 2432 4409 Patri,
2468 4341 2565 4399 sed
2596 4356 2697 4413 per
2724 4341 2955 4413 gloriam
2985 4356 3095 4396 non
3125 4339 3415 4411 dignitatis
3456 4354 3553 4392 na-

1968 4438 2182 4502 turalis,
2213 4436 2312 4492 sed
2342 4435 2555 4492 ordinis
2588 4434 2815 4489 relative
2855 4432 2926 4488 ad
2971 4434 3261 4503 pr0prium
3307 4432 3553 4486 Patrem.

1966 4529 2111 4584 Dicit
2156 4528 2302 4582 enim
2354 4526 2485 4596 quia
2541 4544 2561 4578 ι
2623 4524 2810 4580 Gloria
2853 4523 3013 4595 quasi
3063 4522 3346 4594 Unigcniti
3384 4538 3413 4576 a
3455 4523 3560 4576 Pa-

280 4617 472 4686 γενοῢς
494 4619 646 4688 παρὰ
661 4617 875 4688 Πατρός
894 4633 909 4649 ⁸
931 4637 950 4670 ι
972 4617 1001 4668 6
1015 4618 1071 4671 δὲ
1095 4637 1113 4669 ι
1141 4617 1268 4670 Ἐπὶ
1280 4617 1384 4687 γῆς
1401 4616 1587 4688 ὀφθεὶς
1610 4636 1629 4669 ι
1649 4619 1744 4673 καὶ
1767 4620 1857 4674 λα-

1975 4617 2121 4673 ιτθί.
2152 4636 2171 4669 ι
2202 4617 2305 4683 Qui
2334 4630 2468 4672 vero
2503 4635 2521 4668 ι
2558 4616 2711 4671 visus
2740 4624 2826 4671 est
2855 4614 2910 4679 in
2937 4614 3144 4669 terris8
3186 4632 3205 4667 ι
3243 4622 3300 4668 et
3328 4613 3561 4683 loquens

283 4709 389 4763 λῶν
419 4710 673 4773 ἀπλανῶς
704 4710 878 4779 λέγων
893 4726 939 4762 ἰ
962 4708 1108 4778 Ἐγὼ
1138 4710 1234 4763 καὶ
1250 4710 1278 4762 6
1316 4709 1505 4780 Πατὴρ
1527 4710 1588 4765 ἓν
1610 4713 1782 4781 ὲσμεν
1803 4731 1817 4745 ·
1840 4733 1861 4768 ι

284 4800 400 4869 καὶ,
421 4818 439 4852 ι
464 4800 522 4853 '0
537 4799 797 4872 ἑωρακὼς
812 4800 933 4869 ἐμὲ,
955 4797 1166 4869 ἑώρακε
1184 4798 1275 4852 τὸν
1294 4799 1534 4869 Πατέρα·
1559 4818 1577 4851 ι
1602 4800 1662 4853 οὐ
1680 4801 1869 4870 σαφῶς

283 4894 433 4965 δηλοί
470 4894 552 4947 ὃτι
579 4896 607 4947 6
640 4894 715 4962 μὴ
754 4894 962 4946 ἐκεῖνον
997 4892 1131 4962 όρᾷν
1164 4890 1463 4962 δυνάμενος
1503 4891 1622 4946 οὐδὲ
1647 4892 1860 4961 τοῦτον,

282 4987 517 5055 ἀόρατος
541 4985 651 5058 ἄρα
681 4986 901 5055 θεότητι
923 5000 936 5014 ⁸
970 4986 1165 5056 ὁρατὸς
1214 4984 1595 5057 ἁνθρωπότητι
1627 4986 1864 5057 Χριστὸς

282 5078 315 5130 6
339 5075 470 5141 Θεὸς
503 5077 598 5131 καὶ
629 5076 732 5131 οὐκ
759 5075 1069 5145 ἄνθρωπος.

852 5188 1109 5241 ΚΕΦΑΛ.
1152 5185 1283 5239 KE’.

360 5281 422 5334 Et
450 5279 630 5334 πάντα
661 5278 960 5333 οἰκειοῦται
991 5279 1059 5332 τὰ
1098 5279 1197 5347 τῆς
1239 5278 1440 5347 σαρκὸς
1474 5277 1585 5333 τδια
1610 5278 1640 5331 6
1673 5277 1866 5346 Λόγος,

289 5374 381 5426 καὶ
409 5373 629 5426 πάντων
663 5371 894 5441 ἠξίωται
920 5370 1029 5424 τῶν
1061 5370 1156 5423 τοῦ
1192 5370 1366 5438 Λόγου
1392 5372 1424 5441 ἡ
1456 5371 1618 5441 σὰρξ,
1656 5371 1768 5442 ἄρα
1802 5386 1865 5438 γε

288 5466 385 5518 καὶ
416 5465 478 5518 τὸ
509 5463 566 5532 ἐξ
597 5463 699 5517 οὐκ
737 5464 908 5518 ὄντων
947 5459 1088 5517 εἶναι
1131 5463 1160 5516 ὃ
1210 5464 1327 5517 ἐστι
1352 5464 1451 5533 τῆς
1480 5463 1682 5531 σαρκὸς
1708 5480 1869 5532 φυσι-

1966 4716 2156 4779 aperte
2205 4708 2381 4763 dicit:
2420 4728 2438 4761 ι
2478 4708 2591 4778 Ego
2618 4717 2674 4762 et
2706 4708 2864 4762 Pater
2891 4722 3062 4761 unum
3097 4705 3354 4770 sumush,
3404 4724 3422 4756 ι
3463 4711 3558 4759 et:

1966 4800 2069 4868 Qui
2106 4800 2262 4856 videt
2300 4816 2444 4866 esse,
2485 4799 2634 4854 videt
2665 4809 2722 4855 et
2754 4800 2973 4879 Patrem
2998 4801 3043 4864 ί,
3076 4819 3095 4852 ι
3136 4814 3248 4853 non
3274 4796 3564 4851 evidenter

1966 4894 2212 4950 ostendit
2254 4893 2402 4963 quod
2460 4892 2555 4964 qui
2603 4909 2714 4948 non
2760 4900 2943 4963 potest
2984 4893 3175 4947 videre
3219 4890 3407 4953 illum,
3462 4901 3566 4941 nec

1967 4986 2156 5054 istum,
2192 5001 2317 5040 nam
2359 4984 2661 5041 invisibilis
2690 5000 2792 5056 per
2817 4984 3166 5039 divinitatem
3189 4980 3431 5037 visibilis
3463 4994 3565 5049 per

1973 5079 2372 5135 immanitatem
2404 5077 2664 5135 Christus
2693 5079 2837 5133 Deus
2864 5087 2919 5132 et
2946 5094 3056 5131 non
3100 5077 3287 5132 homo.

2589 5186 2741 5243 CAP.
2794 5187 2961 5243 XXV.

2044 5282 2103 5338 Si
2121 5281 2305 5338 omnia
2332 5280 2551 5351 propria
2567 5280 2751 5335 carnis
2773 5280 2877 5335 sibi
2898 5278 3278 5350 appropriavit
3301 5280 3562 5349 Verbum,

1972 5381 2031 5429 et
2054 5372 2305 5428 omnium
2338 5371 2506 5426 Verbi
2556 5370 2780 5441 dignata
2824 5380 2908 5426 est
2944 5385 3104 5438 caro,
3154 5381 3304 5427 certe
3343 5388 3411 5428 ex
3454 5390 3565 5427 non

1977 5463 2379 5519 exsistentibus
2405 5477 2527 5517 esse
2563 5462 2710 5532 quod
2737 5470 2937 5517 natura
2960 5463 3149 5518 carnis
3173 5471 3280 5529 est,
3304 5473 3359 5519 et
3392 5474 3569 5518 mula-

288 5559 419 5612 κόν·
454 5559 548 5611 καὶ
597 5557 659 5611 τὸ
702 5558 937 5626 τρεπτὸς
974 5552 1113 5610 εἶναι
1157 5558 1251 5611 καὶ
1296 5558 1489 5630 ὁρατὸς
1519 5553 1660 5610 εἶναι
1691 5557 1787 5609 καὶ
1813 5555 1857 5607 τί

1982 5553 2174 5617 bilem,
2201 5560 2258 5607 et
2281 5551 2554 5606 visibilem
2584 5561 2643 5606 et
2682 5552 2984 5610 adhaerere.
3034 5553 3090 5609 Si
3118 5570 3253 5609 vero
3300 5556 3415 5609 haec
3444 5553 3570 5623 quis

290 5649 672 5720 περιέχεσθαι·
702 5651 751 5703 εἰ
785 5649 842 5701 δὲ
885 5650 981 5703 καὶ
1011 5650 1185 5705 ταῦτά
1226 5667 1312 5713 τις
1345 5648 1485 5721 δοίη,
1526 5649 1643 5712 πῶς
1691 5649 1787 5703 καὶ
1840 5649 1857 5700 i

1985 5645 2255 5711 dedisset,
2312 5643 2594 5715 quomodo
2644 5658 2773 5699 caro
2829 5647 3239 5701 contrariorum
3294 5646 3569 5717 particeps

290 5740 427 5812 σὰρξ
451 5741 557 5794 τῶν
580 5740 839 5794 ἐναντίων
872 5740 1282 5813 gemmeam;
1322 5740 1387 5793 Ἥ
1419 5740 1527 5812 γάρ
1551 5738 1746 5811 ὁρατὴ,
1778 5739 1857 5792 οὺι

1986 5739 2281 5794 erit?Nam
2318 5746 2403 5792 est
2434 5737 2690 5803 visibilis,
2716 5752 2827 5792 non
2861 5737 3183 5805 invisibilis;
3214 5747 3298 5794 est
3328 5736 3572 5793 mutabi-

358 5883 571 5939 ﬂlom.
611 5900 723 5944 \‘lll.
759 5884 848 5939 2|.
933 5884 1134 5940 fJoan.
1171 5901 1208 5952 ι,
1250 5884 1334 5940 18.
1416 5883 1700 5939 SBarueh.
1732 5899 1817 5949 ιιι,

2038 5881 2246 5938 ιιὶυιιιι.
2285 5898 2340 5949 x,
2385 5879 2476 5939 30.
2557 5881 2581 5920 ά
2607 5880 2766 5938 Joan.
2804 5898 2912 5947 xw,
2959 5883 3011 5936 9.
