  <div class='ocr_page' id='page_1' title='image "/cluster/home/n/w/nwhite01/storage/ocr_20150623/86:1/hvd.32044019208909/881.png"; bbox 0 0 4042 6540; ppageno 0'>
   <div class='ocr_carea' id='block_1_1' title="bbox 493 460 627 527">
    <p class='ocr_par' dir='ltr' id='par_1_1' title="bbox 493 460 627 527">
     <span class='ocr_line' id='line_1_1' title="bbox 493 460 627 527; baseline 0.007 -1"><span class='ocrx_word' id='word_1_1' title='bbox 493 460 627 527; x_wconf 81' lang='grc'><strong>1747</strong></span> 
     </span>
    </p>
   </div>
   <div class='ocr_carea' id='block_1_2' title="bbox 1760 474 2518 537">
    <p class='ocr_par' dir='ltr' id='par_1_2' title="bbox 1760 474 2518 537">
     <span class='ocr_line' id='line_1_2' title="bbox 1760 474 2518 537; baseline -0.003 0"><span class='ocrx_word' id='word_1_2' title='bbox 1760 476 2071 537; x_wconf 80' lang='lat' dir='ltr'><strong>LEONTII</strong></span> <span class='ocrx_word' id='word_1_3' title='bbox 2114 474 2518 537; x_wconf 80' lang='lat' dir='ltr'><strong>BYZANTINI</strong></span> 
     </span>
    </p>
   </div>
   <div class='ocr_carea' id='block_1_3' title="bbox 3621 467 3762 536">
    <p class='ocr_par' dir='ltr' id='par_1_3' title="bbox 3621 467 3762 536">
     <span class='ocr_line' id='line_1_3' title="bbox 3621 467 3762 536; baseline -0.007 0"><span class='ocrx_word' id='word_1_4' title='bbox 3621 467 3762 536; x_wconf 67' lang='grc'><strong>1748</strong></span> 
     </span>
    </p>
   </div>
   <div class='ocr_carea' id='block_1_4' title="bbox 495 575 2086 657">
    <p class='ocr_par' dir='ltr' id='par_1_4' title="bbox 495 575 2082 657">
     <span class='ocr_line' id='line_1_4' title="bbox 495 575 2082 657; baseline 0.006 -26"><span class='ocrx_word' id='word_1_5' title='bbox 495 578 584 639; x_wconf 87' lang='lat' dir='ltr'><strong>lis,</strong></span> <span class='ocrx_word' id='word_1_6' title='bbox 609 592 721 633; x_wconf 90' lang='lat' dir='ltr'><strong>non</strong></span> <span class='ocrx_word' id='word_1_7' title='bbox 770 575 1150 637; x_wconf 90' lang='lat' dir='ltr'><strong>immutabilis.</strong></span> <span class='ocrx_word' id='word_1_8' title='bbox 1184 580 1290 638; x_wconf 88' lang='lat' dir='ltr'><strong>Sed</strong></span> <span class='ocrx_word' id='word_1_9' title='bbox 1320 583 1504 639; x_wconf 86' lang='lat' dir='ltr'><strong>omnia</strong></span> <span class='ocrx_word' id='word_1_10' title='bbox 1539 596 1819 657; x_wconf 85' lang='lat' dir='ltr'><strong>assumpta</strong></span> <span class='ocrx_word' id='word_1_11' title='bbox 1849 597 1998 652; x_wconf 87' lang='lat' dir='ltr'><strong>sunt,</strong></span> <span class='ocrx_word' id='word_1_12' title='bbox 2028 586 2082 640; x_wconf 89' lang='lat' dir='ltr'><strong>in</strong></span> 
     </span>
    </p>
   </div>
   <div class='ocr_carea' id='block_1_5' title="bbox 2186 575 3762 657">
    <p class='ocr_par' dir='ltr' id='par_1_5' title="bbox 2186 577 3762 656">
     <span class='ocr_line' id='line_1_5' title="bbox 2186 577 3762 656; baseline -0.004 -17"><span class='ocrx_word' id='word_1_13' title='bbox 2186 583 2416 656; x_wconf 85' lang='grc' dir='ltr'><strong>ἀόρατος</strong></span> <span class='ocrx_word' id='word_1_14' title='bbox 2434 599 2447 613; x_wconf 90' lang='grc'><strong>·</strong></span> <span class='ocrx_word' id='word_1_15' title='bbox 2476 584 2571 637; x_wconf 82' lang='grc' dir='ltr'><strong>καί</strong></span> <span class='ocrx_word' id='word_1_16' title='bbox 2593 582 2628 654; x_wconf 83' lang='grc' dir='ltr'>ἠ</span> <span class='ocrx_word' id='word_1_17' title='bbox 2662 579 2893 655; x_wconf 71' lang='grc' dir='ltr'><strong>τρεπτὴ,</strong></span> <span class='ocrx_word' id='word_1_18' title='bbox 2926 580 3029 636; x_wconf 89' lang='grc' dir='ltr'><strong>οὑκ</strong></span> <span class='ocrx_word' id='word_1_19' title='bbox 3058 580 3348 655; x_wconf 76' lang='grc' dir='ltr'><strong>ἄτρεπτος.</strong></span> <span class='ocrx_word' id='word_1_20' title='bbox 3391 577 3555 635; x_wconf 74' lang='grc' dir='ltr'><strong>Ἀλλά</strong></span> <span class='ocrx_word' id='word_1_21' title='bbox 3584 582 3762 647; x_wconf 75' lang='grc' dir='ltr'><strong>πάντα</strong></span> 
     </span>
    </p>
   </div>
   <div class='ocr_carea' id='block_1_6' title="bbox 495 672 2074 745">
    <p class='ocr_par' dir='ltr' id='par_1_6' title="bbox 495 672 2074 745">
     <span class='ocr_line' id='line_1_6' title="bbox 495 672 2074 745; baseline 0.005 -19"><span class='ocrx_word' id='word_1_22' title='bbox 495 686 784 741; x_wconf 84' lang='lat' dir='ltr'><strong>personam</strong></span> <span class='ocrx_word' id='word_1_23' title='bbox 843 672 1018 743; x_wconf 86' lang='lat' dir='ltr'><strong>ipsius</strong></span> <span class='ocrx_word' id='word_1_24' title='bbox 1071 675 1256 730; x_wconf 89' lang='lat' dir='ltr'><strong>carnis</strong></span> <span class='ocrx_word' id='word_1_25' title='bbox 1300 678 1645 745; x_wconf 83' lang='lat' dir='ltr'><strong>exsistcntia,</strong></span> <span class='ocrx_word' id='word_1_26' title='bbox 1695 679 1812 735; x_wconf 83' lang='lat' dir='ltr'><strong>sive</strong></span> <span class='ocrx_word' id='word_1_27' title='bbox 1852 679 2074 734; x_wconf 82' lang='lat' dir='ltr'><strong>dolores</strong></span> 
     </span>
    </p>
   </div>
   <div class='ocr_carea' id='block_1_7' title="bbox 494 762 2077 834">
    <p class='ocr_par' dir='ltr' id='par_1_7' title="bbox 494 762 2077 834">
     <span class='ocr_line' id='line_1_7' title="bbox 494 762 2077 834; baseline 0.005 -17"><span class='ocrx_word' id='word_1_28' title='bbox 494 762 730 834; x_wconf 82' lang='lat' dir='ltr'><strong>physici,</strong></span> <span class='ocrx_word' id='word_1_29' title='bbox 778 763 894 821; x_wconf 92' lang='lat' dir='ltr'><strong>sive</strong></span> <span class='ocrx_word' id='word_1_30' title='bbox 917 764 1087 822; x_wconf 87' lang='lat' dir='ltr'><strong>alieni</strong></span> <span class='ocrx_word' id='word_1_31' title='bbox 1134 782 1417 834; x_wconf 77' lang='lat' dir='ltr'><strong>excessus,</strong></span> <span class='ocrx_word' id='word_1_32' title='bbox 1458 768 1577 825; x_wconf 82' lang='lat' dir='ltr'><strong>sive</strong></span> <span class='ocrx_word' id='word_1_33' title='bbox 1606 784 1801 826; x_wconf 87' lang='lat' dir='ltr'><strong>omnes</strong></span> <span class='ocrx_word' id='word_1_34' title='bbox 1837 770 2077 827; x_wconf 84' lang='lat' dir='ltr'><strong>circum—</strong></span> 
     </span>
    </p>
   </div>
   <div class='ocr_carea' id='block_1_8' title="bbox 494 857 2077 934">
    <p class='ocr_par' dir='ltr' id='par_1_8' title="bbox 494 857 2077 934">
     <span class='ocr_line' id='line_1_8' title="bbox 494 857 2077 934; baseline 0.007 -26"><span class='ocrx_word' id='word_1_35' title='bbox 494 857 747 922; x_wconf 88' lang='lat' dir='ltr'><strong>stantia,</strong></span> <span class='ocrx_word' id='word_1_36' title='bbox 816 873 946 913; x_wconf 84' lang='lat' dir='ltr'><strong>nam</strong></span> <span class='ocrx_word' id='word_1_37' title='bbox 1019 860 1257 931; x_wconf 88' lang='lat' dir='ltr'><strong>propria</strong></span> <span class='ocrx_word' id='word_1_38' title='bbox 1320 861 1604 934; x_wconf 87' lang='lat' dir='ltr'><strong>hypostasi</strong></span> <span class='ocrx_word' id='word_1_39' title='bbox 1665 876 1730 917; x_wconf 88' lang='lat' dir='ltr'><strong>ea</strong></span> <span class='ocrx_word' id='word_1_40' title='bbox 1786 877 2077 919; x_wconf 84' lang='lat' dir='ltr'><strong>assumens</strong></span> 
     </span>
    </p>
   </div>
   <div class='ocr_carea' id='block_1_9' title="bbox 492 948 2075 1019">
    <p class='ocr_par' dir='ltr' id='par_1_9' title="bbox 492 948 2075 1019">
     <span class='ocr_line' id='line_1_9' title="bbox 492 948 2075 1019; baseline 0.006 -19"><span class='ocrx_word' id='word_1_41' title='bbox 492 948 965 1019; x_wconf 63' lang='lat' dir='ltr'><strong>personniﬁcavit.</strong></span> <span class='ocrx_word' id='word_1_42' title='bbox 991 951 1113 1007; x_wconf 84' lang='lat' dir='ltr'><strong>Non</strong></span> <span class='ocrx_word' id='word_1_43' title='bbox 1141 967 1276 1008; x_wconf 89' lang='lat' dir='ltr'><strong>vero</strong></span> <span class='ocrx_word' id='word_1_44' title='bbox 1297 953 1467 1009; x_wconf 86' lang='lat' dir='ltr'><strong>verba</strong></span> <span class='ocrx_word' id='word_1_45' title='bbox 1495 962 1708 1010; x_wconf 87' lang='lat' dir='ltr'><strong>natura</strong></span> <span class='ocrx_word' id='word_1_46' title='bbox 1734 954 1919 1010; x_wconf 87' lang='lat' dir='ltr'><strong>carnis</strong></span> <span class='ocrx_word' id='word_1_47' title='bbox 1941 969 2075 1010; x_wconf 88' lang='lat' dir='ltr'><strong>con-</strong></span> 
     </span>
    </p>
   </div>
   <div class='ocr_carea' id='block_1_10' title="bbox 494 1040 2077 1118">
    <p class='ocr_par' dir='ltr' id='par_1_10' title="bbox 494 1040 2077 1118">
     <span class='ocr_line' id='line_1_10' title="bbox 494 1040 2077 1118; baseline 0.004 -24"><span class='ocrx_word' id='word_1_48' title='bbox 494 1040 705 1095; x_wconf 87' lang='lat' dir='ltr'><strong>ciliavit</strong></span> <span class='ocrx_word' id='word_1_49' title='bbox 726 1051 925 1098; x_wconf 86' lang='lat' dir='ltr'><strong>natura</strong></span> <span class='ocrx_word' id='word_1_50' title='bbox 948 1042 1141 1110; x_wconf 77' lang='lat' dir='ltr'><strong>Verbi,</strong></span> <span class='ocrx_word' id='word_1_51' title='bbox 1163 1051 1368 1100; x_wconf 89' lang='lat' dir='ltr'><strong>etcum</strong></span> <span class='ocrx_word' id='word_1_52' title='bbox 1393 1044 1675 1118; x_wconf 77' lang='lat' dir='ltr'><strong>dignasset</strong></span> <span class='ocrx_word' id='word_1_53' title='bbox 1709 1047 1945 1102; x_wconf 89' lang='lat' dir='ltr'><strong>ulterius</strong></span> <span class='ocrx_word' id='word_1_54' title='bbox 1970 1047 2077 1101; x_wconf 88' lang='lat' dir='ltr'><strong>hu-</strong></span> 
     </span>
    </p>
   </div>
   <div class='ocr_carea' id='block_1_11' title="bbox 500 1132 2079 1209">
    <p class='ocr_par' dir='ltr' id='par_1_11' title="bbox 500 1132 2079 1209">
     <span class='ocr_line' id='line_1_11' title="bbox 500 1132 2079 1209; baseline 0.005 -24"><span class='ocrx_word' id='word_1_55' title='bbox 500 1132 844 1198; x_wconf 88' lang='lat' dir='ltr'><strong>manitatem,</strong></span> <span class='ocrx_word' id='word_1_56' title='bbox 875 1132 1140 1190; x_wconf 75' lang='lat' dir='ltr'><strong>divinitas</strong></span> <span class='ocrx_word' id='word_1_57' title='bbox 1169 1135 1225 1191; x_wconf 92' lang='lat' dir='ltr'><strong>in</strong></span> <span class='ocrx_word' id='word_1_58' title='bbox 1258 1135 1538 1209; x_wconf 80' lang='lat' dir='ltr'><strong>hypostasi</strong></span> <span class='ocrx_word' id='word_1_59' title='bbox 1570 1137 1886 1194; x_wconf 83' lang='lat' dir='ltr'><strong>divinorum</strong></span> <span class='ocrx_word' id='word_1_60' title='bbox 1912 1147 2079 1193; x_wconf 84' lang='lat' dir='ltr'><strong>natu-</strong></span> 
     </span>
    </p>
   </div>
   <div class='ocr_carea' id='block_1_12' title="bbox 497 1224 2079 1295">
    <p class='ocr_par' dir='ltr' id='par_1_12' title="bbox 497 1224 2079 1295">
     <span class='ocr_line' id='line_1_12' title="bbox 497 1224 2079 1295; baseline 0.006 -17"><span class='ocrx_word' id='word_1_61' title='bbox 497 1224 699 1279; x_wconf 76' lang='lat' dir='ltr'><strong>ralium</strong></span> <span class='ocrx_word' id='word_1_62' title='bbox 727 1224 1052 1291; x_wconf 89' lang='lat' dir='ltr'><strong>idomatum,</strong></span> <span class='ocrx_word' id='word_1_63' title='bbox 1078 1227 1333 1284; x_wconf 90' lang='lat' dir='ltr'><strong>similiter</strong></span> <span class='ocrx_word' id='word_1_64' title='bbox 1346 1236 1431 1285; x_wconf 86' lang='lat' dir='ltr'><strong>est</strong></span> <span class='ocrx_word' id='word_1_65' title='bbox 1447 1228 1532 1284; x_wconf 90' lang='lat' dir='ltr'><strong>sui</strong></span> <span class='ocrx_word' id='word_1_66' title='bbox 1554 1230 1746 1295; x_wconf 81' lang='lat' dir='ltr'><strong>solius,</strong></span> <span class='ocrx_word' id='word_1_67' title='bbox 1771 1230 2079 1287; x_wconf 90' lang='lat' dir='ltr'><strong>secundum</strong></span> 
     </span>
    </p>
   </div>
   <div class='ocr_carea' id='block_1_13' title="bbox 500 1316 2083 1391">
    <p class='ocr_par' dir='ltr' id='par_1_13' title="bbox 500 1316 2083 1391">
     <span class='ocr_line' id='line_1_13' title="bbox 500 1316 2083 1391; baseline 0.006 -21"><span class='ocrx_word' id='word_1_68' title='bbox 500 1316 750 1385; x_wconf 82' lang='lat' dir='ltr'><strong>quadam</strong></span> <span class='ocrx_word' id='word_1_69' title='bbox 783 1318 1045 1388; x_wconf 82' lang='lat' dir='ltr'><strong>specialia</strong></span> <span class='ocrx_word' id='word_1_70' title='bbox 1092 1319 1319 1391; x_wconf 86' lang='lat' dir='ltr'><strong>physica</strong></span> <span class='ocrx_word' id='word_1_71' title='bbox 1357 1320 1683 1389; x_wconf 86' lang='lat' dir='ltr'><strong>divinitatis,</strong></span> <span class='ocrx_word' id='word_1_72' title='bbox 1713 1338 1840 1377; x_wconf 90' lang='lat' dir='ltr'><strong>nam</strong></span> <span class='ocrx_word' id='word_1_73' title='bbox 1882 1323 2083 1379; x_wconf 89' lang='lat' dir='ltr'><strong>divini-</strong></span> 
     </span>
    </p>
   </div>
   <div class='ocr_carea' id='block_1_14' title="bbox 500 1410 2083 1480">
    <p class='ocr_par' dir='ltr' id='par_1_14' title="bbox 500 1410 2083 1480">
     <span class='ocr_line' id='line_1_14' title="bbox 500 1410 2083 1480; baseline 0.007 -18"><span class='ocrx_word' id='word_1_74' title='bbox 500 1410 643 1466; x_wconf 79' lang='lat' dir='ltr'><strong>savit</strong></span> <span class='ocrx_word' id='word_1_75' title='bbox 698 1420 759 1468; x_wconf 90' lang='lat' dir='ltr'><strong>ut</strong></span> <span class='ocrx_word' id='word_1_76' title='bbox 805 1421 1004 1467; x_wconf 89' lang='lat' dir='ltr'><strong>natura</strong></span> <span class='ocrx_word' id='word_1_77' title='bbox 1059 1413 1391 1480; x_wconf 90' lang='lat' dir='ltr'><strong>divinisans,</strong></span> <span class='ocrx_word' id='word_1_78' title='bbox 1431 1413 1548 1470; x_wconf 90' lang='lat' dir='ltr'><strong>hac</strong></span> <span class='ocrx_word' id='word_1_79' title='bbox 1606 1430 1738 1470; x_wconf 92' lang='lat' dir='ltr'><strong>vero</strong></span> <span class='ocrx_word' id='word_1_80' title='bbox 1786 1415 2083 1473; x_wconf 86' lang='lat' dir='ltr'><strong>divinisata</strong></span> 
     </span>
    </p>
   </div>
   <div class='ocr_carea' id='block_1_15' title="bbox 497 1503 2084 1574">
    <p class='ocr_par' dir='ltr' id='par_1_15' title="bbox 497 1503 2084 1574">
     <span class='ocr_line' id='line_1_15' title="bbox 497 1503 2084 1574; baseline 0.005 -17"><span class='ocrx_word' id='word_1_81' title='bbox 497 1510 584 1559; x_wconf 90' lang='lat' dir='ltr'><strong>est</strong></span> <span class='ocrx_word' id='word_1_82' title='bbox 630 1512 694 1559; x_wconf 92' lang='lat' dir='ltr'><strong>ut</strong></span> <span class='ocrx_word' id='word_1_83' title='bbox 744 1503 929 1561; x_wconf 92' lang='lat' dir='ltr'><strong>divina</strong></span> <span class='ocrx_word' id='word_1_84' title='bbox 990 1506 1156 1572; x_wconf 80' lang='lat' dir='ltr'><strong>facta,</strong></span> <span class='ocrx_word' id='word_1_85' title='bbox 1206 1515 1264 1561; x_wconf 90' lang='lat' dir='ltr'><strong>et</strong></span> <span class='ocrx_word' id='word_1_86' title='bbox 1306 1506 1398 1562; x_wconf 90' lang='lat' dir='ltr'><strong>illa</strong></span> <span class='ocrx_word' id='word_1_87' title='bbox 1445 1507 1661 1563; x_wconf 79' lang='lat' dir='ltr'><strong>excelsa</strong></span> <span class='ocrx_word' id='word_1_88' title='bbox 1708 1516 1928 1574; x_wconf 87' lang='lat' dir='ltr'><strong>natura,</strong></span> <span class='ocrx_word' id='word_1_89' title='bbox 1966 1509 2084 1565; x_wconf 82' lang='lat' dir='ltr'><strong>hac</strong></span> 
     </span>
    </p>
   </div>
   <div class='ocr_carea' id='block_1_16' title="bbox 498 1596 2085 1673">
    <p class='ocr_par' dir='ltr' id='par_1_16' title="bbox 498 1596 2085 1673">
     <span class='ocr_line' id='line_1_16' title="bbox 498 1596 2085 1673; baseline 0.004 -23"><span class='ocrx_word' id='word_1_90' title='bbox 498 1611 633 1651; x_wconf 79' lang='lat' dir='ltr'><strong>vero</strong></span> <span class='ocrx_word' id='word_1_91' title='bbox 680 1613 816 1663; x_wconf 90' lang='lat' dir='ltr'><strong>non,</strong></span> <span class='ocrx_word' id='word_1_92' title='bbox 856 1605 913 1653; x_wconf 91' lang='lat' dir='ltr'><strong>et</strong></span> <span class='ocrx_word' id='word_1_93' title='bbox 952 1596 1047 1653; x_wconf 86' lang='lat' dir='ltr'><strong>illa</strong></span> <span class='ocrx_word' id='word_1_94' title='bbox 1092 1598 1245 1654; x_wconf 84' lang='lat' dir='ltr'><strong>dedit</strong></span> <span class='ocrx_word' id='word_1_95' title='bbox 1289 1599 1529 1670; x_wconf 88' lang='lat' dir='ltr'><strong>propria,</strong></span> <span class='ocrx_word' id='word_1_96' title='bbox 1570 1599 1687 1656; x_wconf 80' lang='lat' dir='ltr'><strong>hac</strong></span> <span class='ocrx_word' id='word_1_97' title='bbox 1713 1616 1846 1657; x_wconf 87' lang='lat' dir='ltr'><strong>vero</strong></span> <span class='ocrx_word' id='word_1_98' title='bbox 1872 1601 2085 1673; x_wconf 85' lang='lat' dir='ltr'><strong>accepit</strong></span> 
     </span>
    </p>
   </div>
   <div class='ocr_carea' id='block_1_17' title="bbox 501 1688 2085 1763">
    <p class='ocr_par' dir='ltr' id='par_1_17' title="bbox 501 1688 2085 1763">
     <span class='ocr_line' id='line_1_17' title="bbox 501 1688 2085 1763; baseline 0.005 -22"><span class='ocrx_word' id='word_1_99' title='bbox 501 1688 646 1743; x_wconf 85' lang='lat' dir='ltr'><strong>dona</strong></span> <span class='ocrx_word' id='word_1_100' title='bbox 679 1689 972 1756; x_wconf 86' lang='lat' dir='ltr'><strong>naturalia,</strong></span> <span class='ocrx_word' id='word_1_101' title='bbox 1014 1689 1155 1745; x_wconf 84' lang='lat' dir='ltr'><strong>nihil</strong></span> <span class='ocrx_word' id='word_1_102' title='bbox 1200 1690 1369 1762; x_wconf 72' lang='lat' dir='ltr'><strong>igitur</strong></span> <span class='ocrx_word' id='word_1_103' title='bbox 1403 1691 1602 1747; x_wconf 90' lang='lat' dir='ltr'><strong>horum</strong></span> <span class='ocrx_word' id='word_1_104' title='bbox 1642 1692 1806 1749; x_wconf 88' lang='lat' dir='ltr'><strong>nobis</strong></span> <span class='ocrx_word' id='word_1_105' title='bbox 1835 1707 2085 1763; x_wconf 87' lang='lat' dir='ltr'><strong>persona</strong></span> 
     </span>
    </p>
   </div>
   <div class='ocr_carea' id='block_1_18' title="bbox 504 1776 1673 1837">
    <p class='ocr_par' dir='ltr' id='par_1_18' title="bbox 504 1776 1673 1837">
     <span class='ocr_line' id='line_1_18' title="bbox 504 1776 1673 1837; baseline 0.002 -4"><span class='ocrx_word' id='word_1_106' title='bbox 504 1776 637 1835; x_wconf 87' lang='lat' dir='ltr'><strong>unio</strong></span> <span class='ocrx_word' id='word_1_107' title='bbox 672 1777 1086 1835; x_wconf 82' lang='lat' dir='ltr'><strong>distinctionem</strong></span> <span class='ocrx_word' id='word_1_108' title='bbox 1119 1788 1444 1836; x_wconf 84' lang='lat' dir='ltr'><strong>naturarum</strong></span> <span class='ocrx_word' id='word_1_109' title='bbox 1476 1780 1673 1837; x_wconf 85' lang='lat' dir='ltr'><strong>inlicit.</strong></span> 
     </span>
    </p>
   </div>
   <div class='ocr_carea' id='block_1_19' title="bbox 1099 1958 1486 2017">
    <p class='ocr_par' dir='ltr' id='par_1_19' title="bbox 1099 1958 1486 2017">
     <span class='ocr_line' id='line_1_19' title="bbox 1099 1958 1486 2017; baseline -0.005 0"><span class='ocrx_word' id='word_1_110' title='bbox 1099 1959 1255 2017; x_wconf 84' lang='lat' dir='ltr'><strong>CAP.</strong></span> <span class='ocrx_word' id='word_1_111' title='bbox 1293 1958 1486 2015; x_wconf 81' lang='lat' dir='ltr'><strong>XXVI.</strong></span> 
     </span>
    </p>
   </div>
   <div class='ocr_carea' id='block_1_20' title="bbox 568 2049 2082 2125">
    <p class='ocr_par' dir='ltr' id='par_1_20' title="bbox 568 2049 2082 2125">
     <span class='ocr_line' id='line_1_20' title="bbox 568 2049 2082 2125; baseline 0.001 -17"><span class='ocrx_word' id='word_1_112' title='bbox 568 2049 628 2108; x_wconf 89' lang='lat' dir='ltr'><strong>Si</strong></span> <span class='ocrx_word' id='word_1_113' title='bbox 669 2060 868 2109; x_wconf 89' lang='lat' dir='ltr'><strong>natura</strong></span> <span class='ocrx_word' id='word_1_114' title='bbox 905 2051 1159 2110; x_wconf 86' lang='lat' dir='ltr'><strong>Christus</strong></span> <span class='ocrx_word' id='word_1_115' title='bbox 1201 2063 1287 2110; x_wconf 89' lang='lat' dir='ltr'><strong>est</strong></span> <span class='ocrx_word' id='word_1_116' title='bbox 1330 2053 1498 2119; x_wconf 87' lang='lat' dir='ltr'><strong>Deus,</strong></span> <span class='ocrx_word' id='word_1_117' title='bbox 1552 2053 1829 2125; x_wconf 90' lang='lat' dir='ltr'><strong>quomodo</strong></span> <span class='ocrx_word' id='word_1_118' title='bbox 1861 2052 1998 2110; x_wconf 92' lang='lat' dir='ltr'><strong>dicit</strong></span> <span class='ocrx_word' id='word_1_119' title='bbox 2026 2054 2082 2110; x_wconf 91' lang='lat' dir='ltr'><strong>in</strong></span> 
     </span>
    </p>
   </div>
   <div class='ocr_carea' id='block_1_21' title="bbox 500 2140 2083 2219">
    <p class='ocr_par' dir='ltr' id='par_1_21' title="bbox 500 2140 2083 2219">
     <span class='ocr_line' id='line_1_21' title="bbox 500 2140 2083 2219; baseline 0.001 -18"><span class='ocrx_word' id='word_1_120' title='bbox 500 2161 666 2202; x_wconf 91' lang='lat' dir='ltr'><strong>cruce</strong></span> <span class='ocrx_word' id='word_1_121' title='bbox 694 2163 708 2200; x_wconf 90' lang='lat'><strong>:</strong></span> <span class='ocrx_word' id='word_1_122' title='bbox 746 2165 765 2199; x_wconf 86' lang='grc' dir='ltr'><strong>ι</strong></span> <span class='ocrx_word' id='word_1_123' title='bbox 806 2148 952 2204; x_wconf 89' lang='lat' dir='ltr'><strong>Deus</strong></span> <span class='ocrx_word' id='word_1_124' title='bbox 982 2162 1161 2211; x_wconf 88' lang='lat' dir='ltr'><strong>meus,</strong></span> <span class='ocrx_word' id='word_1_125' title='bbox 1190 2148 1339 2204; x_wconf 90' lang='lat' dir='ltr'><strong>Deus</strong></span> <span class='ocrx_word' id='word_1_126' title='bbox 1369 2163 1548 2213; x_wconf 90' lang='lat' dir='ltr'><strong>meus,</strong></span> <span class='ocrx_word' id='word_1_127' title='bbox 1588 2163 1761 2219; x_wconf 89' lang='lat' dir='ltr'><strong>quare</strong></span> <span class='ocrx_word' id='word_1_128' title='bbox 1794 2140 1883 2202; x_wconf 90' lang='lat' dir='ltr'><strong>me</strong></span> <span class='ocrx_word' id='word_1_129' title='bbox 1918 2147 2083 2203; x_wconf 87' lang='lat' dir='ltr'><strong>dere-</strong></span> 
     </span>
    </p>
   </div>
   <div class='ocr_carea' id='block_1_22' title="bbox 498 2232 2083 2308">
    <p class='ocr_par' dir='ltr' id='par_1_22' title="bbox 498 2232 2083 2308">
     <span class='ocr_line' id='line_1_22' title="bbox 498 2232 2083 2308; baseline 0.001 -18"><span class='ocrx_word' id='word_1_130' title='bbox 498 2236 760 2308; x_wconf 80' lang='lat' dir='ltr'><strong>liquisti‘l</strong></span> <span class='ocrx_word' id='word_1_131' title='bbox 802 2256 822 2291; x_wconf 74' lang='grc' dir='ltr'><strong>ι</strong></span> <span class='ocrx_word' id='word_1_132' title='bbox 854 2238 976 2294; x_wconf 84' lang='grc' dir='ltr'><strong>Νοιι</strong></span> <span class='ocrx_word' id='word_1_133' title='bbox 1023 2239 1174 2295; x_wconf 88' lang='lat' dir='ltr'><strong>enim</strong></span> <span class='ocrx_word' id='word_1_134' title='bbox 1223 2239 1369 2295; x_wconf 90' lang='lat' dir='ltr'><strong>Deus</strong></span> <span class='ocrx_word' id='word_1_135' title='bbox 1418 2237 1516 2295; x_wconf 89' lang='lat' dir='ltr'><strong>Dei</strong></span> <span class='ocrx_word' id='word_1_136' title='bbox 1556 2232 1758 2293; x_wconf 75' lang='lat' dir='ltr'><strong>natura</strong></span> <span class='ocrx_word' id='word_1_137' title='bbox 1796 2236 2083 2301; x_wconf 88' lang='lat' dir='ltr'><strong>intellecti,</strong></span> 
     </span>
    </p>
   </div>
   <div class='ocr_carea' id='block_1_23' title="bbox 497 2328 2084 2401">
    <p class='ocr_par' dir='ltr' id='par_1_23' title="bbox 497 2328 2084 2401">
     <span class='ocr_line' id='line_1_23' title="bbox 497 2328 2084 2401; baseline -0.001 -16"><span class='ocrx_word' id='word_1_138' title='bbox 497 2328 594 2385; x_wconf 89' lang='lat' dir='ltr'><strong>sed</strong></span> <span class='ocrx_word' id='word_1_139' title='bbox 644 2345 777 2385; x_wconf 92' lang='lat' dir='ltr'><strong>vero</strong></span> <span class='ocrx_word' id='word_1_140' title='bbox 826 2339 1021 2386; x_wconf 88' lang='lat' dir='ltr'><strong>natura</strong></span> <span class='ocrx_word' id='word_1_141' title='bbox 1067 2330 1235 2386; x_wconf 91' lang='lat' dir='ltr'><strong>homo</strong></span> <span class='ocrx_word' id='word_1_142' title='bbox 1269 2338 1357 2387; x_wconf 91' lang='lat' dir='ltr'><strong>est</strong></span> <span class='ocrx_word' id='word_1_143' title='bbox 1403 2330 1499 2401; x_wconf 89' lang='lat' dir='ltr'><strong>qui</strong></span> <span class='ocrx_word' id='word_1_144' title='bbox 1546 2329 1683 2385; x_wconf 87' lang='lat' dir='ltr'><strong>dicit</strong></span> <span class='ocrx_word' id='word_1_145' title='bbox 1729 2344 1861 2385; x_wconf 85' lang='lat' dir='ltr'><strong>sane</strong></span> <span class='ocrx_word' id='word_1_146' title='bbox 1911 2328 2084 2383; x_wconf 89' lang='lat' dir='ltr'><strong>Deum</strong></span> 
     </span>
    </p>
   </div>
   <div class='ocr_carea' id='block_1_24' title="bbox 497 2423 2086 2494">
    <p class='ocr_par' dir='ltr' id='par_1_24' title="bbox 497 2423 2086 2494">
     <span class='ocr_line' id='line_1_24' title="bbox 497 2423 2086 2494; baseline -0.003 -15"><span class='ocrx_word' id='word_1_147' title='bbox 497 2438 659 2479; x_wconf 89' lang='lat' dir='ltr'><strong>suum</strong></span> <span class='ocrx_word' id='word_1_148' title='bbox 696 2423 891 2479; x_wconf 86' lang='lat' dir='ltr'><strong>Deum.</strong></span> <span class='ocrx_word' id='word_1_149' title='bbox 924 2423 1062 2480; x_wconf 89' lang='lat' dir='ltr'><strong>Cum</strong></span> <span class='ocrx_word' id='word_1_150' title='bbox 1098 2423 1266 2494; x_wconf 82' lang='lat' dir='ltr'><strong>igitur</strong></span> <span class='ocrx_word' id='word_1_151' title='bbox 1292 2424 1508 2479; x_wconf 90' lang='lat' dir='ltr'><strong>Patrem</strong></span> <span class='ocrx_word' id='word_1_152' title='bbox 1539 2430 1787 2477; x_wconf 89' lang='lat' dir='ltr'><strong>nostrum</strong></span> <span class='ocrx_word' id='word_1_153' title='bbox 1825 2434 2086 2477; x_wconf 87' lang='lat' dir='ltr'><strong>vocamus</strong></span> 
     </span>
    </p>
   </div>
   <div class='ocr_carea' id='block_1_25' title="bbox 498 2510 2086 2584">
    <p class='ocr_par' dir='ltr' id='par_1_25' title="bbox 498 2510 2086 2584">
     <span class='ocr_line' id='line_1_25' title="bbox 498 2510 2086 2584; baseline -0.001 -18"><span class='ocrx_word' id='word_1_154' title='bbox 498 2519 556 2566; x_wconf 88' lang='lat' dir='ltr'><strong>ct</strong></span> <span class='ocrx_word' id='word_1_155' title='bbox 603 2526 749 2565; x_wconf 87' lang='lat' dir='ltr'><strong>nos:</strong></span> <span class='ocrx_word' id='word_1_156' title='bbox 794 2529 813 2562; x_wconf 82' lang='grc' dir='ltr'><strong>ι</strong></span> <span class='ocrx_word' id='word_1_157' title='bbox 842 2511 940 2582; x_wconf 86' lang='lat' dir='ltr'><strong>qui</strong></span> <span class='ocrx_word' id='word_1_158' title='bbox 978 2520 1066 2568; x_wconf 91' lang='lat' dir='ltr'><strong>est</strong></span> <span class='ocrx_word' id='word_1_159' title='bbox 1102 2512 1160 2566; x_wconf 93' lang='lat' dir='ltr'><strong>in</strong></span> <span class='ocrx_word' id='word_1_160' title='bbox 1187 2512 1345 2568; x_wconf 64' lang='lat' dir='ltr'><strong>caelis</strong></span> <span class='ocrx_word' id='word_1_161' title='bbox 1377 2511 1574 2577; x_wconf 89' lang='lat' dir='ltr'><strong>Deum,</strong></span> <span class='ocrx_word' id='word_1_162' title='bbox 1610 2526 1743 2584; x_wconf 77' lang='lat' dir='ltr'><strong>ergo</strong></span> <span class='ocrx_word' id='word_1_163' title='bbox 1781 2510 1991 2566; x_wconf 91' lang='lat' dir='ltr'><strong>idcirco</strong></span> <span class='ocrx_word' id='word_1_164' title='bbox 2028 2518 2086 2566; x_wconf 91' lang='lat' dir='ltr'><strong>et</strong></span> 
     </span>
    </p>
   </div>
   <div class='ocr_carea' id='block_1_26' title="bbox 499 2604 2084 2669">
    <p class='ocr_par' dir='ltr' id='par_1_26' title="bbox 499 2604 2084 2669">
     <span class='ocr_line' id='line_1_26' title="bbox 499 2604 2084 2669; baseline 0.003 -13"><span class='ocrx_word' id='word_1_165' title='bbox 499 2618 602 2658; x_wconf 87' lang='lat' dir='ltr'><strong>nos</strong></span> <span class='ocrx_word' id='word_1_166' title='bbox 632 2604 936 2659; x_wconf 87' lang='lat' dir='ltr'><strong>secundum</strong></span> <span class='ocrx_word' id='word_1_167' title='bbox 988 2619 1211 2660; x_wconf 87' lang='lat' dir='ltr'><strong>carnem</strong></span> <span class='ocrx_word' id='word_1_168' title='bbox 1258 2612 1457 2661; x_wconf 87' lang='lat' dir='ltr'><strong>natura</strong></span> <span class='ocrx_word' id='word_1_169' title='bbox 1491 2620 1683 2661; x_wconf 89' lang='lat' dir='ltr'><strong>sumus</strong></span> <span class='ocrx_word' id='word_1_170' title='bbox 1711 2604 1807 2659; x_wconf 79' lang='lat' dir='ltr'><strong>ﬁlii</strong></span> <span class='ocrx_word' id='word_1_171' title='bbox 1839 2604 1960 2669; x_wconf 90' lang='lat' dir='ltr'><strong>Dei,</strong></span> <span class='ocrx_word' id='word_1_172' title='bbox 1997 2605 2084 2661; x_wconf 88' lang='lat' dir='ltr'><strong>vel</strong></span> 
     </span>
    </p>
   </div>
   <div class='ocr_carea' id='block_1_27' title="bbox 498 2693 2087 2768">
    <p class='ocr_par' dir='ltr' id='par_1_27' title="bbox 498 2693 2087 2768">
     <span class='ocr_line' id='line_1_27' title="bbox 498 2693 2087 2768; baseline 0.004 -21"><span class='ocrx_word' id='word_1_173' title='bbox 498 2707 611 2749; x_wconf 85' lang='lat' dir='ltr'><strong>non</strong></span> <span class='ocrx_word' id='word_1_174' title='bbox 644 2693 841 2749; x_wconf 81' lang='lat' dir='ltr'><strong>certe?</strong></span> <span class='ocrx_word' id='word_1_175' title='bbox 876 2693 935 2750; x_wconf 93' lang='lat' dir='ltr'><strong>Si</strong></span> <span class='ocrx_word' id='word_1_176' title='bbox 964 2710 1076 2751; x_wconf 91' lang='lat' dir='ltr'><strong>non</strong></span> <span class='ocrx_word' id='word_1_177' title='bbox 1113 2695 1459 2752; x_wconf 86' lang='lat' dir='ltr'><strong>ostendimus</strong></span> <span class='ocrx_word' id='word_1_178' title='bbox 1490 2704 1702 2768; x_wconf 89' lang='lat' dir='ltr'><strong>patrem</strong></span> <span class='ocrx_word' id='word_1_179' title='bbox 1732 2703 1930 2751; x_wconf 90' lang='lat' dir='ltr'><strong>natura</strong></span> <span class='ocrx_word' id='word_1_180' title='bbox 1963 2710 2087 2753; x_wconf 87' lang='lat' dir='ltr'><strong>esse</strong></span> 
     </span>
    </p>
   </div>
   <div class='ocr_carea' id='block_1_28' title="bbox 499 2785 2086 2860">
    <p class='ocr_par' dir='ltr' id='par_1_28' title="bbox 499 2785 2086 2860">
     <span class='ocr_line' id='line_1_28' title="bbox 499 2785 2086 2860; baseline 0.003 -21"><span class='ocrx_word' id='word_1_181' title='bbox 499 2785 681 2841; x_wconf 89' lang='lat' dir='ltr'><strong>omnis</strong></span> <span class='ocrx_word' id='word_1_182' title='bbox 702 2787 877 2842; x_wconf 88' lang='lat' dir='ltr'><strong>nostri</strong></span> <span class='ocrx_word' id='word_1_183' title='bbox 901 2804 1066 2858; x_wconf 87' lang='lat' dir='ltr'><strong>quem</strong></span> <span class='ocrx_word' id='word_1_184' title='bbox 1096 2804 1357 2845; x_wconf 87' lang='lat' dir='ltr'><strong>vocamus</strong></span> <span class='ocrx_word' id='word_1_185' title='bbox 1382 2798 1614 2860; x_wconf 86' lang='lat' dir='ltr'><strong>patrem,</strong></span> <span class='ocrx_word' id='word_1_186' title='bbox 1646 2805 1750 2846; x_wconf 89' lang='lat' dir='ltr'><strong>nec</strong></span> <span class='ocrx_word' id='word_1_187' title='bbox 1770 2789 2086 2846; x_wconf 85' lang='lat' dir='ltr'><strong>necessario</strong></span> 
     </span>
    </p>
   </div>
   <div class='ocr_carea' id='block_1_29' title="bbox 498 2874 2086 2953">
    <p class='ocr_par' dir='ltr' id='par_1_29' title="bbox 498 2874 2086 2953">
     <span class='ocr_line' id='line_1_29' title="bbox 498 2874 2086 2953; baseline 0.005 -23"><span class='ocrx_word' id='word_1_188' title='bbox 498 2874 608 2930; x_wconf 88' lang='lat' dir='ltr'><strong>erit</strong></span> <span class='ocrx_word' id='word_1_189' title='bbox 653 2877 798 2933; x_wconf 89' lang='lat' dir='ltr'><strong>Dens</strong></span> <span class='ocrx_word' id='word_1_190' title='bbox 841 2879 1023 2935; x_wconf 90' lang='lat' dir='ltr'><strong>omnis</strong></span> <span class='ocrx_word' id='word_1_191' title='bbox 1049 2880 1171 2953; x_wconf 82' lang='lat' dir='ltr'><strong>ejus</strong></span> <span class='ocrx_word' id='word_1_192' title='bbox 1215 2889 1427 2937; x_wconf 87' lang='lat' dir='ltr'><strong>natura</strong></span> <span class='ocrx_word' id='word_1_193' title='bbox 1446 2896 1611 2953; x_wconf 89' lang='lat' dir='ltr'><strong>quem</strong></span> <span class='ocrx_word' id='word_1_194' title='bbox 1640 2891 1804 2937; x_wconf 86' lang='lat' dir='ltr'><strong>vocat</strong></span> <span class='ocrx_word' id='word_1_195' title='bbox 1831 2880 2086 2945; x_wconf 84' lang='lat' dir='ltr'><strong>Christus</strong></span> 
     </span>
    </p>
   </div>
   <div class='ocr_carea' id='block_1_30' title="bbox 500 2967 888 3025">
    <p class='ocr_par' dir='ltr' id='par_1_30' title="bbox 500 2967 888 3025">
     <span class='ocr_line' id='line_1_30' title="bbox 500 2967 888 3025; baseline 0.008 -3"><span class='ocrx_word' id='word_1_196' title='bbox 500 2967 675 3023; x_wconf 88' lang='lat' dir='ltr'><strong>Deum</strong></span> <span class='ocrx_word' id='word_1_197' title='bbox 702 2983 888 3025; x_wconf 88' lang='lat' dir='ltr'><strong>suum.</strong></span> 
     </span>
    </p>
   </div>
   <div class='ocr_carea' id='block_1_31' title="bbox 1083 3060 1498 3126">
    <p class='ocr_par' dir='ltr' id='par_1_31' title="bbox 1083 3060 1498 3126">
     <span class='ocr_line' id='line_1_31' title="bbox 1083 3060 1498 3126; baseline 0.01 -10"><span class='ocrx_word' id='word_1_198' title='bbox 1083 3060 1241 3126; x_wconf 80' lang='lat' dir='ltr'><strong>CAP.</strong></span> <span class='ocrx_word' id='word_1_199' title='bbox 1282 3060 1498 3120; x_wconf 80' lang='lat' dir='ltr'><strong>XXVII.</strong></span> 
     </span>
    </p>
   </div>
   <div class='ocr_carea' id='block_1_32' title="bbox 570 3145 2084 3229">
    <p class='ocr_par' dir='ltr' id='par_1_32' title="bbox 570 3145 2084 3229">
     <span class='ocr_line' id='line_1_32' title="bbox 570 3145 2084 3229; baseline 0.007 -25"><span class='ocrx_word' id='word_1_200' title='bbox 570 3145 629 3204; x_wconf 90' lang='lat' dir='ltr'><strong>Si</strong></span> <span class='ocrx_word' id='word_1_201' title='bbox 657 3156 850 3204; x_wconf 91' lang='lat' dir='ltr'><strong>natura</strong></span> <span class='ocrx_word' id='word_1_202' title='bbox 878 3150 1048 3207; x_wconf 88' lang='lat' dir='ltr'><strong>Deum</strong></span> <span class='ocrx_word' id='word_1_203' title='bbox 1081 3167 1202 3209; x_wconf 89' lang='lat' dir='ltr'><strong>esse</strong></span> <span class='ocrx_word' id='word_1_204' title='bbox 1224 3153 1410 3210; x_wconf 75' lang='lat' dir='ltr'><strong>Iesum</strong></span> <span class='ocrx_word' id='word_1_205' title='bbox 1438 3156 1709 3213; x_wconf 87' lang='lat' dir='ltr'><strong>damonia</strong></span> <span class='ocrx_word' id='word_1_206' title='bbox 1746 3157 1958 3227; x_wconf 84' lang='lat' dir='ltr'><strong>vident,</strong></span> <span class='ocrx_word' id='word_1_207' title='bbox 1985 3160 2084 3229; x_wconf 90' lang='lat' dir='ltr'><strong>ait,</strong></span> 
     </span>
    </p>
   </div>
   <div class='ocr_carea' id='block_1_33' title="bbox 2109 1932 2156 1990">
    <p class='ocr_par' dir='ltr' id='par_1_33' title="bbox 2109 1932 2156 1990">
     <span class='ocr_line' id='line_1_33' title="bbox 2109 1932 2156 1990; baseline 0 0"><span class='ocrx_word' id='word_1_208' title='bbox 2109 1932 2156 1990; x_wconf 83' lang='grc' dir='ltr'><strong>Β</strong></span> 
     </span>
    </p>
   </div>
   <div class='ocr_carea' id='block_1_34' title="bbox 2178 672 3762 746">
    <p class='ocr_par' dir='ltr' id='par_1_34' title="bbox 2178 672 3762 746">
     <span class='ocr_line' id='line_1_34' title="bbox 2178 672 3762 746; baseline -0.002 -18"><span class='ocrx_word' id='word_1_209' title='bbox 2178 675 2529 741; x_wconf 86' lang='grc' dir='ltr'><strong>οἰκειοῦνται,</strong></span> <span class='ocrx_word' id='word_1_210' title='bbox 2564 676 2643 737; x_wconf 85' lang='grc' dir='ltr'><strong>εἰς</strong></span> <span class='ocrx_word' id='word_1_211' title='bbox 2683 674 2979 746; x_wconf 84' lang='grc' dir='ltr'><strong>πρόσωπον</strong></span> <span class='ocrx_word' id='word_1_212' title='bbox 3025 674 3125 745; x_wconf 81' lang='grc' dir='ltr'><strong>τῆς</strong></span> <span class='ocrx_word' id='word_1_213' title='bbox 3156 672 3352 728; x_wconf 67' lang='grc' dir='ltr'><strong>ἑαυτοῦ</strong></span> <span class='ocrx_word' id='word_1_214' title='bbox 3382 672 3587 743; x_wconf 85' lang='grc' dir='ltr'><strong>σαρκὸς</strong></span> <span class='ocrx_word' id='word_1_215' title='bbox 3613 678 3762 741; x_wconf 81' lang='grc' dir='ltr'><strong>γινό⁶</strong></span> 
     </span>
    </p>
   </div>
   <div class='ocr_carea' id='block_1_35' title="bbox 2181 764 3765 839">
    <p class='ocr_par' dir='ltr' id='par_1_35' title="bbox 2181 764 3765 839">
     <span class='ocr_line' id='line_1_35' title="bbox 2181 764 3765 839; baseline -0.004 -16"><span class='ocrx_word' id='word_1_216' title='bbox 2181 784 2341 839; x_wconf 85' lang='grc' dir='ltr'><strong>μενα,</strong></span> <span class='ocrx_word' id='word_1_217' title='bbox 2368 768 2479 821; x_wconf 85' lang='grc' dir='ltr'><strong>εἰτε</strong></span> <span class='ocrx_word' id='word_1_218' title='bbox 2516 766 2722 837; x_wconf 79' lang='grc' dir='ltr'><strong>φυσικά</strong></span> <span class='ocrx_word' id='word_1_219' title='bbox 2751 765 2925 834; x_wconf 85' lang='grc' dir='ltr'><strong>πάθη,</strong></span> <span class='ocrx_word' id='word_1_220' title='bbox 2951 766 3063 820; x_wconf 71' lang='grc' dir='ltr'><strong>εἴτε</strong></span> <span class='ocrx_word' id='word_1_221' title='bbox 3111 764 3385 837; x_wconf 79' lang='grc' dir='ltr'><strong>έξωτέρας</strong></span> <span class='ocrx_word' id='word_1_222' title='bbox 3410 764 3620 835; x_wconf 84' lang='grc' dir='ltr'><strong>ὑϐρεις,</strong></span> <span class='ocrx_word' id='word_1_223' title='bbox 3650 765 3765 817; x_wconf 68' lang='grc' dir='ltr'><strong>εἴτε</strong></span> 
     </span>
    </p>
   </div>
   <div class='ocr_carea' id='block_1_36' title="bbox 2177 858 3765 931">
    <p class='ocr_par' dir='ltr' id='par_1_36' title="bbox 2177 858 3765 931">
     <span class='ocr_line' id='line_1_36' title="bbox 2177 858 3765 931; baseline -0.004 -16"><span class='ocrx_word' id='word_1_224' title='bbox 2177 863 2284 916; x_wconf 85' lang='grc' dir='ltr'><strong>ὅτι</strong></span> <span class='ocrx_word' id='word_1_225' title='bbox 2327 859 2420 914; x_wconf 81' lang='grc' dir='ltr'><strong>οὖν</strong></span> <span class='ocrx_word' id='word_1_226' title='bbox 2436 861 2575 931; x_wconf 75' lang='grc' dir='ltr'><strong>αὐτῇ</strong></span> <span class='ocrx_word' id='word_1_227' title='bbox 2630 858 3013 930; x_wconf 88' lang='grc' dir='ltr'><strong>συμϐεϐηκός·</strong></span> <span class='ocrx_word' id='word_1_228' title='bbox 3047 861 3114 929; x_wconf 77' lang='grc' dir='ltr'><strong>τῇ</strong></span> <span class='ocrx_word' id='word_1_229' title='bbox 3143 858 3255 930; x_wconf 86' lang='grc' dir='ltr'><strong>γάρ</strong></span> <span class='ocrx_word' id='word_1_230' title='bbox 3310 858 3418 929; x_wconf 79' lang='grc' dir='ltr'><strong>ίδίᾳ</strong></span> <span class='ocrx_word' id='word_1_231' title='bbox 3462 858 3765 912; x_wconf 74' lang='grc' dir='ltr'><strong>ὑποστάσει</strong></span> 
     </span>
    </p>
   </div>
   <div class='ocr_carea' id='block_1_37' title="bbox 2179 949 3767 1027">
    <p class='ocr_par' dir='ltr' id='par_1_37' title="bbox 2179 949 3767 1027">
     <span class='ocr_line' id='line_1_37' title="bbox 2179 949 3767 1027; baseline -0.004 -18"><span class='ocrx_word' id='word_1_232' title='bbox 2179 954 2348 1027; x_wconf 72' lang='grc' dir='ltr'><strong>αὐτὴν</strong></span> <span class='ocrx_word' id='word_1_233' title='bbox 2372 950 2701 1023; x_wconf 82' lang='grc' dir='ltr'><strong>ἀνειληφὼς,</strong></span> <span class='ocrx_word' id='word_1_234' title='bbox 2720 951 3241 1023; x_wconf 75' lang='grc' dir='ltr'><strong>ὲπροσωποποίησεν</strong></span> <span class='ocrx_word' id='word_1_235' title='bbox 3260 966 3275 982; x_wconf 95' lang='grc'><strong>·</strong></span> <span class='ocrx_word' id='word_1_236' title='bbox 3308 950 3373 1004; x_wconf 87' lang='grc' dir='ltr'><strong>οὑ</strong></span> <span class='ocrx_word' id='word_1_237' title='bbox 3399 949 3588 1020; x_wconf 75' lang='grc' dir='ltr'><strong>μέντοι</strong></span> <span class='ocrx_word' id='word_1_238' title='bbox 3637 950 3767 1012; x_wconf 74' lang='grc' dir='ltr'><strong>τοὺς</strong></span> 
     </span>
    </p>
   </div>
   <div class='ocr_carea' id='block_1_38' title="bbox 2179 1039 3766 1117">
    <p class='ocr_par' dir='ltr' id='par_1_38' title="bbox 2179 1039 3766 1117">
     <span class='ocr_line' id='line_1_38' title="bbox 2179 1039 3766 1117; baseline -0.004 -17"><span class='ocrx_word' id='word_1_239' title='bbox 2179 1046 2373 1116; x_wconf 79' lang='grc' dir='ltr'><strong>λόγους</strong></span> <span class='ocrx_word' id='word_1_240' title='bbox 2402 1045 2505 1117; x_wconf 78' lang='grc' dir='ltr'><strong>τῆς</strong></span> <span class='ocrx_word' id='word_1_241' title='bbox 2554 1044 2771 1115; x_wconf 86' lang='grc' dir='ltr'><strong>φύσεως</strong></span> <span class='ocrx_word' id='word_1_242' title='bbox 2815 1041 2918 1113; x_wconf 81' lang='grc' dir='ltr'><strong>τῆς</strong></span> <span class='ocrx_word' id='word_1_243' title='bbox 2952 1040 3175 1114; x_wconf 77' lang='grc' dir='ltr'><strong>σαρκὸς,</strong></span> <span class='ocrx_word' id='word_1_244' title='bbox 3208 1041 3505 1095; x_wconf 73' lang='grc' dir='ltr'><strong>οἰκειοῦται</strong></span> <span class='ocrx_word' id='word_1_245' title='bbox 3531 1042 3567 1111; x_wconf 77' lang='grc' dir='ltr'><strong>ἡ</strong></span> <span class='ocrx_word' id='word_1_246' title='bbox 3602 1039 3766 1109; x_wconf 85' lang='grc' dir='ltr'><strong>φύσις</strong></span> 
     </span>
    </p>
   </div>
   <div class='ocr_carea' id='block_1_39' title="bbox 2180 1132 3765 1206">
    <p class='ocr_par' dir='ltr' id='par_1_39' title="bbox 2180 1132 3765 1206">
     <span class='ocr_line' id='line_1_39' title="bbox 2180 1132 3765 1206; baseline -0.003 -15"><span class='ocrx_word' id='word_1_247' title='bbox 2180 1134 2278 1191; x_wconf 84' lang='grc' dir='ltr'><strong>τοῦ</strong></span> <span class='ocrx_word' id='word_1_248' title='bbox 2326 1136 2535 1206; x_wconf 86' lang='grc' dir='ltr'><strong>Λόγου·</strong></span> <span class='ocrx_word' id='word_1_249' title='bbox 2567 1136 2666 1190; x_wconf 74' lang='grc' dir='ltr'><strong>καὶ</strong></span> <span class='ocrx_word' id='word_1_250' title='bbox 2690 1132 2976 1200; x_wconf 81' lang='grc' dir='ltr'><strong>ἀξιώσασα</strong></span> <span class='ocrx_word' id='word_1_251' title='bbox 3006 1134 3116 1205; x_wconf 83' lang='grc' dir='ltr'><strong>γάρ</strong></span> <span class='ocrx_word' id='word_1_252' title='bbox 3155 1132 3382 1205; x_wconf 77' lang='grc' dir='ltr'><strong>ὕστερον</strong></span> <span class='ocrx_word' id='word_1_253' title='bbox 3415 1134 3519 1204; x_wconf 78' lang='grc' dir='ltr'><strong>τὴν</strong></span> <span class='ocrx_word' id='word_1_254' title='bbox 3547 1133 3765 1205; x_wconf 77' lang='grc' dir='ltr'><strong>ἀνθρωο</strong></span> 
     </span>
    </p>
   </div>
   <div class='ocr_carea' id='block_1_40' title="bbox 2181 1224 3767 1300">
    <p class='ocr_par' dir='ltr' id='par_1_40' title="bbox 2181 1224 3767 1300">
     <span class='ocr_line' id='line_1_40' title="bbox 2181 1224 3767 1300; baseline -0.003 -18"><span class='ocrx_word' id='word_1_255' title='bbox 2181 1229 2415 1300; x_wconf 88' lang='grc' dir='ltr'><strong>πότητα,</strong></span> <span class='ocrx_word' id='word_1_256' title='bbox 2481 1228 2518 1298; x_wconf 72' lang='grc' dir='ltr'>ἡ</span> <span class='ocrx_word' id='word_1_257' title='bbox 2558 1226 2751 1298; x_wconf 83' lang='grc' dir='ltr'><strong>θεότης</strong></span> <span class='ocrx_word' id='word_1_258' title='bbox 2797 1227 2937 1298; x_wconf 85' lang='grc' dir='ltr'><strong>πρὸς</strong></span> <span class='ocrx_word' id='word_1_259' title='bbox 2990 1227 3057 1296; x_wconf 77' lang='grc' dir='ltr'><strong>τῇ</strong></span> <span class='ocrx_word' id='word_1_260' title='bbox 3115 1226 3411 1279; x_wconf 81' lang='grc' dir='ltr'><strong>ὑποστάσει</strong></span> <span class='ocrx_word' id='word_1_261' title='bbox 3459 1224 3558 1279; x_wconf 73' lang='grc' dir='ltr'><strong>καί⁸</strong></span> <span class='ocrx_word' id='word_1_262' title='bbox 3603 1224 3767 1278; x_wconf 77' lang='grc' dir='ltr'><strong>θείων</strong></span> 
     </span>
    </p>
   </div>
   <div class='ocr_carea' id='block_1_41' title="bbox 2183 1310 3768 1391">
    <p class='ocr_par' dir='ltr' id='par_1_41' title="bbox 2183 1310 3768 1391">
     <span class='ocr_line' id='line_1_41' title="bbox 2183 1310 3768 1391; baseline -0.005 -17"><span class='ocrx_word' id='word_1_263' title='bbox 2183 1319 2429 1391; x_wconf 81' lang='grc' dir='ltr'><strong>φυσικῶν</strong></span> <span class='ocrx_word' id='word_1_264' title='bbox 2464 1316 2793 1388; x_wconf 88' lang='grc' dir='ltr'><strong>ἰδιωμάτων,</strong></span> <span class='ocrx_word' id='word_1_265' title='bbox 2835 1316 2986 1386; x_wconf 79' lang='grc' dir='ltr'><strong>ὅμως</strong></span> <span class='ocrx_word' id='word_1_266' title='bbox 3019 1314 3213 1377; x_wconf 59' lang='lat' dir='ltr'><strong>mare.</strong></span> <span class='ocrx_word' id='word_1_267' title='bbox 3257 1313 3351 1368; x_wconf 75' lang='grc' dir='ltr'><strong>καὶ</strong></span> <span class='ocrx_word' id='word_1_268' title='bbox 3394 1312 3591 1378; x_wconf 81' lang='grc' dir='ltr'><strong>οὑτως,</strong></span> <span class='ocrx_word' id='word_1_269' title='bbox 3621 1310 3768 1366; x_wconf 81' lang='grc' dir='ltr'><strong>κατά</strong></span> 
     </span>
    </p>
   </div>
   <div class='ocr_carea' id='block_1_42' title="bbox 2183 1405 3766 1483">
    <p class='ocr_par' dir='ltr' id='par_1_42' title="bbox 2183 1405 3766 1483">
     <span class='ocr_line' id='line_1_42' title="bbox 2183 1405 3766 1483; baseline -0.007 -16"><span class='ocrx_word' id='word_1_270' title='bbox 2183 1429 2308 1468; x_wconf 89' lang='grc' dir='ltr'><strong>τινα</strong></span> <span class='ocrx_word' id='word_1_271' title='bbox 2337 1411 2549 1483; x_wconf 88' lang='grc' dir='ltr'><strong>φυσικά</strong></span> <span class='ocrx_word' id='word_1_272' title='bbox 2574 1410 2746 1482; x_wconf 83' lang='grc' dir='ltr'><strong>αὐτῆς</strong></span> <span class='ocrx_word' id='word_1_273' title='bbox 2788 1408 3071 1482; x_wconf 73' lang='grc' dir='ltr'><strong>ῑξαίρετα·</strong></span> <span class='ocrx_word' id='word_1_274' title='bbox 3103 1409 3138 1479; x_wconf 76' lang='grc' dir='ltr'>ἡ</span> <span class='ocrx_word' id='word_1_275' title='bbox 3172 1407 3271 1478; x_wconf 69' lang='grc' dir='ltr'><strong>μὲν</strong></span> <span class='ocrx_word' id='word_1_276' title='bbox 3296 1406 3407 1476; x_wconf 85' lang='grc' dir='ltr'><strong>γάρ</strong></span> <span class='ocrx_word' id='word_1_277' title='bbox 3426 1406 3662 1460; x_wconf 59' lang='lat' dir='ltr'><strong>cetum</strong></span> <span class='ocrx_word' id='word_1_278' title='bbox 3686 1405 3766 1465; x_wconf 88' lang='grc' dir='ltr'><strong>ώς</strong></span> 
     </span>
    </p>
   </div>
   <div class='ocr_carea' id='block_1_43' title="bbox 2184 1497 3762 1574">
    <p class='ocr_par' dir='ltr' id='par_1_43' title="bbox 2184 1497 3762 1574">
     <span class='ocr_line' id='line_1_43' title="bbox 2184 1497 3762 1574; baseline -0.007 -15"><span class='ocrx_word' id='word_1_279' title='bbox 2184 1504 2430 1568; x_wconf 81' lang='grc' dir='ltr'><strong>Θεοποιὸς</strong></span> <span class='ocrx_word' id='word_1_280' title='bbox 2472 1505 2668 1574; x_wconf 83' lang='grc' dir='ltr'><strong>φύσις·</strong></span> <span class='ocrx_word' id='word_1_281' title='bbox 2737 1502 2772 1574; x_wconf 78' lang='grc' dir='ltr'><strong>ἡ</strong></span> <span class='ocrx_word' id='word_1_282' title='bbox 2823 1501 2883 1556; x_wconf 77' lang='grc' dir='ltr'><strong>δὲ</strong></span> <span class='ocrx_word' id='word_1_283' title='bbox 2929 1499 3137 1570; x_wconf 57' lang='lat' dir='ltr'><strong>season</strong></span> <span class='ocrx_word' id='word_1_284' title='bbox 3199 1497 3275 1562; x_wconf 88' lang='grc' dir='ltr'><strong>ώς</strong></span> <span class='ocrx_word' id='word_1_285' title='bbox 3333 1498 3762 1566; x_wconf 81' lang='grc' dir='ltr'><strong>θεοποιουμένη·</strong></span> 
     </span>
    </p>
   </div>
   <div class='ocr_carea' id='block_1_44' title="bbox 2184 1586 3764 1667">
    <p class='ocr_par' dir='ltr' id='par_1_44' title="bbox 2184 1586 3764 1667">
     <span class='ocr_line' id='line_1_44' title="bbox 2184 1586 3764 1667; baseline -0.006 -19"><span class='ocrx_word' id='word_1_286' title='bbox 2184 1594 2324 1667; x_wconf 75' lang='grc' dir='ltr'><strong>καὶὴ</strong></span> <span class='ocrx_word' id='word_1_287' title='bbox 2350 1592 2450 1665; x_wconf 74' lang='grc' dir='ltr'><strong>μὲν</strong></span> <span class='ocrx_word' id='word_1_288' title='bbox 2476 1591 2667 1664; x_wconf 72' lang='grc' dir='ltr'><strong>ὑψώθη</strong></span> <span class='ocrx_word' id='word_1_289' title='bbox 2695 1591 2859 1662; x_wconf 85' lang='grc' dir='ltr'><strong>φύσις</strong></span> <span class='ocrx_word' id='word_1_290' title='bbox 2878 1608 2901 1641; x_wconf 36' lang='grc' dir='ltr'><strong>·ν</strong></span> <span class='ocrx_word' id='word_1_291' title='bbox 2929 1593 2966 1661; x_wconf 80' lang='grc' dir='ltr'><strong>ἠ</strong></span> <span class='ocrx_word' id='word_1_292' title='bbox 2989 1590 3048 1645; x_wconf 79' lang='grc' dir='ltr'><strong>δὲ</strong></span> <span class='ocrx_word' id='word_1_293' title='bbox 3074 1589 3195 1660; x_wconf 89' lang='grc' dir='ltr'><strong>οὑχί</strong></span> <span class='ocrx_word' id='word_1_294' title='bbox 3218 1605 3233 1620; x_wconf 95' lang='grc'><strong>·</strong></span> <span class='ocrx_word' id='word_1_295' title='bbox 3267 1589 3364 1642; x_wconf 79' lang='grc' dir='ltr'><strong>καὶ</strong></span> <span class='ocrx_word' id='word_1_296' title='bbox 3393 1589 3427 1658; x_wconf 77' lang='grc' dir='ltr'>ὴ</span> <span class='ocrx_word' id='word_1_297' title='bbox 3464 1589 3564 1658; x_wconf 82' lang='grc' dir='ltr'><strong>μὲν</strong></span> <span class='ocrx_word' id='word_1_298' title='bbox 3592 1586 3764 1640; x_wconf 70' lang='grc' dir='ltr'><strong>ἔδωκε</strong></span> 
     </span>
    </p>
   </div>
   <div class='ocr_carea' id='block_1_45' title="bbox 2183 1674 3766 1757">
    <p class='ocr_par' dir='ltr' id='par_1_45' title="bbox 2183 1674 3766 1757">
     <span class='ocr_line' id='line_1_45' title="bbox 2183 1674 3766 1757; baseline -0.009 -15"><span class='ocrx_word' id='word_1_299' title='bbox 2183 1685 2256 1742; x_wconf 88' lang='grc' dir='ltr'><strong>τά</strong></span> <span class='ocrx_word' id='word_1_300' title='bbox 2278 1686 2412 1740; x_wconf 84' lang='grc' dir='ltr'><strong>ῐδια·</strong></span> <span class='ocrx_word' id='word_1_301' title='bbox 2444 1685 2479 1757; x_wconf 76' lang='grc' dir='ltr'><strong>ἡ</strong></span> <span class='ocrx_word' id='word_1_302' title='bbox 2506 1684 2565 1737; x_wconf 73' lang='grc' dir='ltr'><strong>δὲ</strong></span> <span class='ocrx_word' id='word_1_303' title='bbox 2593 1682 2754 1738; x_wconf 73' lang='grc' dir='ltr'><strong>ἔλαϐε</strong></span> <span class='ocrx_word' id='word_1_304' title='bbox 2781 1681 2853 1736; x_wconf 85' lang='grc' dir='ltr'><strong>τά</strong></span> <span class='ocrx_word' id='word_1_305' title='bbox 2876 1681 3086 1752; x_wconf 84' lang='grc' dir='ltr'><strong>δόματα</strong></span> <span class='ocrx_word' id='word_1_306' title='bbox 3114 1679 3183 1734; x_wconf 79' lang='grc' dir='ltr'><strong>τά</strong></span> <span class='ocrx_word' id='word_1_307' title='bbox 3209 1677 3418 1750; x_wconf 86' lang='grc' dir='ltr'><strong>φυσικά</strong></span> <span class='ocrx_word' id='word_1_308' title='bbox 3436 1694 3454 1710; x_wconf 92' lang='grc'><strong>·</strong></span> <span class='ocrx_word' id='word_1_309' title='bbox 3491 1676 3648 1730; x_wconf 70' lang='grc' dir='ltr'><strong>οὐδὲν</strong></span> <span class='ocrx_word' id='word_1_310' title='bbox 3668 1674 3766 1729; x_wconf 80' lang='grc' dir='ltr'><strong>σῦν</strong></span> 
     </span>
    </p>
   </div>
   <div class='ocr_carea' id='block_1_46' title="bbox 2185 1768 3768 1849">
    <p class='ocr_par' dir='ltr' id='par_1_46' title="bbox 2185 1768 3768 1849">
     <span class='ocr_line' id='line_1_46' title="bbox 2185 1768 3768 1849; baseline -0.008 -15"><span class='ocrx_word' id='word_1_311' title='bbox 2185 1780 2251 1834; x_wconf 80' lang='grc' dir='ltr'><strong>ὲκ</strong></span> <span class='ocrx_word' id='word_1_312' title='bbox 2272 1778 2439 1833; x_wconf 85' lang='grc' dir='ltr'><strong>τῶνδε</strong></span> <span class='ocrx_word' id='word_1_313' title='bbox 2468 1779 2601 1849; x_wconf 76' lang='grc' dir='ltr'><strong>ἡμῖν</strong></span> <span class='ocrx_word' id='word_1_314' title='bbox 2627 1778 2662 1848; x_wconf 80' lang='grc' dir='ltr'><strong>η</strong></span> <span class='ocrx_word' id='word_1_315' title='bbox 2704 1774 2799 1830; x_wconf 87' lang='grc' dir='ltr'><strong>τοῦ</strong></span> <span class='ocrx_word' id='word_1_316' title='bbox 2828 1772 3128 1847; x_wconf 77' lang='grc' dir='ltr'><strong>προσώπου</strong></span> <span class='ocrx_word' id='word_1_317' title='bbox 3160 1772 3352 1836; x_wconf 72' lang='grc' dir='ltr'><strong>ἓνωσις</strong></span> <span class='ocrx_word' id='word_1_318' title='bbox 3367 1769 3467 1842; x_wconf 81' lang='grc' dir='ltr'><strong>τὴν</strong></span> <span class='ocrx_word' id='word_1_319' title='bbox 3496 1768 3768 1840; x_wconf 82' lang='grc' dir='ltr'><strong>διαφορὰν</strong></span> 
     </span>
    </p>
   </div>
   <div class='ocr_carea' id='block_1_47' title="bbox 2184 1866 2916 1941">
    <p class='ocr_par' dir='ltr' id='par_1_47' title="bbox 2184 1866 2916 1941">
     <span class='ocr_line' id='line_1_47' title="bbox 2184 1866 2916 1941; baseline -0.01 -15"><span class='ocrx_word' id='word_1_320' title='bbox 2184 1870 2296 1926; x_wconf 85' lang='grc' dir='ltr'><strong>τῶν</strong></span> <span class='ocrx_word' id='word_1_321' title='bbox 2325 1869 2543 1941; x_wconf 82' lang='grc' dir='ltr'><strong>φύσεων</strong></span> <span class='ocrx_word' id='word_1_322' title='bbox 2575 1866 2916 1939; x_wconf 83' lang='grc' dir='ltr'><strong>λυμαίνεται.</strong></span> 
     </span>
    </p>
   </div>
   <div class='ocr_carea' id='block_1_48' title="bbox 2751 1959 3196 2026">
    <p class='ocr_par' dir='ltr' id='par_1_48' title="bbox 2751 1959 3196 2026">
     <span class='ocr_line' id='line_1_48' title="bbox 2751 1959 3196 2026; baseline 0.002 -12"><span class='ocrx_word' id='word_1_323' title='bbox 2751 1960 3009 2014; x_wconf 77' lang='grc' dir='ltr'><strong>ΚΕΦΑΛ.</strong></span> <span class='ocrx_word' id='word_1_324' title='bbox 3048 1959 3196 2026; x_wconf 68' lang='lat' dir='ltr'><strong>KG’.</strong></span> 
     </span>
    </p>
   </div>
   <div class='ocr_carea' id='block_1_49' title="bbox 2256 2042 3767 2124">
    <p class='ocr_par' dir='ltr' id='par_1_49' title="bbox 2256 2042 3767 2124">
     <span class='ocr_line' id='line_1_49' title="bbox 2256 2042 3767 2124; baseline -0.007 -16"><span class='ocrx_word' id='word_1_325' title='bbox 2256 2055 2321 2109; x_wconf 85' lang='grc' dir='ltr'><strong>Εἰ</strong></span> <span class='ocrx_word' id='word_1_326' title='bbox 2351 2052 2512 2124; x_wconf 87' lang='grc' dir='ltr'><strong>φύσει</strong></span> <span class='ocrx_word' id='word_1_327' title='bbox 2542 2052 2674 2116; x_wconf 85' lang='grc' dir='ltr'><strong>Θεὸς</strong></span> <span class='ocrx_word' id='word_1_328' title='bbox 2700 2051 3000 2122; x_wconf 85' lang='grc' dir='ltr'><strong>όΧριστὸς,</strong></span> <span class='ocrx_word' id='word_1_329' title='bbox 3020 2049 3137 2113; x_wconf 79' lang='grc' dir='ltr'><strong>πῶς</strong></span> <span class='ocrx_word' id='word_1_330' title='bbox 3158 2049 3307 2118; x_wconf 82' lang='grc' dir='ltr'><strong>λέγει</strong></span> <span class='ocrx_word' id='word_1_331' title='bbox 3335 2047 3395 2102; x_wconf 69' lang='grc' dir='ltr'><strong>ιν</strong></span> <span class='ocrx_word' id='word_1_332' title='bbox 3409 2045 3489 2118; x_wconf 80' lang='grc' dir='ltr'><strong>τῷ</strong></span> <span class='ocrx_word' id='word_1_333' title='bbox 3518 2042 3767 2116; x_wconf 75' lang='grc' dir='ltr'><strong>σταυρῷ,</strong></span> 
     </span>
    </p>
   </div>
   <div class='ocr_carea' id='block_1_50' title="bbox 2194 2134 3767 2217">
    <p class='ocr_par' dir='ltr' id='par_1_50' title="bbox 2194 2134 3767 2217">
     <span class='ocr_line' id='line_1_50' title="bbox 2194 2134 3767 2217; baseline -0.008 -17"><span class='ocrx_word' id='word_1_334' title='bbox 2194 2164 2213 2201; x_wconf 88' lang='grc' dir='ltr'><strong>ι</strong></span> <span class='ocrx_word' id='word_1_335' title='bbox 2242 2145 2344 2200; x_wconf 84' lang='grc' dir='ltr'><strong>Θεέ</strong></span> <span class='ocrx_word' id='word_1_336' title='bbox 2373 2162 2496 2217; x_wconf 89' lang='grc' dir='ltr'><strong>μου,</strong></span> <span class='ocrx_word' id='word_1_337' title='bbox 2513 2142 2616 2198; x_wconf 88' lang='grc' dir='ltr'><strong>Θεέ</strong></span> <span class='ocrx_word' id='word_1_338' title='bbox 2634 2159 2758 2213; x_wconf 85' lang='grc' dir='ltr'><strong>μου,</strong></span> <span class='ocrx_word' id='word_1_339' title='bbox 2777 2141 2864 2196; x_wconf 74' lang='grc' dir='ltr'><strong>ἵνα</strong></span> <span class='ocrx_word' id='word_1_340' title='bbox 2882 2141 2938 2195; x_wconf 87' lang='grc' dir='ltr'><strong>τί</strong></span> <span class='ocrx_word' id='word_1_341' title='bbox 2957 2158 3025 2213; x_wconf 88' lang='grc' dir='ltr'><strong>με</strong></span> <span class='ocrx_word' id='word_1_342' title='bbox 3044 2138 3398 2209; x_wconf 71' lang='grc' dir='ltr'><strong>ἐγκατέλιπες</strong></span> <span class='ocrx_word' id='word_1_343' title='bbox 3418 2152 3435 2205; x_wconf 79' lang='grc' dir='ltr'><strong>ς</strong></span> <span class='ocrx_word' id='word_1_344' title='bbox 3471 2154 3493 2187; x_wconf 77' lang='grc' dir='ltr'><strong>ι</strong></span> <span class='ocrx_word' id='word_1_345' title='bbox 3518 2134 3767 2203; x_wconf 73' lang='grc' dir='ltr'><strong>οὐδὲγάρ</strong></span> 
     </span>
    </p>
   </div>
   <div class='ocr_carea' id='block_1_51' title="bbox 2185 2227 3767 2309">
    <p class='ocr_par' dir='ltr' id='par_1_51' title="bbox 2185 2227 3767 2309">
     <span class='ocr_line' id='line_1_51' title="bbox 2185 2227 3767 2309; baseline -0.008 -15"><span class='ocrx_word' id='word_1_346' title='bbox 2185 2241 2302 2295; x_wconf 71' lang='grc' dir='ltr'><strong>ἔστι</strong></span> <span class='ocrx_word' id='word_1_347' title='bbox 2324 2237 2456 2292; x_wconf 88' lang='grc' dir='ltr'><strong>Θεοῦ</strong></span> <span class='ocrx_word' id='word_1_348' title='bbox 2475 2236 2606 2302; x_wconf 87' lang='grc' dir='ltr'><strong>Θεὸς</strong></span> <span class='ocrx_word' id='word_1_349' title='bbox 2622 2235 2781 2306; x_wconf 85' lang='grc' dir='ltr'><strong>φύσει</strong></span> <span class='ocrx_word' id='word_1_350' title='bbox 2795 2233 3083 2306; x_wconf 77' lang='grc' dir='ltr'><strong>νοουμένου</strong></span> <span class='ocrx_word' id='word_1_351' title='bbox 3102 2251 3117 2266; x_wconf 98' lang='grc'><strong>·</strong></span> <span class='ocrx_word' id='word_1_352' title='bbox 3140 2232 3249 2305; x_wconf 85' lang='grc' dir='ltr'><strong>ἀρα</strong></span> <span class='ocrx_word' id='word_1_353' title='bbox 3267 2227 3360 2286; x_wconf 78' lang='grc' dir='ltr'><strong>οὖν</strong></span> <span class='ocrx_word' id='word_1_354' title='bbox 3380 2229 3541 2300; x_wconf 83' lang='grc' dir='ltr'><strong>φύσει</strong></span> <span class='ocrx_word' id='word_1_355' title='bbox 3553 2227 3767 2309; x_wconf 65' lang='grc' dir='ltr'><strong>ἀγορευ-</strong></span> 
     </span>
    </p>
   </div>
   <div class='ocr_carea' id='block_1_52' title="bbox 2185 2319 3768 2399">
    <p class='ocr_par' dir='ltr' id='par_1_52' title="bbox 2185 2319 3768 2399">
     <span class='ocr_line' id='line_1_52' title="bbox 2185 2319 3768 2399; baseline -0.011 -13"><span class='ocrx_word' id='word_1_356' title='bbox 2185 2332 2285 2396; x_wconf 81' lang='grc' dir='ltr'><strong>πός</strong></span> <span class='ocrx_word' id='word_1_357' title='bbox 2304 2334 2449 2385; x_wconf 71' lang='grc' dir='ltr'><strong>ἐστιν</strong></span> <span class='ocrx_word' id='word_1_358' title='bbox 2475 2330 2505 2382; x_wconf 97' lang='lat'><strong>6</strong></span> <span class='ocrx_word' id='word_1_359' title='bbox 2519 2328 2694 2399; x_wconf 87' lang='grc' dir='ltr'><strong>λέγων</strong></span> <span class='ocrx_word' id='word_1_360' title='bbox 2714 2326 2911 2383; x_wconf 78' lang='grc' dir='ltr'><strong>ἑαυτοῦ</strong></span> <span class='ocrx_word' id='word_1_361' title='bbox 2932 2326 3064 2381; x_wconf 90' lang='grc' dir='ltr'><strong>Θεὸν</strong></span> <span class='ocrx_word' id='word_1_362' title='bbox 3083 2326 3175 2379; x_wconf 81' lang='grc' dir='ltr'><strong>τὸν</strong></span> <span class='ocrx_word' id='word_1_363' title='bbox 3203 2323 3335 2379; x_wconf 86' lang='grc' dir='ltr'><strong>Θεὸν</strong></span> <span class='ocrx_word' id='word_1_364' title='bbox 3362 2321 3573 2391; x_wconf 81' lang='grc' dir='ltr'><strong>σαφῶς.</strong></span> <span class='ocrx_word' id='word_1_365' title='bbox 3612 2319 3768 2371; x_wconf 79' lang='grc' dir='ltr'><strong>Ἐπεὶ</strong></span> 
     </span>
    </p>
   </div>
   <div class='ocr_carea' id='block_1_53' title="bbox 2185 2413 3767 2495">
    <p class='ocr_par' dir='ltr' id='par_1_53' title="bbox 2185 2413 3767 2495">
     <span class='ocr_line' id='line_1_53' title="bbox 2185 2413 3767 2495; baseline -0.011 -15"><span class='ocrx_word' id='word_1_366' title='bbox 2185 2421 2280 2480; x_wconf 82' lang='grc' dir='ltr'><strong>οὖν</strong></span> <span class='ocrx_word' id='word_1_367' title='bbox 2323 2424 2546 2495; x_wconf 82' lang='grc' dir='ltr'><strong>Πατέρα</strong></span> <span class='ocrx_word' id='word_1_368' title='bbox 2604 2421 2762 2494; x_wconf 79' lang='grc' dir='ltr'><strong>ἡμῶν</strong></span> <span class='ocrx_word' id='word_1_369' title='bbox 2809 2420 2906 2474; x_wconf 79' lang='grc' dir='ltr'><strong>καὶ</strong></span> <span class='ocrx_word' id='word_1_370' title='bbox 2954 2420 3117 2491; x_wconf 73' lang='grc' dir='ltr'><strong>ἡμεῖς</strong></span> <span class='ocrx_word' id='word_1_371' title='bbox 3147 2418 3239 2472; x_wconf 88' lang='grc' dir='ltr'><strong>τὸν</strong></span> <span class='ocrx_word' id='word_1_372' title='bbox 3269 2418 3327 2471; x_wconf 71' lang='grc' dir='ltr'><strong>έν</strong></span> <span class='ocrx_word' id='word_1_373' title='bbox 3359 2419 3475 2479; x_wconf 86' lang='grc' dir='ltr'><strong>τοίς</strong></span> <span class='ocrx_word' id='word_1_374' title='bbox 3513 2413 3767 2485; x_wconf 80' lang='grc' dir='ltr'><strong>οὑρανοίς</strong></span> 
     </span>
    </p>
   </div>
   <div class='ocr_carea' id='block_1_54' title="bbox 2185 2506 3770 2587">
    <p class='ocr_par' dir='ltr' id='par_1_54' title="bbox 2185 2506 3770 2587">
     <span class='ocr_line' id='line_1_54' title="bbox 2185 2506 3770 2587; baseline -0.009 -15"><span class='ocrx_word' id='word_1_375' title='bbox 2185 2518 2321 2572; x_wconf 89' lang='grc' dir='ltr'><strong>Θεὸν</strong></span> <span class='ocrx_word' id='word_1_376' title='bbox 2366 2516 2663 2585; x_wconf 88' lang='grc' dir='ltr'><strong>καλοῦμεν,</strong></span> <span class='ocrx_word' id='word_1_377' title='bbox 2694 2516 2807 2587; x_wconf 76' lang='grc' dir='ltr'><strong>ἄρα</strong></span> <span class='ocrx_word' id='word_1_378' title='bbox 2836 2530 2899 2583; x_wconf 89' lang='grc' dir='ltr'><strong>γε</strong></span> <span class='ocrx_word' id='word_1_379' title='bbox 2932 2511 3022 2567; x_wconf 86' lang='grc' dir='ltr'><strong>διὰ</strong></span> <span class='ocrx_word' id='word_1_380' title='bbox 3064 2511 3184 2565; x_wconf 86' lang='grc' dir='ltr'><strong>τόδε</strong></span> <span class='ocrx_word' id='word_1_381' title='bbox 3234 2509 3331 2563; x_wconf 78' lang='grc' dir='ltr'><strong>καί</strong></span> <span class='ocrx_word' id='word_1_382' title='bbox 3370 2509 3532 2579; x_wconf 71' lang='grc' dir='ltr'><strong>ἡμεῖς</strong></span> <span class='ocrx_word' id='word_1_383' title='bbox 3579 2506 3677 2559; x_wconf 76' lang='grc' dir='ltr'><strong>καὶ</strong></span> <span class='ocrx_word' id='word_1_384' title='bbox 3706 2506 3770 2557; x_wconf 81' lang='grc' dir='ltr'><strong>τὸ</strong></span> 
     </span>
    </p>
   </div>
   <div class='ocr_carea' id='block_1_55' title="bbox 2185 2598 3766 2681">
    <p class='ocr_par' dir='ltr' id='par_1_55' title="bbox 2185 2598 3766 2681">
     <span class='ocr_line' id='line_1_55' title="bbox 2185 2598 3766 2681; baseline -0.011 -14"><span class='ocrx_word' id='word_1_385' title='bbox 2185 2609 2330 2667; x_wconf 88' lang='grc' dir='ltr'><strong>κατά</strong></span> <span class='ocrx_word' id='word_1_386' title='bbox 2352 2610 2534 2681; x_wconf 81' lang='grc' dir='ltr'><strong>σάρκα</strong></span> <span class='ocrx_word' id='word_1_387' title='bbox 2567 2607 2727 2679; x_wconf 90' lang='grc' dir='ltr'><strong>φύσει</strong></span> <span class='ocrx_word' id='word_1_388' title='bbox 2764 2606 2874 2659; x_wconf 85' lang='grc' dir='ltr'><strong>υίοί</strong></span> <span class='ocrx_word' id='word_1_389' title='bbox 2917 2604 3078 2667; x_wconf 87' lang='grc' dir='ltr'><strong>Θεοῦ,</strong></span> <span class='ocrx_word' id='word_1_390' title='bbox 3104 2603 3138 2674; x_wconf 79' lang='grc' dir='ltr'>ἢ</span> <span class='ocrx_word' id='word_1_391' title='bbox 3164 2603 3225 2656; x_wconf 85' lang='grc' dir='ltr'><strong>οὑ</strong></span> <span class='ocrx_word' id='word_1_392' title='bbox 3256 2601 3420 2672; x_wconf 82' lang='grc' dir='ltr'><strong>δῆτα;</strong></span> <span class='ocrx_word' id='word_1_393' title='bbox 3447 2601 3513 2654; x_wconf 85' lang='grc' dir='ltr'><strong>Εἰ</strong></span> <span class='ocrx_word' id='word_1_394' title='bbox 3544 2598 3654 2669; x_wconf 78' lang='grc' dir='ltr'><strong>γάρ</strong></span> <span class='ocrx_word' id='word_1_395' title='bbox 3684 2598 3766 2667; x_wconf 77' lang='grc' dir='ltr'><strong>μὴ</strong></span> 
     </span>
    </p>
   </div>
   <div class='ocr_carea' id='block_1_56' title="bbox 2187 2688 3767 2772">
    <p class='ocr_par' dir='ltr' id='par_1_56' title="bbox 2187 2688 3767 2772">
     <span class='ocr_line' id='line_1_56' title="bbox 2187 2688 3767 2772; baseline -0.008 -18"><span class='ocrx_word' id='word_1_396' title='bbox 2187 2701 2347 2772; x_wconf 90' lang='grc' dir='ltr'><strong>φύσει</strong></span> <span class='ocrx_word' id='word_1_397' title='bbox 2385 2697 2602 2769; x_wconf 85' lang='grc' dir='ltr'><strong>πατέρα</strong></span> <span class='ocrx_word' id='word_1_398' title='bbox 2644 2695 2738 2751; x_wconf 90' lang='grc' dir='ltr'><strong>τοῦ</strong></span> <span class='ocrx_word' id='word_1_399' title='bbox 2781 2694 2906 2750; x_wconf 80' lang='grc' dir='ltr'><strong>ὅλου</strong></span> <span class='ocrx_word' id='word_1_400' title='bbox 2948 2693 3106 2766; x_wconf 70' lang='grc' dir='ltr'><strong>ἡμῶν</strong></span> <span class='ocrx_word' id='word_1_401' title='bbox 3135 2692 3422 2764; x_wconf 80' lang='grc' dir='ltr'><strong>δηλοῦμεν,</strong></span> <span class='ocrx_word' id='word_1_402' title='bbox 3455 2690 3517 2745; x_wconf 86' lang='grc' dir='ltr'><strong>δν</strong></span> <span class='ocrx_word' id='word_1_403' title='bbox 3560 2688 3767 2744; x_wconf 84' lang='grc' dir='ltr'><strong>καλοῦ-</strong></span> 
     </span>
    </p>
   </div>
   <div class='ocr_carea' id='block_1_57' title="bbox 2189 2774 3768 2867">
    <p class='ocr_par' dir='ltr' id='par_1_57' title="bbox 2189 2774 3768 2867">
     <span class='ocr_line' id='line_1_57' title="bbox 2189 2774 3768 2867; baseline -0.007 -19"><span class='ocrx_word' id='word_1_404' title='bbox 2189 2812 2291 2867; x_wconf 88' lang='grc' dir='ltr'><strong>μεν</strong></span> <span class='ocrx_word' id='word_1_405' title='bbox 2332 2793 2575 2864; x_wconf 83' lang='grc' dir='ltr'><strong>Πατέρα,</strong></span> <span class='ocrx_word' id='word_1_406' title='bbox 2618 2790 2738 2845; x_wconf 76' lang='grc' dir='ltr'><strong>οὑδὲ</strong></span> <span class='ocrx_word' id='word_1_407' title='bbox 2781 2789 2967 2859; x_wconf 82' lang='grc' dir='ltr'><strong>πάσης</strong></span> <span class='ocrx_word' id='word_1_408' title='bbox 2996 2786 3213 2858; x_wconf 88' lang='grc' dir='ltr'><strong>φύσεως</strong></span> <span class='ocrx_word' id='word_1_409' title='bbox 3244 2784 3411 2839; x_wconf 91' lang='grc' dir='ltr'><strong>αὑτοῦ</strong></span> <span class='ocrx_word' id='word_1_410' title='bbox 3444 2781 3581 2838; x_wconf 85' lang='grc' dir='ltr'><strong>Θεὸν</strong></span> <span class='ocrx_word' id='word_1_411' title='bbox 3622 2774 3768 2837; x_wconf 72' lang='grc' dir='ltr'><strong>εἶναι</strong></span> 
     </span>
    </p>
   </div>
   <div class='ocr_carea' id='block_1_58' title="bbox 2186 2879 3400 2959">
    <p class='ocr_par' dir='ltr' id='par_1_58' title="bbox 2186 2879 3400 2959">
     <span class='ocr_line' id='line_1_58' title="bbox 2186 2879 3400 2959; baseline -0.005 -17"><span class='ocrx_word' id='word_1_412' title='bbox 2186 2888 2430 2959; x_wconf 81' lang='grc' dir='ltr'><strong>ἀνάγκη,</strong></span> <span class='ocrx_word' id='word_1_413' title='bbox 2467 2886 2527 2941; x_wconf 81' lang='grc' dir='ltr'><strong>ὃν</strong></span> <span class='ocrx_word' id='word_1_414' title='bbox 2557 2884 2715 2940; x_wconf 81' lang='grc' dir='ltr'><strong>καλεῖ</strong></span> <span class='ocrx_word' id='word_1_415' title='bbox 2738 2883 2870 2939; x_wconf 86' lang='grc' dir='ltr'><strong>Θεὸν</strong></span> <span class='ocrx_word' id='word_1_416' title='bbox 2893 2880 3059 2938; x_wconf 88' lang='grc' dir='ltr'><strong>αὑτοῦ</strong></span> <span class='ocrx_word' id='word_1_417' title='bbox 3092 2882 3121 2936; x_wconf 93' lang='lat'><strong>6</strong></span> <span class='ocrx_word' id='word_1_418' title='bbox 3141 2879 3400 2953; x_wconf 79' lang='grc' dir='ltr'><strong>Χριστός.</strong></span> 
     </span>
    </p>
   </div>
   <div class='ocr_carea' id='block_1_59' title="bbox 2765 3065 3185 3123">
    <p class='ocr_par' dir='ltr' id='par_1_59' title="bbox 2765 3065 3185 3123">
     <span class='ocr_line' id='line_1_59' title="bbox 2765 3065 3185 3123; baseline -0.002 -1"><span class='ocrx_word' id='word_1_419' title='bbox 2765 3067 3018 3123; x_wconf 70' lang='grc' dir='ltr'><strong>ΚΕΦΑΔ.</strong></span> <span class='ocrx_word' id='word_1_420' title='bbox 3056 3065 3185 3123; x_wconf 81' lang='lat' dir='ltr'><strong>KZ’.</strong></span> 
     </span>
    </p>
   </div>
   <div class='ocr_carea' id='block_1_60' title="bbox 2256 3150 3762 3234">
    <p class='ocr_par' dir='ltr' id='par_1_60' title="bbox 2256 3150 3762 3234">
     <span class='ocr_line' id='line_1_60' title="bbox 2256 3150 3762 3234; baseline -0.01 -17"><span class='ocrx_word' id='word_1_421' title='bbox 2256 3164 2321 3217; x_wconf 83' lang='lat' dir='ltr'><strong>El</strong></span> <span class='ocrx_word' id='word_1_422' title='bbox 2351 3160 2511 3234; x_wconf 85' lang='grc' dir='ltr'><strong>φύσει</strong></span> <span class='ocrx_word' id='word_1_423' title='bbox 2545 3161 2681 3216; x_wconf 86' lang='grc' dir='ltr'><strong>Θεὸν</strong></span> <span class='ocrx_word' id='word_1_424' title='bbox 2717 3156 2858 3215; x_wconf 77' lang='grc' dir='ltr'><strong>εἰναι</strong></span> <span class='ocrx_word' id='word_1_425' title='bbox 2877 3159 2994 3232; x_wconf 67' lang='grc' dir='ltr'><strong>ᾔδει</strong></span> <span class='ocrx_word' id='word_1_426' title='bbox 3022 3158 3114 3213; x_wconf 89' lang='grc' dir='ltr'><strong>τὸν</strong></span> <span class='ocrx_word' id='word_1_427' title='bbox 3150 3153 3360 3228; x_wconf 79' lang='grc' dir='ltr'><strong>Ἰησοῦν</strong></span> <span class='ocrx_word' id='word_1_428' title='bbox 3385 3153 3454 3210; x_wconf 85' lang='grc' dir='ltr'><strong>τά</strong></span> <span class='ocrx_word' id='word_1_429' title='bbox 3480 3150 3762 3217; x_wconf 81' lang='grc' dir='ltr'><strong>δαιμόνια,</strong></span> 
     </span>
    </p>
   </div>
   <div class='ocr_carea' id='block_1_61' title="bbox 504 3238 2086 3335">
    <p class='ocr_par' dir='ltr' id='par_1_61' title="bbox 504 3238 2081 3319">
     <span class='ocr_line' id='line_1_61' title="bbox 504 3238 2081 3319; baseline 0.009 -27"><span class='ocrx_word' id='word_1_430' title='bbox 504 3238 783 3307; x_wconf 90' lang='lat' dir='ltr'><strong>quomodo</strong></span> <span class='ocrx_word' id='word_1_431' title='bbox 798 3239 937 3295; x_wconf 78' lang='lat' dir='ltr'><strong>dixit</strong></span> <span class='ocrx_word' id='word_1_432' title='bbox 960 3260 975 3297; x_wconf 90' lang='lat'><strong>:</strong></span> <span class='ocrx_word' id='word_1_433' title='bbox 1006 3261 1025 3295; x_wconf 88' lang='grc' dir='ltr'><strong>ι</strong></span> <span class='ocrx_word' id='word_1_434' title='bbox 1042 3241 1250 3315; x_wconf 86' lang='lat' dir='ltr'><strong>Adjuro</strong></span> <span class='ocrx_word' id='word_1_435' title='bbox 1264 3254 1315 3300; x_wconf 90' lang='lat' dir='ltr'><strong>te</strong></span> <span class='ocrx_word' id='word_1_436' title='bbox 1329 3245 1500 3303; x_wconf 89' lang='lat' dir='ltr'><strong>Deum</strong></span> <span class='ocrx_word' id='word_1_437' title='bbox 1516 3262 1586 3303; x_wconf 93' lang='lat' dir='ltr'><strong>ne</strong></span> <span class='ocrx_word' id='word_1_438' title='bbox 1612 3255 1870 3319; x_wconf 88' lang='lat' dir='ltr'><strong>torqueas</strong></span> <span class='ocrx_word' id='word_1_439' title='bbox 1882 3264 1985 3306; x_wconf 91' lang='lat' dir='ltr'><strong>nos</strong></span> <span class='ocrx_word' id='word_1_440' title='bbox 1999 3248 2013 3300; x_wconf 72' lang='grc' dir='ltr'><strong>ἱ</strong></span> <span class='ocrx_word' id='word_1_441' title='bbox 2031 3290 2045 3305; x_wconf 94' lang='lat'><strong>.</strong></span> <span class='ocrx_word' id='word_1_442' title='bbox 2060 3269 2081 3305; x_wconf 77' lang='grc' dir='ltr'><strong>ι</strong></span> 
     </span>
    </p>
   </div>
   <div class='ocr_carea' id='block_1_62' title="bbox 2186 3238 3767 3335">
    <p class='ocr_par' dir='ltr' id='par_1_62' title="bbox 2189 3242 3767 3326">
     <span class='ocr_line' id='line_1_62' title="bbox 2189 3242 3767 3326; baseline -0.008 -18"><span class='ocrx_word' id='word_1_443' title='bbox 2189 3254 2344 3326; x_wconf 80' lang='grc' dir='ltr'><strong>φησὶ,</strong></span> <span class='ocrx_word' id='word_1_444' title='bbox 2363 3253 2482 3318; x_wconf 85' lang='grc' dir='ltr'><strong>πῶς</strong></span> <span class='ocrx_word' id='word_1_445' title='bbox 2507 3253 2710 3323; x_wconf 74' lang='grc' dir='ltr'><strong>ἔλεγεν·</strong></span> <span class='ocrx_word' id='word_1_446' title='bbox 2734 3269 2754 3304; x_wconf 84' lang='grc' dir='ltr'><strong>ι</strong></span> <span class='ocrx_word' id='word_1_447' title='bbox 2777 3249 3075 3322; x_wconf 76' lang='grc' dir='ltr'><strong>Ἐξορκίζω</strong></span> <span class='ocrx_word' id='word_1_448' title='bbox 3100 3265 3159 3303; x_wconf 88' lang='grc' dir='ltr'><strong>σε</strong></span> <span class='ocrx_word' id='word_1_449' title='bbox 3183 3248 3274 3303; x_wconf 90' lang='grc' dir='ltr'><strong>τὸν</strong></span> <span class='ocrx_word' id='word_1_450' title='bbox 3295 3246 3428 3300; x_wconf 87' lang='grc' dir='ltr'><strong>Θεὸν</strong></span> <span class='ocrx_word' id='word_1_451' title='bbox 3460 3245 3548 3298; x_wconf 84' lang='grc' dir='ltr'><strong>ἰνα</strong></span> <span class='ocrx_word' id='word_1_452' title='bbox 3566 3242 3644 3314; x_wconf 78' lang='grc' dir='ltr'><strong>μὴ</strong></span> <span class='ocrx_word' id='word_1_453' title='bbox 3664 3242 3767 3313; x_wconf 76' lang='grc' dir='ltr'><strong>βα·</strong></span> 
     </span>
    </p>
   </div>
   <div class='ocr_carea' id='block_1_63' title="bbox 510 3329 2086 3417">
    <p class='ocr_par' dir='ltr' id='par_1_63' title="bbox 510 3329 2086 3403">
     <span class='ocr_line' id='line_1_63' title="bbox 510 3329 2086 3403; baseline 0.008 -18"><span class='ocrx_word' id='word_1_454' title='bbox 510 3329 595 3385; x_wconf 91' lang='lat' dir='ltr'><strong>Sit</strong></span> <span class='ocrx_word' id='word_1_455' title='bbox 624 3330 793 3402; x_wconf 75' lang='lat' dir='ltr'><strong>igitur</strong></span> <span class='ocrx_word' id='word_1_456' title='bbox 815 3333 963 3403; x_wconf 90' lang='lat' dir='ltr'><strong>quod</strong></span> <span class='ocrx_word' id='word_1_457' title='bbox 995 3350 1104 3390; x_wconf 92' lang='lat' dir='ltr'><strong>non</strong></span> <span class='ocrx_word' id='word_1_458' title='bbox 1136 3337 1395 3394; x_wconf 90' lang='lat' dir='ltr'><strong>noverint</strong></span> <span class='ocrx_word' id='word_1_459' title='bbox 1432 3355 1560 3395; x_wconf 91' lang='lat' dir='ltr'><strong>eum</strong></span> <span class='ocrx_word' id='word_1_460' title='bbox 1594 3340 1766 3397; x_wconf 87' lang='lat' dir='ltr'><strong>Deum</strong></span> <span class='ocrx_word' id='word_1_461' title='bbox 1814 3341 2086 3398; x_wconf 91' lang='lat' dir='ltr'><strong>immundi</strong></span> 
     </span>
    </p>
   </div>
   <div class='ocr_carea' id='block_1_64' title="bbox 2186 3329 3771 3417">
    <p class='ocr_par' dir='ltr' id='par_1_64' title="bbox 2191 3335 3771 3417">
     <span class='ocr_line' id='line_1_64' title="bbox 2191 3335 3771 3417; baseline -0.009 -17"><span class='ocrx_word' id='word_1_462' title='bbox 2191 3346 2417 3417; x_wconf 80' lang='grc' dir='ltr'><strong>σανίσῃς</strong></span> <span class='ocrx_word' id='word_1_463' title='bbox 2462 3347 2641 3416; x_wconf 72' lang='grc' dir='ltr'><strong>ήμᾶςς</strong></span> <span class='ocrx_word' id='word_1_464' title='bbox 2683 3363 2704 3400; x_wconf 75' lang='grc' dir='ltr'><strong>ι</strong></span> <span class='ocrx_word' id='word_1_465' title='bbox 2742 3344 2923 3398; x_wconf 81' lang='grc' dir='ltr'><strong>Ἔστω</strong></span> <span class='ocrx_word' id='word_1_466' title='bbox 2942 3342 3037 3397; x_wconf 78' lang='grc' dir='ltr'><strong>οὖν</strong></span> <span class='ocrx_word' id='word_1_467' title='bbox 3058 3344 3134 3413; x_wconf 77' lang='grc' dir='ltr'><strong>μὴ</strong></span> <span class='ocrx_word' id='word_1_468' title='bbox 3178 3340 3377 3395; x_wconf 82' lang='grc' dir='ltr'><strong>εἰδέναι</strong></span> <span class='ocrx_word' id='word_1_469' title='bbox 3418 3337 3585 3392; x_wconf 88' lang='grc' dir='ltr'><strong>αὑτὸν</strong></span> <span class='ocrx_word' id='word_1_470' title='bbox 3632 3335 3771 3388; x_wconf 81' lang='grc' dir='ltr'><strong>Θεὸν</strong></span> 
     </span>
    </p>
   </div>
   <div class='ocr_carea' id='block_1_65' title="bbox 506 3424 2088 3505">
    <p class='ocr_par' dir='ltr' id='par_1_65' title="bbox 506 3424 2088 3505">
     <span class='ocr_line' id='line_1_65' title="bbox 506 3424 2088 3505; baseline 0.009 -28"><span class='ocrx_word' id='word_1_471' title='bbox 506 3424 757 3493; x_wconf 85' lang='lat' dir='ltr'><strong>spiritus,</strong></span> <span class='ocrx_word' id='word_1_472' title='bbox 794 3440 899 3483; x_wconf 91' lang='lat' dir='ltr'><strong>nec</strong></span> <span class='ocrx_word' id='word_1_473' title='bbox 927 3443 1061 3500; x_wconf 79' lang='lat' dir='ltr'><strong>ergo</strong></span> <span class='ocrx_word' id='word_1_474' title='bbox 1085 3428 1285 3500; x_wconf 91' lang='lat' dir='ltr'><strong>aliquis</strong></span> <span class='ocrx_word' id='word_1_475' title='bbox 1314 3430 1459 3487; x_wconf 90' lang='lat' dir='ltr'><strong>inter</strong></span> <span class='ocrx_word' id='word_1_476' title='bbox 1492 3432 1749 3490; x_wconf 89' lang='lat' dir='ltr'><strong>homines</strong></span> <span class='ocrx_word' id='word_1_477' title='bbox 1780 3443 1963 3505; x_wconf 90' lang='lat' dir='ltr'><strong>potest</strong></span> <span class='ocrx_word' id='word_1_478' title='bbox 1999 3435 2088 3491; x_wconf 82' lang='lat' dir='ltr'><strong>di-</strong></span> 
     </span>
    </p>
   </div>
   <div class='ocr_carea' id='block_1_66' title="bbox 508 3519 2088 3598">
    <p class='ocr_par' dir='ltr' id='par_1_66' title="bbox 508 3519 2088 3598">
     <span class='ocr_line' id='line_1_66' title="bbox 508 3519 2088 3598; baseline 0.006 -25"><span class='ocrx_word' id='word_1_479' title='bbox 508 3532 636 3573; x_wconf 86' lang='lat' dir='ltr'><strong>cere</strong></span> <span class='ocrx_word' id='word_1_480' title='bbox 677 3519 971 3575; x_wconf 88' lang='lat' dir='ltr'><strong>Dominum</strong></span> <span class='ocrx_word' id='word_1_481' title='bbox 1023 3530 1081 3577; x_wconf 88' lang='lat' dir='ltr'><strong>et</strong></span> <span class='ocrx_word' id='word_1_482' title='bbox 1119 3522 1290 3579; x_wconf 83' lang='lat' dir='ltr'><strong>Deum</strong></span> <span class='ocrx_word' id='word_1_483' title='bbox 1331 3524 1540 3592; x_wconf 84' lang='lat' dir='ltr'><strong>Jesum,</strong></span> <span class='ocrx_word' id='word_1_484' title='bbox 1587 3525 1694 3580; x_wconf 85' lang='lat' dir='ltr'><strong>nisi</strong></span> <span class='ocrx_word' id='word_1_485' title='bbox 1744 3527 2004 3598; x_wconf 89' lang='lat' dir='ltr'><strong>loquatur</strong></span> <span class='ocrx_word' id='word_1_486' title='bbox 2030 3528 2088 3584; x_wconf 88' lang='lat' dir='ltr'><strong>in</strong></span> 
     </span>
    </p>
   </div>
   <div class='ocr_carea' id='block_1_67' title="bbox 509 3599 2091 3688">
    <p class='ocr_par' dir='ltr' id='par_1_67' title="bbox 509 3599 2091 3688">
     <span class='ocr_line' id='line_1_67' title="bbox 509 3599 2091 3688; baseline 0.008 -24"><span class='ocrx_word' id='word_1_487' title='bbox 509 3610 719 3683; x_wconf 85' lang='lat' dir='ltr'><strong>Spiritu</strong></span> <span class='ocrx_word' id='word_1_488' title='bbox 747 3621 957 3681; x_wconf 88' lang='lat' dir='ltr'><strong>sancto,</strong></span> <span class='ocrx_word' id='word_1_489' title='bbox 975 3615 1120 3671; x_wconf 90' lang='lat' dir='ltr'><strong>sicut</strong></span> <span class='ocrx_word' id='word_1_490' title='bbox 1151 3616 1415 3688; x_wconf 87' lang='lat' dir='ltr'><strong>scriptum</strong></span> <span class='ocrx_word' id='word_1_491' title='bbox 1445 3617 1593 3685; x_wconf 57' lang='lat' dir='ltr'><strong>esti,</strong></span> <span class='ocrx_word' id='word_1_492' title='bbox 1624 3640 1642 3671; x_wconf 80' lang='grc' dir='ltr'><strong>ι</strong></span> <span class='ocrx_word' id='word_1_493' title='bbox 1669 3620 1812 3688; x_wconf 85' lang='lat' dir='ltr'><strong>Quid</strong></span> <span class='ocrx_word' id='word_1_494' title='bbox 1845 3599 1979 3677; x_wconf 79' lang='lat' dir='ltr'><strong>vero</strong></span> <span class='ocrx_word' id='word_1_495' title='bbox 2006 3622 2091 3677; x_wconf 85' lang='lat' dir='ltr'><strong>vi-</strong></span> 
     </span>
    </p>
   </div>
   <div class='ocr_carea' id='block_1_68' title="bbox 511 3704 2090 3781">
    <p class='ocr_par' dir='ltr' id='par_1_68' title="bbox 511 3704 2090 3781">
     <span class='ocr_line' id='line_1_68' title="bbox 511 3704 2090 3781; baseline 0.008 -22"><span class='ocrx_word' id='word_1_496' title='bbox 511 3704 679 3760; x_wconf 90' lang='lat' dir='ltr'><strong>detur</strong></span> <span class='ocrx_word' id='word_1_497' title='bbox 715 3705 874 3763; x_wconf 83' lang='lat' dir='ltr'><strong>vobis</strong></span> <span class='ocrx_word' id='word_1_498' title='bbox 908 3707 1135 3781; x_wconf 75' lang='lat' dir='ltr'><strong>dignum</strong></span> <span class='ocrx_word' id='word_1_499' title='bbox 1175 3710 1283 3766; x_wconf 78' lang='lat' dir='ltr'><strong>fide</strong></span> <span class='ocrx_word' id='word_1_500' title='bbox 1312 3710 1421 3767; x_wconf 93' lang='lat' dir='ltr'><strong>dici</strong></span> <span class='ocrx_word' id='word_1_501' title='bbox 1449 3711 1519 3767; x_wconf 88' lang='lat' dir='ltr'><strong>ab</strong></span> <span class='ocrx_word' id='word_1_502' title='bbox 1553 3712 1795 3769; x_wconf 89' lang='lat' dir='ltr'><strong>inimicis</strong></span> <span class='ocrx_word' id='word_1_503' title='bbox 1836 3715 2090 3771; x_wconf 90' lang='lat' dir='ltr'><strong>veritatis</strong></span> 
     </span>
    </p>
   </div>
   <div class='ocr_carea' id='block_1_69' title="bbox 511 3800 2080 3877">
    <p class='ocr_par' dir='ltr' id='par_1_69' title="bbox 511 3800 2080 3877">
     <span class='ocr_line' id='line_1_69' title="bbox 511 3800 2080 3877; baseline 0.005 -24"><span class='ocrx_word' id='word_1_504' title='bbox 511 3812 749 3871; x_wconf 83' lang='lat' dir='ltr'><strong>semper,</strong></span> <span class='ocrx_word' id='word_1_505' title='bbox 769 3800 1112 3858; x_wconf 84' lang='lat' dir='ltr'><strong>damonibus</strong></span> <span class='ocrx_word' id='word_1_506' title='bbox 1134 3804 1315 3860; x_wconf 89' lang='lat' dir='ltr'><strong>unicis</strong></span> <span class='ocrx_word' id='word_1_507' title='bbox 1333 3813 1390 3860; x_wconf 88' lang='lat' dir='ltr'><strong>et</strong></span> <span class='ocrx_word' id='word_1_508' title='bbox 1410 3806 1688 3877; x_wconf 71' lang='lat' dir='ltr'><strong>magistris</strong></span> <span class='ocrx_word' id='word_1_509' title='bbox 1719 3807 1991 3864; x_wconf 84' lang='lat' dir='ltr'><strong>mendacii</strong></span> <span class='ocrx_word' id='word_1_510' title='bbox 2016 3809 2080 3863; x_wconf 70' lang='lat' dir='ltr'><strong>2i</strong></span> 
     </span>
    </p>
   </div>
   <div class='ocr_carea' id='block_1_70' title="bbox 1073 3980 1523 4043">
    <p class='ocr_par' dir='ltr' id='par_1_70' title="bbox 1073 3980 1523 4043">
     <span class='ocr_line' id='line_1_70' title="bbox 1073 3980 1523 4043; baseline 0.004 -5"><span class='ocrx_word' id='word_1_511' title='bbox 1073 3980 1227 4039; x_wconf 85' lang='lat' dir='ltr'><strong>CAP.</strong></span> <span class='ocrx_word' id='word_1_512' title='bbox 1282 3982 1523 4043; x_wconf 81' lang='lat' dir='ltr'><strong>XXVIII.</strong></span> 
     </span>
    </p>
   </div>
   <div class='ocr_carea' id='block_1_71' title="bbox 583 4073 2091 4146">
    <p class='ocr_par' dir='ltr' id='par_1_71' title="bbox 583 4073 2091 4146">
     <span class='ocr_line' id='line_1_71' title="bbox 583 4073 2091 4146; baseline 0.005 -17"><span class='ocrx_word' id='word_1_513' title='bbox 583 4073 640 4129; x_wconf 89' lang='lat' dir='ltr'><strong>Si</strong></span> <span class='ocrx_word' id='word_1_514' title='bbox 671 4088 821 4141; x_wconf 86' lang='lat' dir='ltr'><strong>caro,</strong></span> <span class='ocrx_word' id='word_1_515' title='bbox 851 4090 981 4131; x_wconf 87' lang='lat' dir='ltr'><strong>caro</strong></span> <span class='ocrx_word' id='word_1_516' title='bbox 1006 4086 1092 4132; x_wconf 90' lang='lat' dir='ltr'><strong>est</strong></span> <span class='ocrx_word' id='word_1_517' title='bbox 1129 4084 1187 4132; x_wconf 88' lang='lat' dir='ltr'><strong>et</strong></span> <span class='ocrx_word' id='word_1_518' title='bbox 1225 4092 1337 4134; x_wconf 91' lang='lat' dir='ltr'><strong>non</strong></span> <span class='ocrx_word' id='word_1_519' title='bbox 1373 4077 1654 4146; x_wconf 87' lang='lat' dir='ltr'><strong>divinitas,</strong></span> <span class='ocrx_word' id='word_1_520' title='bbox 1699 4094 1825 4135; x_wconf 89' lang='lat' dir='ltr'><strong>cum</strong></span> <span class='ocrx_word' id='word_1_521' title='bbox 1869 4096 1979 4136; x_wconf 89' lang='lat' dir='ltr'><strong>non</strong></span> <span class='ocrx_word' id='word_1_522' title='bbox 2018 4080 2091 4136; x_wconf 88' lang='lat' dir='ltr'><strong>sit</strong></span> 
     </span>
    </p>
   </div>
   <div class='ocr_carea' id='block_1_72' title="bbox 513 4162 2092 4243">
    <p class='ocr_par' dir='ltr' id='par_1_72' title="bbox 513 4162 2092 4243">
     <span class='ocr_line' id='line_1_72' title="bbox 513 4162 2092 4243; baseline 0.005 -25"><span class='ocrx_word' id='word_1_523' title='bbox 513 4162 774 4220; x_wconf 87' lang='lat' dir='ltr'><strong>divinitas</strong></span> <span class='ocrx_word' id='word_1_524' title='bbox 801 4181 1069 4224; x_wconf 88' lang='lat' dir='ltr'><strong>conversa</strong></span> <span class='ocrx_word' id='word_1_525' title='bbox 1101 4168 1154 4224; x_wconf 91' lang='lat' dir='ltr'><strong>in</strong></span> <span class='ocrx_word' id='word_1_526' title='bbox 1180 4184 1426 4237; x_wconf 89' lang='lat' dir='ltr'><strong>carnem,</strong></span> <span class='ocrx_word' id='word_1_527' title='bbox 1460 4186 1564 4227; x_wconf 89' lang='lat' dir='ltr'><strong>nec</strong></span> <span class='ocrx_word' id='word_1_528' title='bbox 1605 4172 1810 4228; x_wconf 86' lang='lat' dir='ltr'><strong>iterum</strong></span> <span class='ocrx_word' id='word_1_529' title='bbox 1853 4173 2092 4243; x_wconf 86' lang='lat' dir='ltr'><strong>complet</strong></span> 
     </span>
    </p>
   </div>
   <div class='ocr_carea' id='block_1_73' title="bbox 513 4254 2089 4332">
    <p class='ocr_par' dir='ltr' id='par_1_73' title="bbox 513 4254 2089 4332">
     <span class='ocr_line' id='line_1_73' title="bbox 513 4254 2089 4332; baseline 0.006 -23"><span class='ocrx_word' id='word_1_530' title='bbox 513 4254 879 4311; x_wconf 83' lang='lat' dir='ltr'><strong>substantiam</strong></span> <span class='ocrx_word' id='word_1_531' title='bbox 934 4258 1149 4325; x_wconf 88' lang='lat' dir='ltr'><strong>carnis,</strong></span> <span class='ocrx_word' id='word_1_532' title='bbox 1207 4260 1486 4330; x_wconf 90' lang='lat' dir='ltr'><strong>quomodo</strong></span> <span class='ocrx_word' id='word_1_533' title='bbox 1552 4272 1777 4332; x_wconf 90' lang='lat' dir='ltr'><strong>propter</strong></span> <span class='ocrx_word' id='word_1_534' title='bbox 1838 4262 2089 4318; x_wconf 83' lang='lat' dir='ltr'><strong>eamdem</strong></span> 
     </span>
    </p>
   </div>
   <div class='ocr_carea' id='block_1_74' title="bbox 512 4351 2091 4416">
    <p class='ocr_par' dir='ltr' id='par_1_74' title="bbox 512 4351 2091 4416">
     <span class='ocr_line' id='line_1_74' title="bbox 512 4351 2091 4416; baseline 0.004 -9"><span class='ocrx_word' id='word_1_535' title='bbox 512 4366 734 4407; x_wconf 89' lang='lat' dir='ltr'><strong>causam</strong></span> <span class='ocrx_word' id='word_1_536' title='bbox 763 4392 778 4416; x_wconf 94' lang='lat'><strong>,</strong></span> <span class='ocrx_word' id='word_1_537' title='bbox 815 4366 926 4407; x_wconf 91' lang='lat' dir='ltr'><strong>non</strong></span> <span class='ocrx_word' id='word_1_538' title='bbox 948 4351 1114 4408; x_wconf 89' lang='lat' dir='ltr'><strong>homo</strong></span> <span class='ocrx_word' id='word_1_539' title='bbox 1137 4361 1224 4410; x_wconf 87' lang='lat' dir='ltr'><strong>est</strong></span> <span class='ocrx_word' id='word_1_540' title='bbox 1246 4363 1303 4410; x_wconf 92' lang='lat' dir='ltr'><strong>et</strong></span> <span class='ocrx_word' id='word_1_541' title='bbox 1325 4370 1436 4410; x_wconf 91' lang='lat' dir='ltr'><strong>non</strong></span> <span class='ocrx_word' id='word_1_542' title='bbox 1464 4354 1729 4411; x_wconf 84' lang='lat' dir='ltr'><strong>divinitas</strong></span> <span class='ocrx_word' id='word_1_543' title='bbox 1750 4356 1774 4409; x_wconf 70' lang='grc' dir='ltr'><strong>ἲ</strong></span> <span class='ocrx_word' id='word_1_544' title='bbox 1798 4356 1931 4411; x_wconf 84' lang='lat' dir='ltr'><strong>Nam</strong></span> <span class='ocrx_word' id='word_1_545' title='bbox 1961 4372 2091 4413; x_wconf 90' lang='lat' dir='ltr'><strong>vere</strong></span> 
     </span>
    </p>
   </div>
   <div class='ocr_carea' id='block_1_75' title="bbox 511 4442 2092 4510">
    <p class='ocr_par' dir='ltr' id='par_1_75' title="bbox 511 4442 2092 4510">
     <span class='ocr_line' id='line_1_75' title="bbox 511 4442 2092 4510; baseline 0.003 -14"><span class='ocrx_word' id='word_1_546' title='bbox 511 4451 707 4497; x_wconf 89' lang='lat' dir='ltr'><strong>natura</strong></span> <span class='ocrx_word' id='word_1_547' title='bbox 732 4442 917 4497; x_wconf 90' lang='lat' dir='ltr'><strong>carnis</strong></span> <span class='ocrx_word' id='word_1_548' title='bbox 944 4451 1030 4498; x_wconf 90' lang='lat' dir='ltr'><strong>est</strong></span> <span class='ocrx_word' id='word_1_549' title='bbox 1048 4443 1310 4510; x_wconf 86' lang='lat' dir='ltr'><strong>carnalis,</strong></span> <span class='ocrx_word' id='word_1_550' title='bbox 1335 4452 1392 4499; x_wconf 90' lang='lat' dir='ltr'><strong>et</strong></span> <span class='ocrx_word' id='word_1_551' title='bbox 1424 4452 1621 4499; x_wconf 89' lang='lat' dir='ltr'><strong>natura</strong></span> <span class='ocrx_word' id='word_1_552' title='bbox 1642 4445 2005 4502; x_wconf 87' lang='lat' dir='ltr'><strong>humanitatis</strong></span> <span class='ocrx_word' id='word_1_553' title='bbox 2030 4453 2092 4501; x_wconf 91' lang='lat' dir='ltr'><strong>ut</strong></span> 
     </span>
    </p>
   </div>
   <div class='ocr_carea' id='block_1_76' title="bbox 512 4534 2091 4609">
    <p class='ocr_par' dir='ltr' id='par_1_76' title="bbox 512 4534 2091 4609">
     <span class='ocr_line' id='line_1_76' title="bbox 512 4534 2091 4609; baseline 0.001 -19"><span class='ocrx_word' id='word_1_554' title='bbox 512 4535 768 4590; x_wconf 87' lang='lat' dir='ltr'><strong>humana</strong></span> <span class='ocrx_word' id='word_1_555' title='bbox 818 4542 904 4591; x_wconf 89' lang='lat' dir='ltr'><strong>est</strong></span> <span class='ocrx_word' id='word_1_556' title='bbox 947 4534 1210 4601; x_wconf 83' lang='lat' dir='ltr'><strong>humana,</strong></span> <span class='ocrx_word' id='word_1_557' title='bbox 1256 4534 1355 4591; x_wconf 90' lang='lat' dir='ltr'><strong>sed</strong></span> <span class='ocrx_word' id='word_1_558' title='bbox 1399 4551 1511 4591; x_wconf 91' lang='lat' dir='ltr'><strong>non</strong></span> <span class='ocrx_word' id='word_1_559' title='bbox 1554 4536 1673 4592; x_wconf 84' lang='lat' dir='ltr'><strong>hac</strong></span> <span class='ocrx_word' id='word_1_560' title='bbox 1705 4538 1927 4608; x_wconf 89' lang='lat' dir='ltr'><strong>propria</strong></span> <span class='ocrx_word' id='word_1_561' title='bbox 1988 4538 2091 4609; x_wconf 79' lang='lat' dir='ltr'><strong>hy-</strong></span> 
     </span>
    </p>
   </div>
   <div class='ocr_carea' id='block_1_77' title="bbox 511 4615 2165 4700">
    <p class='ocr_par' dir='ltr' id='par_1_77' title="bbox 511 4615 2165 4700">
     <span class='ocr_line' id='line_1_77' title="bbox 511 4615 2165 4700; baseline 0.002 -20"><span class='ocrx_word' id='word_1_562' title='bbox 511 4626 778 4696; x_wconf 85' lang='lat' dir='ltr'><strong>postasis,</strong></span> <span class='ocrx_word' id='word_1_563' title='bbox 810 4640 915 4681; x_wconf 93' lang='lat' dir='ltr'><strong>nec</strong></span> <span class='ocrx_word' id='word_1_564' title='bbox 942 4625 1153 4696; x_wconf 80' lang='lat' dir='ltr'><strong>aliquid</strong></span> <span class='ocrx_word' id='word_1_565' title='bbox 1183 4626 1383 4681; x_wconf 88' lang='lat' dir='ltr'><strong>horum</strong></span> <span class='ocrx_word' id='word_1_566' title='bbox 1411 4626 1467 4682; x_wconf 80' lang='lat' dir='ltr'><strong>in</strong></span> <span class='ocrx_word' id='word_1_567' title='bbox 1495 4626 1718 4683; x_wconf 85' lang='lat' dir='ltr'><strong>Christo</strong></span> <span class='ocrx_word' id='word_1_568' title='bbox 1747 4637 1830 4684; x_wconf 91' lang='lat' dir='ltr'><strong>est</strong></span> <span class='ocrx_word' id='word_1_569' title='bbox 1868 4644 2088 4700; x_wconf 86' lang='lat' dir='ltr'><strong>separa-</strong></span> <span class='ocrx_word' id='word_1_570' title='bbox 2113 4615 2165 4677; x_wconf 81' lang='grc' dir='ltr'><strong>Ι)</strong></span> 
     </span>
    </p>
   </div>
   <div class='ocr_carea' id='block_1_78' title="bbox 512 4720 2087 4779">
    <p class='ocr_par' dir='ltr' id='par_1_78' title="bbox 512 4720 2087 4779">
     <span class='ocr_line' id='line_1_78' title="bbox 512 4720 2087 4779; baseline 0.002 -4"><span class='ocrx_word' id='word_1_571' title='bbox 512 4721 611 4778; x_wconf 87' lang='lat' dir='ltr'><strong>tim</strong></span> <span class='ocrx_word' id='word_1_572' title='bbox 643 4720 713 4777; x_wconf 84' lang='lat' dir='ltr'><strong>ab</strong></span> <span class='ocrx_word' id='word_1_573' title='bbox 760 4721 939 4776; x_wconf 87' lang='lat' dir='ltr'><strong>altero</strong></span> <span class='ocrx_word' id='word_1_574' title='bbox 980 4720 1337 4776; x_wconf 82' lang='lat' dir='ltr'><strong>submissum.</strong></span> <span class='ocrx_word' id='word_1_575' title='bbox 1380 4720 1515 4775; x_wconf 87' lang='lat' dir='ltr'><strong>Nam</strong></span> <span class='ocrx_word' id='word_1_576' title='bbox 1565 4722 1621 4777; x_wconf 90' lang='lat' dir='ltr'><strong>in</strong></span> <span class='ocrx_word' id='word_1_577' title='bbox 1663 4722 1788 4778; x_wconf 89' lang='lat' dir='ltr'><strong>aliis</strong></span> <span class='ocrx_word' id='word_1_578' title='bbox 1828 4722 2087 4779; x_wconf 90' lang='lat' dir='ltr'><strong>omnibus</strong></span> 
     </span>
    </p>
   </div>
   <div class='ocr_carea' id='block_1_79' title="bbox 513 4812 2086 4883">
    <p class='ocr_par' dir='ltr' id='par_1_79' title="bbox 513 4812 2086 4883">
     <span class='ocr_line' id='line_1_79' title="bbox 513 4812 2086 4883; baseline -0.001 -14"><span class='ocrx_word' id='word_1_579' title='bbox 513 4812 838 4883; x_wconf 87' lang='lat' dir='ltr'><strong>simpliciter</strong></span> <span class='ocrx_word' id='word_1_580' title='bbox 878 4813 1202 4869; x_wconf 88' lang='lat' dir='ltr'><strong>hominibus</strong></span> <span class='ocrx_word' id='word_1_581' title='bbox 1229 4827 1338 4867; x_wconf 92' lang='lat' dir='ltr'><strong>non</strong></span> <span class='ocrx_word' id='word_1_582' title='bbox 1367 4812 1692 4883; x_wconf 89' lang='lat' dir='ltr'><strong>simpliciter</strong></span> <span class='ocrx_word' id='word_1_583' title='bbox 1720 4813 1962 4869; x_wconf 89' lang='lat' dir='ltr'><strong>hominis</strong></span> <span class='ocrx_word' id='word_1_584' title='bbox 1989 4829 2086 4868; x_wconf 84' lang='lat' dir='ltr'><strong>na-</strong></span> 
     </span>
    </p>
   </div>
   <div class='ocr_carea' id='block_1_80' title="bbox 513 4905 2083 4976">
    <p class='ocr_par' dir='ltr' id='par_1_80' title="bbox 513 4905 2083 4976">
     <span class='ocr_line' id='line_1_80' title="bbox 513 4905 2083 4976; baseline 0.001 -15"><span class='ocrx_word' id='word_1_585' title='bbox 513 4916 660 4973; x_wconf 89' lang='lat' dir='ltr'><strong>tura,</strong></span> <span class='ocrx_word' id='word_1_586' title='bbox 703 4906 802 4962; x_wconf 89' lang='lat' dir='ltr'><strong>sed</strong></span> <span class='ocrx_word' id='word_1_587' title='bbox 839 4905 1125 4976; x_wconf 76' lang='lat' dir='ltr'><strong>cujusdam</strong></span> <span class='ocrx_word' id='word_1_588' title='bbox 1154 4921 1387 4975; x_wconf 88' lang='lat' dir='ltr'><strong>quaque</strong></span> <span class='ocrx_word' id='word_1_589' title='bbox 1412 4914 1607 4962; x_wconf 81' lang='lat' dir='ltr'><strong>natura</strong></span> <span class='ocrx_word' id='word_1_590' title='bbox 1655 4907 1820 4962; x_wconf 91' lang='lat' dir='ltr'><strong>unius</strong></span> <span class='ocrx_word' id='word_1_591' title='bbox 1853 4916 2083 4972; x_wconf 83' lang='lat' dir='ltr'><strong>natura,</strong></span> 
     </span>
    </p>
   </div>
   <div class='ocr_carea' id='block_1_81' title="bbox 508 4997 2087 5069">
    <p class='ocr_par' dir='ltr' id='par_1_81' title="bbox 508 4997 2087 5069">
     <span class='ocr_line' id='line_1_81' title="bbox 508 4997 2087 5069; baseline 0 -16"><span class='ocrx_word' id='word_1_592' title='bbox 508 5007 567 5053; x_wconf 91' lang='lat' dir='ltr'><strong>et</strong></span> <span class='ocrx_word' id='word_1_593' title='bbox 631 4998 890 5054; x_wconf 89' lang='lat' dir='ltr'><strong>similiter</strong></span> <span class='ocrx_word' id='word_1_594' title='bbox 946 5013 1051 5053; x_wconf 84' lang='lat' dir='ltr'><strong>nec</strong></span> <span class='ocrx_word' id='word_1_595' title='bbox 1111 5012 1247 5065; x_wconf 63' lang='lat' dir='ltr'><strong>caro~</strong></span> <span class='ocrx_word' id='word_1_596' title='bbox 1290 5012 1358 5052; x_wconf 80' lang='lat' dir='ltr'><strong>ex</strong></span> <span class='ocrx_word' id='word_1_597' title='bbox 1406 4997 1514 5053; x_wconf 87' lang='lat' dir='ltr'><strong>hoc</strong></span> <span class='ocrx_word' id='word_1_598' title='bbox 1577 4997 1902 5069; x_wconf 89' lang='lat' dir='ltr'><strong>simpliciter</strong></span> <span class='ocrx_word' id='word_1_599' title='bbox 1957 5013 2087 5054; x_wconf 87' lang='lat' dir='ltr'><strong>caro</strong></span> 
     </span>
    </p>
   </div>
   <div class='ocr_carea' id='block_1_82' title="bbox 510 5090 2085 5165">
    <p class='ocr_par' dir='ltr' id='par_1_82' title="bbox 510 5090 2085 5165">
     <span class='ocr_line' id='line_1_82' title="bbox 510 5090 2085 5165; baseline -0.001 -17"><span class='ocrx_word' id='word_1_600' title='bbox 510 5093 735 5158; x_wconf 91' lang='lat' dir='ltr'><strong>dicitur,</strong></span> <span class='ocrx_word' id='word_1_601' title='bbox 772 5090 1114 5149; x_wconf 87' lang='lat' dir='ltr'><strong>discernitur</strong></span> <span class='ocrx_word' id='word_1_602' title='bbox 1159 5091 1227 5146; x_wconf 90' lang='lat' dir='ltr'><strong>ab</strong></span> <span class='ocrx_word' id='word_1_603' title='bbox 1270 5091 1453 5147; x_wconf 87' lang='lat' dir='ltr'><strong>anima</strong></span> <span class='ocrx_word' id='word_1_604' title='bbox 1501 5092 1724 5163; x_wconf 88' lang='lat' dir='ltr'><strong>propria</strong></span> <span class='ocrx_word' id='word_1_605' title='bbox 1773 5092 2085 5165; x_wconf 86' lang='lat' dir='ltr'><strong>hypostasi,</strong></span> 
     </span>
    </p>
   </div>
   <div class='ocr_carea' id='block_1_83' title="bbox 511 5181 2087 5254">
    <p class='ocr_par' dir='ltr' id='par_1_83' title="bbox 511 5181 2087 5254">
     <span class='ocr_line' id='line_1_83' title="bbox 511 5181 2087 5254; baseline 0.001 -18"><span class='ocrx_word' id='word_1_606' title='bbox 511 5197 615 5237; x_wconf 90' lang='lat' dir='ltr'><strong>nec</strong></span> <span class='ocrx_word' id='word_1_607' title='bbox 659 5181 839 5237; x_wconf 85' lang='lat' dir='ltr'><strong>anima</strong></span> <span class='ocrx_word' id='word_1_608' title='bbox 883 5197 917 5238; x_wconf 85' lang='lat' dir='ltr'><strong>a</strong></span> <span class='ocrx_word' id='word_1_609' title='bbox 967 5197 1154 5237; x_wconf 84' lang='lat' dir='ltr'><strong>carne.</strong></span> <span class='ocrx_word' id='word_1_610' title='bbox 1185 5181 1348 5236; x_wconf 77' lang='lat' dir='ltr'><strong>Ratio</strong></span> <span class='ocrx_word' id='word_1_611' title='bbox 1392 5182 1637 5254; x_wconf 87' lang='lat' dir='ltr'><strong>mysterii</strong></span> <span class='ocrx_word' id='word_1_612' title='bbox 1693 5183 2087 5238; x_wconf 89' lang='lat' dir='ltr'><strong>incarnationis</strong></span> 
     </span>
    </p>
   </div>
   <div class='ocr_carea' id='block_1_84' title="bbox 512 5272 2086 5342">
    <p class='ocr_par' dir='ltr' id='par_1_84' title="bbox 512 5272 2086 5342">
     <span class='ocr_line' id='line_1_84' title="bbox 512 5272 2086 5342; baseline 0.001 -16"><span class='ocrx_word' id='word_1_613' title='bbox 512 5272 760 5342; x_wconf 76' lang='lat' dir='ltr'><strong>magistri</strong></span> <span class='ocrx_word' id='word_1_614' title='bbox 800 5273 978 5328; x_wconf 87' lang='lat' dir='ltr'><strong>nostri</strong></span> <span class='ocrx_word' id='word_1_615' title='bbox 1017 5272 1124 5329; x_wconf 90' lang='lat' dir='ltr'><strong>hoc</strong></span> <span class='ocrx_word' id='word_1_616' title='bbox 1182 5272 1367 5338; x_wconf 88' lang='lat' dir='ltr'><strong>docet,</strong></span> <span class='ocrx_word' id='word_1_617' title='bbox 1409 5279 1467 5328; x_wconf 86' lang='lat' dir='ltr'><strong>et</strong></span> <span class='ocrx_word' id='word_1_618' title='bbox 1510 5273 1580 5328; x_wconf 89' lang='lat' dir='ltr'><strong>de</strong></span> <span class='ocrx_word' id='word_1_619' title='bbox 1620 5273 1728 5328; x_wconf 90' lang='lat' dir='ltr'><strong>hoc</strong></span> <span class='ocrx_word' id='word_1_620' title='bbox 1772 5272 1937 5329; x_wconf 84' lang='lat' dir='ltr'><strong>ﬁdem</strong></span> <span class='ocrx_word' id='word_1_621' title='bbox 1981 5289 2086 5328; x_wconf 92' lang='lat' dir='ltr'><strong>no-</strong></span> 
     </span>
    </p>
   </div>
   <div class='ocr_carea' id='block_1_85' title="bbox 514 5363 2084 5436">
    <p class='ocr_par' dir='ltr' id='par_1_85' title="bbox 514 5363 2084 5436">
     <span class='ocr_line' id='line_1_85' title="bbox 514 5363 2084 5436; baseline 0.001 -17"><span class='ocrx_word' id='word_1_622' title='bbox 514 5374 685 5419; x_wconf 83' lang='lat' dir='ltr'><strong>stram</strong></span> <span class='ocrx_word' id='word_1_623' title='bbox 732 5364 996 5434; x_wconf 88' lang='lat' dir='ltr'><strong>postulat,</strong></span> <span class='ocrx_word' id='word_1_624' title='bbox 1025 5363 1173 5436; x_wconf 91' lang='lat' dir='ltr'><strong>quod</strong></span> <span class='ocrx_word' id='word_1_625' title='bbox 1207 5364 1676 5435; x_wconf 82' lang='lat' dir='ltr'><strong>praexsistentem</strong></span> <span class='ocrx_word' id='word_1_626' title='bbox 1714 5364 1966 5420; x_wconf 87' lang='lat' dir='ltr'><strong>humana</strong></span> <span class='ocrx_word' id='word_1_627' title='bbox 1984 5379 2084 5420; x_wconf 82' lang='lat' dir='ltr'><strong>na-</strong></span> 
     </span>
    </p>
   </div>
   <div class='ocr_carea' id='block_1_86' title="bbox 514 5456 2093 5528">
    <p class='ocr_par' dir='ltr' id='par_1_86' title="bbox 514 5456 2093 5528">
     <span class='ocr_line' id='line_1_86' title="bbox 514 5456 2093 5528; baseline 0 -17"><span class='ocrx_word' id='word_1_628' title='bbox 514 5465 651 5511; x_wconf 87' lang='lat' dir='ltr'><strong>tura</strong></span> <span class='ocrx_word' id='word_1_629' title='bbox 698 5457 1015 5528; x_wconf 79' lang='lat' dir='ltr'><strong>hypostasin</strong></span> <span class='ocrx_word' id='word_1_630' title='bbox 1061 5473 1218 5513; x_wconf 86' lang='lat' dir='ltr'><strong>suam</strong></span> <span class='ocrx_word' id='word_1_631' title='bbox 1262 5464 1319 5511; x_wconf 90' lang='lat' dir='ltr'><strong>et</strong></span> <span class='ocrx_word' id='word_1_632' title='bbox 1367 5467 1620 5513; x_wconf 80' lang='lat' dir='ltr'><strong>naturam</strong></span> <span class='ocrx_word' id='word_1_633' title='bbox 1660 5465 1788 5512; x_wconf 88' lang='lat' dir='ltr'><strong>ante</strong></span> <span class='ocrx_word' id='word_1_634' title='bbox 1831 5456 2027 5513; x_wconf 84' lang='lat' dir='ltr'><strong>sacula</strong></span> <span class='ocrx_word' id='word_1_635' title='bbox 2061 5472 2093 5511; x_wconf 90' lang='lat' dir='ltr'><strong>a</strong></span> 
     </span>
    </p>
   </div>
   <div class='ocr_carea' id='block_1_87' title="bbox 513 5549 2093 5620">
    <p class='ocr_par' dir='ltr' id='par_1_87' title="bbox 513 5549 2093 5620">
     <span class='ocr_line' id='line_1_87' title="bbox 513 5549 2093 5620; baseline -0.002 -14"><span class='ocrx_word' id='word_1_636' title='bbox 513 5565 679 5607; x_wconf 88' lang='lat' dir='ltr'><strong>carne</strong></span> <span class='ocrx_word' id='word_1_637' title='bbox 708 5550 945 5605; x_wconf 88' lang='lat' dir='ltr'><strong>alienam</strong></span> <span class='ocrx_word' id='word_1_638' title='bbox 960 5549 1200 5604; x_wconf 79' lang='lat' dir='ltr'><strong>Verbum</strong></span> <span class='ocrx_word' id='word_1_639' title='bbox 1229 5550 1286 5605; x_wconf 93' lang='lat' dir='ltr'><strong>in</strong></span> <span class='ocrx_word' id='word_1_640' title='bbox 1315 5549 1720 5619; x_wconf 87' lang='lat' dir='ltr'><strong>posterioribus</strong></span> <span class='ocrx_word' id='word_1_641' title='bbox 1750 5549 2093 5620; x_wconf 88' lang='lat' dir='ltr'><strong>temporibus</strong></span> 
     </span>
    </p>
   </div>
   <div class='ocr_carea' id='block_1_88' title="bbox 518 5640 2089 5713">
    <p class='ocr_par' dir='ltr' id='par_1_88' title="bbox 518 5640 2089 5713">
     <span class='ocr_line' id='line_1_88' title="bbox 518 5640 2089 5713; baseline 0 -16"><span class='ocrx_word' id='word_1_642' title='bbox 518 5641 627 5697; x_wconf 87' lang='lat' dir='ltr'><strong>sibi</strong></span> <span class='ocrx_word' id='word_1_643' title='bbox 680 5654 904 5696; x_wconf 87' lang='lat' dir='ltr'><strong>carnem</strong></span> <span class='ocrx_word' id='word_1_644' title='bbox 944 5654 1234 5695; x_wconf 86' lang='lat' dir='ltr'><strong>assumens</strong></span> <span class='ocrx_word' id='word_1_645' title='bbox 1282 5641 1339 5694; x_wconf 88' lang='lat' dir='ltr'><strong>in</strong></span> <span class='ocrx_word' id='word_1_646' title='bbox 1382 5640 1607 5711; x_wconf 88' lang='lat' dir='ltr'><strong>propria</strong></span> <span class='ocrx_word' id='word_1_647' title='bbox 1644 5641 1922 5713; x_wconf 82' lang='lat' dir='ltr'><strong>hypostasi</strong></span> <span class='ocrx_word' id='word_1_648' title='bbox 1977 5656 2089 5697; x_wconf 91' lang='lat' dir='ltr'><strong>non</strong></span> 
     </span>
    </p>
   </div>
   <div class='ocr_carea' id='block_1_89' title="bbox 515 5732 1945 5807">
    <p class='ocr_par' dir='ltr' id='par_1_89' title="bbox 515 5732 1945 5807">
     <span class='ocr_line' id='line_1_89' title="bbox 515 5732 1945 5807; baseline -0.001 -15"><span class='ocrx_word' id='word_1_649' title='bbox 515 5734 787 5807; x_wconf 86' lang='lat' dir='ltr'><strong>simplicis</strong></span> <span class='ocrx_word' id='word_1_650' title='bbox 832 5732 1074 5789; x_wconf 87' lang='lat' dir='ltr'><strong>hominis</strong></span> <span class='ocrx_word' id='word_1_651' title='bbox 1107 5732 1401 5788; x_wconf 86' lang='lat' dir='ltr'><strong>humanam</strong></span> <span class='ocrx_word' id='word_1_652' title='bbox 1436 5745 1687 5790; x_wconf 85' lang='lat' dir='ltr'><strong>naturam</strong></span> <span class='ocrx_word' id='word_1_653' title='bbox 1720 5737 1945 5791; x_wconf 88' lang='lat' dir='ltr'><strong>subivit.</strong></span> 
     </span>
    </p>
   </div>
   <div class='ocr_carea' id='block_1_90' title="bbox 2185 3425 3771 3509">
    <p class='ocr_par' dir='ltr' id='par_1_90' title="bbox 2185 3425 3771 3509">
     <span class='ocr_line' id='line_1_90' title="bbox 2185 3425 3771 3509; baseline -0.012 -16"><span class='ocrx_word' id='word_1_654' title='bbox 2185 3437 2257 3492; x_wconf 82' lang='grc' dir='ltr'><strong>τά</strong></span> <span class='ocrx_word' id='word_1_655' title='bbox 2289 3436 2581 3509; x_wconf 76' lang='grc' dir='ltr'><strong>ἀκάθαρτα</strong></span> <span class='ocrx_word' id='word_1_656' title='bbox 2640 3434 2965 3506; x_wconf 88' lang='grc' dir='ltr'><strong>πνεύματα·</strong></span> <span class='ocrx_word' id='word_1_657' title='bbox 3010 3431 3132 3486; x_wconf 75' lang='grc' dir='ltr'><strong>οὑδδ</strong></span> <span class='ocrx_word' id='word_1_658' title='bbox 3174 3430 3284 3501; x_wconf 88' lang='grc' dir='ltr'><strong>γὰρ</strong></span> <span class='ocrx_word' id='word_1_659' title='bbox 3324 3427 3436 3482; x_wconf 85' lang='grc' dir='ltr'><strong>τῶν</strong></span> <span class='ocrx_word' id='word_1_660' title='bbox 3463 3425 3771 3497; x_wconf 81' lang='grc' dir='ltr'><strong>ἀνθρώπων</strong></span> 
     </span>
    </p>
   </div>
   <div class='ocr_carea' id='block_1_91' title="bbox 2187 3518 3768 3601">
    <p class='ocr_par' dir='ltr' id='par_1_91' title="bbox 2187 3518 3768 3601">
     <span class='ocr_line' id='line_1_91' title="bbox 2187 3518 3768 3601; baseline -0.01 -13"><span class='ocrx_word' id='word_1_661' title='bbox 2187 3551 2271 3598; x_wconf 87' lang='grc' dir='ltr'><strong>τις</strong></span> <span class='ocrx_word' id='word_1_662' title='bbox 2296 3532 2523 3587; x_wconf 89' lang='grc' dir='ltr'><strong>δύναται</strong></span> <span class='ocrx_word' id='word_1_663' title='bbox 2563 3533 2739 3586; x_wconf 84' lang='grc' dir='ltr'><strong>εἰπεῖν</strong></span> <span class='ocrx_word' id='word_1_664' title='bbox 2775 3529 2987 3601; x_wconf 80' lang='grc' dir='ltr'><strong>Κύριον</strong></span> <span class='ocrx_word' id='word_1_665' title='bbox 3032 3528 3211 3582; x_wconf 83' lang='grc' dir='ltr'><strong>είτουν</strong></span> <span class='ocrx_word' id='word_1_666' title='bbox 3237 3524 3372 3579; x_wconf 87' lang='grc' dir='ltr'><strong>Θεὸν</strong></span> <span class='ocrx_word' id='word_1_667' title='bbox 3403 3524 3496 3577; x_wconf 86' lang='grc' dir='ltr'><strong>τὸν</strong></span> <span class='ocrx_word' id='word_1_668' title='bbox 3532 3518 3768 3591; x_wconf 84' lang='grc' dir='ltr'><strong>Ἰησοῦν,</strong></span> 
     </span>
    </p>
   </div>
   <div class='ocr_carea' id='block_1_92' title="bbox 2188 3614 3768 3696">
    <p class='ocr_par' dir='ltr' id='par_1_92' title="bbox 2188 3614 3768 3696">
     <span class='ocr_line' id='line_1_92' title="bbox 2188 3614 3768 3696; baseline -0.011 -15"><span class='ocrx_word' id='word_1_669' title='bbox 2188 3628 2238 3681; x_wconf 88' lang='grc' dir='ltr'><strong>εἰ</strong></span> <span class='ocrx_word' id='word_1_670' title='bbox 2282 3624 2359 3696; x_wconf 79' lang='grc' dir='ltr'><strong>μὴ</strong></span> <span class='ocrx_word' id='word_1_671' title='bbox 2398 3627 2457 3679; x_wconf 83' lang='grc' dir='ltr'><strong>ὲν</strong></span> <span class='ocrx_word' id='word_1_672' title='bbox 2490 3623 2771 3695; x_wconf 87' lang='grc' dir='ltr'><strong>Πνεύματι</strong></span> <span class='ocrx_word' id='word_1_673' title='bbox 2805 3621 2946 3693; x_wconf 85' lang='grc' dir='ltr'><strong>ἀγίῳ</strong></span> <span class='ocrx_word' id='word_1_674' title='bbox 2977 3619 3150 3685; x_wconf 87' lang='grc' dir='ltr'><strong>λαλεί,</strong></span> <span class='ocrx_word' id='word_1_675' title='bbox 3190 3615 3377 3680; x_wconf 75' lang='grc' dir='ltr'><strong>καθὼς</strong></span> <span class='ocrx_word' id='word_1_676' title='bbox 3421 3614 3768 3685; x_wconf 78' lang='grc' dir='ltr'><strong>γέγραπται·</strong></span> 
     </span>
    </p>
   </div>
   <div class='ocr_carea' id='block_1_93' title="bbox 2194 3703 3773 3788">
    <p class='ocr_par' dir='ltr' id='par_1_93' title="bbox 2194 3703 3773 3788">
     <span class='ocr_line' id='line_1_93' title="bbox 2194 3703 3773 3788; baseline -0.011 -15"><span class='ocrx_word' id='word_1_677' title='bbox 2194 3736 2214 3771; x_wconf 82' lang='grc' dir='ltr'><strong>ι</strong></span> <span class='ocrx_word' id='word_1_678' title='bbox 2246 3718 2312 3772; x_wconf 82' lang='grc' dir='ltr'><strong>Τί</strong></span> <span class='ocrx_word' id='word_1_679' title='bbox 2339 3717 2432 3772; x_wconf 80' lang='grc' dir='ltr'><strong>οῦν</strong></span> <span class='ocrx_word' id='word_1_680' title='bbox 2484 3718 2613 3788; x_wconf 79' lang='grc' dir='ltr'><strong>ὑμῖν</strong></span> <span class='ocrx_word' id='word_1_681' title='bbox 2645 3716 2973 3782; x_wconf 77' lang='grc' dir='ltr'><strong>ἀξιοπίστως</strong></span> <span class='ocrx_word' id='word_1_682' title='bbox 3012 3709 3265 3783; x_wconf 78' lang='grc' dir='ltr'><strong>εἰρῆσθαι</strong></span> <span class='ocrx_word' id='word_1_683' title='bbox 3316 3708 3465 3763; x_wconf 85' lang='grc' dir='ltr'><strong>δοκεῖ</strong></span> <span class='ocrx_word' id='word_1_684' title='bbox 3501 3705 3607 3759; x_wconf 79' lang='grc' dir='ltr'><strong>ὑπὸ</strong></span> <span class='ocrx_word' id='word_1_685' title='bbox 3656 3703 3773 3757; x_wconf 76' lang='grc' dir='ltr'><strong>τῶν</strong></span> 
     </span>
    </p>
   </div>
   <div class='ocr_carea' id='block_1_94' title="bbox 2188 3798 3772 3883">
    <p class='ocr_par' dir='ltr' id='par_1_94' title="bbox 2188 3798 3772 3883">
     <span class='ocr_line' id='line_1_94' title="bbox 2188 3798 3772 3883; baseline -0.009 -18"><span class='ocrx_word' id='word_1_686' title='bbox 2188 3810 2401 3883; x_wconf 70' lang='grc' dir='ltr'><strong>ἐχθρῶν</strong></span> <span class='ocrx_word' id='word_1_687' title='bbox 2451 3828 2510 3865; x_wconf 88' lang='grc' dir='ltr'><strong>τε</strong></span> <span class='ocrx_word' id='word_1_688' title='bbox 2548 3813 2650 3881; x_wconf 79' lang='grc' dir='ltr'><strong>τῆς</strong></span> <span class='ocrx_word' id='word_1_689' title='bbox 2692 3808 2955 3879; x_wconf 80' lang='grc' dir='ltr'><strong>ἀληθείας</strong></span> <span class='ocrx_word' id='word_1_690' title='bbox 3005 3807 3113 3870; x_wconf 73' lang='grc' dir='ltr'><strong>ἀεὶ,</strong></span> <span class='ocrx_word' id='word_1_691' title='bbox 3163 3803 3259 3857; x_wconf 80' lang='grc' dir='ltr'><strong>καὶ</strong></span> <span class='ocrx_word' id='word_1_692' title='bbox 3288 3800 3459 3873; x_wconf 82' lang='grc' dir='ltr'><strong>φίλων</strong></span> <span class='ocrx_word' id='word_1_693' title='bbox 3493 3799 3588 3853; x_wconf 81' lang='grc' dir='ltr'><strong>καὶ</strong></span> <span class='ocrx_word' id='word_1_694' title='bbox 3623 3798 3772 3853; x_wconf 78' lang='grc' dir='ltr'><strong>διδα-</strong></span> 
     </span>
    </p>
   </div>
   <div class='ocr_carea' id='block_1_95' title="bbox 2191 3898 3180 3973">
    <p class='ocr_par' dir='ltr' id='par_1_95' title="bbox 2191 3898 3180 3973">
     <span class='ocr_line' id='line_1_95' title="bbox 2191 3898 3180 3973; baseline -0.01 -15"><span class='ocrx_word' id='word_1_695' title='bbox 2191 3904 2405 3958; x_wconf 82' lang='grc' dir='ltr'><strong>σκάλων</strong></span> <span class='ocrx_word' id='word_1_696' title='bbox 2432 3902 2527 3957; x_wconf 81' lang='grc' dir='ltr'><strong>τοῦ</strong></span> <span class='ocrx_word' id='word_1_697' title='bbox 2555 3901 2783 3973; x_wconf 73' lang='grc' dir='ltr'><strong>ψεύδους</strong></span> <span class='ocrx_word' id='word_1_698' title='bbox 2803 3898 3123 3969; x_wconf 84' lang='grc' dir='ltr'><strong>δαιμονίων;</strong></span> <span class='ocrx_word' id='word_1_699' title='bbox 3159 3914 3180 3948; x_wconf 77' lang='grc' dir='ltr'><strong>ι</strong></span> 
     </span>
    </p>
   </div>
   <div class='ocr_carea' id='block_1_96' title="bbox 2767 3991 3193 4047">
    <p class='ocr_par' dir='ltr' id='par_1_96' title="bbox 2767 3991 3193 4047">
     <span class='ocr_line' id='line_1_96' title="bbox 2767 3991 3193 4047; baseline -0.009 0"><span class='ocrx_word' id='word_1_700' title='bbox 2767 3992 3017 4047; x_wconf 78' lang='grc' dir='ltr'><strong>ΚΕΦΑΔ.</strong></span> <span class='ocrx_word' id='word_1_701' title='bbox 3058 3991 3193 4043; x_wconf 83' lang='lat' dir='ltr'><strong>KH&#39;.</strong></span> 
     </span>
    </p>
   </div>
   <div class='ocr_carea' id='block_1_97' title="bbox 2261 4079 3771 4161">
    <p class='ocr_par' dir='ltr' id='par_1_97' title="bbox 2261 4079 3771 4161">
     <span class='ocr_line' id='line_1_97' title="bbox 2261 4079 3771 4161; baseline -0.008 -17"><span class='ocrx_word' id='word_1_702' title='bbox 2261 4088 2325 4144; x_wconf 84' lang='grc' dir='ltr'><strong>Εἰ</strong></span> <span class='ocrx_word' id='word_1_703' title='bbox 2362 4091 2396 4161; x_wconf 80' lang='grc' dir='ltr'>ὴ</span> <span class='ocrx_word' id='word_1_704' title='bbox 2446 4087 2605 4161; x_wconf 65' lang='grc' dir='ltr'><strong>σὰρξ,</strong></span> <span class='ocrx_word' id='word_1_705' title='bbox 2654 4086 2792 4155; x_wconf 79' lang='grc' dir='ltr'><strong>σάρξ</strong></span> <span class='ocrx_word' id='word_1_706' title='bbox 2823 4088 2940 4139; x_wconf 70' lang='grc' dir='ltr'><strong>ἐστι</strong></span> <span class='ocrx_word' id='word_1_707' title='bbox 2987 4084 3174 4139; x_wconf 85' lang='grc' dir='ltr'><strong>καὶοὺ</strong></span> <span class='ocrx_word' id='word_1_708' title='bbox 3217 4081 3429 4154; x_wconf 82' lang='grc' dir='ltr'><strong>θεότης,</strong></span> <span class='ocrx_word' id='word_1_709' title='bbox 3459 4079 3582 4135; x_wconf 65' lang='grc' dir='ltr'><strong>επεὶ</strong></span> <span class='ocrx_word' id='word_1_710' title='bbox 3632 4079 3771 4151; x_wconf 64' lang='grc' dir='ltr'><strong>μηδὲ</strong></span> 
     </span>
    </p>
   </div>
   <div class='ocr_carea' id='block_1_98' title="bbox 2190 4171 3771 4252">
    <p class='ocr_par' dir='ltr' id='par_1_98' title="bbox 2190 4171 3771 4252">
     <span class='ocr_line' id='line_1_98' title="bbox 2190 4171 3771 4252; baseline -0.006 -18"><span class='ocrx_word' id='word_1_711' title='bbox 2190 4180 2407 4252; x_wconf 72' lang='grc' dir='ltr'><strong>ἐτράπη</strong></span> <span class='ocrx_word' id='word_1_712' title='bbox 2448 4180 2481 4251; x_wconf 78' lang='grc' dir='ltr'>ἡ</span> <span class='ocrx_word' id='word_1_713' title='bbox 2527 4179 2719 4248; x_wconf 86' lang='grc' dir='ltr'><strong>θεότης</strong></span> <span class='ocrx_word' id='word_1_714' title='bbox 2754 4177 2834 4240; x_wconf 82' lang='grc' dir='ltr'><strong>εἰς</strong></span> <span class='ocrx_word' id='word_1_715' title='bbox 2882 4175 3079 4245; x_wconf 83' lang='grc' dir='ltr'><strong>σάρκα,</strong></span> <span class='ocrx_word' id='word_1_716' title='bbox 3132 4171 3269 4245; x_wconf 84' lang='grc' dir='ltr'><strong>μηδὲ</strong></span> <span class='ocrx_word' id='word_1_717' title='bbox 3328 4171 3494 4225; x_wconf 83' lang='grc' dir='ltr'><strong>πάλιν</strong></span> <span class='ocrx_word' id='word_1_718' title='bbox 3540 4186 3771 4225; x_wconf 80' lang='grc' dir='ltr'><strong>συνανα-</strong></span> 
     </span>
    </p>
   </div>
   <div class='ocr_carea' id='block_1_99' title="bbox 2190 4261 3770 4341">
    <p class='ocr_par' dir='ltr' id='par_1_99' title="bbox 2190 4261 3770 4341">
     <span class='ocr_line' id='line_1_99' title="bbox 2190 4261 3770 4341; baseline -0.006 -18"><span class='ocrx_word' id='word_1_719' title='bbox 2190 4269 2392 4341; x_wconf 82' lang='grc' dir='ltr'><strong>πληροϊ</strong></span> <span class='ocrx_word' id='word_1_720' title='bbox 2434 4271 2535 4340; x_wconf 84' lang='grc' dir='ltr'><strong>τὴν</strong></span> <span class='ocrx_word' id='word_1_721' title='bbox 2580 4267 2768 4323; x_wconf 86' lang='grc' dir='ltr'><strong>οὐσίαν</strong></span> <span class='ocrx_word' id='word_1_722' title='bbox 2814 4266 2914 4336; x_wconf 82' lang='grc' dir='ltr'><strong>τῆς</strong></span> <span class='ocrx_word' id='word_1_723' title='bbox 2961 4265 3186 4336; x_wconf 85' lang='grc' dir='ltr'><strong>σαρκὸς,</strong></span> <span class='ocrx_word' id='word_1_724' title='bbox 3222 4264 3338 4327; x_wconf 84' lang='grc' dir='ltr'><strong>πῶς</strong></span> <span class='ocrx_word' id='word_1_725' title='bbox 3360 4262 3449 4317; x_wconf 85' lang='grc' dir='ltr'><strong>διά</strong></span> <span class='ocrx_word' id='word_1_726' title='bbox 3471 4262 3572 4333; x_wconf 82' lang='grc' dir='ltr'><strong>τὴν</strong></span> <span class='ocrx_word' id='word_1_727' title='bbox 3597 4261 3770 4329; x_wconf 71' lang='grc' dir='ltr'><strong>αὐτὴν</strong></span> 
     </span>
    </p>
   </div>
   <div class='ocr_carea' id='block_1_100' title="bbox 2190 4354 3767 4433">
    <p class='ocr_par' dir='ltr' id='par_1_100' title="bbox 2190 4354 3767 4433">
     <span class='ocr_line' id='line_1_100' title="bbox 2190 4354 3767 4433; baseline -0.006 -16"><span class='ocrx_word' id='word_1_728' title='bbox 2190 4363 2392 4427; x_wconf 88' lang='grc' dir='ltr'><strong>αἰτίαν,</strong></span> <span class='ocrx_word' id='word_1_729' title='bbox 2429 4361 2552 4433; x_wconf 76' lang='grc' dir='ltr'><strong>οὑχὶ</strong></span> <span class='ocrx_word' id='word_1_730' title='bbox 2603 4360 2699 4415; x_wconf 76' lang='grc' dir='ltr'><strong>καὶ</strong></span> <span class='ocrx_word' id='word_1_731' title='bbox 2743 4361 2771 4415; x_wconf 87' lang='lat'><strong>6</strong></span> <span class='ocrx_word' id='word_1_732' title='bbox 2816 4358 3103 4430; x_wconf 79' lang='grc' dir='ltr'><strong>ἄνθρωπός</strong></span> <span class='ocrx_word' id='word_1_733' title='bbox 3142 4359 3261 4410; x_wconf 70' lang='grc' dir='ltr'><strong>ἐστι</strong></span> <span class='ocrx_word' id='word_1_734' title='bbox 3310 4357 3405 4409; x_wconf 81' lang='grc' dir='ltr'><strong>καὶ</strong></span> <span class='ocrx_word' id='word_1_735' title='bbox 3442 4355 3504 4409; x_wconf 86' lang='grc' dir='ltr'><strong>οὑ</strong></span> <span class='ocrx_word' id='word_1_736' title='bbox 3544 4354 3767 4425; x_wconf 78' lang='grc' dir='ltr'><strong>θεότης;</strong></span> 
     </span>
    </p>
   </div>
   <div class='ocr_carea' id='block_1_101' title="bbox 2191 4446 3770 4526">
    <p class='ocr_par' dir='ltr' id='par_1_101' title="bbox 2191 4446 3770 4526">
     <span class='ocr_line' id='line_1_101' title="bbox 2191 4446 3770 4526; baseline -0.008 -17"><span class='ocrx_word' id='word_1_737' title='bbox 2191 4455 2304 4510; x_wconf 76' lang='grc' dir='ltr'><strong>Καὶ</strong></span> <span class='ocrx_word' id='word_1_738' title='bbox 2350 4454 2459 4526; x_wconf 84' lang='grc' dir='ltr'><strong>γάρ</strong></span> <span class='ocrx_word' id='word_1_739' title='bbox 2503 4451 2718 4522; x_wconf 81' lang='grc' dir='ltr'><strong>ἀληθῶς</strong></span> <span class='ocrx_word' id='word_1_740' title='bbox 2758 4450 2794 4522; x_wconf 75' lang='grc' dir='ltr'>ἦ</span> <span class='ocrx_word' id='word_1_741' title='bbox 2853 4466 2911 4503; x_wconf 88' lang='grc' dir='ltr'><strong>τε</strong></span> <span class='ocrx_word' id='word_1_742' title='bbox 2947 4451 3046 4519; x_wconf 83' lang='grc' dir='ltr'><strong>τῆς</strong></span> <span class='ocrx_word' id='word_1_743' title='bbox 3095 4446 3316 4518; x_wconf 84' lang='grc' dir='ltr'><strong>σαρκὸς,</strong></span> <span class='ocrx_word' id='word_1_744' title='bbox 3364 4446 3601 4518; x_wconf 81' lang='grc' dir='ltr'><strong>σαρκική</strong></span> <span class='ocrx_word' id='word_1_745' title='bbox 3653 4446 3770 4499; x_wconf 64' lang='grc' dir='ltr'><strong>ἔστι</strong></span> 
     </span>
    </p>
   </div>
   <div class='ocr_carea' id='block_1_102' title="bbox 2192 4537 3770 4616">
    <p class='ocr_par' dir='ltr' id='par_1_102' title="bbox 2192 4537 3770 4616">
     <span class='ocr_line' id='line_1_102' title="bbox 2192 4537 3770 4616; baseline -0.005 -18"><span class='ocrx_word' id='word_1_746' title='bbox 2192 4545 2353 4615; x_wconf 86' lang='grc' dir='ltr'><strong>φύσις</strong></span> <span class='ocrx_word' id='word_1_747' title='bbox 2375 4562 2391 4578; x_wconf 93' lang='grc'><strong>·</strong></span> <span class='ocrx_word' id='word_1_748' title='bbox 2415 4544 2451 4616; x_wconf 73' lang='grc' dir='ltr'><strong>ἦ</strong></span> <span class='ocrx_word' id='word_1_749' title='bbox 2481 4560 2540 4597; x_wconf 89' lang='grc' dir='ltr'><strong>τε</strong></span> <span class='ocrx_word' id='word_1_750' title='bbox 2568 4542 2673 4613; x_wconf 83' lang='grc' dir='ltr'><strong>τῆς</strong></span> <span class='ocrx_word' id='word_1_751' title='bbox 2706 4540 3127 4612; x_wconf 83' lang='grc' dir='ltr'><strong>ἀνθρωπότητος</strong></span> <span class='ocrx_word' id='word_1_752' title='bbox 3161 4538 3237 4603; x_wconf 87' lang='grc' dir='ltr'><strong>ὡς</strong></span> <span class='ocrx_word' id='word_1_753' title='bbox 3262 4537 3633 4609; x_wconf 84' lang='grc' dir='ltr'><strong>ἀνθρωπείας,</strong></span> <span class='ocrx_word' id='word_1_754' title='bbox 3672 4537 3770 4590; x_wconf 80' lang='grc' dir='ltr'><strong>ἀν-</strong></span> 
     </span>
    </p>
   </div>
   <div class='ocr_carea' id='block_1_103' title="bbox 2192 4628 3770 4709">
    <p class='ocr_par' dir='ltr' id='par_1_103' title="bbox 2192 4628 3770 4709">
     <span class='ocr_line' id='line_1_103' title="bbox 2192 4628 3770 4709; baseline -0.006 -17"><span class='ocrx_word' id='word_1_755' title='bbox 2192 4636 2439 4709; x_wconf 85' lang='grc' dir='ltr'><strong>θρωπεία</strong></span> <span class='ocrx_word' id='word_1_756' title='bbox 2492 4634 2609 4688; x_wconf 75' lang='grc' dir='ltr'><strong>ἐστὶ</strong></span> <span class='ocrx_word' id='word_1_757' title='bbox 2681 4633 2876 4703; x_wconf 84' lang='grc' dir='ltr'><strong>φύσις·</strong></span> <span class='ocrx_word' id='word_1_758' title='bbox 2920 4632 3036 4687; x_wconf 85' lang='grc' dir='ltr'><strong>ἀλλ’</strong></span> <span class='ocrx_word' id='word_1_759' title='bbox 3084 4633 3182 4703; x_wconf 87' lang='grc' dir='ltr'><strong>οὑχ</strong></span> <span class='ocrx_word' id='word_1_760' title='bbox 3221 4630 3551 4693; x_wconf 78' lang='grc' dir='ltr'><strong>ὑποστάσεις</strong></span> <span class='ocrx_word' id='word_1_761' title='bbox 3593 4628 3770 4683; x_wconf 86' lang='grc' dir='ltr'><strong>ταῦτα</strong></span> 
     </span>
    </p>
   </div>
   <div class='ocr_carea' id='block_1_104' title="bbox 2197 4721 3770 4794">
    <p class='ocr_par' dir='ltr' id='par_1_104' title="bbox 2197 4721 3770 4794">
     <span class='ocr_line' id='line_1_104' title="bbox 2197 4721 3770 4794; baseline -0.005 -14"><span class='ocrx_word' id='word_1_762' title='bbox 2197 4727 2384 4789; x_wconf 74' lang='grc' dir='ltr'><strong>ἰδικαὶ,</strong></span> <span class='ocrx_word' id='word_1_763' title='bbox 2415 4725 2537 4780; x_wconf 90' lang='grc' dir='ltr'><strong>οὑδέ</strong></span> <span class='ocrx_word' id='word_1_764' title='bbox 2578 4743 2628 4779; x_wconf 88' lang='grc' dir='ltr'><strong>τι</strong></span> <span class='ocrx_word' id='word_1_765' title='bbox 2658 4724 2866 4779; x_wconf 89' lang='grc' dir='ltr'><strong>τούτων</strong></span> <span class='ocrx_word' id='word_1_766' title='bbox 2905 4725 2964 4778; x_wconf 73' lang='grc' dir='ltr'><strong>ὲν</strong></span> <span class='ocrx_word' id='word_1_767' title='bbox 3004 4722 3227 4794; x_wconf 85' lang='grc' dir='ltr'><strong>Χριστῷ</strong></span> <span class='ocrx_word' id='word_1_768' title='bbox 3267 4721 3770 4792; x_wconf 75' lang='grc' dir='ltr'><strong>ἀπεσχοινισμένως</strong></span> 
     </span>
    </p>
   </div>
   <div class='ocr_carea' id='block_1_105' title="bbox 2192 4811 3771 4887">
    <p class='ocr_par' dir='ltr' id='par_1_105' title="bbox 2192 4811 3771 4887">
     <span class='ocr_line' id='line_1_105' title="bbox 2192 4811 3771 4887; baseline -0.004 -16"><span class='ocrx_word' id='word_1_769' title='bbox 2192 4819 2313 4872; x_wconf 74' lang='grc' dir='ltr'><strong>ἐστὶ</strong></span> <span class='ocrx_word' id='word_1_770' title='bbox 2360 4818 2455 4871; x_wconf 90' lang='grc' dir='ltr'><strong>τοῦ</strong></span> <span class='ocrx_word' id='word_1_771' title='bbox 2505 4816 2696 4887; x_wconf 80' lang='grc' dir='ltr'><strong>ἑτέρου</strong></span> <span class='ocrx_word' id='word_1_772' title='bbox 2738 4816 3017 4886; x_wconf 87' lang='grc' dir='ltr'><strong>ὑφεστώς·</strong></span> <span class='ocrx_word' id='word_1_773' title='bbox 3058 4817 3156 4868; x_wconf 74' lang='grc' dir='ltr'><strong>καὶ</strong></span> <span class='ocrx_word' id='word_1_774' title='bbox 3202 4815 3262 4868; x_wconf 76' lang='grc' dir='ltr'><strong>ὲν</strong></span> <span class='ocrx_word' id='word_1_775' title='bbox 3300 4816 3414 4877; x_wconf 81' lang='grc' dir='ltr'><strong>τοῖς</strong></span> <span class='ocrx_word' id='word_1_776' title='bbox 3439 4812 3625 4876; x_wconf 72' lang='grc' dir='ltr'><strong>ἀλλοις</strong></span> <span class='ocrx_word' id='word_1_777' title='bbox 3658 4811 3771 4885; x_wconf 82' lang='grc' dir='ltr'><strong>γάρ</strong></span> 
     </span>
    </p>
   </div>
   <div class='ocr_carea' id='block_1_106' title="bbox 2170 4904 3770 4981">
    <p class='ocr_par' dir='ltr' id='par_1_106' title="bbox 2170 4904 3770 4981">
     <span class='ocr_line' id='line_1_106' title="bbox 2170 4904 3770 4981; baseline -0.005 -17"><span class='ocrx_word' id='word_1_778' title='bbox 2170 4911 2327 4964; x_wconf 65' lang='grc' dir='ltr'><strong>πᾶσι</strong></span> <span class='ocrx_word' id='word_1_779' title='bbox 2350 4908 2525 4980; x_wconf 78' lang='grc' dir='ltr'><strong>ψιλοῖς</strong></span> <span class='ocrx_word' id='word_1_780' title='bbox 2555 4906 2887 4981; x_wconf 79' lang='grc' dir='ltr'><strong>ἀνθρώποις,</strong></span> <span class='ocrx_word' id='word_1_781' title='bbox 2912 4907 3009 4977; x_wconf 86' lang='grc' dir='ltr'><strong>οὑχ</strong></span> <span class='ocrx_word' id='word_1_782' title='bbox 3054 4908 3088 4977; x_wconf 79' lang='grc' dir='ltr'><strong>η</strong></span> <span class='ocrx_word' id='word_1_783' title='bbox 3118 4904 3212 4959; x_wconf 87' lang='grc' dir='ltr'><strong>τοῦ</strong></span> <span class='ocrx_word' id='word_1_784' title='bbox 3237 4904 3528 4976; x_wconf 75' lang='grc' dir='ltr'><strong>ἀνθρώπου</strong></span> <span class='ocrx_word' id='word_1_785' title='bbox 3558 4904 3770 4967; x_wconf 74' lang='grc' dir='ltr'><strong>ἀτελῶς,</strong></span> 
     </span>
    </p>
   </div>
   <div class='ocr_carea' id='block_1_107' title="bbox 2192 4994 3773 5068">
    <p class='ocr_par' dir='ltr' id='par_1_107' title="bbox 2192 4994 3773 5068">
     <span class='ocr_line' id='line_1_107' title="bbox 2192 4994 3773 5068; baseline -0.004 -16"><span class='ocrx_word' id='word_1_786' title='bbox 2192 4998 2329 5052; x_wconf 84' lang='grc' dir='ltr'><strong>άλλά</strong></span> <span class='ocrx_word' id='word_1_787' title='bbox 2358 4996 2512 5051; x_wconf 84' lang='grc' dir='ltr'><strong>τοῦδέ</strong></span> <span class='ocrx_word' id='word_1_788' title='bbox 2575 5014 2719 5061; x_wconf 88' lang='grc' dir='ltr'><strong>τινος</strong></span> <span class='ocrx_word' id='word_1_789' title='bbox 2742 4995 2946 5068; x_wconf 80' lang='grc' dir='ltr'><strong>ἑκάστη</strong></span> <span class='ocrx_word' id='word_1_790' title='bbox 2967 5012 3027 5049; x_wconf 86' lang='grc' dir='ltr'><strong>τε</strong></span> <span class='ocrx_word' id='word_1_791' title='bbox 3058 4994 3219 5064; x_wconf 85' lang='grc' dir='ltr'><strong>φύσις</strong></span> <span class='ocrx_word' id='word_1_792' title='bbox 3248 4995 3610 5056; x_wconf 78' lang='grc' dir='ltr'><strong>ένυπόστατος</strong></span> <span class='ocrx_word' id='word_1_793' title='bbox 3639 4995 3773 5063; x_wconf 77' lang='grc' dir='ltr'><strong>δρᾶ.-</strong></span> 
     </span>
    </p>
   </div>
   <div class='ocr_carea' id='block_1_108' title="bbox 2190 5083 3772 5161">
    <p class='ocr_par' dir='ltr' id='par_1_108' title="bbox 2190 5083 3772 5161">
     <span class='ocr_line' id='line_1_108' title="bbox 2190 5083 3772 5161; baseline -0.006 -17"><span class='ocrx_word' id='word_1_794' title='bbox 2190 5108 2282 5144; x_wconf 88' lang='grc' dir='ltr'><strong>ται</strong></span> <span class='ocrx_word' id='word_1_795' title='bbox 2306 5107 2320 5122; x_wconf 94' lang='grc'><strong>·</strong></span> <span class='ocrx_word' id='word_1_796' title='bbox 2352 5092 2448 5144; x_wconf 72' lang='grc' dir='ltr'><strong>καὶ</strong></span> <span class='ocrx_word' id='word_1_797' title='bbox 2482 5090 2633 5161; x_wconf 82' lang='grc' dir='ltr'><strong>ὅμως</strong></span> <span class='ocrx_word' id='word_1_798' title='bbox 2660 5088 2784 5143; x_wconf 83' lang='grc' dir='ltr'><strong>οὑτε</strong></span> <span class='ocrx_word' id='word_1_799' title='bbox 2814 5090 2848 5161; x_wconf 76' lang='grc' dir='ltr'>ἠ</span> <span class='ocrx_word' id='word_1_800' title='bbox 2889 5086 3026 5158; x_wconf 79' lang='grc' dir='ltr'><strong>σὰρξ</strong></span> <span class='ocrx_word' id='word_1_801' title='bbox 3059 5087 3126 5139; x_wconf 75' lang='grc' dir='ltr'><strong>ὲκ</strong></span> <span class='ocrx_word' id='word_1_802' title='bbox 3161 5083 3258 5139; x_wconf 87' lang='grc' dir='ltr'><strong>τοῦ</strong></span> <span class='ocrx_word' id='word_1_803' title='bbox 3298 5084 3434 5152; x_wconf 80' lang='grc' dir='ltr'><strong>σάρξ</strong></span> <span class='ocrx_word' id='word_1_804' title='bbox 3467 5084 3653 5147; x_wconf 76' lang='grc' dir='ltr'><strong>ἁπλῶς</strong></span> <span class='ocrx_word' id='word_1_805' title='bbox 3681 5083 3772 5136; x_wconf 81' lang='grc' dir='ltr'><strong>λέ-</strong></span> 
     </span>
    </p>
   </div>
   <div class='ocr_carea' id='block_1_109' title="bbox 2192 5174 3770 5253">
    <p class='ocr_par' dir='ltr' id='par_1_109' title="bbox 2192 5174 3770 5253">
     <span class='ocr_line' id='line_1_109' title="bbox 2192 5174 3770 5253; baseline -0.006 -18"><span class='ocrx_word' id='word_1_806' title='bbox 2192 5182 2387 5252; x_wconf 85' lang='grc' dir='ltr'><strong>γεσθαι</strong></span> <span class='ocrx_word' id='word_1_807' title='bbox 2422 5181 2751 5253; x_wconf 87' lang='grc' dir='ltr'><strong>διακρίνοιτο</strong></span> <span class='ocrx_word' id='word_1_808' title='bbox 2779 5180 2880 5252; x_wconf 84' lang='grc' dir='ltr'><strong>τῆς</strong></span> <span class='ocrx_word' id='word_1_809' title='bbox 2908 5179 3090 5250; x_wconf 81' lang='grc' dir='ltr'><strong>ψυχῆς</strong></span> <span class='ocrx_word' id='word_1_810' title='bbox 3138 5177 3248 5249; x_wconf 78' lang='grc' dir='ltr'><strong>ἰδίᾳ</strong></span> <span class='ocrx_word' id='word_1_811' title='bbox 3290 5175 3608 5239; x_wconf 88' lang='grc' dir='ltr'><strong>ὑποστάσει,</strong></span> <span class='ocrx_word' id='word_1_812' title='bbox 3641 5174 3770 5228; x_wconf 79' lang='grc' dir='ltr'><strong>οὔτε</strong></span> 
     </span>
    </p>
   </div>
   <div class='ocr_carea' id='block_1_110' title="bbox 2190 5266 3770 5345">
    <p class='ocr_par' dir='ltr' id='par_1_110' title="bbox 2190 5266 3770 5345">
     <span class='ocr_line' id='line_1_110' title="bbox 2190 5266 3770 5345; baseline -0.006 -17"><span class='ocrx_word' id='word_1_813' title='bbox 2190 5276 2226 5345; x_wconf 78' lang='grc' dir='ltr'><strong>ἡ</strong></span> <span class='ocrx_word' id='word_1_814' title='bbox 2280 5273 2430 5345; x_wconf 75' lang='grc' dir='ltr'><strong>ψυχὴ</strong></span> <span class='ocrx_word' id='word_1_815' title='bbox 2481 5274 2583 5343; x_wconf 85' lang='grc' dir='ltr'><strong>τῆς</strong></span> <span class='ocrx_word' id='word_1_816' title='bbox 2642 5271 2843 5343; x_wconf 85' lang='grc' dir='ltr'><strong>σαρκός</strong></span> <span class='ocrx_word' id='word_1_817' title='bbox 2869 5287 2883 5302; x_wconf 94' lang='grc'><strong>·</strong></span> <span class='ocrx_word' id='word_1_818' title='bbox 2940 5273 2969 5323; x_wconf 91' lang='lat'><strong>6</strong></span> <span class='ocrx_word' id='word_1_819' title='bbox 3017 5268 3115 5323; x_wconf 88' lang='grc' dir='ltr'><strong>τοῦ</strong></span> <span class='ocrx_word' id='word_1_820' title='bbox 3164 5267 3471 5341; x_wconf 86' lang='grc' dir='ltr'><strong>μυστηρίου</strong></span> <span class='ocrx_word' id='word_1_821' title='bbox 3510 5266 3645 5335; x_wconf 86' lang='grc' dir='ltr'><strong>γοῦν</strong></span> <span class='ocrx_word' id='word_1_822' title='bbox 3668 5268 3770 5337; x_wconf 82' lang='grc' dir='ltr'><strong>τῆς</strong></span> 
     </span>
    </p>
   </div>
   <div class='ocr_carea' id='block_1_111' title="bbox 2191 5356 3771 5441">
    <p class='ocr_par' dir='ltr' id='par_1_111' title="bbox 2191 5356 3771 5441">
     <span class='ocr_line' id='line_1_111' title="bbox 2191 5356 3771 5441; baseline -0.008 -19"><span class='ocrx_word' id='word_1_823' title='bbox 2191 5368 2658 5441; x_wconf 74' lang='grc' dir='ltr'><strong>ὲνανθρωπήσεως</strong></span> <span class='ocrx_word' id='word_1_824' title='bbox 2697 5363 2793 5418; x_wconf 89' lang='grc' dir='ltr'><strong>τοῦ</strong></span> <span class='ocrx_word' id='word_1_825' title='bbox 2854 5362 3129 5416; x_wconf 89' lang='grc' dir='ltr'><strong>Δεσπότου</strong></span> <span class='ocrx_word' id='word_1_826' title='bbox 3182 5360 3341 5431; x_wconf 76' lang='grc' dir='ltr'><strong>ἡμῶν</strong></span> <span class='ocrx_word' id='word_1_827' title='bbox 3393 5359 3550 5429; x_wconf 84' lang='grc' dir='ltr'><strong>λόγος</strong></span> <span class='ocrx_word' id='word_1_828' title='bbox 3600 5356 3771 5411; x_wconf 85' lang='grc' dir='ltr'><strong>τοῦτο</strong></span> 
     </span>
    </p>
   </div>
   <div class='ocr_carea' id='block_1_112' title="bbox 2190 5450 3770 5527">
    <p class='ocr_par' dir='ltr' id='par_1_112' title="bbox 2190 5450 3770 5527">
     <span class='ocr_line' id='line_1_112' title="bbox 2190 5450 3770 5527; baseline -0.009 -11"><span class='ocrx_word' id='word_1_829' title='bbox 2190 5462 2467 5516; x_wconf 85' lang='grc' dir='ltr'><strong>διδάσκει·</strong></span> <span class='ocrx_word' id='word_1_830' title='bbox 2508 5458 2605 5512; x_wconf 76' lang='grc' dir='ltr'><strong>καὶ</strong></span> <span class='ocrx_word' id='word_1_831' title='bbox 2652 5456 2783 5527; x_wconf 76' lang='grc' dir='ltr'><strong>περὶ</strong></span> <span class='ocrx_word' id='word_1_832' title='bbox 2828 5454 3020 5509; x_wconf 87' lang='grc' dir='ltr'><strong>τούτου</strong></span> <span class='ocrx_word' id='word_1_833' title='bbox 3062 5452 3163 5524; x_wconf 82' lang='grc' dir='ltr'><strong>τὴν</strong></span> <span class='ocrx_word' id='word_1_834' title='bbox 3200 5453 3386 5505; x_wconf 87' lang='grc' dir='ltr'><strong>πίστιν</strong></span> <span class='ocrx_word' id='word_1_835' title='bbox 3418 5451 3565 5522; x_wconf 74' lang='grc' dir='ltr'><strong>ἡμᾶς</strong></span> <span class='ocrx_word' id='word_1_836' title='bbox 3597 5450 3770 5503; x_wconf 87' lang='grc' dir='ltr'><strong>άπαι-</strong></span> 
     </span>
    </p>
   </div>
   <div class='ocr_carea' id='block_1_113' title="bbox 2188 5540 3767 5623">
    <p class='ocr_par' dir='ltr' id='par_1_113' title="bbox 2188 5540 3767 5623">
     <span class='ocr_line' id='line_1_113' title="bbox 2188 5540 3767 5623; baseline -0.01 -15"><span class='ocrx_word' id='word_1_837' title='bbox 2188 5558 2300 5609; x_wconf 83' lang='grc' dir='ltr'><strong>τεῖ·</strong></span> <span class='ocrx_word' id='word_1_838' title='bbox 2329 5554 2404 5618; x_wconf 82' lang='grc' dir='ltr'><strong>ὡς</strong></span> <span class='ocrx_word' id='word_1_839' title='bbox 2433 5554 2532 5623; x_wconf 79' lang='grc' dir='ltr'><strong>τὴν</strong></span> <span class='ocrx_word' id='word_1_840' title='bbox 2554 5550 3020 5622; x_wconf 81' lang='grc' dir='ltr'><strong>προϋπάρχουσαν</strong></span> <span class='ocrx_word' id='word_1_841' title='bbox 3046 5549 3145 5617; x_wconf 75' lang='grc' dir='ltr'><strong>τῆς</strong></span> <span class='ocrx_word' id='word_1_842' title='bbox 3170 5543 3517 5615; x_wconf 83' lang='grc' dir='ltr'><strong>ἀνθρωπείας</strong></span> <span class='ocrx_word' id='word_1_843' title='bbox 3547 5540 3767 5612; x_wconf 85' lang='grc' dir='ltr'><strong>φύσεως</strong></span> 
     </span>
    </p>
   </div>
   <div class='ocr_carea' id='block_1_114' title="bbox 2188 5633 3769 5708">
    <p class='ocr_par' dir='ltr' id='par_1_114' title="bbox 2188 5633 3769 5708">
     <span class='ocr_line' id='line_1_114' title="bbox 2188 5633 3769 5708; baseline -0.011 -7"><span class='ocrx_word' id='word_1_844' title='bbox 2188 5646 2488 5701; x_wconf 84' lang='grc' dir='ltr'><strong>ὑπόστασιν</strong></span> <span class='ocrx_word' id='word_1_845' title='bbox 2529 5640 2725 5698; x_wconf 77' lang='grc' dir='ltr'><strong>ἑαυτοῦ</strong></span> <span class='ocrx_word' id='word_1_846' title='bbox 2786 5639 2880 5694; x_wconf 77' lang='grc' dir='ltr'><strong>καὶ</strong></span> <span class='ocrx_word' id='word_1_847' title='bbox 2922 5637 3086 5708; x_wconf 91' lang='grc' dir='ltr'><strong>φύσιν</strong></span> <span class='ocrx_word' id='word_1_848' title='bbox 3124 5637 3153 5691; x_wconf 95' lang='lat'><strong>6</strong></span> <span class='ocrx_word' id='word_1_849' title='bbox 3191 5635 3360 5703; x_wconf 83' lang='grc' dir='ltr'><strong>Λόγος</strong></span> <span class='ocrx_word' id='word_1_850' title='bbox 3395 5633 3493 5704; x_wconf 78' lang='grc' dir='ltr'><strong>τὴν</strong></span> <span class='ocrx_word' id='word_1_851' title='bbox 3520 5633 3769 5700; x_wconf 71' lang='grc' dir='ltr'><strong>ἀσαρκου</strong></span> 
     </span>
    </p>
   </div>
   <div class='ocr_carea' id='block_1_115' title="bbox 2188 5726 3760 5810">
    <p class='ocr_par' dir='ltr' id='par_1_115' title="bbox 2188 5726 3760 5810">
     <span class='ocr_line' id='line_1_115' title="bbox 2188 5726 3760 5810; baseline -0.008 -20"><span class='ocrx_word' id='word_1_852' title='bbox 2188 5738 2296 5810; x_wconf 90' lang='grc' dir='ltr'><strong>πρὸ</strong></span> <span class='ocrx_word' id='word_1_853' title='bbox 2334 5735 2566 5800; x_wconf 89' lang='grc' dir='ltr'><strong>αἰώνων,</strong></span> <span class='ocrx_word' id='word_1_854' title='bbox 2612 5735 2671 5788; x_wconf 81' lang='grc' dir='ltr'><strong>ὲν</strong></span> <span class='ocrx_word' id='word_1_855' title='bbox 2702 5732 2951 5803; x_wconf 81' lang='grc' dir='ltr'><strong>ὑστέροις</strong></span> <span class='ocrx_word' id='word_1_856' title='bbox 2981 5731 3193 5801; x_wconf 81' lang='grc' dir='ltr'><strong>καιροῖς</strong></span> <span class='ocrx_word' id='word_1_857' title='bbox 3226 5726 3406 5798; x_wconf 78' lang='grc' dir='ltr'><strong>ἐαυτῷ</strong></span> <span class='ocrx_word' id='word_1_858' title='bbox 3437 5726 3614 5797; x_wconf 83' lang='grc' dir='ltr'><strong>σάρκα</strong></span> <span class='ocrx_word' id='word_1_859' title='bbox 3658 5740 3760 5778; x_wconf 73' lang='grc' dir='ltr'><strong>πι-</strong></span> 
     </span>
    </p>
   </div>
   <div class='ocr_carea' id='block_1_116' title="bbox 521 5825 3274 5906">
    <p class='ocr_par' dir='ltr' id='par_1_116' title="bbox 521 5825 3274 5906">
     <span class='ocr_line' id='line_1_116' title="bbox 521 5825 3274 5906; baseline -0.003 -22"><span class='ocrx_word' id='word_1_860' title='bbox 521 5831 754 5899; x_wconf 83' lang='grc' dir='ltr'><strong>ριϐαλὼν</strong></span> <span class='ocrx_word' id='word_1_861' title='bbox 796 5832 933 5902; x_wconf 79' lang='grc' dir='ltr'><strong>αὐτῇ</strong></span> <span class='ocrx_word' id='word_1_862' title='bbox 977 5832 1044 5903; x_wconf 78' lang='grc' dir='ltr'><strong>τῇ</strong></span> <span class='ocrx_word' id='word_1_863' title='bbox 1082 5828 1188 5900; x_wconf 78' lang='grc' dir='ltr'><strong>ἰδεᾳ</strong></span> <span class='ocrx_word' id='word_1_864' title='bbox 1227 5828 1523 5883; x_wconf 87' lang='grc' dir='ltr'><strong>ὑποστάσει</strong></span> <span class='ocrx_word' id='word_1_865' title='bbox 1556 5832 1656 5886; x_wconf 88' lang='grc' dir='ltr'><strong>οὑκ</strong></span> <span class='ocrx_word' id='word_1_866' title='bbox 1686 5831 1977 5904; x_wconf 76' lang='grc' dir='ltr'><strong>ἀνθρώπου</strong></span> <span class='ocrx_word' id='word_1_867' title='bbox 2008 5832 2167 5904; x_wconf 72' lang='grc' dir='ltr'><strong>ψιλοῦ</strong></span> <span class='ocrx_word' id='word_1_868' title='bbox 2200 5834 2299 5906; x_wconf 75' lang='grc' dir='ltr'><strong>τὴν</strong></span> <span class='ocrx_word' id='word_1_869' title='bbox 2326 5830 2672 5903; x_wconf 80' lang='grc' dir='ltr'><strong>ἀνθρωπείαν</strong></span> <span class='ocrx_word' id='word_1_870' title='bbox 2696 5828 2857 5898; x_wconf 80' lang='grc' dir='ltr'><strong>φύσιν</strong></span> <span class='ocrx_word' id='word_1_871' title='bbox 2883 5825 3274 5895; x_wconf 82' lang='grc' dir='ltr'><strong>ὲνυπέστησεν.</strong></span> 
     </span>
    </p>
   </div>
   <div class='ocr_carea' id='block_1_117' title="bbox 586 5946 1560 6017">
    <p class='ocr_par' dir='ltr' id='par_1_117' title="bbox 586 5946 1560 6017">
     <span class='ocr_line' id='line_1_117' title="bbox 586 5946 1560 6017; baseline 0.004 -15"><span class='ocrx_word' id='word_1_872' title='bbox 586 5960 599 5997; x_wconf 69' lang='grc' dir='ltr'><strong>ι</strong></span> <span class='ocrx_word' id='word_1_873' title='bbox 636 5949 770 6005; x_wconf 88' lang='lat' dir='ltr'><strong>Luc.</strong></span> <span class='ocrx_word' id='word_1_874' title='bbox 802 5966 916 6017; x_wconf 74' lang='lat' dir='ltr'><strong>Vill,</strong></span> <span class='ocrx_word' id='word_1_875' title='bbox 940 5951 1028 6006; x_wconf 69' lang='lat'><strong>28.</strong></span> <span class='ocrx_word' id='word_1_876' title='bbox 1102 5946 1178 6005; x_wconf 65' lang='grc'><strong>’⁸1</strong></span> <span class='ocrx_word' id='word_1_877' title='bbox 1212 5947 1337 6005; x_wconf 86' lang='lat' dir='ltr'><strong>Cor.</strong></span> <span class='ocrx_word' id='word_1_878' title='bbox 1370 5964 1467 6017; x_wconf 80' lang='lat' dir='ltr'><strong>xu,</strong></span> <span class='ocrx_word' id='word_1_879' title='bbox 1506 5950 1560 6006; x_wconf 83' lang='lat'><strong>5.</strong></span> 
     </span>
    </p>
   </div>
  </div>
