4042 6572
373 446 508 515 1749

954 573 1207 630 ΚΕΦΑΔ.
1243 573 1367 630 ΔΘθ.

441 685 506 739 Ei
539 686 572 755 ἠ
624 686 723 758 μὶν
769 687 929 760 σὰρξ,
976 691 1113 763 σάρξ
1156 694 1294 758 ἐστι,
1329 693 1422 749 καὶ
1453 694 1515 750 οὐ
1562 694 1793 768 θεότης·
1824 699 1853 753 ό
1890 696 1947 753 δὲ

369 774 681 850 ἄνθρωπος,
716 780 1002 851 ἄνθρωπός
1032 785 1151 839 ἐστι
1197 784 1295 840 καὶ
1336 786 1397 840 οὑ
1452 786 1668 857 θεότης,
1720 786 1838 852 πῶς
1886 791 1952 843 ἐκ

376 873 579 943 μέρους
629 876 731 944 τῆς
779 876 984 946 σαρκὸς
1027 877 1122 932 τὸν
1160 878 1450 950 ἄνθρωπον
1499 879 1827 953 ὁνομάζειςς
1859 880 1952 952 Τῷ

375 964 477 1035 μὲν
506 964 609 1036 τῆς
648 966 864 1036 φύσεως
912 968 1056 1041 λόγῳ
1099 969 1268 1041 ἄμφω
1311 972 1444 1043 ἡμῖν
1478 974 1678 1028 νοεῖται
1705 974 1798 1028 ἐπὶ
1820 975 1956 1046 Χρι-

376 1054 504 1111 στοῦ
530 1057 861 1132 διαφέροντα
900 1062 1038 1133 πρὸς
1090 1063 1190 1136 τὴν
1219 1065 1451 1137 θεότητα
1470 1081 1485 1097 ·
1512 1066 1625 1120 εἴτε
1647 1066 1955 1139 ἀδιαφόρως

372 1151 432 1203 ἒν
451 1167 554 1205 τινι
584 1152 841 1224 σημαίνοι
878 1156 1186 1230 ἀμφότερα,
1215 1158 1328 1213 εἴτε
1382 1158 1460 1224 ὡς
1512 1160 1678 1232 μέρος
1706 1162 1740 1232 ἦ
1776 1160 1950 1232 σάρξο

372 1242 494 1296 δλον
526 1242 584 1298 δὲ
606 1243 826 1315 λέγοιτο
854 1248 882 1302 ό
906 1247 1227 1321 ἄνθρωπος’
1262 1249 1341 1321 τῷ
1370 1251 1429 1306 δὲ
1474 1254 1576 1324 τῆς
1604 1252 1956 1317 ὑποστάσεως

372 1331 518 1403 λόγῳ
565 1334 643 1396 ὡς
697 1335 863 1406 μέρος
896 1338 1165 1409 νοουμένη
1202 1339 1237 1412 ἡ
1286 1337 1446 1408 σάρξ,
1494 1339 1657 1396 πάλιν
1695 1338 1957 1403 ὡσαῦτως

372 1424 574 1494 ἔχουσα
620 1424 721 1496 τὴν
767 1426 977 1482 ἔννοιαν
1028 1429 1163 1502 πρὸς
1205 1432 1306 1503 τὴν
1334 1430 1567 1503 θεότητα
1586 1429 1682 1485 τοῦ
1715 1427 1956 1501 Χριστοῦ

374 1514 757 1586 λογισθήσεται
781 1534 797 1550 ⁸
821 1520 914 1573 καὶ
931 1519 1077 1573 ἐστιν
1101 1522 1233 1593 ἡμῖν
1261 1521 1664 1585 ἀνυπόστατος’
1691 1520 1813 1575 οὐδὲ
1845 1522 1958 1593 γὰρ

373 1608 433 1659 ὲν
461 1607 539 1678 τῷ
568 1608 745 1681 Λόγῳ,
781 1609 904 1664 οὑδὲ
947 1612 1106 1675 ἐκτὸς
1142 1612 1237 1666 τοῦ
1258 1613 1459 1683 Λόγου,
1499 1613 1635 1668 ίδίαν
1662 1613 1960 1668 ὑπόστασιν

371 1699 854 1772 ἀποκεκλήρωται,
878 1700 994 1755 ἀλλ’
1016 1701 1162 1755 ἔστιν
1181 1701 1256 1767 ὡς
1280 1702 1445 1773 μέρος
1480 1701 1830 1774 θεωρουμένη
1864 1701 1959 1756 τοῦ

373 1788 516 1853 ζώου
541 1789 661 1844 ἀεί·
695 1792 723 1845 ὁ
739 1791 794 1845 δὲ
816 1791 911 1846 ἄνθ
921 1810 1100 1863 ρωπος
1124 1792 1415 1865 λεγόμενος
1438 1794 1528 1848 ἐπὶ
1548 1793 1810 1865 Χριστοῦ,
1839 1794 1961 1847 ἐπεὶ

371 1882 473 1952 οὑχ
502 1881 690 1945 ἁπλῶς
732 1884 899 1956 μέρος
933 1886 1082 1939 ἐστὶν
1120 1886 1373 1957 ὁλότητος
1421 1887 1797 1953 ὑποστάσεως,
1842 1885 1961 1940 ἀλλ’

1354 462 1751 526 ADVERSUS
1788 463 2340 531 NESTORIANOS.
2364 493 2431 504 -
2453 468 2600 530 LIB.
2642 470 2710 529 V.

1982 581 2037 640 A

3504 461 3643 527 1750

2643 579 2797 635 CAP.
2849 576 3041 634 XXIX.

2119 693 2176 748 Si
2193 708 2486 759 caro,caro
2499 702 2649 749 estet
2672 709 2781 747 non
2803 692 3087 758 divinitas,
3102 691 3358 756 ethomo,
3376 689 3545 745 homo
3558 698 3645 745 est

2052 790 2111 838 et
2138 798 2249 838 non
2283 782 2859 854 divinitas,quomodo
2882 800 2950 838 ex
2977 791 3134 853 parte
3149 780 3335 837 carnis
3360 780 3655 844 hominem-

2055 875 2564 945 vocaSYConceptu
2598 883 2809 929 naturae
2847 874 3011 929 ambo
3042 873 3204 929 nobis
3237 879 3646 943 cognoscantur

2056 967 2126 1023 de
2169 968 2415 1032 Christo,
2448 966 2777 1021 dill'erentes
2805 964 2957 1021 circa
2989 964 3375 1041 divinitatem,
3422 963 3538 1018 sive
3567 961 3648 1015 in-

2057 1061 2387 1118 dill‘erenter
2411 1060 2465 1114 in
2488 1060 2675 1130 aliquo
2701 1065 2940 1127 utraque
2963 1056 3257 1128 signiﬁcat,
3295 1057 3412 1112 sive
3432 1064 3495 1110 ut
3519 1070 3647 1125 pars

2057 1166 2210 1217 caro,
2235 1159 2411 1206 totum
2434 1149 2640 1205 dicitur
2667 1148 2855 1203 homo.
2885 1146 3169 1218 Conceptu
3198 1146 3563 1218 hypostaseos
3587 1152 3648 1200 ut

2058 1259 2190 1315 pars
2238 1243 2457 1314 cognita
2507 1255 2660 1306 caro,
2709 1239 2915 1295 iterum
2963 1238 3162 1295 eodem
3223 1238 3391 1293 modo
3434 1236 3649 1292 habens

2059 1350 2287 1394 sensum
2318 1335 2387 1390 de
2416 1334 2708 1390 divinitate
2731 1330 2964 1397 Christi,
2999 1331 3278 1387 tribuetur
3298 1338 3355 1385 et
3378 1337 3464 1385 est
3486 1327 3650 1383 nobis

2060 1428 2419 1494 invincibilis,
2480 1444 2609 1482 nam
2667 1442 2852 1498 neque
2896 1426 2950 1481 in
3004 1424 3209 1490 Verbo,
3261 1437 3444 1492 neque
3492 1428 3649 1475 extra

2062 1520 2307 1578 Verbum
2343 1520 2631 1591 propriam
2679 1518 3002 1590 hypostasin
3055 1516 3110 1571 in
3158 1523 3371 1586 partem
3398 1512 3649 1598 habebit,

2058 1613 2154 1669 sed
2185 1622 2273 1669 est
2302 1621 2362 1667 ut
2386 1628 2513 1682 pars
2545 1622 2790 1683 spectata
2817 1608 3056 1665 viventis
3082 1622 3321 1677 semper.
3356 1605 3530 1661 Homo
3562 1603 3651 1658 di-

2062 1712 2187 1760 ctus
2228 1704 2285 1758 in
2321 1703 2567 1768 Christo,
2604 1719 2733 1759 cum
2777 1718 2888 1757 non
2941 1699 3271 1770 simpliciter
3297 1697 3373 1753 sit
3398 1710 3532 1767 pars
3565 1704 3651 1748 to-

2062 1796 2190 1851 talis
2226 1794 2563 1866 hypostasis,
2589 1793 2685 1849 sed
2708 1794 2762 1847 in
2790 1792 3015 1848 Christo
3042 1791 3243 1855 solum,
3269 1805 3379 1843 non
3399 1787 3651 1843 eamdem

2064 1888 2119 1942 in
2155 1887 2414 1943 omnibus
2463 1885 2784 1941 hominibus
2813 1884 3057 1939 custodit
3084 1884 3355 1938 rationem
3388 1881 3651 1953 hyposta-

372 1972 470 2026 ὲπὶ
500 1975 739 2045 Χριστοῦ
772 1954 952 2047 μόνον,
979 1978 1165 2033 οὐκέτι
1190 1954 1282 2033 τὸν
1310 1979 1474 2034 αὑτὸν
1503 1982 1619 2045 τοῖς
1652 1981 1821 2035 πᾶσιν
1869 1981 1957 2033 ἀν-

2066 1978 2231 2033 ticam
2275 1984 2334 2033 et
2358 1977 2426 2032 in.
2445 1975 2690 2042 Christo,
2723 1990 2834 2030 non
2867 1983 2925 2028 et
2948 1973 3287 2029 diversitatis
3318 1971 3649 2044 hypostasis,

371 2066 616 2139 θρώποις
663 2069 921 2138 φυλάττει
961 2071 1122 2140 λόγον
1169 2072 1532 2128 ὑποστατικὸν
1583 2074 1680 2128 καὶ
1713 2074 1806 2127 ἐπὶ
1830 2074 1963 2145 Χρι-

374 2158 505 2213 στοῦ
525 2176 541 2193 ο
574 2162 669 2215 καὶ⁵
712 2162 1034 2233 ἑτερότητος
1060 2163 1171 2235 γὰρ
1204 2164 1598 2236 ὑποπατικῆς,
1648 2165 1841 2235 ὥσπερ
1866 2164 1961 2220 οὖν

373 2251 472 2305 καὶ
524 2252 792 2324 φυκικῆς,
835 2254 895 2306 ὲν
925 2252 1079 2325 αὑτῷ
1146 2254 1396 2308 δείκνυσι
1431 2256 1606 2323 Λόγον
1640 2256 1765 2309 καθ’
1796 2256 1960 2310 αὑτὸν

371 2340 663 2413 νοούμενος
681 2359 696 2374 ο
723 2344 862 2415 ὅπερ
891 2345 991 2415 οὐχ
1012 2344 1187 2409 οὕτως
1215 2345 1330 2417 εχει
1348 2360 1364 2374 ·
1400 2346 1640 2417 ὲκμελὴς
1664 2346 1776 2419 γάρ
1804 2346 1960 2402 ἔσται

371 2433 525 2486 πᾶσα
574 2435 609 2506 ἡ
650 2434 898 2500 σύνθεσις
940 2437 1043 2507 τῆς
1096 2437 1350 2509 ὁλότητος
1376 2436 1471 2492 τοῦ
1502 2438 1796 2511 προσώπου
1823 2441 1954 2513 X9:-

370 2524 526 2589 στοῦ,
555 2525 753 2596 φύσεσι
783 2544 845 2582 τε
881 2530 977 2582 καὶ
1022 2529 1359 2584 ὑποστάσεσι
1399 2530 1799 2603 διακεκριμένη
1821 2547 1837 2561 '
1865 2530 1960 2585 acati.

367 2615 571 2687 ψευδὴς
627 2619 661 2688 ἡ
710 2616 975 2688 ὁμολογία
1051 2618 1153 2690 τῆς
1229 2618 1479 2684 ὲνώσεως
1542 2620 1654 2675 τῶν
1719 2620 1958 2690 φύσεων,

371 2700 552 2781 ἤνπερ
585 2710 830 2775 εὐσεϐῶς
880 2710 1181 2783 δοξάζομεν
1229 2712 1324 2767 ἐπὶ
1369 2712 1649 2784 Χριστοῦο
1712 2730 1961 2767 καινοτο-

376 2802 558 2867 μεῖται
585 2802 696 2872 γάρ
726 2802 865 2874 πρὸς
900 2803 962 2856 τὸ
988 2804 1159 2858 πάλαι
1188 2803 1402 2872 ἔνδοξον
1430 2804 1520 2859 διά
1548 2805 1649 2875 τὴν
1677 2805 1959 2878 ἄφραστον

371 2892 567 2947 ἕνωσιν
612 2894 713 2967 τὴν
765 2895 903 2965 πρὸς
948 2896 1083 2950 Θεὸν
1123 2896 1277 2968 παρὰ
1321 2898 1535 2961 πάντας
1580 2895 1902 2969 ἀνθρώπους
1931 2899 1960 2953 ό

372 2984 467 3040 ἐπὶ
512 2986 749 3058 Χριστοῦ
803 2986 1102 3060 λεγόμενος
1150 2988 1462 3062 ἄνθρωπος,
1529 2988 1604 3060 μὴ
1652 2988 1775 3043 καθ’
1809 2990 1960 3061 ἡμᾶς

372 3078 689 3143 ἰδιάζουσαν
726 3080 864 3152 ἔχων
889 3082 986 3136 καὶ
1008 3081 1436 3154 διακεκριμένην
1464 3082 1649 3153 πάσης
1676 3081 1959 3153 ὁμοειδοῦς

371 3173 471 3227 καὶ
529 3174 867 3244 ὲτεροειδοῦς
935 3175 1152 3245 φύσεως
1202 3176 1303 3248 τὴν
1358 3174 1554 3230 ἑαυτοῦ
1607 3175 1957 3247 ἀνθρωπείαν

2068 2078 2127 2125 ιιι
2162 2069 2452 2132 naturalis,
2489 2070 2547 2124 in
2575 2068 2697 2139 ipso
2723 2066 2971 2123 ostendit
2994 2067 3240 2123 Verbum
3273 2080 3375 2136 per
3403 2064 3652 2135 seipsum

2062 2164 2363 2233 cognitam,
2401 2162 2549 2233 quod
2593 2178 2704 2217 non
2735 2162 2816 2217 sic
2858 2161 3047 2216 habet.
3088 2156 3492 2215 lnconveniens
3518 2171 3665 2227 ergo,

2060 2257 2171 2312 erit
2216 2257 2398 2310 omnis
2428 2249 2710 2327 synthesis
2752 2253 3091 2326 integritatis
3143 2266 3382 2323 persona
3415 2248 3650 2317 Christi,

2061 2354 2318 2415 separata
2392 2345 2610 2401 naturis
2654 2352 2711 2401 et
2769 2344 3049 2416 personis,
3085 2351 3143 2398 et
3186 2343 3322 2397 falsa
3378 2341 3653 2413 professio

2060 2438 2285 2493 unionis
2311 2445 2637 2493 naturarum
2670 2453 2835 2507 quam
2863 2437 2951 2506 pie
2982 2435 3361 2507 gloriﬁcamus
3396 2436 3452 2489 in
3480 2433 3647 2489 Chri-

2060 2540 2168 2587 sto.
2205 2531 2511 2587 lnnovatur
2555 2546 2689 2603 ergo
2724 2538 2920 2586 contra
2956 2529 3251 2597 antiquum
3287 2528 3555 2582 honorem
3592 2527 3652 2581 in

2061 2625 2399 2681 inell‘abilem
2423 2624 2687 2680 unionem
2722 2623 2817 2678 Dei
2836 2639 2965 2678 cum
3014 2622 3273 2690 omnibus
3327 2620 3652 2676 hominibus

2059 2718 2156 2789 qui
2190 2718 2245 2773 in
2274 2717 2496 2773 Christo
2540 2717 2723 2773 dictus
2762 2716 2951 2779 homo,
2984 2715 3132 2770 inter
3161 2729 3263 2769 nos
3297 2730 3409 2768 non
3440 2713 3654 2768 habens

2058 2823 2353 2878 personam
2380 2808 2679 2861 humanam
2713 2806 2995 2877 propriam
3031 2814 3089 2860 et
3118 2810 3429 2874 reparatam
3469 2803 3652 2859 omnis

2059 2900 2262 2957 similis
2318 2908 2375 2955 et
2406 2898 2696 2955 dissimilis
2745 2908 2980 2962 naturae,
3031 2897 3130 2953 sed
3184 2911 3534 2952 communem
3594 2903 3653 2950 et

2060 2990 2464 3046 indivisibilem
2523 2989 2867 3062 hypostasim
2916 2989 3087 3045 Verbi
3129 3005 3161 3044 a
3206 2997 3406 3043 natura
3448 3003 3548 3043 sua
3593 3000 3653 3042 et

2059 3083 2129 3138 ab
2173 3083 2266 3138 illa
2304 3099 2414 3153 qua
2458 3098 2627 3153 super
2670 3082 2853 3153 ipsum
2885 3091 2990 3148 est,
3024 3081 3149 3138 ideo
3193 3082 3241 3137 si
3272 3088 3334 3135 ut
3378 3096 3448 3135 ex
3494 3088 3652 3150 parte

2058 3174 2321 3239 naturali,
2383 3174 2682 3228 humanam
2744 3181 3004 3227 naturam
3056 3188 3125 3227 ex
3174 3187 3342 3227 carne
3395 3180 3649 3235 vocatur,

374 3265 698 3333 ὑπόστασιν,
728 3266 866 3321 ἀλλά
891 3268 1081 3339 κοινὴν
1103 3267 1198 3321 καὶ
1218 3267 1525 3339 ἀδιαίρετον
1551 3268 1650 3339 τῆς
1675 3283 1736 3320 τε
1761 3266 1955 3321 ἑαυτοῦ

2062 3281 2189 3321 cum
2227 3266 2372 3321 nihil
2405 3266 2479 3321 sit
2521 3276 2841 3339 suspectum
2875 3267 3038 3323 nobis
3079 3263 3311 3330 fraudis,
3354 3273 3652 3333 utrumque

372 3361 472 3413 καὶ
514 3360 616 3431 τῆς
664 3359 807 3433 ὑπὲρ
850 3362 1013 3416 αὑτὸν
1058 3361 1277 3432 φύσεως
1320 3360 1484 3415 οὖσαν
1525 3359 1621 3415 τοῦ
1653 3361 1828 3430 Λόγου
1857 3362 1957 3432 τὴν

2065 3360 2307 3428 scimus;
2354 3360 2401 3416 si
2448 3378 2604 3427 vero,
2661 3371 2721 3417 ut
2754 3379 2822 3419 ex
2858 3377 2968 3416 una
3022 3360 3391 3432 hypostaseon
3438 3357 3651 3414 Christi

371 3449 709 3505 ὑπόστασιν*
751 3453 835 3507 διὸ
879 3456 927 3507 εί
970 3453 1069 3524 μὲν
1111 3453 1189 3518 ὼς
1235 3455 1302 3507 ὲκ
1339 3452 1542 3525 μέρους
1586 3450 1818 3523 φυσικοῦ
1857 3451 1957 3523 τὴν

2067 3462 2267 3521 totum,
2316 3454 2501 3526 qualia
2548 3454 2836 3526 cujusdam
2890 3453 3045 3509 chori
3095 3460 3158 3507 ut
3207 3451 3490 3522 proprium
3516 3449 3651 3504 sub-

372 3542 727 3614 ἀνθρωπείαν
757 3544 920 3613 φύσιν
966 3547 1031 3599 ὲκ
1057 3547 1158 3617 τῆς
1191 3544 1396 3625 σαρκὸς
1427 3544 1773 3617 ὀνομάζεται,
1802 3543 1957 3597 οὐδε-

2062 3547 2271 3604 sidium
2296 3547 2535 3602 volentis
2567 3546 2929 3601 introducere
2956 3545 3259 3599 humanum
3285 3542 3426 3612 ejus,
3450 3548 3508 3595 et
3538 3554 3652 3595 non

372 3630 464 3692 νὸς
491 3630 736 3685 ὑπόπτου
769 3634 903 3703 ἡμῖν
932 3634 1070 3704 πρὸς
1110 3633 1465 3706 ῥᾳδιουργίαν
1492 3634 1802 3705 γινομένου,
1830 3652 1962 3690 ταυ-

374 3722 468 3777 τὸν
501 3722 658 3794 ἴσμεν
683 3726 972 3798 ἀμφότερα
992 3742 1006 3757 ’
1038 3730 1088 3781 εί
1117 3727 1174 3781 δὲ
1194 3725 1275 3791 ὥς
1316 3728 1381 3781 ἐκ
1412 3728 1545 3797 μιᾶς
1578 3726 1690 3780 τῶν
1717 3727 1957 3781 ὑποστά-

367 3806 516 3868 ’σεων
547 3816 608 3869 τὸ
633 3817 755 3871 ὅλον
812 3817 906 3871 τοῦ
942 3818 1179 3890 Χριστοῦ
1217 3814 1306 3873 οἷά
1341 3837 1488 3884 τινος
1514 3819 1676 3891 χοροῦ
1714 3818 1792 3883 ὡς
1824 3819 1953 3873 ίδιο-

2068 3639 2257 3695 divina
2307 3647 2507 3694 natura
2532 3639 2896 3711 coniunctum
2931 3636 3123 3699 dicite,
3157 3649 3262 3689 nec
3292 3632 3438 3688 nude
3466 3630 3649 3687 homi-

2062 3745 2191 3785 nem
2228 3729 2464 3795 dictum,
2513 3743 2621 3785 nec
2656 3742 2882 3783 carnem
2916 3725 2973 3781 in
3020 3726 3143 3781 loco
3184 3723 3427 3780 hominis
3471 3721 3651 3777 ultimi

2066 3820 2205 3875 nudi
2236 3820 2444 3876 dictam
2485 3818 2794 3891 accipietis.

375 3909 676 3964 ὒπόστατον
706 3911 1021 3983 βουλόμενοι
1047 3913 1290 3983 εἰσάγειν
1315 3913 1379 3967 τὸ
1419 3914 1761 3985 ἀνθρώπινον
1800 3913 1991 3982 αὑτοῦ,
2030 3915 2126 3969 καὶ
2148 3915 2208 3968 οὐ
2239 3913 2361 3986 θείᾳ
2390 3914 2551 3984 φύσει
2620 3913 2875 3969 σύνθετόν
2904 3931 3064 3984 φατε,
3087 3914 3210 3969 οὐδὲ
3245 3912 3336 3967 τὸν
3362 3910 3651 3982 ἄνθρωπον

372 4003 671 4076 λεγόμενον
697 4006 941 4077 γυμνῶς,
967 4006 1089 4060 οὑδὲ
1120 4010 1219 4078 τὴν
1256 4007 1437 4078 σάρκα
1464 4007 1586 4061 ἀντὶ
1617 4006 1713 4061 τοῦ
1749 4005 2042 4077 ἀνθρώπου
2072 4005 2281 4061 τελείου
2314 4006 2527 4078 γυμνοῦ
2556 4006 2858 4079 λεγομένην
2889 4006 3323 4077 καταδεξόμεθα.

968 4142 1222 4198 ΚΕΦΑΛ.
1263 4145 1344 4200 Λ’.

441 4256 705 4331 Είήσάρξ
732 4256 918 4330 [σάρξ]
951 4258 1086 4323 ἐστι,
1107 4259 1197 4312 καὶ
1220 4260 1280 4312 οὑ
1310 4258 1572 4332 θεότης,ὁ
1599 4260 1958 4334 δὲάνθρωπος

366 4354 561 4409 οὐκέτι
588 4352 875 4424 ἄνθρωπός
906 4353 1024 4405 ἐστι
1051 4352 1145 4407 κοιλ⁸
1171 4353 1231 4407 οὐ
1253 4352 1468 4424 θεότης,
1491 4354 1612 4408 είπὲ
1640 4354 1694 4408 τί
1730 4354 1830 4426 μὲν
1858 4354 1958 4427 τῆς

370 4446 577 4518 σαρκὸς
608 4446 643 4516 ὴ
668 4445 883 4517 θεότης,
911 4445 964 4499 τί
991 4444 1049 4499 δὲ
1083 4444 1180 4499 τοῦ
1208 4445 1555 4519 ἀνθρώπουή
1583 4447 1808 4519 θεότηςς
1835 4448 1951 4519 Τῆς

372 4541 602 4608 σερκὸς,
625 4536 824 4590 ταυτὸν
852 4536 910 4590 δέ
938 4538 1087 4591 ἐστιν
1134 4537 1312 4591 εἰπεῖν
1344 4537 1439 4591 καὶ
1483 4537 1580 4592 τοῦ
1630 4538 1947 4610 ἀνθρώπου,

367 4630 841 4692 συνενυπόστατος
870 4629 905 4700 ἡ
937 4629 1129 4700 θεότης
1162 4632 1221 4683 ὲν
1263 4629 1522 4702 Χριστῷο
1553 4631 1690 4685 ἀλλά
1722 4631 1822 4702 τῆς
1854 4632 1954 4702 μὲν
1988 4611 2029 4664 D

366 4721 599 4791 σαρκὸς,
629 4721 707 4785 ὼς
760 4721 1000 4794 εἴρηται,
1054 4723 1388 4788 ἀκαινίστως
1437 4722 1668 4796 ἐχούσης
1706 4725 1853 4779 κατά
1896 4742 1957 4780 τε

370 4812 586 4881 φύσεως
620 4814 713 4867 καὶ
743 4814 1097 4878 ὑποστάσεως
1138 4816 1318 4885 λόγον,
1348 4816 1441 4871 καὶ
1476 4817 1534 4870 ὲν
1566 4816 1716 4889 αὐτῷ
1742 4817 1817 4882 ὡς
1862 4817 1956 4871 καὶ

365 4907 428 4959 ὲν
452 4909 564 4970 τοῖς
591 4908 822 4973 λοιποῖς,
849 4908 1047 4978 μέρους
1071 4925 1131 4962 τε
1162 4910 1258 4964 καὶ
1282 4909 1543 4982 διαφόρου
1568 4910 1955 4983 θεωρουμένης

371 4998 509 5069 πρὸς
548 4997 609 5051 τὸ
661 4997 814 5053 ὅλον⁹
864 4998 961 5053 τοῦ
1015 4999 1072 5054 δὲ
1126 5000 1441 5072 ἀνθρώπου,
1489 5003 1956 5068 συνενυπόστατός

369 5087 519 5141 ἐστιν
556 5090 590 5159 ἡ
624 5087 849 5159 θεότηςο
902 5090 1277 5156 καινισθέντος
1324 5092 1480 5164 παρά
1533 5093 1663 5157 τοὺς
1719 5094 1953 5158 πολλοὺς

369 5176 494 5231 καθ’
523 5179 852 5234 ὑπόστασιν·
886 5183 1009 5236 ἀντὶ
1062 5182 1173 5252 γάρ
1217 5184 1417 5252 ίδικῆς,
1451 5186 1639 5258 κοινήν
1664 5203 1678 5218 ·
1710 5188 1805 5242 καὶ
1832 5188 1955 5243 ἀντὶ

370 5267 738 5339 ἀνθρωπείας,
770 5271 922 5326 θείαν
953 5273 1300 5343 κτησαμένου
1333 5275 1639 5332 ὑπόστασιν
1658 5292 1672 5308 ⁸
1708 5280 1804 5333 κα)⁹
1829 5281 1953 5334 ἀντὶ⁵

364 5358 494 5411 ὂλου
534 5362 920 5429 ὑποστατικοῦ,
952 5362 1027 5429 ὡς
1061 5365 1262 5438 μέρους
1287 5367 1345 5420 ὲν
1364 5367 1507 5440 αὐτῇ
1538 5367 1913 5441 θεωρουμένου
1934 5389 1949 5402 ·

358 5448 531 5505 τοῦτο
573 5450 683 5522 γὰρ
733 5453 882 5525 αὑτῷ
914 5455 1081 5520 ὅντως
1123 5457 1241 5510 ἐστὶ
1281 5457 1420 5527 πρὸς
1468 5459 1822 5531 ἀπαρτισμὸν
1854 5463 1952 5535 τῆς

366 5540 584 5607 τελείας
638 5547 1076 5618 μακαριότητος·
1128 5548 1221 5602 καὶ⁸
1277 5552 1723 5623 παρατηρητέον,
1762 5555 1844 5608 ὅτι
1888 5556 1950 5608 οὑ

370 5635 602 5690 πάντοτε
656 5637 787 5707 ἡμῖν
828 5638 863 5709 ἦ
909 5657 967 5693 τε
1021 5640 1162 5713 σάρξ
1209 5641 1302 5696 τὸν
1336 5642 1623 5714 ἄνθρωπον
1654 5645 1719 5698 ὲκ
1750 5646 1952 5716 μέρους

367 5728 648 5799 σημαίνει,
678 5730 711 5801 ἢ
739 5731 768 5784 ὁ
791 5732 1078 5803 ἄνθρωπος
1116 5735 1215 5806 τὴν
1241 5737 1446 5809 σάρκα,
1474 5736 1590 5790 ἀλλ’
1624 5738 1785 5808 ἡνίκα
1823 5743 1953 5812 περὶ

368 5822 587 5890 φύσεως
620 5822 781 5892 μόνον
818 5826 904 5894 εἵη
935 5827 963 5877 ὁ
996 5825 1154 5893 λόγος
1176 5844 1191 5858 ο
1220 5828 1313 5882 καὶ
1342 5829 1391 5882 εί
1433 5829 1615 5897 τοῦτο,
1665 5832 1725 5885 οὺ
1765 5832 1855 5885 διὰ
1891 5833 1952 5886 τὸ

366 5913 546 5968 πάντα
593 5916 683 5971 τὸν
734 5916 1020 5985 ἄνθρωπον
1053 5917 1192 5975 εἶναι
1224 5921 1405 5990 σάρκα
1431 5939 1444 5954 ⁸
1482 5924 1620 5980 ἀλλὰ
1650 5924 1739 5979 διὰ
1766 5925 1826 5979 τὸ
1859 5927 1952 5981 ἐπὶ

2660 4142 2815 4199 CAP.
2873 4142 3042 4198 XXX.

2134 4256 2194 4313 Si
2242 4270 2376 4313 caro
2417 4265 2505 4313 est
2553 4265 2610 4312 et
2644 4272 2756 4312 non
2820 4257 3104 4323 divinitas,
3177 4274 3281 4314 nec
3332 4257 3501 4316 homo
3564 4269 3653 4318 est

2060 4351 2230 4406 homo
2260 4366 2365 4407 nec
2388 4349 2674 4417 divinitas,
2706 4350 2798 4405 die
2820 4349 2954 4421 quid
2992 4350 3178 4407 carnis
3205 4351 3486 4420 divinitas,
3513 4354 3649 4425 quid

2058 4444 2302 4501 hominis
2326 4443 2630 4499 divinitas?
2657 4443 2849 4510 Quoad
2881 4460 3126 4509 carnem,
3154 4444 3290 4500 illud
3344 4446 3526 4516 ipsum
3562 4447 3649 4501 di-

2056 4536 2297 4596 cendum
2324 4536 2476 4607 quod
2499 4536 2569 4592 de
2603 4536 2833 4593 homine
2866 4538 3360 4593 consubstantialis
3385 4539 3649 4595 divinitas

2060 4629 2117 4682 in
2157 4628 2406 4694 Christo,
2443 4628 2540 4683 sed
2564 4644 2717 4693 caro,
2753 4638 2814 4684 ut
2840 4628 3069 4695 dicitur,
3100 4646 3212 4685 non
3250 4646 3396 4687 nove
3434 4631 3648 4687 habens

2059 4717 2304 4773 Verbum
2324 4718 2656 4773 naturaliter
2674 4727 2732 4773 et
2762 4719 3130 4791 hypostatice,
3154 4730 3212 4776 et
3241 4722 3299 4777 in
3341 4722 3487 4793 ipso,
3509 4724 3645 4779 utin

2057 4809 2273 4865 caeteris
2314 4817 2542 4879 apparet
2591 4810 2769 4879 partis
2817 4818 2876 4866 et
2927 4812 3269 4870 discriminis
3329 4815 3399 4869 ad
3443 4823 3643 4873 totum.

2054 4901 2246 4969 Quoad
2276 4902 3089 4969 hominem,eonsubstantialis
3112 4915 3198 4963 est
3222 4907 3487 4965 divinitas
3514 4927 3529 4964 :
3558 4928 3645 4967 re-

2055 5004 2318 5050 novatum
2354 4996 2407 5049 in
2439 4995 2695 5066 pluribus
2720 4996 3030 5052 secundum
3059 4999 3403 5071 hypostasin,
3432 5001 3490 5056 in
3521 5002 3643 5059 loco

2056 5089 2315 5159 propriae,
2342 5103 2715 5154 communem,
2734 5097 2794 5145 et
2816 5090 2940 5145 loco
2964 5090 3218 5148 humanae
3244 5093 3489 5148 divinam
3510 5111 3642 5166 per-

2054 5196 2247 5236 sonam
2289 5180 2568 5251 acquisiti,
2599 5189 2658 5236 et
2688 5182 2832 5247 loco,
2864 5183 3034 5239 totius
3076 5185 3428 5257 hypostatici,
3465 5189 3641 5258 parti-

2055 5272 2178 5327 cula
2228 5279 2476 5343 apparet,
2529 5272 2636 5328 hoc
2685 5281 2771 5328 est
2809 5273 2889 5328 illi
2941 5289 3072 5331 vere
3125 5279 3182 5330 in
3235 5277 3638 5348 perfectionem

2055 5364 2260 5419 ultimae
2309 5364 2693 5420 beatitudinis.
2750 5365 2820 5421 Et
2856 5366 3265 5424 observandum
3318 5370 3466 5441 quod
3527 5388 3641 5428 non

2051 5472 2273 5526 semper
2316 5457 2480 5513 nobis
2518 5473 2648 5513 caro
2681 5458 2965 5513 hominem
3005 5475 3073 5516 ex
3134 5470 3293 5531 parte
3341 5463 3637 5535 signiﬁcat,

2052 5553 2140 5607 vel
2197 5552 2366 5606 homo
2412 5566 2660 5617 carnem,
2701 5555 2797 5608 sed
2844 5553 3070 5622 quando
3098 5552 3167 5609 de
3212 5564 3412 5612 natura
3460 5558 3640 5613 solum

2052 5659 2236 5699 sermo
2254 5653 2340 5699 est
2359 5660 2375 5701 :
2400 5643 2518 5699 etsi
2542 5644 2668 5709 hoc,
2688 5660 2800 5699 non
2828 5647 2963 5715 quia
2983 5662 3083 5716 per
3096 5648 3283 5703 omnia
3309 5648 3476 5705 homo
3491 5659 3639 5707 esset

2050 5751 2204 5802 caro,
2243 5736 2340 5791 sed
2384 5737 2514 5807 quia
2559 5735 2617 5791 in
2652 5736 2876 5793 Christo
2930 5747 2991 5793 ut
3044 5738 3489 5813 distingueretur
3528 5758 3638 5798 una

2053 5840 2251 5885 natura
2290 5832 2597 5886 secundum
2656 5847 2905 5899 carnem,
2960 5849 3182 5890 omnem
3235 5835 3634 5891 humanitatem

2050 5923 2120 5978 ad
2158 5923 2528 5995 divinitatem,
2573 5934 2632 5982 ut
2659 5939 2928 5985 creatura
2960 5927 3030 5985 ad
3083 5927 3409 5994 increatum,
3455 5936 3521 5987 et.
3575 5939 3635 5983 ut
