4006 6552
316 456 318 458 τ
425 419 606 484 i75l‘

1686 431 1998 495 LEONTII
2031 434 2439 498 BYZANTINI

3555 428 3706 498 1752

419 543 468 600 si
497 541 755 599 invidens
794 557 970 598 unum
999 542 1067 599 ad
1108 542 1462 600 divinitatem
1487 545 1855 618 accipientem
1887 564 2017 619 pro-

2139 549 2358 626 (ριστοῦ
2388 552 2466 617 ὡς
2497 550 2631 623 μίαν
2673 548 3204 607 ἁντιδισστέλλεσθσι
3233 549 3398 620 φύσιν
3423 546 3570 602 κατὰ
3600 547 3707 616 τὴν

423 637 630 707 prium.

747 969 755 978 ,
865 975 869 978 η
1019 904 1173 964 CAP.
1227 905 1421 962 xxxx.

497 994 556 1052 Si
593 995 745 1068 quod
774 1004 860 1053 est
887 997 1074 1053 carnis
1100 997 1384 1064 divinitas,
1416 997 1524 1053 hoc
1553 1005 1660 1064 est,
1692 1008 1750 1054 et
1773 996 2017 1053 hominis

427 1087 713 1154 divinitas,
745 1089 919 1146 altera
943 1105 1078 1146 vero
1109 1107 1240 1146 caro
1271 1106 1446 1162 prope
1475 1091 1850 1157 divinitatem,
1884 1106 2013 1146 nam

429 1195 560 1236 caro
597 1190 684 1248 est
730 1190 788 1238 et
828 1197 940 1237 non
990 1183 1276 1250 divinitas,
1319 1185 1599 1255 quomodo
1623 1200 1736 1240 non
1781 1185 1921 1240 alter
1959 1192 2033 1240 etv

431 1273 604 1330 homo
629 1276 790 1346 iuxta
841 1275 1216 1344 divinitatem,
1252 1293 1378 1334 cum
1412 1278 1580 1334 homo
1608 1287 1756 1334 esset
1785 1293 1897 1333 non
1927 1277 2016 1333 di-

429 1364 658 1422 vinitas.
710 1365 851 1424 Vere
880 1383 1016 1438 ergo
1046 1368 1191 1424 idem
1221 1378 1317 1442 est,
1349 1370 1557 1436 carnis,
1589 1370 1634 1426 si
1676 1385 1807 1426 caro
1838 1370 2018 1425 solum

433 1456 720 1514 diceretur
770 1474 875 1514 nec
901 1469 962 1514 ut
991 1459 1179 1526 homo,
1204 1467 1263 1517 et
1291 1460 1538 1516 hominis
1566 1460 1851 1526 divinitas,
1884 1459 2019 1530 quid

433 1560 568 1600 vero
595 1545 705 1601 illis
730 1554 836 1612 est,
865 1548 973 1603 nisi
1007 1549 1185 1604 solum
1215 1550 1704 1606 consubstantialis
1724 1566 1826 1620 per
1855 1551 2021 1606 unio-

433 1648 561 1689 nem
585 1633 651 1717 in
667 1649 989 1706 personam,
1008 1637 1126 1694 sive
1157 1625 1343 1694 utrum
1373 1640 1660 1695 hominum
1680 1639 2018 1711 signiﬁcare,

436 1727 554 1783 sive
584 1727 675 1783 illa
710 1739 773 1783 ut
819 1745 888 1784 ex
931 1738 1110 1802 parte,
1160 1731 1257 1788 illo
1285 1748 1422 1788 vero
1450 1742 1512 1788 ut
1539 1733 1668 1804 quis
1691 1733 1842 1789 dicet
1869 1733 2020 1788 illam

436 1821 770 1878 eoexsistare
808 1821 866 1877 in
920 1831 1038 1878 toto
1084 1822 1338 1896 physico,
1388 1824 1568 1880 altero
1606 1839 1741 1881 vero
1771 1839 2017 1886 rursum,

2115 645 2317 718 σάρκα,
2337 646 2524 699 πᾶσαν
2568 645 2672 715 τὴν
2702 643 3106 715 ἀνθρωπότητα
3131 642 3268 715 πρὸς
3293 640 3396 713 τὴν
3418 640 3658 711 θεότητα
3685 655 3703 670 ·

2111 736 2190 799 ὡς
2221 735 2448 804 κτιστήν
2477 751 2538 788 τε
2583 733 2724 806 πρὸς
2773 733 2838 788 τὸ
2880 733 3158 797 ἄκτιστον,
3204 733 3303 787 καὶ
3345 733 3423 796 ὡς
3451 731 3552 786 ἕνα
3577 732 3710 804 ὅρον

2115 828 2515 901 ἑπιδεχομένην
2539 828 2671 882 ῐδιον
2700 826 2855 900 παρὰ
2883 826 2984 896 τὴν
3011 826 3261 895 θεότητα.

2699 917 2958 975 ΚΕΦΑΛ.
2989 919 3118 975 ΛΛ’.

2183 995 2406 1083 Εῖὸπερ
2428 1010 2546 1065 ἐστὶ
2573 1011 2677 1082 τῆς
2709 1010 2982 1088 σαρκὸςὴή
3011 1010 3226 1081 θεότης,
3256 1007 3419 1064 τοῦτό
3447 1010 3573 1063 ἑστι
3606 1008 3710 1062 καὶ

2115 1105 2212 1160 τοῦ
2250 1103 2540 1177 ἀνθρώπου
2567 1104 2602 1176 ἠ
2641 1103 2836 1174 θεότης
2857 1119 2873 1136 ο
2903 1102 3068 1174 ἑτέρα
3094 1103 3152 1158 δὲ
3181 1103 3217 1175 ἡ
3245 1102 3383 1175 σὰρξ
3420 1102 3578 1171 παρὰ
3606 1101 3712 1168 τὴν

2119 1197 2353 1267 θεότητσ.
2383 1195 2544 1268 (σὰρξ
2560 1196 2671 1267 γάρ
2698 1196 2816 1250 ἔστι
2852 1195 2947 1251 καὶ
2967 1195 3030 1250 οὑ
3058 1195 3296 1266 θεότης),
3326 1194 3446 1259 πῶς
3475 1196 3582 1263 οὑχ
3599 1193 3717 1247 ἕτε-

2122 1308 2214 1361 ρος
2241 1293 2337 1344 καὶ
2357 1289 2388 1342 6
2415 1287 2704 1360 ἄνθρωπος
2737 1291 2892 1359 παρὰ
2917 1289 3018 1359 τὴν
3047 1288 3314 1359 θεότητα;
3350 1288 3590 1358 ἐπείπερ
3615 1286 3717 1339 ἄν-

2120 1382 2335 1454 θρωπος
2361 1381 2458 1435 καὶ
2489 1380 2553 1435 οὒ
2584 1380 2798 1453 θεότης.
2822 1381 3034 1444 Ὄντως
3057 1379 3169 1451 γὰρ
3201 1378 3398 1433 ταυτόν
3441 1379 3562 1432 ἐστι
3610 1377 3720 1444 τῆς

2119 1491 2180 1527 τε
2215 1471 2441 1543 σαρκὸς,
2473 1470 2580 1526 κᾶν
2625 1469 2702 1536 ὡς
2731 1469 2869 1542 σὰρξ
2916 1469 3080 1540 μόνον
3114 1468 3328 1538 λέγοιτο
3354 1468 3449 1523 καὶ
3479 1468 3584 1537 οὑχ
3634 1466 3718 1529 ὡς

2120 1563 2430 1636 ἄνθρωπος,
2481 1562 2579 1617 καὶ
2631 1559 2728 1615 τοῦ
2766 1558 3060 1632 ἀνθρώπου
3107 1561 3142 1632 ἡ
3173 1559 3403 1629 θεότηςο
3431 1558 3484 1613 τι
3511 1558 3573 1612 δὲ
3601 1553 3719 1630 εἳρά

2122 1659 2272 1713 ἐστιν
2303 1657 2509 1721 αὐτοῖς,
2537 1655 2571 1727 ἢ
2605 1655 2768 1728 μόνον
2791 1654 3201 1716 συνυπόστατος
3220 1652 3309 1706 διὰ
3328 1654 3428 1723 τῆς
3459 1650 3721 1714 ένὼσεως

2121 1750 2224 1821 τῆς
2269 1749 2394 1806 καθ’
2424 1749 2758 1803 ὑπόστασιν·
2789 1749 2900 1802 εἴτε
2940 1747 3110 1817 ἄμφω
3151 1744 3246 1800 τὸν
3275 1743 3573 1817 ἄνθρωπον
3615 1760 3721 1811 ση-

2128 1844 2395 1915 μαίνοιεν,
2445 1841 2559 1897 εἴτε
2589 1844 2656 1914 τῇ
2691 1840 2791 1914 μὲν
2829 1839 2908 1905 ὡς
2946 1840 3129 1912 μέρει,
3152 1839 3233 1910 τῷ
3258 1837 3316 1891 δὲ
3359 1835 3439 1900 ὡς
3467 1835 3581 1905 ὅλῳ
3615 1852 3722 1902 φυ-

439 1927 571 1968 earo
596 1921 653 1968 et
669 1913 858 1979 homo,
880 1915 1159 1985 quomodo
1182 1930 1337 1982 vero,
1361 1914 1675 1972 divinitatis
1697 1915 1753 1970 in
1771 1915 2018 1982 Christo,

2139 1906 2268 2011 τικῷ
2298 1906 2732 2008 συνυφίστασθσι
2756 1951 2844 1999 τις
2867 1906 3216 2005 λέγειῧαὺτήν
3233 1947 3248 1962 ο
3268 1930 3438 2002 ἕτερα
3460 1929 3518 1983 δὲ
3555 1927 3726 1983 πάλιν

436 2006 546 2061 nisi
577 2014 802 2074 natura,
853 2021 981 2062 cum
1028 2021 1158 2063 caro
1189 2008 1262 2063 sit
1287 2016 1344 2064 et
1375 2007 1562 2074 homo,
1612 2017 1669 2064 et
1715 2023 1826 2063 non
1870 2007 2020 2063 Divi-

438 2099 606 2164 :itas,
646 2099 694 2154 si
741 2086 869 2156 cum
897 2114 1002 2156 vos
1031 2099 1241 2166 dicitis,
1286 2099 1384 2157 sed
1436 2099 1745 2157 secundum
1791 2100 2021 2154 alteram

441 2202 696 2250 naturam
725 2208 862 2250 sane
918 2193 1011 2250 illa
1076 2201 1165 2250 est
1208 2193 1382 2249 altera
1431 2201 1490 2248 et
1546 2208 1656 2248 non
1715 2193 2022 2249 secundum

441 2284 606 2342 aliam
644 2283 989 2357 hypostasin,
1039 2298 1167 2340 cum
1191 2291 1396 2340 natura
1427 2284 1501 2340 sit
1535 2283 1818 2351 divinitas,
1851 2283 2024 2339 altera

444 2385 642 2432 natura
689 2377 1032 2433 humanitas.

1021 2574 1175 2633 CAP.
1225 2575 1444 2634 XXXII.

519 2667 579 2726 Si
613 2668 801 2726 carnis
839 2684 968 2739 pars
1004 2685 1118 2725 non
1152 2678 1274 2726 erat
1304 2671 1452 2727 Deus
1491 2669 1757 2737 Verbum,
1784 2669 2028 2726 hominis

446 2777 583 2819 vero
624 2778 754 2833 pars
795 2771 964 2829 esset,
996 2763 1279 2832 quomodo
1315 2779 1427 2819 non
1458 2764 1724 2829 arianice,
1760 2765 1848 2820 vel
1877 2764 2028 2835 apol-

446 2852 680 2910 Iinarice
709 2853 924 2910 sentis?
960 2853 1067 2910 Sed
1097 2869 1204 2910 nee
1249 2856 1460 2923 carnis,
1499 2872 1602 2912 nec
1625 2856 1866 2912 hominis
1899 2871 2029 2927 pars

450 2946 722 3012 Verbum,
769 2961 875 3003 nec
909 2946 1113 3003 factum
1143 2956 1251 3012 est,
1282 2963 1410 3003 nam
1441 2949 1488 3004 si
1515 2950 1644 3020 quis
1681 2950 1806 3006 loco
1831 2951 2030 3006 animas

447 3041 603 3097 carni
628 3039 748 3096 sine
778 3041 898 3111 lege
919 3039 1081 3095 daret
1101 3040 1344 3096 Verbum
1365 3041 1672 3110 secundum
1696 3051 2030 3097 memoratos

450 3131 610 3188 vobis
661 3131 1168 3202 blasphematores,
1200 3131 1299 3188 sed
1355 3131 1616 3193 similiter
1653 3147 1759 3187 nec
1802 3132 2026 3203 quidem

2125 2033 2162 2103 ἦ
2185 2049 2247 2086 τε
2279 2030 2418 2102 σὰρξ
2447 2030 2542 2085 καὶ
2596 2030 2626 2082 6
2651 2027 2962 2100 ἄνθρωπος,
3016 2025 3140 2090 πῶς
3172 2026 3322 2079 ἐστιν
3364 2021 3588 2094 ἀληθῶς
3620 2021 3726 2091 τῆς

2129 2126 2383 2199 θεότητος
2416 2126 2476 2179 ἐν
2508 2122 2754 2195 Χριστῷ,
2777 2123 2825 2176 εἰ
2863 2120 2939 2193 μὴ
2972 2119 3162 2191 (ptiust;
3195 2117 3466 2186 Ἐπεῑπερ
3500 2114 3646 2186 σάρξ
3660 2113 3726 2166 τὲ

2128 2219 2245 2274 ἔστι
2275 2219 2372 2274 καὶ
2401 2216 2714 2288 ἄνθρωπος,
2747 2215 2845 2270 καὶ
2876 2213 2943 2292 οὑ
2983 2212 3179 2280 θεότης
3218 2209 3367 2275 τάδε,
3398 2207 3593 2269 καθὼς
3625 2206 3726 2260 καὶ

2129 2313 2290 2385 ὑμεῖς
2317 2328 2477 2382 φατε.
2504 2309 2644 2364 ἀλλὰ
2693 2306 2839 2363 κατὰ
2877 2309 3045 2376 φύσιν
3070 2303 3284 2378 ἑτέραν.
3310 2301 3512 2374 δηλαδὴ
3547 2299 3724 2370 ἕτερά

2129 2405 2248 2458 ἐστι
2273 2402 2402 2458 τάδε
2432 2401 2601 2457 καίοὑ
2634 2399 2758 2454 καθ’
2787 2397 3088 2452 ὑπόστασιν
3115 2395 3314 2464 mm-
3347 2393 3516 2464 εῐπερ
3547 2390 3724 2462 φύσις

2130 2497 2167 2567 ἠ
2193 2495 2407 2565 θεότης.
2433 2494 2532 2549 καὶ
2563 2492 2724 2564 φύσις
2751 2491 2916 2562 ἑτέρα
2939 2491 2976 2562 ἡ
2997 2486 3375 2561 ἀνθρωπότης.

2721 2583 2976 2640 ΚΕΦΛΛ.
3001 2580 3131 2638 AB'.

2201 2684 2266 2739 Εἰ
2294 2682 2393 2752 τῆς
2421 2679 2626 2752 σαρκὸς
2651 2677 2751 2749 μὲν
2788 2675 2954 2748 μέρος
2977 2675 3079 2728 οὑκ
3101 2669 3171 2745 ἦν
3197 2672 3226 2727 6
3245 2669 3378 2735 Θεὸς
3396 2667 3602 2738 Λόγος,
3625 2664 3729 2720 τοῦ

2132 2781 2191 2836 δὲ
2215 2777 2506 2851 ἀνθρώπου
2534 2775 2702 2847 μέρος
2734 2769 2824 2844 ἦν,
2855 2772 2975 2836 πῶς
2989 2765 3461 2840 οὑκἊρειανίζεις
3487 2765 3522 2835 ἢ
3559 2763 3728 2816 Ἀπο-

2132 2869 2466 2941 λιναριζειςς
2495 2865 2636 2920 Ἀλλ’
2662 2863 2788 2918 οὑδὲ
2811 2861 2914 2932 τῆς
2942 2857 3145 2932 σαρκὸς
3163 2855 3284 2910 οὑδὲ
3302 2853 3396 2908 τοῦ
3420 2851 3729 2923 ἀνθρώ-κει»

2137 2963 2304 3035 μέρος
2332 2962 2362 3016 ό
2383 2959 2578 3028 Λόγος,
2615 2958 2690 3028 μὴ
2718 2954 2930 3024 γένοιτο
2954 2969 2969 2984 ο
3024 2952 3074 3004 εἰ
3103 2950 3212 3021 γάρ
3241 2964 3324 3011 τις
3353 2945 3450 3000 καὶ
3475 2943 3602 2998 ἀντὶ
3619 2941 3732 3011 ᾡτ-

2133 3053 2236 3127 χῆς
2261 3055 2328 3124 τῇ
2387 3050 2552 3120 σαρκὶ
2583 3048 2840 3117 ἀθέσμως
2888 3043 3008 3114 δοίη
3041 3041 3136 3096 τὸν
3190 3039 3362 3108 Λόγον
3390 3035 3534 3091 κατά

2139 3124 2614 3217 μνημονευθέντας
2645 3140 2779 3210 ὑμῖν
2813 3134 3206 3207 θεολοιδόρους,
3249 3131 3366 3185 ἀλλ’
3393 3129 3547 3200 ὅμως
3596 3124 3725 3217 esse

449 3221 693 3279 hominis
739 3237 868 3294 pars
906 3237 1034 3278 eum
1085 3222 1337 3288 exhibet,
1372 3239 1500 3278 nam
1548 3223 1656 3278 tale
1705 3232 1883 3278 totum
1919 3239 2027 3279 non

2139 3213 2308 3298 οὕτως
2370 3232 2660 3306 ἀνθρώπου
2713 3231 2880 3302 μέρος
2931 3227 2998 3282 ἂν
3049 3225 3213 3316 αὑτὸν
3262 3219 3628 3316 πσραστήση·
3659 3213 3728 3316 οὑ

449 3315 623 3374 homo
651 3316 762 3372 erit
783 3317 890 3372 hoc
910 3331 978 3372 cx
997 3331 1161 3372 carne
1195 3315 1315 3372 sine
1363 3313 1546 3372 anima
1571 3323 1630 3371 et
1664 3316 1836 3370 divini
1863 3315 2030 3372 Verbi

448 3403 862 3475 compositum;
912 3405 1168 3474 corporis
1211 3403 1362 3460 enim
1411 3405 1596 3460 anima
1625 3405 1880 3461 rationali
1909 3407 2032 3461 ani-

449 3496 580 3557 mali
615 3496 734 3552 haec
780 3506 867 3554 est
911 3497 1158 3553 hominis
1187 3496 1331 3553 ratio
1363 3506 1421 3552 et
1452 3495 1724 3561 deﬁnitio,
1765 3513 1876 3553 non
1902 3513 2034 3553 vero

448 3588 643 3646 divino
673 3590 856 3648 Verbo
885 3591 1111 3646 animali
1137 3607 1155 3656 ;
1186 3591 1234 3646 si
1260 3606 1398 3647 vero
1431 3591 1560 3663 quis
1587 3591 1734 3646 dicat
1758 3591 2036 3662 quomodo

451 3682 698 3740 Verbum
740 3699 871 3754 pars
917 3683 1146 3749 Christi,
1195 3683 1507 3750 evidenter,
1543 3691 1606 3738 ut
1640 3684 1814 3739 totius
1837 3692 1894 3740 et
1923 3700 2033 3738 non

453 3783 515 3831 nt
561 3776 806 3833 hominis
847 3777 1170 3847 simpliciter
1207 3777 1368 3842 dicis,
1403 3787 1460 3833 et
1508 3776 1615 3833 hoc
1642 3775 1820 3832 solum
1853 3775 1922 3831 ad
1955 3775 2040 3830 in-

458 3867 793 3926 dicationem
836 3869 1069 3926 unitatis
1106 3885 1360 3942 personae
1388 3868 1540 3925 illius
1569 3884 1640 3926 ex
1664 3868 1903 3926 diversis
1931 3883 2037 3925 na-

454 3960 599 4017 turis
645 3961 991 4032 compositae.

1021 4141 1176 4200 CAP.
1223 4142 1471 4200 XXXIII.

527 4237 587 4294 Si
633 4243 698 4291 nt
724 4251 852 4307 pars
883 4235 1070 4292 carnis
1105 4249 1217 4290 non
1243 4245 1329 4291 est
1353 4237 1500 4292 Deus
1526 4236 1791 4302 Verbum,
1824 4235 1906 4293 sic
1932 4245 2040 4292 nec

456 4345 588 4405 pars
633 4328 880 4386 hominis
929 4319 1208 4399 quomodo
1234 4343 1348 4383 non
1397 4330 1539 4383 alter
1567 4328 1736 4395 homo
1763 4329 1830 4383 ad
1863 4329 2038 4384 Deum

457 4423 725 4487 Verbum,
775 4422 975 4479 eodem
1014 4421 1182 4477 modo
1209 4429 1266 4477 et
1306 4421 1449 4476 alter
1499 4421 1924 4478 DeusYerbum
1969 4420 2039 4477 ad

457 4531 720 4584 carnem;
770 4530 897 4571 nam
951 4515 1100 4570 Deus
1142 4513 1383 4570 Verbum
1431 4529 1544 4568 non
1590 4522 1676 4568 est
1712 4528 1865 4578 caro,
1896 4512 2042 4568 sicut

2135 3326 2246 3399 γὰρ
2275 3326 2336 3380 τὸ
2391 3324 2595 3379 τοιόνδε
2624 3322 2745 3376 ὅλον
2773 3320 3062 3390 ἄνθρωπος
3116 3315 3270 3369 ἔσται
3315 3310 3505 3365 λοιπὸν
3548 3307 3614 3361 τὸ
3658 3306 3724 3359 ἐκ

2137 3419 2342 3490 σαρκὸς
2363 3417 2574 3488 ἀψύχου
2614 3415 2709 3469 καὶ
2759 3413 2936 3480 Λόγου
2994 3408 3142 3464 θείου
3193 3400 3723 3478 συμπληρούμενον

2137 3511 2394 3582 σώματος
2422 3509 2534 3581 γὰρ
2562 3510 2756 3578 λογικῇ
2812 3506 2960 3576 ψυχῇ
2993 3501 3376 3573 ὲψυχωμένου,
3404 3499 3434 3550 6
3477 3491 3574 3548 τοῦ
3630 3491 3728 3545 ἀνα

2139 3604 2358 3678 θρώπου
2411 3602 2574 3671 λόγος
2611 3599 2708 3654 καὶ
2746 3590 2879 3672 ὅρος
2904 3595 3084 3651 ἐστίν’
3128 3593 3190 3647 οὑ
3229 3590 3338 3663 μὴν
3395 3588 3530 3678 θείῳ
3563 3583 3728 3678 Λόγῳ

2139 3672 2525 3764 ὲῷυχωμένου·
2555 3689 2604 3744 εἰ
2635 3688 2693 3743 δὲ
2722 3687 2831 3758 ἄρα.
2851 3685 2945 3740 καὶ
2969 3683 3120 3752 λέγοι
3161 3681 3246 3745 τίς
3292 3695 3410 3742 πως
3441 3677 3611 3764 μέρος
3633 3672 3729 3725 τὸν

2138 3763 2312 3853 Λόγον
2335 3779 2598 3854 Χριστοῦ,
2621 3778 2823 3850 δηλαδὴ
2846 3777 2922 3840 ὡς
2944 3776 3072 3830 ὅλου
3091 3791 3108 3805 -
3158 3771 3256 3826 και
3280 3769 3379 3840 οὑχ
3403 3768 3481 3830 ὥς
3513 3763 3733 3834 ἀνθρὼ-

2139 3893 2245 3932 που
2301 3874 2490 3938 ἁπλῶς
2519 3889 2654 3944 φησι
2673 3887 2689 3905 ο
2736 3873 2832 3924 καὶ
2857 3867 3018 3922 τοῦτο
3052 3865 3214 3938 μόνον
3243 3862 3381 3934 πρὸς
3436 3855 3732 3931 σημασίαν

2137 3971 2234 4027 τοῦ
2273 3969 2332 4024 ἒν
2389 3963 2532 4022 εἶναι
2579 3963 2874 4036 πρόσωπον
2903 3958 3072 4016 αὑτοῦ
3109 3960 3176 4012 ὲκ
3207 3953 3480 4027 διαφόρων
3503 3949 3732 4020 φὺσεωω

2141 4063 2523 4134 συγκείμενον.

2721 4147 2975 4204 ΚΕΦΛΛ.
3002 4145 3125 4200 AI".

2209 4249 2275 4304 Ei
2295 4247 2487 4318 ὥσπερ
2535 4243 2700 4317 μέρος
2723 4243 2824 4297 οὑκ
2861 4241 2979 4295 ἐστι
3009 4240 3110 4310 τῆς
3141 4235 3347 4308 σαρκὸς
3394 4234 3423 4288 6
3449 4231 3589 4296 Θεὸς
3621 4231 3731 4287 Λό-

2139 4359 2258 4412 γος,
2278 4340 2452 4404 οὑτως
2477 4337 2598 4392 οὑδὲ
2624 4336 2791 4408 μέρος
2812 4333 2908 4388 τοῦ
2932 4331 3246 4404 ἀνθρώπου,
3263 4331 3383 4392 πῶς
3414 4327 3514 4396 οὐχ
3535 4326 3731 4397 ἕτερος

2139 4437 2170 4490 6
2207 4434 2491 4503 ἄνθρωπος
2523 4429 2678 4500 παρὰ
2722 4427 2816 4481 τὸν
2858 4424 2991 4479 Θεὸν
3021 4423 3229 4492 Λόγον;
3260 4420 3452 4492 ὥσπερ
3485 4414 3581 4473 οὖν
3636 4419 3731 4472 καὶ

2141 4525 2328 4595 ἕτερος
2353 4525 2382 4578 6
2406 4521 2542 4584 Θεὸς
2566 4520 2743 4590 Λόγος
2771 4516 2924 4589 παρὰ
2948 4515 3046 4587 τὴν
3072 4515 3250 4586 σάρκα
3269 4531 3284 4544 ⁸
3319 4514 3349 4567 ό
3391 4512 3569 4582 Λόγος
3618 4511 3730 4582 γὰρ

455 4617 515 4664 et
557 4622 691 4664 caro
719 4616 805 4662 est
827 4621 940 4663 non
982 4605 1265 4671 divinitas,
1289 4620 1391 4661 nec
1421 4605 1626 4670 carnis,
1665 4621 1770 4661 nec
1794 4604 2033 4661 hominis

2139 4618 2272 4684 Θεός
2285 4619 2400 4672 ἐστι
2419 4615 2517 4672 καὶ
2531 4616 2591 4669 οὑ
2605 4614 2762 4686 σὰρξ,
2787 4605 3078 4683 ὣσπεροῦν
3089 4611 3184 4665 καὶ
3195 4611 3229 4679 ἡ
3248 4606 3438 4683 [σὰρξ]
3459 4606 3601 4678 σάρξ
3613 4607 3730 4660 ἐστι

459 4716 589 4770 pars
632 4699 779 4754 Deus
829 4699 1096 4762 Verbum,
1138 4712 1244 4754 nec
1293 4697 1600 4753 secundum
1629 4707 1906 4763 naturam,
1940 4713 2040 4754 nec

459 4791 764 4848 secundum
813 4805 1128 4862 personam.
1179 4790 1286 4847 Sed
1335 4790 1566 4857 Christi,
1615 4806 1740 4846 cum
1800 4791 2043 4846 hominis

459 4884 609 4940 nuda
658 4884 844 4954 aliqua
877 4885 951 4940 sit
981 4884 1295 4956 hypostasis
1320 4883 1538 4939 Domini
1571 4883 1747 4939 nostri
1789 4882 2039 4951 Christi;

461 4976 602 5032 alter
631 4974 800 5047 igitur
825 4976 1012 5031 carnis
1044 4983 1101 5030 et
1139 4975 1404 5041 hominis,
1436 4974 1648 5031 scilicet
1684 4975 2044 5031 humanitatis

463 5070 770 5125 secundum
799 5079 1060 5126 naturam
1093 5068 1274 5123 solum
1322 5076 1654 5123 nosceretur
1689 5066 1932 5123 Verbum
1986 5065 2041 5121 in

463 5159 714 5228 Christo,
733 5173 844 5217 non
881 5170 1065 5217 autem
1093 5159 1397 5216 secundum
1428 5174 1746 5230 personam,
1792 5159 2049 5230 quamvis

415 5313 421 5322 κ
462 5267 564 5309 vos
599 5263 816 5310 secreto
855 5261 1084 5324 agentes
1132 5252 1200 5306 de
1237 5251 1542 5323 hypostasi,
1601 5251 1778 5307 siletis
1805 5251 2048 5306 dissimi-

465 5345 730 5402 litudines
764 5352 822 5400 et
862 5344 1255 5401 similitudines
1279 5344 1616 5414 aliquorum,
1640 5352 1696 5399 et
1726 5350 1788 5396 ut
1835 5352 2049 5397 utrum-

466 5453 575 5509 que
599 5437 842 5496 dicatur.
874 5446 935 5494 ut
964 5440 1132 5494 unius
1161 5438 1242 5494 rei
1269 5446 1482 5493 natura:
1507 5451 1778 5492 consessm
1807 5437 2045 5492 discreta

467 5533 818 5598 diversitate,
837 5545 892 5587 et
909 5533 1053 5587 alius
1081 5533 1161 5587 rei
1183 5547 1314 5588 sane
1330 5529 1640 5602 hypostasis
1671 5529 2047 5586 diversitatem

465 5624 669 5684 furtive
689 5621 942 5686 assertis,
966 5630 1024 5676 et
1050 5637 1115 5678 ex
1135 5622 1408 5692 principio
1435 5620 1598 5676 vobis
1625 5621 1732 5676 hoc
1753 5631 1839 5678 est
1867 5621 2046 5687 cordi,

467 5721 605 5776 duas
633 5719 961 5788 hypostases
997 5714 1297 5779 ostendite,
1319 5721 1376 5768 ct
1397 5714 1658 5771 unionem
1701 5716 1915 5771 Domini
1953 5733 2051 5772 no-

470 5814 567 5867 stri
601 5811 808 5868 Christi
856 5808 1126 5881 separatis
1155 5823 1317 5877 quam
1365 5825 1489 5864 cum
1535 5810 1655 5864 solo
1693 5809 1876 5863 Verbo
1902 5810 2043 5864 acci-

471 5921 604 5974 pere
655 5904 950 5961 simulatis.
998 5901 1104 5970 Qui
1149 5916 1284 5957 vero
1334 5901 1639 5957 secundum
1691 5911 1945 5958 naturam
1993 5911 2050 5960 et

2145 4711 2239 4765 καὶ
2258 4709 2320 4763 οὑ
2350 4707 2567 4777 θεότης.
2603 4706 2739 4762 Οὐδὲ
2770 4704 2870 4772 τῆς
2914 4703 3140 4775 σαρκὸς,
3165 4700 3287 4754 οὑδὲ
3320 4698 3417 4754 τοῦ
3435 4698 3731 4767 ἀνθρώπου

2147 4795 2316 4868 μέρος
2338 4794 2367 4848 6
2394 4794 2527 4858 Θεὸς
2550 4794 2742 4864 Λόγος.
2763 4791 2888 4846 οὔτε
2917 4791 3061 4845 κατὰ
3081 4788 3264 4859 φύσιν,
3289 4787 3415 4842 οὗτε
3441 4785 3567 4842 καθ’
3597 4786 3733 4840 ὑπό-

2145 4904 2356 4952 στασιν,
2389 4885 2529 4940 ἀλλὰ
2543 4884 2784 4957 Χριστοῦ
2804 4900 2818 4915 °
2854 4882 2980 4938 ἐπεὶ
3039 4881 3114 4953 μὴ
3155 4879 3448 4952 ἀνθρώπου
3481 4879 3614 4949 ψιλή
3644 4895 3732 4942 τις

2143 4971 2213 5048 ἦν
2235 4977 2269 5047 ἡ
2299 4975 2596 5039 ὑπόστασις
2653 4975 2748 5028 τοῦ
2780 4973 3059 5028 Δεσπότου
3095 4971 3252 5042 ἡμῶν
3300 4969 3541 5039 Χριστοῦ
3564 4985 3577 5000 ·
3606 4969 3729 5022 ξτε-

2150 5085 2241 5140 ρος
2266 5064 2362 5122 οὖν
2391 5067 2489 5138 τῆς
2518 5085 2579 5120 τε
2610 5065 2815 5136 σαρκὸς
2844 5066 2942 5119 καὶ
2985 5063 3083 5118 τοῦ
3109 5060 3404 5133 ἀνθρώπου
3429 5061 3599 5132 ἤγουν
3627 5058 3731 5126 τῆς

2146 5159 2567 5231 ἀνθρωπότητος
2593 5157 2739 5212 κατὰ
2777 5154 2941 5226 φύσιν
2995 5155 3159 5226 μόνον
3206 5155 3382 5208 νοοῖτο
3410 5153 3476 5207 ἃν
3502 5154 3531 5205 6
3553 5151 3731 5219 Λόγος

2147 5254 2206 5307 ὲν
2234 5251 2477 5324 Χριστῷ,
2503 5252 2565 5305 οὑ
2595 5251 2702 5322 μὴν
2732 5251 2826 5304 καὶ
2857 5247 2979 5302 καθ’
3015 5248 3350 5302 ὑπόστασινο
3379 5247 3429 5300 εἰ
3453 5245 3554 5300 καὶ
3568 5244 3731 5314 ὑμεῖς

2149 5343 2402 5408 ὑπούλως
2433 5343 2650 5413 ἔχοντες
2695 5341 2824 5414 περὶ
2882 5340 2981 5411 τὴν
3013 5337 3294 5402 ὑπόθεσιν,
3348 5336 3592 5390 σιωπᾶτε
3625 5334 3728 5395 τὰς

2149 5434 2475 5506 ἑτερότητας
2504 5433 2601 5487 καὶ
2628 5431 2964 5502 ταυτότητας
2996 5431 3156 5484 τίνων
3187 5446 3272 5498 γε,
3308 5429 3402 5482 καὶ
3434 5428 3582 5489 ὅπως
3604 5426 3728 5479 ἐ.κά-

2148 5545 2282 5599 τερα
2311 5527 2550 5596 λέγεται,
2589 5525 2678 5579 ἵνα
2702 5524 2793 5578 διὰ
2811 5525 2910 5594 τῆς
2933 5521 3028 5577 τοῦ
3059 5522 3176 5586 ἐνὸς
3206 5521 3530 5594 πράγματος
3557 5520 3726 5589 ἤγουν

2149 5621 2247 5691 τῆς
2306 5620 2526 5689 φύσεως
2565 5617 3001 5688 ὡμολογημένης
3053 5615 3372 5686 ἑτερότητος
3417 5611 3726 5682 λεληθότως

2150 5717 2246 5770 καὶ
2272 5715 2370 5786 τὴν
2391 5714 2550 5770 ἄλλου
2585 5713 2906 5786 πράγματος
2935 5711 3105 5781 ἤγουν
3131 5709 3231 5778 τῆς
3257 5703 3606 5766 ὑποστάσεως
3627 5703 3726 5769 τὴν

2152 5808 2448 5879 ἑτερότητα
2481 5805 2993 5878 παρεισενέγκοιτε·
3029 5803 3123 5856 καὶ
3162 5801 3225 5854 τὸ
3257 5800 3316 5864 ἐξ
3369 5798 3545 5868 ἀρχῆς
3593 5797 3725 5864 ὑμῖν

2153 5901 2464 5967 σπουδαῖον,
2487 5899 2580 5954 δύο
2608 5899 2708 5964 τὰς
2740 5897 3063 5962 ὑποστάσεις
3089 5895 3322 5966 δείξητε,
3349 5891 3447 5947 καὶ
3469 5889 3568 5962 τὴν
3589 5887 3725 5942 ’ἑνω-
