4042 6550
292 426 428 490 1753

1276 422 1675 485 ADVERSUS
1712 422 2259 485 NESTORIANOS.
2281 425 2512 485 -LIB.
2550 424 2651 485 VI.

3409 414 3547 479 ΠΜ

285 562 368 598 σιν
390 540 486 596 τοῦ
509 539 777 594 Δεσπότου
799 537 959 612 ἡμῶν
987 535 1227 609 Χριστοῦ
1258 537 1576 609 διαζεύξητε
1612 538 1681 608 ἢν
1707 538 1868 609 Λόγῳ
1892 544 1926 604 Α

2029 540 2291 610 rpostasin
2313 539 2524 609 aliquid
2574 536 2844 593 discernit
2877 533 3099 590 nonnisi
3132 533 3185 587 in
3220 534 3353 590 solis
3405 539 3552 591 acci-

289 636 436 709 μόνῳ
462 632 860 703 καταδέχεσθαι
882 630 1269 705 προσποιεῖσθε
1286 646 1301 661 ο
1333 631 1363 684 6
1391 630 1501 699 γὰρ
1532 630 1674 684 κατὰ
1696 629 1860 700 φύσιν

2029 630 2228 686 :ntibus
2264 631 2523 685 unionem
2565 630 2715 685 illius
2743 629 2862 685 ﬁeri
2906 636 3084 698 putat.

286 745 347 786 τε
380 727 474 781 καί⁵
501 726 797 781 ὑπόστασιν
829 724 1119 796 διακρίνων
1145 742 1221 791 τι,
1255 723 1379 777 κατ’
1438 724 1592 778 οὐδὲν
1650 723 1732 779 ἔτι
1761 724 1796 795 ἢ
1827 724 1935 795 ἄρα
1972 723 2116 780 κατὰ
2153 725 2499 795 συμϐεϐηκὸς
2540 725 2702 795 μόνον
2732 725 2830 778 τὴν
2874 726 3064 779 τούτου
3116 727 3412 796 συνάφειαν
3440 725 3549 777 ofs-

289 834 401 872 ται.

300 1001 624 1017 ⁵.-

1632 1109 2000 1198 ΛΟΓΟΣ
2077 1106 2223 1209 α’.

300 1277 519 1349 "Eum;
550 1275 751 1330 αὐτῶν
782 1277 1063 1348 ἀσεϐείας
1112 1277 1321 1347 δεῖξις,
1372 1281 1666 1350 θεοφόρον
1708 1281 2026 1348 ἄνθρωπον
2065 1280 2164 1334 καί
2218 1281 2291 1334 οὐ
2327 1279 2477 1335 Θεὸν
2511 1276 3065 1347 ἑνανθρωπήσαντα
3113 1276 3413 1347 λεγόντων
3456 1274 3562 1327 τὸν

1416 1373 1639 1443 Κύριον
1671 1372 1843 1444 ἡμῶν
1883 1372 2135 1429 Ἰησοῦν
2166 1374 2448 1442 Χριστόν.

1622 1643 1982 1730 LIBER
2083 1644 2257 1731 VI.

375 1816 549 1874 Sexta:
583 1817 871 1888 impietatis
899 1816 1280 1872 demonstratio
1324 1830 1506 1871 eorum
1543 1814 1635 1884 qui
1670 1814 1853 1867 dicunt
1895 1812 2159 1867 hominem
2207 1812 2567 1882 Theophorum
2601 1829 2710 1867 esse
2742 1813 3028 1868 Dominum
3057 1824 3296 1871 nostrum
3322 1815 3503 1869 Jesum

1394 1908 1665 1964 Christum
1700 1917 1752 1963 et
1782 1924 1887 1962 non
1921 1907 2093 1963 Deum
2124 1908 2487 1963 incantatam.
2522 1906 2529 1912 ’

622 2276 626 2281 ἢ
729 2191 1129 2250 κεφΑΑΑιοΝ
1161 2186 1461 2245 ΠΡΩΤΟΝ.

386 2291 450 2346 El
470 2277 664 2361 στολὴν
690 2289 807 2360 ἔχει
826 2291 856 2344 6
885 2288 1060 2355 Λόγος
1085 2285 1188 2355 τὴν
1225 2283 1427 2355 σάρκα,
1465 2280 1607 2334 κατὰ
1658 2277 1720 2332 τὸ
1741 2278 1899 2348 εἰρη-

1925 2191 1974 2247 Β

2511 2184 2737 2242 CAPUT
2798 2183 3092 2241 PRIMUM.

2072 2280 2129 2338 Si
2173 2279 2369 2336 stolam
2404 2278 2575 2334 habet
2620 2279 2862 2333 Verbum
2910 2292 3160 2341 carnem,
3199 2275 3345 2331 sicut
3369 2275 3581 2332 dictum

321 2385 479 2455 μένον
504 2381 654 2453 αὐτῷ
672 2381 761 2437 διὰ
776 2381 885 2435 τῶν
913 2380 1085 2448 λόγων
1110 2376 1276 2450 αὐτοῦ
1306 2375 1434 2445 περὶ
1453 2371 1673 2435 ἑαυτοῦ,
1703 2388 1729 2422 ι
1757 2369 1902 2423 Πλυ-

2029 2380 2090 2427 :st
2128 2371 2181 2426 ei
2220 2370 2277 2425 in
2321 2369 2673 2425 sermonibus
2703 2368 2772 2423 de
2808 2369 2925 2434 illo,
2964 2369 3107 2422 lavat
3139 2368 3195 2421 in
3224 2368 3357 2422 vino
3386 2370 3583 2423 stolam

316 2477 400 2530 νεῖ
420 2477 478 2530 ἐν
497 2474 625 2546 οϊνῳ
642 2474 743 2543 τὴν
764 2472 957 2544 στολὴν
984 2470 1174 2535 αὐτοῦ,
1208 2488 1227 2521 ι
1257 2468 1500 2539 δηλονότι
1520 2468 1549 2520 6
1566 2464 1905 2535 ἀναθεματί-

320 2569 428 2633 ζων
468 2568 561 2623 τὸν
602 2567 834 2637 λέγοντα
865 2563 1125 2635 θεοφόρον
1162 2561 1451 2633 ἄνθρωπον
1496 2559 1587 2611 τὸν
1646 2555 1903 2627 Χριστὸν,

321 2660 431 2728 πρὸ
458 2657 553 2710 τοῦ
578 2657 835 2724 λέγοντος
879 2654 971 2709 τὸν
1001 2652 1274 2724 φοροῦντα
1299 2648 1713 2720 ἀναθεματίζει.
1760 2647 1904 2700 Ἀλλ’

321 2751 481 2822 εῐπερ
509 2752 545 2822 ἡ
581 2749 743 2820 στολὴ
776 2747 872 2802 τοῦ
907 2747 1081 2816 Λόγου
1128 2746 1279 2800 ἐστὶν
1323 2746 1357 2815 ἡ
1394 2743 1552 2813 σὰρξ,
1578 2743 1608 2796 6
1648 2741 1705 2795 δὲ
1735 2741 1910 2810 Λόγος

325 2843 479 2909 Θεὸς,
514 2844 547 2915 ὴ
574 2842 633 2897 δὲ
658 2840 797 2913 σάρξ
828 2843 976 2895 ἐστιν
1034 2841 1062 2894 6
1113 2838 1424 2909 ἄνθρωπος,
1470 2835 1592 2889 θεὸν
1618 2835 1910 2907 ἀνθρωποαο

326 2938 490 3009 φόρον
511 2936 805 2992 ἀκόλουθον
836 2933 1039 3004 μᾶλλον
1071 2933 1248 2987 εἰπεῖν
1273 2932 1366 2985 ἐπὶ
1390 2928 1628 3002 Χριστοῦ
1650 2945 1664 2958 ο
1696 2928 1823 2986 τοὺς
1853 2926 1912 2980 δὲ

326 3027 657 3090 ἀποστόλους
690 3024 855 3079 αὑτοῦ
888 3020 1286 3092 ὲνδυσαμένους
1336 3018 1567 3089 δύναμιν
1618 3019 1678 3084 ὲε
1742 3015 1913 3085 ὕψους

329 3123 649 3187 ἐπελθόντος
678 3123 863 3184 αὐτοῖς
902 3120 998 3175 τοῦ
1041 3117 1199 3188 ἁγίου
1229 3115 1547 3187 Πνεύματος
1601 3112 1696 3168 τοῦ
1744 3110 1911 3166 Θεοῦ·

328 3214 553 3279 τούτους
582 3212 729 3276 εἰκὸς
778 3214 871 3266 καὶ
897 3212 1026 3275 τοὺς
1065 3208 1341 3272 τοιούτους
1374 3206 1676 3276 θεοφόρους
1705 3202 1914 3264 καλεῖν,

333 3309 420 3363 ἵνα
455 3309 519 3361 τὸ
553 3307 846 3378 ἐπίκτητον
892 3306 958 3375 τῇ
1010 3300 1307 3357 ὑποστάσει
1363 3301 1433 3370 τῇ
1473 3295 1813 3367 ἀνθρωπίνῃ,
1881 3295 1915 3364 ἡ

334 3403 453 3459 θεία
505 3401 669 3472 φύσις
711 3401 910 3471 νοηθῇ·
947 3401 1006 3452 ὲν
1038 3398 1095 3452 δὲ
1145 3396 1225 3468 τῷ
1283 3395 1496 3464 Κυρίῳ,
1541 3390 1815 3446 ἀνάπαλιν
1845 3390 1906 3442 τὸ

336 3499 629 3567 ἐπίκτητον
663 3498 729 3566 τῇ
762 3496 884 3564 θείᾳ
909 3491 1228 3556 ὑποστάσει,
1265 3490 1300 3560 ἡ
1336 3486 1498 3557 φύσις
1531 3486 1565 3555 ἡ
1596 3481 1917 3553 ἀνθρωπίνη

335 3592 568 3664 δοξασθῇ
593 3608 609 3623 ο
640 3590 806 3653 αὐτὸς
838 3590 947 3658 γὰρ
969 3586 1257 3641 ἐνεδύσατο
1279 3584 1341 3637 τὸ
1366 3583 1469 3652 τῆς
1506 3578 1784 3650 ἡμετέρας
1819 3573 1921 3643 φύ-

339 3706 497 3752 σεως.
523 3688 553 3740 6
582 3686 811 3747 ὲνδύσας
840 3681 1236 3753 ήμᾶςπάντας,
1259 3679 1323 3733 τὸ
1342 3677 1440 3749 τῆς
1474 3672 1676 3730 ἑαυτοῦ
1701 3669 1921 3743 φύσεως

341 3780 523 3853 σάρκα
540 3778 723 3834 λαϐὼν
752 3777 848 3832 καὶ
867 3775 992 3838 δοὺς
1023 3771 1274 3842 Πνεῦμα.

950 3888 1202 3944 ΚΕΦΛΛ.
1231 3886 1307 3942 B'.

414 3989 510 4053 T6,
530 3987 662 4051 Θεὸς
690 3981 760 4059 ἦν
790 3987 848 4039 ὲν
877 3983 958 4055 τῷ
986 3982 1123 4053 Υἱῷ,
1155 3978 1297 4034 κατὰ
1332 3977 1395 4033 τὸ
1413 3976 1703 4049 εἰρημένον
1732 3976 1807 4049 μὴ
1834 3975 1926 4029 τὸν

344 4085 517 4153 Λόγον
544 4083 725 4151 λέγειν
755 4075 895 4134 εἶναι
933 4078 992 4131 ὲν
1021 4073 1318 4145 ἀνθρώπῳ,
1340 4072 1431 4141 ζὼς
1478 4072 1507 4124 6
1537 4071 1725 4141 φορῶν
1757 4071 1815 4122 ὲν
1849 4068 1927 4138 τῷ

345 4175 701 4249 φορουμένῳ·
734 4172 843 4226 οὐδ’
873 4169 1047 4228 ἄλλως
1080 4168 1188 4239 ἄρα
1211 4163 1436 4219 δύναται
1471 4164 1500 4217 6
1535 4163 1669 4226 Θεὸς
1702 4159 1842 4215 εῖναι
1869 4164 1927 4215 ὲν

346 4268 423 4339 τῷ
455 4265 698 4340 Χριστῷ.
728 4266 791 4318 El
820 4263 913 4317 οῦν
941 4260 1114 4324 οὕτως
1138 4259 1447 4332 ἀδιαφόρως
1479 4257 1554 4321 ὡς
1583 4258 1611 4311 6
1666 4255 1850 4328 φορῶν
1871 4255 1929 4308 ἐν

346 4360 426 4432 τῷ
453 4358 793 4431 φορουμένῳ,
815 4356 875 4408 ὲν
901 4351 1121 4425 Χριστῷ
1142 4346 1210 4423 ἦν
1233 4350 1387 4415 Θεὸς,
1406 4349 1547 4404 κατὰ
1571 4346 1932 4419 περιορισμὸν

349 4453 459 4524 ἄρα
491 4451 587 4505 καὶ
640 4447 935 4520 περίληψιν
970 4444 1067 4498 καὶ
1113 4443 1325 4513 σκέπην
1356 4440 1450 4495 καὶ
1480 4438 1747 4510 κάλυμμα
1783 4440 1933 4491 ἐστιν

353 4546 380 4598 6
402 4543 572 4609 Λόγος
603 4542 661 4594 ὲν
701 4542 769 4610 τῇ
804 4537 969 4609 σαρκί
994 4552 1007 4567 ο
1036 4537 1235 4605 τοπικῇ
1271 4550 1330 4586 τε
1364 4532 1666 4602 παραθέσει
1698 4531 1933 4600 πέρατος

354 4636 587 4704 θατέρου
630 4633 766 4704 πρὸς
797 4631 1026 4699 θάτερον
1072 4628 1279 4698 ἥνωται
1317 4624 1594 4695 ἀλλήλοις.
1629 4623 1725 4675 καὶ
1764 4618 1876 4675 οἷον
1907 4622 1934 4674 6

356 4726 537 4797 φλοιὸς
566 4725 592 4794 ἦ
620 4723 682 4776 τὸ
712 4720 936 4790 ἔλυτρόν
989 4720 1108 4771 ἔστι
1133 4716 1408 4787 περίθεμα
1460 4714 1553 4768 τοῦ
1585 4712 1895 4784 ἁμυγδὰλου
1917 4728 1932 4743 ο

356 4820 466 4892 ἄρα
494 4817 586 4872 οῦν
614 4815 710 4869 καὶ
743 4813 1148 4884 περιγράφεται
1170 4812 1235 4880 τῇ
1262 4808 1424 4878 σαρκὶ
1454 4806 1487 4879 ἢ
1524 4807 1633 4869 πᾶς
1652 4805 1685 4877 ἣ
1704 4804 1846 4859 κατὰ
1872 4806 1935 4858 τὸ

357 4914 608 4969 πλεῖστον
625 4907 788 4962 αὐτοῦ
818 4906 846 4958 6
871 4905 1042 4973 Λόγος
1063 4920 1078 4936 ο
1100 4902 1180 4956 ἔτι
1204 4902 1308 4973 μὴν
1333 4901 1507 4964 οῦτως
1532 4901 1631 4954 οὐκ
1644 4900 1725 4963 είς
1747 4898 1809 4952 τὸ
1832 4916 1937 4969 φα-

358 5004 659 5077 νερωθῆναι
686 4997 763 5070 τῷ
794 4997 983 5068 κόσμῳ
1006 4996 1097 5049 τὸν
1121 4995 1314 5065 Λόγον,
1338 4994 1454 5049 ἀλλ’
1484 4994 1565 5057 εἰς
1585 4993 1648 5046 τὸ
1678 4991 1938 5045 ἐπικαλυ-

362 5098 583 5169 φθῆναι,
629 5094 725 5148 καὶ
751 5092 826 5163 μὴ
852 5087 1242 5161 γεγυμνῶσθαι
1291 5086 1431 5158 πρὸς
1474 5082 1808 5155 κατανόησιν
1830 5099 1939 5135 τινι

365 5187 516 5241 ἔσται
564 5184 853 5250 ἐπινοήσας
888 5176 1068 5248 ἐαυτῷ
1132 5175 1231 5247 τὴν
1283 5176 1594 5248 σάρκωσιν’
1657 5174 1832 5237 ἄλλως
1882 5173 1940 5227 δὲ

366 5278 529 5347 σῶμα
558 5276 651 5328 καὶ
683 5272 789 5344 πρὸ
821 5270 1024 5341 σαρκὸς
1052 5271 1227 5323 νοοῖτο
1271 5270 1339 5322 ἂν
1366 5271 1395 5322 6
1444 5266 1637 5335 Λόγος,
1670 5268 1718 5320 εί
1768 5265 1942 5329 οὕτως

2004 2480 2185 2527 suam,
2263 2462 2556 2518 evidenter
2599 2500 2614 2526 ,
2675 2460 2769 2530 qui
2834 2460 3264 2515 anathematizat
3309 2460 3585 2514 dicentem

2005 2556 2398 2625 Theophorum
2436 2569 2558 2609 esse
2591 2552 2871 2607 hominem
2898 2553 3023 2606 loco
3052 2552 3292 2606 dicentis
3318 2551 3585 2606 ferentem

2007 2648 2454 2704 anathematizat.
2505 2645 2613 2702 Sed
2640 2647 2686 2700 si
2719 2645 2858 2700 stola
2912 2644 3098 2700 Verbo
3139 2653 3226 2698 est
3256 2659 3407 2706 caro,
3456 2645 3592 2699 Ver-

2009 2741 2141 2796 bum
2188 2748 2373 2796 autem
2422 2741 2589 2806 Deus,
2628 2753 2758 2794 caro
2803 2746 2889 2791 est
2939 2736 3127 2799 homo,
3186 2737 3357 2789 Deum
3408 2737 3593 2805 potius

2012 2830 2311 2888 dicendum
2350 2831 2407 2886 in
2455 2829 2679 2885 Christo
2712 2827 3189 2897 antropophorum
3240 2837 3590 2898 sequentem,

2012 2925 2295 2995 apostolos
2357 2939 2491 2979 vero
2540 2923 2663 2994 ejus
2728 2922 2986 2976 inductos
3030 2920 3239 2976 virtute
3282 2936 3350 2974 ex
3384 2922 3510 2974 Alto
3547 2919 3593 2987 ι,

2014 3015 2443 3086 superveniente
2494 3013 2553 3068 in
2606 3029 2704 3069 eos
2753 3011 2997 3082 Spiritus
3049 3021 3275 3066 sanctus
3311 3012 3428 3065 Dei.
3486 3010 3598 3065 Hos

2016 3118 2168 3163 recte
2212 3115 2270 3162 et
2317 3106 2526 3171 similes
2576 3104 2765 3160 vocari
2811 3103 3198 3173 Theopboros,
3244 3112 3306 3157 ut
3350 3103 3596 3158 alienum

2018 3200 2272 3254 humanae
2314 3198 2617 3270 hypostasi,
2639 3205 2833 3252 natura
2855 3196 3044 3252 divina
3081 3196 3505 3266 intelligeretur,
3542 3194 3599 3248 in

2019 3293 2256 3348 Domino
2306 3308 2463 3357 vero,
2496 3307 2527 3346 e
2562 3291 2845 3346 contrario
2881 3290 3032 3360 quod
3078 3289 3319 3343 alienum
3352 3297 3438 3342 est
3462 3302 3491 3340 a
3519 3286 3602 3339 di-

2019 3388 2145 3442 vina
2170 3386 2452 3459 hypostasi
2491 3393 2691 3440 natura
2717 3385 2958 3438 humana
2994 3380 3421 3453 gloriﬁcaretur.
3464 3378 3600 3432 Nam

2023 3479 2140 3550 ipse
2179 3479 2360 3534 induit
2403 3489 2650 3533 nostram
2701 3486 2981 3541 naturam,
3011 3475 3105 3545 qui
3145 3472 3326 3528 induit
3357 3487 3457 3526 nos
3481 3486 3604 3524 mn-

2022 3586 2145 3634 nes,
2181 3586 2469 3626 assumens
2498 3585 2724 3627 carnem
2772 3586 2888 3625 suae
2940 3577 3154 3624 naturae
3203 3576 3260 3622 et
3296 3566 3442 3621 Deus
3480 3562 3606 3633 Spi-

2023 3664 2214 3718 ritum.
3484 3660 3487 3661 ⁷

2674 3867 2828 3925 CAP.
2883 3867 2951 3924 Ῑῐ.

2095 3961 2242 4017 Deus
2276 3970 2396 4017 erat
2427 3958 2483 4015 in
2506 3958 2647 4014 Filio
2679 3960 2987 4016 secundum
3041 3960 3249 4015 dictum
3282 3971 3344 4026 ιη,
3381 3978 3489 4016 non
3521 3961 3611 4017 di-

2027 4068 2152 4108 cere
2186 4052 2429 4109 Verbum
2463 4067 2586 4108 esse
2618 4051 2675 4106 in
2706 4052 2930 4107 homine
2955 4061 3015 4107 ut
3045 4052 3228 4108 ferens
3259 4053 3314 4108 in
3346 4054 3479 4114 lato.
3510 4070 3613 4109 nec

2028 4144 2191 4198 aliter
2227 4154 2363 4197 vero
2395 4149 2577 4212 potest
2610 4140 2756 4197 Dens
2779 4155 2902 4196 esse
2932 4141 2989 4194 in
3017 4139 3264 4195 Christo.
3291 4138 3348 4195 Si
3374 4156 3507 4195 vero
3538 4141 3612 4195 ita

2030 4236 2150 4292 sine
2177 4236 2491 4292 dill'erentia
2523 4242 2585 4290 ut
2613 4235 2797 4290 ferens
2823 4235 2876 4288 in
2902 4235 3013 4290 lato
3045 4235 3193 4290 Deus
3219 4244 3340 4289 erat
3372 4234 3428 4289 in
3458 4234 3617 4290 Chri-

2032 4338 2144 4393 sto,
2178 4327 2482 4383 secundum
2500 4327 2706 4381 limites
2725 4340 2858 4396 ergo
2879 4334 2935 4381 et
2961 4327 3515 4396 comprehensionem
3559 4334 3616 4381 et

2034 4429 2413 4494 tegumentum
2443 4426 2500 4474 et
2521 4418 2705 4472 velum
2738 4426 2795 4471 et
2822 4418 3064 4472 Verbum
3107 4416 3163 4470 in
3211 4432 3399 4471 carne.
3430 4417 3615 4472 Locali

2034 4515 2403 4586 appositione,
2434 4519 2680 4566 extrema
2714 4526 2843 4579 pars
2861 4511 3026 4564 unius
3057 4509 3248 4563 unitur
3270 4525 3395 4564 cum
3424 4509 3617 4572 altera,

2037 4606 2203 4677 quale
2233 4603 2417 4674 pellis,
2460 4601 2548 4655 vel
2608 4600 2893 4654 indusium
2929 4607 3014 4654 est
3067 4600 3282 4654 clotura
3321 4599 3625 4670 amygdalae

2038 4705 2094 4751 et
2130 4695 2356 4765 quidem
2408 4692 2652 4747 Verbum
2714 4692 2987 4745 limitatur
3032 4706 3311 4761 carneque
3361 4692 3475 4744 sola
3532 4691 3628 4745 vel

2043 4789 2283 4844 maxima
2338 4802 2467 4857 pars
2493 4786 2636 4856 ejus,
2659 4784 2843 4838 adhuc
2872 4792 3055 4838 autem
3087 4784 3168 4838 sic
3228 4798 3337 4837 non
3378 4783 3446 4837 ad
3503 4797 3622 4835 ma-

1963 4873 2017 4933 D
2045 4880 2418 4938 nifestandum
2453 4878 2696 4933 Verbum
2720 4876 2949 4939 mundo,
3009 4876 3106 4929 sed
3156 4875 3223 4929 ad
3283 4875 3628 4930 absconden-

2044 4978 2199 5041 dum,
2235 4986 2291 5030 et
2325 4988 2435 5028 non
2466 4969 2865 5027 denudandum
2903 4968 3035 5023 olim
3063 4968 3130 5022 ad
3182 4967 3623 5037 intelligentiam,

2042 5070 2153 5125 erit
2181 5067 2249 5122 ad
2286 5065 2663 5121 inventionem
2696 5077 2811 5117 suae
2831 5060 3252 5125 incarnationis,
3298 5059 3458 5112 aliter
3495 5072 3625 5112 cor-

2044 5178 2150 5234 pus
2177 5169 2234 5217 et
2265 5161 2387 5215 loco
2413 5157 2598 5213 carnis
2639 5156 3042 5226 intelligeretur
3074 5153 3341 5215 Verbum,
3387 5150 3432 5205 si
3459 5150 3622 5205 talem

2047 5255 2219 5311 habet
2274 5250 2801 5313 manifestationem,
2833 5247 3145 5302 utomnino
3180 5246 3410 5300 daretur
3459 5243 3629 5297 nobis

365 5334 480 5438 ἔχει
512 5334 834 5430 ἐπιφάνειαν
852 5374 868 5392 ·
895 5334 991 5413 ’ἵνα
1041 5357 1099 5410 δὲ
1145 5356 1321 5410 πάντα
1350 5354 1477 5425 δοθῇ
1502 5334 1632 5424 ἠίμῖν
1656 5352 1838 5420 λέγειν
1875 5350 1926 5403 τὲ

2048 5346 2272 5405 dicendi
2312 5342 2781 5406 inconvenientia,
2808 5348 2863 5395 et
2893 5339 2972 5395 sic
2996 5355 3104 5392 non
3120 5338 3506 5407 'l‘heophorus,
3531 5334 3633 5389 sed

367 5460 566 5519 ἄτοπα,
600 5457 693 5507 καὶ
718 5453 892 5516 οὕτως
942 5452 1003 5505 ού
1035 5450 1316 5519 θεοφόρος,
1363 5446 1479 5501 ἀλλ’
1506 5445 1541 5517 ἢ
1584 5440 1944 5518 ἀνθρωποφά-

375 5567 466 5622 ρος
501 5552 530 5602 6
553 5550 618 5601 ὲκ
671 5546 807 5599 Θεοῦ
861 5545 1022 5608 Θεόςο
1060 5544 1092 5615 ἢ
1148 5545 1195 5595 εί
1226 5540 1462 5613 Χριστὸς
1503 5539 1668 5603 αὐτὸς
1696 5541 1724 5591 6
1748 5534 1949 5610 φορού-

378 5659 537 5713 μενος
592 5636 661 5710 ἦν
711 5640 831 5692 καθ’
863 5639 1007 5708 ὑμᾶς
1044 5640 1073 5691 6
1118 5637 1214 5691 καὶ
1253 5635 1531 5707 θεοφόρος,
1560 5632 1654 5686 δύο
1689 5632 1835 5695 θεοῖς
1860 5644 1952 5701 με-

376 5730 775 5804 σάζειΧριστός
795 5747 809 5762 ·
840 5731 922 5783 ἑνὶ
949 5730 1027 5799 τῷ
1046 5730 1193 5782 ἔνδον
1222 5726 1389 5782 αὐτοῦ
1424 5725 1779 5799 χωρουμένῳ,
1813 5723 1951 5777 διότι

461 5868 483 5912 ι
512 5873 633 5928 Act.
664 5886 701 5935 ι,
735 5869 789 5925 8.
867 5880 906 5909 ιη
930 5868 972 5923 ll
1001 5867 1127 5925 Cor.
1171 5883 1225 5933 ν,
1265 5865 1345 5919 l9.

2053 5441 2504 5512 antropophorus
2544 5445 2631 5492 est
2668 5450 2735 5490 ex
2786 5435 2898 5489 Deo
2925 5434 3091 5488 Deus.
3123 5432 3220 5487 Vel
3276 5432 3321 5487 si
3375 5430 3640 5485 Christus

2055 5542 2174 5611 ipse
2207 5539 2352 5592 latus
2371 5546 2492 5591 erat
2519 5532 2822 5588 secundum
2848 5544 2946 5583 vos
2975 5528 3069 5599 qui
3122 5537 3179 5583 et
3212 5525 3631 5595 -Theophorus,

2056 5631 2277 5688 duobus
2311 5629 2419 5684 diis
2460 5628 2737 5697 particeps
2769 5632 2853 5679 est
2880 5622 3137 5678 Christus
3162 5621 3256 5675 uni
3313 5617 3532 5672 interim
3572 5628 3637 5669 se

2057 5719 2398 5783 extendenti,
2428 5717 2552 5773 ideo
2586 5716 2736 5772 Deus
2757 5725 2877 5771 erat
2901 5716 2955 5770 in
2981 5714 3226 5777 Christo,
3252 5720 3309 5766 et
3353 5705 3513 5764 alteri
3542 5719 3645 5759 ex.
