  <div class='ocr_page' id='page_1' title='image "/cluster/home/n/w/nwhite01/storage/ocr_20150623/86:1/hvd.32044019208909/885.png"; bbox 0 0 4006 6562; ppageno 0'>
   <div class='ocr_carea' id='block_1_1' title="bbox 407 438 2013 525">
    <p class='ocr_par' dir='ltr' id='par_1_1' title="bbox 407 438 1984 514">
     <span class='ocr_line' id='line_1_1' title="bbox 407 438 1984 514; baseline 0.004 -9"><span class='ocrx_word' id='word_1_1' title='bbox 407 438 548 507; x_wconf 84' lang='grc'><strong>1755</strong></span> <span class='ocrx_word' id='word_1_2' title='bbox 1355 499 1360 504; x_wconf 88' lang='grc'><strong>.</strong></span> <span class='ocrx_word' id='word_1_3' title='bbox 1669 449 1984 514; x_wconf 80' lang='lat' dir='ltr'><strong>LEONTII</strong></span> 
     </span>
    </p>
   </div>
   <div class='ocr_carea' id='block_1_2' title="bbox 2122 438 3673 525">
    <p class='ocr_par' dir='ltr' id='par_1_2' title="bbox 2122 450 3673 525">
     <span class='ocr_line' id='line_1_2' title="bbox 2122 450 3673 525; baseline 0.01 -15"><span class='ocrx_word' id='word_1_4' title='bbox 2122 450 2428 514; x_wconf 85' lang='lat' dir='ltr'><strong>ZANTlNI</strong></span> <span class='ocrx_word' id='word_1_5' title='bbox 3527 456 3673 525; x_wconf 76' lang='grc'><strong>1756</strong></span> 
     </span>
    </p>
   </div>
   <div class='ocr_carea' id='block_1_3' title="bbox 404 560 2013 645">
    <p class='ocr_par' dir='ltr' id='par_1_3' title="bbox 404 560 2013 634">
     <span class='ocr_line' id='line_1_3' title="bbox 404 560 2013 634; baseline 0.006 -18"><span class='ocrx_word' id='word_1_6' title='bbox 404 561 580 618; x_wconf 85' lang='lat' dir='ltr'><strong>terius</strong></span> <span class='ocrx_word' id='word_1_7' title='bbox 617 561 752 630; x_wconf 90' lang='lat' dir='ltr'><strong>lato,</strong></span> <span class='ocrx_word' id='word_1_8' title='bbox 791 560 916 618; x_wconf 91' lang='lat' dir='ltr'><strong>ideo</strong></span> <span class='ocrx_word' id='word_1_9' title='bbox 948 561 1315 634; x_wconf 86' lang='lat' dir='ltr'><strong>Theophorus</strong></span> <span class='ocrx_word' id='word_1_10' title='bbox 1352 563 1511 620; x_wconf 89' lang='lat' dir='ltr'><strong>vobis</strong></span> <span class='ocrx_word' id='word_1_11' title='bbox 1564 562 1786 621; x_wconf 85' lang='lat' dir='ltr'><strong>videtur</strong></span> <span class='ocrx_word' id='word_1_12' title='bbox 1820 564 2013 625; x_wconf 90' lang='lat' dir='ltr'><strong>Chri-.</strong></span> 
     </span>
    </p>
   </div>
   <div class='ocr_carea' id='block_1_4' title="bbox 2122 560 3671 645">
    <p class='ocr_par' dir='ltr' id='par_1_4' title="bbox 2122 561 3671 645">
     <span class='ocr_line' id='line_1_4' title="bbox 2122 561 3671 645; baseline 0.005 -25"><span class='ocrx_word' id='word_1_13' title='bbox 2122 566 2217 632; x_wconf 60' lang='grc' dir='ltr'>»οὺς</span> <span class='ocrx_word' id='word_1_14' title='bbox 2243 561 2314 638; x_wconf 74' lang='grc' dir='ltr'><strong>ἦν</strong></span> <span class='ocrx_word' id='word_1_15' title='bbox 2343 567 2403 621; x_wconf 84' lang='lat' dir='ltr'><strong>tv</strong></span> <span class='ocrx_word' id='word_1_16' title='bbox 2431 565 2685 638; x_wconf 78' lang='grc' dir='ltr'>Χριστῷο</span> <span class='ocrx_word' id='word_1_17' title='bbox 2715 567 2814 622; x_wconf 81' lang='grc' dir='ltr'><strong>καὶ</strong></span> <span class='ocrx_word' id='word_1_18' title='bbox 2862 568 2946 622; x_wconf 72' lang='grc' dir='ltr'><strong>ἇνι</strong></span> <span class='ocrx_word' id='word_1_19' title='bbox 2985 567 3066 641; x_wconf 82' lang='grc' dir='ltr'>τῷ</span> <span class='ocrx_word' id='word_1_20' title='bbox 3089 568 3288 636; x_wconf 67' lang='grc' dir='ltr'><strong>ἔξωθεν</strong></span> <span class='ocrx_word' id='word_1_21' title='bbox 3318 572 3671 645; x_wconf 78' lang='grc' dir='ltr'>φορουμένῳ,</span> 
     </span>
    </p>
   </div>
   <div class='ocr_carea' id='block_1_5' title="bbox 402 657 3170 733">
    <p class='ocr_par' dir='ltr' id='par_1_5' title="bbox 402 657 3170 733">
     <span class='ocr_line' id='line_1_5' title="bbox 402 657 3170 733; baseline 0.003 -23"><span class='ocrx_word' id='word_1_22' title='bbox 402 664 545 711; x_wconf 86' lang='lat' dir='ltr'><strong>stus.</strong></span> <span class='ocrx_word' id='word_1_23' title='bbox 2081 657 2216 712; x_wconf 88' lang='grc' dir='ltr'>διότι</span> <span class='ocrx_word' id='word_1_24' title='bbox 2243 657 2504 732; x_wconf 80' lang='grc' dir='ltr'><strong>θεοφόρος</strong></span> <span class='ocrx_word' id='word_1_25' title='bbox 2533 658 2665 730; x_wconf 82' lang='grc' dir='ltr'>ὐμῖν</span> <span class='ocrx_word' id='word_1_26' title='bbox 2685 659 2837 714; x_wconf 85' lang='grc' dir='ltr'><strong>δοκεῖ</strong></span> <span class='ocrx_word' id='word_1_27' title='bbox 2853 659 2884 713; x_wconf 99' lang='lat'><strong>6</strong></span> <span class='ocrx_word' id='word_1_28' title='bbox 2911 660 3170 733; x_wconf 73' lang='grc' dir='ltr'>Χριστός.</span> 
     </span>
    </p>
   </div>
   <div class='ocr_carea' id='block_1_6' title="bbox 1038 749 2013 807">
    <p class='ocr_par' dir='ltr' id='par_1_6' title="bbox 1038 749 1346 806">
     <span class='ocr_line' id='line_1_6' title="bbox 1038 749 1346 806; baseline 0.003 -1"><span class='ocrx_word' id='word_1_29' title='bbox 1038 749 1192 805; x_wconf 84' lang='lat' dir='ltr'><strong>CAP.</strong></span> <span class='ocrx_word' id='word_1_30' title='bbox 1254 749 1346 806; x_wconf 86' lang='grc'><strong>111.</strong></span> 
     </span>
    </p>
   </div>
   <div class='ocr_carea' id='block_1_7' title="bbox 2122 749 3058 807">
    <p class='ocr_par' dir='ltr' id='par_1_7' title="bbox 2693 749 3058 807">
     <span class='ocr_line' id='line_1_7' title="bbox 2693 749 3058 807; baseline 0.011 -4"><span class='ocrx_word' id='word_1_31' title='bbox 2693 749 2949 806; x_wconf 73' lang='grc' dir='ltr'><strong>ΚΕΦΑΛ.</strong></span> <span class='ocrx_word' id='word_1_32' title='bbox 2981 751 3058 807; x_wconf 74' lang='lat'><strong>1&quot;.</strong></span> 
     </span>
    </p>
   </div>
   <div class='ocr_carea' id='block_1_8' title="bbox 481 835 2013 916">
    <p class='ocr_par' dir='ltr' id='par_1_8' title="bbox 481 837 1984 900">
     <span class='ocr_line' id='line_1_8' title="bbox 481 837 1984 900; baseline 0.005 -10"><span class='ocrx_word' id='word_1_33' title='bbox 481 837 674 892; x_wconf 78' lang='lat' dir='ltr'><strong>Modus</strong></span> <span class='ocrx_word' id='word_1_34' title='bbox 702 839 1296 898; x_wconf 67' lang='lat' dir='ltr'><strong>voluntariaeunionis</strong></span> <span class='ocrx_word' id='word_1_35' title='bbox 1337 858 1451 898; x_wconf 92' lang='lat' dir='ltr'><strong>non</strong></span> <span class='ocrx_word' id='word_1_36' title='bbox 1502 843 1688 900; x_wconf 83' lang='lat' dir='ltr'><strong>aufert</strong></span> <span class='ocrx_word' id='word_1_37' title='bbox 1712 842 1984 900; x_wconf 77' lang='lat' dir='ltr'><strong>exsisten-</strong></span> 
     </span>
    </p>
   </div>
   <div class='ocr_carea' id='block_1_9' title="bbox 2122 835 3677 916">
    <p class='ocr_par' dir='ltr' id='par_1_9' title="bbox 2165 835 3677 916">
     <span class='ocr_line' id='line_1_9' title="bbox 2165 835 3677 916; baseline 0.005 -25"><span class='ocrx_word' id='word_1_38' title='bbox 2165 835 2226 891; x_wconf 92' lang='lat'><strong>&#39;0</strong></span> <span class='ocrx_word' id='word_1_39' title='bbox 2251 837 2454 910; x_wconf 81' lang='grc' dir='ltr'>τρόπος</span> <span class='ocrx_word' id='word_1_40' title='bbox 2494 840 2599 912; x_wconf 81' lang='grc' dir='ltr'><strong>τῆς</strong></span> <span class='ocrx_word' id='word_1_41' title='bbox 2627 841 2878 896; x_wconf 72' lang='grc' dir='ltr'><strong>ἑκουσίου</strong></span> <span class='ocrx_word' id='word_1_42' title='bbox 2931 840 3202 911; x_wconf 79' lang='grc' dir='ltr'><strong>ἑνώσεως,</strong></span> <span class='ocrx_word' id='word_1_43' title='bbox 3243 843 3345 916; x_wconf 79' lang='grc' dir='ltr'><strong>τὴν</strong></span> <span class='ocrx_word' id='word_1_44' title='bbox 3371 843 3677 915; x_wconf 66' lang='grc' dir='ltr'><strong>ἑνύπαρξιν</strong></span> 
     </span>
    </p>
   </div>
   <div class='ocr_carea' id='block_1_10' title="bbox 408 927 2013 1009">
    <p class='ocr_par' dir='ltr' id='par_1_10' title="bbox 408 929 1984 1001">
     <span class='ocr_line' id='line_1_10' title="bbox 408 929 1984 1001; baseline 0.004 -17"><span class='ocrx_word' id='word_1_45' title='bbox 408 929 542 984; x_wconf 89' lang='lat' dir='ltr'><strong>tiam</strong></span> <span class='ocrx_word' id='word_1_46' title='bbox 578 930 634 986; x_wconf 86' lang='lat' dir='ltr'><strong>in</strong></span> <span class='ocrx_word' id='word_1_47' title='bbox 667 930 808 1001; x_wconf 86' lang='lat' dir='ltr'><strong>ipso,</strong></span> <span class='ocrx_word' id='word_1_48' title='bbox 848 933 1057 988; x_wconf 34' lang='lat' dir='ltr'><strong>nam&#39;si</strong></span> <span class='ocrx_word' id='word_1_49' title='bbox 1111 949 1226 990; x_wconf 87' lang='lat' dir='ltr'><strong>non</strong></span> <span class='ocrx_word' id='word_1_50' title='bbox 1275 936 1598 993; x_wconf 73' lang='lat' dir='ltr'><strong>continetur</strong></span> <span class='ocrx_word' id='word_1_51' title='bbox 1650 936 1708 992; x_wconf 90' lang='lat' dir='ltr'><strong>in</strong></span> <span class='ocrx_word' id='word_1_52' title='bbox 1741 937 1837 992; x_wconf 93' lang='lat' dir='ltr'><strong>illo</strong></span> <span class='ocrx_word' id='word_1_53' title='bbox 1880 949 1984 991; x_wconf 90' lang='lat' dir='ltr'><strong>nec</strong></span> 
     </span>
    </p>
   </div>
   <div class='ocr_carea' id='block_1_11' title="bbox 2122 927 3675 1009">
    <p class='ocr_par' dir='ltr' id='par_1_11' title="bbox 2122 927 3675 1009">
     <span class='ocr_line' id='line_1_11' title="bbox 2122 927 3675 1009; baseline 0.006 -27"><span class='ocrx_word' id='word_1_54' title='bbox 2122 927 2186 983; x_wconf 84' lang='grc' dir='ltr'>ὐκ</span> <span class='ocrx_word' id='word_1_55' title='bbox 2237 931 2482 1002; x_wconf 78' lang='grc' dir='ltr'><strong>άναιρεῐο</strong></span> <span class='ocrx_word' id='word_1_56' title='bbox 2530 933 2579 987; x_wconf 84' lang='grc' dir='ltr'><strong>εί</strong></span> <span class='ocrx_word' id='word_1_57' title='bbox 2611 934 2687 1005; x_wconf 80' lang='grc' dir='ltr'><strong>μὴ</strong></span> <span class='ocrx_word' id='word_1_58' title='bbox 2730 933 2840 1007; x_wconf 79' lang='grc' dir='ltr'>γὰρ</span> <span class='ocrx_word' id='word_1_59' title='bbox 2879 935 3202 1007; x_wconf 76' lang='grc' dir='ltr'><strong>ἐνυπάρχει,</strong></span> <span class='ocrx_word' id='word_1_60' title='bbox 3251 936 3373 990; x_wconf 80' lang='grc' dir='ltr'>οὐδὲ</span> <span class='ocrx_word' id='word_1_61' title='bbox 3437 937 3675 1009; x_wconf 69' lang='grc' dir='ltr'>ἥνωται.</span> 
     </span>
    </p>
   </div>
   <div class='ocr_carea' id='block_1_12' title="bbox 413 1021 1984 1087">
    <p class='ocr_par' dir='ltr' id='par_1_12' title="bbox 413 1021 1984 1087">
     <span class='ocr_line' id='line_1_12' title="bbox 413 1021 1984 1087; baseline 0.003 -10"><span class='ocrx_word' id='word_1_62' title='bbox 413 1021 636 1087; x_wconf 89' lang='lat' dir='ltr'><strong>unitur,</strong></span> <span class='ocrx_word' id='word_1_63' title='bbox 695 1021 764 1077; x_wconf 91' lang='lat' dir='ltr'><strong>ad</strong></span> <span class='ocrx_word' id='word_1_64' title='bbox 807 1023 1188 1079; x_wconf 80' lang='lat' dir='ltr'><strong>exsistentiam</strong></span> <span class='ocrx_word' id='word_1_65' title='bbox 1244 1027 1552 1082; x_wconf 90' lang='lat' dir='ltr'><strong>secundum</strong></span> <span class='ocrx_word' id='word_1_66' title='bbox 1611 1026 1984 1084; x_wconf 73' lang='lat' dir='ltr'><strong>voluntariam</strong></span> 
     </span>
    </p>
   </div>
   <div class='ocr_carea' id='block_1_13' title="bbox 2099 1020 3678 1101">
    <p class='ocr_par' dir='ltr' id='par_1_13' title="bbox 2099 1020 3678 1101">
     <span class='ocr_line' id='line_1_13' title="bbox 2099 1020 3678 1101; baseline 0.004 -26"><span class='ocrx_word' id='word_1_67' title='bbox 2099 1020 2262 1077; x_wconf 81' lang='grc' dir='ltr'>Ἀλλά</span> <span class='ocrx_word' id='word_1_68' title='bbox 2321 1025 2356 1095; x_wconf 83' lang='grc' dir='ltr'><strong>ή</strong></span> <span class='ocrx_word' id='word_1_69' title='bbox 2403 1024 2547 1080; x_wconf 83' lang='grc' dir='ltr'>κατὰ</span> <span class='ocrx_word' id='word_1_70' title='bbox 2598 1025 2699 1097; x_wconf 80' lang='grc' dir='ltr'><strong>τὴν</strong></span> <span class='ocrx_word' id='word_1_71' title='bbox 2722 1027 2834 1083; x_wconf 86' lang='grc' dir='ltr'>τῶν</span> <span class='ocrx_word' id='word_1_72' title='bbox 2887 1027 3108 1097; x_wconf 81' lang='grc' dir='ltr'><strong>φύσεων</strong></span> <span class='ocrx_word' id='word_1_73' title='bbox 3143 1030 3222 1093; x_wconf 84' lang='grc' dir='ltr'>είς</span> <span class='ocrx_word' id='word_1_74' title='bbox 3247 1029 3482 1101; x_wconf 72' lang='grc' dir='ltr'>ἀλλήλας</span> <span class='ocrx_word' id='word_1_75' title='bbox 3505 1029 3678 1082; x_wconf 76' lang='grc' dir='ltr'><strong>ἑκού-</strong></span> 
     </span>
    </p>
   </div>
   <div class='ocr_carea' id='block_1_14' title="bbox 411 1113 2013 1190">
    <p class='ocr_par' dir='ltr' id='par_1_14' title="bbox 411 1113 1986 1190">
     <span class='ocr_line' id='line_1_14' title="bbox 411 1113 1986 1190; baseline 0.004 -23"><span class='ocrx_word' id='word_1_76' title='bbox 411 1113 673 1168; x_wconf 91' lang='lat' dir='ltr'><strong>unionem</strong></span> <span class='ocrx_word' id='word_1_77' title='bbox 695 1123 1019 1170; x_wconf 74' lang='lat' dir='ltr'><strong>naturarum</strong></span> <span class='ocrx_word' id='word_1_78' title='bbox 1045 1115 1113 1170; x_wconf 91' lang='lat' dir='ltr'><strong>ad</strong></span> <span class='ocrx_word' id='word_1_79' title='bbox 1134 1116 1370 1174; x_wconf 79' lang='lat' dir='ltr'><strong>invicem</strong></span> <span class='ocrx_word' id='word_1_80' title='bbox 1390 1119 1743 1190; x_wconf 91' lang='lat' dir='ltr'><strong>nunquamin</strong></span> <span class='ocrx_word' id='word_1_81' title='bbox 1767 1118 1986 1174; x_wconf 87' lang='lat' dir='ltr'><strong>duabus</strong></span> 
     </span>
    </p>
   </div>
   <div class='ocr_carea' id='block_1_15' title="bbox 2122 1113 3680 1190">
    <p class='ocr_par' dir='ltr' id='par_1_15' title="bbox 2126 1113 3680 1190">
     <span class='ocr_line' id='line_1_15' title="bbox 2126 1113 3680 1190; baseline 0.006 -24"><span class='ocrx_word' id='word_1_82' title='bbox 2126 1129 2204 1167; x_wconf 86' lang='grc' dir='ltr'><strong>ιον</strong></span> <span class='ocrx_word' id='word_1_83' title='bbox 2241 1113 2438 1171; x_wconf 70' lang='grc' dir='ltr'><strong>ἕνωσιν</strong></span> <span class='ocrx_word' id='word_1_84' title='bbox 2481 1116 2802 1190; x_wconf 79' lang='grc' dir='ltr'><strong>ὲνύπαρξις,</strong></span> <span class='ocrx_word' id='word_1_85' title='bbox 2855 1120 2916 1175; x_wconf 77' lang='lat' dir='ltr'><strong>tv</strong></span> <span class='ocrx_word' id='word_1_86' title='bbox 2944 1119 3102 1175; x_wconf 84' lang='grc' dir='ltr'><strong>δυάδι</strong></span> <span class='ocrx_word' id='word_1_87' title='bbox 3144 1120 3496 1181; x_wconf 78' lang='grc' dir='ltr'>ὑποστάσεων</span> <span class='ocrx_word' id='word_1_88' title='bbox 3545 1122 3680 1176; x_wconf 63' lang='grc' dir='ltr'><strong>ποτὲ</strong></span> 
     </span>
    </p>
   </div>
   <div class='ocr_carea' id='block_1_16' title="bbox 410 1200 1912 1272">
    <p class='ocr_par' dir='ltr' id='par_1_16' title="bbox 410 1200 1912 1272">
     <span class='ocr_line' id='line_1_16' title="bbox 410 1200 1912 1272; baseline 0.005 -18"><span class='ocrx_word' id='word_1_89' title='bbox 410 1200 798 1272; x_wconf 79' lang='lat' dir='ltr'><strong>hypostasibus</strong></span> <span class='ocrx_word' id='word_1_90' title='bbox 821 1201 1122 1266; x_wconf 79' lang='lat' dir='ltr'><strong>invenitur,</strong></span> <span class='ocrx_word' id='word_1_91' title='bbox 1148 1211 1210 1258; x_wconf 90' lang='lat' dir='ltr'><strong>ut</strong></span> <span class='ocrx_word' id='word_1_92' title='bbox 1261 1203 1564 1262; x_wconf 84' lang='lat' dir='ltr'><strong>habitantis</strong></span> <span class='ocrx_word' id='word_1_93' title='bbox 1584 1215 1641 1262; x_wconf 93' lang='lat' dir='ltr'><strong>et</strong></span> <span class='ocrx_word' id='word_1_94' title='bbox 1680 1205 1912 1262; x_wconf 84' lang='lat' dir='ltr'><strong>habitat.</strong></span> 
     </span>
    </p>
   </div>
   <div class='ocr_carea' id='block_1_17' title="bbox 481 1292 1990 1442">
    <p class='ocr_par' dir='ltr' id='par_1_17' title="bbox 481 1292 1990 1442">
     <span class='ocr_line' id='line_1_17' title="bbox 481 1292 1990 1442; baseline 0.002 -3"><span class='ocrx_word' id='word_1_95' title='bbox 481 1382 540 1439; x_wconf 90' lang='lat' dir='ltr'><strong>Si</strong></span> <span class='ocrx_word' id='word_1_96' title='bbox 580 1399 690 1438; x_wconf 91' lang='lat' dir='ltr'><strong>non</strong></span> <span class='ocrx_word' id='word_1_97' title='bbox 723 1383 781 1438; x_wconf 89' lang='lat' dir='ltr'><strong>in</strong></span> <span class='ocrx_word' id='word_1_98' title='bbox 817 1292 1216 1439; x_wconf 48' lang='lat' dir='ltr'><strong>habitauit:</strong></span> <span class='ocrx_word' id='word_1_99' title='bbox 1363 1394 1568 1441; x_wconf 84' lang='lat' dir='ltr'><strong>vestem</strong></span> <span class='ocrx_word' id='word_1_100' title='bbox 1617 1385 1784 1442; x_wconf 86' lang='lat' dir='ltr'><strong>habet</strong></span> <span class='ocrx_word' id='word_1_101' title='bbox 1807 1386 1990 1442; x_wconf 89' lang='lat' dir='ltr'><strong>homi-</strong></span> 
     </span>
    </p>
   </div>
   <div class='ocr_carea' id='block_1_18' title="bbox 410 1475 1986 1543">
    <p class='ocr_par' dir='ltr' id='par_1_18' title="bbox 410 1475 1986 1543">
     <span class='ocr_line' id='line_1_18' title="bbox 410 1475 1986 1543; baseline 0.004 -15"><span class='ocrx_word' id='word_1_102' title='bbox 410 1491 537 1530; x_wconf 98' lang='lat' dir='ltr'><strong>nem</strong></span> <span class='ocrx_word' id='word_1_103' title='bbox 579 1475 841 1543; x_wconf 85' lang='lat' dir='ltr'><strong>Verbum,</strong></span> <span class='ocrx_word' id='word_1_104' title='bbox 896 1477 1214 1532; x_wconf 87' lang='lat' dir='ltr'><strong>necessario</strong></span> <span class='ocrx_word' id='word_1_105' title='bbox 1269 1477 1326 1533; x_wconf 92' lang='lat' dir='ltr'><strong>in</strong></span> <span class='ocrx_word' id='word_1_106' title='bbox 1377 1478 1747 1534; x_wconf 80' lang='lat' dir='ltr'><strong>substantiam</strong></span> <span class='ocrx_word' id='word_1_107' title='bbox 1798 1480 1986 1536; x_wconf 86' lang='lat' dir='ltr'><strong>habet.</strong></span> 
     </span>
    </p>
   </div>
   <div class='ocr_carea' id='block_1_19' title="bbox 410 1569 1987 1642">
    <p class='ocr_par' dir='ltr' id='par_1_19' title="bbox 410 1569 1987 1642">
     <span class='ocr_line' id='line_1_19' title="bbox 410 1569 1987 1642; baseline 0.003 -19"><span class='ocrx_word' id='word_1_108' title='bbox 410 1569 702 1639; x_wconf 79' lang='lat' dir='ltr'><strong>Accipiens</strong></span> <span class='ocrx_word' id='word_1_109' title='bbox 757 1585 890 1624; x_wconf 84' lang='lat' dir='ltr'><strong>vero</strong></span> <span class='ocrx_word' id='word_1_110' title='bbox 937 1585 1163 1626; x_wconf 88' lang='lat' dir='ltr'><strong>carnem</strong></span> <span class='ocrx_word' id='word_1_111' title='bbox 1218 1571 1275 1626; x_wconf 91' lang='lat' dir='ltr'><strong>in</strong></span> <span class='ocrx_word' id='word_1_112' title='bbox 1329 1573 1698 1628; x_wconf 86' lang='lat' dir='ltr'><strong>substantiam</strong></span> <span class='ocrx_word' id='word_1_113' title='bbox 1759 1574 1987 1642; x_wconf 83' lang='lat' dir='ltr'><strong>Christi,</strong></span> 
     </span>
    </p>
   </div>
   <div class='ocr_carea' id='block_1_20' title="bbox 327 1659 1991 1730">
    <p class='ocr_par' dir='ltr' id='par_1_20' title="bbox 327 1659 1991 1730">
     <span class='ocr_line' id='line_1_20' title="bbox 327 1659 1991 1730; baseline 0.005 -18"><span class='ocrx_word' id='word_1_114' title='bbox 327 1695 330 1698; x_wconf 42' lang='lat'><strong>.</strong></span> <span class='ocrx_word' id='word_1_115' title='bbox 410 1667 768 1730; x_wconf 79' lang='lat' dir='ltr'><strong>augmentum</strong></span> <span class='ocrx_word' id='word_1_116' title='bbox 795 1660 926 1716; x_wconf 80' lang='lat' dir='ltr'><strong>facit</strong></span> <span class='ocrx_word' id='word_1_117' title='bbox 951 1662 1272 1719; x_wconf 72' lang='lat' dir='ltr'><strong>substantiae</strong></span> <span class='ocrx_word' id='word_1_118' title='bbox 1294 1663 1417 1719; x_wconf 88' lang='lat' dir='ltr'><strong>Filii</strong></span> <span class='ocrx_word' id='word_1_119' title='bbox 1452 1703 1468 1730; x_wconf 94' lang='lat'><strong>,</strong></span> <span class='ocrx_word' id='word_1_120' title='bbox 1515 1675 1738 1721; x_wconf 89' lang='lat' dir='ltr'><strong>vertens</strong></span> <span class='ocrx_word' id='word_1_121' title='bbox 1757 1675 1816 1722; x_wconf 95' lang='lat' dir='ltr'><strong>et</strong></span> <span class='ocrx_word' id='word_1_122' title='bbox 1864 1659 1991 1721; x_wconf 79' lang='lat' dir='ltr'><strong>mu-</strong></span> 
     </span>
    </p>
   </div>
   <div class='ocr_carea' id='block_1_21' title="bbox 2087 1204 3508 1282">
    <p class='ocr_par' dir='ltr' id='par_1_21' title="bbox 2087 1204 3508 1282">
     <span class='ocr_line' id='line_1_21' title="bbox 2087 1204 3508 1282; baseline 0.008 -26"><span class='ocrx_word' id='word_1_123' title='bbox 2087 1204 2187 1275; x_wconf 89' lang='grc' dir='ltr'><strong>οὐχ</strong></span> <span class='ocrx_word' id='word_1_124' title='bbox 2216 1205 2478 1279; x_wconf 80' lang='grc' dir='ltr'><strong>ὑπάρχει,</strong></span> <span class='ocrx_word' id='word_1_125' title='bbox 2511 1208 2590 1273; x_wconf 82' lang='grc' dir='ltr'>ὡς</span> <span class='ocrx_word' id='word_1_126' title='bbox 2613 1209 2956 1275; x_wconf 67' lang='grc' dir='ltr'>ὶνοικοῦντος</span> <span class='ocrx_word' id='word_1_127' title='bbox 2979 1210 3077 1264; x_wconf 78' lang='grc' dir='ltr'>καὶ</span> <span class='ocrx_word' id='word_1_128' title='bbox 3105 1212 3508 1282; x_wconf 71' lang='grc' dir='ltr'>ινοικουμίνου.</span> 
     </span>
    </p>
   </div>
   <div class='ocr_carea' id='block_1_22' title="bbox 2699 1300 3068 1364">
    <p class='ocr_par' dir='ltr' id='par_1_22' title="bbox 2699 1300 3068 1364">
     <span class='ocr_line' id='line_1_22' title="bbox 2699 1300 3068 1364; baseline 0.003 -9"><span class='ocrx_word' id='word_1_129' title='bbox 2699 1300 2958 1364; x_wconf 72' lang='grc' dir='ltr'><strong>ΚΕΦΛΛ,</strong></span> <span class='ocrx_word' id='word_1_130' title='bbox 2991 1303 3068 1356; x_wconf 85' lang='grc' dir='ltr'><strong>Δ’.</strong></span> 
     </span>
    </p>
   </div>
   <div class='ocr_carea' id='block_1_23' title="bbox 2160 1388 3681 1468">
    <p class='ocr_par' dir='ltr' id='par_1_23' title="bbox 2160 1388 3681 1468">
     <span class='ocr_line' id='line_1_23' title="bbox 2160 1388 3681 1468; baseline 0.005 -25"><span class='ocrx_word' id='word_1_131' title='bbox 2160 1388 2223 1443; x_wconf 87' lang='grc' dir='ltr'>Εί</span> <span class='ocrx_word' id='word_1_132' title='bbox 2264 1388 2341 1461; x_wconf 76' lang='grc' dir='ltr'><strong>μὴ</strong></span> <span class='ocrx_word' id='word_1_133' title='bbox 2364 1389 2446 1454; x_wconf 83' lang='grc' dir='ltr'><strong>είς</strong></span> <span class='ocrx_word' id='word_1_134' title='bbox 2469 1389 2599 1445; x_wconf 82' lang='grc' dir='ltr'>ναδν</span> <span class='ocrx_word' id='word_1_135' title='bbox 2631 1390 2665 1462; x_wconf 73' lang='grc' dir='ltr'>ἢ</span> <span class='ocrx_word' id='word_1_136' title='bbox 2693 1391 2921 1463; x_wconf 77' lang='grc' dir='ltr'>φόρημα</span> <span class='ocrx_word' id='word_1_137' title='bbox 2945 1391 3062 1464; x_wconf 75' lang='grc' dir='ltr'><strong>ἔχει</strong></span> <span class='ocrx_word' id='word_1_138' title='bbox 3083 1392 3113 1446; x_wconf 88' lang='lat'><strong>6</strong></span> <span class='ocrx_word' id='word_1_139' title='bbox 3133 1392 3307 1462; x_wconf 83' lang='grc' dir='ltr'><strong>Λόγος</strong></span> <span class='ocrx_word' id='word_1_140' title='bbox 3333 1394 3428 1450; x_wconf 71' lang='grc' dir='ltr'><strong>τὸν</strong></span> <span class='ocrx_word' id='word_1_141' title='bbox 3459 1393 3681 1468; x_wconf 74' lang='grc' dir='ltr'><strong>ἂνθρω-</strong></span> 
     </span>
    </p>
   </div>
   <div class='ocr_carea' id='block_1_24' title="bbox 2091 1478 3686 1558">
    <p class='ocr_par' dir='ltr' id='par_1_24' title="bbox 2091 1478 3686 1558">
     <span class='ocr_line' id='line_1_24' title="bbox 2091 1478 3686 1558; baseline 0.006 -26"><span class='ocrx_word' id='word_1_142' title='bbox 2091 1496 2214 1544; x_wconf 86' lang='grc' dir='ltr'><strong>πον,</strong></span> <span class='ocrx_word' id='word_1_143' title='bbox 2249 1478 2310 1545; x_wconf 71' lang='grc' dir='ltr'><strong>ἐξ</strong></span> <span class='ocrx_word' id='word_1_144' title='bbox 2336 1479 2585 1550; x_wconf 80' lang='grc' dir='ltr'><strong>ἀνάγκης</strong></span> <span class='ocrx_word' id='word_1_145' title='bbox 2612 1482 2694 1545; x_wconf 85' lang='grc' dir='ltr'><strong>είς</strong></span> <span class='ocrx_word' id='word_1_146' title='bbox 2723 1482 2910 1538; x_wconf 87' lang='grc' dir='ltr'>οὐσίαν</span> <span class='ocrx_word' id='word_1_147' title='bbox 2934 1482 3052 1553; x_wconf 74' lang='grc' dir='ltr'><strong>ἔχει</strong></span> <span class='ocrx_word' id='word_1_148' title='bbox 3073 1498 3090 1516; x_wconf 86' lang='grc'><strong>·</strong></span> <span class='ocrx_word' id='word_1_149' title='bbox 3120 1483 3150 1536; x_wconf 92' lang='lat'><strong>6</strong></span> <span class='ocrx_word' id='word_1_150' title='bbox 3176 1483 3234 1537; x_wconf 79' lang='grc' dir='ltr'><strong>δὲ</strong></span> <span class='ocrx_word' id='word_1_151' title='bbox 3258 1483 3552 1556; x_wconf 72' lang='grc' dir='ltr'>λαμϐάνων</span> <span class='ocrx_word' id='word_1_152' title='bbox 3579 1488 3686 1558; x_wconf 77' lang='grc' dir='ltr'><strong>τὴν</strong></span> 
     </span>
    </p>
   </div>
   <div class='ocr_carea' id='block_1_25' title="bbox 2093 1571 3686 1647">
    <p class='ocr_par' dir='ltr' id='par_1_25' title="bbox 2093 1571 3686 1647">
     <span class='ocr_line' id='line_1_25' title="bbox 2093 1571 3686 1647; baseline 0.006 -23"><span class='ocrx_word' id='word_1_153' title='bbox 2093 1571 2277 1642; x_wconf 83' lang='grc' dir='ltr'><strong>σάρκα</strong></span> <span class='ocrx_word' id='word_1_154' title='bbox 2307 1572 2389 1636; x_wconf 82' lang='grc' dir='ltr'>είς</span> <span class='ocrx_word' id='word_1_155' title='bbox 2436 1571 2629 1626; x_wconf 84' lang='grc' dir='ltr'>οὐσίαν</span> <span class='ocrx_word' id='word_1_156' title='bbox 2659 1572 2754 1626; x_wconf 80' lang='grc' dir='ltr'><strong>τοῦ</strong></span> <span class='ocrx_word' id='word_1_157' title='bbox 2801 1572 3068 1644; x_wconf 79' lang='grc' dir='ltr'><strong>Χριστοῦ,</strong></span> <span class='ocrx_word' id='word_1_158' title='bbox 3123 1573 3355 1646; x_wconf 76' lang='grc' dir='ltr'>αὔξησιν</span> <span class='ocrx_word' id='word_1_159' title='bbox 3410 1579 3562 1631; x_wconf 75' lang='grc' dir='ltr'>ποιεῖ</span> <span class='ocrx_word' id='word_1_160' title='bbox 3582 1577 3686 1647; x_wconf 77' lang='grc' dir='ltr'><strong>τῆς</strong></span> 
     </span>
    </p>
   </div>
   <div class='ocr_carea' id='block_1_26' title="bbox 2091 1661 3689 1738">
    <p class='ocr_par' dir='ltr' id='par_1_26' title="bbox 2091 1661 3689 1738">
     <span class='ocr_line' id='line_1_26' title="bbox 2091 1661 3689 1738; baseline 0.004 -23"><span class='ocrx_word' id='word_1_161' title='bbox 2091 1662 2283 1726; x_wconf 83' lang='grc' dir='ltr'>οὐσίας</span> <span class='ocrx_word' id='word_1_162' title='bbox 2305 1661 2400 1716; x_wconf 81' lang='grc' dir='ltr'>τοῦ</span> <span class='ocrx_word' id='word_1_163' title='bbox 2433 1662 2585 1730; x_wconf 81' lang='grc' dir='ltr'><strong>Υίοῦ,</strong></span> <span class='ocrx_word' id='word_1_164' title='bbox 2611 1663 2833 1736; x_wconf 77' lang='grc' dir='ltr'><strong>τρέπων</strong></span> <span class='ocrx_word' id='word_1_165' title='bbox 2857 1664 2954 1718; x_wconf 76' lang='grc' dir='ltr'><strong>καὶ</strong></span> <span class='ocrx_word' id='word_1_166' title='bbox 2981 1664 3212 1719; x_wconf 74' lang='grc' dir='ltr'>ἀλλοιιῖιν</span> <span class='ocrx_word' id='word_1_167' title='bbox 3236 1667 3407 1738; x_wconf 77' lang='grc' dir='ltr'>αὐτὴν</span> <span class='ocrx_word' id='word_1_168' title='bbox 3448 1670 3529 1733; x_wconf 78' lang='grc' dir='ltr'><strong>εἰς</strong></span> <span class='ocrx_word' id='word_1_169' title='bbox 3563 1668 3689 1721; x_wconf 72' lang='grc' dir='ltr'><strong>ἓτε-</strong></span> 
     </span>
    </p>
   </div>
   <div class='ocr_carea' id='block_1_27' title="bbox 416 1753 2013 1830">
    <p class='ocr_par' dir='ltr' id='par_1_27' title="bbox 416 1753 1991 1827">
     <span class='ocr_line' id='line_1_27' title="bbox 416 1753 1991 1827; baseline 0.005 -21"><span class='ocrx_word' id='word_1_170' title='bbox 416 1762 539 1808; x_wconf 88' lang='lat' dir='ltr'><strong>tans</strong></span> <span class='ocrx_word' id='word_1_171' title='bbox 575 1753 722 1807; x_wconf 87' lang='lat' dir='ltr'><strong>illam</strong></span> <span class='ocrx_word' id='word_1_172' title='bbox 777 1754 833 1808; x_wconf 92' lang='lat' dir='ltr'><strong>in</strong></span> <span class='ocrx_word' id='word_1_173' title='bbox 888 1754 1144 1810; x_wconf 88' lang='lat' dir='ltr'><strong>alterum.</strong></span> <span class='ocrx_word' id='word_1_174' title='bbox 1187 1754 1295 1810; x_wconf 88' lang='lat' dir='ltr'><strong>Sed</strong></span> <span class='ocrx_word' id='word_1_175' title='bbox 1321 1763 1408 1811; x_wconf 88' lang='lat' dir='ltr'><strong>est</strong></span> <span class='ocrx_word' id='word_1_176' title='bbox 1443 1755 1674 1827; x_wconf 85' lang='lat' dir='ltr'><strong>quidem</strong></span> <span class='ocrx_word' id='word_1_177' title='bbox 1733 1765 1794 1814; x_wconf 92' lang='lat' dir='ltr'><strong>et</strong></span> <span class='ocrx_word' id='word_1_178' title='bbox 1838 1765 1902 1813; x_wconf 94' lang='lat' dir='ltr'><strong>ut</strong></span> <span class='ocrx_word' id='word_1_179' title='bbox 1934 1758 1991 1814; x_wconf 90' lang='lat' dir='ltr'><strong>in</strong></span> 
     </span>
    </p>
   </div>
   <div class='ocr_carea' id='block_1_28' title="bbox 2122 1753 3692 1830">
    <p class='ocr_par' dir='ltr' id='par_1_28' title="bbox 2122 1755 3692 1830">
     <span class='ocr_line' id='line_1_28' title="bbox 2122 1755 3692 1830; baseline 0.003 -21"><span class='ocrx_word' id='word_1_180' title='bbox 2122 1773 2208 1812; x_wconf 71' lang='grc' dir='ltr'>ιον.</span> <span class='ocrx_word' id='word_1_181' title='bbox 2239 1755 2364 1810; x_wconf 84' lang='grc' dir='ltr'>Ἀλλ</span> <span class='ocrx_word' id='word_1_182' title='bbox 2409 1755 2526 1810; x_wconf 65' lang='grc' dir='ltr'><strong>ἔστι</strong></span> <span class='ocrx_word' id='word_1_183' title='bbox 2557 1757 2658 1828; x_wconf 71' lang='grc' dir='ltr'><strong>μὲν</strong></span> <span class='ocrx_word' id='word_1_184' title='bbox 2685 1758 2782 1812; x_wconf 74' lang='grc' dir='ltr'><strong>καὶ</strong></span> <span class='ocrx_word' id='word_1_185' title='bbox 2811 1757 2887 1822; x_wconf 85' lang='grc' dir='ltr'>ὡς</span> <span class='ocrx_word' id='word_1_186' title='bbox 2914 1759 2997 1823; x_wconf 85' lang='grc' dir='ltr'><strong>είς</strong></span> <span class='ocrx_word' id='word_1_187' title='bbox 3023 1759 3152 1814; x_wconf 80' lang='grc' dir='ltr'>ναὸν</span> <span class='ocrx_word' id='word_1_188' title='bbox 3181 1760 3275 1814; x_wconf 73' lang='grc' dir='ltr'><strong>καὶ</strong></span> <span class='ocrx_word' id='word_1_189' title='bbox 3327 1758 3404 1824; x_wconf 82' lang='grc' dir='ltr'>ὡς</span> <span class='ocrx_word' id='word_1_190' title='bbox 3433 1761 3513 1824; x_wconf 80' lang='grc' dir='ltr'>είς</span> <span class='ocrx_word' id='word_1_191' title='bbox 3545 1776 3692 1830; x_wconf 81' lang='grc' dir='ltr'>σκη-</span> 
     </span>
    </p>
   </div>
   <div class='ocr_carea' id='block_1_29' title="bbox 415 1845 1991 1917">
    <p class='ocr_par' dir='ltr' id='par_1_29' title="bbox 415 1845 1991 1917">
     <span class='ocr_line' id='line_1_29' title="bbox 415 1845 1991 1917; baseline 0.006 -20"><span class='ocrx_word' id='word_1_192' title='bbox 415 1845 816 1902; x_wconf 86' lang='lat' dir='ltr'><strong>hahitationem</strong></span> <span class='ocrx_word' id='word_1_193' title='bbox 852 1853 912 1902; x_wconf 90' lang='lat' dir='ltr'><strong>et</strong></span> <span class='ocrx_word' id='word_1_194' title='bbox 939 1854 1003 1902; x_wconf 88' lang='lat' dir='ltr'><strong>ut</strong></span> <span class='ocrx_word' id='word_1_195' title='bbox 1028 1847 1084 1902; x_wconf 90' lang='lat' dir='ltr'><strong>in</strong></span> <span class='ocrx_word' id='word_1_196' title='bbox 1111 1847 1436 1911; x_wconf 87' lang='lat' dir='ltr'><strong>tentorium,</strong></span> <span class='ocrx_word' id='word_1_197' title='bbox 1463 1856 1520 1904; x_wconf 91' lang='lat' dir='ltr'><strong>et</strong></span> <span class='ocrx_word' id='word_1_198' title='bbox 1543 1849 1601 1904; x_wconf 89' lang='lat' dir='ltr'><strong>in</strong></span> <span class='ocrx_word' id='word_1_199' title='bbox 1627 1857 1862 1917; x_wconf 79' lang='lat' dir='ltr'><strong>vestem,</strong></span> <span class='ocrx_word' id='word_1_200' title='bbox 1903 1865 1991 1907; x_wconf 89' lang='lat' dir='ltr'><strong>se-</strong></span> 
     </span>
    </p>
   </div>
   <div class='ocr_carea' id='block_1_30' title="bbox 414 1937 1990 2012">
    <p class='ocr_par' dir='ltr' id='par_1_30' title="bbox 414 1937 1990 2012">
     <span class='ocr_line' id='line_1_30' title="bbox 414 1937 1990 2012; baseline 0.004 -20"><span class='ocrx_word' id='word_1_201' title='bbox 414 1937 660 1993; x_wconf 88' lang='lat' dir='ltr'><strong>cundum</strong></span> <span class='ocrx_word' id='word_1_202' title='bbox 709 1938 1007 2008; x_wconf 81' lang='lat' dir='ltr'><strong>quamdam</strong></span> <span class='ocrx_word' id='word_1_203' title='bbox 1061 1939 1366 2012; x_wconf 75' lang='lat' dir='ltr'><strong>analogiam</strong></span> <span class='ocrx_word' id='word_1_204' title='bbox 1406 1941 1647 1998; x_wconf 80' lang='lat' dir='ltr'><strong>Verbum</strong></span> <span class='ocrx_word' id='word_1_205' title='bbox 1699 1943 1758 1997; x_wconf 90' lang='lat' dir='ltr'><strong>in</strong></span> <span class='ocrx_word' id='word_1_206' title='bbox 1802 1957 1990 2009; x_wconf 84' lang='lat' dir='ltr'><strong>carne,</strong></span> 
     </span>
    </p>
   </div>
   <div class='ocr_carea' id='block_1_31' title="bbox 2094 1848 3696 1922">
    <p class='ocr_par' dir='ltr' id='par_1_31' title="bbox 2094 1848 3696 1922">
     <span class='ocr_line' id='line_1_31' title="bbox 2094 1848 3696 1922; baseline 0.002 -18"><span class='ocrx_word' id='word_1_207' title='bbox 2094 1851 2192 1922; x_wconf 77' lang='grc' dir='ltr'><strong>νὴν</strong></span> <span class='ocrx_word' id='word_1_208' title='bbox 2221 1849 2318 1904; x_wconf 77' lang='grc' dir='ltr'>καὶ</span> <span class='ocrx_word' id='word_1_209' title='bbox 2344 1849 2423 1913; x_wconf 85' lang='grc' dir='ltr'>ὡς</span> <span class='ocrx_word' id='word_1_210' title='bbox 2451 1851 2534 1911; x_wconf 82' lang='grc' dir='ltr'>είς</span> <span class='ocrx_word' id='word_1_211' title='bbox 2558 1849 2807 1922; x_wconf 79' lang='grc' dir='ltr'><strong>φόρημα,</strong></span> <span class='ocrx_word' id='word_1_212' title='bbox 2839 1851 2983 1907; x_wconf 75' lang='grc' dir='ltr'>κατὰ</span> <span class='ocrx_word' id='word_1_213' title='bbox 3006 1851 3304 1920; x_wconf 75' lang='grc' dir='ltr'><strong>ἀναλογίαν</strong></span> <span class='ocrx_word' id='word_1_214' title='bbox 3330 1852 3459 1907; x_wconf 84' lang='grc' dir='ltr'>τινὰ</span> <span class='ocrx_word' id='word_1_215' title='bbox 3505 1855 3538 1906; x_wconf 84' lang='grc' dir='ltr'><strong>ὀ</strong></span> <span class='ocrx_word' id='word_1_216' title='bbox 3588 1848 3696 1908; x_wconf 79' lang='grc' dir='ltr'><strong>Δό-</strong></span> 
     </span>
    </p>
   </div>
   <div class='ocr_carea' id='block_1_32' title="bbox 2098 1941 3696 2017">
    <p class='ocr_par' dir='ltr' id='par_1_32' title="bbox 2098 1941 3696 2017">
     <span class='ocr_line' id='line_1_32' title="bbox 2098 1941 3696 2017; baseline 0.003 -21"><span class='ocrx_word' id='word_1_217' title='bbox 2098 1959 2193 2012; x_wconf 87' lang='grc' dir='ltr'>γος</span> <span class='ocrx_word' id='word_1_218' title='bbox 2219 1942 2279 1995; x_wconf 83' lang='lat' dir='ltr'><strong>tv</strong></span> <span class='ocrx_word' id='word_1_219' title='bbox 2315 1943 2383 2013; x_wconf 75' lang='grc' dir='ltr'><strong>τῇ</strong></span> <span class='ocrx_word' id='word_1_220' title='bbox 2413 1941 2603 2014; x_wconf 85' lang='grc' dir='ltr'>σαρκί·</span> <span class='ocrx_word' id='word_1_221' title='bbox 2631 1943 2693 1998; x_wconf 92' lang='grc' dir='ltr'><strong>οὐ</strong></span> <span class='ocrx_word' id='word_1_222' title='bbox 2726 1943 2911 2014; x_wconf 81' lang='grc' dir='ltr'>μέντοι</span> <span class='ocrx_word' id='word_1_223' title='bbox 2964 1943 3112 1998; x_wconf 82' lang='grc' dir='ltr'>κατὰ</span> <span class='ocrx_word' id='word_1_224' title='bbox 3169 1944 3589 2017; x_wconf 81' lang='grc' dir='ltr'>άπαραλλαξίαν</span> <span class='ocrx_word' id='word_1_225' title='bbox 3613 1945 3696 2009; x_wconf 76' lang='grc' dir='ltr'>ὡς</span> 
     </span>
    </p>
   </div>
   <div class='ocr_carea' id='block_1_33' title="bbox 414 2031 2013 2108">
    <p class='ocr_par' dir='ltr' id='par_1_33' title="bbox 414 2031 1996 2091">
     <span class='ocr_line' id='line_1_33' title="bbox 414 2031 1996 2091; baseline 0.006 -9"><span class='ocrx_word' id='word_1_226' title='bbox 414 2043 526 2084; x_wconf 90' lang='lat' dir='ltr'><strong>non</strong></span> <span class='ocrx_word' id='word_1_227' title='bbox 557 2039 738 2085; x_wconf 85' lang='lat' dir='ltr'><strong>tamen</strong></span> <span class='ocrx_word' id='word_1_228' title='bbox 789 2031 1100 2086; x_wconf 89' lang='lat' dir='ltr'><strong>secundum</strong></span> <span class='ocrx_word' id='word_1_229' title='bbox 1152 2032 1653 2089; x_wconf 84' lang='lat' dir='ltr'><strong>immulahilitatem</strong></span> <span class='ocrx_word' id='word_1_230' title='bbox 1678 2042 1742 2089; x_wconf 91' lang='lat' dir='ltr'><strong>ut</strong></span> <span class='ocrx_word' id='word_1_231' title='bbox 1787 2033 1844 2089; x_wconf 91' lang='lat' dir='ltr'><strong>in</strong></span> <span class='ocrx_word' id='word_1_232' title='bbox 1884 2049 1996 2091; x_wconf 90' lang='lat' dir='ltr'><strong>uno</strong></span> 
     </span>
    </p>
   </div>
   <div class='ocr_carea' id='block_1_34' title="bbox 2122 2031 3691 2108">
    <p class='ocr_par' dir='ltr' id='par_1_34' title="bbox 2122 2033 3691 2108">
     <span class='ocr_line' id='line_1_34' title="bbox 2122 2033 3691 2108; baseline 0.004 -23"><span class='ocrx_word' id='word_1_233' title='bbox 2122 2053 2157 2088; x_wconf 50' lang='grc' dir='ltr'>ιν</span> <span class='ocrx_word' id='word_1_234' title='bbox 2207 2033 2291 2096; x_wconf 66' lang='lat' dir='ltr'><strong>tvi</strong></span> <span class='ocrx_word' id='word_1_235' title='bbox 2321 2033 2531 2089; x_wconf 82' lang='grc' dir='ltr'>τούτων</span> <span class='ocrx_word' id='word_1_236' title='bbox 2561 2034 2746 2090; x_wconf 73' lang='grc' dir='ltr'>ἐστίν’</span> <span class='ocrx_word' id='word_1_237' title='bbox 2804 2035 2968 2108; x_wconf 73' lang='grc' dir='ltr'><strong>εἴπερ</strong></span> <span class='ocrx_word' id='word_1_238' title='bbox 3017 2036 3130 2108; x_wconf 82' lang='grc' dir='ltr'>γὰρ</span> <span class='ocrx_word' id='word_1_239' title='bbox 3171 2036 3248 2108; x_wconf 81' lang='grc' dir='ltr'><strong>μὴ</strong></span> <span class='ocrx_word' id='word_1_240' title='bbox 3285 2038 3485 2092; x_wconf 88' lang='grc' dir='ltr'>ταυτόν</span> <span class='ocrx_word' id='word_1_241' title='bbox 3510 2039 3691 2104; x_wconf 73' lang='grc' dir='ltr'><strong>ἑστιν,</strong></span> 
     </span>
    </p>
   </div>
   <div class='ocr_carea' id='block_1_35' title="bbox 421 2121 1996 2193">
    <p class='ocr_par' dir='ltr' id='par_1_35' title="bbox 421 2121 1996 2193">
     <span class='ocr_line' id='line_1_35' title="bbox 421 2121 1996 2193; baseline 0.002 -18"><span class='ocrx_word' id='word_1_242' title='bbox 421 2121 622 2175; x_wconf 89' lang='lat' dir='ltr'><strong>horum</strong></span> <span class='ocrx_word' id='word_1_243' title='bbox 643 2130 760 2188; x_wconf 91' lang='lat' dir='ltr'><strong>est;</strong></span> <span class='ocrx_word' id='word_1_244' title='bbox 787 2121 832 2176; x_wconf 88' lang='lat' dir='ltr'><strong>si</strong></span> <span class='ocrx_word' id='word_1_245' title='bbox 854 2121 1003 2177; x_wconf 90' lang='lat' dir='ltr'><strong>enim</strong></span> <span class='ocrx_word' id='word_1_246' title='bbox 1034 2137 1148 2178; x_wconf 88' lang='lat' dir='ltr'><strong>non</strong></span> <span class='ocrx_word' id='word_1_247' title='bbox 1174 2123 1282 2178; x_wconf 91' lang='lat' dir='ltr'><strong>hoc</strong></span> <span class='ocrx_word' id='word_1_248' title='bbox 1306 2122 1485 2193; x_wconf 85' lang='lat' dir='ltr'><strong>ipsum</strong></span> <span class='ocrx_word' id='word_1_249' title='bbox 1518 2132 1624 2189; x_wconf 89' lang='lat' dir='ltr'><strong>est,</strong></span> <span class='ocrx_word' id='word_1_250' title='bbox 1666 2139 1772 2179; x_wconf 91' lang='lat' dir='ltr'><strong>nec</strong></span> <span class='ocrx_word' id='word_1_251' title='bbox 1796 2123 1996 2180; x_wconf 90' lang='lat' dir='ltr'><strong>simili-</strong></span> 
     </span>
    </p>
   </div>
   <div class='ocr_carea' id='block_1_36' title="bbox 416 2212 1999 2284">
    <p class='ocr_par' dir='ltr' id='par_1_36' title="bbox 416 2212 1999 2284">
     <span class='ocr_line' id='line_1_36' title="bbox 416 2212 1999 2284; baseline 0.002 -16"><span class='ocrx_word' id='word_1_252' title='bbox 416 2221 504 2268; x_wconf 88' lang='lat' dir='ltr'><strong>ter</strong></span> <span class='ocrx_word' id='word_1_253' title='bbox 524 2213 630 2269; x_wconf 81' lang='lat' dir='ltr'><strong>hoc</strong></span> <span class='ocrx_word' id='word_1_254' title='bbox 683 2212 830 2284; x_wconf 91' lang='lat' dir='ltr'><strong>quod</strong></span> <span class='ocrx_word' id='word_1_255' title='bbox 894 2214 949 2268; x_wconf 93' lang='lat' dir='ltr'><strong>in</strong></span> <span class='ocrx_word' id='word_1_256' title='bbox 997 2213 1086 2270; x_wconf 91' lang='lat' dir='ltr'><strong>his</strong></span> <span class='ocrx_word' id='word_1_257' title='bbox 1133 2214 1395 2271; x_wconf 85' lang='lat' dir='ltr'><strong>omnibus</strong></span> <span class='ocrx_word' id='word_1_258' title='bbox 1429 2231 1601 2270; x_wconf 88' lang='lat' dir='ltr'><strong>unum</strong></span> <span class='ocrx_word' id='word_1_259' title='bbox 1639 2231 1784 2282; x_wconf 89' lang='lat' dir='ltr'><strong>esse,</strong></span> <span class='ocrx_word' id='word_1_260' title='bbox 1822 2216 1999 2271; x_wconf 81' lang='lat' dir='ltr'><strong>multo</strong></span> 
     </span>
    </p>
   </div>
   <div class='ocr_carea' id='block_1_37' title="bbox 421 2304 2000 2378">
    <p class='ocr_par' dir='ltr' id='par_1_37' title="bbox 421 2304 2000 2378">
     <span class='ocr_line' id='line_1_37' title="bbox 421 2304 2000 2378; baseline 0.004 -21"><span class='ocrx_word' id='word_1_261' title='bbox 421 2304 596 2375; x_wconf 84' lang='lat' dir='ltr'><strong>magis</strong></span> <span class='ocrx_word' id='word_1_262' title='bbox 630 2321 742 2361; x_wconf 89' lang='lat' dir='ltr'><strong>non</strong></span> <span class='ocrx_word' id='word_1_263' title='bbox 769 2305 875 2362; x_wconf 91' lang='lat' dir='ltr'><strong>hoc</strong></span> <span class='ocrx_word' id='word_1_264' title='bbox 897 2312 959 2361; x_wconf 92' lang='lat' dir='ltr'><strong>ut</strong></span> <span class='ocrx_word' id='word_1_265' title='bbox 995 2321 1168 2362; x_wconf 89' lang='lat' dir='ltr'><strong>unum</strong></span> <span class='ocrx_word' id='word_1_266' title='bbox 1202 2306 1400 2362; x_wconf 88' lang='lat' dir='ltr'><strong>horum</strong></span> <span class='ocrx_word' id='word_1_267' title='bbox 1443 2322 1671 2378; x_wconf 85' lang='lat' dir='ltr'><strong>prorsus</strong></span> <span class='ocrx_word' id='word_1_268' title='bbox 1701 2323 1824 2364; x_wconf 89' lang='lat' dir='ltr'><strong>esse</strong></span> <span class='ocrx_word' id='word_1_269' title='bbox 1850 2308 2000 2378; x_wconf 90' lang='lat' dir='ltr'><strong>quod</strong></span> 
     </span>
    </p>
   </div>
   <div class='ocr_carea' id='block_1_38' title="bbox 417 2396 2000 2465">
    <p class='ocr_par' dir='ltr' id='par_1_38' title="bbox 417 2396 2000 2465">
     <span class='ocr_line' id='line_1_38' title="bbox 417 2396 2000 2465; baseline 0.001 -14"><span class='ocrx_word' id='word_1_270' title='bbox 417 2396 617 2451; x_wconf 89' lang='lat' dir='ltr'><strong>attinet</strong></span> <span class='ocrx_word' id='word_1_271' title='bbox 646 2396 715 2452; x_wconf 91' lang='lat' dir='ltr'><strong>ad</strong></span> <span class='ocrx_word' id='word_1_272' title='bbox 753 2396 1050 2453; x_wconf 89' lang='lat' dir='ltr'><strong>habentem</strong></span> <span class='ocrx_word' id='word_1_273' title='bbox 1083 2405 1232 2452; x_wconf 91' lang='lat' dir='ltr'><strong>statu</strong></span> <span class='ocrx_word' id='word_1_274' title='bbox 1271 2396 1643 2453; x_wconf 82' lang='lat' dir='ltr'><strong>diﬂ‘erentiam</strong></span> <span class='ocrx_word' id='word_1_275' title='bbox 1674 2398 1728 2452; x_wconf 92' lang='lat' dir='ltr'><strong>in</strong></span> <span class='ocrx_word' id='word_1_276' title='bbox 1757 2396 2000 2465; x_wconf 82' lang='lat' dir='ltr'><strong>Christo;</strong></span> 
     </span>
    </p>
   </div>
   <div class='ocr_carea' id='block_1_39' title="bbox 420 2489 2004 2561">
    <p class='ocr_par' dir='ltr' id='par_1_39' title="bbox 420 2489 2004 2561">
     <span class='ocr_line' id='line_1_39' title="bbox 420 2489 2004 2561; baseline 0.001 -17"><span class='ocrx_word' id='word_1_277' title='bbox 420 2489 468 2544; x_wconf 90' lang='lat' dir='ltr'><strong>si</strong></span> <span class='ocrx_word' id='word_1_278' title='bbox 491 2505 622 2545; x_wconf 88' lang='lat' dir='ltr'><strong>vero</strong></span> <span class='ocrx_word' id='word_1_279' title='bbox 659 2499 745 2544; x_wconf 91' lang='lat' dir='ltr'><strong>est</strong></span> <span class='ocrx_word' id='word_1_280' title='bbox 772 2489 924 2560; x_wconf 90' lang='lat' dir='ltr'><strong>quod</strong></span> <span class='ocrx_word' id='word_1_281' title='bbox 946 2505 1116 2561; x_wconf 86' lang='lat' dir='ltr'><strong>prope</strong></span> <span class='ocrx_word' id='word_1_282' title='bbox 1147 2490 1266 2545; x_wconf 70' lang='lat' dir='ltr'><strong>haec</strong></span> <span class='ocrx_word' id='word_1_283' title='bbox 1285 2498 1390 2554; x_wconf 90' lang='lat' dir='ltr'><strong>est,</strong></span> <span class='ocrx_word' id='word_1_284' title='bbox 1419 2491 1608 2546; x_wconf 87' lang='lat' dir='ltr'><strong>statim</strong></span> <span class='ocrx_word' id='word_1_285' title='bbox 1644 2490 1701 2546; x_wconf 91' lang='lat' dir='ltr'><strong>in</strong></span> <span class='ocrx_word' id='word_1_286' title='bbox 1741 2490 2004 2546; x_wconf 86' lang='lat' dir='ltr'><strong>substan-</strong></span> 
     </span>
    </p>
   </div>
   <div class='ocr_carea' id='block_1_40' title="bbox 423 2581 2003 2653">
    <p class='ocr_par' dir='ltr' id='par_1_40' title="bbox 423 2581 2003 2653">
     <span class='ocr_line' id='line_1_40' title="bbox 423 2581 2003 2653; baseline 0.002 -19"><span class='ocrx_word' id='word_1_287' title='bbox 423 2581 558 2635; x_wconf 90' lang='lat' dir='ltr'><strong>tiam</strong></span> <span class='ocrx_word' id='word_1_288' title='bbox 589 2581 923 2636; x_wconf 88' lang='lat' dir='ltr'><strong>rediendum</strong></span> <span class='ocrx_word' id='word_1_289' title='bbox 953 2590 1059 2648; x_wconf 89' lang='lat' dir='ltr'><strong>est,</strong></span> <span class='ocrx_word' id='word_1_290' title='bbox 1089 2589 1148 2638; x_wconf 89' lang='lat' dir='ltr'><strong>et</strong></span> <span class='ocrx_word' id='word_1_291' title='bbox 1183 2597 1295 2636; x_wconf 82' lang='lat' dir='ltr'><strong>non</strong></span> <span class='ocrx_word' id='word_1_292' title='bbox 1337 2581 1525 2653; x_wconf 91' lang='lat' dir='ltr'><strong>potius</strong></span> <span class='ocrx_word' id='word_1_293' title='bbox 1579 2582 1637 2637; x_wconf 91' lang='lat' dir='ltr'><strong>in</strong></span> <span class='ocrx_word' id='word_1_294' title='bbox 1686 2597 2003 2653; x_wconf 86' lang='lat' dir='ltr'><strong>personam,</strong></span> 
     </span>
    </p>
   </div>
   <div class='ocr_carea' id='block_1_41' title="bbox 425 2665 2007 2743">
    <p class='ocr_par' dir='ltr' id='par_1_41' title="bbox 425 2665 2007 2743">
     <span class='ocr_line' id='line_1_41' title="bbox 425 2665 2007 2743; baseline 0.001 -17"><span class='ocrx_word' id='word_1_295' title='bbox 425 2681 656 2743; x_wconf 88' lang='lat' dir='ltr'><strong>pr0pter</strong></span> <span class='ocrx_word' id='word_1_296' title='bbox 727 2689 1064 2730; x_wconf 88' lang='lat' dir='ltr'><strong>concursum</strong></span> <span class='ocrx_word' id='word_1_297' title='bbox 1141 2665 1465 2729; x_wconf 71' lang='lat' dir='ltr'><strong>substantiae</strong></span> <span class='ocrx_word' id='word_1_298' title='bbox 1517 2673 1588 2730; x_wconf 90' lang='lat' dir='ltr'><strong>ad</strong></span> <span class='ocrx_word' id='word_1_299' title='bbox 1636 2673 2007 2730; x_wconf 86' lang='lat' dir='ltr'><strong>substantiam</strong></span> 
     </span>
    </p>
   </div>
   <div class='ocr_carea' id='block_1_42' title="bbox 423 2763 2008 2837">
    <p class='ocr_par' dir='ltr' id='par_1_42' title="bbox 423 2763 2008 2837">
     <span class='ocr_line' id='line_1_42' title="bbox 423 2763 2008 2837; baseline 0 -17"><span class='ocrx_word' id='word_1_300' title='bbox 423 2763 690 2821; x_wconf 79' lang='lat' dir='ltr'><strong>ostendit.</strong></span> <span class='ocrx_word' id='word_1_301' title='bbox 713 2763 888 2836; x_wconf 82' lang='lat' dir='ltr'><strong>igitur</strong></span> <span class='ocrx_word' id='word_1_302' title='bbox 908 2765 1052 2821; x_wconf 91' lang='lat' dir='ltr'><strong>idem</strong></span> <span class='ocrx_word' id='word_1_303' title='bbox 1095 2774 1182 2821; x_wconf 89' lang='lat' dir='ltr'><strong>est</strong></span> <span class='ocrx_word' id='word_1_304' title='bbox 1225 2765 1294 2822; x_wconf 91' lang='lat' dir='ltr'><strong>de</strong></span> <span class='ocrx_word' id='word_1_305' title='bbox 1327 2765 1456 2837; x_wconf 82' lang='lat' dir='ltr'><strong>igne</strong></span> <span class='ocrx_word' id='word_1_306' title='bbox 1483 2765 1540 2821; x_wconf 93' lang='lat' dir='ltr'><strong>in</strong></span> <span class='ocrx_word' id='word_1_307' title='bbox 1588 2781 1822 2822; x_wconf 87' lang='lat' dir='ltr'><strong>massam</strong></span> <span class='ocrx_word' id='word_1_308' title='bbox 1853 2765 2008 2831; x_wconf 83' lang='lat' dir='ltr'><strong>ferri,</strong></span> 
     </span>
    </p>
   </div>
   <div class='ocr_carea' id='block_1_43' title="bbox 427 2855 2013 2929">
    <p class='ocr_par' dir='ltr' id='par_1_43' title="bbox 427 2855 2013 2929">
     <span class='ocr_line' id='line_1_43' title="bbox 427 2855 2013 2929; baseline 0.001 -17"><span class='ocrx_word' id='word_1_309' title='bbox 427 2872 492 2912; x_wconf 81' lang='lat' dir='ltr'><strong>ac</strong></span> <span class='ocrx_word' id='word_1_310' title='bbox 521 2856 591 2912; x_wconf 90' lang='lat' dir='ltr'><strong>de</strong></span> <span class='ocrx_word' id='word_1_311' title='bbox 647 2857 831 2912; x_wconf 90' lang='lat' dir='ltr'><strong>anima</strong></span> <span class='ocrx_word' id='word_1_312' title='bbox 881 2857 937 2912; x_wconf 92' lang='lat' dir='ltr'><strong>in</strong></span> <span class='ocrx_word' id='word_1_313' title='bbox 978 2872 1210 2929; x_wconf 89' lang='lat' dir='ltr'><strong>corpore</strong></span> <span class='ocrx_word' id='word_1_314' title='bbox 1284 2857 1549 2912; x_wconf 87' lang='lat' dir='ltr'><strong>humano.</strong></span> <span class='ocrx_word' id='word_1_315' title='bbox 1575 2857 1714 2913; x_wconf 90' lang='lat' dir='ltr'><strong>Cum</strong></span> <span class='ocrx_word' id='word_1_316' title='bbox 1783 2871 1896 2913; x_wconf 90' lang='lat' dir='ltr'><strong>non</strong></span> <span class='ocrx_word' id='word_1_317' title='bbox 1939 2855 2013 2913; x_wconf 94' lang='lat' dir='ltr'><strong>sit</strong></span> 
     </span>
    </p>
   </div>
   <div class='ocr_carea' id='block_1_44' title="bbox 429 2946 2009 3020">
    <p class='ocr_par' dir='ltr' id='par_1_44' title="bbox 429 2946 2009 3020">
     <span class='ocr_line' id='line_1_44' title="bbox 429 2946 2009 3020; baseline 0.002 -17"><span class='ocrx_word' id='word_1_318' title='bbox 429 2948 714 3020; x_wconf 88' lang='lat' dir='ltr'><strong>ingressus</strong></span> <span class='ocrx_word' id='word_1_319' title='bbox 762 2947 1126 3004; x_wconf 89' lang='lat' dir='ltr'><strong>habitationis</strong></span> <span class='ocrx_word' id='word_1_320' title='bbox 1178 2962 1283 3004; x_wconf 91' lang='lat' dir='ltr'><strong>nec</strong></span> <span class='ocrx_word' id='word_1_321' title='bbox 1325 2959 1388 3004; x_wconf 87' lang='lat' dir='ltr'><strong>ut</strong></span> <span class='ocrx_word' id='word_1_322' title='bbox 1443 2947 1670 3004; x_wconf 91' lang='lat' dir='ltr'><strong>tentorii</strong></span> <span class='ocrx_word' id='word_1_323' title='bbox 1715 2946 2009 3014; x_wconf 86' lang='lat' dir='ltr'><strong>habitatio,</strong></span> 
     </span>
    </p>
   </div>
   <div class='ocr_carea' id='block_1_45' title="bbox 433 3040 2010 3112">
    <p class='ocr_par' dir='ltr' id='par_1_45' title="bbox 433 3040 2010 3112">
     <span class='ocr_line' id='line_1_45' title="bbox 433 3040 2010 3112; baseline -0.001 -16"><span class='ocrx_word' id='word_1_324' title='bbox 433 3057 538 3097; x_wconf 88' lang='lat' dir='ltr'><strong>nec</strong></span> <span class='ocrx_word' id='word_1_325' title='bbox 559 3051 622 3097; x_wconf 89' lang='lat' dir='ltr'><strong>ut</strong></span> <span class='ocrx_word' id='word_1_326' title='bbox 654 3042 826 3097; x_wconf 85' lang='lat' dir='ltr'><strong>vestis</strong></span> <span class='ocrx_word' id='word_1_327' title='bbox 847 3040 1120 3106; x_wconf 88' lang='lat' dir='ltr'><strong>inductio,</strong></span> <span class='ocrx_word' id='word_1_328' title='bbox 1176 3057 1287 3096; x_wconf 86' lang='lat' dir='ltr'><strong>non</strong></span> <span class='ocrx_word' id='word_1_329' title='bbox 1323 3040 1472 3097; x_wconf 89' lang='lat' dir='ltr'><strong>enim</strong></span> <span class='ocrx_word' id='word_1_330' title='bbox 1498 3041 1770 3111; x_wconf 64' lang='lat' dir='ltr'><strong>prmduxit</strong></span> <span class='ocrx_word' id='word_1_331' title='bbox 1801 3057 1924 3112; x_wconf 67' lang='lat' dir='ltr'><strong>quae</strong></span> <span class='ocrx_word' id='word_1_332' title='bbox 1957 3040 2010 3094; x_wconf 91' lang='lat' dir='ltr'><strong>in</strong></span> 
     </span>
    </p>
   </div>
   <div class='ocr_carea' id='block_1_46' title="bbox 435 3126 2016 3190">
    <p class='ocr_par' dir='ltr' id='par_1_46' title="bbox 435 3126 2016 3190">
     <span class='ocr_line' id='line_1_46' title="bbox 435 3126 2016 3190; baseline -0.001 -2"><span class='ocrx_word' id='word_1_333' title='bbox 435 3133 560 3190; x_wconf 87' lang='lat' dir='ltr'><strong>istis</strong></span> <span class='ocrx_word' id='word_1_334' title='bbox 603 3143 735 3189; x_wconf 89' lang='lat' dir='ltr'><strong>sunt</strong></span> <span class='ocrx_word' id='word_1_335' title='bbox 769 3133 1220 3190; x_wconf 83' lang='lat' dir='ltr'><strong>manifestatione</strong></span> <span class='ocrx_word' id='word_1_336' title='bbox 1261 3126 1892 3190; x_wconf 78' lang='lat' dir='ltr'><strong>asbcondere&#39;latorum</strong></span> <span class='ocrx_word' id='word_1_337' title='bbox 1917 3132 2016 3187; x_wconf 89' lang='lat' dir='ltr'><strong>do-</strong></span> 
     </span>
    </p>
   </div>
   <div class='ocr_carea' id='block_1_47' title="bbox 2097 2122 3694 2192">
    <p class='ocr_par' dir='ltr' id='par_1_47' title="bbox 2097 2122 3694 2192">
     <span class='ocr_line' id='line_1_47' title="bbox 2097 2122 3694 2192; baseline 0.003 -14"><span class='ocrx_word' id='word_1_338' title='bbox 2097 2123 2222 2178; x_wconf 75' lang='grc' dir='ltr'>οὐδὲ</span> <span class='ocrx_word' id='word_1_339' title='bbox 2251 2122 2517 2188; x_wconf 85' lang='grc' dir='ltr'>ὡσαύτως</span> <span class='ocrx_word' id='word_1_340' title='bbox 2555 2123 2618 2177; x_wconf 79' lang='grc' dir='ltr'><strong>τὸ</strong></span> <span class='ocrx_word' id='word_1_341' title='bbox 2658 2125 2726 2177; x_wconf 77' lang='grc' dir='ltr'><strong>-ὲν</strong></span> <span class='ocrx_word' id='word_1_342' title='bbox 2755 2125 2935 2180; x_wconf 77' lang='grc' dir='ltr'><strong>τοῖσδε</strong></span> <span class='ocrx_word' id='word_1_343' title='bbox 2966 2125 3154 2190; x_wconf 77' lang='grc' dir='ltr'>αὐτοῖς</span> <span class='ocrx_word' id='word_1_344' title='bbox 3189 2129 3357 2182; x_wconf 80' lang='grc' dir='ltr'><strong>πᾶσιν</strong></span> <span class='ocrx_word' id='word_1_345' title='bbox 3415 2128 3479 2181; x_wconf 77' lang='grc' dir='ltr'><strong>ἓν</strong></span> <span class='ocrx_word' id='word_1_346' title='bbox 3522 2123 3694 2192; x_wconf 74' lang='grc' dir='ltr'><strong>εἷναι,</strong></span> 
     </span>
    </p>
   </div>
   <div class='ocr_carea' id='block_1_48' title="bbox 2100 2213 3700 2291">
    <p class='ocr_par' dir='ltr' id='par_1_48' title="bbox 2100 2213 3700 2291">
     <span class='ocr_line' id='line_1_48' title="bbox 2100 2213 3700 2291; baseline 0.003 -22"><span class='ocrx_word' id='word_1_347' title='bbox 2100 2216 2283 2289; x_wconf 77' lang='grc' dir='ltr'>πολλῷ</span> <span class='ocrx_word' id='word_1_348' title='bbox 2323 2213 2615 2289; x_wconf 77' lang='grc' dir='ltr'>μᾶλλοντύ</span> <span class='ocrx_word' id='word_1_349' title='bbox 2654 2216 2794 2288; x_wconf 78' lang='grc' dir='ltr'>μηδὲ</span> <span class='ocrx_word' id='word_1_350' title='bbox 2821 2215 2900 2282; x_wconf 82' lang='grc' dir='ltr'>ὡς</span> <span class='ocrx_word' id='word_1_351' title='bbox 2947 2217 3007 2271; x_wconf 74' lang='lat' dir='ltr'><strong>tv</strong></span> <span class='ocrx_word' id='word_1_352' title='bbox 3027 2218 3197 2273; x_wconf 81' lang='grc' dir='ltr'><strong>τῶνδε</strong></span> <span class='ocrx_word' id='word_1_353' title='bbox 3225 2219 3405 2291; x_wconf 82' lang='grc' dir='ltr'><strong>πάντη</strong></span> <span class='ocrx_word' id='word_1_354' title='bbox 3437 2214 3613 2283; x_wconf 74' lang='grc' dir='ltr'><strong>εἶναι,</strong></span> <span class='ocrx_word' id='word_1_355' title='bbox 3632 2221 3700 2274; x_wconf 75' lang='grc' dir='ltr'><strong>τὸ</strong></span> 
     </span>
    </p>
   </div>
   <div class='ocr_carea' id='block_1_49' title="bbox 2089 2307 3701 2384">
    <p class='ocr_par' dir='ltr' id='par_1_49' title="bbox 2089 2307 3701 2384">
     <span class='ocr_line' id='line_1_49' title="bbox 2089 2307 3701 2384; baseline 0.002 -22"><span class='ocrx_word' id='word_1_356' title='bbox 2089 2307 2362 2380; x_wconf 7' lang='grc' dir='ltr'>,ἱκόμενον</span> <span class='ocrx_word' id='word_1_357' title='bbox 2417 2307 2557 2379; x_wconf 79' lang='grc' dir='ltr'><strong>πρὸς</strong></span> <span class='ocrx_word' id='word_1_358' title='bbox 2584 2307 2677 2362; x_wconf 81' lang='grc' dir='ltr'><strong>τὸν</strong></span> <span class='ocrx_word' id='word_1_359' title='bbox 2707 2308 2902 2379; x_wconf 74' lang='grc' dir='ltr'>ἔχοντα</span> <span class='ocrx_word' id='word_1_360' title='bbox 2933 2309 3048 2375; x_wconf 73' lang='grc' dir='ltr'><strong>ἕξει</strong></span> <span class='ocrx_word' id='word_1_361' title='bbox 3086 2312 3146 2365; x_wconf 90' lang='lat' dir='ltr'><strong>tv</strong></span> <span class='ocrx_word' id='word_1_362' title='bbox 3178 2312 3401 2384; x_wconf 81' lang='grc' dir='ltr'><strong>Χριστῷ</strong></span> <span class='ocrx_word' id='word_1_363' title='bbox 3437 2312 3543 2384; x_wconf 77' lang='grc' dir='ltr'><strong>τὴν</strong></span> <span class='ocrx_word' id='word_1_364' title='bbox 3572 2313 3701 2366; x_wconf 87' lang='grc' dir='ltr'>δια-</span> 
     </span>
    </p>
   </div>
   <div class='ocr_carea' id='block_1_50' title="bbox 2104 2398 3700 2476">
    <p class='ocr_par' dir='ltr' id='par_1_50' title="bbox 2104 2398 3700 2476">
     <span class='ocr_line' id='line_1_50' title="bbox 2104 2398 3700 2476; baseline 0.005 -25"><span class='ocrx_word' id='word_1_365' title='bbox 2104 2399 2307 2471; x_wconf 78' lang='grc' dir='ltr'>φοράνο</span> <span class='ocrx_word' id='word_1_366' title='bbox 2339 2399 2388 2452; x_wconf 78' lang='grc' dir='ltr'>εί</span> <span class='ocrx_word' id='word_1_367' title='bbox 2410 2399 2468 2452; x_wconf 75' lang='grc' dir='ltr'><strong>δὲ</strong></span> <span class='ocrx_word' id='word_1_368' title='bbox 2491 2399 2554 2452; x_wconf 87' lang='grc' dir='ltr'><strong>τὸ</strong></span> <span class='ocrx_word' id='word_1_369' title='bbox 2573 2398 2726 2471; x_wconf 83' lang='grc' dir='ltr'><strong>παρὰ</strong></span> <span class='ocrx_word' id='word_1_370' title='bbox 2750 2400 2880 2455; x_wconf 81' lang='grc' dir='ltr'><strong>τάδε</strong></span> <span class='ocrx_word' id='word_1_371' title='bbox 2907 2400 2991 2466; x_wconf 81' lang='grc' dir='ltr'><strong>δν,</strong></span> <span class='ocrx_word' id='word_1_372' title='bbox 3011 2400 3177 2467; x_wconf 79' lang='grc' dir='ltr'>εὐθὺς</span> <span class='ocrx_word' id='word_1_373' title='bbox 3202 2405 3285 2467; x_wconf 83' lang='grc' dir='ltr'>είς</span> <span class='ocrx_word' id='word_1_374' title='bbox 3302 2404 3495 2458; x_wconf 90' lang='grc' dir='ltr'>οὐσίαν</span> <span class='ocrx_word' id='word_1_375' title='bbox 3518 2421 3700 2476; x_wconf 60' lang='grc' dir='ltr'><strong>προσ-</strong></span> 
     </span>
    </p>
   </div>
   <div class='ocr_carea' id='block_1_51' title="bbox 2103 2489 3702 2566">
    <p class='ocr_par' dir='ltr' id='par_1_51' title="bbox 2103 2489 3702 2566">
     <span class='ocr_line' id='line_1_51' title="bbox 2103 2489 3702 2566; baseline 0.004 -22"><span class='ocrx_word' id='word_1_376' title='bbox 2103 2489 2399 2561; x_wconf 81' lang='grc' dir='ltr'><strong>ληφθῆναι,</strong></span> <span class='ocrx_word' id='word_1_377' title='bbox 2445 2491 2541 2545; x_wconf 74' lang='grc' dir='ltr'>καὶ</span> <span class='ocrx_word' id='word_1_378' title='bbox 2584 2491 2686 2545; x_wconf 85' lang='grc' dir='ltr'>οὐκ</span> <span class='ocrx_word' id='word_1_379' title='bbox 2723 2493 2806 2556; x_wconf 86' lang='grc' dir='ltr'>είς</span> <span class='ocrx_word' id='word_1_380' title='bbox 2855 2491 3159 2547; x_wconf 79' lang='grc' dir='ltr'>ὑπόστασιν</span> <span class='ocrx_word' id='word_1_381' title='bbox 3211 2493 3434 2564; x_wconf 75' lang='grc' dir='ltr'>μᾶλλον,</span> <span class='ocrx_word' id='word_1_382' title='bbox 3461 2496 3554 2549; x_wconf 69' lang='grc' dir='ltr'><strong>διὰ</strong></span> <span class='ocrx_word' id='word_1_383' title='bbox 3598 2496 3702 2566; x_wconf 79' lang='grc' dir='ltr'><strong>τῆς</strong></span> 
     </span>
    </p>
   </div>
   <div class='ocr_carea' id='block_1_52' title="bbox 2106 2583 3702 2660">
    <p class='ocr_par' dir='ltr' id='par_1_52' title="bbox 2106 2583 3702 2660">
     <span class='ocr_line' id='line_1_52' title="bbox 2106 2583 3702 2660; baseline 0.003 -24"><span class='ocrx_word' id='word_1_384' title='bbox 2106 2583 2244 2656; x_wconf 78' lang='grc' dir='ltr'><strong>πρὸς</strong></span> <span class='ocrx_word' id='word_1_385' title='bbox 2269 2583 2460 2636; x_wconf 85' lang='grc' dir='ltr'>οὐσίαν</span> <span class='ocrx_word' id='word_1_386' title='bbox 2482 2583 2852 2648; x_wconf 75' lang='grc' dir='ltr'><strong>συνελεύσεως</strong></span> <span class='ocrx_word' id='word_1_387' title='bbox 2872 2585 3064 2650; x_wconf 78' lang='grc' dir='ltr'><strong>οὐσίας</strong></span> <span class='ocrx_word' id='word_1_388' title='bbox 3091 2585 3263 2657; x_wconf 80' lang='grc' dir='ltr'>δηλοῖ,</span> <span class='ocrx_word' id='word_1_389' title='bbox 3287 2588 3396 2660; x_wconf 73' lang='grc' dir='ltr'><strong>ἄρα</strong></span> <span class='ocrx_word' id='word_1_390' title='bbox 3416 2603 3485 2656; x_wconf 82' lang='grc' dir='ltr'>γε</span> <span class='ocrx_word' id='word_1_391' title='bbox 3507 2586 3610 2641; x_wconf 80' lang='grc' dir='ltr'><strong>τοῦ</strong></span> <span class='ocrx_word' id='word_1_392' title='bbox 3637 2604 3702 2640; x_wconf 80' lang='grc' dir='ltr'><strong>τε</strong></span> 
     </span>
    </p>
   </div>
   <div class='ocr_carea' id='block_1_53' title="bbox 2108 2672 3704 2747">
    <p class='ocr_par' dir='ltr' id='par_1_53' title="bbox 2108 2672 3704 2747">
     <span class='ocr_line' id='line_1_53' title="bbox 2108 2672 3704 2747; baseline 0.002 -20"><span class='ocrx_word' id='word_1_393' title='bbox 2108 2672 2284 2745; x_wconf 82' lang='grc' dir='ltr'><strong>πυρὸς</strong></span> <span class='ocrx_word' id='word_1_394' title='bbox 2335 2674 2394 2726; x_wconf 88' lang='lat' dir='ltr'><strong>tv</strong></span> <span class='ocrx_word' id='word_1_395' title='bbox 2415 2672 2494 2743; x_wconf 87' lang='grc' dir='ltr'><strong>τῷ</strong></span> <span class='ocrx_word' id='word_1_396' title='bbox 2531 2672 2722 2745; x_wconf 83' lang='grc' dir='ltr'><strong>μύδρῳ</strong></span> <span class='ocrx_word' id='word_1_397' title='bbox 2750 2674 2887 2746; x_wconf 75' lang='grc' dir='ltr'><strong>πρὸς</strong></span> <span class='ocrx_word' id='word_1_398' title='bbox 2931 2674 3024 2729; x_wconf 78' lang='grc' dir='ltr'><strong>τὸν</strong></span> <span class='ocrx_word' id='word_1_399' title='bbox 3059 2673 3300 2747; x_wconf 86' lang='grc' dir='ltr'>σίδηρον,</span> <span class='ocrx_word' id='word_1_400' title='bbox 3341 2677 3435 2732; x_wconf 75' lang='grc' dir='ltr'><strong>καὶ</strong></span> <span class='ocrx_word' id='word_1_401' title='bbox 3460 2676 3566 2747; x_wconf 84' lang='grc' dir='ltr'><strong>τῆς</strong></span> <span class='ocrx_word' id='word_1_402' title='bbox 3595 2677 3704 2747; x_wconf 78' lang='grc' dir='ltr'><strong>ψυ-</strong></span> 
     </span>
    </p>
   </div>
   <div class='ocr_carea' id='block_1_54' title="bbox 2109 2763 3704 2840">
    <p class='ocr_par' dir='ltr' id='par_1_54' title="bbox 2109 2763 3704 2840">
     <span class='ocr_line' id='line_1_54' title="bbox 2109 2763 3704 2840; baseline 0.003 -22"><span class='ocrx_word' id='word_1_403' title='bbox 2109 2765 2212 2836; x_wconf 79' lang='grc' dir='ltr'><strong>χῆς</strong></span> <span class='ocrx_word' id='word_1_404' title='bbox 2241 2763 2378 2836; x_wconf 76' lang='grc' dir='ltr'><strong>πρὸς</strong></span> <span class='ocrx_word' id='word_1_405' title='bbox 2406 2763 2469 2818; x_wconf 84' lang='grc' dir='ltr'>τδ</span> <span class='ocrx_word' id='word_1_406' title='bbox 2515 2764 2680 2836; x_wconf 84' lang='grc' dir='ltr'>σῶμα</span> <span class='ocrx_word' id='word_1_407' title='bbox 2727 2767 2786 2819; x_wconf 88' lang='lat' dir='ltr'><strong>tv</strong></span> <span class='ocrx_word' id='word_1_408' title='bbox 2841 2765 2922 2837; x_wconf 83' lang='grc' dir='ltr'><strong>τῷ</strong></span> <span class='ocrx_word' id='word_1_409' title='bbox 2957 2765 3263 2838; x_wconf 80' lang='grc' dir='ltr'><strong>ἀνθρὼπῳ’</strong></span> <span class='ocrx_word' id='word_1_410' title='bbox 3295 2769 3419 2822; x_wconf 71' lang='grc' dir='ltr'><strong>ἐπεὶ</strong></span> <span class='ocrx_word' id='word_1_411' title='bbox 3455 2770 3598 2840; x_wconf 77' lang='grc' dir='ltr'><strong>μήτε</strong></span> <span class='ocrx_word' id='word_1_412' title='bbox 3625 2769 3704 2832; x_wconf 82' lang='grc' dir='ltr'>ὡς</span> 
     </span>
    </p>
   </div>
   <div class='ocr_carea' id='block_1_55' title="bbox 2111 2856 3702 2934">
    <p class='ocr_par' dir='ltr' id='par_1_55' title="bbox 2111 2856 3702 2934">
     <span class='ocr_line' id='line_1_55' title="bbox 2111 2856 3702 2934; baseline 0.003 -23"><span class='ocrx_word' id='word_1_413' title='bbox 2111 2856 2240 2912; x_wconf 71' lang='grc' dir='ltr'>ναοῦ</span> <span class='ocrx_word' id='word_1_414' title='bbox 2269 2859 2419 2912; x_wconf 68' lang='grc' dir='ltr'>ἔστιν</span> <span class='ocrx_word' id='word_1_415' title='bbox 2446 2859 2481 2928; x_wconf 75' lang='grc' dir='ltr'>ἡ</span> <span class='ocrx_word' id='word_1_416' title='bbox 2501 2856 2760 2925; x_wconf 73' lang='grc' dir='ltr'><strong>εἴσδυσις,</strong></span> <span class='ocrx_word' id='word_1_417' title='bbox 2804 2859 2942 2931; x_wconf 76' lang='grc' dir='ltr'><strong>μήτε</strong></span> <span class='ocrx_word' id='word_1_418' title='bbox 2972 2858 3048 2924; x_wconf 82' lang='grc' dir='ltr'>ὡς</span> <span class='ocrx_word' id='word_1_419' title='bbox 3087 2861 3294 2932; x_wconf 80' lang='grc' dir='ltr'>σκηνῆς</span> <span class='ocrx_word' id='word_1_420' title='bbox 3329 2863 3365 2933; x_wconf 76' lang='grc' dir='ltr'><strong>ἡ</strong></span> <span class='ocrx_word' id='word_1_421' title='bbox 3397 2861 3702 2934; x_wconf 71' lang='grc' dir='ltr'>ὲνοίκησις,</span> 
     </span>
    </p>
   </div>
   <div class='ocr_carea' id='block_1_56' title="bbox 2116 2948 3703 3023">
    <p class='ocr_par' dir='ltr' id='par_1_56' title="bbox 2116 2948 3703 3023">
     <span class='ocr_line' id='line_1_56' title="bbox 2116 2948 3703 3023; baseline 0.003 -19"><span class='ocrx_word' id='word_1_422' title='bbox 2116 2951 2256 3022; x_wconf 84' lang='grc' dir='ltr'><strong>μήτε</strong></span> <span class='ocrx_word' id='word_1_423' title='bbox 2305 2948 2382 3013; x_wconf 84' lang='grc' dir='ltr'>ὡς</span> <span class='ocrx_word' id='word_1_424' title='bbox 2414 2950 2735 3022; x_wconf 83' lang='grc' dir='ltr'>φορήματος</span> <span class='ocrx_word' id='word_1_425' title='bbox 2777 2952 2810 3023; x_wconf 81' lang='grc' dir='ltr'><strong>ή</strong></span> <span class='ocrx_word' id='word_1_426' title='bbox 2873 2951 3116 3016; x_wconf 77' lang='grc' dir='ltr'>ἐνδυσις·</span> <span class='ocrx_word' id='word_1_427' title='bbox 3150 2952 3275 3008; x_wconf 79' lang='grc' dir='ltr'>οὔτε</span> <span class='ocrx_word' id='word_1_428' title='bbox 3319 2952 3431 3022; x_wconf 81' lang='grc' dir='ltr'><strong>γάρ</strong></span> <span class='ocrx_word' id='word_1_429' title='bbox 3486 2954 3703 3022; x_wconf 77' lang='grc' dir='ltr'><strong>πέφυκε</strong></span> 
     </span>
    </p>
   </div>
   <div class='ocr_carea' id='block_1_57' title="bbox 2113 3042 3704 3118">
    <p class='ocr_par' dir='ltr' id='par_1_57' title="bbox 2113 3042 3704 3118">
     <span class='ocr_line' id='line_1_57' title="bbox 2113 3042 3704 3118; baseline 0.001 -20"><span class='ocrx_word' id='word_1_430' title='bbox 2113 3043 2184 3098; x_wconf 75' lang='grc' dir='ltr'><strong>τά</strong></span> <span class='ocrx_word' id='word_1_431' title='bbox 2212 3044 2271 3097; x_wconf 87' lang='lat' dir='ltr'><strong>tv</strong></span> <span class='ocrx_word' id='word_1_432' title='bbox 2323 3042 2542 3107; x_wconf 80' lang='grc' dir='ltr'><strong>τούτοις</strong></span> <span class='ocrx_word' id='word_1_433' title='bbox 2579 3045 2648 3116; x_wconf 77' lang='grc' dir='ltr'><strong>τῇ</strong></span> <span class='ocrx_word' id='word_1_434' title='bbox 2674 3043 2784 3097; x_wconf 85' lang='grc' dir='ltr'>τῶν</span> <span class='ocrx_word' id='word_1_435' title='bbox 2839 3044 3198 3116; x_wconf 81' lang='grc' dir='ltr'>φορουμένων</span> <span class='ocrx_word' id='word_1_436' title='bbox 3227 3046 3417 3110; x_wconf 89' lang='grc' dir='ltr'>αὐτοῖς</span> <span class='ocrx_word' id='word_1_437' title='bbox 3472 3046 3643 3100; x_wconf 79' lang='grc' dir='ltr'><strong>οῐκων</strong></span> <span class='ocrx_word' id='word_1_438' title='bbox 3666 3045 3704 3118; x_wconf 69' lang='grc' dir='ltr'>ἢ</span> 
     </span>
    </p>
   </div>
   <div class='ocr_carea' id='block_1_58' title="bbox 2120 3133 3709 3210">
    <p class='ocr_par' dir='ltr' id='par_1_58' title="bbox 2120 3133 3709 3210">
     <span class='ocr_line' id='line_1_58' title="bbox 2120 3133 3709 3210; baseline 0.001 -20"><span class='ocrx_word' id='word_1_439' title='bbox 2120 3135 2436 3208; x_wconf 75' lang='grc' dir='ltr'><strong>ἐνδυμάτων</strong></span> <span class='ocrx_word' id='word_1_440' title='bbox 2453 3136 2806 3209; x_wconf 77' lang='grc' dir='ltr'><strong>ὲπιπροσθεῖν</strong></span> <span class='ocrx_word' id='word_1_441' title='bbox 2837 3137 3158 3210; x_wconf 78' lang='grc' dir='ltr'>ἐπιφανείᾳ,</span> <span class='ocrx_word' id='word_1_442' title='bbox 3187 3140 3283 3193; x_wconf 77' lang='grc' dir='ltr'><strong>καὶ</strong></span> <span class='ocrx_word' id='word_1_443' title='bbox 3306 3133 3418 3193; x_wconf 74' lang='grc' dir='ltr'>οἷον</span> <span class='ocrx_word' id='word_1_444' title='bbox 3443 3139 3540 3193; x_wconf 75' lang='grc' dir='ltr'><strong>καὶ</strong></span> <span class='ocrx_word' id='word_1_445' title='bbox 3564 3138 3709 3194; x_wconf 78' lang='grc' dir='ltr'>αὐτά</span> 
     </span>
    </p>
   </div>
   <div class='ocr_carea' id='block_1_59' title="bbox 435 3224 2013 3303">
    <p class='ocr_par' dir='ltr' id='par_1_59' title="bbox 435 3224 2013 3288">
     <span class='ocr_line' id='line_1_59' title="bbox 435 3224 2013 3288; baseline 0.001 -8"><span class='ocrx_word' id='word_1_446' title='bbox 435 3241 652 3281; x_wconf 84' lang='lat' dir='ltr'><strong>morum</strong></span> <span class='ocrx_word' id='word_1_447' title='bbox 683 3226 770 3281; x_wconf 89' lang='lat' dir='ltr'><strong>vel</strong></span> <span class='ocrx_word' id='word_1_448' title='bbox 796 3225 1274 3288; x_wconf 87' lang='lat' dir='ltr'><strong>indumentorum,</strong></span> <span class='ocrx_word' id='word_1_449' title='bbox 1321 3234 1377 3280; x_wconf 88' lang='lat' dir='ltr'><strong>et</strong></span> <span class='ocrx_word' id='word_1_450' title='bbox 1409 3224 1573 3280; x_wconf 89' lang='lat' dir='ltr'><strong>talem</strong></span> <span class='ocrx_word' id='word_1_451' title='bbox 1603 3233 1691 3281; x_wconf 89' lang='lat' dir='ltr'><strong>est</strong></span> <span class='ocrx_word' id='word_1_452' title='bbox 1717 3224 1864 3280; x_wconf 86' lang='lat' dir='ltr'><strong>sicut</strong></span> <span class='ocrx_word' id='word_1_453' title='bbox 1911 3241 2013 3281; x_wconf 63' lang='lat' dir='ltr'><strong>eaa-</strong></span> 
     </span>
    </p>
   </div>
   <div class='ocr_carea' id='block_1_60' title="bbox 2122 3224 3709 3303">
    <p class='ocr_par' dir='ltr' id='par_1_60' title="bbox 2122 3225 3709 3303">
     <span class='ocr_line' id='line_1_60' title="bbox 2122 3225 3709 3303; baseline 0.001 -20"><span class='ocrx_word' id='word_1_454' title='bbox 2122 3228 2327 3283; x_wconf 83' lang='grc' dir='ltr'>τούτων</span> <span class='ocrx_word' id='word_1_455' title='bbox 2373 3225 2512 3285; x_wconf 76' lang='grc' dir='ltr'>εἶναι</span> <span class='ocrx_word' id='word_1_456' title='bbox 2545 3231 2871 3302; x_wconf 81' lang='grc' dir='ltr'>φορήματα·</span> <span class='ocrx_word' id='word_1_457' title='bbox 2901 3230 2976 3302; x_wconf 83' lang='grc' dir='ltr'><strong>μὴ</strong></span> <span class='ocrx_word' id='word_1_458' title='bbox 3009 3230 3069 3284; x_wconf 86' lang='grc' dir='ltr'>τδ</span> <span class='ocrx_word' id='word_1_459' title='bbox 3097 3231 3442 3302; x_wconf 83' lang='grc' dir='ltr'><strong>συμπάσχειν</strong></span> <span class='ocrx_word' id='word_1_460' title='bbox 3489 3231 3709 3303; x_wconf 77' lang='grc' dir='ltr'>θατέρῳ</span> 
     </span>
    </p>
   </div>
   <div class='ocr_carea' id='block_1_61' title="bbox 436 3316 2019 3386">
    <p class='ocr_par' dir='ltr' id='par_1_61' title="bbox 436 3316 2019 3386">
     <span class='ocr_line' id='line_1_61' title="bbox 436 3316 2019 3386; baseline -0.002 -12"><span class='ocrx_word' id='word_1_461' title='bbox 436 3321 564 3376; x_wconf 88' lang='lat' dir='ltr'><strong>dem</strong></span> <span class='ocrx_word' id='word_1_462' title='bbox 584 3327 714 3374; x_wconf 90' lang='lat' dir='ltr'><strong>sunt</strong></span> <span class='ocrx_word' id='word_1_463' title='bbox 766 3318 997 3374; x_wconf 90' lang='lat' dir='ltr'><strong>istorum</strong></span> <span class='ocrx_word' id='word_1_464' title='bbox 1026 3317 1376 3382; x_wconf 87' lang='lat' dir='ltr'><strong>vestimenta,</strong></span> <span class='ocrx_word' id='word_1_465' title='bbox 1398 3331 1512 3372; x_wconf 88' lang='lat' dir='ltr'><strong>non</strong></span> <span class='ocrx_word' id='word_1_466' title='bbox 1563 3324 1650 3373; x_wconf 90' lang='lat' dir='ltr'><strong>est</strong></span> <span class='ocrx_word' id='word_1_467' title='bbox 1689 3316 2019 3386; x_wconf 75' lang='lat' dir='ltr'><strong>simpliciter</strong></span> 
     </span>
    </p>
   </div>
   <div class='ocr_carea' id='block_1_62' title="bbox 439 3409 2018 3483">
    <p class='ocr_par' dir='ltr' id='par_1_62' title="bbox 439 3409 2018 3483">
     <span class='ocr_line' id='line_1_62' title="bbox 439 3409 2018 3483; baseline -0.003 -14"><span class='ocrx_word' id='word_1_468' title='bbox 439 3427 667 3469; x_wconf 89' lang='lat' dir='ltr'><strong>necesse</strong></span> <span class='ocrx_word' id='word_1_469' title='bbox 696 3411 937 3483; x_wconf 86' lang='lat' dir='ltr'><strong>compati</strong></span> <span class='ocrx_word' id='word_1_470' title='bbox 969 3411 1111 3468; x_wconf 87' lang='lat' dir='ltr'><strong>alter</strong></span> <span class='ocrx_word' id='word_1_471' title='bbox 1138 3410 1209 3466; x_wconf 86' lang='lat' dir='ltr'><strong>ad</strong></span> <span class='ocrx_word' id='word_1_472' title='bbox 1231 3411 1472 3466; x_wconf 84' lang='lat' dir='ltr'><strong>alterum</strong></span> <span class='ocrx_word' id='word_1_473' title='bbox 1498 3409 1568 3465; x_wconf 89' lang='lat' dir='ltr'><strong>ad</strong></span> <span class='ocrx_word' id='word_1_474' title='bbox 1593 3409 2018 3480; x_wconf 85' lang='lat' dir='ltr'><strong>intelligendum</strong></span> 
     </span>
    </p>
   </div>
   <div class='ocr_carea' id='block_1_63' title="bbox 441 3501 2021 3574">
    <p class='ocr_par' dir='ltr' id='par_1_63' title="bbox 441 3501 2021 3574">
     <span class='ocr_line' id='line_1_63' title="bbox 441 3501 2021 3574; baseline -0.001 -16"><span class='ocrx_word' id='word_1_475' title='bbox 441 3504 803 3561; x_wconf 77' lang='lat' dir='ltr'><strong>imitationem</strong></span> <span class='ocrx_word' id='word_1_476' title='bbox 825 3503 1148 3560; x_wconf 70' lang='lat' dir='ltr'><strong>substantiae</strong></span> <span class='ocrx_word' id='word_1_477' title='bbox 1183 3502 1326 3574; x_wconf 87' lang='lat' dir='ltr'><strong>ignis</strong></span> <span class='ocrx_word' id='word_1_478' title='bbox 1353 3501 1410 3558; x_wconf 89' lang='lat' dir='ltr'><strong>in</strong></span> <span class='ocrx_word' id='word_1_479' title='bbox 1441 3518 1622 3558; x_wconf 88' lang='lat' dir='ltr'><strong>massa</strong></span> <span class='ocrx_word' id='word_1_480' title='bbox 1656 3503 1712 3557; x_wconf 91' lang='lat' dir='ltr'><strong>in</strong></span> <span class='ocrx_word' id='word_1_481' title='bbox 1762 3501 2021 3557; x_wconf 84' lang='lat' dir='ltr'><strong>substan-</strong></span> 
     </span>
    </p>
   </div>
   <div class='ocr_carea' id='block_1_64' title="bbox 441 3594 2023 3666">
    <p class='ocr_par' dir='ltr' id='par_1_64' title="bbox 441 3594 2023 3666">
     <span class='ocr_line' id='line_1_64' title="bbox 441 3594 2023 3666; baseline -0.001 -16"><span class='ocrx_word' id='word_1_482' title='bbox 441 3597 574 3650; x_wconf 80' lang='lat' dir='ltr'><strong>tiam</strong></span> <span class='ocrx_word' id='word_1_483' title='bbox 602 3595 759 3661; x_wconf 80' lang='lat' dir='ltr'><strong>ferri,</strong></span> <span class='ocrx_word' id='word_1_484' title='bbox 792 3604 851 3652; x_wconf 91' lang='lat' dir='ltr'><strong>et</strong></span> <span class='ocrx_word' id='word_1_485' title='bbox 879 3595 1242 3652; x_wconf 87' lang='lat' dir='ltr'><strong>mutationem</strong></span> <span class='ocrx_word' id='word_1_486' title='bbox 1275 3595 1474 3650; x_wconf 67' lang='lat' dir='ltr'><strong>animae</strong></span> <span class='ocrx_word' id='word_1_487' title='bbox 1498 3596 1554 3650; x_wconf 92' lang='lat' dir='ltr'><strong>in</strong></span> <span class='ocrx_word' id='word_1_488' title='bbox 1596 3610 1796 3666; x_wconf 90' lang='lat' dir='ltr'><strong>corpus</strong></span> <span class='ocrx_word' id='word_1_489' title='bbox 1841 3595 1899 3649; x_wconf 90' lang='lat' dir='ltr'><strong>in</strong></span> <span class='ocrx_word' id='word_1_490' title='bbox 1921 3594 2023 3649; x_wconf 86' lang='lat' dir='ltr'><strong>ho-</strong></span> 
     </span>
    </p>
   </div>
   <div class='ocr_carea' id='block_1_65' title="bbox 443 3671 2020 3758">
    <p class='ocr_par' dir='ltr' id='par_1_65' title="bbox 443 3671 2020 3758">
     <span class='ocr_line' id='line_1_65' title="bbox 443 3671 2020 3758; baseline 0 -15"><span class='ocrx_word' id='word_1_491' title='bbox 443 3689 613 3744; x_wconf 88' lang='lat' dir='ltr'><strong>mine.</strong></span> <span class='ocrx_word' id='word_1_492' title='bbox 641 3689 781 3745; x_wconf 88' lang='lat' dir='ltr'><strong>illud</strong></span> <span class='ocrx_word' id='word_1_493' title='bbox 809 3699 895 3745; x_wconf 90' lang='lat' dir='ltr'><strong>est</strong></span> <span class='ocrx_word' id='word_1_494' title='bbox 927 3689 1184 3756; x_wconf 89' lang='lat' dir='ltr'><strong>mutatio,</strong></span> <span class='ocrx_word' id='word_1_495' title='bbox 1238 3697 1300 3744; x_wconf 87' lang='lat' dir='ltr'><strong>ut</strong></span> <span class='ocrx_word' id='word_1_496' title='bbox 1322 3687 1532 3754; x_wconf 88' lang='lat' dir='ltr'><strong>dicitis,</strong></span> <span class='ocrx_word' id='word_1_497' title='bbox 1589 3702 1699 3744; x_wconf 90' lang='lat' dir='ltr'><strong>non</strong></span> <span class='ocrx_word' id='word_1_498' title='bbox 1749 3697 1834 3744; x_wconf 90' lang='lat' dir='ltr'><strong>est</strong></span> <span class='ocrx_word' id='word_1_499' title='bbox 1885 3671 2020 3758; x_wconf 67' lang='lat' dir='ltr'><strong>aug-</strong></span> 
     </span>
    </p>
   </div>
   <div class='ocr_carea' id='block_1_66' title="bbox 443 3779 2025 3854">
    <p class='ocr_par' dir='ltr' id='par_1_66' title="bbox 443 3779 2025 3854">
     <span class='ocr_line' id='line_1_66' title="bbox 443 3779 2025 3854; baseline -0.002 -18"><span class='ocrx_word' id='word_1_500' title='bbox 443 3789 725 3848; x_wconf 89' lang='lat' dir='ltr'><strong>mentum;</strong></span> <span class='ocrx_word' id='word_1_501' title='bbox 756 3791 814 3838; x_wconf 91' lang='lat' dir='ltr'><strong>et</strong></span> <span class='ocrx_word' id='word_1_502' title='bbox 839 3782 885 3838; x_wconf 91' lang='lat' dir='ltr'><strong>si</strong></span> <span class='ocrx_word' id='word_1_503' title='bbox 926 3790 1304 3854; x_wconf 77' lang='lat' dir='ltr'><strong>augmentum,</strong></span> <span class='ocrx_word' id='word_1_504' title='bbox 1334 3795 1446 3836; x_wconf 88' lang='lat' dir='ltr'><strong>non</strong></span> <span class='ocrx_word' id='word_1_505' title='bbox 1473 3779 1708 3836; x_wconf 88' lang='lat' dir='ltr'><strong>mutatio</strong></span> <span class='ocrx_word' id='word_1_506' title='bbox 1752 3786 1860 3844; x_wconf 90' lang='lat' dir='ltr'><strong>est,</strong></span> <span class='ocrx_word' id='word_1_507' title='bbox 1909 3794 2025 3833; x_wconf 90' lang='lat' dir='ltr'><strong>ma-</strong></span> 
     </span>
    </p>
   </div>
   <div class='ocr_carea' id='block_1_67' title="bbox 445 3873 2025 3947">
    <p class='ocr_par' dir='ltr' id='par_1_67' title="bbox 445 3873 2025 3947">
     <span class='ocr_line' id='line_1_67' title="bbox 445 3873 2025 3947; baseline -0.003 -16"><span class='ocrx_word' id='word_1_508' title='bbox 445 3884 613 3931; x_wconf 88' lang='lat' dir='ltr'><strong>nente</strong></span> <span class='ocrx_word' id='word_1_509' title='bbox 640 3875 808 3947; x_wconf 79' lang='lat' dir='ltr'><strong>igitur</strong></span> <span class='ocrx_word' id='word_1_510' title='bbox 834 3874 1271 3946; x_wconf 67' lang='lat' dir='ltr'><strong>pra&#39;exsistente,</strong></span> <span class='ocrx_word' id='word_1_511' title='bbox 1326 3873 1482 3930; x_wconf 86' lang='lat' dir='ltr'><strong>adest</strong></span> <span class='ocrx_word' id='word_1_512' title='bbox 1505 3880 1888 3944; x_wconf 76' lang='lat' dir='ltr'><strong>augmentum,</strong></span> <span class='ocrx_word' id='word_1_513' title='bbox 1911 3886 2025 3928; x_wconf 91' lang='lat' dir='ltr'><strong>non</strong></span> 
     </span>
    </p>
   </div>
   <div class='ocr_carea' id='block_1_68' title="bbox 450 3967 1138 4024">
    <p class='ocr_par' dir='ltr' id='par_1_68' title="bbox 450 3967 1138 4024">
     <span class='ocr_line' id='line_1_68' title="bbox 450 3967 1138 4024; baseline 0.001 -3"><span class='ocrx_word' id='word_1_514' title='bbox 450 3983 582 4024; x_wconf 82' lang='lat' dir='ltr'><strong>vero</strong></span> <span class='ocrx_word' id='word_1_515' title='bbox 601 3967 858 4024; x_wconf 88' lang='lat' dir='ltr'><strong>similiter</strong></span> <span class='ocrx_word' id='word_1_516' title='bbox 883 3967 1138 4022; x_wconf 87' lang='lat' dir='ltr'><strong>mutatio.</strong></span> 
     </span>
    </p>
   </div>
   <div class='ocr_carea' id='block_1_69' title="bbox 1114 4059 1359 4118">
    <p class='ocr_par' dir='ltr' id='par_1_69' title="bbox 1114 4059 1359 4118">
     <span class='ocr_line' id='line_1_69' title="bbox 1114 4059 1359 4118; baseline 0 -2"><span class='ocrx_word' id='word_1_517' title='bbox 1114 4059 1268 4118; x_wconf 79' lang='lat' dir='ltr'><strong>CAP.</strong></span> <span class='ocrx_word' id='word_1_518' title='bbox 1294 4059 1359 4116; x_wconf 84' lang='lat' dir='ltr'><strong>V.</strong></span> 
     </span>
    </p>
   </div>
   <div class='ocr_carea' id='block_1_70' title="bbox 517 4147 2030 4210">
    <p class='ocr_par' dir='ltr' id='par_1_70' title="bbox 517 4147 2030 4210">
     <span class='ocr_line' id='line_1_70' title="bbox 517 4147 2030 4210; baseline -0.003 -4"><span class='ocrx_word' id='word_1_519' title='bbox 517 4150 576 4206; x_wconf 88' lang='lat' dir='ltr'><strong>Si</strong></span> <span class='ocrx_word' id='word_1_520' title='bbox 596 4151 896 4208; x_wconf 81' lang='lat' dir='ltr'><strong>absurdum</strong></span> <span class='ocrx_word' id='word_1_521' title='bbox 921 4153 1204 4208; x_wconf 87' lang='lat' dir='ltr'><strong>estdicere</strong></span> <span class='ocrx_word' id='word_1_522' title='bbox 1216 4151 1500 4210; x_wconf 86' lang='lat' dir='ltr'><strong>Christum</strong></span> <span class='ocrx_word' id='word_1_523' title='bbox 1535 4151 1820 4209; x_wconf 89' lang='lat' dir='ltr'><strong>hominem</strong></span> <span class='ocrx_word' id='word_1_524' title='bbox 1847 4147 2030 4204; x_wconf 84' lang='lat' dir='ltr'><strong>Theo-</strong></span> 
     </span>
    </p>
   </div>
   <div class='ocr_carea' id='block_1_71' title="bbox 450 4239 2032 4313">
    <p class='ocr_par' dir='ltr' id='par_1_71' title="bbox 450 4239 2032 4313">
     <span class='ocr_line' id='line_1_71' title="bbox 450 4239 2032 4313; baseline -0.001 -18"><span class='ocrx_word' id='word_1_525' title='bbox 450 4241 712 4311; x_wconf 90' lang='lat' dir='ltr'><strong>phorum,</strong></span> <span class='ocrx_word' id='word_1_526' title='bbox 769 4242 909 4297; x_wconf 91' lang='lat' dir='ltr'><strong>doce</strong></span> <span class='ocrx_word' id='word_1_527' title='bbox 962 4257 1065 4297; x_wconf 90' lang='lat' dir='ltr'><strong>nos</strong></span> <span class='ocrx_word' id='word_1_528' title='bbox 1119 4241 1400 4312; x_wconf 89' lang='lat' dir='ltr'><strong>quomodo</strong></span> <span class='ocrx_word' id='word_1_529' title='bbox 1463 4250 1685 4313; x_wconf 86' lang='lat' dir='ltr'><strong>oportet</strong></span> <span class='ocrx_word' id='word_1_530' title='bbox 1741 4239 2032 4296; x_wconf 86' lang='lat' dir='ltr'><strong>nominare</strong></span> 
     </span>
    </p>
   </div>
   <div class='ocr_carea' id='block_1_72' title="bbox 449 4329 2032 4401">
    <p class='ocr_par' dir='ltr' id='par_1_72' title="bbox 449 4329 2032 4401">
     <span class='ocr_line' id='line_1_72' title="bbox 449 4329 2032 4401; baseline -0.003 -13"><span class='ocrx_word' id='word_1_531' title='bbox 449 4331 734 4389; x_wconf 87' lang='lat' dir='ltr'><strong>Christum</strong></span> <span class='ocrx_word' id='word_1_532' title='bbox 763 4333 1072 4398; x_wconf 83' lang='lat' dir='ltr'><strong>hominem,</strong></span> <span class='ocrx_word' id='word_1_533' title='bbox 1130 4333 1414 4389; x_wconf 88' lang='lat' dir='ltr'><strong>hominem</strong></span> <span class='ocrx_word' id='word_1_534' title='bbox 1469 4331 1917 4401; x_wconf 87' lang='lat' dir='ltr'><strong>Deo-carnalem,</strong></span> <span class='ocrx_word' id='word_1_535' title='bbox 1942 4329 2032 4386; x_wconf 88' lang='lat' dir='ltr'><strong>vel</strong></span> 
     </span>
    </p>
   </div>
   <div class='ocr_carea' id='block_1_73' title="bbox 451 4422 2034 4482">
    <p class='ocr_par' dir='ltr' id='par_1_73' title="bbox 451 4422 2034 4482">
     <span class='ocr_line' id='line_1_73' title="bbox 451 4422 2034 4482; baseline -0.003 -2"><span class='ocrx_word' id='word_1_536' title='bbox 451 4426 627 4480; x_wconf 87' lang='lat' dir='ltr'><strong>Deum</strong></span> <span class='ocrx_word' id='word_1_537' title='bbox 674 4425 1256 4482; x_wconf 82' lang='lat' dir='ltr'><strong>homine-carnalem?</strong></span> <span class='ocrx_word' id='word_1_538' title='bbox 1302 4425 1413 4482; x_wconf 89' lang='lat' dir='ltr'><strong>Sed</strong></span> <span class='ocrx_word' id='word_1_539' title='bbox 1467 4425 1516 4480; x_wconf 88' lang='lat' dir='ltr'><strong>si</strong></span> <span class='ocrx_word' id='word_1_540' title='bbox 1557 4424 1684 4480; x_wconf 91' lang='lat' dir='ltr'><strong>talis</strong></span> <span class='ocrx_word' id='word_1_541' title='bbox 1731 4432 1816 4480; x_wconf 89' lang='lat' dir='ltr'><strong>est</strong></span> <span class='ocrx_word' id='word_1_542' title='bbox 1864 4422 2034 4478; x_wconf 91' lang='lat' dir='ltr'><strong>homo</strong></span> 
     </span>
    </p>
   </div>
   <div class='ocr_carea' id='block_1_74' title="bbox 2121 3322 3708 3395">
    <p class='ocr_par' dir='ltr' id='par_1_74' title="bbox 2121 3322 3708 3395">
     <span class='ocr_line' id='line_1_74' title="bbox 2121 3322 3708 3395; baseline -0.001 -17"><span class='ocrx_word' id='word_1_543' title='bbox 2121 3323 2351 3395; x_wconf 79' lang='grc' dir='ltr'><strong>θάτερον</strong></span> <span class='ocrx_word' id='word_1_544' title='bbox 2371 3322 2563 3388; x_wconf 84' lang='grc' dir='ltr'><strong>άπλῶς</strong></span> <span class='ocrx_word' id='word_1_545' title='bbox 2595 3323 2812 3394; x_wconf 80' lang='grc' dir='ltr'><strong>ἀνάγκη</strong></span> <span class='ocrx_word' id='word_1_546' title='bbox 2843 3324 2922 3388; x_wconf 81' lang='grc' dir='ltr'><strong>είς</strong></span> <span class='ocrx_word' id='word_1_547' title='bbox 2958 3323 3148 3378; x_wconf 91' lang='grc' dir='ltr'>οὐσίαν</span> <span class='ocrx_word' id='word_1_548' title='bbox 3188 3323 3408 3395; x_wconf 85' lang='grc' dir='ltr'><strong>σιδήρου</strong></span> <span class='ocrx_word' id='word_1_549' title='bbox 3441 3338 3708 3395; x_wconf 79' lang='grc' dir='ltr'><strong>μετατρο-</strong></span> 
     </span>
    </p>
   </div>
   <div class='ocr_carea' id='block_1_75' title="bbox 2121 3414 3772 3488">
    <p class='ocr_par' dir='ltr' id='par_1_75' title="bbox 2121 3414 3772 3488">
     <span class='ocr_line' id='line_1_75' title="bbox 2121 3414 3772 3488; baseline -0.002 -16"><span class='ocrx_word' id='word_1_550' title='bbox 2121 3416 2232 3488; x_wconf 77' lang='grc' dir='ltr'><strong>πὴν</strong></span> <span class='ocrx_word' id='word_1_551' title='bbox 2249 3415 2459 3471; x_wconf 81' lang='grc' dir='ltr'>οἴεσθαι</span> <span class='ocrx_word' id='word_1_552' title='bbox 2485 3415 2584 3486; x_wconf 83' lang='grc' dir='ltr'><strong>τῆς</strong></span> <span class='ocrx_word' id='word_1_553' title='bbox 2614 3414 2802 3479; x_wconf 87' lang='grc' dir='ltr'>οὐσίας</span> <span class='ocrx_word' id='word_1_554' title='bbox 2826 3414 2920 3469; x_wconf 78' lang='grc' dir='ltr'>τοῦ</span> <span class='ocrx_word' id='word_1_555' title='bbox 2963 3414 3137 3487; x_wconf 76' lang='grc' dir='ltr'><strong>πυρὸς</strong></span> <span class='ocrx_word' id='word_1_556' title='bbox 3165 3417 3224 3470; x_wconf 87' lang='grc' dir='ltr'><strong>ὲν</strong></span> <span class='ocrx_word' id='word_1_557' title='bbox 3251 3415 3330 3486; x_wconf 84' lang='grc' dir='ltr'><strong>τῷ</strong></span> <span class='ocrx_word' id='word_1_558' title='bbox 3377 3415 3587 3487; x_wconf 83' lang='grc' dir='ltr'><strong>μύδρῳ,</strong></span> <span class='ocrx_word' id='word_1_559' title='bbox 3613 3415 3710 3469; x_wconf 77' lang='grc' dir='ltr'><strong>καὶ</strong></span> <span class='ocrx_word' id='word_1_560' title='bbox 3767 3422 3772 3425; x_wconf 65' lang='grc'><strong>“</strong></span> 
     </span>
    </p>
   </div>
   <div class='ocr_carea' id='block_1_76' title="bbox 2121 3504 3707 3579">
    <p class='ocr_par' dir='ltr' id='par_1_76' title="bbox 2121 3504 3707 3579">
     <span class='ocr_line' id='line_1_76' title="bbox 2121 3504 3707 3579; baseline -0.003 -17"><span class='ocrx_word' id='word_1_561' title='bbox 2121 3507 2226 3578; x_wconf 82' lang='grc' dir='ltr'><strong>τῆς</strong></span> <span class='ocrx_word' id='word_1_562' title='bbox 2282 3507 2463 3579; x_wconf 80' lang='grc' dir='ltr'><strong>ψυχῆς</strong></span> <span class='ocrx_word' id='word_1_563' title='bbox 2517 3505 2757 3578; x_wconf 76' lang='grc' dir='ltr'><strong>ἀμοιϐὴν</strong></span> <span class='ocrx_word' id='word_1_564' title='bbox 2808 3508 2891 3570; x_wconf 84' lang='grc' dir='ltr'>είς</span> <span class='ocrx_word' id='word_1_565' title='bbox 2943 3505 3102 3578; x_wconf 87' lang='grc' dir='ltr'>σῶμα</span> <span class='ocrx_word' id='word_1_566' title='bbox 3147 3507 3208 3562; x_wconf 74' lang='grc' dir='ltr'><strong>ὲν</strong></span> <span class='ocrx_word' id='word_1_567' title='bbox 3259 3506 3340 3576; x_wconf 76' lang='grc' dir='ltr'>τῷ</span> <span class='ocrx_word' id='word_1_568' title='bbox 3393 3504 3707 3578; x_wconf 71' lang='grc' dir='ltr'><strong>ἀνθρώπιν’</strong></span> 
     </span>
    </p>
   </div>
   <div class='ocr_carea' id='block_1_77' title="bbox 2121 3592 3709 3669">
    <p class='ocr_par' dir='ltr' id='par_1_77' title="bbox 2121 3592 3709 3669">
     <span class='ocr_line' id='line_1_77' title="bbox 2121 3592 3709 3669; baseline 0.002 -21"><span class='ocrx_word' id='word_1_569' title='bbox 2121 3597 2325 3666; x_wconf 81' lang='grc' dir='ltr'><strong>ὃπουγε</strong></span> <span class='ocrx_word' id='word_1_570' title='bbox 2359 3596 2456 3650; x_wconf 81' lang='grc' dir='ltr'><strong>καὶ</strong></span> <span class='ocrx_word' id='word_1_571' title='bbox 2502 3596 2552 3650; x_wconf 78' lang='grc' dir='ltr'>εί</span> <span class='ocrx_word' id='word_1_572' title='bbox 2579 3596 2780 3669; x_wconf 82' lang='grc' dir='ltr'><strong>τροπὴ,</strong></span> <span class='ocrx_word' id='word_1_573' title='bbox 2807 3595 2883 3661; x_wconf 84' lang='grc' dir='ltr'><strong>ὦς</strong></span> <span class='ocrx_word' id='word_1_574' title='bbox 2909 3615 3068 3667; x_wconf 87' lang='grc' dir='ltr'>φατε,</span> <span class='ocrx_word' id='word_1_575' title='bbox 3098 3592 3190 3669; x_wconf 76' lang='grc' dir='ltr'><strong>ἦν,</strong></span> <span class='ocrx_word' id='word_1_576' title='bbox 3237 3598 3338 3652; x_wconf 84' lang='grc' dir='ltr'>οὐκ</span> <span class='ocrx_word' id='word_1_577' title='bbox 3375 3597 3709 3669; x_wconf 79' lang='grc' dir='ltr'>ὲπαύξησις·</span> 
     </span>
    </p>
   </div>
   <div class='ocr_carea' id='block_1_78' title="bbox 2124 3686 3715 3760">
    <p class='ocr_par' dir='ltr' id='par_1_78' title="bbox 2124 3686 3715 3760">
     <span class='ocr_line' id='line_1_78' title="bbox 2124 3686 3715 3760; baseline 0 -18"><span class='ocrx_word' id='word_1_578' title='bbox 2124 3688 2220 3742; x_wconf 79' lang='grc' dir='ltr'>καὶ</span> <span class='ocrx_word' id='word_1_579' title='bbox 2257 3689 2305 3741; x_wconf 82' lang='grc' dir='ltr'>εί</span> <span class='ocrx_word' id='word_1_580' title='bbox 2343 3686 2668 3758; x_wconf 77' lang='grc' dir='ltr'><strong>ὲπαύξησις,</strong></span> <span class='ocrx_word' id='word_1_581' title='bbox 2700 3689 2762 3742; x_wconf 90' lang='grc' dir='ltr'><strong>οὐ</strong></span> <span class='ocrx_word' id='word_1_582' title='bbox 2818 3687 3000 3760; x_wconf 81' lang='grc' dir='ltr'><strong>τροπὴ</strong></span> <span class='ocrx_word' id='word_1_583' title='bbox 3033 3689 3254 3757; x_wconf 80' lang='grc' dir='ltr'>γέγονε⁶</span> <span class='ocrx_word' id='word_1_584' title='bbox 3309 3688 3568 3760; x_wconf 77' lang='grc' dir='ltr'><strong>μένοντος</strong></span> <span class='ocrx_word' id='word_1_585' title='bbox 3604 3689 3715 3759; x_wconf 79' lang='grc' dir='ltr'><strong>γὰρ</strong></span> 
     </span>
    </p>
   </div>
   <div class='ocr_carea' id='block_1_79' title="bbox 2123 3777 3718 3851">
    <p class='ocr_par' dir='ltr' id='par_1_79' title="bbox 2123 3777 3718 3851">
     <span class='ocr_line' id='line_1_79' title="bbox 2123 3777 3718 3851; baseline -0.001 -18"><span class='ocrx_word' id='word_1_586' title='bbox 2123 3777 2220 3834; x_wconf 80' lang='grc' dir='ltr'><strong>τοῦ</strong></span> <span class='ocrx_word' id='word_1_587' title='bbox 2249 3780 2744 3850; x_wconf 85' lang='grc' dir='ltr'><strong>προῠποκειμένου,</strong></span> <span class='ocrx_word' id='word_1_588' title='bbox 2778 3779 2988 3849; x_wconf 82' lang='grc' dir='ltr'>γίνεται</span> <span class='ocrx_word' id='word_1_589' title='bbox 3025 3779 3060 3851; x_wconf 78' lang='grc' dir='ltr'><strong>ἡ</strong></span> <span class='ocrx_word' id='word_1_590' title='bbox 3087 3777 3336 3848; x_wconf 73' lang='grc' dir='ltr'>αὔξησις,</span> <span class='ocrx_word' id='word_1_591' title='bbox 3377 3778 3440 3832; x_wconf 82' lang='grc' dir='ltr'><strong>οὐ</strong></span> <span class='ocrx_word' id='word_1_592' title='bbox 3479 3777 3591 3850; x_wconf 69' lang='grc' dir='ltr'><strong>μὴν</strong></span> <span class='ocrx_word' id='word_1_593' title='bbox 3621 3779 3718 3832; x_wconf 76' lang='grc' dir='ltr'><strong>καὶ</strong></span> 
     </span>
    </p>
   </div>
   <div class='ocr_carea' id='block_1_80' title="bbox 2127 3869 2678 3946">
    <p class='ocr_par' dir='ltr' id='par_1_80' title="bbox 2127 3869 2678 3946">
     <span class='ocr_line' id='line_1_80' title="bbox 2127 3869 2678 3946; baseline 0.005 -20"><span class='ocrx_word' id='word_1_594' title='bbox 2127 3874 2162 3946; x_wconf 74' lang='grc' dir='ltr'><strong>ἡ</strong></span> <span class='ocrx_word' id='word_1_595' title='bbox 2192 3871 2369 3946; x_wconf 75' lang='grc' dir='ltr'><strong>τροπὴ</strong></span> <span class='ocrx_word' id='word_1_596' title='bbox 2397 3869 2678 3938; x_wconf 81' lang='grc' dir='ltr'><strong>ὡσαύτως.</strong></span> 
     </span>
    </p>
   </div>
   <div class='ocr_carea' id='block_1_81' title="bbox 2741 4056 3105 4112">
    <p class='ocr_par' dir='ltr' id='par_1_81' title="bbox 2741 4056 3105 4112">
     <span class='ocr_line' id='line_1_81' title="bbox 2741 4056 3105 4112; baseline 0.005 -2"><span class='ocrx_word' id='word_1_597' title='bbox 2741 4056 2992 4112; x_wconf 77' lang='grc' dir='ltr'><strong>ΚΕΦΑΔ.</strong></span> <span class='ocrx_word' id='word_1_598' title='bbox 3028 4057 3105 4112; x_wconf 87' lang='lat' dir='ltr'><strong>E&#39;.</strong></span> 
     </span>
    </p>
   </div>
   <div class='ocr_carea' id='block_1_82' title="bbox 2203 4147 3720 4222">
    <p class='ocr_par' dir='ltr' id='par_1_82' title="bbox 2203 4147 3720 4222">
     <span class='ocr_line' id='line_1_82' title="bbox 2203 4147 3720 4222; baseline -0.001 -18"><span class='ocrx_word' id='word_1_599' title='bbox 2203 4149 2268 4204; x_wconf 85' lang='grc' dir='ltr'>Εί</span> <span class='ocrx_word' id='word_1_600' title='bbox 2293 4147 2553 4219; x_wconf 81' lang='grc' dir='ltr'>θεοφόρον</span> <span class='ocrx_word' id='word_1_601' title='bbox 2580 4148 2870 4222; x_wconf 79' lang='grc' dir='ltr'><strong>ἄνθρωπον</strong></span> <span class='ocrx_word' id='word_1_602' title='bbox 2892 4149 3068 4203; x_wconf 72' lang='grc' dir='ltr'><strong>εἰπεῖν</strong></span> <span class='ocrx_word' id='word_1_603' title='bbox 3097 4149 3191 4204; x_wconf 79' lang='grc' dir='ltr'><strong>τὸν</strong></span> <span class='ocrx_word' id='word_1_604' title='bbox 3225 4149 3465 4222; x_wconf 74' lang='grc' dir='ltr'><strong>Χριστὸν</strong></span> <span class='ocrx_word' id='word_1_605' title='bbox 3491 4149 3720 4214; x_wconf 70' lang='grc' dir='ltr'><strong>ἄτοπον,</strong></span> 
     </span>
    </p>
   </div>
   <div class='ocr_carea' id='block_1_83' title="bbox 2131 4236 3724 4311">
    <p class='ocr_par' dir='ltr' id='par_1_83' title="bbox 2131 4236 3724 4311">
     <span class='ocr_line' id='line_1_83' title="bbox 2131 4236 3724 4311; baseline 0 -18"><span class='ocrx_word' id='word_1_606' title='bbox 2131 4237 2342 4302; x_wconf 77' lang='grc' dir='ltr'>δίδαξον</span> <span class='ocrx_word' id='word_1_607' title='bbox 2358 4239 2506 4308; x_wconf 75' lang='grc' dir='ltr'><strong>ἡμᾶς</strong></span> <span class='ocrx_word' id='word_1_608' title='bbox 2537 4236 2659 4302; x_wconf 84' lang='grc' dir='ltr'><strong>πῶς</strong></span> <span class='ocrx_word' id='word_1_609' title='bbox 2684 4241 2789 4309; x_wconf 85' lang='grc' dir='ltr'><strong>χρὴ</strong></span> <span class='ocrx_word' id='word_1_610' title='bbox 2812 4236 3103 4308; x_wconf 73' lang='grc' dir='ltr'>ὀνομάζειν</span> <span class='ocrx_word' id='word_1_611' title='bbox 3133 4239 3223 4292; x_wconf 81' lang='grc' dir='ltr'><strong>τὸν</strong></span> <span class='ocrx_word' id='word_1_612' title='bbox 3245 4240 3482 4309; x_wconf 72' lang='grc' dir='ltr'><strong>Χριστὸν</strong></span> <span class='ocrx_word' id='word_1_613' title='bbox 3504 4239 3724 4311; x_wconf 79' lang='grc' dir='ltr'><strong>ἄνθρω-</strong></span> 
     </span>
    </p>
   </div>
   <div class='ocr_carea' id='block_1_84' title="bbox 2136 4329 3721 4402">
    <p class='ocr_par' dir='ltr' id='par_1_84' title="bbox 2136 4329 3721 4402">
     <span class='ocr_line' id='line_1_84' title="bbox 2136 4329 3721 4402; baseline -0.001 -18"><span class='ocrx_word' id='word_1_614' title='bbox 2136 4348 2259 4395; x_wconf 89' lang='grc' dir='ltr'><strong>πον,</strong></span> <span class='ocrx_word' id='word_1_615' title='bbox 2309 4329 2609 4400; x_wconf 82' lang='grc' dir='ltr'>θεόσαρκον</span> <span class='ocrx_word' id='word_1_616' title='bbox 2665 4329 2954 4398; x_wconf 74' lang='grc' dir='ltr'><strong>ἄνθρωπον</strong></span> <span class='ocrx_word' id='word_1_617' title='bbox 2985 4329 3019 4400; x_wconf 80' lang='grc' dir='ltr'>ἢ</span> <span class='ocrx_word' id='word_1_618' title='bbox 3059 4329 3525 4402; x_wconf 82' lang='grc' dir='ltr'><strong>ἅνθρωπόσαρκον</strong></span> <span class='ocrx_word' id='word_1_619' title='bbox 3555 4330 3721 4397; x_wconf 76' lang='grc' dir='ltr'>Θεόνς</span> 
     </span>
    </p>
   </div>
   <div class='ocr_carea' id='block_1_85' title="bbox 2135 4419 3726 4496">
    <p class='ocr_par' dir='ltr' id='par_1_85' title="bbox 2135 4419 3726 4496">
     <span class='ocr_line' id='line_1_85' title="bbox 2135 4419 3726 4496; baseline 0 -19"><span class='ocrx_word' id='word_1_620' title='bbox 2135 4420 2253 4477; x_wconf 81' lang='grc' dir='ltr'>ἀλλ’</span> <span class='ocrx_word' id='word_1_621' title='bbox 2279 4422 2328 4475; x_wconf 84' lang='grc' dir='ltr'>εί</span> <span class='ocrx_word' id='word_1_622' title='bbox 2350 4419 2594 4486; x_wconf 81' lang='grc' dir='ltr'>τοιοῦτος</span> <span class='ocrx_word' id='word_1_623' title='bbox 2613 4420 2904 4492; x_wconf 79' lang='grc' dir='ltr'><strong>ἄνθρωπος</strong></span> <span class='ocrx_word' id='word_1_624' title='bbox 2930 4423 2958 4476; x_wconf 90' lang='lat'><strong>6</strong></span> <span class='ocrx_word' id='word_1_625' title='bbox 2976 4424 3235 4495; x_wconf 78' lang='grc' dir='ltr'><strong>Χριστὸς,</strong></span> <span class='ocrx_word' id='word_1_626' title='bbox 3261 4424 3423 4494; x_wconf 79' lang='grc' dir='ltr'><strong>δῆλον</strong></span> <span class='ocrx_word' id='word_1_627' title='bbox 3450 4425 3539 4477; x_wconf 80' lang='grc' dir='ltr'><strong>ὃτι</strong></span> <span class='ocrx_word' id='word_1_628' title='bbox 3568 4426 3726 4496; x_wconf 73' lang='grc' dir='ltr'><strong>παρὰ</strong></span> 
     </span>
    </p>
   </div>
   <div class='ocr_carea' id='block_1_86' title="bbox 451 4509 2013 4589">
    <p class='ocr_par' dir='ltr' id='par_1_86' title="bbox 451 4517 2010 4589">
     <span class='ocr_line' id='line_1_86' title="bbox 451 4517 2010 4589; baseline -0.003 -14"><span class='ocrx_word' id='word_1_629' title='bbox 451 4518 728 4583; x_wconf 85' lang='lat' dir='ltr'><strong>Christus,</strong></span> <span class='ocrx_word' id='word_1_630' title='bbox 750 4517 983 4576; x_wconf 86' lang='lat' dir='ltr'><strong>evidens</strong></span> <span class='ocrx_word' id='word_1_631' title='bbox 1009 4526 1095 4574; x_wconf 89' lang='lat' dir='ltr'><strong>est</strong></span> <span class='ocrx_word' id='word_1_632' title='bbox 1136 4517 1285 4589; x_wconf 91' lang='lat' dir='ltr'><strong>quod</strong></span> <span class='ocrx_word' id='word_1_633' title='bbox 1309 4533 1410 4589; x_wconf 89' lang='lat' dir='ltr'><strong>per</strong></span> <span class='ocrx_word' id='word_1_634' title='bbox 1439 4517 1616 4573; x_wconf 81' lang='lat' dir='ltr'><strong>Adam</strong></span> <span class='ocrx_word' id='word_1_635' title='bbox 1668 4524 1922 4572; x_wconf 89' lang='lat' dir='ltr'><strong>naturam</strong></span> <span class='ocrx_word' id='word_1_636' title='bbox 1949 4529 2010 4571; x_wconf 91' lang='lat' dir='ltr'><strong>es</strong></span> 
     </span>
    </p>
   </div>
   <div class='ocr_carea' id='block_1_87' title="bbox 2122 4509 3724 4589">
    <p class='ocr_par' dir='ltr' id='par_1_87' title="bbox 2135 4509 3724 4583">
     <span class='ocr_line' id='line_1_87' title="bbox 2135 4509 3724 4583; baseline -0.001 -19"><span class='ocrx_word' id='word_1_637' title='bbox 2135 4510 2236 4583; x_wconf 76' lang='grc' dir='ltr'><strong>τὴν</strong></span> <span class='ocrx_word' id='word_1_638' title='bbox 2283 4509 2376 4564; x_wconf 79' lang='grc' dir='ltr'>τοῦ</span> <span class='ocrx_word' id='word_1_639' title='bbox 2416 4510 2591 4580; x_wconf 76' lang='grc' dir='ltr'><strong>Ἀδὰμ</strong></span> <span class='ocrx_word' id='word_1_640' title='bbox 2633 4510 2796 4578; x_wconf 79' lang='grc' dir='ltr'>φύσιν</span> <span class='ocrx_word' id='word_1_641' title='bbox 2847 4510 2997 4564; x_wconf 74' lang='grc' dir='ltr'>ἐστὶν</span> <span class='ocrx_word' id='word_1_642' title='bbox 3051 4509 3344 4583; x_wconf 75' lang='grc' dir='ltr'><strong>ἄνθρωπος</strong></span> <span class='ocrx_word' id='word_1_643' title='bbox 3392 4511 3422 4563; x_wconf 92' lang='lat'><strong>6</strong></span> <span class='ocrx_word' id='word_1_644' title='bbox 3461 4509 3724 4580; x_wconf 76' lang='grc' dir='ltr'>Χριστός.</span> 
     </span>
    </p>
   </div>
   <div class='ocr_carea' id='block_1_88' title="bbox 454 4584 2013 4680">
    <p class='ocr_par' dir='ltr' id='par_1_88' title="bbox 454 4584 2013 4680">
     <span class='ocr_line' id='line_1_88' title="bbox 454 4584 2013 4680; baseline -0.002 -16"><span class='ocrx_word' id='word_1_645' title='bbox 454 4610 621 4665; x_wconf 91' lang='lat' dir='ltr'><strong>homo</strong></span> <span class='ocrx_word' id='word_1_646' title='bbox 664 4609 938 4665; x_wconf 89' lang='lat' dir='ltr'><strong>Christus.</strong></span> <span class='ocrx_word' id='word_1_647' title='bbox 993 4584 1215 4680; x_wconf 68' lang='lat' dir='ltr'><strong>«Prope</strong></span> <span class='ocrx_word' id='word_1_648' title='bbox 1266 4584 1514 4665; x_wconf 77' lang='lat' dir='ltr'><strong>Verbum</strong></span> <span class='ocrx_word' id='word_1_649' title='bbox 1595 4617 1755 4663; x_wconf 90' lang='lat' dir='ltr'><strong>tuum</strong></span> <span class='ocrx_word' id='word_1_650' title='bbox 1824 4616 1912 4663; x_wconf 90' lang='lat' dir='ltr'><strong>est</strong></span> <span class='ocrx_word' id='word_1_651' title='bbox 1969 4607 2013 4661; x_wconf 73' lang='lat' dir='ltr'><strong>in</strong></span> 
     </span>
    </p>
   </div>
   <div class='ocr_carea' id='block_1_89' title="bbox 2122 4584 3728 4680">
    <p class='ocr_par' dir='ltr' id='par_1_89' title="bbox 2143 4601 3728 4674">
     <span class='ocr_line' id='line_1_89' title="bbox 2143 4601 3728 4674; baseline -0.004 -16"><span class='ocrx_word' id='word_1_652' title='bbox 2143 4624 2162 4658; x_wconf 79' lang='grc' dir='ltr'>ι</span> <span class='ocrx_word' id='word_1_653' title='bbox 2185 4603 2387 4673; x_wconf 83' lang='grc' dir='ltr'>Ἐγγύς</span> <span class='ocrx_word' id='word_1_654' title='bbox 2413 4621 2508 4656; x_wconf 90' lang='grc' dir='ltr'>σου</span> <span class='ocrx_word' id='word_1_655' title='bbox 2530 4601 2590 4656; x_wconf 88' lang='grc' dir='ltr'>τδ</span> <span class='ocrx_word' id='word_1_656' title='bbox 2614 4602 2766 4674; x_wconf 77' lang='grc' dir='ltr'><strong>ῥῆμά</strong></span> <span class='ocrx_word' id='word_1_657' title='bbox 2791 4602 2944 4658; x_wconf 74' lang='grc' dir='ltr'>ἐστιν</span> <span class='ocrx_word' id='word_1_658' title='bbox 2967 4603 3026 4656; x_wconf 84' lang='lat' dir='ltr'><strong>tv</strong></span> <span class='ocrx_word' id='word_1_659' title='bbox 3051 4605 3166 4667; x_wconf 81' lang='grc' dir='ltr'>τοῖς</span> <span class='ocrx_word' id='word_1_660' title='bbox 3191 4601 3396 4674; x_wconf 77' lang='grc' dir='ltr'>χείλεσι</span> <span class='ocrx_word' id='word_1_661' title='bbox 3419 4619 3518 4655; x_wconf 89' lang='grc' dir='ltr'>σου</span> <span class='ocrx_word' id='word_1_662' title='bbox 3545 4602 3643 4656; x_wconf 74' lang='grc' dir='ltr'><strong>καὶ</strong></span> <span class='ocrx_word' id='word_1_663' title='bbox 3669 4602 3728 4654; x_wconf 76' lang='lat' dir='ltr'><strong>tv</strong></span> 
     </span>
    </p>
   </div>
   <div class='ocr_carea' id='block_1_90' title="bbox 457 4699 2032 4768">
    <p class='ocr_par' dir='ltr' id='par_1_90' title="bbox 457 4699 2032 4768">
     <span class='ocr_line' id='line_1_90' title="bbox 457 4699 2032 4768; baseline 0 -12"><span class='ocrx_word' id='word_1_664' title='bbox 457 4702 566 4757; x_wconf 90' lang='lat' dir='ltr'><strong>tuis</strong></span> <span class='ocrx_word' id='word_1_665' title='bbox 591 4701 752 4757; x_wconf 81' lang='lat' dir='ltr'><strong>labiis</strong></span> <span class='ocrx_word' id='word_1_666' title='bbox 775 4712 832 4757; x_wconf 89' lang='lat' dir='ltr'><strong>et</strong></span> <span class='ocrx_word' id='word_1_667' title='bbox 866 4701 922 4757; x_wconf 93' lang='lat' dir='ltr'><strong>in</strong></span> <span class='ocrx_word' id='word_1_668' title='bbox 950 4711 1136 4757; x_wconf 87' lang='lat' dir='ltr'><strong>mente</strong></span> <span class='ocrx_word' id='word_1_669' title='bbox 1195 4710 1289 4757; x_wconf 89' lang='lat' dir='ltr'><strong>tua</strong></span> <span class='ocrx_word' id='word_1_670' title='bbox 1337 4711 1400 4768; x_wconf 72' lang='grc' dir='ltr'>ος</span> <span class='ocrx_word' id='word_1_671' title='bbox 1430 4720 1449 4752; x_wconf 73' lang='grc' dir='ltr'>ι</span> <span class='ocrx_word' id='word_1_672' title='bbox 1482 4700 1590 4756; x_wconf 87' lang='lat' dir='ltr'><strong>hoc</strong></span> <span class='ocrx_word' id='word_1_673' title='bbox 1641 4709 1730 4756; x_wconf 88' lang='lat' dir='ltr'><strong>est</strong></span> <span class='ocrx_word' id='word_1_674' title='bbox 1774 4699 2032 4756; x_wconf 86' lang='lat' dir='ltr'><strong>incarna-</strong></span> 
     </span>
    </p>
   </div>
   <div class='ocr_carea' id='block_1_91' title="bbox 459 4790 2034 4863">
    <p class='ocr_par' dir='ltr' id='par_1_91' title="bbox 459 4790 2034 4863">
     <span class='ocr_line' id='line_1_91' title="bbox 459 4790 2034 4863; baseline 0.001 -17"><span class='ocrx_word' id='word_1_675' title='bbox 459 4801 575 4846; x_wconf 91' lang='lat' dir='ltr'><strong>tum</strong></span> <span class='ocrx_word' id='word_1_676' title='bbox 603 4793 776 4848; x_wconf 90' lang='lat' dir='ltr'><strong>Deum</strong></span> <span class='ocrx_word' id='word_1_677' title='bbox 810 4791 906 4862; x_wconf 90' lang='lat' dir='ltr'><strong>qui</strong></span> <span class='ocrx_word' id='word_1_678' title='bbox 952 4801 1010 4847; x_wconf 90' lang='lat' dir='ltr'><strong>et</strong></span> <span class='ocrx_word' id='word_1_679' title='bbox 1042 4808 1170 4848; x_wconf 85' lang='lat' dir='ltr'><strong>vere</strong></span> <span class='ocrx_word' id='word_1_680' title='bbox 1197 4808 1366 4863; x_wconf 91' lang='lat' dir='ltr'><strong>super</strong></span> <span class='ocrx_word' id='word_1_681' title='bbox 1410 4800 1665 4847; x_wconf 89' lang='lat' dir='ltr'><strong>naturam</strong></span> <span class='ocrx_word' id='word_1_682' title='bbox 1724 4790 1900 4846; x_wconf 80' lang='lat' dir='ltr'><strong>Adam</strong></span> <span class='ocrx_word' id='word_1_683' title='bbox 1927 4791 2034 4847; x_wconf 85' lang='lat' dir='ltr'><strong>ali-</strong></span> 
     </span>
    </p>
   </div>
   <div class='ocr_carea' id='block_1_92' title="bbox 458 4882 1856 4954">
    <p class='ocr_par' dir='ltr' id='par_1_92' title="bbox 458 4882 1856 4954">
     <span class='ocr_line' id='line_1_92' title="bbox 458 4882 1856 4954; baseline 0 -16"><span class='ocrx_word' id='word_1_684' title='bbox 458 4884 590 4954; x_wconf 90' lang='lat' dir='ltr'><strong>quid</strong></span> <span class='ocrx_word' id='word_1_685' title='bbox 619 4884 806 4949; x_wconf 89' lang='lat' dir='ltr'><strong>habet,</strong></span> <span class='ocrx_word' id='word_1_686' title='bbox 843 4884 1061 4940; x_wconf 87' lang='lat' dir='ltr'><strong>salvans</strong></span> <span class='ocrx_word' id='word_1_687' title='bbox 1079 4883 1304 4954; x_wconf 89' lang='lat' dir='ltr'><strong>quidem</strong></span> <span class='ocrx_word' id='word_1_688' title='bbox 1331 4899 1431 4954; x_wconf 90' lang='lat' dir='ltr'><strong>per</strong></span> <span class='ocrx_word' id='word_1_689' title='bbox 1471 4882 1622 4938; x_wconf 89' lang='lat' dir='ltr'><strong>illam</strong></span> <span class='ocrx_word' id='word_1_690' title='bbox 1648 4883 1856 4938; x_wconf 88' lang='lat' dir='ltr'><strong>omnia.</strong></span> 
     </span>
    </p>
   </div>
   <div class='ocr_carea' id='block_1_93' title="bbox 1081 4998 1357 5055">
    <p class='ocr_par' dir='ltr' id='par_1_93' title="bbox 1081 4998 1357 5055">
     <span class='ocr_line' id='line_1_93' title="bbox 1081 4998 1357 5055; baseline 0.004 -2"><span class='ocrx_word' id='word_1_691' title='bbox 1081 4998 1236 5055; x_wconf 83' lang='lat' dir='ltr'><strong>CAP.</strong></span> <span class='ocrx_word' id='word_1_692' title='bbox 1266 5000 1357 5055; x_wconf 86' lang='lat' dir='ltr'><strong>Vl.</strong></span> 
     </span>
    </p>
   </div>
   <div class='ocr_carea' id='block_1_94' title="bbox 531 5091 2040 5162">
    <p class='ocr_par' dir='ltr' id='par_1_94' title="bbox 531 5091 2040 5162">
     <span class='ocr_line' id='line_1_94' title="bbox 531 5091 2040 5162; baseline -0.002 -13"><span class='ocrx_word' id='word_1_693' title='bbox 531 5093 587 5150; x_wconf 90' lang='lat' dir='ltr'><strong>Si</strong></span> <span class='ocrx_word' id='word_1_694' title='bbox 642 5103 706 5148; x_wconf 89' lang='lat' dir='ltr'><strong>ut</strong></span> <span class='ocrx_word' id='word_1_695' title='bbox 755 5101 878 5148; x_wconf 90' lang='lat' dir='ltr'><strong>erat</strong></span> <span class='ocrx_word' id='word_1_696' title='bbox 927 5102 1226 5162; x_wconf 87' lang='lat' dir='ltr'><strong>antequam</strong></span> <span class='ocrx_word' id='word_1_697' title='bbox 1267 5091 1575 5147; x_wconf 89' lang='lat' dir='ltr'><strong>incarnatio</strong></span> <span class='ocrx_word' id='word_1_698' title='bbox 1616 5091 1860 5147; x_wconf 79' lang='lat' dir='ltr'><strong>Verbum</strong></span> <span class='ocrx_word' id='word_1_699' title='bbox 1895 5105 2040 5146; x_wconf 89' lang='lat' dir='ltr'><strong>unus</strong></span> 
     </span>
    </p>
   </div>
   <div class='ocr_carea' id='block_1_95' title="bbox 460 5182 2040 5254">
    <p class='ocr_par' dir='ltr' id='par_1_95' title="bbox 460 5182 2040 5254">
     <span class='ocr_line' id='line_1_95' title="bbox 460 5182 2040 5254; baseline -0.004 -12"><span class='ocrx_word' id='word_1_700' title='bbox 460 5186 609 5242; x_wconf 82' lang='lat' dir='ltr'><strong>Deus</strong></span> <span class='ocrx_word' id='word_1_701' title='bbox 658 5195 714 5242; x_wconf 92' lang='lat' dir='ltr'><strong>et</strong></span> <span class='ocrx_word' id='word_1_702' title='bbox 773 5201 917 5240; x_wconf 87' lang='lat' dir='ltr'><strong>unus</strong></span> <span class='ocrx_word' id='word_1_703' title='bbox 951 5184 1147 5247; x_wconf 84' lang='lat' dir='ltr'><strong>Filius,</strong></span> <span class='ocrx_word' id='word_1_704' title='bbox 1199 5183 1282 5239; x_wconf 92' lang='lat' dir='ltr'><strong>sic</strong></span> <span class='ocrx_word' id='word_1_705' title='bbox 1325 5193 1386 5240; x_wconf 90' lang='lat' dir='ltr'><strong>et</strong></span> <span class='ocrx_word' id='word_1_706' title='bbox 1421 5191 1548 5254; x_wconf 86' lang='lat' dir='ltr'><strong>post</strong></span> <span class='ocrx_word' id='word_1_707' title='bbox 1579 5182 2040 5247; x_wconf 89' lang='lat' dir='ltr'><strong>incarnationem,</strong></span> 
     </span>
    </p>
   </div>
   <div class='ocr_carea' id='block_1_96' title="bbox 459 5274 2037 5347">
    <p class='ocr_par' dir='ltr' id='par_1_96' title="bbox 459 5274 2037 5347">
     <span class='ocr_line' id='line_1_96' title="bbox 459 5274 2037 5347; baseline -0.004 -13"><span class='ocrx_word' id='word_1_708' title='bbox 459 5279 691 5334; x_wconf 87' lang='lat' dir='ltr'><strong>evidens</strong></span> <span class='ocrx_word' id='word_1_709' title='bbox 747 5286 833 5334; x_wconf 92' lang='lat' dir='ltr'><strong>est</strong></span> <span class='ocrx_word' id='word_1_710' title='bbox 878 5277 1028 5347; x_wconf 93' lang='lat' dir='ltr'><strong>quod</strong></span> <span class='ocrx_word' id='word_1_711' title='bbox 1089 5291 1312 5333; x_wconf 86' lang='lat' dir='ltr'><strong>carnem</strong></span> <span class='ocrx_word' id='word_1_712' title='bbox 1359 5275 1529 5330; x_wconf 89' lang='lat' dir='ltr'><strong>habet</strong></span> <span class='ocrx_word' id='word_1_713' title='bbox 1556 5285 1618 5330; x_wconf 90' lang='lat' dir='ltr'><strong>ut</strong></span> <span class='ocrx_word' id='word_1_714' title='bbox 1653 5274 2037 5330; x_wconf 90' lang='lat' dir='ltr'><strong>indumentum</strong></span> 
     </span>
    </p>
   </div>
   <div class='ocr_carea' id='block_1_97' title="bbox 461 5366 2036 5440">
    <p class='ocr_par' dir='ltr' id='par_1_97' title="bbox 461 5366 2036 5440">
     <span class='ocr_line' id='line_1_97' title="bbox 461 5366 2036 5440; baseline -0.003 -14"><span class='ocrx_word' id='word_1_715' title='bbox 461 5381 519 5426; x_wconf 89' lang='lat' dir='ltr'><strong>et</strong></span> <span class='ocrx_word' id='word_1_716' title='bbox 545 5370 916 5426; x_wconf 89' lang='lat' dir='ltr'><strong>habitaculum</strong></span> <span class='ocrx_word' id='word_1_717' title='bbox 949 5379 1004 5427; x_wconf 91' lang='lat' dir='ltr'><strong>et</strong></span> <span class='ocrx_word' id='word_1_718' title='bbox 1033 5386 1144 5426; x_wconf 89' lang='lat' dir='ltr'><strong>non</strong></span> <span class='ocrx_word' id='word_1_719' title='bbox 1188 5379 1249 5424; x_wconf 90' lang='lat' dir='ltr'><strong>ut</strong></span> <span class='ocrx_word' id='word_1_720' title='bbox 1283 5378 1498 5440; x_wconf 88' lang='lat' dir='ltr'><strong>partem</strong></span> <span class='ocrx_word' id='word_1_721' title='bbox 1527 5367 1878 5424; x_wconf 71' lang='lat' dir='ltr'><strong>substantiae.</strong></span> <span class='ocrx_word' id='word_1_722' title='bbox 1928 5366 2036 5423; x_wconf 84' lang='lat' dir='ltr'><strong>Sed</strong></span> 
     </span>
    </p>
   </div>
   <div class='ocr_carea' id='block_1_98' title="bbox 465 5460 2034 5530">
    <p class='ocr_par' dir='ltr' id='par_1_98' title="bbox 465 5460 2034 5530">
     <span class='ocr_line' id='line_1_98' title="bbox 465 5460 2034 5530; baseline -0.001 -16"><span class='ocrx_word' id='word_1_723' title='bbox 465 5475 613 5514; x_wconf 89' lang='lat' dir='ltr'><strong>nunc</strong></span> <span class='ocrx_word' id='word_1_724' title='bbox 642 5476 785 5514; x_wconf 89' lang='lat' dir='ltr'><strong>unus</strong></span> <span class='ocrx_word' id='word_1_725' title='bbox 805 5460 969 5515; x_wconf 90' lang='lat' dir='ltr'><strong>homo</strong></span> <span class='ocrx_word' id='word_1_726' title='bbox 1005 5461 1123 5530; x_wconf 90' lang='lat' dir='ltr'><strong>ipse</strong></span> <span class='ocrx_word' id='word_1_727' title='bbox 1150 5468 1255 5522; x_wconf 87' lang='lat' dir='ltr'><strong>est,</strong></span> <span class='ocrx_word' id='word_1_728' title='bbox 1283 5475 1410 5514; x_wconf 90' lang='lat' dir='ltr'><strong>nam</strong></span> <span class='ocrx_word' id='word_1_729' title='bbox 1447 5460 1594 5514; x_wconf 81' lang='lat' dir='ltr'><strong>inter</strong></span> <span class='ocrx_word' id='word_1_730' title='bbox 1617 5474 1720 5515; x_wconf 90' lang='lat' dir='ltr'><strong>nos</strong></span> <span class='ocrx_word' id='word_1_731' title='bbox 1769 5472 2034 5514; x_wconf 90' lang='lat' dir='ltr'><strong>numera-</strong></span> 
     </span>
    </p>
   </div>
   <div class='ocr_carea' id='block_1_99' title="bbox 465 5549 2043 5616">
    <p class='ocr_par' dir='ltr' id='par_1_99' title="bbox 465 5549 2043 5616">
     <span class='ocr_line' id='line_1_99' title="bbox 465 5549 2043 5616; baseline -0.001 -10"><span class='ocrx_word' id='word_1_732' title='bbox 465 5561 556 5606; x_wconf 86' lang='lat' dir='ltr'><strong>tus</strong></span> <span class='ocrx_word' id='word_1_733' title='bbox 585 5559 686 5606; x_wconf 89' lang='lat' dir='ltr'><strong>est.</strong></span> <span class='ocrx_word' id='word_1_734' title='bbox 714 5550 870 5607; x_wconf 86' lang='lat' dir='ltr'><strong>Unde</strong></span> <span class='ocrx_word' id='word_1_735' title='bbox 892 5551 1209 5606; x_wconf 89' lang='lat' dir='ltr'><strong>nominatur</strong></span> <span class='ocrx_word' id='word_1_736' title='bbox 1230 5551 1577 5616; x_wconf 86' lang='lat' dir='ltr'><strong>Emmanuel,</strong></span> <span class='ocrx_word' id='word_1_737' title='bbox 1604 5565 1768 5606; x_wconf 90' lang='lat' dir='ltr'><strong>nemo</strong></span> <span class='ocrx_word' id='word_1_738' title='bbox 1783 5549 2043 5606; x_wconf 88' lang='lat' dir='ltr'><strong>habitans</strong></span> 
     </span>
    </p>
   </div>
   <div class='ocr_carea' id='block_1_100' title="bbox 467 5639 2042 5711">
    <p class='ocr_par' dir='ltr' id='par_1_100' title="bbox 467 5639 2042 5711">
     <span class='ocr_line' id='line_1_100' title="bbox 467 5639 2042 5711; baseline 0 -15"><span class='ocrx_word' id='word_1_739' title='bbox 467 5645 691 5698; x_wconf 84' lang='lat' dir='ltr'><strong>domum</strong></span> <span class='ocrx_word' id='word_1_740' title='bbox 718 5642 800 5696; x_wconf 92' lang='lat' dir='ltr'><strong>vel</strong></span> <span class='ocrx_word' id='word_1_741' title='bbox 835 5641 1061 5711; x_wconf 86' lang='lat' dir='ltr'><strong>pallium</strong></span> <span class='ocrx_word' id='word_1_742' title='bbox 1105 5644 1312 5708; x_wconf 80' lang='lat' dir='ltr'><strong>ferens,</strong></span> <span class='ocrx_word' id='word_1_743' title='bbox 1367 5655 1694 5699; x_wconf 86' lang='lat' dir='ltr'><strong>numeratur</strong></span> <span class='ocrx_word' id='word_1_744' title='bbox 1751 5642 1896 5697; x_wconf 90' lang='lat' dir='ltr'><strong>inter</strong></span> <span class='ocrx_word' id='word_1_745' title='bbox 1940 5639 2042 5696; x_wconf 88' lang='lat' dir='ltr'><strong>do-</strong></span> 
     </span>
    </p>
   </div>
   <div class='ocr_carea' id='block_1_101' title="bbox 467 5733 879 5804">
    <p class='ocr_par' dir='ltr' id='par_1_101' title="bbox 467 5733 879 5804">
     <span class='ocr_line' id='line_1_101' title="bbox 467 5733 879 5804; baseline -0.005 -14"><span class='ocrx_word' id='word_1_746' title='bbox 467 5751 590 5790; x_wconf 83' lang='lat' dir='ltr'><strong>mos</strong></span> <span class='ocrx_word' id='word_1_747' title='bbox 606 5743 664 5789; x_wconf 88' lang='lat' dir='ltr'><strong>et</strong></span> <span class='ocrx_word' id='word_1_748' title='bbox 693 5733 879 5804; x_wconf 87' lang='lat' dir='ltr'><strong>pallia.</strong></span> 
     </span>
    </p>
   </div>
   <div class='ocr_carea' id='block_1_102' title="bbox 550 5889 1384 5958">
    <p class='ocr_par' dir='ltr' id='par_1_102' title="bbox 550 5889 1384 5958">
     <span class='ocr_line' id='line_1_102' title="bbox 550 5889 1384 5958; baseline -0.005 -11"><span class='ocrx_word' id='word_1_749' title='bbox 550 5902 576 5929; x_wconf 72' lang='grc' dir='ltr'>ἰ</span> <span class='ocrx_word' id='word_1_750' title='bbox 609 5889 766 5947; x_wconf 69' lang='lat' dir='ltr'><strong>Deut.</strong></span> <span class='ocrx_word' id='word_1_751' title='bbox 792 5907 917 5958; x_wconf 76' lang='lat' dir='ltr'><strong>xxx,</strong></span> <span class='ocrx_word' id='word_1_752' title='bbox 958 5891 1019 5958; x_wconf 64' lang='lat'><strong>4;</strong></span> <span class='ocrx_word' id='word_1_753' title='bbox 1057 5891 1215 5947; x_wconf 80' lang='lat' dir='ltr'><strong>lium.</strong></span> <span class='ocrx_word' id='word_1_754' title='bbox 1253 5907 1304 5957; x_wconf 90' lang='lat' dir='ltr'><strong>v,</strong></span> <span class='ocrx_word' id='word_1_755' title='bbox 1332 5893 1384 5946; x_wconf 90' lang='lat'><strong>8.</strong></span> 
     </span>
    </p>
   </div>
   <div class='ocr_carea' id='block_1_103' title="bbox 2137 4692 3729 4769">
    <p class='ocr_par' dir='ltr' id='par_1_103' title="bbox 2137 4692 3729 4769">
     <span class='ocr_line' id='line_1_103' title="bbox 2137 4692 3729 4769; baseline -0.004 -18"><span class='ocrx_word' id='word_1_756' title='bbox 2137 4701 2204 4769; x_wconf 78' lang='grc' dir='ltr'><strong>τῇ</strong></span> <span class='ocrx_word' id='word_1_757' title='bbox 2227 4694 2439 4766; x_wconf 83' lang='grc' dir='ltr'>διανοίᾳ</span> <span class='ocrx_word' id='word_1_758' title='bbox 2459 4712 2577 4760; x_wconf 91' lang='grc' dir='ltr'>σου,</span> <span class='ocrx_word' id='word_1_759' title='bbox 2604 4714 2623 4746; x_wconf 78' lang='grc' dir='ltr'>ι</span> <span class='ocrx_word' id='word_1_760' title='bbox 2644 4694 2889 4750; x_wconf 81' lang='grc' dir='ltr'><strong>τουτέστι</strong></span> <span class='ocrx_word' id='word_1_761' title='bbox 2919 4694 3336 4766; x_wconf 82' lang='grc' dir='ltr'>σεσαρκωμὲνον</span> <span class='ocrx_word' id='word_1_762' title='bbox 3356 4692 3519 4758; x_wconf 82' lang='grc' dir='ltr'><strong>Θεὸν,</strong></span> <span class='ocrx_word' id='word_1_763' title='bbox 3541 4692 3604 4756; x_wconf 80' lang='grc' dir='ltr'><strong>ὃς</strong></span> <span class='ocrx_word' id='word_1_764' title='bbox 3633 4693 3729 4747; x_wconf 77' lang='grc' dir='ltr'><strong>καὶ</strong></span> 
     </span>
    </p>
   </div>
   <div class='ocr_carea' id='block_1_104' title="bbox 2139 4784 3727 4859">
    <p class='ocr_par' dir='ltr' id='par_1_104' title="bbox 2139 4784 3727 4859">
     <span class='ocr_line' id='line_1_104' title="bbox 2139 4784 3727 4859; baseline -0.003 -17"><span class='ocrx_word' id='word_1_765' title='bbox 2139 4788 2307 4852; x_wconf 75' lang='grc' dir='ltr'><strong>ὅντως</strong></span> <span class='ocrx_word' id='word_1_766' title='bbox 2331 4788 2470 4859; x_wconf 81' lang='grc' dir='ltr'><strong>ὑπὲρ</strong></span> <span class='ocrx_word' id='word_1_767' title='bbox 2491 4787 2593 4858; x_wconf 83' lang='grc' dir='ltr'><strong>τὴν</strong></span> <span class='ocrx_word' id='word_1_768' title='bbox 2621 4785 2786 4856; x_wconf 82' lang='grc' dir='ltr'>φύσιν</span> <span class='ocrx_word' id='word_1_769' title='bbox 2820 4785 2994 4858; x_wconf 77' lang='grc' dir='ltr'><strong>’Δδάμ</strong></span> <span class='ocrx_word' id='word_1_770' title='bbox 3014 4803 3066 4840; x_wconf 88' lang='grc' dir='ltr'>τι</span> <span class='ocrx_word' id='word_1_771' title='bbox 3097 4785 3235 4858; x_wconf 72' lang='grc' dir='ltr'><strong>ἔχει,</strong></span> <span class='ocrx_word' id='word_1_772' title='bbox 3287 4784 3480 4851; x_wconf 79' lang='grc' dir='ltr'><strong>σώζων</strong></span> <span class='ocrx_word' id='word_1_773' title='bbox 3530 4785 3727 4858; x_wconf 75' lang='grc' dir='ltr'>μέντοι</span> 
     </span>
    </p>
   </div>
   <div class='ocr_carea' id='block_1_105' title="bbox 2140 4877 2968 4949">
    <p class='ocr_par' dir='ltr' id='par_1_105' title="bbox 2140 4877 2968 4949">
     <span class='ocr_line' id='line_1_105' title="bbox 2140 4877 2968 4949; baseline -0.001 -15"><span class='ocrx_word' id='word_1_774' title='bbox 2140 4879 2238 4935; x_wconf 74' lang='grc' dir='ltr'><strong>καὶ</strong></span> <span class='ocrx_word' id='word_1_775' title='bbox 2259 4879 2328 4934; x_wconf 82' lang='grc' dir='ltr'><strong>τὰ</strong></span> <span class='ocrx_word' id='word_1_776' title='bbox 2365 4877 2511 4933; x_wconf 79' lang='grc' dir='ltr'>κατὰ</span> <span class='ocrx_word' id='word_1_777' title='bbox 2537 4878 2744 4949; x_wconf 86' lang='grc' dir='ltr'>ταύτην</span> <span class='ocrx_word' id='word_1_778' title='bbox 2767 4877 2968 4933; x_wconf 84' lang='grc' dir='ltr'>πάντα.</span> 
     </span>
    </p>
   </div>
   <div class='ocr_carea' id='block_1_106' title="bbox 2749 4991 3132 5062">
    <p class='ocr_par' dir='ltr' id='par_1_106' title="bbox 2749 4991 3132 5062">
     <span class='ocr_line' id='line_1_106' title="bbox 2749 4991 3132 5062; baseline 0.005 -16"><span class='ocrx_word' id='word_1_779' title='bbox 2749 4993 3003 5048; x_wconf 74' lang='grc' dir='ltr'><strong>ΚΕΦΔΛ.</strong></span> <span class='ocrx_word' id='word_1_780' title='bbox 3042 4991 3132 5062; x_wconf 70' lang='grc' dir='ltr'><strong>ς’.</strong></span> 
     </span>
    </p>
   </div>
   <div class='ocr_carea' id='block_1_107' title="bbox 2211 5076 3728 5155">
    <p class='ocr_par' dir='ltr' id='par_1_107' title="bbox 2211 5076 3728 5155">
     <span class='ocr_line' id='line_1_107' title="bbox 2211 5076 3728 5155; baseline -0.001 -19"><span class='ocrx_word' id='word_1_781' title='bbox 2211 5083 2276 5136; x_wconf 87' lang='grc' dir='ltr'>Εί</span> <span class='ocrx_word' id='word_1_782' title='bbox 2293 5081 2486 5154; x_wconf 81' lang='grc' dir='ltr'><strong>ὥσπερ</strong></span> <span class='ocrx_word' id='word_1_783' title='bbox 2500 5077 2570 5154; x_wconf 78' lang='grc' dir='ltr'><strong>ἦν</strong></span> <span class='ocrx_word' id='word_1_784' title='bbox 2598 5081 2707 5155; x_wconf 79' lang='grc' dir='ltr'><strong>πρὸ</strong></span> <span class='ocrx_word' id='word_1_785' title='bbox 2733 5083 2828 5135; x_wconf 80' lang='grc' dir='ltr'><strong>τοῦ</strong></span> <span class='ocrx_word' id='word_1_786' title='bbox 2862 5083 3216 5152; x_wconf 80' lang='grc' dir='ltr'><strong>σαρκωθῆναι</strong></span> <span class='ocrx_word' id='word_1_787' title='bbox 3247 5081 3465 5152; x_wconf 77' lang='grc' dir='ltr'>ὸΔόγυς</span> <span class='ocrx_word' id='word_1_788' title='bbox 3495 5076 3577 5146; x_wconf 76' lang='grc' dir='ltr'><strong>εἷς</strong></span> <span class='ocrx_word' id='word_1_789' title='bbox 3597 5082 3728 5145; x_wconf 80' lang='grc' dir='ltr'><strong>Θεὸς</strong></span> 
     </span>
    </p>
   </div>
   <div class='ocr_carea' id='block_1_108' title="bbox 2141 5171 3730 5247">
    <p class='ocr_par' dir='ltr' id='par_1_108' title="bbox 2141 5171 3730 5247">
     <span class='ocr_line' id='line_1_108' title="bbox 2141 5171 3730 5247; baseline -0.002 -14"><span class='ocrx_word' id='word_1_790' title='bbox 2141 5179 2239 5233; x_wconf 70' lang='grc' dir='ltr'><strong>καὶ</strong></span> <span class='ocrx_word' id='word_1_791' title='bbox 2291 5171 2372 5242; x_wconf 82' lang='grc' dir='ltr'><strong>εἷς</strong></span> <span class='ocrx_word' id='word_1_792' title='bbox 2421 5177 2572 5244; x_wconf 72' lang='grc' dir='ltr'><strong>Υἱὸς,</strong></span> <span class='ocrx_word' id='word_1_793' title='bbox 2601 5177 2778 5241; x_wconf 75' lang='grc' dir='ltr'>οὕτως</span> <span class='ocrx_word' id='word_1_794' title='bbox 2818 5177 2915 5230; x_wconf 79' lang='grc' dir='ltr'><strong>καὶ</strong></span> <span class='ocrx_word' id='word_1_795' title='bbox 2946 5175 3086 5246; x_wconf 81' lang='grc' dir='ltr'><strong>μετὰ</strong></span> <span class='ocrx_word' id='word_1_796' title='bbox 3115 5175 3217 5246; x_wconf 79' lang='grc' dir='ltr'><strong>τὴν</strong></span> <span class='ocrx_word' id='word_1_797' title='bbox 3248 5177 3550 5247; x_wconf 80' lang='grc' dir='ltr'><strong>σάρκωσιν,</strong></span> <span class='ocrx_word' id='word_1_798' title='bbox 3569 5175 3730 5245; x_wconf 76' lang='grc' dir='ltr'>δῆλον</span> 
     </span>
    </p>
   </div>
   <div class='ocr_carea' id='block_1_109' title="bbox 2143 5269 3729 5342">
    <p class='ocr_par' dir='ltr' id='par_1_109' title="bbox 2143 5269 3729 5342">
     <span class='ocr_line' id='line_1_109' title="bbox 2143 5269 3729 5342; baseline -0.003 -17"><span class='ocrx_word' id='word_1_799' title='bbox 2143 5271 2227 5326; x_wconf 83' lang='grc' dir='ltr'><strong>ὅτι</strong></span> <span class='ocrx_word' id='word_1_800' title='bbox 2248 5270 2348 5342; x_wconf 79' lang='grc' dir='ltr'><strong>τὴν</strong></span> <span class='ocrx_word' id='word_1_801' title='bbox 2370 5271 2549 5342; x_wconf 80' lang='grc' dir='ltr'><strong>σάρκα</strong></span> <span class='ocrx_word' id='word_1_802' title='bbox 2575 5273 2655 5335; x_wconf 82' lang='grc' dir='ltr'><strong>είς</strong></span> <span class='ocrx_word' id='word_1_803' title='bbox 2681 5271 2908 5341; x_wconf 83' lang='grc' dir='ltr'>φόρημα</span> <span class='ocrx_word' id='word_1_804' title='bbox 2933 5269 3048 5340; x_wconf 75' lang='grc' dir='ltr'><strong>ἔχει</strong></span> <span class='ocrx_word' id='word_1_805' title='bbox 3071 5270 3168 5322; x_wconf 73' lang='grc' dir='ltr'><strong>καὶ</strong></span> <span class='ocrx_word' id='word_1_806' title='bbox 3210 5269 3360 5334; x_wconf 80' lang='grc' dir='ltr'>ναδν,</span> <span class='ocrx_word' id='word_1_807' title='bbox 3391 5270 3487 5322; x_wconf 74' lang='grc' dir='ltr'><strong>καὶ</strong></span> <span class='ocrx_word' id='word_1_808' title='bbox 3509 5270 3612 5322; x_wconf 79' lang='grc' dir='ltr'>οὐκ</span> <span class='ocrx_word' id='word_1_809' title='bbox 3650 5270 3729 5332; x_wconf 78' lang='grc' dir='ltr'><strong>εις</strong></span> 
     </span>
    </p>
   </div>
   <div class='ocr_carea' id='block_1_110' title="bbox 2147 5356 3729 5433">
    <p class='ocr_par' dir='ltr' id='par_1_110' title="bbox 2147 5356 3729 5433">
     <span class='ocr_line' id='line_1_110' title="bbox 2147 5356 3729 5433; baseline 0 -18"><span class='ocrx_word' id='word_1_810' title='bbox 2147 5360 2313 5433; x_wconf 78' lang='grc' dir='ltr'><strong>μέρος</strong></span> <span class='ocrx_word' id='word_1_811' title='bbox 2359 5361 2571 5426; x_wconf 79' lang='grc' dir='ltr'>οὐσίας.</span> <span class='ocrx_word' id='word_1_812' title='bbox 2599 5361 2768 5416; x_wconf 79' lang='grc' dir='ltr'>Ἀλλὰ</span> <span class='ocrx_word' id='word_1_813' title='bbox 2800 5359 2896 5414; x_wconf 78' lang='grc' dir='ltr'><strong>νῦν</strong></span> <span class='ocrx_word' id='word_1_814' title='bbox 2953 5366 3046 5415; x_wconf 75' lang='grc' dir='ltr'><strong>καὶ</strong></span> <span class='ocrx_word' id='word_1_815' title='bbox 3081 5356 3163 5424; x_wconf 72' lang='grc' dir='ltr'><strong>εἷς</strong></span> <span class='ocrx_word' id='word_1_816' title='bbox 3194 5360 3487 5432; x_wconf 74' lang='grc' dir='ltr'><strong>ἄνθρωπος</strong></span> <span class='ocrx_word' id='word_1_817' title='bbox 3513 5363 3543 5414; x_wconf 90' lang='lat'><strong>6</strong></span> <span class='ocrx_word' id='word_1_818' title='bbox 3566 5361 3729 5424; x_wconf 82' lang='grc' dir='ltr'>αὐτός</span> 
     </span>
    </p>
   </div>
   <div class='ocr_carea' id='block_1_111' title="bbox 2146 5451 3729 5525">
    <p class='ocr_par' dir='ltr' id='par_1_111' title="bbox 2146 5451 3729 5525">
     <span class='ocr_line' id='line_1_111' title="bbox 2146 5451 3729 5525; baseline -0.002 -18"><span class='ocrx_word' id='word_1_819' title='bbox 2146 5454 2296 5508; x_wconf 72' lang='grc' dir='ltr'><strong>ἐστιν</strong></span> <span class='ocrx_word' id='word_1_820' title='bbox 2315 5470 2330 5485; x_wconf 78' lang='lat'><strong><em>°</em></strong></span> <span class='ocrx_word' id='word_1_821' title='bbox 2364 5454 2423 5507; x_wconf 79' lang='grc' dir='ltr'><strong>ὲν</strong></span> <span class='ocrx_word' id='word_1_822' title='bbox 2452 5454 2584 5525; x_wconf 78' lang='grc' dir='ltr'>ἡμῖν</span> <span class='ocrx_word' id='word_1_823' title='bbox 2619 5454 2728 5525; x_wconf 84' lang='grc' dir='ltr'><strong>γὰρ</strong></span> <span class='ocrx_word' id='word_1_824' title='bbox 2759 5452 3118 5522; x_wconf 76' lang='grc' dir='ltr'>κατελογίσθη</span> <span class='ocrx_word' id='word_1_825' title='bbox 3141 5468 3156 5484; x_wconf 81' lang='grc'><em>’</em></span> <span class='ocrx_word' id='word_1_826' title='bbox 3204 5451 3328 5509; x_wconf 75' lang='grc' dir='ltr'><strong>ὅθεν</strong></span> <span class='ocrx_word' id='word_1_827' title='bbox 3353 5453 3449 5506; x_wconf 73' lang='grc' dir='ltr'><strong>καὶ</strong></span> <span class='ocrx_word' id='word_1_828' title='bbox 3479 5452 3729 5506; x_wconf 77' lang='grc' dir='ltr'>καλεῖται</span> 
     </span>
    </p>
   </div>
   <div class='ocr_carea' id='block_1_112' title="bbox 2147 5544 3728 5618">
    <p class='ocr_par' dir='ltr' id='par_1_112' title="bbox 2147 5544 3728 5618">
     <span class='ocr_line' id='line_1_112' title="bbox 2147 5544 3728 5618; baseline -0.003 -17"><span class='ocrx_word' id='word_1_829' title='bbox 2147 5547 2498 5618; x_wconf 83' lang='grc' dir='ltr'>Ἐμμανουήλ</span> <span class='ocrx_word' id='word_1_830' title='bbox 2521 5563 2536 5578; x_wconf 88' lang='grc'><strong>·</strong></span> <span class='ocrx_word' id='word_1_831' title='bbox 2566 5546 2742 5610; x_wconf 79' lang='grc' dir='ltr'>οὐδεὶς</span> <span class='ocrx_word' id='word_1_832' title='bbox 2762 5546 2821 5599; x_wconf 82' lang='grc' dir='ltr'><strong>δὲ</strong></span> <span class='ocrx_word' id='word_1_833' title='bbox 2851 5545 2976 5598; x_wconf 74' lang='grc' dir='ltr'>ναὸν</span> <span class='ocrx_word' id='word_1_834' title='bbox 3002 5545 3189 5610; x_wconf 74' lang='grc' dir='ltr'><strong>οἰκῶν,</strong></span> <span class='ocrx_word' id='word_1_835' title='bbox 3220 5544 3254 5616; x_wconf 81' lang='grc' dir='ltr'><strong>ἦ</strong></span> <span class='ocrx_word' id='word_1_836' title='bbox 3281 5545 3496 5616; x_wconf 76' lang='grc' dir='ltr'><strong>ἱμάτιον</strong></span> <span class='ocrx_word' id='word_1_837' title='bbox 3522 5544 3728 5615; x_wconf 83' lang='grc' dir='ltr'><strong>φορῶν,</strong></span> 
     </span>
    </p>
   </div>
   <div class='ocr_carea' id='block_1_113' title="bbox 2148 5637 3206 5711">
    <p class='ocr_par' dir='ltr' id='par_1_113' title="bbox 2148 5637 3206 5711">
     <span class='ocr_line' id='line_1_113' title="bbox 2148 5637 3206 5711; baseline -0.004 -15"><span class='ocrx_word' id='word_1_838' title='bbox 2148 5642 2297 5705; x_wconf 84' lang='grc' dir='ltr'>ναοῖς</span> <span class='ocrx_word' id='word_1_839' title='bbox 2323 5639 2356 5711; x_wconf 78' lang='grc' dir='ltr'><strong>ἢ</strong></span> <span class='ocrx_word' id='word_1_840' title='bbox 2389 5639 2624 5711; x_wconf 80' lang='grc' dir='ltr'>ἱματίοις</span> <span class='ocrx_word' id='word_1_841' title='bbox 2660 5637 3206 5708; x_wconf 77' lang='grc' dir='ltr'>συγκαταλογίζεται.</span> 
     </span>
    </p>
   </div>
  </div>
