4006 6548
433 427 570 492 1759
1704 430 2014 492 LEONTII
2053 428 2457 491 BYZANTINI
3563 437 3717 502 1750

428 536 774 593 sanctissima
825 535 1098 608 Trinitate
1120 552 1340 608 passum
1370 551 1490 593 esse
1526 539 1732 592 carne?
1780 539 1837 594 Si
1868 539 2013 593 enim

2126 537 2378 592 πονθέναι
2408 539 2574 610 σαρκί
2590 557 2606 602 ;
2640 540 2703 594 Εἰ
2729 540 2838 612 γὰρ
2863 542 2923 596 ού
2952 543 3101 616 τρεῖς
3124 541 3299 612 θεοὺς,
3329 546 3446 602 ἀλλ’
3469 549 3706 607 biremi»

427 645 536 683 non
566 637 676 682 tres
702 628 856 692 deos,
899 628 995 683 sed
1053 644 1314 698 personas
1359 627 1566 694 dicitis,
1610 637 2015 698 consequenter

2126 644 2232 694 σεις
2259 631 2418 698 φατὲ,
2447 631 2742 686 ἀκόλουθον
2770 632 2841 686 ἐν
2864 634 3068 704 λέγειν,
3093 637 3126 708 ἢ
3152 638 3304 708 μίαν
3327 641 3430 712 τῆς
3453 643 3713 713 Τριάδος,

427 719 723 774 dicendum
777 730 864 776 est
906 738 1072 775 unum
1129 722 1214 776 vel
1247 707 1477 776 una'de
1517 720 1805 785 Trinitate,
1832 728 2015 776 atten-

425 813 608 869 dendo
640 813 710 868 ad
744 828 1031 884 personam
1078 815 1165 869 vel
1199 813 1266 868 ad
1311 813 1676 883 suppositum,
1726 827 1835 866 non
1884 827 2016 868 vero

426 922 563 958 unus
599 921 617 958 :
651 905 717 959 ad
748 905 880 959 deos
912 906 1092 970 enim,
1127 904 1242 959 sive
1285 914 1489 974 patres,
1534 905 1650 960 sive
1675 904 1816 959 ﬁlios
1845 903 2017 959 reler-

430 1007 522 1052 tnr
545 997 650 1053 hoc
681 1012 880 1052 nomen
927 998 1232 1053 masculine
1263 1007 1542 1068 sumptum
1580 1014 1789 1069 :quare
1823 1008 2014 1053 contra

429 1104 638 1144 morem
698 1088 884 1145 dicere
935 1105 1045 1145 non
1083 1090 1300 1146 audetis
1351 1090 1516 1144 alium
1556 1098 1613 1146 et
1672 1089 1842 1144 alium
1896 1104 2018 1146 esse

429 1180 731 1247 Christum,
763 1196 925 1250 quem
947 1196 1070 1236 esse
1099 1181 1246 1235 aliud
1270 1191 1327 1236 et
1356 1181 1502 1235 aliud
1524 1182 1882 1237 conﬁtemini.

500 1272 667 1328 Miror
696 1274 978 1344 quomodo
1017 1275 1071 1328 in
1101 1289 1240 1344 quos
1287 1283 1541 1344 tanquam
1568 1275 1726 1330 vobis
1765 1275 2020 1346 proprios

433 1363 705 1421 incidistis
729 1365 946 1420 Domini
969 1365 1305 1437 hypostasim
1335 1366 1657 1432 scrutando,
1680 1367 1735 1422 in
1768 1367 1890 1422 istis
1916 1384 2017 1428 nos

432 1453 714 1508 erroribus
748 1453 933 1524 impiis
962 1454 1118 1524 quasi
1149 1470 1296 1510 nunc
1316 1464 1561 1510 versatos
1592 1455 1883 1511 ostendere
1914 1455 2018 1511 im-

441 1545 717 1616 pudenter
746 1545 1067 1600 moliamini.
1109 1546 1220 1601 Vos
1265 1546 1412 1601 enim
1465 1556 1578 1602 tres
1631 1547 1921 1604 distinctas
1959 1549 2016 1604 iu

434 1637 778 1693 sanctissima
820 1638 1089 1694 Trinitate
1130 1639 1431 1695 admisistis
1489 1639 1845 1706 substantias,
1885 1657 2019 1712 qua-

436 1745 558 1785 rum
584 1746 688 1784 una
722 1747 784 1786 ea
801 1738 886 1786 est
911 1732 1330 1801 quaeincarnata
1347 1747 1470 1789 esse
1502 1732 1706 1789 dicitur
1742 1752 1756 1788 :
1794 1742 1852 1791 et
1885 1749 2018 1790 con-

436 1821 745 1878 tendebatis
775 1823 1112 1894 hypostasim
1145 1825 1283 1881 nihil
1321 1825 1468 1881 aliud
1516 1841 1637 1882 esse
1669 1841 1832 1895 quam
1875 1827 2020 1882 indi-

2115 722 2438 793 ἀφορῶντας
2473 723 2611 794 πρὸς
2643 723 2740 796 τὴν
2767 726 3070 782 ὑπόστασιν
3102 728 3136 798 ἦ
3167 730 3229 783 τὸ
3258 732 3580 802 πρόσωπον,
3610 736 3722 790 καὶ

2117 814 2194 884 μὴ
2219 813 2330 868 ἕνα
2355 831 2371 844 ·
2425 814 2561 886 πρὸς
2593 815 2752 880 θεοὺς
2777 815 2889 888 γὰρ
2921 818 2953 887 ἢ
2988 820 3233 889 πατέρας
3267 822 3302 892 ἦ
3337 823 3509 888 υίούς.
3548 825 3722 879 τοῦτο

2062 956 2072 966 ,
2115 906 2425 960 ἀποδίδοται
2467 907 2773 980 ἀρρενικῶς
2813 909 3105 980 λεγόμενον
3136 927 3151 942 ·
3209 913 3344 968 διότι
3386 916 3511 970 οὐδὲ
3545 917 3720 972 ἄλλον

2116 999 2212 1056 καὶ
2273 998 2433 1053 ἄλλον
2489 1000 2937 1072 ἀπαρατηρήτως
3003 1005 3072 1073 τῇ
3126 1005 3323 1074 χρήσει
3377 1006 3564 1076 λέγειν
3615 1009 3719 1062 τὸν

2115 1091 2353 1163 Χριστὸν
2405 1091 2464 1145 ὃν
2511 1091 2858 1162 ὁμολογεῖτε,
2917 1093 3049 1148 ἀλλο
3097 1096 3189 1150 καὶ
3226 1097 3375 1163 ἄλλο,
3417 1100 3711 1170 ἀνέχεσθε.

2116 1182 2444 1254 Θαυμαστὸν
2470 1183 2620 1249 ὅπως
2649 1184 2709 1238 ὲν
2734 1178 2824 1248 αἷς
2854 1185 3016 1256 ὐμείς
3045 1185 3123 1250 ὡς
3147 1189 3375 1254 οἰκείαις
3398 1191 3713 1262 προήλθετε

2115 1272 2296 1338 δόξαις
2345 1273 2434 1326 ὅτε
2481 1275 2549 1329 τὰ
2593 1275 2721 1345 περὶ
2755 1275 3108 1341 ὑποστάσεως
3139 1277 3234 1331 τοῦ
3266 1280 3474 1350 Κυρίου
3504 1282 3714 1352 ἐξητά-

2117 1363 2242 1428 ζετε
2265 1403 2282 1431 ,
2333 1365 2393 1418 έν
2440 1361 2669 1428 ταύταις
2699 1362 2797 1418 νῦν
2829 1365 2977 1434 ἡμᾶς
3009 1364 3200 1437 ὥσπερ
3227 1366 3564 1432 ἀσεϐοῦντας
3593 1370 3712 1424 8e:-

2115 1455 2302 1512 κνύειν
2332 1455 2673 1528 βουλόμενοι,
2704 1456 2806 1511 οὐκ
2830 1456 3202 1530 ὴρυθριάσατε
3222 1475 3237 1489 ·
3293 1459 3470 1524 ίδικάς
3497 1478 3562 1515 τε
3595 1460 3712 1533 γὰρ

2117 1548 2214 1603 καὶ
2260 1539 2411 1619 τρεῖς
2450 1546 2550 1610 τὰς
2582 1547 2771 1612 οὐσίας
2800 1547 2902 1618 τῆς
2928 1547 3096 1618 ἁγίας
3121 1549 3352 1621 Τριάδος
3381 1550 3542 1620 ὑμεῖς
3572 1551 3711 1605 ὲδώο

2119 1653 2256 1693 κατε
2275 1653 2293 1668 ·
2342 1629 2418 1692 ὧν
2453 1637 2587 1708 μίαν
2615 1631 2757 1690 εῐναι
2790 1635 2894 1708 τὴν,
2917 1637 3218 1709 λεγομένην
3243 1639 3672 1712 ἑνανθρωπῆσαι
3694 1667 3711 1676 ι

2117 1729 2214 1784 καὶ
2241 1728 2403 1784 τοῦτο
2431 1725 2571 1783 εἶναι
2600 1728 2899 1784 ὑπόστασιν
2929 1729 3148 1798 ἐλέγετε
3180 1730 3364 1802 μόνον,
3399 1732 3502 1802 τὴν
3531 1733 3717 1804 ίδικὴν

2118 1821 2338 1876 οὐσίαν·
2376 1821 2520 1895 πλὴν
2547 1821 2609 1876 οὐ
2641 1820 2750 1893 γὰρ
2779 1823 2838 1876 ὲν
2859 1820 3035 1893 τούτῳ
3067 1818 3177 1876 εἷεν
3206 1822 3273 1876 ἂν
3301 1822 3584 1894 ἐλεύθεροι
3613 1824 3713 1878 τοῦ

435 1915 656 1970 viduam
685 1916 1074 1973 substantiam.
1100 1919 1370 1975 Prmterea
1401 1918 1533 1990 (non
1568 1920 1715 1975 enim
1755 1920 1880 1976 ideo
1899 1921 2011 1976 cri-

2126 1913 2468 1985 ὲγκλήματος
2487 1951 2504 1979 ,
2552 1914 2602 1968 εί
2632 1915 2763 1978 τοὺς
2790 1914 3234 1984 κατηγοροῦντας
3263 1913 3439 1986 ἔχοιεν
3469 1918 3714 1980 ἑαυτοῖς,

437 2008 607 2064 minis
666 2009 939 2065 immunes
997 2019 1127 2065 sunt
1181 2011 1425 2066 accusati
1472 2010 1620 2082 quod
1663 2021 2015 2070 accusatores

435 2099 677 2156 habeant
711 2101 963 2156 conscios
999 2118 1013 2156 :
1044 2102 1149 2158 hoc
1180 2102 1402 2173 quidem
1441 2102 1600 2158 vobis
1649 2103 2014 2170 condonetur)

435 2192 505 2248 ad
542 2209 606 2249 ea
638 2210 761 2265 quae
803 2211 902 2251 vos
944 2195 1108 2251 nobis
1135 2196 1481 2266 exprobratis
1503 2197 1839 2268 respondere
1869 2213 2018 2254 nunc

438 2299 724 2354 possemus
757 2303 771 2340 :
797 2285 917 2341 Non
940 2287 1118 2341 solum
1159 2287 1425 2353 Verbum,
1466 2288 1572 2355 hac
1603 2288 1884 2344 locutione
1915 2305 2018 2343 nu-

436 2389 650 2430 merum
705 2375 1008 2431 masculine
1062 2376 1406 2447 exprimente
1441 2417 1456 2443 ,
1503 2393 1703 2447 nempe
1769 2394 1906 2432 unus
1953 2379 2018 2432 de

435 2466 776 2520 sanctissima
817 2465 1078 2522 Trinitate
1110 2467 1481 2538 designatum,
1536 2467 1775 2524 dicimus
1808 2469 2015 2535 Deum;

437 2555 536 2611 sed
573 2556 739 2611 etiam
795 2557 1011 2612 Patrem
1032 2567 1089 2613 et
1133 2559 1401 2629 Spiritum
1435 2567 1683 2616 sanctum
1713 2562 2018 2618 masculine

439 2647 610 2701 Deum
642 2663 902 2704 vocamus
933 2665 946 2702 :
984 2663 1086 2704 nec
1133 2649 1258 2705 ideo
1287 2667 1384 2706 eos
1416 2659 1529 2706 tres
1552 2667 1674 2707 esse
1701 2651 1837 2708 deos
1866 2652 2018 2708 arbi—

441 2747 672 2792 tramur.
706 2738 922 2794 Etenim
964 2755 1145 2810 neque
1175 2742 1349 2796 sancti
1391 2741 1580 2798 Patres
1607 2742 1810 2809 nostri,
1837 2759 2019 2814 neque

439 2829 725 2902 Scriptura
757 2847 933 2895 sacra,
977 2833 1054 2888 sic
1088 2831 1239 2904 loqui
1270 2834 1338 2888 de
1364 2849 1690 2904 unaquaque
1734 2835 1899 2890 trium
1931 2835 2019 2890 di-

438 2924 581 2979 vinae
636 2935 846 2981 natura:
889 2941 1249 2996 personarum
1307 2925 1713 2980 abstinuerunt.
1765 2926 1848 2980 Illi
1871 2927 2019 2981 enim

440 3017 742 3073 masculine
787 3017 1006 3072 Patrem
1036 3025 1093 3073 et
1128 3017 1328 3071 Filium
1364 3015 1688 3088 plerumque
1721 3018 2019 3087 appellant,

438 3109 568 3179 quia
595 3125 864 3164 summam
894 3109 1329 3180 uniuscujusque
1357 3124 1606 3179 personae
1623 3108 2022 3180 perfectionem

442 3201 501 3257 in
527 3217 596 3258 eo
630 3213 904 3274 reponunt
947 3203 1095 3274 quod
1133 3203 1571 3284 substantialiter
1615 3203 1918 3274 respective
1952 3202 2019 3259 ad

441 3293 708 3349 attributa
744 3294 1057 3350 communia
1077 3334 1092 3360 ,
1126 3305 1181 3350 et
1211 3294 1580 3365 personaliter
1608 3294 1921 3376 respective
1952 3295 2021 3351 ad

442 3385 709 3442 attributa
734 3385 983 3452 relativa,
1011 3385 1202 3442 eadem
1235 3394 1346 3441 tres
1374 3385 1648 3457 gaudeant
1681 3386 2024 3455 plenitudine

443 3475 751 3531 divinitatis
783 3484 838 3531 et
859 3475 1181 3546 potestatis;
1209 3477 1291 3531 sic
1317 3476 1464 3531 enim
1493 3492 1552 3532 se
1578 3477 1784 3533 habent
1830 3478 1884 3532 in
1910 3479 2025 3534 Deo

444 3576 788 3638 congregatae
816 3565 1011 3638 synodi
1057 3567 1292 3623 Nicaeum
1318 3568 1508 3623 Patres
1539 3585 1553 3622 :
1588 3587 1606 3620 ι
1641 3584 1700 3624 se
1721 3568 1947 3626 credere
1968 3571 2026 3625 in

447 3675 617 3714 unum
646 3661 818 3715 Deum
843 3660 1061 3716 Patrem
1085 3660 1542 3730 omnipotentem,
1567 3669 1623 3716 et
1646 3661 1701 3715 in
1729 3677 1901 3715 unum
1922 3661 2031 3717 Do-

447 3751 658 3806 minum
681 3750 870 3807 Jesum
892 3751 1196 3818 Christum,
1225 3771 1244 3803 ι
1277 3751 1530 3824 quamvis
1556 3751 1624 3808 de
1642 3753 2030 3825 hypostasibus

446 3841 602 3897 etde
644 3843 884 3913 prosapia
913 3842 1246 3912 loquentes,
1299 3842 1666 3898 masculinum
1711 3858 1929 3914 semper
1971 3852 2029 3900 et

449 3943 704 3989 neutrum
733 3949 908 4005 genus
955 3944 1246 4004 usurpent,
1291 3943 1348 3989 et
1387 3935 1538 3991 circa
1573 3936 1715 3991 hanc
1741 3937 2028 3992 materiam

451 4022 586 4078 illud
620 4023 799 4094 ipsum
843 4025 1258 4094 composuerint
1301 4024 1642 4094 Symbolum,
1677 4026 1829 4081 velut
1866 4041 2030 4099 regu-

451 4114 556 4168 lam
593 4124 650 4170 et
687 4115 924 4169 indicem
951 4115 1270 4170 orthodoxa:
1299 4115 1446 4170 circa
1466 4116 1638 4172 Deum
1679 4123 1738 4172 et
1784 4117 2030 4174 divinam

449 4206 782 4263 Trinitatem
814 4207 1102 4263 doctrinae.
1128 4208 1321 4278 Neque
1349 4207 1608 4265 dixerunt
1638 4225 1696 4266 se
1717 4211 1945 4267 credere
1975 4211 2032 4267 in

452 4311 614 4349 unum
644 4294 867 4366 (neutro
900 4298 1147 4366 genere),
1195 4297 1293 4352 sed
1317 4297 1510 4352 ambos
1549 4300 1852 4355 masculine
1888 4300 2030 4357 desi-

438 4395 762 4458 .gnaverunt
783 4429 799 4454 ,
833 4387 1216 4459 exprimendo,
1255 4404 1380 4444 cum
1419 4404 1614 4445 vocem
1639 4407 1930 4448 numerum
1955 4393 2035 4448 si-

441 4479 824 4551 gnificantem,
855 4481 1066 4537 scilicet
1111 4497 1298 4545 unum,
1344 4491 1460 4536 tum
1486 4498 1689 4538 nomen
1723 4483 2036 4542 absolutum

2123 2005 2626 2077 συναμαρτήμονας
2652 2006 2704 2060 οἱ
2731 2005 3224 2076 κατηγορούμενοι·
3255 2006 3412 2060 τοῦτο
3435 2006 3538 2078 μὲν
3559 2009 3719 2078 ἀφεί-

2123 2098 2237 2152 σθω
2284 2097 2413 2169 ὑμῖν
2439 2113 2454 2128 ·
2513 2099 2608 2152 καὶ
2661 2099 2792 2170 περὶ
2819 2097 2984 2152 τῶνδε
3014 2098 3082 2169 δὴ
3120 2099 3247 2152 τάδε
3275 2098 3456 2168 λέγειν
3488 2099 3720 2171 ἔχοιμεν

2121 2189 2259 2260 πρὸς
2290 2189 2435 2260 ὑμᾶς
2467 2189 2565 2244 καὶ
2592 2187 2688 2244 νῦν
2711 2205 2725 2219 ·
2777 2189 2855 2254 ὡς
2883 2189 2944 2242 οὐ
2975 2190 3136 2260 μόνον
3164 2190 3340 2264 ταύτῃ
3364 2193 3432 2261 τῇ
3461 2190 3560 2245 τοῦ
3587 2192 3718 2264 ἀρι-

2123 2278 2152 2332 θ
2161 2276 2263 2348 μοῦ
2284 2281 2590 2351 σημαντικῇ
2612 2279 3152 2351 προσαγορευόμενον
3169 2297 3234 2350 ση
3244 2282 3413 2354 μασίᾳ⁵
3429 2281 3519 2335 τὸν
3531 2282 3721 2351 Λόγον

2122 2369 2431 2442 ἀρρενικῶς
2485 2369 2581 2423 Eva.
2621 2369 2926 2440 φάσκοντες
2957 2370 3059 2442 τῆς
3087 2370 3250 2439 ἁγίας
3276 2372 3540 2442 Τριάδος,
3577 2373 3719 2427 Θεόν

2125 2479 2328 2531 φαμεν,
2355 2460 2494 2515 ἀλλά
2519 2461 2614 2515 καὶ
2641 2461 2803 2515 αὐτὸν
2828 2461 3052 2532 Πατέρα
3080 2463 3174 2516 καὶ
3201 2461 3261 2514 τὸ
3284 2461 3440 2531 ἅγιον
3456 2463 3714 2535 Πνεῦμα,

2123 2553 2258 2606 Θεὸν
2304 2551 2616 2626 ἀρρενικῶς
2659 2552 2924 2624 λέγομεν·
2981 2554 3078 2607 καί⁸
3127 2554 3189 2606 οὐ
3234 2554 3327 2609 διὰ
3359 2554 3518 2608 τοῦτο
3559 2559 3716 2623 τρεῖς

2125 2645 2284 2708 θεοὺς
2327 2647 2489 2715 ἡμεῖς
2516 2643 2691 2698 ταῦτα
2719 2644 2977 2715 οἰόμεθα.
3007 2645 3140 2699 Οὐδὲ
3162 2645 3274 2718 γὰρ
3301 2647 3349 2700 oi
3374 2647 3512 2700 ὅσιοι
3536 2647 3718 2701 Πατέ-

2128 2753 2220 2808 ρες
2247 2736 2407 2807 ήμῶν
2438 2734 2564 2790 οὐτε
2594 2737 2628 2807 ὴ
2659 2736 2791 2805 ἁγία
2820 2735 3040 2808 Γραφὴ,
3075 2736 3224 2792 ἔστιν
3252 2738 3361 2808 ὅπη
3389 2737 3569 2802 οῦτως
3593 2737 3716 2793 δια-

2124 2829 2379 2900 λέγεσθαι
2409 2829 2540 2901 περὶ
2567 2828 2684 2894 ἐνὸς
2714 2829 2948 2883 ἑκάστου
2977 2829 3087 2883 τῶν
3113 2831 3284 2902 τριῶν
3310 2830 3409 2902 τῆς
3433 2830 3590 2895 θείας
3612 2830 3717 2902 φύ-

2083 2965 2086 2968 .
2127 2939 2264 2986 σεως
2295 2921 2607 2994 προσώπων
2638 2921 3096 2992 παρεφυλάξατο·
3133 2923 3231 2976 καὶ
3262 2923 3574 2995 ἀρρενικῶς
3601 2922 3716 2994 γὰρ

2127 3016 2216 3067 τὸν
2246 3014 2464 3083 Πατέρα
2496 3014 2592 3068 καὶ
2619 3012 2708 3066 τὸν
2741 3013 2867 3066 Υίὸν
2895 3016 2955 3068 ὲν
2983 3013 3260 3078 πλείστοις
3289 3014 3590 3082 κέκληκαν·
3624 3013 3716 3067 διὰ

2126 3105 2190 3158 τὸ
2216 3104 2278 3158 τὸ
2303 3105 2619 3160 παντέλειαν
2641 3105 2872 3160 ἑκάστου
2902 3105 3158 3172 ὲνουσίως
3178 3123 3236 3160 τε
3261 3106 3404 3163 κατά
3423 3108 3488 3162 τὸ
3509 3108 3711 3173 κοινὸν,

2129 3198 2224 3252 καὶ
2251 3199 2633 3262 ὲνυποστάτως
2665 3199 2808 3253 κατά
2835 3197 2898 3252 τὸ
2926 3198 3092 3253 ίδικὸν
3112 3239 3128 3266 ,
3177 3199 3278 3271 τὴν
3306 3200 3479 3270 αὐτὴν
3512 3201 3572 3253 ὲν
3601 3201 3716 3263 τοῖς

2122 3287 2270 3360 τρισὶ
2319 3288 2607 3360 γνωρίζειν
2657 3289 2830 3344 ἅπασι
2873 3280 3192 3362 τελειότητα
3226 3289 3481 3354 θεότητός
3512 3308 3576 3344 τε
3619 3291 3718 3344 καὶ

2125 3379 2476 3449 κυριότητος·
2508 3376 2653 3432 οὕτω
2679 3379 2788 3450 γάρ
2815 3395 2948 3450 φησι
2976 3379 3010 3450 ἠ
3033 3378 3413 3443 θεοσύλλεκτος
3439 3381 3717 3451 ὁμήγυρις

2125 3473 2224 3541 τῆς
2283 3469 2341 3524 ἐν
2389 3470 2595 3540 Νικαίᾳ.
2655 3469 2914 3537 συνόδου,
2972 3470 3251 3525 πιστεύειν
3303 3473 3384 3536 είς
3430 3473 3530 3525 Eva
3581 3473 3719 3525 Θεὸν

2127 3561 2349 3635 Πατέρα
2394 3562 2817 3634 Παντοκράτορα
2837 3603 2853 3629 ,
2899 3564 2995 3616 καὶ
3028 3563 3109 3628 είς
3137 3563 3234 3617 ἕνα
3267 3563 3474 3636 Κύριον
3507 3562 3718 3634 Ἰησοῦν

2127 3654 2393 3727 Χριστόν·
2459 3654 2642 3710 καίτοι
2698 3655 2800 3718 τάς
2859 3655 3192 3720 ὑποστάσεις
3225 3657 3320 3710 καὶ
3350 3654 3419 3710 τὰ
3446 3655 3721 3727 πρόσωπα

2129 3745 2383 3817 θηλυκῶς
2415 3763 2476 3800 τε
2515 3747 2615 3800 καὶ⁸
2645 3747 2946 3819 οὐδετέρως
2995 3748 3249 3817 λέγοντες
3283 3747 3405 3801 ἀεί·
3459 3747 3555 3801 καὶ
3589 3748 3721 3818 περὶ

2128 3838 2336 3893 τούτων
2370 3839 2504 3894 αὐτὸ
2529 3839 2596 3911 δὴ
2640 3837 2736 3894 καῖ
2768 3839 2926 3894 τοῦτο
2957 3840 3299 3910 ἐκτιθέμενοι
3331 3838 3394 3894 τὸ
3421 3839 3717 3911 σύμϐολον,

2131 3932 2338 3986 κανόνα
2370 3932 2494 3985 τινὰ
2546 3932 2641 3986 καὶ
2686 3931 2944 4002 γνώμονα
2989 3933 3091 4003 τῆς
3137 3931 3266 4004 περὶ
3311 3932 3446 3984 Θεοῦ
3494 3933 3590 3984 καὶ
3623 3932 3722 4000 τῆς

2131 4025 2192 4076 ὲν
2220 4025 2288 4094 τῇ
2315 4021 2436 4096 θείᾳ⁴
2459 4023 2654 4096 Τριάδι
2683 4023 2996 4095 ὀρθοδοξίας
3018 4040 3032 4053 ·
3080 4021 3206 4077 οὐτε
3240 4025 3319 4086 είς
3348 4023 3407 4076 ἒν
3440 4023 3723 4076 πιστεύειν

2133 4115 2474 4186 είρήκεισαν,
2505 4114 2620 4170 ἀλλ’
2649 4115 2819 4187 ἄμφω
2845 4115 3148 4188 ἀρρενικῶς
3175 4114 3473 4187 ἐκήρυξαν,
3499 4115 3647 4168 κατά
3663 4131 3723 4168 τε

2132 4206 2195 4260 τὸ
2243 4206 2484 4280 ἀριθμοῦ
2537 4208 2873 4280 σημαντικὸν
2917 4208 3132 4279 ὄνομα,
3188 4209 3358 4280 ἦγουν
3389 4207 3449 4261 τὸ
3477 4208 3577 4261 ἓν·
3630 4207 3726 4262 καὶ

2134 4298 2280 4352 κατὰ
2324 4299 2387 4353 τὸ
2430 4299 2835 4371 ἀπολελυμένον
2883 4300 2979 4354 καὶ
3025 4300 3226 4367 ἰδικὸν,
3260 4301 3426 4372 ἤγουν
3463 4299 3602 4354 Θεὸν
3633 4300 3726 4352 καὶ

2135 4387 2376 4460 Κύριον·
2433 4388 2503 4443 τὰ
2547 4390 2604 4443 δὲ
2651 4388 2771 4461 ίερά
2802 4390 3006 4459 Λόγια,
3043 4390 3137 4443 δύο
3165 4407 3226 4443 τε
3257 4390 3566 4462 ἀρρενικῶς
3593 4407 3727 4460 φησι

2136 4478 2398 4542 πολλάκις
2447 4479 2542 4533 καὶ
2589 4481 2717 4551 περ)⁸
2759 4477 2820 4533 ἒν
2851 4481 3087 4552 πρᾶγμα
3118 4481 3220 4551 τὴν
3250 4481 3536 4550 ἐνέργειαν
3566 4498 3727 4552 μερι-

368 4584 370 4586 '
450 4580 508 4628 et
534 4573 824 4628 relativum
844 4615 860 4640 ,
911 4574 1124 4629 scilicet
1172 4573 1343 4628 Deum
1370 4581 1428 4630 et
1459 4573 1761 4631 Dominum.
1798 4607 1869 4617 —
1897 4577 2025 4632 item

2140 4569 2436 4643 ζομένους·
2478 4573 2575 4625 καὶ
2613 4573 2790 4642 ὅμως,
2825 4572 2926 4626 οὐκ
2956 4572 3270 4641 ἀναγκαίως
3299 4570 3490 4625 τοῦτον
3516 4573 3727 4641 είσάγει

452 4656 738 4736 Scriptura
758 4682 914 4721 sacra
948 4666 1087 4720 duos
1118 4666 1420 4721 masculine
1437 4665 2035 4738 inducitszepesaapius,

451 4758 510 4812 in
542 4775 711 4812 unum
733 4775 872 4829 opus
899 4769 1299 4828 cooperantes;
1335 4774 1440 4815 nec
1484 4768 1670 4814 tamen
1696 4762 2037 4828 necessario,

447 4850 604 4920 juxta
655 4865 790 4915 vos,
844 4849 914 4904 ad
954 4849 1406 4927 polytheislmum,
1448 4860 1708 4920 tanquam
1751 4851 1820 4906 ad
1871 4868 2037 4908 suum

445 4942 750 4997 terminum
811 4951 1089 5012 spectant.
1165 4942 1423 5012 Exempla
1484 4944 1699 5014 gratia,
1767 4943 2034 5016 legitur:

457 5055 482 5086 ι
514 5035 662 5090 Pluit
715 5034 981 5090 Dominus
1032 5035 1214 5106 ignem
1269 5051 1300 5090 a
1344 5035 1485 5091 facie
1534 5037 1750 5092 Domini
1775 5047 1824 5091 ιι.
1868 5057 1887 5091 ι
1924 5039 2037 5092 Et:

449 5145 478 5178 4
511 5127 656 5181 Dixit
700 5128 962 5183 Dominus
1015 5128 1248 5183 Domino
1294 5144 1418 5184 meo
1437 5139 1487 5184 εἰ.
1527 5148 1546 5180 ›
1593 5130 1696 5184 Et:
1733 5148 1752 5181 ι
1788 5130 1954 5186 Unxit
1988 5140 2040 5186 te

449 5216 621 5278 Dens,
653 5216 798 5272 Deus
831 5226 957 5272 tuus
993 5226 1038 5272 ι’.
1073 5236 1092 5268 ν
1127 5217 1192 5272 Et
1223 5218 1316 5272 alii
1350 5226 1556 5285 textus,
1584 5235 1819 5289 quorum
1855 5223 2042 5278 nullus

447 5295 569 5362 tres
585 5323 703 5362 esse
732 5309 1093 5375 deosasscrit,
1120 5309 1205 5364 vel
1235 5320 1398 5381 negat
1427 5327 1592 5366 unam
1622 5329 1744 5374 esse
1775 5314 1829 5368 in
1863 5314 2040 5371 tribus

446 5399 798 5453 divinitatem
833 5411 889 5455 et
929 5403 1257 5471 potentiam.
1303 5402 1448 5458 Alibi
1490 5404 1638 5459 enim
1669 5405 1878 5460 dictum
1900 5415 1986 5462 est
2018 5425 2033 5464 :

446 5491 720 5546 Dominus
785 5492 928 5549 Deus
975 5504 1102 5551 tuus
1151 5496 1415 5554 Dominus
1487 5515 1633 5555 unus
1660 5508 1764 5556 est.
1827 5520 1846 5553 ι
1925 5501 2039 5557 Et:

443 5583 712 5649 Sanctus,
735 5593 977 5651 sanctus,
1010 5597 1232 5644 sanctus
1255 5589 1522 5645 Dominus
1535 5592 1679 5648 Deus
1699 5593 1939 5648 Sabaoth
1962 5597 2037 5650 ι.»

448 5673 524 5728 Et
553 5673 756 5730 similia
785 5692 815 5730 a
843 5675 1051 5747 Spiritu
1076 5686 1268 5733 sancto
1331 5679 1615 5750 inspirata.
1668 5682 1809 5737 Num
1877 5684 2045 5756 igitur

447 5766 703 5834 oportuit
745 5767 1013 5838 Spiritum
1043 5778 1295 5825 sanetum
1330 5771 1517 5829 dicere
1552 5792 1571 5825 ι
1602 5791 1768 5828 mium
1811 5775 1896 5831 vel
1936 5793 2046 5832 una

522 5895 561 5938 9
585 5887 724 5945 Gen.
753 5906 866 5958 xu,
892 5894 963 5949 ει
1060 5903 1082 5946 ι
1107 5893 1250 5950 Psal.
1281 5911 1383 5959 cu,
1418 5897 1462 5950 Ι..

2139 4662 2263 4717 καθ’
2288 4663 2432 4732 ὑμᾶς
2458 4663 2547 4717 τὸν
2573 4664 2776 4718 σκοπὸν
2803 4664 2901 4735 τῆς
2925 4664 3239 4728 πολυθεΐας·
3268 4663 3344 4728 ὡς
3366 4664 3728 4734 τὸ,ιἜ6ρεξε

2140 4753 2346 4825 Κύριος
2401 4755 2512 4830 πῦρ
2559 4758 2713 4828 παρά
2761 4757 3004 4828 Κυρίου·
3037 4776 3055 4809 ι
3097 4758 3224 4820 καὶ,
3266 4775 3286 4809 ι
3323 4751 3494 4811 Εἶπεν
3525 4757 3727 4826 Κύριος

2132 4846 2217 4922 ,τῷ
2264 4847 2456 4919 Κυρίῳ
2507 4864 2642 4918 μου·
2678 4867 2697 4901 ι
2755 4849 2872 4915 καὶ,
2914 4867 2932 4901 ι
2963 4850 3190 4921 Ἔχρισέ
3219 4867 3278 4902 σε
3307 4853 3336 4903 ό
3360 4849 3518 4913 Θεὸς,
3545 4850 3574 4903 ὁ
3598 4849 3729 4911 Θεός

2137 4959 2286 4995 σου-ι
2326 4943 2419 4995 καὶ
2451 4941 2614 5014 ἕτερα
2639 4941 2892 5008 πλείστα,
2923 4935 3000 4996 ὧν
3025 4943 3180 4996 οὐδὲν
3210 4946 3358 5014 τρεῖς
3391 4941 3533 4997 εἶναι
3573 4943 3729 5005 θεοὺς

2144 5032 2368 5097 ἔδειξεν.
2423 5034 2496 5086 Ἢ
2541 5034 2722 5088 ἀνεῖλε
2769 5033 2832 5089 τὸ
2879 5035 3011 5107 μίαν
3041 5030 3180 5088 εἶναι
3222 5035 3323 5106 τὴν
3355 5037 3414 5090 ὲν
3442 5038 3559 5100 τοῖς
3582 5036 3729 5105 τρισὶ

2145 5124 2377 5194 θεότητα
2406 5126 2502 5200 καί
2530 5125 2833 5197 κυριότητα
2853 5141 2868 5156 ·
2919 5127 3017 5180 καὶ
3044 5127 3154 5197 γὰρ
3183 5126 3452 5198 ἀλλαχόσε
3481 5127 3727 5200 εἴρηται·

2151 5236 2170 5270 ι
2205 5218 2408 5288 Κύριος
2439 5199 2628 5283 ὁεθεός
2657 5236 2752 5273 σου
2785 5218 2989 5291 Κύριος
3015 5215 3096 5283 εἷς
3124 5223 3265 5274 ἐστι·
3285 5239 3304 5273 ι
3341 5223 3493 5287 καὶ,‹
3521 5222 3728 5290 Ἄγιος,

2148 5311 2344 5380 ἅγιος,
2397 5311 2554 5380 ἆγιος
2599 5311 2804 5384 Κύριος
2853 5312 3120 5367 Σαϐαὼθ·
3153 5333 3173 5366 ι
3232 5313 3332 5367 καὶ
3386 5313 3456 5366 τά
3507 5314 3729 5368 τοιαῦτα

2137 5407 2203 5458 ἐκ
2232 5405 2329 5459 τοῦ
2376 5405 2531 5476 ἁγίου
2563 5405 2731 5460 αὐτοῦ
2763 5406 3098 5476 Πνεύματος.
3133 5407 3224 5478 Μή
3253 5424 3306 5460 τι
3332 5406 3427 5461 οὖν
3453 5408 3582 5478 μίαν
3602 5409 3634 5477 ἦ
3652 5408 3727 5473 ἓν,

2143 5497 2177 5569 ἢ
2213 5497 2396 5565 ἁγίαν,
2435 5496 2468 5569 ἢ
2500 5499 2718 5570 κυρίαν,
2752 5498 2785 5570 ἥ
2821 5497 2974 5552 θείαν
2999 5500 3175 5552 εἰπεῖν
3201 5499 3519 5568 ἀναγκαίως
3545 5499 3729 5569 ἐδέησε

2143 5588 2223 5658 τῷ
2252 5589 2554 5660 Πνεύματι,
2590 5591 2678 5645 ἵνα
2713 5589 2789 5662 μὴ
2820 5592 2933 5654 τοῖς
2964 5591 3093 5662 παρ’
3121 5591 3278 5661 ὐμῶν
3304 5591 3728 5662 ἐγκαλουμένοις

2153 5681 2449 5752 εὐθύνηται
2474 5699 2489 5750 ;
2546 5681 2666 5746 πῶς
2711 5683 2769 5736 δὲ
2799 5683 2909 5755 ἀρα
2955 5683 3117 5754 ύμεῖς
3145 5683 3300 5738 αὐτοὶ
3331 5683 3422 5737 τὸν
3449 5682 3667 5752 Πατέρα
3694 5683 3725 5751 ἢ

2153 5777 2245 5833 τὸν
2278 5777 2406 5831 Υἱὸν
2457 5777 2492 5848 ἢ
2539 5776 2601 5832 τὸ
2630 5777 2858 5849 Πνεῦμα
2887 5773 2948 5832 τὸ
2977 5776 3132 5846 ἅγιον
3164 5775 3634 5850 προσαγορεύετεζ
3671 5775 3729 5828 Ei

1553 5903 1575 5934 τ
1610 5897 1756 5953 Psal.
1793 5915 1936 5968 xuv,
1964 5900 2014 5955 8.
2097 5901 2116 5938 ί
2153 5897 2254 5955 lsa.
2293 5915 2365 5964 vi,
2400 5898 2454 5953 5.
