4006 6548
321 469 449 536 1761

1269 465 1667 529 ADVERSUS
1706 464 2508 527 NESTORIANOS.—LIB.
2549 464 2682 528 VII.

3457 459 3595 528 1762

321 585 420 656 μὲν
450 578 543 637 οὖν
579 582 718 653 μήτε
746 579 979 651 Κύριον,
1016 578 1155 649 μήτε
1189 576 1342 644 Θεὸν,
1376 576 1568 646 (ταῦτα
1596 575 1707 647 γὰρ
1736 575 1896 647 ἀρῤεσ

2019 583 2222 640 sancta,
2266 574 2492 628 domina
2518 615 2533 639 ,
2579 575 2703 639 dea,
2763 588 2833 627 ne
2871 571 3348 643 objurgationibus
3393 577 3599 630 vestris

315 676 485 740 νικῶς
512 673 774 745 εἴρηται.)
815 672 934 735 πῶς
960 670 1063 725 οὑκ
1085 669 1237 725 ἄθεοι
1266 668 1547 733 παντελῶς
1570 670 1731 733 tota;
1769 670 1819 721 εί
1846 666 1905 719 δὲ

318 772 507 840 λέγετε
556 768 732 823 ταῦτα
780 767 878 821 καὶ
921 768 1082 837 ὑμεῖς
1128 765 1259 835 περὶ
1289 758 1366 818 ὧν
1412 765 1545 834 ἡμῖν
1581 763 1865 831 ἐγκαλεῖτε
1886 801 1903 829 ,

318 865 437 925 πῶς
468 865 568 917 οὑκ
596 861 943 931 ἀναίσχυντοι
972 859 1096 913 λίαν
1118 856 1486 929 κριθήσεσθες

2010 666 2428 736 eorriperetur?
2465 665 2755 733 Quomodo
2789 666 2958 737 igitur
3004 666 3327 735 vosmetipsi
3378 666 3598 722 Patrem

2010 767 2068 812 et
2100 757 2299 813 Filium
2328 764 2385 811 et
2425 757 2695 828 Spiritum
2734 767 2985 813 sanctum
3027 759 3360 828 appellatis?
3408 758 3464 813 Si
3501 774 3601 813 ne-

2011 865 2119 919 que
2154 850 2470 915 Dominum,
2526 866 2705 921 neque
2758 851 2931 905 Deum
2982 851 3123 922 (haac
3177 850 3327 906 enim
3372 853 3599 907 nomina

320 955 687 1013 masculinum
731 954 1180 1022 sonant),nonne
1201 949 1429 1005 omnino
1462 946 1614 1003 athei
1642 941 1903 1002 εειὶεῖδί
1942 957 2078 999 vero
2123 942 2313 999 dicitis
2372 951 2429 997 et
2478 958 2578 998 vos
2618 960 2742 1014 qua:
2803 944 2964 1000 nobis
3006 946 3380 1015 exprobratis,
3414 962 3598 1001 nonne

318 1061 546 1105 summa:
575 1045 933 1116 impudentiae
957 1044 1167 1100 crimen
1195 1042 1532 1097 incurrens?

932 1137 1187 1191 ΚΕΦΑΛ.
1224 1136 1300 1188 Β’.

390 1233 453 1285 El
501 1231 536 1301 ἡ
579 1229 713 1298 ἀγία
746 1227 920 1298 Τριάς
958 1226 1198 1296 ἀπαθὴς,
1234 1227 1264 1279 6
1288 1224 1345 1278 δὲ
1369 1221 1607 1294 Χριστὸς
1634 1218 1901 1291 παθητὸς,

321 1320 402 1389 εἷς
449 1324 508 1377 δέ
560 1325 678 1377 ἐστι
730 1323 759 1375 6
805 1320 1045 1389 Χριστὸς
1093 1320 1196 1389 τῆς
1239 1318 1401 1399 ἀγίας
1433 1316 1694 1388 Τριάδος,
1740 1311 1905 1385 ἢκαὶ

319 1420 352 1487 ἡ
380 1415 514 1485 ἀγία
537 1413 711 1485 Τριάς
737 1411 1032 1483 παθητὴ,ἢ
1062 1413 1091 1465 ὁ
1108 1411 1344 1481 Χριστὸς
1369 1408 1467 1479 οὑχ
1491 1401 1580 1474 εἲς
1602 1404 1709 1474 τῆς
1726 1405 1905 1475 ἁγίας

326 1508 607 1578 Τριάδος·
674 1507 723 1560 εί
770 1506 828 1559 δὲ
861 1502 1135 1576 προσθῆτε
1191 1501 1278 1565 τὸ,
1305 1501 1469 1573 σαρκὶ
1515 1497 1753 1553 πέπονθε
1777 1537 1796 1561 ,
1842 1494 1905 1549 τὸ

320 1598 545 1653 τοιῶσδε
580 1595 848 1667 πάσχειν,
888 1595 991 1649 οὑκ
1019 1593 1299 1665 ὲλευθεροῖ
1324 1593 1566 1655 πάθους·
1614 1590 1805 1658 ὥσπερ
1838 1587 1907 1643 ἂν

322 1691 419 1744 καὶ
449 1689 596 1743 είποι
621 1705 707 1751 τις
730 1686 955 1742 τοιῶσδε
982 1686 1280 1756 πεπνίχθαι
1304 1683 1459 1748 τινὰ,
1502 1683 1604 1738 οὑκ
1632 1681 1910 1752 ἐλευθεροῖ

323 1782 418 1836 τοῦ
465 1781 697 1851 πάσχειν
743 1780 778 1852 ἢ
813 1778 908 1833 τοῦ
943 1779 1267 1847 πεπνίχθαι,
1300 1776 1391 1830 τὸν
1422 1774 1553 1844 περὶ
1580 1768 1641 1829 οὗ
1669 1775 1904 1844 εἴρηται.

325 1871 469 1925 Ἀλλ’
498 1873 528 1925 ὁ
550 1870 785 1941 Χριστὸς
811 1870 873 1924 οὑ
901 1869 1061 1940 μόνον
1093 1865 1175 1932 εἷς
1199 1869 1318 1922 ἑστι
1344 1867 1444 1937 τῆς
1470 1866 1630 1934 ἀγίας
1654 1864 1906 1935 Τριάδοςο

325 1959 461 2014 ἀλλά
492 1961 587 2014 καὶ
626 1956 709 2021 εἷς
738 1956 841 2031 τῆς
870 1958 1290 2031 ἀνθρωπότητος
1328 1959 1387 2011 ὲν
1419 1959 1520 2029 μιᾷ
1549 1959 1642 2010 καὶ
1672 1958 1738 2028 τῇ
1766 1955 1903 2025 αὑτῇ
1943 1944 1985 1999 Β

326 2049 495 2106 αὑτοῦ
518 2051 843 2106 ὑποστάσει·
875 2050 963 2105 διά
990 2049 1052 2105 τὸ
1083 2050 1179 2104 καὶ
1207 2050 1467 2119 περισσόν
1495 2067 1548 2103 τι
1574 2048 1679 2119 τῆς
1701 2047 1915 2117 φύσεως

328 2142 522 2201 ἑαυτοῦ
566 2143 659 2197 τὸν
688 2143 822 2197 Θεὸν
848 2142 1024 2212 Λόγον
1042 2184 1059 2207 ,
1092 2142 1262 2213 ἢγουν
1289 2142 1354 2196 τὸ
1380 2142 1439 2208 ἐξ
1469 2140 1635 2197 αὑτοῦ
1663 2140 1911 2209 πλάσμα,

327 2238 408 2299 είς
454 2238 514 2291 τὸ
558 2235 754 2291 ἑαυτοῦ
797 2237 1090 2309 πρόσωπον
1132 2234 1458 2290 ἀναλαϐεῖν·
1499 2232 1561 2287 τὸ
1589 2233 1647 2288 δὲ
1674 2231 1912 2303 ληφθὲν,

327 2328 425 2399 οὐχ
471 2328 768 2392 ὑπόστασις
823 2328 883 2383 δν
935 2328 1181 2400 ἐλήφθη,
1233 2327 1369 2381 ἀλλά
1402 2325 1567 2397 φύσις
1595 2367 1612 2394 ,
1660 2328 1726 2397 τῇ
1755 2324 1914 2395 φύσει

328 2421 421 2475 τοῦ
448 2422 619 2491 Λόγου
655 2423 713 2476 ἐν
740 2424 804 2495 τῇ
836 2421 940 2493 ίδίᾳ
968 2420 1137 2476 αὑτοῦ
1164 2421 1462 2476 ὑποστάσει
1494 2419 1907 2473 συνυποστᾶσα·

332 2514 542 2586 ἐδείχθη
568 2515 679 2587 γάρ
698 2515 911 2578 οἰκείως
938 2515 1081 2570 κατὰ
1102 2515 1266 2568 τόπον
1293 2512 1553 2575 πολλάκις
1574 2510 1649 2575 ὡς
1668 2512 1912 2576 δυνατὸν,

333 2607 427 2659 καὶ
476 2606 695 2670 πλείους
732 2605 953 2675 φύσεις,
986 2608 1045 2660 ὲν
1073 2606 1171 2677 μιᾷ
1197 2604 1467 2676 ὑπάρχειν
1490 2607 1557 2676 τῇ
1587 2602 1912 2657 ὑποστάσει·

336 2699 536 2771 ῐδωμεν
563 2699 620 2753 δὲ
646 2700 741 2754 καὶ
770 2700 864 2754 ἐπὶ
889 2698 1331 2770 παραδείγματος
1354 2698 1416 2751 τὸ
1436 2696 1578 2751 κατά
1599 2696 1690 2751 τὸν
1711 2694 1918 2749 Δεσπό-

331 2808 433 2861 την
462 2791 619 2863 ἡμῶν
646 2791 883 2862 Χριστὸν
911 2790 1105 2855 οὕτως·
1144 2791 1194 2844 εί
1218 2790 1595 2862 γὰρἈϐραάμ
1617 2789 1713 2843 καὶ
1727 2787 1917 2842 Ἰσαὰκ

334 2884 431 2938 καὶ
468 2883 666 2938 Ἰακὼϐ
703 2884 842 2956 μετὰ
871 2883 970 2953 τὴν
1000 2882 1215 2937 ἐνθένδε
1244 2881 1567 2945 ἀποὸίωσιν,
1603 2880 1704 2951 ἤδη
1731 2879 1917 2933 λοιπὸν

334 2974 413 3045 τῷ
451 2975 555 3045 τῆς
583 2975 886 3039 ἀθανασίας
916 2974 1186 3047 ὁρίζονται
1232 2973 1378 3043 λόγῳ
1397 3012 1413 3037 ,
1450 2972 1589 3045 πρὸς
1620 2972 1681 3025 τὸ
1716 2972 1917 3041 μᾶλλον

335 3068 474 3130 ζῶον
496 3067 713 3136 λογικὸν
734 3067 1001 3122 ἀθάνατον
1023 3066 1255 3128 ἕκαστος
1274 3064 1450 3134 τούτῳ
1472 3062 1550 3117 ὢν
1564 3062 1673 3117 τῶν
1687 3062 1914 3116 λοιπῶν·

337 3159 534 3232 Ἰωσὴφ
559 3160 616 3213 δὲ
647 3155 729 3223 είς
754 3160 938 3223 αὑτοῖς
964 3158 1041 3213 ῶν
1071 3158 1212 3213 κατὰ
1242 3159 1341 3229 τὴν
1367 3156 1530 3229 φύσιν
1547 3197 1564 3224 ,
1597 3156 1692 3211 καὶ
1719 3154 1914 3228 ὁμοού-

2673 1139 2826 1196 CAP.
2855 1140 2921 1196 Π.

2081 1230 2139 1287 Si
2174 1231 2522 1287 sanctissima
2565 1231 2809 1287 Trinitas
2835 1233 2907 1286 sit
2936 1232 3313 1302 impassibilis,
3344 1233 3599 1291 Christus

2009 1338 2144 1378 vero
2162 1323 2461 1394 passibilis,
2486 1339 2636 1378 unus
2660 1334 2844 1378 autem
2886 1323 2959 1378 sit
2985 1323 3240 1379 Christus
3265 1325 3333 1380 de
3365 1327 3601 1380 sanctis-

2010 1414 2152 1470 sima
2178 1414 2484 1479 Trinitate;
2525 1415 2613 1469 vel
2656 1414 3003 1469 sanctissima
3028 1414 3271 1469 Trinitas
3299 1424 3383 1469 est
3420 1417 3596 1484 passi-

2010 1506 2161 1570 bilis,
2194 1505 2280 1560 vel
2306 1504 2560 1559 Christus
2598 1520 2707 1559 non
2734 1513 2819 1558 est
2848 1522 2980 1559 unus
3014 1506 3078 1558 de
3102 1507 3437 1560 sanctissima
3478 1507 3597 1560 Tri—

2010 1599 2201 1653 nitate.
2234 1597 2392 1664 Quod
2416 1597 2461 1651 si
2488 1596 2816 1652 addideritis
2854 1615 2867 1651 :
2910 1598 3110 1652 Passus
3138 1609 3224 1654 est
3264 1614 3465 1666 carne;
3502 1600 3596 1654 tali

2009 1692 2095 1746 vel
2128 1690 2221 1746 tali
2258 1690 2422 1745 modo
2451 1689 2564 1760 pati
2609 1705 2721 1744 non
2770 1689 2915 1746 tollit
2963 1691 3235 1745 rationem
3282 1691 3596 1761 passionis:

2010 1781 2154 1838 sicut
2185 1782 2231 1836 si
2270 1782 2396 1851 quis
2425 1780 2573 1836 dicat
2593 1780 2835 1852 aliquem
2870 1782 3057 1837 taliter
3091 1781 3420 1837 suﬁ‘oeatum
3446 1798 3595 1847 esse,

2013 1887 2124 1927 non
2179 1871 2305 1928 ideo
2339 1872 2602 1927 immunis
2630 1880 2717 1927 est
2771 1872 3044 1942 passionis
3081 1874 3168 1927 vel
3222 1873 3600 1929 suﬂoeationis

2016 1964 2107 2018 ille
2135 1962 2203 2019 de
2247 1978 2357 2034 quo
2390 1963 2655 2033 loquitur.
2702 1963 2772 2018 At
2816 1962 3069 2020 Christus
3098 1980 3207 2019 non
3240 1965 3418 2020 solum
3456 1980 3600 2020 unus

2014 2064 2098 2111 est
2121 2056 2190 2110 de
2206 2055 2555 2110 sanctissima
2591 2055 2884 2121 Trinitate,
2917 2056 3011 2111 sed
3044 2066 3100 2111 et
3123 2072 3268 2111 unus
3294 2056 3360 2111 de
3398 2057 3599 2113 huma-

2015 2149 2212 2214 nitate,
2242 2148 2297 2202 in
2326 2164 2437 2203 una
2476 2156 2533 2203 et
2567 2148 2760 2203 eadem
2795 2164 3051 2219 persona.
3082 2149 3300 2203 Etenim
3352 2148 3597 2205 Verbum

2014 2240 2261 2295 divinum
2294 2239 2505 2311 aliquid
2536 2249 2747 2295 natura:
2775 2256 2890 2296 sua:
2920 2240 3286 2311 superﬂuum,
3322 2242 3535 2297 scilicet
3563 2258 3597 2298 a

2014 2346 2074 2386 se
2121 2317 2368 2386 creatum
2412 2332 2465 2386 in
2497 2347 2654 2386 suam
2697 2331 2871 2403 ipsius
2922 2347 3213 2403 personam
3256 2334 3597 2405 assumpsit;

2014 2424 2163 2494 quod
2188 2434 2371 2479 autem
2400 2434 2744 2495 assumptum
2774 2432 2880 2491 est,
2913 2440 3023 2478 non
3047 2436 3391 2495 assumptum
3426 2436 3511 2481 est
3536 2435 3599 2481 ut

2016 2508 2273 2585 persona,
2305 2517 2404 2572 sed
2444 2526 2506 2572 ut
2534 2526 2750 2582 natura,
2800 2528 3014 2573 naturae
3049 2517 3215 2573 Verbi
3272 2518 3328 2572 in
3374 2518 3599 2589 propria

2015 2605 2193 2675 ipsius
2230 2621 2466 2674 persona
2493 2607 2836 2677 hypostatice
2880 2609 3175 2679 conjuncta
3210 2608 3600 2665 :demonstra-

2018 2708 2133 2755 tum
2161 2699 2311 2754 enim
2339 2708 2425 2754 est
2445 2698 2784 2754 sufﬁcienter
2810 2716 2913 2770 pro
2942 2701 3082 2765 loco,
3113 2716 3275 2771 quam
3299 2702 3599 2773 saepissime

2018 2790 2135 2847 ﬁeri
2194 2791 2398 2862 potuit,
2450 2792 2642 2861 plures
2695 2800 2925 2846 naturas
2979 2793 3034 2846 in
3085 2794 3245 2848 unica
3293 2794 3600 2850 subsistere

2016 2892 2234 2937 natura.
2274 2882 2537 2952 Exemplo
2563 2881 2933 2937 dilueidemus
2955 2883 3101 2952 quod
3138 2886 3451 2953 spectatad
3494 2886 3604 2939 Do-

2018 2975 2230 3029 minum
2300 2981 2549 3027 nostrum
2605 2973 2793 3027 Jesum
2846 2972 3151 3029 Christum.
3184 2973 3240 3029 Si
3289 2976 3600 3039 Abraham,

2018 3065 2168 3122 Isaac
2189 3074 2247 3120 et
2271 3064 2475 3131 Jacob,
2511 3073 2803 3135 postquam
2838 3066 3047 3136 egressi
3073 3076 3202 3121 sunt
3239 3082 3304 3120 ex
3337 3067 3440 3123 hac
3468 3069 3600 3135 vita,

2014 3159 2128 3231 jam
2187 3158 2454 3229 deinceps
2516 3158 2736 3213 ratione
2780 3158 3211 3214 immortalitatis
3261 3159 3605 3217 deﬁniuntur

338 3270 455 3317 σιος
498 3252 745 3323 ἀληθῶς,
785 3252 867 3307 ἔτι
895 3252 951 3305 δὲ
979 3253 1166 3327 ἄρχων
1196 3250 1473 3320 Αἰγύπτου
1503 3250 1598 3304 καὶ
1623 3248 1734 3315 ζῶν
1768 3248 1910 3304 κατά

2021 3252 2171 3319 (cum
2202 3250 2581 3321 unusquisque
2604 3265 2795 3305 eorum
2821 3249 2927 3305 hoc
2953 3252 3126 3322 magis
3163 3252 3236 3306 sit
3271 3253 3473 3308 animal
3511 3270 3605 3309 ra-

338 3348 541 3417 σάρκα,
582 3348 633 3399 εἰ
664 3345 857 3417 θνητὸς
886 3342 1145 3416 ὁρίζοιτο,
1170 3344 1248 3409 ὡς
1273 3347 1411 3415 πρὸς
1435 3343 1528 3398 τὸν
1553 3341 1648 3397 νῦν
1673 3342 1787 3413 βίον
1813 3343 1911 3414 ζῇν

2022 3345 2226 3401 tionale
2277 3344 2586 3399 immortale
2637 3360 2802 3414 quam
2871 3344 3110 3413 caeteri);
3158 3345 3361 3416 Joseph
3415 3356 3601 3402 autem

338 3439 419 3493 ἔτι
454 3438 593 3509 μετὰ
623 3438 826 3509 σαρκὸς
857 3437 1105 3508 φθαρτῆς
1136 3436 1456 3508 νοούμενος,
1490 3436 1599 3507 ἀρα
1626 3453 1691 3505 γε
1724 3434 1916 3489 κάκεί-

338 3548 469 3596 νους
511 3530 635 3585 καθ’
681 3530 827 3600 ὑμᾶς
876 3528 1106 3600 θνητοὺς
1137 3529 1218 3582 ἔτι
1245 3527 1527 3599 ὁρίζεσθαι
1559 3527 1656 3581 καὶ
1679 3526 1760 3591 δὶς
1787 3526 1916 3597 θνή-

340 3639 492 3676 σκειν
511 3663 527 3687 ,
582 3621 671 3674 ἵνα
723 3620 798 3691 μὴ
824 3619 1026 3690 ψευδὴς
1052 3619 1136 3689 εἴη
1164 3619 1288 3689 ὄρος
1324 3617 1519 3689 Ἰωσὴφ
1540 3658 1555 3681 ,
1586 3618 1882 3685 ἀναγκαῖον
1902 3631 1915 3646 ·

340 3716 374 3786 ἢ
401 3716 494 3767 καὶ
523 3713 617 3767 τὸν
650 3712 847 3784 Ἰωσὴφ
878 3711 1147 3765 ἀθάνατον
1172 3705 1331 3774 εἶναι,
1363 3710 1459 3763 καὶ
1485 3708 1592 3779 πρὸ
1616 3707 1716 3779 τῆς
1740 3707 1919 3762 ἐνθέν-

340 3807 397 3860 δε
450 3803 842 3870 ἀποσιώσεως,
899 3802 1075 3867 οὕτως
1125 3800 1433 3873 ὁρίζεσθαι,
1485 3801 1574 3854 ἵνα
1614 3800 1689 3871 μὴ
1723 3800 1918 3853 ἐκεῖνοι

341 3898 555 3968 ψευδῶς
583 3897 825 3966 λέγοιντο
854 3896 1134 3950 ἀθάνατοι·
1172 3894 1220 3947 εἰ
1248 3893 1306 3947 δὲ
1334 3891 1508 3945 ταῦτα
1535 3892 1732 3953 ἄτοπα,
1760 3891 1920 3963 δῆλον

342 3991 418 4055 ὡς
467 3989 683 4061 ἀληθῶς
732 3990 844 4053 τοῖς
887 4006 950 4041 τε
996 3986 1285 4049 ἀθανάτοις
1315 3987 1459 4039 κατά
1486 3983 1546 4036 τὸ
1574 3984 1683 4037 πᾶν
1711 3983 1920 4038 ἑαυτῶν

342 4084 658 4153 νοουμένοις
703 4080 1016 4152 προσώποις
1058 4078 1343 4150 ὁμοοὺσιος
1379 4078 1408 4130 ὁ
1446 4077 1645 4149 Ἰωσήφ
1676 4079 1793 4130 ἐστι
1825 4076 1920 4129 καὶ

344 4174 450 4245 πρὸ
508 4174 608 4244 τῆς
654 4173 968 4237 ἀποθέσεως
1020 4170 1120 4241 τῆς
1168 4168 1405 4240 σαρκὸς,
1452 4167 1574 4222 κατ’
1602 4169 1780 4221 ἐκεῖνο
1811 4167 1920 4220 τῶν

344 4265 576 4333 ἑαυτοῦ,
625 4265 748 4321 καθ’
792 4265 820 4320 ὃ
869 4266 930 4319 οὑ
977 4262 1292 4334 τεθνήξεται
1345 4261 1586 4325 πώποτε,
1621 4260 1790 4331 ἤγουν
1822 4258 1920 4331 τὴν

344 4359 543 4429 ψυχήν·
585 4357 781 4429 θνητός
808 4373 866 4410 τε
897 4356 993 4410 καὶ
1019 4356 1131 4418 τοίς
1155 4353 1369 4425 θνητοῖς
1401 4350 1754 4424 συναρίθμιός
1779 4351 1918 4412 ὲστι,

345 4451 480 4505 καθὸ
513 4450 574 4506 τὸ
608 4450 868 4521 περισσὸν
901 4446 1065 4502 αὑτοῦ
1112 4447 1253 4509 τέως
1299 4445 1436 4517 πρὸς
1481 4444 1610 4506 τοὺς
1648 4442 1791 4499 κατά
1820 4442 1920 4512 τὴν

344 4541 643 4597 ἀθανασίαν
670 4542 990 4613 ὁμοουσίους
1015 4538 1185 4611 αὐτῷ,
1211 4539 1379 4609 ἣγουν
1405 4536 1464 4589 τὸ
1488 4534 1646 4605 σῶμα
1669 4533 1697 4586 6
1724 4534 1921 4601 ἐπεφέ-

2020 3452 2184 3490 unam
2213 3445 2271 3491 et
2324 3435 2575 3490 eamdem
2607 3434 2818 3490 habens
2842 3450 2966 3490 cum
2996 3436 3104 3492 illis
3132 3447 3385 3491 naturam
3412 3438 3604 3508 eisque

2018 3543 2150 3582 vere
2181 3524 2693 3591 consubstantialis,
2717 3524 2901 3578 adhuc
2922 3539 3054 3578 vero
3079 3540 3279 3594 przeses
3312 3524 3518 3597 Egypti
3547 3536 3607 3582 et

2017 3618 2208 3673 vivens
2230 3618 2287 3671 in
2317 3632 2504 3680 carne,
2538 3615 2583 3671 si
2619 3616 2867 3670 mortalis
2892 3615 3240 3683 deﬁniretur,
3284 3628 3340 3671 et
3368 3617 3606 3674 habere-

2019 3719 2110 3764 tur
2135 3716 2196 3763 ut
2219 3709 2413 3763 vivens
2445 3707 2626 3763 adhuc
2660 3706 2826 3762 vitam
2854 3706 2999 3761 hanc
3036 3717 3275 3762 nostram
3302 3724 3318 3761 :
3350 3724 3480 3762 num
3508 3707 3613 3780 igi-

2020 3809 2130 3864 tur,
2173 3802 2328 3871 juxta
2357 3815 2475 3865 vos,
2502 3814 2729 3854 necesse
2759 3806 2865 3862 est,
2897 3797 2979 3853 vel
3018 3798 3142 3852 illos
3175 3796 3357 3852 adhuc
3380 3798 3603 3853 deliniri

2018 3893 2275 3947 mortales
2296 3904 2352 3945 et
2383 3891 2469 3946 bis
2521 3888 2682 3953 mori,
2710 3905 2779 3944 ne
2813 3888 2946 3944 falsa
2967 3889 3041 3944 sit
3064 3890 3287 3959 Josephi
3330 3890 3604 3957 deﬁnitio,

2022 3984 2109 4039 vel
2139 3983 2444 4053 Josephum
2473 3997 2593 4037 esse
2644 3980 3009 4036 immortalem
3048 3989 3106 4036 et
3154 3989 3282 4035 ante
3322 3998 3604 4053 egressum

2018 4093 2085 4132 ex
2130 4076 2233 4130 hac
2279 4075 2390 4129 vita
2419 4076 2500 4129 sic
2536 4072 2779 4137 deﬁniri,
2828 4088 2899 4127 ne
2939 4072 3015 4126 illi
3053 4072 3189 4127 falso
3211 4072 3466 4128 dicantur
3498 4074 3606 4129 im-

2020 4167 2323 4224 mortales?
2352 4166 2508 4234 Quod
2535 4166 2580 4220 si
2618 4166 2724 4221 hoc
2752 4174 2839 4221 est
2865 4164 3193 4231 absurdum,
3221 4165 3515 4236 Iosephus,
3547 4177 3607 4223 ut

2019 4275 2190 4339 patet,
2225 4266 2482 4337 personis
2512 4265 2621 4321 illis
2664 4281 2787 4336 qua:
2822 4264 3127 4320 secundum
3167 4268 3351 4321 omnia
3395 4282 3492 4321 sua
3520 4277 3603 4322 at-

2020 4358 2227 4414 tributa
2284 4366 2616 4427 reputantur
2667 4357 3024 4422 immortales,
3071 4372 3200 4412 vere
3233 4366 3319 4413 est
3361 4360 3606 4414 consub-

2018 4449 2293 4505 stantialis
2321 4448 2628 4518 respective
2654 4447 2721 4501 ad
2753 4448 2894 4501 hanc
2933 4448 3017 4501 sui
3054 4447 3229 4516 ipsius
3254 4458 3464 4517 partem
3494 4466 3602 4521 qua

2019 4556 2301 4610 nunquam
2337 4540 2629 4604 morietur,
2672 4538 2722 4592 id
2747 4549 2851 4603 est,
2878 4538 3184 4606 respective
3210 4540 3276 4593 ad
3300 4555 3452 4594 suam
3485 4542 3607 4597 ani-

350 4646 493 4704 ρετο·
528 4632 703 4696 οὕτως
732 4632 825 4685 οὑν
857 4632 952 4685 καὶ
980 4633 1141 4701 ἡμεῖς
1170 4628 1353 4699 σαρκὶ,
1387 4627 1481 4681 καὶ
1504 4626 1563 4677 οὑ
1591 4627 1659 4695 τῇ
1682 4622 1915 4692 θεότητι,

2026 4647 2201 4698 mam;
2234 4631 2482 4685 mortalis
2514 4645 2646 4684 vero
2678 4637 2762 4683 est
2795 4636 2851 4684 et
2879 4629 3206 4683 mortalibus
3232 4645 3603 4689 annumeran-

349 4725 594 4795 παθητόν
619 4741 803 4795 φαμεν
825 4724 917 4777 τὸν
943 4725 1007 4777 ἐκ
1032 4721 1233 4793 σαρκὸς
1261 4720 1354 4773 καὶ
1378 4717 1632 4786 θεότητος
1658 4713 1917 4788 Χριστόν·

350 4816 536 4888 ἐπειδὴ
565 4815 623 4869 δὲ
654 4815 841 4883 λέγετε
868 4815 929 4869 τὸ
954 4813 1133 4883 σαρκί
1159 4813 1316 4882 μόνον
1344 4809 1599 4879 διάφορον
1626 4805 1804 4861 αἰτίαν
1827 4806 1922 4858 καὶ⁹

348 4910 551 4979 τρόπον
583 4908 870 4979 σημαίνειν
904 4905 999 4959 τοὺ
1034 4902 1441 4976 συμὸεϐηκότος
1470 4900 1549 4971 τῷ
1576 4897 1922 4969 ὑποκειμένῳ

350 5000 583 5070 Χριστῷ
611 5000 1101 5071 κατηγορήματος,
1134 4997 1310 5050 εἶτουν
1340 4992 1436 5048 τοῦ
1465 4991 1788 5063 παθήματος
1809 5006 1823 5021 ·
1858 4988 1920 5042 οὑ

355 5094 538 5165 μέντοι
584 5093 661 5157 ὡς
708 5093 788 5155 είς
822 5108 945 5145 τινα
990 5089 1102 5142 τῶν
1144 5086 1321 5141 οὐσῶν
1364 5085 1634 5156 διαφόρων
1676 5083 1734 5135 ὲν
1774 5080 1922 5151 αὑτῴ

352 5186 548 5240 οὐσιῶν
582 5183 822 5256 μερικῶς
856 5183 953 5254 τῆς
984 5180 1153 5251 αὑτῆς
1185 5177 1537 5241 ὑποστάσεως
1571 5173 1733 5228 αὑτοῦ
1765 5172 1925 5226 τοῦτο

354 5278 683 5348 πεισομένης
709 5274 985 5345 λέγεσθαι,
1016 5271 1160 5326 καθά
1183 5272 1345 5342 ἡμεῖς
1373 5269 1696 5341 νομίζομεν·
1730 5264 1924 5319 οὑκοῦν

354 5371 652 5438 ἀναγκαῖον
684 5369 830 5439 ἡμᾶς
878 5365 1020 5419 κατά
1055 5364 1147 5417 τὸν
1190 5361 1460 5432 ἡμέτερον
1485 5360 1643 5428 λόγον
1671 5361 1765 5412 καὶ
1791 5358 1926 5421 εἴτις

354 5462 501 5532 λέγει
548 5462 639 5514 τὸν
678 5461 773 5514 ἕνα
802 5458 1087 5530 ἄνθρωπον
1133 5453 1409 5527 τμηθῆναι
1445 5452 1640 5523 σαρκὶ,
1675 5452 1793 5523 ἅμα
1826 5450 1925 5522 μὲν

357 5558 421 5626 τῇ
450 5555 597 5624 ψυχῇ
632 5552 812 5605 πάντα
838 5548 1176 5622 διαιρεθῆναι
1210 5545 1398 5599 τοῦτον
1428 5544 1517 5598 ἀεὶ
1544 5546 1686 5597 νοεῖν
1710 5560 1724 5573 ·
1767 5543 1926 5614 μόνον

354 5646 414 5702 δὲ
447 5644 606 5698 τοῦτο
638 5641 1010 5712 φαντάζεσθαι
1050 5641 1177 5713 περὶ
1210 5638 1304 5692 τοῦ
1340 5637 1622 5707 λεχθέντος
1642 5652 1656 5665 ·
1713 5638 1797 5690 ὅτι
1829 5636 1927 5706 οὑχ

360 5738 465 5793 ὑπὸ
508 5738 695 5807 ξίφους
743 5736 904 5806 τυχὸν
955 5736 986 5804 ἢ
1030 5734 1221 5800 λίθου,
1257 5732 1372 5787 ἀλλ’
1404 5730 1509 5784 ὑπὸ
1543 5730 1796 5800 σαρκδςὸ
1820 5728 1929 5782 ἀν-

362 5831 578 5900 θρωπος
626 5826 746 5889 ὅλος
792 5826 1057 5897 τέτμηται
1104 5824 1247 5895 ψυχῇ
1290 5839 1350 5875 τε
1398 5819 1492 5875 καὶ
1533 5818 1745 5890 σώματι
1785 5817 1925 5872 διαιο

366 5919 540 5990 ρεθεὶς
573 5916 661 5974 διὰ
688 5916 838 5971 τοῦδε
868 5915 962 5969 τοὺ
992 5916 1064 5979 ὡς
1094 5912 1360 5986 τμητικοὺ
1386 5910 1620 5982 ὀργάνου
1647 5928 1660 5943 ·
1698 5908 1924 5966 ἀκολού-

2022 4720 2124 4774 dus
2152 4719 2456 4789 respective
2487 4719 2554 4773 ad
2595 4718 2729 4772 illud
2754 4734 2864 4789 quo
2896 4718 3187 4789 superﬂuit
3227 4729 3459 4777 eceteros
3488 4723 3605 4779 sibi

2022 4810 2235 4865 ratione
2290 4809 2720 4864 immortalitatis
2773 4810 3313 4877 consubstantiales,
3372 4811 3423 4867 id
3480 4824 3610 4881 est,

2024 4902 2325 4972 respective
2369 4901 2437 4955 ad
2492 4917 2694 4971 corpus
2732 4901 2833 4971 ipsi
2881 4901 3155 4958 additum.
3198 4903 3289 4959 Sic
3341 4905 3509 4976 igitur
3545 4918 3612 4964 et

2024 5007 2125 5047 nos
2156 5006 2348 5055 carne,
2404 5006 2515 5045 non
2559 4990 2848 5045 divinitate
2877 4990 3267 5061 impassibilem
3312 5010 3435 5050 esse
3460 4996 3602 5052 diei-

2025 5099 2146 5138 mus
2175 5083 2575 5137 eoalescentem
2603 5098 2669 5138 ex
2699 5083 2989 5137 divinitate
3026 5092 3082 5137 et
3104 5100 3266 5138 carne
3298 5084 3611 5144 Christum.

2026 5175 2219 5230 Dicitis
2256 5174 2439 5229 adhue
2492 5190 2685 5229 vocem
2734 5191 2895 5227 carne
2927 5174 3062 5228 nihil
3105 5174 3254 5230 aliud
3287 5175 3610 5247 signiﬁcare

2026 5279 2191 5333 quam
2226 5263 2585 5333 principalem
2614 5278 2838 5317 causam
2874 5273 2930 5318 et
2977 5263 3202 5317 modum
3250 5267 3504 5323 attributi
3535 5270 3614 5325 de

2026 5354 2276 5423 subjecto
2306 5352 2542 5407 Christus
2583 5352 2887 5421 praedicati,
2916 5352 3123 5406 scilicet
3167 5354 3452 5423 passionis.
3493 5373 3614 5413 non

2003 5455 2212 5500 autem
2245 5446 2559 5514 exprimere
2586 5444 2821 5513 aliquam
2849 5444 3193 5499 diversarum
3222 5447 3353 5516 ejus~
3379 5459 3614 5504 natura»

2028 5556 2150 5595 rum
2204 5540 2628 5611 partieipantem
2674 5535 2767 5590 uni
2825 5545 2882 5591 et
2906 5536 3089 5591 eidem
3136 5537 3310 5607 ipsius
3356 5554 3614 5608 persona:

2029 5633 2146 5687 haec
2191 5646 2468 5702 passuraa,
2507 5627 2970 5700 quemadmodum
3019 5643 3119 5683 nos
3149 5626 3419 5682 sentimus
3455 5643 3469 5679 :
3508 5641 3612 5681 ne-

2030 5739 2183 5779 cesse
2226 5722 2393 5793 igitur
2424 5736 2544 5775 esse
2598 5730 2654 5774 ut
2696 5734 2829 5783 nos,
2861 5720 3017 5790 juxta
3046 5727 3292 5773 nostram
3338 5717 3609 5787 loquendi

2030 5815 2317 5874 rationem,
2348 5813 2399 5867 si
2430 5812 2555 5882 quis
2574 5811 2723 5865 dicat
2752 5827 2923 5865 unum
2955 5809 3234 5863 hominem
3261 5818 3612 5864 sectumesse

2032 5920 2197 5962 carne
2219 5944 2241 5971 ,
2271 5904 2437 5959 simul
2481 5912 2538 5958 et
2566 5903 2748 5958 anima
2776 5903 2924 5957 hunc
2962 5910 3137 5956 totum
3170 5914 3292 5956 esse
3314 5898 3614 5955 discissum
