4006 6534
468 463 607 530 1763

1760 449 2073 514 LEONTII
2110 441 2518 507 ΒΥΖΛΝΤΙΝῙ

3609 435 3752 502 I765

462 593 684 650 semper
724 575 1093 642 arbitremur;
1120 591 1189 632 ex
1219 545 1423 630 verbis.
1447 581 1632 628 autem
1677 566 1960 641 praedictis
1989 563 2045 620 id

2165 560 2259 623 Ιως
2300 557 2360 612 δὲ
2399 555 2589 610 τοῦτον
2623 551 2914 625 ψιλοῦσθαί
2943 569 3004 607 τε
3039 551 3138 608 καὶ
3162 552 3479 620 ίλκοῦσθαι,
3516 558 3621 609 καὶ
3652 558 3756 610 δά-

461 688 635 728 unum
659 679 831 744 patet,
859 685 1059 740 nempe
1082 685 1192 725 non
1225 684 1326 738 per
1351 665 1594 738 giudium
1621 662 1788 725 forte,
1817 675 1922 715 nec
1949 673 2048 730 per

461 764 724 835 lapidem,
747 763 842 818 sed
873 778 973 833 per
1003 775 1229 816 carnem
1268 768 1448 815 totum
1496 765 1710 816 sectum
1740 767 1864 809 esse
1892 750 2050 806 illum

460 859 770 924 hominem,
826 857 1118 926 animaque
1173 863 1243 913 et,
1273 869 1508 925 corpore
1555 851 1900 920 discerptum
1949 859 2051 916 per

463 951 600 1007 illud
625 951 782 1022 quasi
814 950 1097 1004 dissecans
1121 947 1578 1004 instrumentum.
1607 940 1870 1005 Proinde,
1902 939 2053 992 hunc

463 1045 746 1099 hominem
780 1041 1038 1104 tonderi,
1089 1039 1329 1109 discerpi
1366 1046 1423 1093 et
1454 1034 1688 1092 lacerari
1738 1031 2050 1095 audientes,

461 1136 731 1208 putabitis
761 1135 909 1190 istud
941 1134 1023 1188 illi
1067 1131 1280 1187 homini
1313 1133 1368 1186 in
1397 1141 1631 1200 utraque
1673 1125 1849 1197 ipsius
1871 1130 2051 1194 parte,

463 1229 520 1284 id
551 1237 656 1296 est,
687 1239 803 1285 tum
839 1227 896 1282 in
927 1241 1183 1298 corpore,
1216 1235 1331 1280 tum
1368 1225 1426 1278 in
1457 1223 1642 1278 anima
1669 1218 1966 1284 accidisse,
1995 1223 2054 1270 et

463 1321 688 1391 quidem
729 1336 824 1390 per
843 1335 1060 1374 carnem
1079 1317 1237 1388 quasi
1263 1316 1375 1372 vim
1402 1314 1707 1370 tonsoriam
1729 1311 2051 1366 habentem.

465 1415 740 1496 Praeterea
767 1410 838 1466 de
865 1411 935 1465 iis
965 1410 1082 1482 qui,
1117 1411 1249 1464 licet
1271 1425 1301 1464 a
1322 1408 1573 1464 cruciatu
1606 1405 1771 1461 liberi
1795 1411 2051 1473 respectu

465 1504 671 1568 carnis,
699 1502 908 1574 aliquid
941 1511 1124 1557 tamen
1145 1501 1454 1573 patiuntur,
1484 1499 1530 1554 si
1563 1499 1883 1554 diceremus
1906 1495 2056 1549 hunc

465 1597 551 1652 vel
595 1596 747 1651 illum
768 1595 1161 1666 impassibilem
1190 1594 1519 1650 remansisse
1547 1607 1715 1649 carne
1737 1591 1866 1661 (hoc
1889 1588 2058 1661 signi-

467 1689 667 1744 ﬁcante
705 1704 798 1743 aer
825 1687 1091 1756 carnem),
1119 1685 1376 1742 similiter
1406 1685 1512 1741 dici
1538 1686 1694 1757 juxta
1724 1699 1823 1738 vos
1853 1680 2058 1752 poterit

467 1780 825 1852 impassihilis
860 1789 1116 1850 respectu
1149 1777 1347 1834 animae
1366 1794 1461 1849 per
1485 1793 1704 1832 carnem
1739 1793 1759 1832 :
1792 1776 1871 1830 illi
1906 1774 2056 1830 enim

467 1882 594 1942 post
614 1886 839 1928 carnem
865 1871 1005 1927 nihil
1033 1868 1186 1926 aliud
1218 1885 1387 1940 quam
1422 1869 1604 1924 anima
1643 1876 1919 1939 superest.
1947 1867 2056 1920 Ista

465 1965 693 2036 quidem
731 1966 922 2036 ecquis
951 1965 1155 2020 stultus
1202 1978 1316 2019 non
1359 1961 1731 2034 intelligeret?
1755 1959 1899 2031 Ergo
1935 1959 2054 2014 evi-

469 2056 669 2112 denter
701 2064 854 2126 patet
882 2070 1075 2110 vocem
1108 2070 1274 2108 carne
1294 2070 1406 2109 non
1435 2068 1540 2124 pre
1561 2054 1935 2108 instrumento
1956 2049 2052 2104 do-

469 2147 682 2204 lorilico
727 2147 861 2213 dici,
903 2161 1008 2202 nec
1060 2161 1159 2217 pro
1204 2153 1361 2216 parte
1417 2145 1516 2200 Dei
1554 2142 1722 2199 Verbi
1765 2143 1822 2197 in
1873 2141 2061 2212 seipse

467 2238 828 2305 considerati,
863 2236 1088 2310 quando
1103 2236 1310 2292 dicitur
1338 2253 1352 2290 :
1379 2234 1625 2291 Verbum
1660 2233 1910 2288 divinum
1936 2247 2064 2302 pas-

469 2351 595 2391 sum
630 2343 716 2389 est
748 2347 948 2397 carne;
974 2332 1120 2386 sicut
1148 2329 1386 2385 dicimus
1414 2346 1429 2383 :
1455 2328 1558 2384 Hic
1587 2328 1677 2384 vel
1711 2327 1802 2382 ille
1837 2323 2063 2396 impegit

2149 649 2376 706 κνεσθαι
2426 647 2593 718 σαρκὶ
2638 646 2974 711 ἀκούσαντες
2999 685 3015 709 ,
3077 646 3368 719 ἄνθρωπον
3408 646 3537 702 κατ’
3575 649 3755 718 ἄμφω

2150 739 2406 813 νομίσετε
2431 779 2447 807 ,
2501 739 2672 810 ἧγουν
2721 736 2867 792 κατὰ
2906 736 3092 810 ψυχήν
3133 754 3194 792 τε
3242 738 3340 792 καὶ
3374 737 3541 808 σῶμα
3575 736 3758 791 ταῦτα

2156 831 2568 906 συμϐεϐηκέναι
2595 829 2677 902 τῷ
2698 827 3004 901 ἀνθρώπῳ,
3039 829 3178 884 ἀλλὰ
3204 829 3306 884 διὰ
3331 829 3568 898 σαρκὸς
3595 829 3759 898 ψιλό-

2152 929 2285 1000 θρου
2340 925 2576 996 δύναμιν
2626 922 2892 996 ἑκούσηςο
2953 920 3036 976 ἔτι
3087 920 3198 994 μὴν
3243 921 3338 975 ἐπὶ
3379 923 3490 975 τῶν
3520 919 3754 974 ἐλευθε-

2157 1023 2436 1097 ρουμένων
2483 1021 2550 1075 ἐκ
2595 1018 2834 1090 βασάνου
2866 1016 2968 1090 τὴν
3001 1016 3185 1087 σάρκα
3223 1015 3325 1070 καὶ
3354 1014 3644 1070 παθόντων
3679 1030 3754 1079 τι,

2153 1119 2204 1171 εἰ
2249 1115 2509 1187 λέγοιμεν
2559 1113 2642 1168 ὅτι
2687 1114 2720 1166 ό
2762 1112 2912 1166 δεῖνα
2960 1108 3181 1180 ἀπαθὴς
3219 1107 3403 1178 ῑμεινε
3448 1107 3624 1178 σαρκὶ
3651 1105 3756 1159 διὰ

2153 1208 2404 1278 σαρκὸς,
2442 1207 2536 1260 καὶ
2585 1203 2744 1259 τοῦδε
2770 1202 3018 1266 δοθέντος
3037 1241 3054 1268 ,
3091 1201 3296 1272 ὁμοίως
3325 1199 3592 1268 λέγεσθαι
3623 1197 3753 1252 καθ’

2153 1302 2300 1372 ὑμᾶς
2328 1299 2482 1354 ἔσται
2498 1298 2598 1368 τὴν
2622 1296 2806 1381 ψυχὴν
2826 1295 2918 1348 διὰ
2946 1294 3045 1365 τῆς
3069 1291 3301 1361 σαρκὸς
3315 1290 3561 1360 ἀπαθής
3594 1290 3756 1343 οὐδὲν

2154 1394 2265 1465 γάρ
2296 1391 2446 1463 αὐτῷ
2483 1391 2623 1463 μετὰ
2649 1389 2751 1458 τὴν
2775 1389 2956 1460 σάρκα
2979 1387 3170 1458 ἕτερον
3193 1384 3582 1440 ὑπολείπεται·
3621 1381 3755 1436 τοῦ·

2154 1502 2265 1540 των
2314 1485 2374 1539 δὲ
2426 1486 2580 1548 ποῖος
2623 1483 2817 1554 ἄφρων
2861 1480 3305 1551 άνεπαίσθητος;
3341 1475 3560 1532 οὐκοῦν
3594 1477 3759 1547 δῆλον

2157 1577 2234 1642 ὡς
2256 1577 2320 1631 τὸ
2341 1576 2544 1646 σαρκὶ,
2581 1574 2707 1630 οὔτε
2733 1575 2810 1640 ὡς
2835 1575 2901 1630 δι’
2924 1573 3162 1645 ὀργάνου
3187 1570 3489 1626 παθοποιοῦ
3506 1571 3754 1641 simul:

2158 1669 2284 1726 οὔτε
2317 1669 2427 1742 μὴν
2457 1666 2536 1733 ὥς
2564 1668 2732 1741 μέρος
2757 1666 2928 1739 οὔσης
2957 1665 3054 1721 τοῦ
3081 1665 3220 1720 Θεοῦ
3243 1665 3422 1734 Λόγου
3447 1664 3578 1718 καθ’
3590 1663 3759 1718 αὑτὸν

2160 1763 2455 1834 νοουμένου
2477 1763 2536 1816 ιν
2545 1760 2626 1832 τῷ
2644 1759 2919 1830 λέγεσθαι,
2939 1759 2998 1813 '0
3017 1758 3154 1823 Θεὸς
3173 1759 3348 1827 Λόγος
3368 1756 3542 1812 Ξπαθε
3561 1757 3757 1826 σαριίο

2160 1853 2350 1926 ὥσπερ
2389 1855 2571 1926 φαμὲν
2616 1855 2700 1909 ὅτι
2747 1855 2777 1908 ό
2815 1852 2962 1907 δεῖνα
3002 1851 3378 1922 προσέπταισε
3405 1849 3486 1922 τῷ
3511 1849 3682 1913 ποδὶ,
3721 1848 3758 1920 ἦ

2158 1946 2478 2019 ἱκρεμάσθη
2506 1949 2574 2019 τῇ
2603 1945 2778 2016 χειρί.
2811 1945 2922 2000 Καὶ
2949 1944 3204 2014 λέγοντες
3228 1942 3339 2014 γάρ
3365 1943 3458 1995 τὸν
3484 1940 3626 1994 Θεὸν
3649 1939 3762 1994 A6-

2157 2054 2287 2108 γον,
2334 2038 2572 2110 Χριστὸν
2601 2036 2835 2108 νοοῦμεν
2869 2036 3011 2106 μετὰ
3037 2033 3139 2106 τὴν
3165 2034 3364 2088 ῑνωσιν
3391 2033 3502 2086 τῶν
3530 2031 3759 2100 φύσεων

2158 2127 2264 2183 ἀεί’
2301 2127 2398 2183 καὶ
2426 2127 2504 2192 ὡς
2527 2128 2768 2201 Χριστοῦ
2801 2127 2968 2198 μέρος
2993 2125 3177 2198 φαμὲν
3201 2126 3302 2196 τὴν
3327 2125 3511 2196 σάρκα
3535 2121 3667 2177 καθ’
3688 2124 3758 2192 ἢν

2160 2219 2356 2274 παθεῖν
2385 2219 2486 2276 καὶ
2506 2220 2600 2274 τὸν
2624 2219 2761 2273 Θεὸν
2781 2219 2958 2286 Λόγον
2983 2217 3062 2282 ὡς
3086 2216 3322 2290 Χριστὸν
3346 2215 3606 2285 λέγομεν·
3644 2212 3759 2267 ὦσ-

2161 2326 2269 2381 περ
2302 2310 2400 2364 καὶ
2446 2309 2542 2364 uti.
2566 2308 2894 2382 ἀνθρώπου,
2933 2310 3010 2373 ὡς
3041 2309 3106 2362 ἐκ
3135 2308 3337 2380 μέρους
3369 2304 3556 2377 φαμὲν
3589 2304 3762 2359 ἀσθε-

472 2427 624 2498 pede,
659 2425 747 2480 vel
775 2438 1078 2495 suspensus
1112 2430 1198 2477 est
1215 2437 1402 2475 manu.
1434 2419 1692 2474 Dicentes
1715 2417 1865 2473 enim
1887 2418 2060 2472 Deum

2165 2405 2278 2456 νεῖν
2309 2402 2412 2474 μὲν
2441 2402 2642 2474 σαρκὶ,
2688 2399 2960 2471 ὑγιαίνειν
2985 2399 3046 2454 ιι
3077 2399 3294 2454 Παῦλον
3323 2397 3402 2468 τῷ
3431 2397 3756 2466 πνεύματι·

475 2489 740 2578 Verbum,
760 2489 1044 2568 Christum
1073 2525 1292 2582 semper
1326 2507 1743 2564 consideramus
1771 2507 1826 2562 in
1859 2507 2062 2564 unione

2165 2494 2260 2548 καὶ
2307 2497 2374 2566 τῇ
2423 2495 2590 2567 σαρκὶ
2641 2494 2743 2566 μὲν
2787 2492 3012 2548 ἀπεῖναι
3034 2507 3220 2557 τινων,
3255 2489 3336 2564 τῷ
3369 2490 3430 2546 ει
3464 2490 3760 2561 πνεύματι

474 2615 817 2670 naturarum,
866 2613 922 2660 et
968 2613 1229 2674 tanquam
1277 2611 1492 2672 partem
1539 2600 1747 2656 Christi
1791 2599 2062 2655 habemus

2166 2589 2266 2642 σὺν
2294 2587 2483 2653 αὐτοῖς
2508 2583 2651 2642 εἶναι
2672 2603 2689 2619 ο
2725 2587 2871 2642 οὕτω
2897 2585 3031 2656 γοῦν
3059 2585 3156 2640 καὶ
3182 2584 3505 2647 θεοκτόνους
3531 2584 3763 2654 venit”

473 2710 699 2752 carnem
743 2709 851 2766 qua
877 2708 1098 2764 passum
1144 2693 1266 2749 esse
1305 2693 1476 2747 Deum
1518 2691 1760 2746 Verbum
1791 2700 2062 2761 quatenus

2165 2681 2499 2746 Ἰουδαίους,
2557 2681 2656 2737 καὶ
2702 2680 2773 2736 τὰ
2819 2681 3016 2752 ὃμοια,
3076 2680 3153 2745 ὼς
3196 2677 3436 2750 Χριστοῦ
3466 2677 3630 2741 ϐντος
3659 2677 3763 2730 τοῦ

469 2785 757 2843 Christum
786 2786 1024 2841 dicimus
1055 2803 1070 2839 :
1102 2785 1249 2840 sicut
1271 2793 1328 2840 et
1355 2783 1641 2840 hominem
1673 2784 1832 2854 quasi
1863 2783 2062 2839 dividi-

2165 2773 2304 2828 Θεοῦ
2338 2773 2436 2828 καὶ
2461 2773 2656 2843 Λόγου.
2712 2772 2950 2845 Χριστοῦ
2977 2767 3072 2828 οὖν
3101 2773 3370 2835 παθόντος
3417 2773 3563 2842 ὑπὲρ
3595 2773 3762 2843 ἡμῶν

474 2893 618 2941 mus,
655 2876 893 2932 dicendo
916 2877 1145 2932 Paulum
1174 2875 1454 2930 inﬁrmum
1476 2873 1701 2946 quidem
1722 2889 1848 2930 esse
1875 2890 2062 2942 carne,

2169 2869 2336 2939 σαρκὶ
2358 2907 2375 2932 ,
2435 2869 2580 2922 κατὰ
2631 2867 2724 2921 τὸν
2768 2865 3071 2922 ἀπόστολον
3097 2865 3327 2938 Πέτρον,
3359 2863 3522 2935 δῆλον
3550 2864 3635 2928 ὡς
3663 2865 3762 2917 καὶ

472 2967 671 3037 spiritu
700 2977 886 3022 autem
917 2981 1136 3028 sanum,
1163 2973 1221 3020 et
1251 2980 1419 3020 carne
1450 2981 1481 3020 a
1501 2965 1832 3036 quibusdam
1869 2965 2062 3020 absen-

2167 2965 2300 3030 Θεὸς
2344 2967 2374 3021 ό
2415 2965 2620 3035 Λόγοςο
2655 2965 2755 3037 οὺχ
2781 2965 2858 3030 ὡς
2883 2963 2947 3019 τὸ
2975 2965 3176 3036 μέρος,
3211 2962 3326 3018 ἀλλ’
3357 2961 3434 3025 ὡς
3462 2963 3493 3015 ό
3519 2958 3760 3031 Χριστδς

476 3066 609 3121 tem,
667 3057 868 3128 spiritu
909 3072 1042 3112 vero
1092 3056 1147 3110 in
1175 3056 1245 3111 iis
1295 3065 1648 3126 praesentem.
1694 3058 1755 3112 in
1785 3072 1853 3113 eo
1897 3056 2062 3128 igitur

2167 3058 2381 3128 λέγοιτο
2423 3059 2620 3113 παθεῖν
2639 3073 2654 3089 ·
2695 3058 2792 3112 καὶ
2821 3056 2931 3128 γάρ
2973 3056 3102 3121 ὅλος
3132 3055 3256 3110 Ἰὼϐ
3283 3055 3506 3124 λέγεται
3533 3051 3758 3113 παθεῖν,

473 3166 644 3206 sensu
669 3149 889 3207 Judaeos
931 3163 1054 3204 esse
1107 3147 1354 3204 deicidas
1403 3148 1828 3219 intelligendum
1870 3155 1976 3214 est,
2011 3157 2062 3204 et

2167 3151 2268 3221 τῆς
2283 3151 2486 3224 σαρκὸς
2511 3150 2678 3205 αὑτοῦ
2697 3151 2866 3224 μόνης
2889 3148 3176 3221 παθούσης
3198 3164 3214 3180 ο
3239 3166 3260 3200 ι
3291 3149 3406 3218 Τῆς
3431 3145 3544 3216 γὰρ
3573 3143 3760 3215 ψυχῆς

475 3245 584 3300 alia
620 3243 842 3309 similia,
887 3242 1036 3316 quod
1067 3240 1324 3298 Christus
1370 3241 1444 3296 sit
1492 3243 1639 3296 Deus
1693 3250 1750 3298 et
1799 3242 2062 3298 Verbum.

2170 3243 2363 3312 αὑτοῦ,
2389 3264 2408 3297 ›
2429 3245 2574 3316 ’φησὶ⁸
2600 3243 2682 3316 τῷ
2703 3243 2958 3317 διαϐόλῳ,
2995 3262 3018 3298 t
3043 3243 3121 3316 μὴ
3152 3241 3286 3315 ἅψῃ,
3313 3259 3333 3292 ι
3367 3242 3398 3294 ό
3418 3238 3651 3309 Κύριος.

477 3339 666 3409 Itaque
708 3352 833 3393 eum
858 3334 1118 3391 Christus
1171 3351 1272 3406 pro
1310 3334 1474 3390 nobis
1510 3349 1710 3406 passus
1755 3335 1828 3390 sit
1877 3351 2067 3401 carne,
2103 3337 2259 3408 juxta
2289 3337 2600 3409 apostolum
2649 3338 2876 3395 Petrum
2922 3349 2973 3405 ιι,
3030 3345 3186 3409 patet
3219 3335 3464 3392 Verbum
3481 3333 3759 3390 divinum.

478 3445 590 3484 non
616 3435 894 3498 quatenus
916 3433 1126 3496 partem
1169 3424 1402 3492 Christi,
1449 3425 1547 3482 sed
1595 3436 1874 3496 quatenus
1904 3427 2212 3494 Christum,
2279 3429 2498 3486 dicatur
2525 3445 2650 3486 esse
2710 3446 2958 3502 passum.
3021 3431 3198 3486 Totus
3237 3429 3388 3485 enim
3416 3427 3524 3482 .lob
3553 3425 3761 3481 dicitur

483 3534 676 3592 passus
700 3533 844 3586 esse,
876 3517 1007 3574 licet
1032 3517 1147 3574 sola
1185 3518 1305 3588 ejus
1333 3517 1463 3574 caro
1485 3533 1642 3589 passa
1672 3518 1765 3585 sit,
1789 3519 1919 3590 quia
1941 3521 2063 3593 ejus
2098 3521 2336 3578 animam
2367 3538 2437 3580 ne
2460 3522 2718 3584 diabolus
2740 3533 2994 3597 tangeret
3015 3533 3272 3581 vetuerat
3294 3521 3580 3578 Dominus.

1133 3632 1286 3688 CAP.
1328 3633 1421 3689 lll.

2785 3641 3042 3697 ΚΕΦΔΛ.
3077 3641 3155 3697 I".

551 3725 653 3793 Qui
692 3726 942 3781 dicerent
967 3741 980 3779 :
1021 3723 1221 3780 Passus
1247 3735 1324 3780 est
1343 3742 1532 3792 carne,
1575 3743 1678 3798 pro
1707 3726 1796 3782 his
1824 3725 2012 3783 verbis
2043 3745 2060 3782 ι

2241 3729 2303 3783 Εἰ
2333 3729 2594 3808 φάσκοιεν
2617 3730 2680 3786 τὸ
2701 3731 2886 3786 ἔπαθε
2907 3729 3113 3800 σαρκί,
3141 3730 3264 3786 ἀντὶ
3289 3729 3385 3785 τοῦ
3411 3730 3514 3784 οὐκ
3539 3730 3631 3796 εις
3649 3728 3769 3795 τὴν

481 3820 601 3877 Non
628 3820 683 3874 in
708 3819 926 3891 propria
956 3826 1179 3884 natura,
1203 3817 1310 3874 sibi
1325 3817 1794 3875 contradicercnt.
1827 3818 1884 3876 Si
1914 3820 2062 3875 enim

2169 3825 2400 3878 οικείαν
2443 3824 2666 3898 οὐσίαν
2686 3863 2703 3890 ,
2743 3824 3003 3889 ἐναντίως
3037 3824 3251 3888 ἑαυτοῖς
3283 3823 3444 3878 τοῦτο
3470 3822 3764 3893 λέγουσιν’

484 3923 738 3968 naturam
786 3911 933 3968 illam
983 3913 1039 3966 in
1093 3927 1200 3982 qua
1255 3928 1452 3983 passus
1483 3920 1571 3968 est
1623 3913 1769 3970 Deus
1820 3913 2062 3970 Verbum

2171 3917 2220 3972 εί
2265 3918 2375 3989 γὰρ
2415 3917 2515 3990 τὴν
2555 3916 2745 3971 οὐσίαν
2787 3916 3002 3989 ἐκείνην
3051 3917 3187 3972 καθ’
3215 3917 3282 3988 ἦν
3333 3915 3540 3971 ἔπαθεν
3567 3917 3601 3970 ό
3631 3915 3769 3979 Θεὸς

481 4007 637 4078 juxta
665 4021 783 4072 eos,
832 4005 1114 4077 propriam
1167 4005 1342 4076 ipsius
1391 4021 1514 4063 esse
1540 4016 1743 4079 negant
1778 4006 1870 4078 (ne
1912 4007 2062 4063 illum

2173 4009 2348 4079 Λόγος
2398 4011 2519 4065 κατ’
2569 4010 2800 4074 αὐτοὺς,
2847 4010 2948 4064 οὐκ
2990 4009 3127 4065 ίδίαν
3161 4009 3327 4063 αὐτοῦ
3352 4009 3642 4078 λέγουσιν,
3675 4008 3770 4062 ῐνα

484 4109 741 4170 respectu
792 4108 1002 4155 natura:
1060 4099 1379 4170 passibilem
1439 4115 1562 4156 esse
1624 4100 2062 4172 conﬁteantur);

2177 4103 2255 4176 μὴ
2283 4102 2528 4176 παθητὸν
2553 4103 2676 4158 κατ’
2697 4103 2889 4157 οὐσίαν
2910 4101 3316 4175 ὁμολογήσωσι⁹
3344 4102 3406 4158 τὸ
3426 4101 3484 4156 δὲ
3513 4103 3590 4174 μὴ
3610 4101 3766 4167 ῑδιον,

486 4189 637 4260 quod
672 4196 856 4246 autem
889 4207 995 4245 non
1033 4200 1116 4246 est
1159 4191 1465 4262 proprium,
1494 4200 1578 4248 est
1603 4192 1874 4260 alienum;
1923 4189 2062 4264 quod

2175 4194 2460 4268 ἀλλότριον
2484 4213 2500 4229 ο
2551 4196 2614 4250 τὸ
2644 4195 2703 4250 δὲ
2733 4195 3018 4269 ἀλλότριον
3050 4195 3215 4251 ἄλλου
3245 4195 3392 4260 τινὸς
3423 4197 3558 4267 παρ’
3585 4199 3770 4250 ἐκεῖνο

486 4290 673 4338 autem
701 4281 967 4346 alienum,
1017 4281 1246 4337 alterius
1273 4291 1359 4337 est
1385 4299 1548 4353 quam
1587 4283 1738 4340 illius
1774 4285 1931 4355 cujus
1961 4299 2062 4339 nou

2175 4281 2237 4341 οὗ
2293 4288 2368 4360 μή
2413 4288 2565 4342 ἐστιν
2613 4287 2742 4342 ἴδιον
2767 4327 2782 4350 ,
2836 4288 2897 4341 οὒ
2933 4287 3097 4360 μόνον
3141 4287 3235 4342 δύο
3264 4287 3452 4351 οὐσίας
3485 4287 3768 4356 λέγουσιν,

486 4387 573 4433 est
600 4377 890 4449 proprium
919 4393 934 4430 :
965 4391 1099 4447 ergo
1125 4375 1204 4430 illi
1252 4391 1364 4430 non
1391 4376 1570 4430 solum
1603 4376 1743 4431 duas
1775 4376 2062 4431 admittunl

2177 4380 2316 4436 ἀλλὰ
2349 4381 2443 4434 καὶ
2487 4380 2583 4434 δύο
2625 4380 2927 4452 πρόσωπα,
2961 4379 3058 4434 ⁴ιςοῦ
3085 4397 3145 4434 τε
3173 4380 3311 4434 Θεοῦ
3335 4381 3515 4449 Λόγου
3545 4381 3638 4445 ἓν,
3673 4383 3771 4435 καὶ

489 4480 740 4534 naturas,
773 4469 868 4524 sed
911 4476 966 4524 et
1004 4467 1144 4524 duas
1188 4482 1475 4539 personas,
1527 4483 1726 4540 nempe
1768 4484 1934 4522 unam
1979 4469 2062 4524 Dei

2180 4473 2238 4526 ἓν
2284 4471 2495 4528 ἐκείνου
2543 4465 2757 4536 οὗτινός
2798 4473 2918 4527 ἐστι
2970 4472 3004 4545 ἡ
3054 4471 3215 4526 οὐσία
3246 4471 3371 4526 καθ’
3399 4474 3464 4544 ἣν
3493 4472 3771 4526 πέπονθεν

491 4561 680 4627 Verbi,
719 4571 776 4618 et
797 4562 1026 4617 alteram
1052 4561 1204 4616 illius
1222 4562 1380 4632 cujus
1407 4570 1492 4616 est
1516 4569 1714 4616 natura
1736 4559 1790 4614 in
1814 4576 1923 4632 qua
1953 4577 2062 4632 pas

2177 4566 2207 4619 ὁ
2231 4563 2362 4630 Θεὸς
2385 4564 2576 4634 Λόγος·
2612 4564 2758 4628 τίνος
2787 4565 2897 4636 γὰρ
2928 4565 2962 4638 ἢ
2992 4564 3154 4635 δῆλον
3185 4566 3269 4620 ὃτι
3296 4563 3627 4636 ἁνθρὼπου;
3661 4565 3770 4619 ὀδὲ

490 4673 588 4713 sus
607 4667 693 4713 est
725 4657 873 4712 Deus
895 4655 1158 4711 Verbum.
1211 4655 1384 4727 Cujus
1429 4665 1613 4710 autem
1653 4656 1759 4711 nisi
1790 4656 2062 4712 evidentet

2180 4675 2265 4722 τις
2295 4657 2609 4732 ἄνθρωπος,
2646 4658 2960 4731 πρόσωπον.
3001 4659 3142 4712 Ἀλλ’
3170 4660 3301 4723 ἴδιος
3331 4659 3430 4730 μὲν
3460 4660 3565 4731 τῆς
3589 4660 3772 4731 ψυχῆς

490 4742 774 4804 hominis!
813 4748 910 4804 Ille
933 4763 1068 4802 vero
1122 4747 1325 4818 aliquis
1372 4747 1538 4802 homo
1585 4755 1672 4802 est
1715 4763 1969 4819 persona.
2009 4747 2062 4802 At

2180 4749 2211 4803 ό
2236 4748 2385 4814 νοῦς,
2413 4749 2490 4812 ὡς
2510 4749 2762 4822 δύναμις·
2795 4749 2902 4803 ἴδια
2928 4749 2986 4803 δὲ
3009 4750 3078 4805 τά
3098 4752 3349 4823 νοήματα
3369 4751 3446 4816 ὡς
3467 4752 3769 4822 ἐνέργειαν

493 4843 720 4915 prepria
752 4849 838 4897 est
873 4840 1070 4896 animm
1102 4840 1485 4911 intelligentia,
1523 4850 1784 4910 tanquam
1813 4841 2075 4908 facultas;

492 4934 730 5007 propria:
783 4933 1168 5005 cogitationes,
1214 4942 1475 5004 tanquam
1537 4932 1920 5003 operationes;
1946 4950 2080 5004 pro-

2183 4841 2316 4896 ἴδιον
2344 4841 2400 4895 δὲ
2425 4841 2486 4896 τὸ
2512 4839 2671 4912 σῶμα
2704 4841 2780 4906 ὡς
2802 4841 3032 4912 ὄργανον
3055 4857 3070 4872 ’
3109 4843 3238 4907 ῑδιος
3266 4842 3324 4895 δὲ
3350 4839 3447 4895 τοῦ
3473 4841 3772 4914 ἀνθρώπου

2184 4949 2269 4996 τις
2316 4930 2430 4995 υίὸς
2471 4931 2547 4996 ὡς
2585 4930 2646 4997 ἐξ
2677 4932 2844 4986 αὑτοῦ
2864 4950 2877 4964 ·
2915 4933 3042 4996 ἴδιος
3074 4932 3133 4986 δὲ
3167 4931 3261 4986 τοῦ
3290 4932 3458 4986 αὑτοῦ
3488 4933 3662 5003 ἀγρὸς
3694 4932 3773 4996 ὡς

495 5028 675 5098 prium
706 5041 930 5096 corpus,
989 5035 1248 5095 tanquam
1307 5023 1773 5091 instrumentum;
1822 5023 2062 5095 proprius

2185 5024 2372 5094 κτῆμα
2397 5039 2412 5056 ο
2475 5023 2574 5078 καὶ
2620 5025 2840 5080 πάντων
2889 5023 3107 5096 άληθῶς
3154 5026 3325 5078 ὄντων
3378 5024 3548 5078 αὐτοῦ
3598 5025 3771 5088 ἰδίων,

494 5129 677 5175 autent
740 5118 982 5174 hominis
1029 5127 1115 5172 est
1165 5117 1332 5182 lilius,
1387 5125 1648 5187 tanquam
1686 5131 1756 5172 ex
1787 5131 1854 5172 eo
1894 5124 2080 5184 ortus;

2185 5114 2338 5168 οὐδὲν
2369 5115 2573 5170 τούτων
2599 5117 2773 5187 ὅμως,
2807 5116 2950 5171 κατὰ
2973 5117 3067 5171 τὸν
3092 5115 3186 5170 τοῦ
3214 5117 3404 5188 ἑτέρου
3433 5116 3612 5185 λόγον,
3640 5117 3774 5169 ἴδιον

495 5211 757 5281 proprius
783 5210 1033 5282 ejusdem
1051 5225 1202 5282 ager,
1237 5219 1494 5280 tanquam
1549 5209 1825 5280 possessio
1861 5227 1878 5264 :
1914 5225 1981 5266 ex
2015 5210 2062 5265 ii:

2185 5207 2281 5262 τοῦ
2310 5208 2476 5264 αὑτοῦ
2507 5209 2656 5274 ἐστι,
2696 5209 2745 5264 ει
2785 5211 2881 5264 καὶ
2912 5210 3008 5264 ἐπὶ
3035 5209 3131 5264 τοῦ
3162 5209 3280 5274 ἐνὸς
3314 5209 3493 5265 πάντα
3521 5209 3771 5278 λέγεταιο

496 5311 680 5357 autem
709 5303 968 5364 omnibus
1002 5317 1125 5374 qua:
1171 5316 1302 5358 vere
1346 5301 1574 5372 propria
1602 5302 1724 5373 ejus
1763 5309 1914 5367 sunt,
1957 5301 2082 5357 nul-

498 5394 612 5448 lum
671 5393 866 5449 eodem
921 5393 1093 5464 gradu
1119 5409 1282 5465 quam
1327 5393 1479 5449 aliud
1503 5393 1786 5464 preprium
1835 5394 2081 5466 ejusdem

499 5495 606 5550 est,
647 5486 866 5540 etiamsi
919 5488 1103 5541 omnia
1139 5487 1287 5542 circa
1320 5501 1496 5541 unum
1537 5485 1879 5541 dicerentur.
1924 5487 2080 5541 Patet

501 5594 630 5634 vero
653 5577 704 5632 id
730 5577 1078 5649 contingere,
1095 5579 1226 5649 quia
1251 5579 1496 5651 proprius
1514 5577 1570 5632 in
1593 5577 1885 5648 multiplici
1915 5594 2080 5643 sensu

499 5669 790 5741 accipitur.
814 5667 1084 5737 Quoniam
1125 5669 1296 5740 igitur
1323 5686 1454 5743 ager
1484 5687 1616 5727 vere
1635 5671 1896 5741 proprius
1917 5671 2081 5742 hujus

499 5769 587 5818 est
611 5763 766 5834 juxta
790 5762 1096 5819 naturalem
1139 5778 1302 5818 suum
1337 5779 1588 5835 sensum,
1629 5764 1857 5821 relative
1894 5775 2078 5820 autem

574 5907 602 5937 ε
639 5893 655 5946 Ι
684 5895 829 5959 Petr.
865 5917 939 5971 Iv,
976 5901 1028 5958 l.

2187 5299 2349 5372 δῆλον
2379 5302 2438 5356 δὲ
2460 5302 2542 5357 ὅτι
2570 5301 2731 5356 τοῦτο
2755 5301 3073 5374 συμϐαίνει,
3098 5301 3186 5356 διὰ
3211 5301 3273 5356 τὸ
3301 5301 3398 5356 τοῦ
3425 5301 3581 5356 ιὸιου
3607 5300 3774 5354 πολύ-

2193 5411 2389 5468 σημον.
2425 5394 2579 5449 Ἐπεὶ
2607 5393 2700 5448 οὖν
2727 5394 2756 5447 ό
2780 5395 2952 5466 ἀγρὸς
2985 5395 3114 5458 ῐδιος
3144 5393 3294 5447 τοῦδε
3326 5393 3467 5448 κατὰ
3491 5393 3584 5446 τὸν
3607 5394 3776 5446 οἰκεῖ-

2187 5506 2249 5542 ον
2277 5487 2435 5558 λόγον
2463 5487 2702 5559 ἀληθῶς,
2737 5488 2880 5543 κατὰ
2904 5487 2962 5542 δὲ
2987 5487 3079 5542 τόν
3105 5488 3268 5541 αὑτὸν
3293 5486 3387 5540 τοῦ
3413 5485 3586 5555 ἀγροῦ
3612 5486 3774 5556 λόγον

2187 5583 2288 5653 οὐχ
2316 5583 2518 5652 ὁμοίως
2554 5582 2662 5636 ἴδια
2688 5580 2759 5636 τὰ
2786 5580 2952 5636 λοιπὰ
2983 5581 3060 5653 τῷ
3091 5582 3240 5654 αὖτῷ
3269 5583 3408 5646 ἐστι,
3433 5583 3543 5634 πᾶν
3565 5582 3623 5635 δι
3648 5578 3773 5636 καθ’

2188 5674 2334 5745 ὑμᾶς
2365 5673 2426 5727 τὸ
2444 5675 2520 5746 μὴ
2550 5670 2681 5729 ἴδιόν
2711 5691 2847 5741 πως,
2882 5673 3046 5738 εὐθὺς
3069 5674 3348 5746 ἀλλότριον
3378 5674 3567 5739 ἁπλῶς
3596 5675 3770 5738 ἔσται,

2188 5767 2298 5838 ἄρα
2331 5768 2360 5822 ό
2386 5765 2488 5840 μὲν
2517 5768 2686 5841 ἀγρὸς
2713 5767 2846 5834 ἴδιος
2875 5767 3031 5824 τοῦδε
3049 5807 3068 5836 ,
3099 5769 3127 5822 ὁ
3157 5768 3214 5822 δὲ
3245 5765 3369 5833 νοῦς
3399 5767 3495 5822 καὶ
3521 5767 3584 5822 τὸ
3610 5767 3714 5838 σῶξ.
3735 5783 3774 5821 α
