4006 6534
305 449 442 516 i765

1265 451 1662 513 ADVERSUS
1700 449 2252 512 NESTORIANOS.
2274 479 2342 487 —
2362 452 2511 514 LIB.
2553 454 2685 516 VII.

3439 452 3577 516 1766

299 568 477 631 τοῦδε,
518 564 613 618 καὶ
643 565 711 618 τά
739 562 906 619 λοιπά
935 564 1036 618 οὐκ
1065 549 1172 617 ἴδια
1198 563 1352 615 ἔσται
1378 563 1546 616 αὐτοῦ
1566 580 1580 594 ο
1623 561 1796 618 ταῦτα
1829 562 1887 615 δὲ

2010 566 2063 619 ιιι
2099 582 2294 638 agrum
2334 575 2535 623 ctetera
2569 584 2682 644 non
2739 568 2812 624 ita
2852 569 3074 640 propria
3121 569 3369 640 ejusdem
3410 581 3572 636 sunt;

299 660 446 714 οὑτω
470 660 710 730 φρονεῖν,
735 657 852 720 πῶς
877 657 978 710 οὐκ
1007 656 1074 710 ἂν
1096 656 1284 724 σαφῶς
1306 659 1711 728 παραφρονεῖν;
1741 656 1888 728 Πλὴν

301 753 329 805 ὃ
358 769 420 805 τε
472 749 848 821 προσκυνητὺς
880 751 1014 819 ἡμῖν
1060 748 1194 810 Θεὸς
1225 749 1467 819 Χριστὸς
1509 749 1886 819 δοξαζόμενος,

303 843 332 896 δ
361 861 422 896 τε
457 841 580 895 καθ’
611 843 755 911 ὑμᾶς
787 841 1074 912 ἄνθρωπος
1104 839 1291 904 ἁπλῶς
1320 839 1613 909 νοούμενος
1634 851 1650 868 ⁸
1708 840 1741 912 ἢ
1793 840 1889 895 καὶ

304 937 357 989 εῐ
397 952 450 988 τι
497 936 685 1006 ἕτερον
720 934 903 1006 αὐτῷ,
949 935 1090 1006 πλὴν
1121 931 1279 995 Θεοῦ,
1316 932 1707 1004 περισσότερον
1740 933 1890 1003 ὅμως

304 1025 595 1098 ἀνθρώπου
642 1026 1054 1095 φιλοτιμεῖσθε,
1116 1025 1226 1079 ίδού
1281 1025 1415 1077 ίδίαν
1451 1024 1645 1077 ἑαυτοῦ
1675 1023 1891 1091 άληθῶς

307 1122 488 1190 σάρκα
521 1119 616 1173 καὶ
646 1119 808 1188 σῶμα
839 1119 1162 1189 παρίστησι,
1196 1116 1296 1187 τὴν
1322 1117 1450 1180 τούς
1474 1115 1638 1187 ἦλους
1670 1115 1765 1169 καὶ
1792 1117 1892 1185 τὴν

306 1216 508 1284 λόγχην
541 1213 878 1266 ὐποστᾶσαν·
912 1210 1118 1282 ταύτης
1147 1209 1256 1278 γὰρ
1282 1204 1424 1278 ἦσαν
1455 1208 1614 1278 μέλη.
1657 1208 1791 1280 Περὶ
1816 1201 1892 1261 ὧν

311 1320 465 1375 φησιο
498 1301 770 1373 «Ὠρυξαν
803 1301 994 1372 χεῖράς
1024 1318 1124 1372 μου
1156 1301 1254 1353 καὶ
1285 1299 1450 1362 πόδας
1480 1317 1634 1370 μουοι
1669 1299 1765 1352 καὶ
1791 1298 1894 1352 πά-

310 1398 394 1451 λιν
437 1396 537 1467 τὴν
573 1396 844 1465 μυστικὴν
883 1392 980 1446 τοῦ
1018 1394 1118 1462 τῆς
1149 1392 1497 1464 εὐχαριστίας
1525 1392 1693 1462 ἄρτου
1723 1391 1894 1461 μετά-

310 1490 504 1560 ληψιν,
545 1489 680 1552 ἰδίας
716 1487 920 1558 σαρκὸς
949 1487 1186 1542 διάδοσιν
1217 1483 1357 1539 εἶναι
1382 1485 1656 1539 δείκνυσιν
1686 1484 1856 1538 εἰπών
1876 1499 1891 1515 ⁶

319 1601 338 1635 ι
362 1583 420 1636 '0
445 1581 674 1653 τρώγων
702 1598 803 1651 μου
823 1580 924 1650 τὴν
952 1581 1154 1649 σάρκα,
1181 1578 1276 1631 καὶ
1301 1577 1473 1632 πίνων
1499 1595 1600 1648 μου
1618 1581 1680 1630 τὸ
1696 1573 1888 1648 αἵμασι

314 1675 541 1747 ἑτέρωθι
571 1675 650 1740 δὲ,
693 1693 711 1726 ι
741 1673 913 1727 Τοῦτό
950 1690 1050 1742 μου
1078 1673 1196 1726 ἐστὶ
1221 1671 1282 1725 τὸ
1309 1670 1496 1742 σῶμαο
1530 1689 1549 1723 ι
1605 1671 1685 1724 ἔτι
1714 1671 1770 1725 δὲ
1802 1669 1898 1724 καὶ⁸

311 1770 410 1840 τὴν
439 1766 792 1838 Ἐκκλησίαν,
821 1766 1001 1837 σάρκα
1023 1765 1191 1819 αὐτοῦ
1220 1764 1356 1818 ίδίαν
1381 1764 1574 1817 οἴεται·
1608 1761 1769 1817 τοῦτο
1789 1763 1897 1834 γὰρ

1993 672 2142 720 cum,
2187 659 2342 728 juxta
2386 674 2506 722 vos,
2538 660 2686 728 quod
2705 675 2815 714 non
2840 669 2926 716 est
2950 662 3042 715 tali
3072 662 3236 716 modo
3267 664 3576 732 proprium,

1993 749 2182 805 statim
2220 750 2280 804 ﬁt
2309 751 2636 821 simpliciter
2670 753 2916 808 alienum
2950 770 2964 806 :
2992 769 3124 824 ergo
3159 754 3369 824 praefati
3394 755 3578 809 homi-

1990 844 2082 899 nis
2115 859 2246 915 ager
2284 845 2511 914 quidem
2562 861 2693 900 vere
2727 848 2986 916 proprius
3014 847 3144 910 erit,
3194 863 3351 901 mens
3390 857 3576 900 autem

1997 935 2119 1004 ejus
2159 943 2214 989 et
2248 951 2452 1005 corpus
2478 945 2535 991 et
2570 937 2782 1006 reliqua
2809 939 2913 1007 ipsi
2958 954 3066 992 non
3114 947 3279 992 erunt
3319 939 3580 1007 propria?

1992 1023 2070 1078 lta
2103 1023 2320 1093 opinari
2359 1038 2543 1078 nonne
2583 1033 2668 1080 est
2700 1026 2991 1080 manifeste
3019 1026 3316 1094 desipere?
3349 1027 3580 1081 Praeter-

1989 1130 2094 1178 ea.
2149 1117 2240 1170 ille
2283 1132 2448 1187 quem
2504 1133 2608 1172 nos
2659 1127 2720 1171 ut
2768 1117 2940 1171 Deum
2971 1117 3313 1172 adorandum
3350 1133 3584 1173 venera-

1994 1224 2142 1273 mur,
2175 1225 2340 1280 quem
2376 1225 2476 1264 vos
2500 1218 2686 1264 autem
2709 1217 2769 1265 ut
2802 1211 3109 1280 simplicem
3153 1211 3373 1266 habetis
3401 1213 3582 1265 homi-

1993 1316 2120 1354 nem
2149 1300 2276 1370 (nisi
2315 1301 2459 1356 forte
2488 1302 2698 1372 aliquid
2742 1303 2795 1358 ei
2829 1304 3002 1368 aliud,
3051 1304 3097 1357 si
3141 1319 3251 1357 non
3303 1303 3580 1364 divinum.

1996 1393 2240 1448 humano
2275 1403 2454 1449 tamen
2493 1395 2754 1464 superius
2797 1396 3169 1467 largiamini),
3218 1414 3286 1451 en
3328 1398 3584 1454 Christus

1995 1483 2218 1553 propria
2253 1484 2338 1538 sui
2374 1484 2546 1554 ipsius
2596 1501 2725 1540 vere
2767 1502 2889 1542 esse
2919 1487 3262 1542 demonstrat
3288 1505 3490 1557 corpus
3528 1497 3586 1543 et

1997 1593 2222 1633 carnem
2242 1593 2398 1633 suam
2427 1579 2601 1634 clavis
2627 1589 2683 1635 et
2709 1582 2912 1636 lancea:
2937 1581 3186 1636 sutlixam
3215 1600 3227 1635 :
3249 1583 3418 1652 hujus
3435 1583 3586 1637 enim

1996 1681 2156 1728 erant
2188 1677 2432 1730 membra
2459 1675 2528 1730 de
2555 1676 2760 1745 quibus
2786 1676 2962 1732 dicit:
3001 1697 3019 1728 ε
3061 1676 3342 1732 Foderunt
3389 1694 3590 1734 manus

1999 1781 2152 1822 meas
2179 1777 2237 1823 et
2279 1767 2449 1838 pedes
2479 1783 2634 1823 meos
2652 1779 2700 1824 ν.
2744 1788 2763 1821 ι
2803 1771 2871 1825 Et
2895 1769 3097 1824 iterum
3122 1771 3405 1841 mysticam
3430 1772 3590 1841 panis

311 1859 553 1914 διδάσκει
585 1857 812 1925 φάσκων
841 1857 870 1910 ό
894 1853 1240 1917 ’Δπόστολοςο
1276 1873 1294 1904 ι
1325 1851 1516 1915 Οὐδεὶς
1543 1851 1654 1922 γάρ
1677 1849 1897 1904 πώποτε

2010 1860 2352 1916 eucharistici
2375 1862 2818 1917 communionem
2852 1863 3087 1931 propria:
3119 1878 3232 1917 suae
3256 1864 3442 1917 carnis
3467 1879 3589 1916 esse

313 1907 863 2025 τηνῂέαυτοῐῦήσάρκαν
887 1948 1173 2019 ἐμίσησεν,
1200 1907 1324 2000 ’ἀλλ’
1355 1907 1740 2015 ὲκτρέφέιικαὶ
1769 1943 1897 1997 θάλ-

2010 1907 2352 1916 -ην---.---.-.
2377 1907 2818 1917 νν.--.,..-...ν..-...
2853 1907 3006 1931 rw...
3025 1907 3085 1916 ,νυ
3119 1907 3231 1917 νην
3259 1907 3338 1917 ι...
3357 1907 3441 1917 ...υ
3469 1907 3588 1916 --νυν

2010 1952 2359 2008 traditionem
2389 1953 2633 2008 ostendit
2657 1954 2888 2008 dicens:
2927 1971 2944 2005 ι
2983 1952 3588 2019 Quicomeditcarnem

313 2063 408 2098 πει
437 2044 608 2114 αὐτὴν
632 2084 647 2108 ,
685 2041 868 2104 καθὼς
901 2040 997 2094 καὶ
1025 2041 1054 2094 ὁ
1081 2038 1314 2112 Χριστὸς
1338 2037 1440 2108 τὴν
1472 2036 1804 2106 Ἐκκλησίαν
1822 2050 1836 2065 ·
1872 2054 1890 2088 ι

316 2142 375 2193 έν
406 2137 580 2210 ἑτέρῳ
605 2136 664 2190 δέ
683 2153 696 2168 ·
740 2155 760 2189 ι
801 2135 993 2204 Ὑμεῖς
1028 2137 1150 2188 ἐστε
1179 2131 1340 2202 σῶμα
1365 2129 1604 2202 Χριστοῦ
1633 2130 1728 2184 καὶ
1759 2129 1898 2201 μέλη

316 2231 382 2285 ὲκ
412 2230 636 2301 μέλους’
673 2249 692 2282 ι
747 2228 949 2298 σαρκὸς
989 2225 1082 2279 οὐν
1134 2227 1229 2279 καὶ
1277 2223 1532 2296 σώματος
1565 2223 1731 2278 αὐτοῦ
1767 2222 1896 2276 ίδίου

315 2325 416 2393 τῆς
453 2321 781 2393 Ἐκκλησίας
809 2318 1213 2391 τυγχανούσης,
1251 2311 1362 2388 ἆρα
1393 2317 1458 2369 τὸ
1489 2317 1590 2370 οὐκ
1614 2315 1674 2368 ὃν
1704 2315 1738 2383 ή
1775 2315 1899 2367 Ἐκ-

318 2414 518 2483 κλησία
552 2411 720 2466 αὐτοῦ
747 2452 764 2475 ,
815 2412 916 2465 οὐκ
955 2411 1088 2463 ίδιον
1117 2409 1282 2462 αὐτοϋ
1316 2407 1439 2462 καθ’
1469 2408 1618 2476 ὑμᾶς
1647 2405 1904 2476 λογισθή-

322 2525 504 2571 σεται;
537 2506 646 2560 Καὶ
669 2507 790 2560 ἐπεὶ
819 2505 893 2577 μὴ
923 2503 1065 2557 κατὰ
1086 2501 1288 2570 ταύτην
1309 2502 1408 2570 τὴν
1432 2500 1610 2569 σάρκα
1630 2496 1909 2568 ἐσταυρώ-

321 2598 410 2669 θη,
451 2597 565 2651 ἀλλ’
601 2597 740 2667 ὑπερ
766 2597 995 2666 ταύτης,
1029 2594 1348 2663 ἀναγκαίως
1376 2592 1530 2646 ἔσται
1560 2593 1618 2643 ὲν
1647 2589 1907 2660 ἀλλοτρίᾳ

322 2691 487 2761 σαρκὶ
521 2689 838 2754 πεπονθώςς
873 2689 920 2742 εί
951 2689 1063 2759 γάρ
1089 2688 1149 2740 τὺ
1177 2686 1279 2740 οὑκ
1306 2685 1439 2738 ῐδιόν
1465 2701 1605 2747 πως,
1627 2681 1908 2751 ἀλλότριον

321 2782 484 2845 εὐθὺς
517 2780 637 2834 καθ’
674 2781 849 2851 ὑμᾶς’
889 2781 922 2852 ὴ
952 2780 1008 2834 δὲ
1038 2777 1360 2846 Ἐκκλησία,
1398 2774 1532 2828 ίδίαο
1566 2774 1627 2827 τὸ
1661 2773 1734 2845 μὴ
1766 2772 1910 2826 κατὰ

321 2874 421 2945 τὴν
453 2873 784 2943 Ἐκκλησίαν
820 2872 949 2926 ῐδιον
980 2871 1151 2940 αὐτῷ,
1185 2869 1404 2931 πάντως
1432 2866 1713 2938 ἀλλότριον
1739 2864 1907 2919 αὐτοῦ

324 2965 498 3019 ἔσται’
528 2964 792 3026 ὡσαύτως
819 2963 915 3016 καὶ
942 2964 990 3016 εί
1016 2962 1114 3033 τὴν
1140 2960 1322 3031 σάρκα
1348 2961 1556 3014 είποιτε
1583 2959 1722 3012 ίδίαν
1742 2957 1908 3013 αὑτοῦ

325 3058 530 3129 κυρίως
564 3055 704 3111 εἶναι
741 3056 840 3128 τὴν
876 3053 1320 3126 καθηλωθεῖσαν,
1357 3055 1391 3123 ή
1427 3051 1726 3123 Ἐκκλησία
1757 3051 1909 3104 ἔσται

325 3148 427 3202 οὐκ
456 3147 561 3202 ίδία
587 3146 776 3212 αὐτοῦ,
816 3147 939 3200 ἐπεὶ
976 3145 1051 3216 μὴ
1081 3141 1404 3214 καθηλὼθηο
1439 3142 1500 3196 τὸ
1525 3142 1633 3212 γὰρ
1657 3142 1758 3196 οὐκ
1781 3141 1911 3194 ἴδιόν

2003 2059 2183 2098 meam
2229 2055 2286 2100 et
2327 2044 2471 2100 bibit
2503 2061 2684 2101 meum
2718 2044 3040 2116 sanguinem
3066 2055 3114 2100 ι.
3152 2065 3170 2097 ι
3215 2047 3282 2100 Ει
3316 2047 3538 2102 aliunde
3573 2064 3588 2102 :

2003 2138 2122 2192 Hoc
2149 2146 2235 2193 est
2265 2153 2469 2208 corpus
2494 2155 2675 2193 meum
2695 2147 2748 2193 γ.
2786 2159 2804 2190 ι
2838 2141 3013 2210 Ipsam
3035 2156 3258 2211 quoque
3288 2141 3592 2195 Ecclesiam

2003 2243 2103 2298 pro
2123 2245 2223 2284 sua
2254 2230 2476 2300 pr0pria
2497 2245 2667 2284 carne
2697 2231 2898 2296 habet;
2937 2231 3042 2286 hoc
3074 2232 3223 2285 enim
3265 2230 3428 2286 docet
3450 2229 3595 2300 Apo-

2003 2320 2182 2375 stolus
2211 2321 2401 2376 dicens
2437 2339 2450 2375 :
2496 2339 2514 2373 ι
2565 2321 2738 2376 Nemo
2770 2323 2918 2377 enim
2969 2339 3124 2377 suam
3162 2338 3385 2377 carnem
3436 2322 3592 2390 odit,

2005 2412 2102 2469 sed
2126 2414 2306 2468 nutrit
2335 2424 2393 2468 et
2418 2413 2568 2469 fovet
2613 2429 2771 2478 eam,
2815 2415 2960 2470 sicut
3008 2425 3065 2468 et
3100 2414 3355 2470 Christus
3405 2415 3596 2470 Eccle-

2007 2505 2143 2560 siam
2164 2515 2209 2559 ι.
2249 2525 2266 2556 ι
2318 2506 2387 2560 Ει
2421 2506 2554 2561 alibi
2585 2524 2600 2561 :
2650 2525 2669 2559 ι
2703 2507 2812 2564 Vos
2858 2507 2996 2562 estis
3029 2523 3231 2577 corpus
3261 2506 3489 2571 Christi,
3540 2516 3598 2563 et

2007 2596 2254 2652 membra
2277 2612 2344 2652 ex
2366 2599 2616 2652 membro
2637 2610 2686 2652 ι.
2719 2617 2739 2649 ‹
2774 2598 2911 2654 Cum
2936 2609 3119 2654 autem
3155 2615 3284 2655 caro
3305 2609 3362 2654 et
3394 2616 3600 2671 corpus

2008 2689 2216 2744 Christi
2250 2689 2538 2759 proprium
2569 2690 2642 2744 sit
2680 2691 2951 2756 Ecclesia,
2996 2707 3128 2762 ergo
3169 2693 3436 2762 quidquid
3485 2710 3596 2747 non

2010 2789 2096 2836 est
2146 2781 2394 2837 Ecclesia
2448 2783 2590 2851 ejus,
2622 2791 2682 2837 ut
2711 2799 2820 2837 non
2857 2784 3143 2854 praprium
3163 2785 3286 2854 ejus
3315 2785 3469 2854 juxta
3500 2800 3599 2838 vos

2011 2872 2351 2928 habebitur?
2393 2873 2463 2928 Et
2503 2873 2634 2942 quia
2677 2889 2789 2927 non
2837 2873 2894 2927 in
2940 2874 3045 2928 hac
3089 2887 3254 2927 carne
3303 2872 3602 2926 cruciﬁxus

2009 2973 2116 3026 est,
2152 2963 2248 3018 sed
2273 2977 2377 3032 pro
2413 2979 2509 3028 ea,
2541 2979 2674 3034 ergo
2704 2962 3018 3018 necessario
3055 2972 3324 3032 sequetur
3358 2962 3509 3017 illum
3545 2964 3601 3017 in

2011 3055 2190 3110 aliena
2230 3070 2396 3110 carne
2431 3071 2652 3125 passum
2683 3055 2847 3110 esse?
2895 3055 2951 3109 Si
2998 3054 3146 3109 enim
3179 3054 3327 3124 quod
3371 3071 3479 3108 non
3516 3064 3604 3108 est

2015 3148 2110 3202 tali
2172 3148 2336 3202 modo
2377 3147 2684 3219 proprium,
2737 3147 2922 3203 statim
2981 3147 3041 3201 ﬁt
3089 3147 3418 3218 simpliciter
3466 3149 3604 3202 alie-

327 3260 446 3306 πως
491 3242 787 3311 λεγόμενον
808 3280 823 3305 ,
871 3239 1033 3304 εὐθὺς
1067 3238 1198 3310 ὑμῖν
1228 3237 1406 3301 ἔδοξεν
1436 3233 1576 3289 εἶναι
1624 3234 1720 3288 καὶ
1752 3232 1908 3288 ἀλλόκ

2014 3253 2173 3303 num,
2206 3247 2269 3292 ut
2294 3254 2394 3294 vos
2419 3237 2790 3304 contenditis;
2831 3237 3077 3292 Ecclesia
3117 3253 3249 3292 vero
3277 3248 3361 3292 est
3393 3237 3602 3293 Christi

325 3352 499 3406 τριον.
542 3333 681 3387 Ἀλλ’
715 3326 761 3387 ὧ
792 3327 939 3386 οὗτοι
959 3372 974 3395 ,
1026 3331 1127 3384 οὐκ
1171 3322 1278 3385 ίδία
1310 3329 1410 3400 μὲν
1437 3333 1539 3400 τῆς
1567 3329 1788 3398 φύσεως
1817 3327 1910 3382 τοῦ

2019 3329 2263 3398 propria,
2290 3328 2439 3399 quod
2482 3327 2649 3399 igitur
2683 3343 2791 3381 non
2812 3336 2899 3382 est
2931 3327 3126 3383 eodem
3150 3328 3313 3382 modo
3339 3343 3404 3383 ac
3420 3328 3608 3383 Eccle-

327 3428 504 3496 Λόγου
537 3429 570 3498 ή
609 3425 784 3497 σάρξ,
843 3427 940 3495 τῆς
981 3425 1038 3479 δὲ
1088 3425 1444 3488 ὑποστάσεως
1474 3421 1642 3476 αὐτοῦ
1690 3423 1916 3492 γέγονεν

329 3520 419 3573 ἐπ’
465 3518 710 3590 ἐσχάτων
757 3516 975 3588 άληθῶς
1017 3515 1126 3570 τῶν
1161 3516 1370 3586 χρόνων
1406 3514 1512 3568 ἰδία
1537 3527 1553 3545 ⁵
1592 3514 1830 3584 λέγομεν
1859 3514 1918 3567 δὲ

330 3609 427 3663 καὶ
475 3606 765 3678 ἀνθρώπου
819 3603 961 3660 εἶναι
1016 3604 1078 3658 τὸ
1128 3606 1316 3676 σχῆμα
1345 3603 1407 3657 τὸ
1437 3603 1657 3675 δρθιον,
1696 3605 1825 3657 ῐδιον
1859 3603 1918 3657 δν

329 3701 432 3772 τῆς
464 3699 680 3770 φύσεως
709 3701 808 3770 τῆς
832 3698 1037 3770 ψυχῆς,
1071 3700 1137 3768 τῇ
1166 3697 1224 3750 δὲ
1255 3697 1313 3750 ἐν
1342 3695 1556 3766 σώματι
1583 3696 1751 3766 αὐτῆς
1783 3696 1918 3749 ὑπο-

335 3795 525 3849 στάσει
559 3792 1020 3864 ινθεωροὺμενον.
1041 3791 1233 3855 Ὅπως
1262 3789 1354 3844 οὖν
1381 3789 1542 3843 τοῦτο
1565 3790 1696 3860 περὶ
1717 3787 1920 3859 ταύτης

332 3886 551 3954 λέγεται
606 3886 654 3938 εἰ
705 3885 964 3953 ἐνοήσατε
987 3924 1002 3949 ,
1055 3882 1157 3936 οὐκ
1204 3881 1270 3936 άν
1305 3882 1436 3952 ἡμῖν
1468 3881 1596 3944 τούς
1624 3880 1734 3934 ὑπὸ
1761 3883 1921 3945 σκιᾶς

333 3981 430 4056 καὶ
475 3977 702 4052 ὀνείρων
746 3976 1146 4046 συλλογισμοὺς
1172 3973 1509 4040 άνεπλέξατε
1529 3990 1544 4005 ο
1580 3973 1718 4028 ἀλλά
1750 3973 1921 4027 ταῦτα

336 4074 435 4143 μὶν
465 4071 595 4142 περὶ
617 4069 845 4125 τούτων.
864 4068 954 4121 Ἐν
982 4068 1039 4122 δὲ
1066 4067 1146 4137 τῷ
1170 4066 1314 4120 τέλει
1339 4065 1433 4118 τοῦ
1491 4065 1920 4136 ἐπιχειρήματος

334 4165 491 4234 ὑμῶν
515 4205 531 4230 ,
579 4165 639 4218 τὸ
682 4161 779 4217 τοῦ
817 4160 1096 4232 ληθάργου
1131 4159 1303 4222 πάθος
1332 4158 1638 4228 ὑποστῆναι
1667 4157 1920 4225 δόξαντες

333 4257 417 4311 δι’
453 4255 786 4328 ἀπροσεξίαν
813 4294 829 4319 ,
881 4252 1024 4324 πρὸς
1066 4251 1282 4320 γέλωτα
1315 4251 1382 4304 ἂν
1411 4251 1561 4322 ἡμᾶς
1596 4249 1658 4303 οὑ
1693 4250 1921 4321 μέτριον

337 4351 766 4422 συνεκινήσατε,
820 4348 869 4400 εί
923 4344 1000 4416 μὴ
1051 4343 1130 4415 τῷ
1176 4343 1395 4415 φρικτῷ
1431 4342 1542 4397 τῶν
1573 4342 1922 4414 ζητουμένων

334 4439 922 4516 προκατεστελλόμεθα
965 4437 1103 4508 πρὸς
1137 4436 1451 4491 εὐλάϐειαν.
1493 4437 1558 4490 Et
1589 4436 1698 4508 γὰρ
1729 4435 1825 4488 καὶ
1854 4435 1922 4488 τὰ

339 4538 576 4609 μάλιστα
618 4533 834 4604 ψευδῶς
886 4531 1104 4585 ἅπαντα
1156 4531 1288 4595 ὑμῖν
1333 4527 1578 4600 εἴρηται,
1615 4527 1739 4582 ἀλλ’
1773 4528 1923 4596 ὅμως
1958 4568 1960 4571 -

2017 3420 2142 3485 sia,
2203 3421 2493 3490 proprium
2557 3419 2756 3490 ipsius,
2792 3420 2870 3475 illi
2929 3429 3014 3474 est
3055 3421 3280 3475 omnino
3335 3420 3602 3476 alienum.

2017 3512 2176 3577 Item,
2207 3512 2251 3568 si
2275 3512 2476 3567 dixerit
2507 3528 2728 3567 carnem
2751 3512 2954 3568 Christi
2978 3513 3256 3582 propriam
3289 3512 3438 3566 illam
3479 3528 3605 3568 esse

2020 3620 2143 3674 quae
2171 3604 2342 3660 clavis
2365 3605 2620 3660 transﬁxa
2655 3614 2758 3670 est,
2789 3605 2902 3676 jam
2951 3604 3197 3658 Ecclesia
3227 3619 3338 3658 non
3381 3605 3490 3658 erit
3524 3605 3606 3674 ip-

2021 3695 2137 3751 sius
2159 3696 2406 3766 propria,
2431 3696 2636 3766 quippe
2662 3711 2785 3764 qua:
2827 3694 3000 3749 clavis
3035 3709 3144 3748 non
3172 3702 3257 3748 est
3280 3693 3558 3764 perforata
3587 3710 3602 3746 :

2020 3787 2291 3858 quidquid
2339 3788 2488 3841 enim
2539 3803 2650 3842 non
2705 3787 2800 3841 tali
2831 3787 2996 3840 modo
3043 3786 3326 3857 proprium
3375 3785 3603 3851 dicitur,

2014 3881 2128 3951 jam
2159 3888 2220 3934 ut
2247 3879 2487 3934 alienum
2515 3879 2971 3943 ducitis.Verum,
2995 3879 3134 3932 heus
3155 3879 3288 3932 vosl
3317 3893 3425 3932 non
3471 3894 3604 3948 pro-

2021 3973 2139 4043 pria
2158 3973 2383 4043 quidem
2418 3980 2628 4026 natura!
2658 3971 2823 4026 Verbi
2871 3980 2958 4025 est
2987 3986 3138 4034 caro,
3184 3985 3434 4040 persona:
3473 3985 3606 4025 vero

2021 4066 2143 4136 ejus
2181 4065 2236 4119 in
2289 4064 2610 4119 novissimis
2641 4064 2988 4134 temporibus
3035 4078 3167 4118 vere
3196 4063 3419 4133 propria
3463 4062 3606 4118 facta

2020 4165 2126 4213 est.
2177 4157 2270 4212 Sic
2315 4157 2554 4212 dicimus
2603 4157 2846 4212 hominis
2883 4173 3006 4212 esse
3053 4156 3306 4212 habitum
3358 4166 3602 4220 sectum,

2019 4248 2114 4320 qui
2144 4265 2256 4305 non
2289 4257 2375 4305 est
2419 4250 2678 4320 proprius
2709 4258 2923 4305 natura:
2969 4250 3185 4312 animae,
3221 4250 3316 4305 sed
3355 4265 3605 4319 persomc

2021 4351 2274 4413 respectu
2353 4344 2604 4414 corporis
2670 4351 2930 4412 spectata
2990 4343 3398 4413 appr0priatur.
3455 4341 3606 4408 Quo-

2021 4434 2188 4488 modo
2234 4433 2370 4488 illud
2411 4434 2557 4488 circa
2613 4433 2754 4487 hanc
2800 4433 3018 4486 dicatur
3059 4433 3106 4486 si
3167 4432 3603 4497 intellexissctis,

2022 4542 2135 4580 non
2204 4527 2339 4581 istos
2394 4525 2628 4580 nebulos
2691 4539 3132 4594 somnurnosque
3191 4523 3606 4594 implicuissetis

335 4627 531 4682 ταυτὸν
567 4626 667 4695 μὲν
703 4624 956 4691 συνάγειν
987 4621 1134 4691 ὑμᾶς
1166 4620 1529 4691 βουλομένους
1557 4618 1777 4691 ὁρῶμεν
1803 4618 1910 4684 νῦν1

2024 4618 2391 4688 syllogismos.
2437 4617 2563 4672 [hec
2599 4616 2822 4686 quidem
2865 4616 3013 4671 circa
3044 4616 3167 4670 ista.
3198 4617 3257 4670 ln
3283 4616 3388 4671 ﬁne
3419 4625 3604 4671 autem

337 4721 412 4784 ὡς
444 4719 540 4772 δύο
567 4735 628 4771 τε
672 4716 860 4779 οὐσίας
911 4715 1005 4769 καὶ
1050 4712 1147 4767 δύο
1175 4711 1448 4782 πρόσωπα
1483 4711 1650 4780 ἧγουν
1678 4709 1917 4764 ὑποστά-

341 4829 458 4875 σεις
506 4810 740 4879 λέγομεν
792 4806 886 4861 ἐπὶ
929 4804 1024 4859 τοῦ
1065 4805 1240 4872 Λόγου
1283 4802 1377 4855 καὶ
1412 4801 1515 4871 τῆς
1551 4800 1788 4870 σαρκός·
1824 4802 1919 4855 καὶ⁵
1963 4840 1965 4842 -

337 4904 497 4958 τοῦτο
528 4903 604 4966 ὡς
635 4901 836 4957 ἄτοπόν
862 4917 916 4953 τι
946 4896 1321 4968 συμπέρασμα
1356 4894 1452 4949 καὶ
1475 4893 1733 4964 ἀθέμιτον
1760 4893 1919 4959 δόξαν

338 4995 752 5065 διανοουμένους
785 4993 930 5064 ἡμᾶς
959 4991 1206 5059 ἐλέγχειν
1239 4985 1592 5051 σπουδάζετε,
1625 4986 1764 5057 ὅπερ
1791 4985 1920 5057 χθὲς

339 5090 436 5144 καὶ
464 5087 678 5160 τρίτην,
711 5086 800 5154 είη
828 5084 886 5137 δὲ
920 5082 996 5154 μὴ
1025 5083 1106 5146 είς
1135 5079 1348 5152 αὑριον,
1385 5079 1484 5150 τῆς
1519 5079 1788 5150 ὑμετέρας
1819 5078 1918 5148 μό-

341 5201 440 5254 νης
457 5183 577 5236 ἐστὶ
594 5177 896 5252 θρησκείας
916 5177 977 5230 τὸ
996 5172 1555 5244 κεφαλαιωδέστατον·
1588 5171 1684 5226 καὶ
1708 5172 1926 5226 πάντων

347 5276 547 5347 μᾶλλον
587 5274 646 5328 τὸ
677 5274 776 5342 τῆς
801 5269 1016 5325 τοιᾶσδε
1043 5266 1202 5338 δόξης
1233 5265 1468 5328 ἄτοπον,
1509 5265 1780 5336 ὑμέτερόν
1808 5267 1925 5319 ἐστι

342 5366 772 5438 γνωριστήριον·
814 5365 946 5435 ἡμῖν
979 5360 1151 5424 ὅντως
1187 5359 1280 5413 καὶ
1313 5358 1436 5411 λίαν
1461 5356 1705 5427 άπεχθές
1735 5374 1795 5410 τε
1831 5358 1925 5412 καὶ

343 5461 603 5530 πολέμιον
629 5474 643 5489 ·
683 5458 772 5512 διά
805 5473 888 5510 τοι
923 5453 1034 5525 γὰρ
1065 5451 1227 5507 τοῦτο
1255 5449 1392 5506 αὐτὸ
1423 5449 1520 5503 καὶ
1549 5448 1791 5503 τοσαῦτα
1825 5449 1923 5504 σύν

283 5579 286 5582 ι
341 5553 462 5626 Θεῷ
491 5554 622 5624 ὑμῖν
651 5547 1155 5618 άνταγωνιζόμεθα.

2024 4710 2197 4767 vestri
2222 4709 2671 4780 epicherematis,
2701 4709 2969 4780 lethargia
3003 4709 3074 4763 ob
3100 4709 3355 4764 inertiam
3383 4719 3606 4779 torpere

2024 4803 2150 4866 visi,
2185 4803 2359 4857 risum
2393 4802 2556 4858 nobis
2593 4802 2949 4857 immodicum
2988 4801 3339 4865 elicuissetis,
3369 4802 3415 4857 si
3447 4818 3604 4857 reve-

2025 4895 2201 4952 rentia
2252 4910 2439 4949 rerum
2486 4894 2553 4949 de
2588 4894 2794 4964 quibus
2821 4894 3000 4965 agitur
3041 4910 3142 4949 nos
3180 4894 3246 4948 ad
3294 4894 3605 4964 religiosam

2025 5004 2138 5045 non
2188 4997 2500 5042 revocasset
2547 4987 3006 5042 moderationem.
3058 4987 3308 5049 Etenim,
3354 4987 3607 5056 quamvis

2025 5079 2250 5136 nonnisi
2281 5079 2567 5134 mendacia
2595 5080 2918 5150 plerumque
2946 5079 3218 5142 dixeritis,
3245 5079 3608 5134 nihilominus

2027 5189 2129 5229 vos
2179 5189 2329 5228 nunc
2374 5173 2626 5229 videmus
2672 5172 2727 5227 id
2770 5173 2977 5227 inferre
3021 5173 3294 5236 volentes,
3349 5172 3611 5226 videlicet

2027 5281 2151 5332 nos,
2184 5265 2331 5320 sicut
2358 5265 2497 5319 duas
2519 5273 2766 5330 naturas,
2805 5264 2878 5318 ita
2903 5265 3014 5318 duo
3036 5264 3320 5335 supposita
3352 5280 3448 5320 seu
3472 5265 3611 5320 duas

2027 5373 2293 5430 personas
2347 5357 2641 5413 admittere
2681 5359 2828 5414 circa
2875 5357 3116 5412 Verbum
3159 5367 3217 5412 et
3258 5372 3513 5424 carnem;
3555 5368 3611 5413 et

2027 5450 2135 5506 hoc
2185 5451 2344 5520 quasi
2387 5451 2684 5506 absurdam
2730 5451 3139 5505 conclusionem
3193 5459 3251 5505 et
3296 5450 3610 5505 luereticam

2025 5543 2348 5614 opinionem
2389 5543 2445 5597 in
2482 5559 2584 5597 nos
2617 5542 2911 5597 retundere
2947 5542 3245 5607 conamini,
3282 5541 3429 5611 quod
3466 5540 3609 5604 beri,

284 5686 292 5696 -
341 5659 399 5706 et
443 5649 648 5704 nudius
699 5645 897 5702 tertius
946 5645 1046 5715 (ac
1088 5643 1298 5698 utinam
1339 5653 1442 5694 nec
1486 5651 1664 5707 usque
1711 5651 1837 5693 cras
1871 5638 1922 5706 l)
1964 5639 2323 5694 summarium
2356 5649 2442 5694 est
2476 5639 2644 5694 totius
2680 5647 2875 5694 vestne
2938 5639 3222 5711 religionis
3282 5636 3600 5692 fundamen-

345 5752 460 5798 tum
491 5758 506 5796 :
560 5741 672 5797 imo
721 5736 959 5800 absurda
1004 5737 1104 5792 ista
1161 5736 1416 5793 doctrina
1440 5744 1526 5791 est
1570 5733 1880 5804 praecipuus
1917 5732 2204 5791 character
2267 5751 2378 5806 quo
2408 5751 2508 5792 vos
2541 5735 2962 5808 dignoscimini;
2999 5736 3162 5792 nobis
3199 5750 3329 5791 vero
3363 5742 3449 5791 est
3481 5749 3611 5791 vere

410 5927 442 5962 ν
471 5921 614 5979 Psal.
656 5938 764 5987 ιιι,
794 5921 880 5978 l7.
957 5929 985 5958 ι
1017 5919 1177 5976 Joan.
1201 5935 1278 5988 νι,

1481 5929 1508 5969 y
1535 5917 1729 5975 Matth.
1754 5931 1904 5986 χχιιι,
1926 5915 2020 5973 26.

2101 5950 2123 5977 ι
2151 5917 2356 5989 prcs.
2389 5917 2554 5987 v,29.
2626 5933 2645 5955 ι
2677 5917 2846 5973 ICor.
2875 5933 2966 5983 xu,
2999 5916 3089 5970 27.
