4006 6524
509 444 646 510 1767

1790 438 2098 501 LEONTII
2137 436 2546 499 BYZANTINI

3637 450 3781 516 1758

501 583 559 626 et
601 585 826 642 prorsus
866 567 1057 623 odiosa
1097 573 1155 622 et
1200 564 1476 622 contraria
1530 565 1787 635 :quippe
1825 563 1975 620 circa
2043 562 2150 618 hoc
2188 562 2368 634 ipsum
2429 572 2540 618 tam
2585 559 2791 616 acriter
2837 558 3132 615 adversum
3184 577 3282 618 vos
3335 578 3464 619 cum
3522 565 3780 636 Deopu-

503 679 754 735 gnamus.

1146 749 1298 806 CAP.
1348 750 1437 805 1V.

575 844 632 898 Si
679 843 825 914 quod
859 842 1065 898 dicitur
1090 859 1226 897 unus
1254 842 1317 896 de
1359 841 1457 897 SS.
1505 842 1782 906 Trinitate,
1822 850 1906 898 est
1932 856 2088 896 com-

508 949 674 990 mune
727 935 1036 990 divinitatis
1074 944 1133 989 et
1178 933 1537 989 humanitatis
1573 934 1812 996 Christi,
1857 934 1941 988 vel
1983 933 2088 988 sub

507 1021 703 1076 eodem
759 1032 1012 1091 respectu
1068 1031 1153 1077 est
1216 1037 1507 1082 commune
1557 1023 1705 1078 Patri
1751 1033 1809 1078 et
1855 1023 2086 1094 Spiritui

508 1125 721 1176 sancto,
753 1115 840 1168 vel
863 1115 967 1168 sub
991 1131 1102 1168 uno
1133 1123 1190 1169 et
1217 1115 1393 1169 altero
1432 1125 1706 1184 respectu,
1742 1131 1842 1183 pro
1870 1116 2089 1172 duobus

507 1205 712 1272 quibus
730 1213 953 1260 constat
985 1221 1157 1259 unum
1182 1206 1444 1260 Verbum.
1473 1207 1664 1272 Porro,
1690 1207 1737 1263 si
1766 1207 1871 1262 sub
1890 1207 2087 1263 eodem

510 1309 764 1370 respectu
795 1307 881 1353 est
918 1313 1230 1362 commune,
1259 1314 1391 1370 ergo
1427 1300 1605 1369 primo
1639 1315 1767 1355 caro
1797 1308 1881 1355 est
1906 1300 2088 1356 Verbo

512 1390 1041 1447 consubstantialis?
1068 1391 1210 1460 Ergo
1244 1373 1490 1445 secundo
1523 1391 1577 1445 in
1607 1391 1811 1446 divinis
1839 1399 1924 1446 est
1948 1406 2088 1461 qua-

511 1483 712 1547 ternio,
747 1498 856 1536 non
890 1481 1176 1536 Trinitas?
1201 1481 1258 1537 Si
1284 1490 1470 1536 autem
1502 1498 1614 1537 uno
1645 1483 1810 1537 modo
1843 1481 2088 1538 Verbum

509 1582 567 1630 et
609 1575 786 1631 altero
836 1575 1000 1628 modo
1045 1590 1174 1630 caro
1224 1575 1598 1630 communicat
1643 1591 1769 1630 cum
1820 1575 1982 1630 Patre
2031 1584 2091 1630 et

512 1668 719 1738 Spiritu
740 1679 932 1724 sancto
946 1709 960 1732 ,
979 1668 1257 1738 quomodo
1277 1669 1407 1722 hinc
1430 1683 1540 1722 non
1571 1667 1788 1724 infertis
1808 1668 1952 1722 duas
1969 1683 2088 1724 esse

510 1769 740 1814 naturas
769 1760 825 1814 in
861 1760 1207 1815 sanctissima
1227 1759 1543 1814 Trinitate?
1571 1759 1727 1826 Quod
1769 1759 1815 1814 si
1850 1759 2089 1815 dicendo

509 1868 646 1905 unus
671 1852 736 1905 de
762 1851 1019 1906 Trinitate
1049 1851 1358 1921 intelligitis
1390 1851 1597 1921 aliquid
1628 1867 1798 1906 unum
1821 1866 1890 1905 ex
1915 1851 2089 1921 parti-

511 1947 617 2000 bus
639 1945 976 2008 coalescens,
1001 1945 1244 2000 Verbum
1270 1944 1520 1998 divinum
1547 1943 1602 1998 in
1624 1943 1810 2013 seipso
1835 1943 2091 1998 conside-

512 2047 714 2099 ratum,
732 2037 840 2092 erit
861 2036 1153 2091 dimidium
1179 2037 1334 2090 unius
1354 2037 1419 2090 de
1435 2035 1784 2092 Sanctissima
1801 2035 2090 2102 Trinitate;

511 2145 576 2183 ac
597 2128 641 2184 si
669 2130 809 2183 forte
831 2127 1127 2182 dicendum
1151 2129 1224 2182 sit
1251 2127 1724 2183 consubstantiale
1753 2143 1824 2182 ex
1847 2126 2088 2194 duobus,

512 2228 646 2275 tunc
682 2220 896 2275 Patrem
938 2229 996 2275 et
1031 2219 1301 2290 Spiritum
1344 2227 1598 2274 sanctum
1635 2233 1763 2274 cum
1796 2233 1864 2274 eo
1897 2232 2092 2273 nume-

513 2317 720 2376 rantes,
756 2325 788 2365 e
823 2325 920 2365 sex
959 2308 1293 2364 monadibus
1321 2307 1733 2364 Sanctissimam
1759 2307 2090 2362 Trinitatem

511 2413 768 2459 constare
798 2402 1071 2456 inleretis.
1106 2401 1438 2472 Responch
1465 2401 1696 2467 vobis,o
1727 2401 2092 2471 intelligentia

515 2494 843 2556 imbecilles,
869 2501 1142 2548 accurata
1162 2509 1296 2548 vero
1315 2493 1750 2563 supputationis,
1777 2502 1837 2548 ut
1857 2494 2086 2564 putatis,

513 2585 834 2657 peritissimi
862 2604 876 2639 ι
908 2585 1110 2654 primo,
1137 2600 1246 2639 non
1284 2585 1338 2639 in
1361 2595 1636 2655 quantum
1671 2585 1882 2656 aliquid
1917 2601 2092 2641 unum

511 2695 636 2734 esse
683 2695 751 2733 cx
803 2678 1186 2748 pluribus,.in
1236 2686 1449 2733 tantum
1493 2692 1790 2733 commune
1841 2693 1967 2733 cum
2003 2678 2093 2734 his

514 2771 768 2843 pluribus
813 2770 1141 2825 necessario
1180 2777 1298 2835 est,
1340 2771 1434 2826 sed
1475 2770 1532 2826 in
1573 2781 1843 2840 quantum
1883 2771 2093 2827 dicitur

516 2880 684 2918 unum
709 2878 836 2918 cum
857 2863 1114 2933 pluribus
1144 2878 1291 2918 esse.
1319 2863 1376 2918 Si
1399 2878 1536 2934 ergo
1559 2878 1704 2918 unus
1726 2863 1796 2919 de
1817 2863 2093 2920 Trinitate

514 2957 759 3011 Verbum
785 2954 995 3008 dicitur
1020 2952 1324 3022 respectivc
1351 2951 1421 3007 ad
1444 2967 1730 3022 personam
1759 2952 2093 3024 (respectivc

514 3049 662 3103 enim
689 3046 757 3100 ad
787 3054 1066 3110 naturam,
1099 3061 1210 3099 non
1245 3060 1416 3099 unum
1447 3044 1742 3108 extribus,
1777 3043 1877 3099 sed
1919 3058 2092 3098 unum

513 3156 639 3194 cum
673 3138 894 3194 duobus
923 3137 1231 3192 aestimatur
1259 3137 1566 3204 Verbum),
1594 3144 1653 3192 et
1677 3135 1888 3190 nullam
1925 3133 2095 3191 habet

514 3233 618 3289 sub
651 3239 905 3302 respectu
967 3228 1208 3300 pr0pria3
1232 3244 1346 3284 suae
1371 3244 1642 3300 personae,
1678 3229 1795 3284 sive
1823 3236 1951 3283 ante
1975 3228 2094 3283 sive

515 3334 639 3394 post
670 3323 1128 3389 incarnationem,
1157 3338 1281 3378 cum
1311 3323 1474 3378 Patre
1511 3333 1567 3378 et
1601 3323 1812 3394 Spiritu
1838 3337 2094 3384 commu-

515 3420 767 3480 nitatem,
808 3415 941 3484 quia
983 3424 1294 3483 neuterque
1327 3413 1571 3470 Verbum
1611 3423 1729 3480 est;
1777 3427 1959 3483 neque
1995 3428 2097 3468 un-

514 3523 703 3578 quam,
737 3516 798 3560 ut
840 3505 1171 3575 simpliciter
1215 3520 1488 3574 personae,
1527 3505 1627 3559 ulli
1662 3519 1913 3575 personae
1939 3519 2095 3559 com-

515 3595 861 3652 municabit:
903 3595 1185 3665 quomodo
1229 3595 1398 3650 vultis
1435 3595 1751 3660 Christum,
1799 3595 1926 3665 qui,
1979 3604 2093 3651 tum

509 3698 793 3759 quatenus
824 3686 1157 3754 simpliciter
1185 3685 1448 3750 Verbum,
1474 3694 1590 3739 tum
1620 3694 1894 3757 quatenus
1913 3686 2096 3740 incar-

514 3789 701 3844 natus,
730 3794 875 3833 unus
902 3787 989 3832 est
1026 3776 1096 3832 de
1139 3776 1486 3833 sanctissima
1517 3777 1812 3843 Trinitate,
1839 3793 2093 3834 commu-

514 3874 701 3929 nicare
747 3886 873 3926 cum
917 3869 1138 3925 duabus
1176 3870 1301 3924 aliis
1338 3870 1596 3941 personis
1633 3870 1686 3926 in
1726 3869 1834 3926 hoc
1865 3871 2094 3941 praecise

510 3979 629 4034 quo
666 3969 752 4017 est
795 3975 966 4015 unum
1013 3974 1082 4013 ex
1124 3958 1304 4014 tribus
1349 3959 1630 4016 distinctis
1657 3960 1810 4030 (nam
1839 3973 2094 4029 persona:

512 4055 720 4109 divina:
750 4069 856 4108 non
895 4059 1025 4107 sunt
1053 4067 1225 4106 unum
1258 4061 1510 4122 respectu
1537 4067 1636 4108 seu
1669 4051 1882 4106 ratione
1914 4050 2092 4121 hypo-

515 4155 753 4211 staseos,
784 4144 881 4200 sed
917 4160 1088 4200 unum
1125 4159 1254 4199 vere
1286 4153 1416 4199 sunt
1454 4144 1669 4200 ratione
1702 4158 1801 4200 seu
1835 4149 2092 4212 respectu

516 4246 759 4305 naturae,
811 4238 1041 4292 relative
1087 4238 1155 4292 ad
1193 4252 1357 4307 quam
1404 4253 1517 4292 non
1561 4245 1692 4292 sunt
1730 4236 1868 4301 tria,
1914 4236 1991 4290 ita
2033 4243 2095 4290 ut

511 4347 686 4386 unum
729 4345 797 4385 ex
844 4330 1022 4384 tribus
1059 4330 1310 4384 dicamus
1349 4344 1474 4384 esse
1508 4327 1860 4396 Christum)?
1898 4327 1956 4381 In
1987 4326 2095 4381 hoc

507 4423 734 4495 quidem
777 4437 946 4478 sensu
978 4421 1259 4477 Christum
1289 4420 1516 4475 relative
1545 4420 1614 4475 ad
1652 4419 1790 4475 alias
1825 4433 2094 4489 personas

516 4515 720 4569 habere
798 4512 1182 4569 tantummodo
1247 4512 1670 4568 similitudinem
1727 4511 2089 4567 arbitramur.

510 4609 813 4664 Evidenter
849 4608 1000 4662 enim
1028 4621 1308 4677 persona,
1347 4621 1456 4660 non
1492 4605 1801 4676 respectivc
1829 4604 1898 4659 ad
1937 4619 2093 4659 suam

514 4699 878 4772 hypostasim,
909 4699 1006 4754 sed
1034 4698 1340 4768 respectivc
1365 4697 1432 4753 ad
1461 4699 1608 4752 illam
1644 4713 1768 4768 qua:
1797 4696 1932 4767 ipsis
1960 4696 2092 4752 sub-

2799 743 3056 798 ΚΕΦΛΛ.
3083 745 3165 799 Δ’.

2259 836 2323 890 Ei
2353 833 2414 888 τὸ
2437 829 2526 901 εἷς
2553 832 2666 903 τῆς
2703 832 2948 902 Τριάδος
2974 835 3286 906 λεγόμενον,
3319 837 3500 891 κοινὸν
3527 838 3639 908 τῆς
3656 839 3784 894 θεόν

2184 945 2348 1000 τητος
2369 927 2465 980 κα)⁸
2493 927 2589 997 τῆς
2629 927 3051 998 ἁνθρωπότητος
3080 927 3321 998 Χριστοῦ
3361 931 3532 994 ἑστιν,
3566 931 3603 1003 ἦ
3633 935 3782 987 κατὰ

2186 1020 2278 1076 τὸν
2312 1019 2478 1074 αὑτὸν
2506 1019 2669 1088 λόγον
2712 1020 2831 1072 ἐστι
2859 1021 3040 1073 κοινὸν
3061 1019 3138 1091 τῷ
3169 1021 3342 1093 [lat-9".
3371 1024 3571 1095 καὶτῷ
3601 1025 3782 1079 1]νεὺ-

2190 1108 2399 1181 ματι,ἢ
2431 1108 2760 1179 καθ’ἓτερον
2789 1109 2885 1162 καὶ
2904 1108 3094 1179 ἕτερον
3120 1127 3238 1174 πως
3264 1111 3324 1176 ἐξ
3342 1112 3551 1182 ἀμφοῖν
3569 1117 3781 1168 ἀπε.

2188 1201 2450 1272 λουμένου
2483 1200 2663 1268 Λόγου
2703 1200 2820 1262 ἑνός
2845 1215 2859 1229 ·
2892 1200 3008 1253 ἀλλ’
3028 1201 3078 1254 εί
3106 1201 3208 1270 μὲν
3244 1203 3386 1256 κατὰ
3408 1204 3505 1258 τὸν
3533 1206 3706 1259 αὑτὸν
3743 1209 3780 1278 ἠ

2188 1293 2462 1358 κοινωνία,
2492 1292 2709 1363 πρῶτον
2734 1292 2832 1363 μὲν
2859 1292 2978 1357 πῶς
3010 1293 3109 1363 οὐχ
3169 1295 3508 1366 ὁμοοὺσιοςή
3537 1300 3686 1368 σὰρξ
3701 1299 3784 1370 τῷ

2187 1386 2381 1457 Λόγῳ;
2413 1381 2534 1439 εἶτα
2564 1385 2622 1438 δὲ
2645 1386 2742 1438 καὶ
2767 1387 2969 1456 τετρὰς
3008 1387 3073 1440 οὑ
3103 1388 3272 1458 Τριὰς
3302 1389 3365 1442 τὸ
3405 1389 3602 1456 Θεῖον;
3643 1394 3696 1444 εί
3723 1393 3780 1446 δὲ

2188 1476 2312 1529 καθ’
2341 1477 2429 1528 Eva
2439 1493 2529 1547 ρον
2556 1476 2807 1529 κοινωνεῖ
2832 1476 2861 1527 ὁ
2880 1475 3054 1544 Λόγος
3074 1477 3170 1529 καὶ
3193 1477 3312 1531 καθ’
3341 1477 3534 1548 ἕτερον
3569 1482 3606 1549 ἡ
3637 1481 3783 1549 σὰρξ

2186 1569 2266 1640 τῷ
2295 1570 2472 1639 Πατρι
2507 1571 2604 1622 καὶ
2633 1567 2936 1638 Πνεύματι,
2960 1569 3077 1632 πῶς
3101 1569 3162 1623 οὐ
3209 1567 3304 1623 δύο
3319 1571 3420 1635 τὰς
3445 1572 3646 1640 φύσεις
3677 1575 3782 1642 τῆς

2189 1663 2352 1729 ἁγίας
2363 1662 2406 1715 Τ
2413 1662 2594 1732 ριάδος
2622 1662 2873 1730 είσάγετε
2893 1677 2909 1726 ;
2931 1663 2980 1714 εί
3002 1660 3060 1715 δὲ
3074 1661 3151 1726 ὡς
3163 1661 3285 1717 ὅλον
3299 1665 3364 1717 ὲκ
3390 1665 3582 1735 μερῶν
3608 1666 3674 1718 τὸ
3689 1660 3781 1732 εις

2187 1753 2302 1823 τῆς
2325 1753 2570 1822 Τριάδος
2590 1754 2803 1822 λέγετε.
2821 1755 2850 1807 ό
2870 1753 3001 1820 Θεὸς
3019 1755 3192 1826 Λόγος
3213 1756 3338 1810 καθ’
3357 1758 3580 1822 ἑαυτὸν,
3597 1759 3780 1828 ἣμισυ

2188 1845 2328 1912 ἐνὸς
2357 1843 2470 1914 τῆς
2488 1845 2664 1916 ἁγίας
2697 1845 2940 1914 Τριὰδος
2963 1847 3118 1900 ἐσται
3139 1863 3153 1877 ο
3177 1851 3226 1901 εί
3249 1848 3304 1902 δὲ
3329 1849 3442 1919 ἄρα
3467 1851 3563 1902 καὶ
3577 1851 3780 1920 09006-

2191 1954 2309 1992 σιον
2332 1937 2414 1990 δεῖ
2444 1937 2626 2006 λέγειν
2655 1940 2721 1992 ἐκ
2754 1937 2869 2002 δύο,
2905 1941 3004 1994 καὶ
3027 1940 3121 1993 τόν
3143 1941 3364 2013 Πατέρα
3401 1943 3580 1996 καὶτὸ
3607 1943 3783 1998 Ilva?-

2196 2048 2273 2102 μα
2301 2029 2574 2100 λέγοντες,
2592 2030 2652 2098 ἓξ
2677 2032 2921 2102 μονάδων
2946 2029 3086 2086 εἶναι
3104 2033 3205 2105 τῆς
3231 2035 3394 2104 ἁγίας
3415 2033 3657 2107 Τριὰδος
3679 2037 3780 2092 to!

2121 2125 2163 2181 Β
2191 2123 2365 2191 Λόγον
2408 2123 2699 2178 δεδώκατε.
2732 2123 2875 2178 Ἀλλ’
2921 2119 2968 2178 ὦ
3018 2125 3117 2197 τὴν
3143 2125 3384 2182 διάνοιαν
3439 2130 3624 2199 ἰσχνοὶ
3679 2130 3780 2185 καὶ

2192 2216 2322 2285 περὶ
2344 2214 2446 2285 τὴν
2476 2213 2586 2269 τῶν
2607 2215 2826 2270 τιοῶνδε
2853 2216 3241 2288 ἀκριϐολογίαν
3271 2218 3457 2284 δεινοὶ,
3473 2221 3552 2284 ὡς
3567 2220 3777 2289 οῑεσθε,

2193 2306 2411 2375 πρῶτον
2446 2307 2546 2378 μὲν
2567 2307 2626 2360 οὑ
2658 2306 2781 2362 καθ’
2806 2307 2836 2362 δ
2857 2308 2919 2362 ἓν
2945 2325 3001 2362 τι
3029 2305 3174 2363 εἶναι
3201 2310 3297 2363 καὶ
3329 2312 3394 2365 ἐκ
3417 2312 3530 2365 τῶν
3557 2313 3780 2367 πολλῦν

2189 2395 2411 2466 λέγεταί
2428 2415 2504 2465 τι,
2535 2400 2678 2454 κατὰ
2701 2399 2864 2454 τοῦτο
2901 2402 3121 2464 πάντως
3149 2403 3246 2458 καὶ
3279 2405 3456 2458 κοινὸν
3476 2401 3633 2458 εἶναι
3659 2408 3781 2469 τοῖς

2193 2489 2410 2554 πολλοῖς
2435 2491 2652 2563 ἀνάγκη
2670 2508 2687 2526 ·
2717 2493 2856 2548 ἀλλὰ
2879 2495 3016 2550 καθὸ
3037 2495 3097 2550 ἓν
3121 2493 3266 2552 εἶναι
3289 2498 3526 2566 λέγεται,
3554 2500 3656 2552 καὶ
3678 2501 3780 2554 σὺν

2193 2581 2412 2646 πολλοῖς
2467 2577 2606 2638 εἶναι
2628 2597 2645 2613 ⁶
2673 2585 2725 2639 εί
2778 2582 2875 2640 οὖν
2919 2583 3003 2651 εἷς
3041 2589 3138 2660 τῆς
3177 2589 3336 2658 ἁγίας
3357 2588 3593 2661 Τριάδος
3631 2592 3780 2645 κατὰ

2192 2673 2292 2746 τὴν
2347 2674 2651 2730 ὑπόστασιν
2679 2679 2709 2732 ό
2731 2677 2902 2746 Λόγος
2951 2679 3185 2751 εἴρηται,
3215 2681 3357 2734 κατὰ
3389 2681 3497 2751 γὰρ
3546 2682 3655 2752 τὴν
3685 2684 3781 2736 οὑ-

2195 2761 2318 2814 σίαν
2350 2762 2450 2833 οὑχ
2513 2762 2574 2817 ἓν
2618 2766 2682 2818 ἐκ
2713 2766 2903 2837 τριῶν,
2953 2767 3070 2822 ἀλλ’
3114 2764 3196 2833 εἷς
3228 2771 3347 2840 ἅμα
3373 2773 3473 2826 οὑν
3539 2775 3656 2836 τοῖς
3678 2773 3780 2827 δύο

2192 2849 2475 2916 δοξάζεται
2492 2853 2522 2906 ὁ
2542 2853 2745 2922 Λόγοςο
2775 2856 2870 2910 καὶ
2894 2856 2996 2910 οὑκ
3025 2857 3139 2929 ἔχει
3167 2860 3291 2914 τινὰ
3320 2862 3609 2917 κοινωνίαν
3631 2862 3781 2916 κατὰ

2193 2944 2294 3015 τὴν
2321 2945 2532 3000 οίκείαν
2557 2948 2874 3016 ὑπόστασιν,
2893 2949 3018 3004 οὔτε
3030 2951 3138 3024 πρὸ
3166 2954 3368 3025 σαρκὸς
3380 2956 3518 3025 πρὸς
3546 2957 3644 3009 τὸν
3661 2957 3781 3010 [lup

2194 3035 2330 3107 τέρα
2360 3037 2392 3108 ἢ
2424 3039 2484 3092 τὸ
2519 3039 2898 3111 Πνεῦμα,οῶὲ
2913 3045 3052 3116 μετὰ
3066 3043 3164 3116 τὴν
3178 3048 3378 3116 σάρκαο
3397 3049 3524 3102 ἐπεὶ
3541 3047 3622 3120 μὴ
3642 3049 3778 3104 ταῦθ

2195 3131 2305 3183 ταό
2333 3131 2508 3200 Λόγος
2529 3133 2698 3186 ἐστίν’
2716 3135 2838 3190 οὑδὲ
2863 3137 2971 3206 μὴν
2999 3137 3187 3203 ἁπλῶς
3215 3138 3292 3204 ὡς
3311 3140 3612 3206 ὑπόστασις
3639 3143 3777 3196 um-

2199 3223 2385 3275 στάσει
2417 3226 2740 3294 κοινωνήσει
2785 3223 3006 3282 πώποτε
3028 3243 3044 3260 ο
3080 3229 3198 3294 πῶς
3226 3231 3513 3286 κοινωνίαν
3535 3235 3651 3288 είτε
3677 3235 3776 3288 καὶ

2195 3311 2272 3374 ὡς
2297 3311 2488 3376 ἁπλῶς
2525 3313 2724 3383 Λόγου,
2768 3317 2881 3370 εἴτε
2911 3317 3008 3372 καὶ
3034 3318 3112 3382 ὡς
3149 3324 3580 3393 σεσαρκωμένου
3603 3326 3778 3396 ἤγουν

2146 3465 2165 3484 η
2195 3405 2434 3475 Χριστοῦ
2461 3406 2727 3476 ἐρωτᾶτε,
2761 3405 2858 3461 τοῦ
2877 3408 2996 3474 ἑνὸς
3021 3411 3120 3482 τῆς
3169 3413 3332 3482 ἁγίας
3358 3415 3611 3484 Τριάδος,
3635 3417 3778 3487 πρὸς

2196 3494 2268 3548 τὰ
2292 3495 2456 3568 ἔτερα
2484 3495 2579 3550 δύο
2609 3499 2901 3570 πρόσωπα,
2933 3502 3058 3556 κατ’
3089 3503 3224 3557 αὑτὸ
3254 3503 3417 3559 τοῦτο
3449 3507 3589 3561 καθὸ
3626 3508 3686 3562 ιν
3709 3510 3777 3563 εκ

2193 3587 2304 3642 τῶν
2341 3589 2512 3658 τριῶν
2541 3590 2813 3660 ἀνομοίων
2839 3593 2987 3647 ἐστίν
3008 3608 3024 3623 °
3060 3593 3182 3649 οὑδὲ
3205 3597 3316 3666 γὰρ
3341 3597 3401 3651 ἓν
3423 3599 3504 3670 τῷ
3532 3601 3701 3669 λόγῳ,
3739 3604 3775 3674 ἢ

2191 3680 2272 3736 τῶ
2287 3683 2507 3755 ἀριθμῷ
2531 3684 2634 3755 τῆς
2653 3685 3124 3762 ὑποειτάσεώςείσι
3139 3689 3230 3745 ’τὸ
3245 3691 3354 3761 γὰρ
3381 3692 3439 3746 ἓν
3473 3695 3683 3763 αὐτοῖς,
3705 3700 3778 3768 τῇ

2191 3775 2350 3846 οὑσίᾳ
2372 3777 2522 3830 ἐστιν
2548 3776 2786 3849 ἀληθῶς,
2818 3781 2914 3832 καὶ
2938 3779 3017 3851 τῷ
3031 3784 3132 3852 τῆς
3161 3783 3349 3848 οὑσίας
3367 3785 3594 3856 ἀριθμῷ
3615 3807 3627 3817 ·
3652 3789 3780 3842 καθ’

2191 3866 2259 3936 ἢν
2269 3867 2525 3922 οὐδέποτε
2545 3869 2666 3923 οὑδὲ
2687 3872 2813 3942 τρία
2823 3873 2984 3936 εἰσιν,
3003 3873 3090 3927 ῐνα
3105 3874 3203 3930 ἕνα
3214 3875 3323 3929 τῶν
3337 3876 3506 3946 τριιῖιν
3518 3877 3784 3950 λέγοιμεν

2191 3957 2286 4013 τὸν
2309 3960 2582 4031 Χριστόνο
2633 3963 2729 4016 και
2762 3963 2900 4034 πρὸς
2934 3964 3004 4018 τὰ
3046 3964 3210 4038 ιτερα
3235 3965 3410 4032 οὕτως
3433 3968 3584 4038 ἔχειν
3613 3971 3783 4024 αὑτὸν

2195 4052 2510 4123 σκοποῦμεν
2533 4055 2632 4124 τὴν
2650 4055 2910 4126 ὁμοίωσιν
2933 4071 2948 4086 ο
2970 4056 3129 4128 δῆλον
3145 4058 3256 4131 γὰρ
3271 4059 3415 4124 ὡςαί
3437 4061 3781 4128 ὑποστάσεις

2191 4146 2254 4198 οὑ
2309 4147 2453 4200 κατὰ
2505 4148 2604 4219 τὴν
2637 4147 2960 4216 ὑπόστασιν,
2991 4149 3130 4204 ἀλλὰ
3171 4153 3316 4207 κατὰ
3342 4151 3444 4223 τὴν
3475 4155 3536 4208 ὲν
3579 4155 3782 4221 αὑταῖς

2191 4236 2402 4304 οὑσίαν,
2439 4239 2570 4311 μίαν
2595 4238 2894 4312 ἔχουσιτὴν
2915 4242 3340 4313 ἀπαράλλακτον
3367 4243 3532 4314 φύσιν
3549 4262 3568 4278 ο
3594 4248 3664 4301 ἐκ
3681 4248 3780 4302 τοῦ

2192 4330 2304 4402 γὰρ
2337 4333 2513 4402 πάντη
2543 4333 2769 4397 ταύταις
2795 4330 2936 4389 εἷναι
2960 4335 3091 4406 μίαν
3123 4335 3378 4408 ὓπαρξιν,
3395 4338 3496 4391 καὶ
3522 4339 3630 4411 τὴν
3649 4357 3782 4396 ταυ-

2192 4425 2394 4496 τότητά
2426 4443 2608 4498 φαμεν
2628 4444 2641 4458 ·
2672 4429 2931 4498 ὁμοίωσις
2955 4429 3056 4499 μὲν
3085 4429 3195 4500 γὰρ
3215 4429 3309 4484 τοῦ
3344 4430 3478 4485 Υίοῦ
3517 4433 3660 4504 πρὸς
3684 4436 3780 4490 τδν

2194 4519 2449 4592 Πατέρα·
2509 4520 2604 4574 καὶ
2656 4519 2822 4575 είκὼν
2857 4517 2998 4575 εἶναι
3035 4521 3133 4576 τοῦ
3182 4525 3396 4596 Πατρός
3419 4527 3449 4578 ό
3479 4525 3611 4591 Υἱὸς
3653 4529 3778 4582 τότε

2193 4611 2540 4681 λέγεται,ὅτε
2575 4613 2672 4665 σὺν
2702 4616 2770 4684 τῇ
2804 4612 2984 4682 φύσει,
3010 4617 3106 4670 και
3129 4616 3192 4670 τὸ
3216 4615 3416 4687 ἰδίωμα
3442 4617 3602 4672 τοῦδε
3636 4625 3778 4676 νοεῖ-

2193 4720 2306 4770 ται,
2347 4705 2515 4776 ήγουν
2537 4705 2600 4758 τὸ
2621 4703 2681 4770 ἐξ
2721 4706 2896 4760 αἰτίου
2916 4723 2931 4738 ·
2961 4706 3138 4771 οὕτως
3167 4709 3274 4781 γὰρ
3307 4709 3526 4782 καὶτῆς
3559 4715 3777 4779 εἰκόνος

509 4801 599 4845 est
630 4790 951 4857 essentiam,
995 4788 1157 4843 unica
1203 4788 1446 4858 gaudent
1487 4787 1811 4843 indivisibili
1849 4797 2086 4844 natura:

2195 4795 2224 4847 ό
2251 4792 2410 4862 λόγος
2438 4794 2579 4864 μετά
2614 4795 2710 4848 τοῦ
2753 4795 2936 4850 κοινοῦ
2965 4796 3064 4866 τῆς
3093 4798 3410 4868 ὁμοιώσεως
3442 4800 3556 4871 ἔχει
3596 4804 3691 4856 καὶ
3712 4804 3777 4857 re

511 4898 583 4936 ex
618 4897 686 4937 eo
721 4881 869 4951 quod
919 4889 1104 4934 autem
1151 4879 1314 4935 unica
1342 4880 1424 4935 eis
1457 4880 1589 4935 insit
1621 4880 1949 4946 substantia,
1979 4880 2088 4935 hoc

511 4989 898 5045 nuncupamus
929 4973 1296 5028 identitatem.
1344 4973 1560 5028 Relatiu
1588 4971 1822 5027 Filiivad
1867 4972 2086 5028 Patrem

505 5077 596 5123 cst
618 5065 922 5122 similitudo
951 5083 965 5119 :
988 5080 1053 5120 ac
1077 5064 1255 5120 Patris
1277 5064 1454 5134 imago
1478 5063 1648 5119 Filius
1673 5062 1836 5118 toties
1860 5062 2084 5128 dicitur,

507 5157 726 5227 quoties
751 5172 875 5212 cum
921 5166 1115 5211 natura
1159 5155 1322 5211 simul
1352 5158 1634 5226 proprium
1669 5155 1844 5226 ipsius
1869 5164 2087 5225 specta-

507 5256 602 5302 tur
635 5249 983 5314 attributum,
1010 5240 1178 5318 'quod
1220 5255 1306 5304 est
1343 5264 1451 5303 esse
1485 5263 1516 5302 a
1576 5247 1865 5318 principio.
1895 5246 2088 5313 Quoad

508 5338 689 5392 idean:
741 5339 1019 5409 imaginis,
1067 5347 1266 5408 praeter
1309 5353 1657 5394 communem
1708 5337 2089 5393 similitudinis

510 5429 805 5494 rationem,
838 5431 942 5485 hoc
972 5431 1138 5486 habet
1172 5431 1427 5501 speciale,
1459 5445 1656 5500 nempe
1695 5429 1843 5499 quod
1875 5445 1986 5485 non
2017 5429 2087 5483 sit

508 5530 857 5593 prototypus,
887 5521 981 5576 sed
1008 5523 1337 5593 exemplaris
1361 5521 1631 5577 imitatio:
1659 5522 1806 5590 quod
1827 5531 1911 5578 est
1947 5522 2086 5576 ima-

505 5615 650 5686 ginis
695 5615 1026 5686 proprietas.
1072 5615 1211 5672 Cum
1258 5631 1393 5672 vero
1434 5617 1625 5672 ambas
1663 5617 1785 5671 illas
1820 5631 2086 5686 personas

506 5709 613 5763 sub
640 5716 895 5778 respectu
921 5723 1111 5762 carum
1141 5716 1349 5763 natura:
1378 5708 1813 5776 consideramus,
1837 5709 1952 5780 jam
1973 5725 2084 5764 non

505 5808 594 5853 est
625 5799 778 5854 locus
806 5801 1022 5856 dicendi
1052 5802 1490 5869 similitudinem,
1516 5804 1642 5875 quia
1669 5821 1777 5860 non
1808 5814 1892 5860 est
1916 5805 2084 5860 altera

508 5889 667 5944 alteri
693 5892 892 5948 collata
922 5912 934 5948 :
969 5896 1120 5951 nulla
1155 5895 1306 5950 enim
1343 5897 1623 5954 videbitur
1653 5898 1955 5965 distinctio,
1991 5899 2086 5958 sed

2195 4886 2272 4956 μὴ
2302 4887 2660 4957 πρωτότυπον
2693 4881 2835 4942 εἶναι
2883 4887 2998 4941 ἀλλ’
3025 4889 3090 4943 ὲκ
3139 4890 3609 4961 παραδείγματος,
3644 4894 3776 4948 [διον

2188 4977 2360 5048 αὐτῆς
2379 4977 2511 5033 ὄντα
2529 4977 2686 5046 λόγον
2705 4995 2722 5010 ο
2742 4979 2833 5032 ὅτε
2855 4979 2916 5033 δὲ
2937 4979 3061 5034 καθ’
3079 4980 3248 5052 αὑτὴν
3266 4981 3364 5054 τὴν
3385 4984 3578 5040 οὑσίαν
3603 4987 3774 5058 ἄμφω

2187 5069 2296 5123 τῶν
2320 5070 2672 5125 ὑποστάσεων
2692 5071 2890 5136 αὑτοὺς
2907 5065 3029 5129 νοοῦ
3036 5091 3157 5144 μεν,
3172 5073 3296 5129 οὔτε
3311 5077 3571 5147 ὁμοίωσιν
3587 5080 3775 5135 λοιπόν

2187 5161 2495 5232 ἐπιλέγειν
2515 5181 2529 5194 ·
2562 5165 2686 5218 ἐπεὶ
2719 5167 2805 5237 μὴ·
2828 5165 2975 5220 ἐστιν
2986 5168 3148 5239 ἑτέρα
3163 5169 3300 5240 πρὸς
3321 5170 3520 5241 ἑτέραν
3550 5188 3777 5243 5071:90-

2193 5255 2397 5325 νομένη
2417 5271 2431 5285 ⁸
2462 5256 2693 5327 οὐδεμία
2731 5259 2840 5330 7&9
2873 5259 3171 5330 ὀφθήσεται
3201 5262 3478 5333 ἑτερότης,
3513 5262 3654 5318 ἀλλὰ
3674 5266 3772 5334 μό-

2192 5364 2284 5400 νον
2336 5348 2645 5419 ταυτότητα
2671 5351 2845 5420 αὑτῆς
2874 5351 3087 5415 ὲνιαίως
3123 5352 3283 5424 ίσμεν
3303 5369 3318 5384 ο
3352 5357 3404 5408 εί
3427 5351 3657 5410 οὖνκαὶ
3689 5357 3771 5427 μὴ

2191 5434 2336 5490 κατὰ
2379 5436 2540 5506 λόγον
2582 5439 2682 5511 τὴν
2729 5440 3002 5512 ἐρώτησιν
3049 5447 3426 5513 προσαγαγεῖν
3452 5444 3768 5517 ses-5mm,

2191 5526 2340 5596 ὅμως
2371 5529 2555 5598 μέντοι
2605 5532 2746 5584 κατὰ
2769 5531 2866 5603 τὴν
2899 5533 3037 5588 ίδίαν
3057 5535 3342 5589 κοινωνίαν
3374 5536 3468 5590 τοῦ
3491 5540 3768 5593 Δεσπότου

2192 5621 2349 5691 ήμῶν
2383 5622 2557 5692 Ἰησοῦ
2582 5623 2821 5694 Χριστοῦ
2837 5627 3231 5700 φανταζόμενοι
3251 5629 3376 5684 τάδε
3403 5631 3766 5696 πυνθάνεσθε.

2191 5711 2397 5785 ταύτην
2425 5714 2663 5785 λήψεσθε
2691 5717 2822 5788 παρ’
2853 5720 2884 5788 ή
2893 5718 3012 5788 μῶν
3034 5720 3135 5791 τὴν
3165 5722 3477 5793 ἀπόκρισιν,
3506 5725 3584 5788 ὡς
3606 5727 3639 5779 ό
3663 5727 3770 5782 Λὸ-

2192 5823 2287 5874 γος
2310 5805 2369 5859 ἓν
2401 5809 2692 5878 πρόσωπον
2739 5811 2860 5863 ὅλον
2887 5811 3169 5884 ὑπάρχων,
3222 5814 3322 5886 μία
3358 5831 3419 5868 τε
3464 5817 3768 5884 ὑπόστασις

2193 5900 2290 5969 τῆς
2315 5901 2478 5970 ἁγίας
2517 5903 2775 5974 Τριάδος·
2810 5905 2872 5968 ἐξ
2900 5906 3250 5963 ὑποστάσεων
3279 5907 3388 5980 γὰρ
3443 5909 3504 5964 οὑ
3548 5911 3769 5982 φύσεων
