  <div class='ocr_page' id='page_1' title='image "/cluster/home/n/w/nwhite01/storage/ocr_20150623/86:1/hvd.32044019208909/892.png"; bbox 0 0 4042 6516; ppageno 0'>
   <div class='ocr_carea' id='block_1_1' title="bbox 276 425 457 493">
    <p class='ocr_par' dir='ltr' id='par_1_1' title="bbox 276 425 457 493">
     <span class='ocr_line' id='line_1_1' title="bbox 276 425 457 493; baseline -0.011 -3"><span class='ocrx_word' id='word_1_1' title='bbox 276 425 410 493; x_wconf 83' lang='grc'><strong>1768</strong></span> <span class='ocrx_word' id='word_1_2' title='bbox 431 436 457 465; x_wconf 80' lang='grc'><strong>⁸</strong></span> 
     </span>
    </p>
   </div>
   <div class='ocr_carea' id='block_1_2' title="bbox 1228 428 2627 497">
    <p class='ocr_par' dir='ltr' id='par_1_2' title="bbox 1228 428 2627 497">
     <span class='ocr_line' id='line_1_2' title="bbox 1228 428 2627 497; baseline 0.006 -8"><span class='ocrx_word' id='word_1_3' title='bbox 1228 428 1625 491; x_wconf 83' lang='lat' dir='ltr'><strong>ADVERSUS</strong></span> <span class='ocrx_word' id='word_1_4' title='bbox 1661 429 2457 497; x_wconf 79' lang='lat' dir='ltr'><strong>NESTORIANOS.—LIB.</strong></span> <span class='ocrx_word' id='word_1_5' title='bbox 2498 436 2627 497; x_wconf 81' lang='lat' dir='ltr'><strong>VII.</strong></span> 
     </span>
    </p>
   </div>
   <div class='ocr_carea' id='block_1_3' title="bbox 3300 394 3556 507">
    <p class='ocr_par' dir='ltr' id='par_1_3' title="bbox 3300 394 3556 507">
     <span class='ocr_line' id='line_1_3' title="bbox 3300 394 3556 507; baseline 0.004 -1"><span class='ocrx_word' id='word_1_6' title='bbox 3300 394 3303 397; x_wconf 21' lang='grc' dir='ltr'><strong>Ι</strong></span> <span class='ocrx_word' id='word_1_7' title='bbox 3368 440 3504 507; x_wconf 81' lang='lat'><strong>1768</strong></span> <span class='ocrx_word' id='word_1_8' title='bbox 3529 448 3556 487; x_wconf 58' lang='grc' dir='ltr'><strong>δ</strong></span> 
     </span>
    </p>
   </div>
   <div class='ocr_carea' id='block_1_4' title="bbox 272 538 1871 621">
    <p class='ocr_par' dir='ltr' id='par_1_4' title="bbox 272 538 1863 611">
     <span class='ocr_line' id='line_1_4' title="bbox 272 538 1863 611; baseline 0.001 -19"><span class='ocrx_word' id='word_1_9' title='bbox 272 542 334 593; x_wconf 79' lang='grc' dir='ltr'><strong>τὸ</strong></span> <span class='ocrx_word' id='word_1_10' title='bbox 374 538 660 609; x_wconf 78' lang='grc' dir='ltr'>τριαδικὸν</span> <span class='ocrx_word' id='word_1_11' title='bbox 691 538 1064 593; x_wconf 79' lang='grc' dir='ltr'><strong>συνείλεκται·</strong></span> <span class='ocrx_word' id='word_1_12' title='bbox 1095 538 1388 609; x_wconf 81' lang='grc' dir='ltr'>ὲσαρκὼθη</span> <span class='ocrx_word' id='word_1_13' title='bbox 1425 542 1453 591; x_wconf 91' lang='grc' dir='ltr'><strong>ό</strong></span> <span class='ocrx_word' id='word_1_14' title='bbox 1479 538 1670 611; x_wconf 86' lang='grc' dir='ltr'>πρώην</span> <span class='ocrx_word' id='word_1_15' title='bbox 1689 540 1863 609; x_wconf 80' lang='grc' dir='ltr'>ἄσαρ-</span> 
     </span>
    </p>
   </div>
   <div class='ocr_carea' id='block_1_5' title="bbox 1978 538 3557 621">
    <p class='ocr_par' dir='ltr' id='par_1_5' title="bbox 1978 543 3557 621">
     <span class='ocr_line' id='line_1_5' title="bbox 1978 543 3557 621; baseline 0.011 -27"><span class='ocrx_word' id='word_1_16' title='bbox 1978 558 2175 597; x_wconf 86' lang='lat' dir='ltr'><strong>meram</strong></span> <span class='ocrx_word' id='word_1_17' title='bbox 2206 543 2409 616; x_wconf 86' lang='lat' dir='ltr'><strong>ubique</strong></span> <span class='ocrx_word' id='word_1_18' title='bbox 2439 548 2646 603; x_wconf 88' lang='lat' dir='ltr'><strong>scimus</strong></span> <span class='ocrx_word' id='word_1_19' title='bbox 2672 550 2864 605; x_wconf 81' lang='lat' dir='ltr'><strong>adesse</strong></span> <span class='ocrx_word' id='word_1_20' title='bbox 2895 550 3267 607; x_wconf 89' lang='lat' dir='ltr'><strong>identitatem.</strong></span> <span class='ocrx_word' id='word_1_21' title='bbox 3296 554 3557 621; x_wconf 76' lang='lat' dir='ltr'><strong>Quamvis</strong></span> 
     </span>
    </p>
   </div>
   <div class='ocr_carea' id='block_1_6' title="bbox 273 631 1862 704">
    <p class='ocr_par' dir='ltr' id='par_1_6' title="bbox 273 631 1862 704">
     <span class='ocr_line' id='line_1_6' title="bbox 273 631 1862 704; baseline 0 -19"><span class='ocrx_word' id='word_1_22' title='bbox 273 648 370 693; x_wconf 86' lang='grc' dir='ltr'><strong>κος</strong></span> <span class='ocrx_word' id='word_1_23' title='bbox 408 632 503 684; x_wconf 60' lang='grc' dir='ltr'><strong>καὶ¹</strong></span> <span class='ocrx_word' id='word_1_24' title='bbox 538 631 653 684; x_wconf 80' lang='grc' dir='ltr'>ἔστι</span> <span class='ocrx_word' id='word_1_25' title='bbox 684 631 939 702; x_wconf 84' lang='grc' dir='ltr'>Χριστὸς,</span> <span class='ocrx_word' id='word_1_26' title='bbox 966 632 1024 695; x_wconf 78' lang='grc' dir='ltr'>ὃς</span> <span class='ocrx_word' id='word_1_27' title='bbox 1050 632 1113 684; x_wconf 81' lang='grc' dir='ltr'>ὲκ</span> <span class='ocrx_word' id='word_1_28' title='bbox 1150 632 1351 701; x_wconf 80' lang='grc' dir='ltr'>μέρους</span> <span class='ocrx_word' id='word_1_29' title='bbox 1376 631 1541 685; x_wconf 87' lang='grc' dir='ltr'>αὑτοῦ</span> <span class='ocrx_word' id='word_1_30' title='bbox 1565 634 1733 703; x_wconf 77' lang='grc' dir='ltr'>ἤγουν</span> <span class='ocrx_word' id='word_1_31' title='bbox 1764 636 1862 704; x_wconf 83' lang='grc' dir='ltr'><strong>τῆς</strong></span> 
     </span>
    </p>
   </div>
   <div class='ocr_carea' id='block_1_7' title="bbox 274 724 1861 797">
    <p class='ocr_par' dir='ltr' id='par_1_7' title="bbox 274 724 1861 797">
     <span class='ocr_line' id='line_1_7' title="bbox 274 724 1861 797; baseline -0.001 -18"><span class='ocrx_word' id='word_1_32' title='bbox 274 728 404 797; x_wconf 76' lang='grc' dir='ltr'>μιᾶς</span> <span class='ocrx_word' id='word_1_33' title='bbox 434 725 544 778; x_wconf 83' lang='grc' dir='ltr'><strong>τῶν</strong></span> <span class='ocrx_word' id='word_1_34' title='bbox 574 728 625 778; x_wconf 60' lang='grc' dir='ltr'><strong>ὲν</strong></span> <span class='ocrx_word' id='word_1_35' title='bbox 654 724 806 795; x_wconf 76' lang='grc' dir='ltr'>αὐτῷ</span> <span class='ocrx_word' id='word_1_36' title='bbox 826 725 1041 794; x_wconf 79' lang='grc' dir='ltr'><strong>φύσεων</strong></span> <span class='ocrx_word' id='word_1_37' title='bbox 1064 725 1260 788; x_wconf 83' lang='grc' dir='ltr'><strong>κοινῶς</strong></span> <span class='ocrx_word' id='word_1_38' title='bbox 1298 725 1358 777; x_wconf 90' lang='grc' dir='ltr'><strong>τέ</strong></span> <span class='ocrx_word' id='word_1_39' title='bbox 1390 728 1507 778; x_wconf 82' lang='grc' dir='ltr'>ἐστι</span> <span class='ocrx_word' id='word_1_40' title='bbox 1538 726 1633 779; x_wconf 74' lang='grc' dir='ltr'>καὶ</span> <span class='ocrx_word' id='word_1_41' title='bbox 1667 724 1861 795; x_wconf 80' lang='grc' dir='ltr'>όμοοὺ-</span> 
     </span>
    </p>
   </div>
   <div class='ocr_carea' id='block_1_8' title="bbox 271 814 1865 887">
    <p class='ocr_par' dir='ltr' id='par_1_8' title="bbox 271 814 1865 887">
     <span class='ocr_line' id='line_1_8' title="bbox 271 814 1865 887; baseline 0 -19"><span class='ocrx_word' id='word_1_42' title='bbox 271 832 385 880; x_wconf 89' lang='grc' dir='ltr'>σιος</span> <span class='ocrx_word' id='word_1_43' title='bbox 418 816 512 868; x_wconf 74' lang='grc' dir='ltr'>καὶ</span> <span class='ocrx_word' id='word_1_44' title='bbox 536 814 616 880; x_wconf 76' lang='grc' dir='ltr'>εἷς</span> <span class='ocrx_word' id='word_1_45' title='bbox 645 818 710 887; x_wconf 83' lang='grc' dir='ltr'>τῇ</span> <span class='ocrx_word' id='word_1_46' title='bbox 736 818 917 885; x_wconf 80' lang='grc' dir='ltr'>φύσει,</span> <span class='ocrx_word' id='word_1_47' title='bbox 961 817 1058 870; x_wconf 63' lang='grc' dir='ltr'><strong>σὺν</strong></span> <span class='ocrx_word' id='word_1_48' title='bbox 1088 814 1165 884; x_wconf 83' lang='grc' dir='ltr'>τῷ</span> <span class='ocrx_word' id='word_1_49' title='bbox 1197 816 1371 885; x_wconf 78' lang='grc' dir='ltr'>Πατρὶ</span> <span class='ocrx_word' id='word_1_50' title='bbox 1400 816 1478 868; x_wconf 87' lang='grc' dir='ltr'>τῶ</span> <span class='ocrx_word' id='word_1_51' title='bbox 1515 815 1728 885; x_wconf 81' lang='grc' dir='ltr'>ἀγαθῷ,</span> <span class='ocrx_word' id='word_1_52' title='bbox 1769 815 1865 868; x_wconf 73' lang='grc' dir='ltr'><strong>καὶ</strong></span> 
     </span>
    </p>
   </div>
   <div class='ocr_carea' id='block_1_9' title="bbox 268 908 1859 980">
    <p class='ocr_par' dir='ltr' id='par_1_9' title="bbox 268 908 1859 980">
     <span class='ocr_line' id='line_1_9' title="bbox 268 908 1859 980; baseline -0.001 -18"><span class='ocrx_word' id='word_1_53' title='bbox 268 908 347 979; x_wconf 86' lang='grc' dir='ltr'>τῷ</span> <span class='ocrx_word' id='word_1_54' title='bbox 375 908 516 979; x_wconf 85' lang='grc' dir='ltr'>ἁγίῳ</span> <span class='ocrx_word' id='word_1_55' title='bbox 547 909 712 963; x_wconf 82' lang='grc' dir='ltr'>αὑτοῦ</span> <span class='ocrx_word' id='word_1_56' title='bbox 740 908 1019 980; x_wconf 84' lang='grc' dir='ltr'>Πνεύματι</span> <span class='ocrx_word' id='word_1_57' title='bbox 1053 909 1178 963; x_wconf 87' lang='grc' dir='ltr'>κατ’</span> <span class='ocrx_word' id='word_1_58' title='bbox 1200 908 1390 963; x_wconf 85' lang='grc' dir='ltr'>οὑσίαν</span> <span class='ocrx_word' id='word_1_59' title='bbox 1426 912 1610 972; x_wconf 82' lang='grc' dir='ltr'>αὑτοῖς</span> <span class='ocrx_word' id='word_1_60' title='bbox 1642 908 1859 979; x_wconf 84' lang='grc' dir='ltr'>ἡνωμέ-</span> 
     </span>
    </p>
   </div>
   <div class='ocr_carea' id='block_1_10' title="bbox 268 998 1855 1070">
    <p class='ocr_par' dir='ltr' id='par_1_10' title="bbox 268 998 1855 1070">
     <span class='ocr_line' id='line_1_10' title="bbox 268 998 1855 1070; baseline 0 -18"><span class='ocrx_word' id='word_1_61' title='bbox 268 1018 370 1063; x_wconf 89' lang='grc' dir='ltr'>νος</span> <span class='ocrx_word' id='word_1_62' title='bbox 396 1016 411 1032; x_wconf 77' lang='grc' dir='ltr'><strong><em>ο</em></strong></span> <span class='ocrx_word' id='word_1_63' title='bbox 446 1001 539 1053; x_wconf 75' lang='grc' dir='ltr'><strong>καὶ</strong></span> <span class='ocrx_word' id='word_1_64' title='bbox 571 998 694 1053; x_wconf 79' lang='grc' dir='ltr'>οὕτε</span> <span class='ocrx_word' id='word_1_65' title='bbox 728 999 1069 1070; x_wconf 84' lang='grc' dir='ltr'>πλεονασμὸν</span> <span class='ocrx_word' id='word_1_66' title='bbox 1120 999 1154 1068; x_wconf 86' lang='grc' dir='ltr'>ἢ</span> <span class='ocrx_word' id='word_1_67' title='bbox 1190 998 1369 1067; x_wconf 76' lang='grc' dir='ltr'>λεῖψιν</span> <span class='ocrx_word' id='word_1_68' title='bbox 1412 999 1764 1051; x_wconf 86' lang='grc' dir='ltr'>ὑποστάσεων</span> <span class='ocrx_word' id='word_1_69' title='bbox 1788 1000 1855 1068; x_wconf 82' lang='grc' dir='ltr'>τῇ</span> 
     </span>
    </p>
   </div>
   <div class='ocr_carea' id='block_1_11' title="bbox 269 1085 1865 1165">
    <p class='ocr_par' dir='ltr' id='par_1_11' title="bbox 269 1085 1865 1165">
     <span class='ocr_line' id='line_1_11' title="bbox 269 1085 1865 1165; baseline -0.004 -18"><span class='ocrx_word' id='word_1_70' title='bbox 269 1092 403 1165; x_wconf 76' lang='grc' dir='ltr'>ἁγίᾳ</span> <span class='ocrx_word' id='word_1_71' title='bbox 435 1092 626 1164; x_wconf 90' lang='grc' dir='ltr'>Τριάδι</span> <span class='ocrx_word' id='word_1_72' title='bbox 661 1092 1029 1161; x_wconf 76' lang='grc' dir='ltr'>παρίστησινο</span> <span class='ocrx_word' id='word_1_73' title='bbox 1078 1092 1236 1161; x_wconf 84' lang='grc' dir='ltr'>εῐπερ</span> <span class='ocrx_word' id='word_1_74' title='bbox 1265 1091 1487 1156; x_wconf 82' lang='grc' dir='ltr'>όΛόγος</span> <span class='ocrx_word' id='word_1_75' title='bbox 1537 1090 1636 1161; x_wconf 86' lang='grc' dir='ltr'><strong>μία</strong></span> <span class='ocrx_word' id='word_1_76' title='bbox 1688 1107 1749 1142; x_wconf 91' lang='grc' dir='ltr'><strong>τε</strong></span> <span class='ocrx_word' id='word_1_77' title='bbox 1796 1085 1865 1159; x_wconf 81' lang='grc' dir='ltr'>ἧν</span> 
     </span>
    </p>
   </div>
   <div class='ocr_carea' id='block_1_12' title="bbox 271 1181 1866 1257">
    <p class='ocr_par' dir='ltr' id='par_1_12' title="bbox 271 1181 1866 1257">
     <span class='ocr_line' id='line_1_12' title="bbox 271 1181 1866 1257; baseline -0.002 -18"><span class='ocrx_word' id='word_1_78' title='bbox 271 1186 577 1249; x_wconf 76' lang='grc' dir='ltr'><strong>ὑπόστασις</strong></span> <span class='ocrx_word' id='word_1_79' title='bbox 626 1186 732 1257; x_wconf 81' lang='grc' dir='ltr'>πρὸ</span> <span class='ocrx_word' id='word_1_80' title='bbox 775 1186 978 1255; x_wconf 62' lang='grc' dir='ltr'>σαρκὶς</span> <span class='ocrx_word' id='word_1_81' title='bbox 1020 1185 1113 1239; x_wconf 74' lang='grc' dir='ltr'><strong>καὶ</strong></span> <span class='ocrx_word' id='word_1_82' title='bbox 1166 1185 1304 1256; x_wconf 84' lang='grc' dir='ltr'>μετὰ</span> <span class='ocrx_word' id='word_1_83' title='bbox 1355 1184 1567 1255; x_wconf 82' lang='grc' dir='ltr'>σάρκα⁶</span> <span class='ocrx_word' id='word_1_84' title='bbox 1594 1181 1708 1239; x_wconf 85' lang='grc' dir='ltr'><strong>ἀλλ’</strong></span> <span class='ocrx_word' id='word_1_85' title='bbox 1741 1182 1866 1237; x_wconf 74' lang='grc' dir='ltr'>οὒτε</span> 
     </span>
    </p>
   </div>
   <div class='ocr_carea' id='block_1_13' title="bbox 268 1270 1866 1349">
    <p class='ocr_par' dir='ltr' id='par_1_13' title="bbox 268 1270 1866 1349">
     <span class='ocr_line' id='line_1_13' title="bbox 268 1270 1866 1349; baseline -0.003 -18"><span class='ocrx_word' id='word_1_86' title='bbox 268 1279 509 1332; x_wconf 77' lang='grc' dir='ltr'>ἐλάττων</span> <span class='ocrx_word' id='word_1_87' title='bbox 537 1278 699 1342; x_wconf 74' lang='grc' dir='ltr'>αὑτὸς</span> <span class='ocrx_word' id='word_1_88' title='bbox 734 1280 866 1349; x_wconf 83' lang='grc' dir='ltr'>μιᾶς</span> <span class='ocrx_word' id='word_1_89' title='bbox 895 1278 1250 1341; x_wconf 84' lang='grc' dir='ltr'>ὑποστάσεως</span> <span class='ocrx_word' id='word_1_90' title='bbox 1280 1270 1422 1329; x_wconf 74' lang='grc' dir='ltr'>εἶναι</span> <span class='ocrx_word' id='word_1_91' title='bbox 1454 1274 1563 1346; x_wconf 84' lang='grc' dir='ltr'><strong>πρὸ</strong></span> <span class='ocrx_word' id='word_1_92' title='bbox 1598 1275 1697 1345; x_wconf 83' lang='grc' dir='ltr'>τῆς</span> <span class='ocrx_word' id='word_1_93' title='bbox 1730 1292 1866 1346; x_wconf 89' lang='grc' dir='ltr'>σαρ-</span> 
     </span>
    </p>
   </div>
   <div class='ocr_carea' id='block_1_14' title="bbox 269 1364 1866 1440">
    <p class='ocr_par' dir='ltr' id='par_1_14' title="bbox 269 1364 1866 1440">
     <span class='ocr_line' id='line_1_14' title="bbox 269 1364 1866 1440; baseline -0.005 -16"><span class='ocrx_word' id='word_1_94' title='bbox 269 1370 365 1434; x_wconf 72' lang='grc' dir='ltr'>κὸς</span> <span class='ocrx_word' id='word_1_95' title='bbox 389 1370 671 1423; x_wconf 78' lang='grc' dir='ltr'>δείκνυται</span> <span class='ocrx_word' id='word_1_96' title='bbox 700 1370 759 1421; x_wconf 78' lang='grc' dir='ltr'><strong>ὲν</strong></span> <span class='ocrx_word' id='word_1_97' title='bbox 795 1370 860 1440; x_wconf 76' lang='grc' dir='ltr'>τῇ</span> <span class='ocrx_word' id='word_1_98' title='bbox 893 1368 1027 1440; x_wconf 76' lang='grc' dir='ltr'>ἁγία</span> <span class='ocrx_word' id='word_1_99' title='bbox 1049 1367 1241 1438; x_wconf 87' lang='grc' dir='ltr'>Τριάδι</span> <span class='ocrx_word' id='word_1_100' title='bbox 1273 1366 1550 1436; x_wconf 86' lang='grc' dir='ltr'>δηλονότι·</span> <span class='ocrx_word' id='word_1_101' title='bbox 1586 1364 1709 1417; x_wconf 82' lang='grc' dir='ltr'>οὐδὲ</span> <span class='ocrx_word' id='word_1_102' title='bbox 1758 1364 1866 1434; x_wconf 84' lang='grc' dir='ltr'>γὰρ</span> 
     </span>
    </p>
   </div>
   <div class='ocr_carea' id='block_1_15' title="bbox 271 1455 1866 1531">
    <p class='ocr_par' dir='ltr' id='par_1_15' title="bbox 271 1455 1866 1531">
     <span class='ocr_line' id='line_1_15' title="bbox 271 1455 1866 1531; baseline -0.004 -16"><span class='ocrx_word' id='word_1_103' title='bbox 271 1461 568 1531; x_wconf 79' lang='grc' dir='ltr'>πρόσθεσιν</span> <span class='ocrx_word' id='word_1_104' title='bbox 614 1460 970 1523; x_wconf 80' lang='grc' dir='ltr'><strong>ὑποστάσεως</strong></span> <span class='ocrx_word' id='word_1_105' title='bbox 1024 1458 1413 1529; x_wconf 81' lang='grc' dir='ltr'>ὲπιδεξάμενος</span> <span class='ocrx_word' id='word_1_106' title='bbox 1459 1458 1561 1527; x_wconf 80' lang='grc' dir='ltr'><strong>τὴν</strong></span> <span class='ocrx_word' id='word_1_107' title='bbox 1607 1456 1703 1509; x_wconf 90' lang='grc' dir='ltr'><strong>νῦν</strong></span> <span class='ocrx_word' id='word_1_108' title='bbox 1752 1455 1866 1526; x_wconf 78' lang='grc' dir='ltr'>ἔχει</span> 
     </span>
    </p>
   </div>
   <div class='ocr_carea' id='block_1_16' title="bbox 265 1545 1867 1624">
    <p class='ocr_par' dir='ltr' id='par_1_16' title="bbox 265 1545 1867 1624">
     <span class='ocr_line' id='line_1_16' title="bbox 265 1545 1867 1624; baseline -0.004 -17"><span class='ocrx_word' id='word_1_109' title='bbox 265 1553 583 1624; x_wconf 75' lang='grc' dir='ltr'><strong>τελειότητα</strong></span> <span class='ocrx_word' id='word_1_110' title='bbox 616 1554 716 1624; x_wconf 78' lang='grc' dir='ltr'>τῆς</span> <span class='ocrx_word' id='word_1_111' title='bbox 747 1552 1112 1617; x_wconf 84' lang='grc' dir='ltr'>ὑποστάσεως</span> <span class='ocrx_word' id='word_1_112' title='bbox 1135 1570 1148 1584; x_wconf 74' lang='grc' dir='ltr'><strong>ο</strong></span> <span class='ocrx_word' id='word_1_113' title='bbox 1178 1551 1295 1605; x_wconf 84' lang='grc' dir='ltr'><strong>ἀλλ’</strong></span> <span class='ocrx_word' id='word_1_114' title='bbox 1327 1554 1394 1622; x_wconf 81' lang='grc' dir='ltr'>ἢν</span> <span class='ocrx_word' id='word_1_115' title='bbox 1422 1545 1535 1620; x_wconf 75' lang='grc' dir='ltr'>εἶχε</span> <span class='ocrx_word' id='word_1_116' title='bbox 1569 1550 1728 1620; x_wconf 85' lang='grc' dir='ltr'>μόνον</span> <span class='ocrx_word' id='word_1_117' title='bbox 1775 1549 1867 1602; x_wconf 87' lang='grc' dir='ltr'>κέ-</span> 
     </span>
    </p>
   </div>
   <div class='ocr_carea' id='block_1_17' title="bbox 267 1636 1868 1715">
    <p class='ocr_par' dir='ltr' id='par_1_17' title="bbox 267 1636 1868 1715">
     <span class='ocr_line' id='line_1_17' title="bbox 267 1636 1868 1715; baseline -0.004 -17"><span class='ocrx_word' id='word_1_118' title='bbox 267 1662 487 1711; x_wconf 80' lang='grc' dir='ltr'>κτηται,</span> <span class='ocrx_word' id='word_1_119' title='bbox 524 1644 619 1697; x_wconf 67' lang='grc' dir='ltr'>καὶ</span> <span class='ocrx_word' id='word_1_120' title='bbox 661 1644 800 1713; x_wconf 78' lang='grc' dir='ltr'>μετὰ</span> <span class='ocrx_word' id='word_1_121' title='bbox 832 1642 933 1715; x_wconf 83' lang='grc' dir='ltr'><strong>τὴν</strong></span> <span class='ocrx_word' id='word_1_122' title='bbox 986 1644 1307 1715; x_wconf 82' lang='grc' dir='ltr'>προσθήκην</span> <span class='ocrx_word' id='word_1_123' title='bbox 1352 1636 1420 1713; x_wconf 80' lang='grc' dir='ltr'>ἦς</span> <span class='ocrx_word' id='word_1_124' title='bbox 1465 1642 1567 1695; x_wconf 89' lang='grc' dir='ltr'><strong>οὑκ</strong></span> <span class='ocrx_word' id='word_1_125' title='bbox 1594 1636 1709 1711; x_wconf 79' lang='grc' dir='ltr'>εἶχε</span> <span class='ocrx_word' id='word_1_126' title='bbox 1765 1640 1868 1709; x_wconf 66' lang='lat' dir='ltr'><strong>goti-</strong></span> 
     </span>
    </p>
   </div>
   <div class='ocr_carea' id='block_1_18' title="bbox 269 1732 1864 1808">
    <p class='ocr_par' dir='ltr' id='par_1_18' title="bbox 269 1732 1864 1808">
     <span class='ocr_line' id='line_1_18' title="bbox 269 1732 1864 1808; baseline -0.004 -18"><span class='ocrx_word' id='word_1_127' title='bbox 269 1754 439 1801; x_wconf 84' lang='grc' dir='ltr'>σεως·</span> <span class='ocrx_word' id='word_1_128' title='bbox 474 1738 569 1791; x_wconf 75' lang='grc' dir='ltr'><strong>καὶ</strong></span> <span class='ocrx_word' id='word_1_129' title='bbox 623 1736 795 1800; x_wconf 76' lang='grc' dir='ltr'>οὕτως</span> <span class='ocrx_word' id='word_1_130' title='bbox 827 1739 983 1790; x_wconf 77' lang='grc' dir='ltr'>ἔσται</span> <span class='ocrx_word' id='word_1_131' title='bbox 1012 1738 1143 1808; x_wconf 85' lang='grc' dir='ltr'>ὑμῖν</span> <span class='ocrx_word' id='word_1_132' title='bbox 1191 1737 1269 1800; x_wconf 82' lang='grc' dir='ltr'><strong>είς</strong></span> <span class='ocrx_word' id='word_1_133' title='bbox 1321 1734 1475 1788; x_wconf 80' lang='grc' dir='ltr'>οὐδὲν</span> <span class='ocrx_word' id='word_1_134' title='bbox 1519 1732 1864 1804; x_wconf 82' lang='grc' dir='ltr'>ἀναλυομένη</span> 
     </span>
    </p>
   </div>
   <div class='ocr_carea' id='block_1_19' title="bbox 269 1826 1865 1899">
    <p class='ocr_par' dir='ltr' id='par_1_19' title="bbox 269 1826 1865 1899">
     <span class='ocr_line' id='line_1_19' title="bbox 269 1826 1865 1899; baseline -0.003 -16"><span class='ocrx_word' id='word_1_135' title='bbox 269 1832 426 1885; x_wconf 83' lang='grc' dir='ltr'>πᾶσα</span> <span class='ocrx_word' id='word_1_136' title='bbox 462 1831 573 1883; x_wconf 84' lang='grc' dir='ltr'>τῶν</span> <span class='ocrx_word' id='word_1_137' title='bbox 595 1830 911 1884; x_wconf 87' lang='grc' dir='ltr'>διπλώσεων</span> <span class='ocrx_word' id='word_1_138' title='bbox 942 1832 1036 1885; x_wconf 70' lang='grc' dir='ltr'><strong>ἐπὶ</strong></span> <span class='ocrx_word' id='word_1_139' title='bbox 1067 1831 1169 1893; x_wconf 79' lang='grc' dir='ltr'><strong>τὰς</strong></span> <span class='ocrx_word' id='word_1_140' title='bbox 1204 1827 1539 1899; x_wconf 83' lang='grc' dir='ltr'>τριπλώσεις</span> <span class='ocrx_word' id='word_1_141' title='bbox 1560 1830 1594 1898; x_wconf 81' lang='grc' dir='ltr'><strong>ή</strong></span> <span class='ocrx_word' id='word_1_142' title='bbox 1624 1826 1865 1899; x_wconf 71' lang='grc' dir='ltr'>ψηφολο-</span> 
     </span>
    </p>
   </div>
   <div class='ocr_carea' id='block_1_20' title="bbox 1972 633 3625 710">
    <p class='ocr_par' dir='ltr' id='par_1_20' title="bbox 1972 633 3625 710">
     <span class='ocr_line' id='line_1_20' title="bbox 1972 633 3625 710; baseline 0.011 -24"><span class='ocrx_word' id='word_1_143' title='bbox 1972 633 2142 704; x_wconf 87' lang='lat' dir='ltr'><strong>igitur</strong></span> <span class='ocrx_word' id='word_1_144' title='bbox 2178 636 2319 690; x_wconf 86' lang='lat' dir='ltr'><strong>hanc</strong></span> <span class='ocrx_word' id='word_1_145' title='bbox 2367 653 2590 694; x_wconf 89' lang='lat' dir='ltr'><strong>movere</strong></span> <span class='ocrx_word' id='word_1_146' title='bbox 2637 642 2996 710; x_wconf 81' lang='lat' dir='ltr'><strong>quaestionem</strong></span> <span class='ocrx_word' id='word_1_147' title='bbox 3032 646 3379 701; x_wconf 85' lang='lat' dir='ltr'><strong>rationaliter</strong></span> <span class='ocrx_word' id='word_1_148' title='bbox 3408 649 3558 704; x_wconf 91' lang='lat' dir='ltr'><strong>haud</strong></span> <span class='ocrx_word' id='word_1_149' title='bbox 3614 642 3625 661; x_wconf 45' lang='grc' dir='ltr'><strong>ί</strong></span> 
     </span>
    </p>
   </div>
   <div class='ocr_carea' id='block_1_21' title="bbox 1972 727 3560 802">
    <p class='ocr_par' dir='ltr' id='par_1_21' title="bbox 1972 727 3560 802">
     <span class='ocr_line' id='line_1_21' title="bbox 1972 727 3560 802; baseline 0.009 -23"><span class='ocrx_word' id='word_1_150' title='bbox 1972 727 2290 797; x_wconf 78' lang='lat' dir='ltr'><strong>potueritis,</strong></span> <span class='ocrx_word' id='word_1_151' title='bbox 2339 729 2469 799; x_wconf 85' lang='lat' dir='ltr'><strong>quia</strong></span> <span class='ocrx_word' id='word_1_152' title='bbox 2514 738 2693 784; x_wconf 89' lang='lat' dir='ltr'><strong>tamen</strong></span> <span class='ocrx_word' id='word_1_153' title='bbox 2738 748 2860 802; x_wconf 74' lang='lat' dir='ltr'><strong>qua:</strong></span> <span class='ocrx_word' id='word_1_154' title='bbox 2890 733 2963 790; x_wconf 89' lang='lat' dir='ltr'><strong>sit</strong></span> <span class='ocrx_word' id='word_1_155' title='bbox 2994 739 3421 793; x_wconf 81' lang='lat' dir='ltr'><strong>communicatio</strong></span> <span class='ocrx_word' id='word_1_156' title='bbox 3449 740 3560 793; x_wconf 88' lang='lat' dir='ltr'><strong>Do-</strong></span> 
     </span>
    </p>
   </div>
   <div class='ocr_carea' id='block_1_22' title="bbox 1971 820 3562 900">
    <p class='ocr_par' dir='ltr' id='par_1_22' title="bbox 1971 820 3562 900">
     <span class='ocr_line' id='line_1_22' title="bbox 1971 820 3562 900; baseline 0.009 -28"><span class='ocrx_word' id='word_1_157' title='bbox 1971 820 2105 873; x_wconf 91' lang='lat' dir='ltr'><strong>mini</strong></span> <span class='ocrx_word' id='word_1_158' title='bbox 2154 822 2330 875; x_wconf 83' lang='lat' dir='ltr'><strong>nostri</strong></span> <span class='ocrx_word' id='word_1_159' title='bbox 2382 822 2510 876; x_wconf 85' lang='lat' dir='ltr'><strong>Jcsu</strong></span> <span class='ocrx_word' id='word_1_160' title='bbox 2571 822 2775 879; x_wconf 87' lang='lat' dir='ltr'><strong>Christi</strong></span> <span class='ocrx_word' id='word_1_161' title='bbox 2826 826 2883 880; x_wconf 93' lang='lat' dir='ltr'><strong>in</strong></span> <span class='ocrx_word' id='word_1_162' title='bbox 2937 838 3120 882; x_wconf 84' lang='lat' dir='ltr'><strong>vestra</strong></span> <span class='ocrx_word' id='word_1_163' title='bbox 3166 830 3562 900; x_wconf 87' lang='lat' dir='ltr'><strong>imaginatione</strong></span> 
     </span>
    </p>
   </div>
   <div class='ocr_carea' id='block_1_23' title="bbox 1972 912 3559 989">
    <p class='ocr_par' dir='ltr' id='par_1_23' title="bbox 1972 912 3559 989">
     <span class='ocr_line' id='line_1_23' title="bbox 1972 912 3559 989; baseline 0.009 -25"><span class='ocrx_word' id='word_1_164' title='bbox 1972 912 2242 981; x_wconf 78' lang='lat' dir='ltr'><strong>quzeritis,</strong></span> <span class='ocrx_word' id='word_1_165' title='bbox 2266 913 2369 967; x_wconf 92' lang='lat' dir='ltr'><strong>hoc</strong></span> <span class='ocrx_word' id='word_1_166' title='bbox 2386 914 2668 983; x_wconf 76' lang='lat' dir='ltr'><strong>accipietis</strong></span> <span class='ocrx_word' id='word_1_167' title='bbox 2688 932 2717 969; x_wconf 92' lang='lat' dir='ltr'><strong>a</strong></span> <span class='ocrx_word' id='word_1_168' title='bbox 2735 918 2895 971; x_wconf 90' lang='lat' dir='ltr'><strong>nobis</strong></span> <span class='ocrx_word' id='word_1_169' title='bbox 2914 935 3266 989; x_wconf 83' lang='lat' dir='ltr'><strong>responsum.</strong></span> <span class='ocrx_word' id='word_1_170' title='bbox 3296 923 3559 987; x_wconf 82' lang='lat' dir='ltr'><strong>Verbum,</strong></span> 
     </span>
    </p>
   </div>
   <div class='ocr_carea' id='block_1_24' title="bbox 1973 1002 3562 1084">
    <p class='ocr_par' dir='ltr' id='par_1_24' title="bbox 1973 1002 3562 1084">
     <span class='ocr_line' id='line_1_24' title="bbox 1973 1002 3562 1084; baseline 0.008 -29"><span class='ocrx_word' id='word_1_171' title='bbox 1973 1002 2119 1072; x_wconf 91' lang='lat' dir='ltr'><strong>quod</strong></span> <span class='ocrx_word' id='word_1_172' title='bbox 2154 1013 2240 1057; x_wconf 92' lang='lat' dir='ltr'><strong>est</strong></span> <span class='ocrx_word' id='word_1_173' title='bbox 2275 1021 2442 1058; x_wconf 87' lang='lat' dir='ltr'><strong>unum</strong></span> <span class='ocrx_word' id='word_1_174' title='bbox 2476 1007 2823 1074; x_wconf 85' lang='lat' dir='ltr'><strong>suppositum</strong></span> <span class='ocrx_word' id='word_1_175' title='bbox 2849 1012 3183 1078; x_wconf 88' lang='lat' dir='ltr'><strong>completum</strong></span> <span class='ocrx_word' id='word_1_176' title='bbox 3214 1022 3273 1066; x_wconf 91' lang='lat' dir='ltr'><strong>et</strong></span> <span class='ocrx_word' id='word_1_177' title='bbox 3304 1029 3411 1067; x_wconf 89' lang='lat' dir='ltr'><strong>una</strong></span> <span class='ocrx_word' id='word_1_178' title='bbox 3442 1029 3562 1084; x_wconf 85' lang='lat' dir='ltr'><strong>per-</strong></span> 
     </span>
    </p>
   </div>
   <div class='ocr_carea' id='block_1_25' title="bbox 1974 1094 3563 1168">
    <p class='ocr_par' dir='ltr' id='par_1_25' title="bbox 1974 1094 3563 1168">
     <span class='ocr_line' id='line_1_25' title="bbox 1974 1094 3563 1168; baseline 0.007 -21"><span class='ocrx_word' id='word_1_179' title='bbox 1974 1108 2108 1147; x_wconf 90' lang='lat' dir='ltr'><strong>sona</strong></span> <span class='ocrx_word' id='word_1_180' title='bbox 2135 1094 2494 1148; x_wconf 73' lang='lat' dir='ltr'><strong>sanctissima:</strong></span> <span class='ocrx_word' id='word_1_181' title='bbox 2525 1095 2813 1151; x_wconf 89' lang='lat' dir='ltr'><strong>Trinitatis</strong></span> <span class='ocrx_word' id='word_1_182' title='bbox 2842 1099 2930 1167; x_wconf 76' lang='lat' dir='ltr'><strong>(ex</strong></span> <span class='ocrx_word' id='word_1_183' title='bbox 2960 1102 3212 1168; x_wconf 85' lang='lat' dir='ltr'><strong>personis</strong></span> <span class='ocrx_word' id='word_1_184' title='bbox 3238 1104 3410 1167; x_wconf 90' lang='lat' dir='ltr'><strong>enim,</strong></span> <span class='ocrx_word' id='word_1_185' title='bbox 3451 1120 3563 1158; x_wconf 87' lang='lat' dir='ltr'><strong>non</strong></span> 
     </span>
    </p>
   </div>
   <div class='ocr_carea' id='block_1_26' title="bbox 1973 1186 3563 1262">
    <p class='ocr_par' dir='ltr' id='par_1_26' title="bbox 1973 1186 3563 1262">
     <span class='ocr_line' id='line_1_26' title="bbox 1973 1186 3563 1262; baseline 0.006 -23"><span class='ocrx_word' id='word_1_186' title='bbox 1973 1201 2041 1240; x_wconf 79' lang='lat' dir='ltr'><strong>ex</strong></span> <span class='ocrx_word' id='word_1_187' title='bbox 2069 1186 2284 1240; x_wconf 91' lang='lat' dir='ltr'><strong>naturis</strong></span> <span class='ocrx_word' id='word_1_188' title='bbox 2310 1195 2501 1241; x_wconf 89' lang='lat' dir='ltr'><strong>ternus</strong></span> <span class='ocrx_word' id='word_1_189' title='bbox 2529 1188 2806 1259; x_wconf 77' lang='lat' dir='ltr'><strong>colligitur</strong></span> <span class='ocrx_word' id='word_1_190' title='bbox 2836 1193 3145 1262; x_wconf 89' lang='lat' dir='ltr'><strong>numerus),</strong></span> <span class='ocrx_word' id='word_1_191' title='bbox 3185 1210 3312 1247; x_wconf 90' lang='lat' dir='ltr'><strong>caro</strong></span> <span class='ocrx_word' id='word_1_192' title='bbox 3357 1194 3563 1249; x_wconf 78' lang='lat' dir='ltr'><strong>factum</strong></span> 
     </span>
    </p>
   </div>
   <div class='ocr_carea' id='block_1_27' title="bbox 1974 1279 3565 1347">
    <p class='ocr_par' dir='ltr' id='par_1_27' title="bbox 1974 1279 3565 1347">
     <span class='ocr_line' id='line_1_27' title="bbox 1974 1279 3565 1347; baseline 0.006 -16"><span class='ocrx_word' id='word_1_193' title='bbox 1974 1284 2081 1339; x_wconf 89' lang='lat' dir='ltr'><strong>est,</strong></span> <span class='ocrx_word' id='word_1_194' title='bbox 2113 1291 2238 1330; x_wconf 89' lang='lat' dir='ltr'><strong>cum</strong></span> <span class='ocrx_word' id='word_1_195' title='bbox 2273 1286 2433 1331; x_wconf 87' lang='lat' dir='ltr'><strong>antea</strong></span> <span class='ocrx_word' id='word_1_196' title='bbox 2466 1279 2583 1332; x_wconf 88' lang='lat' dir='ltr'><strong>sine</strong></span> <span class='ocrx_word' id='word_1_197' title='bbox 2632 1294 2797 1333; x_wconf 85' lang='lat' dir='ltr'><strong>carne</strong></span> <span class='ocrx_word' id='word_1_198' title='bbox 2828 1290 2994 1347; x_wconf 91' lang='lat' dir='ltr'><strong>esset,</strong></span> <span class='ocrx_word' id='word_1_199' title='bbox 3025 1290 3080 1335; x_wconf 86' lang='lat' dir='ltr'><strong>et</strong></span> <span class='ocrx_word' id='word_1_200' title='bbox 3127 1299 3275 1338; x_wconf 90' lang='lat' dir='ltr'><strong>nunc</strong></span> <span class='ocrx_word' id='word_1_201' title='bbox 3297 1295 3379 1339; x_wconf 87' lang='lat' dir='ltr'><strong>est</strong></span> <span class='ocrx_word' id='word_1_202' title='bbox 3406 1286 3565 1340; x_wconf 89' lang='lat' dir='ltr'><strong>Chri-</strong></span> 
     </span>
    </p>
   </div>
   <div class='ocr_carea' id='block_1_28' title="bbox 1975 1367 3564 1438">
    <p class='ocr_par' dir='ltr' id='par_1_28' title="bbox 1975 1367 3564 1438">
     <span class='ocr_line' id='line_1_28' title="bbox 1975 1367 3564 1438; baseline 0.005 -17"><span class='ocrx_word' id='word_1_203' title='bbox 1975 1375 2115 1430; x_wconf 89' lang='lat' dir='ltr'><strong>stus,</strong></span> <span class='ocrx_word' id='word_1_204' title='bbox 2153 1367 2245 1436; x_wconf 87' lang='lat' dir='ltr'><strong>qui</strong></span> <span class='ocrx_word' id='word_1_205' title='bbox 2285 1383 2351 1420; x_wconf 77' lang='lat' dir='ltr'><strong>ex</strong></span> <span class='ocrx_word' id='word_1_206' title='bbox 2382 1377 2535 1436; x_wconf 89' lang='lat' dir='ltr'><strong>parte</strong></span> <span class='ocrx_word' id='word_1_207' title='bbox 2581 1368 2666 1421; x_wconf 91' lang='lat' dir='ltr'><strong>sui</strong></span> <span class='ocrx_word' id='word_1_208' title='bbox 2711 1367 2908 1438; x_wconf 91' lang='lat' dir='ltr'><strong>ipsius,</strong></span> <span class='ocrx_word' id='word_1_209' title='bbox 2957 1370 3219 1426; x_wconf 84' lang='lat' dir='ltr'><strong>videlicet</strong></span> <span class='ocrx_word' id='word_1_210' title='bbox 3258 1376 3564 1429; x_wconf 88' lang='lat' dir='ltr'><strong>secundum</strong></span> 
     </span>
    </p>
   </div>
   <div class='ocr_carea' id='block_1_29' title="bbox 1975 1458 3568 1523">
    <p class='ocr_par' dir='ltr' id='par_1_29' title="bbox 1975 1458 3568 1523">
     <span class='ocr_line' id='line_1_29' title="bbox 1975 1458 3568 1523; baseline 0.004 -11"><span class='ocrx_word' id='word_1_211' title='bbox 1975 1474 2141 1512; x_wconf 90' lang='lat' dir='ltr'><strong>unam</strong></span> <span class='ocrx_word' id='word_1_212' title='bbox 2170 1474 2200 1512; x_wconf 90' lang='lat' dir='ltr'><strong>e</strong></span> <span class='ocrx_word' id='word_1_213' title='bbox 2234 1463 2350 1513; x_wconf 90' lang='lat' dir='ltr'><strong>suis</strong></span> <span class='ocrx_word' id='word_1_214' title='bbox 2386 1458 2623 1523; x_wconf 89' lang='lat' dir='ltr'><strong>naturis,</strong></span> <span class='ocrx_word' id='word_1_215' title='bbox 2657 1460 2970 1515; x_wconf 90' lang='lat' dir='ltr'><strong>communis</strong></span> <span class='ocrx_word' id='word_1_216' title='bbox 3007 1472 3093 1516; x_wconf 91' lang='lat' dir='ltr'><strong>est</strong></span> <span class='ocrx_word' id='word_1_217' title='bbox 3123 1464 3568 1519; x_wconf 81' lang='lat' dir='ltr'><strong>consubstantia-</strong></span> 
     </span>
    </p>
   </div>
   <div class='ocr_carea' id='block_1_30' title="bbox 1975 1551 3567 1624">
    <p class='ocr_par' dir='ltr' id='par_1_30' title="bbox 1975 1551 3567 1624">
     <span class='ocr_line' id='line_1_30' title="bbox 1975 1551 3567 1624; baseline 0.003 -19"><span class='ocrx_word' id='word_1_218' title='bbox 1975 1551 2155 1621; x_wconf 87' lang='lat' dir='ltr'><strong>lisque</strong></span> <span class='ocrx_word' id='word_1_219' title='bbox 2180 1560 2235 1606; x_wconf 92' lang='lat' dir='ltr'><strong>ct</strong></span> <span class='ocrx_word' id='word_1_220' title='bbox 2270 1568 2411 1605; x_wconf 89' lang='lat' dir='ltr'><strong>unus</strong></span> <span class='ocrx_word' id='word_1_221' title='bbox 2440 1560 2637 1606; x_wconf 85' lang='lat' dir='ltr'><strong>natura</strong></span> <span class='ocrx_word' id='word_1_222' title='bbox 2670 1568 2794 1607; x_wconf 90' lang='lat' dir='ltr'><strong>cum</strong></span> <span class='ocrx_word' id='word_1_223' title='bbox 2842 1554 3005 1609; x_wconf 88' lang='lat' dir='ltr'><strong>Patre</strong></span> <span class='ocrx_word' id='word_1_224' title='bbox 3040 1556 3250 1624; x_wconf 90' lang='lat' dir='ltr'><strong>optimo</strong></span> <span class='ocrx_word' id='word_1_225' title='bbox 3278 1565 3335 1611; x_wconf 93' lang='lat' dir='ltr'><strong>et</strong></span> <span class='ocrx_word' id='word_1_226' title='bbox 3375 1566 3567 1611; x_wconf 90' lang='lat' dir='ltr'><strong>sancto</strong></span> 
     </span>
    </p>
   </div>
   <div class='ocr_carea' id='block_1_31' title="bbox 1974 1643 3568 1718">
    <p class='ocr_par' dir='ltr' id='par_1_31' title="bbox 1974 1643 3568 1718">
     <span class='ocr_line' id='line_1_31' title="bbox 1974 1643 3568 1718; baseline 0.003 -21"><span class='ocrx_word' id='word_1_227' title='bbox 1974 1645 2094 1713; x_wconf 89' lang='lat' dir='ltr'><strong>ejus</strong></span> <span class='ocrx_word' id='word_1_228' title='bbox 2130 1643 2361 1714; x_wconf 89' lang='lat' dir='ltr'><strong>Spiritu,</strong></span> <span class='ocrx_word' id='word_1_229' title='bbox 2401 1645 2615 1699; x_wconf 87' lang='lat' dir='ltr'><strong>ratione</strong></span> <span class='ocrx_word' id='word_1_230' title='bbox 2662 1646 2916 1700; x_wconf 61' lang='lat' dir='ltr'><strong>essentia:</strong></span> <span class='ocrx_word' id='word_1_231' title='bbox 2948 1646 3083 1715; x_wconf 91' lang='lat' dir='ltr'><strong>ipsis</strong></span> <span class='ocrx_word' id='word_1_232' title='bbox 3120 1648 3329 1704; x_wconf 90' lang='lat' dir='ltr'><strong>unitus.</strong></span> <span class='ocrx_word' id='word_1_233' title='bbox 3376 1650 3568 1718; x_wconf 86' lang='lat' dir='ltr'><strong>Neque</strong></span> 
     </span>
    </p>
   </div>
   <div class='ocr_carea' id='block_1_32' title="bbox 1976 1734 3567 1809">
    <p class='ocr_par' dir='ltr' id='par_1_32' title="bbox 1976 1734 3567 1809">
     <span class='ocr_line' id='line_1_32' title="bbox 1976 1734 3567 1809; baseline 0.004 -22"><span class='ocrx_word' id='word_1_234' title='bbox 1976 1743 2330 1803; x_wconf 80' lang='lat' dir='ltr'><strong>augmentum</strong></span> <span class='ocrx_word' id='word_1_235' title='bbox 2366 1735 2451 1789; x_wconf 86' lang='lat' dir='ltr'><strong>vel</strong></span> <span class='ocrx_word' id='word_1_236' title='bbox 2484 1734 2925 1790; x_wconf 89' lang='lat' dir='ltr'><strong>imminutionem</strong></span> <span class='ocrx_word' id='word_1_237' title='bbox 2972 1737 3131 1791; x_wconf 70' lang='lat' dir='ltr'><strong>adert</strong></span> <span class='ocrx_word' id='word_1_238' title='bbox 3169 1754 3567 1809; x_wconf 82' lang='lat' dir='ltr'><strong>numeroper-</strong></span> 
     </span>
    </p>
   </div>
   <div class='ocr_carea' id='block_1_33' title="bbox 1976 1826 3567 1899">
    <p class='ocr_par' dir='ltr' id='par_1_33' title="bbox 1976 1826 3567 1899">
     <span class='ocr_line' id='line_1_33' title="bbox 1976 1826 3567 1899; baseline 0.006 -20"><span class='ocrx_word' id='word_1_239' title='bbox 1976 1840 2232 1879; x_wconf 83' lang='lat' dir='ltr'><strong>sonarum</strong></span> <span class='ocrx_word' id='word_1_240' title='bbox 2274 1826 2637 1881; x_wconf 74' lang='lat' dir='ltr'><strong>sanctissima:</strong></span> <span class='ocrx_word' id='word_1_241' title='bbox 2666 1827 2955 1883; x_wconf 87' lang='lat' dir='ltr'><strong>Trinitatis</strong></span> <span class='ocrx_word' id='word_1_242' title='bbox 2983 1846 2996 1881; x_wconf 89' lang='lat'><strong>:</strong></span> <span class='ocrx_word' id='word_1_243' title='bbox 3023 1830 3298 1899; x_wconf 90' lang='lat' dir='ltr'><strong>siquidem</strong></span> <span class='ocrx_word' id='word_1_244' title='bbox 3326 1833 3567 1888; x_wconf 75' lang='lat' dir='ltr'><strong>Verbum</strong></span> 
     </span>
    </p>
   </div>
   <div class='ocr_carea' id='block_1_34' title="bbox 265 1912 1871 1993">
    <p class='ocr_par' dir='ltr' id='par_1_34' title="bbox 265 1917 1860 1993">
     <span class='ocr_line' id='line_1_34' title="bbox 265 1917 1860 1993; baseline -0.003 -18"><span class='ocrx_word' id='word_1_245' title='bbox 265 1922 388 1991; x_wconf 86' lang='grc' dir='ltr'>γία,</span> <span class='ocrx_word' id='word_1_246' title='bbox 440 1923 535 1975; x_wconf 68' lang='grc' dir='ltr'>καὶ</span> <span class='ocrx_word' id='word_1_247' title='bbox 569 1924 720 1975; x_wconf 84' lang='grc' dir='ltr'>πᾶσα</span> <span class='ocrx_word' id='word_1_248' title='bbox 756 1923 789 1992; x_wconf 80' lang='grc' dir='ltr'><strong>ἡ</strong></span> <span class='ocrx_word' id='word_1_249' title='bbox 831 1922 972 1993; x_wconf 83' lang='grc' dir='ltr'>ὁμάς</span> <span class='ocrx_word' id='word_1_250' title='bbox 1000 1921 1095 1976; x_wconf 85' lang='grc' dir='ltr'><strong>τοῦ</strong></span> <span class='ocrx_word' id='word_1_251' title='bbox 1127 1921 1417 1989; x_wconf 75' lang='grc' dir='ltr'>ἀλογίστου</span> <span class='ocrx_word' id='word_1_252' title='bbox 1450 1920 1606 1990; x_wconf 84' lang='grc' dir='ltr'>ὑμῶν</span> <span class='ocrx_word' id='word_1_253' title='bbox 1627 1917 1860 1972; x_wconf 86' lang='grc' dir='ltr'>καταλό-</span> 
     </span>
    </p>
   </div>
   <div class='ocr_carea' id='block_1_35' title="bbox 1978 1912 3568 1993">
    <p class='ocr_par' dir='ltr' id='par_1_35' title="bbox 1978 1914 3568 1988">
     <span class='ocr_line' id='line_1_35' title="bbox 1978 1914 3568 1988; baseline 0.007 -21"><span class='ocrx_word' id='word_1_254' title='bbox 1978 1914 2131 1968; x_wconf 86' lang='lat' dir='ltr'><strong>unica</strong></span> <span class='ocrx_word' id='word_1_255' title='bbox 2162 1924 2288 1968; x_wconf 85' lang='lat' dir='ltr'><strong>ante</strong></span> <span class='ocrx_word' id='word_1_256' title='bbox 2317 1915 2779 1982; x_wconf 88' lang='lat' dir='ltr'><strong>incarnationem,</strong></span> <span class='ocrx_word' id='word_1_257' title='bbox 2803 1919 2965 1972; x_wconf 88' lang='lat' dir='ltr'><strong>unica</strong></span> <span class='ocrx_word' id='word_1_258' title='bbox 2990 1928 3113 1988; x_wconf 88' lang='lat' dir='ltr'><strong>post</strong></span> <span class='ocrx_word' id='word_1_259' title='bbox 3131 1921 3568 1978; x_wconf 85' lang='lat' dir='ltr'><strong>incarnationem</strong></span> 
     </span>
    </p>
   </div>
   <div class='ocr_carea' id='block_1_36' title="bbox 266 2006 1869 2086">
    <p class='ocr_par' dir='ltr' id='par_1_36' title="bbox 266 2006 1869 2086">
     <span class='ocr_line' id='line_1_36' title="bbox 266 2006 1869 2086; baseline -0.003 -19"><span class='ocrx_word' id='word_1_260' title='bbox 266 2030 369 2082; x_wconf 85' lang='grc' dir='ltr'><strong>γου</strong></span> <span class='ocrx_word' id='word_1_261' title='bbox 405 2014 642 2082; x_wconf 81' lang='grc' dir='ltr'>εὑλόγως</span> <span class='ocrx_word' id='word_1_262' title='bbox 690 2016 825 2086; x_wconf 80' lang='grc' dir='ltr'>ἡμῖν</span> <span class='ocrx_word' id='word_1_263' title='bbox 870 2013 1368 2085; x_wconf 76' lang='grc' dir='ltr'>παραλογισθεῖσαο</span> <span class='ocrx_word' id='word_1_264' title='bbox 1402 2006 1483 2076; x_wconf 74' lang='grc' dir='ltr'>εἷς</span> <span class='ocrx_word' id='word_1_265' title='bbox 1514 2012 1621 2084; x_wconf 82' lang='grc' dir='ltr'>γὰρ</span> <span class='ocrx_word' id='word_1_266' title='bbox 1647 2011 1781 2073; x_wconf 80' lang='grc' dir='ltr'>ὅλως</span> <span class='ocrx_word' id='word_1_267' title='bbox 1805 2011 1869 2063; x_wconf 86' lang='grc' dir='ltr'>ὲκ</span> 
     </span>
    </p>
   </div>
   <div class='ocr_carea' id='block_1_37' title="bbox 266 2102 1871 2178">
    <p class='ocr_par' dir='ltr' id='par_1_37' title="bbox 266 2102 1871 2178">
     <span class='ocr_line' id='line_1_37' title="bbox 266 2102 1871 2178; baseline -0.002 -19"><span class='ocrx_word' id='word_1_268' title='bbox 266 2107 464 2176; x_wconf 80' lang='grc' dir='ltr'>τριῶν.</span> <span class='ocrx_word' id='word_1_269' title='bbox 488 2102 533 2159; x_wconf 82' lang='grc' dir='ltr'><strong>ὦ</strong></span> <span class='ocrx_word' id='word_1_270' title='bbox 568 2108 789 2178; x_wconf 80' lang='grc' dir='ltr'>δοκήσει</span> <span class='ocrx_word' id='word_1_271' title='bbox 827 2108 1007 2176; x_wconf 73' lang='grc' dir='ltr'>σοφοὶ,</span> <span class='ocrx_word' id='word_1_272' title='bbox 1064 2108 1124 2160; x_wconf 88' lang='grc' dir='ltr'><strong>οὑ</strong></span> <span class='ocrx_word' id='word_1_273' title='bbox 1176 2107 1319 2160; x_wconf 86' lang='grc' dir='ltr'>κατὰ</span> <span class='ocrx_word' id='word_1_274' title='bbox 1352 2105 1644 2159; x_wconf 77' lang='grc' dir='ltr'>κοινωνίαν</span> <span class='ocrx_word' id='word_1_275' title='bbox 1679 2104 1708 2157; x_wconf 85' lang='grc' dir='ltr'>ὁ</span> <span class='ocrx_word' id='word_1_276' title='bbox 1743 2104 1871 2172; x_wconf 83' lang='grc' dir='ltr'>Χρι-</span> 
     </span>
    </p>
   </div>
   <div class='ocr_carea' id='block_1_38' title="bbox 268 2191 1868 2266">
    <p class='ocr_par' dir='ltr' id='par_1_38' title="bbox 268 2191 1868 2266">
     <span class='ocr_line' id='line_1_38' title="bbox 268 2191 1868 2266; baseline -0.004 -17"><span class='ocrx_word' id='word_1_277' title='bbox 268 2197 428 2259; x_wconf 75' lang='grc' dir='ltr'>στόςο</span> <span class='ocrx_word' id='word_1_278' title='bbox 457 2192 539 2259; x_wconf 77' lang='grc' dir='ltr'>εἷς</span> <span class='ocrx_word' id='word_1_279' title='bbox 568 2196 632 2266; x_wconf 85' lang='grc' dir='ltr'>δὴ</span> <span class='ocrx_word' id='word_1_280' title='bbox 692 2198 789 2249; x_wconf 79' lang='grc' dir='ltr'><strong>σὺν</strong></span> <span class='ocrx_word' id='word_1_281' title='bbox 818 2199 934 2258; x_wconf 87' lang='grc' dir='ltr'>τοῖς</span> <span class='ocrx_word' id='word_1_282' title='bbox 978 2196 1188 2258; x_wconf 76' lang='grc' dir='ltr'>λοιποῖς</span> <span class='ocrx_word' id='word_1_283' title='bbox 1238 2194 1331 2248; x_wconf 87' lang='grc' dir='ltr'>δύο</span> <span class='ocrx_word' id='word_1_284' title='bbox 1370 2195 1686 2264; x_wconf 82' lang='grc' dir='ltr'>προσώποις</span> <span class='ocrx_word' id='word_1_285' title='bbox 1726 2191 1868 2245; x_wconf 79' lang='grc' dir='ltr'>κατὰ</span> 
     </span>
    </p>
   </div>
   <div class='ocr_carea' id='block_1_39' title="bbox 266 2282 1869 2359">
    <p class='ocr_par' dir='ltr' id='par_1_39' title="bbox 266 2282 1869 2359">
     <span class='ocr_line' id='line_1_39' title="bbox 266 2282 1869 2359; baseline -0.002 -20"><span class='ocrx_word' id='word_1_286' title='bbox 266 2289 370 2359; x_wconf 84' lang='grc' dir='ltr'>τὴν</span> <span class='ocrx_word' id='word_1_287' title='bbox 398 2289 684 2341; x_wconf 74' lang='grc' dir='ltr'>κοινωνίαν</span> <span class='ocrx_word' id='word_1_288' title='bbox 711 2290 809 2358; x_wconf 83' lang='grc' dir='ltr'><strong>τῆς</strong></span> <span class='ocrx_word' id='word_1_289' title='bbox 840 2289 970 2357; x_wconf 80' lang='grc' dir='ltr'>μιᾶς</span> <span class='ocrx_word' id='word_1_290' title='bbox 991 2286 1100 2339; x_wconf 84' lang='grc' dir='ltr'>τῶν</span> <span class='ocrx_word' id='word_1_291' title='bbox 1140 2288 1196 2339; x_wconf 82' lang='grc' dir='ltr'><strong>ὲν</strong></span> <span class='ocrx_word' id='word_1_292' title='bbox 1222 2285 1371 2356; x_wconf 82' lang='grc' dir='ltr'><strong>αὑτῴ</strong></span> <span class='ocrx_word' id='word_1_293' title='bbox 1409 2285 1648 2355; x_wconf 79' lang='grc' dir='ltr'>φύσεως,</span> <span class='ocrx_word' id='word_1_294' title='bbox 1668 2284 1728 2336; x_wconf 83' lang='grc' dir='ltr'>οὑ</span> <span class='ocrx_word' id='word_1_295' title='bbox 1759 2282 1869 2353; x_wconf 81' lang='grc' dir='ltr'><strong>μὴν</strong></span> 
     </span>
    </p>
   </div>
   <div class='ocr_carea' id='block_1_40' title="bbox 266 2375 1869 2451">
    <p class='ocr_par' dir='ltr' id='par_1_40' title="bbox 266 2375 1869 2451">
     <span class='ocr_line' id='line_1_40' title="bbox 266 2375 1869 2451; baseline -0.004 -18"><span class='ocrx_word' id='word_1_296' title='bbox 266 2381 378 2433; x_wconf 81' lang='grc' dir='ltr'>τῶν</span> <span class='ocrx_word' id='word_1_297' title='bbox 406 2382 463 2433; x_wconf 82' lang='grc' dir='ltr'>ὲν</span> <span class='ocrx_word' id='word_1_298' title='bbox 494 2380 642 2451; x_wconf 83' lang='grc' dir='ltr'>αὑτῷ</span> <span class='ocrx_word' id='word_1_299' title='bbox 668 2380 761 2434; x_wconf 83' lang='grc' dir='ltr'><strong>δύο</strong></span> <span class='ocrx_word' id='word_1_300' title='bbox 796 2380 1013 2449; x_wconf 83' lang='grc' dir='ltr'>φύσεων</span> <span class='ocrx_word' id='word_1_301' title='bbox 1040 2396 1053 2410; x_wconf 76' lang='grc'><strong>⁸</strong></span> <span class='ocrx_word' id='word_1_302' title='bbox 1093 2380 1193 2433; x_wconf 79' lang='grc' dir='ltr'><strong>οὑκ</strong></span> <span class='ocrx_word' id='word_1_303' title='bbox 1218 2380 1323 2432; x_wconf 78' lang='grc' dir='ltr'>εἴτι</span> <span class='ocrx_word' id='word_1_304' title='bbox 1359 2378 1415 2431; x_wconf 83' lang='grc' dir='ltr'>δὲ</span> <span class='ocrx_word' id='word_1_305' title='bbox 1444 2379 1518 2447; x_wconf 81' lang='grc' dir='ltr'>μὴ</span> <span class='ocrx_word' id='word_1_306' title='bbox 1557 2378 1622 2430; x_wconf 86' lang='grc' dir='ltr'>ἐκ</span> <span class='ocrx_word' id='word_1_307' title='bbox 1646 2375 1869 2427; x_wconf 80' lang='grc' dir='ltr'>πάντων</span> 
     </span>
    </p>
   </div>
   <div class='ocr_carea' id='block_1_41' title="bbox 267 2465 1870 2538">
    <p class='ocr_par' dir='ltr' id='par_1_41' title="bbox 267 2465 1870 2538">
     <span class='ocr_line' id='line_1_41' title="bbox 267 2465 1870 2538; baseline -0.004 -13"><span class='ocrx_word' id='word_1_308' title='bbox 267 2473 379 2526; x_wconf 82' lang='grc' dir='ltr'>τῶν</span> <span class='ocrx_word' id='word_1_309' title='bbox 405 2472 599 2525; x_wconf 82' lang='grc' dir='ltr'>ἑαυτοῦ</span> <span class='ocrx_word' id='word_1_310' title='bbox 626 2476 1017 2538; x_wconf 82' lang='grc' dir='ltr'>κοινωνείτινι,</span> <span class='ocrx_word' id='word_1_311' title='bbox 1042 2472 1162 2525; x_wconf 80' lang='grc' dir='ltr'>οὑδὲ</span> <span class='ocrx_word' id='word_1_312' title='bbox 1184 2471 1363 2525; x_wconf 82' lang='grc' dir='ltr'>κοινὸν</span> <span class='ocrx_word' id='word_1_313' title='bbox 1394 2467 1698 2537; x_wconf 75' lang='grc' dir='ltr'>ἔσταιπρδς</span> <span class='ocrx_word' id='word_1_314' title='bbox 1716 2465 1870 2529; x_wconf 79' lang='grc' dir='ltr'>αὑτό.</span> 
     </span>
    </p>
   </div>
   <div class='ocr_carea' id='block_1_42' title="bbox 1978 2005 3567 2083">
    <p class='ocr_par' dir='ltr' id='par_1_42' title="bbox 1978 2005 3567 2083">
     <span class='ocr_line' id='line_1_42' title="bbox 1978 2005 3567 2083; baseline 0.008 -24"><span class='ocrx_word' id='word_1_315' title='bbox 1978 2005 2084 2060; x_wconf 83' lang='lat' dir='ltr'><strong>fuit</strong></span> <span class='ocrx_word' id='word_1_316' title='bbox 2115 2020 2372 2076; x_wconf 83' lang='lat' dir='ltr'><strong>persona,</strong></span> <span class='ocrx_word' id='word_1_317' title='bbox 2403 2016 2457 2061; x_wconf 88' lang='lat' dir='ltr'><strong>et</strong></span> <span class='ocrx_word' id='word_1_318' title='bbox 2488 2007 2664 2076; x_wconf 89' lang='lat' dir='ltr'><strong>ipsum</strong></span> <span class='ocrx_word' id='word_1_319' title='bbox 2698 2024 2807 2064; x_wconf 93' lang='lat' dir='ltr'><strong>non</strong></span> <span class='ocrx_word' id='word_1_320' title='bbox 2839 2010 3083 2066; x_wconf 87' lang='lat' dir='ltr'><strong>caruisse</strong></span> <span class='ocrx_word' id='word_1_321' title='bbox 3116 2012 3396 2083; x_wconf 80' lang='lat' dir='ltr'><strong>hypostasi</strong></span> <span class='ocrx_word' id='word_1_322' title='bbox 3440 2024 3567 2071; x_wconf 85' lang='lat' dir='ltr'><strong>ante</strong></span> 
     </span>
    </p>
   </div>
   <div class='ocr_carea' id='block_1_43' title="bbox 1980 2097 3568 2159">
    <p class='ocr_par' dir='ltr' id='par_1_43' title="bbox 1980 2097 3568 2159">
     <span class='ocr_line' id='line_1_43' title="bbox 1980 2097 3568 2159; baseline 0.004 -8"><span class='ocrx_word' id='word_1_323' title='bbox 1980 2097 2419 2152; x_wconf 83' lang='lat' dir='ltr'><strong>incarnationem</strong></span> <span class='ocrx_word' id='word_1_324' title='bbox 2465 2098 2755 2154; x_wconf 83' lang='lat' dir='ltr'><strong>evidenter</strong></span> <span class='ocrx_word' id='word_1_325' title='bbox 2788 2100 3202 2156; x_wconf 85' lang='lat' dir='ltr'><strong>demonstratur</strong></span> <span class='ocrx_word' id='word_1_326' title='bbox 3238 2104 3293 2157; x_wconf 91' lang='lat' dir='ltr'><strong>in</strong></span> <span class='ocrx_word' id='word_1_327' title='bbox 3337 2105 3568 2159; x_wconf 85' lang='lat' dir='ltr'><strong>sanctis-</strong></span> 
     </span>
    </p>
   </div>
   <div class='ocr_carea' id='block_1_44' title="bbox 1978 2189 3571 2263">
    <p class='ocr_par' dir='ltr' id='par_1_44' title="bbox 1978 2189 3571 2263">
     <span class='ocr_line' id='line_1_44' title="bbox 1978 2189 3571 2263; baseline 0.006 -20"><span class='ocrx_word' id='word_1_328' title='bbox 1978 2190 2117 2244; x_wconf 90' lang='lat' dir='ltr'><strong>sima</strong></span> <span class='ocrx_word' id='word_1_329' title='bbox 2173 2189 2495 2245; x_wconf 88' lang='lat' dir='ltr'><strong>Trinitatc:</strong></span> <span class='ocrx_word' id='word_1_330' title='bbox 2551 2192 2598 2247; x_wconf 89' lang='lat' dir='ltr'><strong>si</strong></span> <span class='ocrx_word' id='word_1_331' title='bbox 2645 2194 2792 2247; x_wconf 90' lang='lat' dir='ltr'><strong>enim</strong></span> <span class='ocrx_word' id='word_1_332' title='bbox 2840 2195 3138 2263; x_wconf 81' lang='lat' dir='ltr'><strong>perfectam</strong></span> <span class='ocrx_word' id='word_1_333' title='bbox 3197 2212 3345 2251; x_wconf 89' lang='lat' dir='ltr'><strong>nunc</strong></span> <span class='ocrx_word' id='word_1_334' title='bbox 3399 2197 3571 2253; x_wconf 80' lang='lat' dir='ltr'><strong>habet</strong></span> 
     </span>
    </p>
   </div>
   <div class='ocr_carea' id='block_1_45' title="bbox 1977 2280 3567 2358">
    <p class='ocr_par' dir='ltr' id='par_1_45' title="bbox 1977 2280 3567 2358">
     <span class='ocr_line' id='line_1_45' title="bbox 1977 2280 3567 2358; baseline 0.006 -23"><span class='ocrx_word' id='word_1_335' title='bbox 1977 2280 2352 2353; x_wconf 78' lang='lat' dir='ltr'><strong>hypostasim,</strong></span> <span class='ocrx_word' id='word_1_336' title='bbox 2407 2298 2520 2335; x_wconf 89' lang='lat' dir='ltr'><strong>non</strong></span> <span class='ocrx_word' id='word_1_337' title='bbox 2582 2283 2730 2352; x_wconf 90' lang='lat' dir='ltr'><strong>quod</strong></span> <span class='ocrx_word' id='word_1_338' title='bbox 2786 2284 3151 2354; x_wconf 84' lang='lat' dir='ltr'><strong>hypostaseos</strong></span> <span class='ocrx_word' id='word_1_339' title='bbox 3208 2298 3567 2358; x_wconf 85' lang='lat' dir='ltr'><strong>augmentum</strong></span> 
     </span>
    </p>
   </div>
   <div class='ocr_carea' id='block_1_46' title="bbox 1980 2372 3567 2451">
    <p class='ocr_par' dir='ltr' id='par_1_46' title="bbox 1980 2372 3567 2451">
     <span class='ocr_line' id='line_1_46' title="bbox 1980 2372 3567 2451; baseline 0.005 -23"><span class='ocrx_word' id='word_1_340' title='bbox 1980 2372 2310 2443; x_wconf 86' lang='lat' dir='ltr'><strong>susceperit,</strong></span> <span class='ocrx_word' id='word_1_341' title='bbox 2340 2373 2437 2428; x_wconf 89' lang='lat' dir='ltr'><strong>sed</strong></span> <span class='ocrx_word' id='word_1_342' title='bbox 2469 2390 2634 2443; x_wconf 90' lang='lat' dir='ltr'><strong>quam</strong></span> <span class='ocrx_word' id='word_1_343' title='bbox 2674 2377 2833 2445; x_wconf 91' lang='lat' dir='ltr'><strong>prius</strong></span> <span class='ocrx_word' id='word_1_344' title='bbox 2857 2378 3115 2444; x_wconf 88' lang='lat' dir='ltr'><strong>habebat,</strong></span> <span class='ocrx_word' id='word_1_345' title='bbox 3157 2380 3261 2434; x_wconf 87' lang='lat' dir='ltr'><strong>hac</strong></span> <span class='ocrx_word' id='word_1_346' title='bbox 3288 2382 3403 2435; x_wconf 91' lang='lat' dir='ltr'><strong>sola</strong></span> <span class='ocrx_word' id='word_1_347' title='bbox 3433 2398 3567 2451; x_wconf 77' lang='lat' dir='ltr'><strong>gau-</strong></span> 
     </span>
    </p>
   </div>
   <div class='ocr_carea' id='block_1_47' title="bbox 1983 2465 3567 2540">
    <p class='ocr_par' dir='ltr' id='par_1_47' title="bbox 1983 2465 3567 2540">
     <span class='ocr_line' id='line_1_47' title="bbox 1983 2465 3567 2540; baseline 0.006 -21"><span class='ocrx_word' id='word_1_348' title='bbox 1983 2465 2103 2531; x_wconf 83' lang='lat' dir='ltr'><strong>det,</strong></span> <span class='ocrx_word' id='word_1_349' title='bbox 2131 2466 2299 2520; x_wconf 87' lang='lat' dir='ltr'><strong>etiam</strong></span> <span class='ocrx_word' id='word_1_350' title='bbox 2327 2473 2452 2535; x_wconf 91' lang='lat' dir='ltr'><strong>post</strong></span> <span class='ocrx_word' id='word_1_351' title='bbox 2475 2466 2775 2523; x_wconf 79' lang='lat' dir='ltr'><strong>additionis</strong></span> <span class='ocrx_word' id='word_1_352' title='bbox 2800 2469 2947 2523; x_wconf 90' lang='lat' dir='ltr'><strong>illius</strong></span> <span class='ocrx_word' id='word_1_353' title='bbox 2974 2487 3136 2540; x_wconf 89' lang='lat' dir='ltr'><strong>quam</strong></span> <span class='ocrx_word' id='word_1_354' title='bbox 3166 2487 3277 2526; x_wconf 86' lang='lat' dir='ltr'><strong>non</strong></span> <span class='ocrx_word' id='word_1_355' title='bbox 3305 2473 3567 2540; x_wconf 86' lang='lat' dir='ltr'><strong>habebat,</strong></span> 
     </span>
    </p>
   </div>
   <div class='ocr_carea' id='block_1_48' title="bbox 268 2560 3567 2639">
    <p class='ocr_par' dir='ltr' id='par_1_48' title="bbox 268 2560 3567 2639">
     <span class='ocr_line' id='line_1_48' title="bbox 268 2560 3567 2639; baseline -0.001 -14"><span class='ocrx_word' id='word_1_356' title='bbox 268 2580 505 2625; x_wconf 78' lang='lat' dir='ltr'><strong>naturae.</strong></span> <span class='ocrx_word' id='word_1_357' title='bbox 536 2569 603 2625; x_wconf 86' lang='lat' dir='ltr'><strong>Et</strong></span> <span class='ocrx_word' id='word_1_358' title='bbox 636 2570 715 2625; x_wconf 85' lang='lat' dir='ltr'><strong>sic</strong></span> <span class='ocrx_word' id='word_1_359' title='bbox 739 2569 897 2625; x_wconf 81' lang='lat' dir='ltr'><strong>vobis</strong></span> <span class='ocrx_word' id='word_1_360' title='bbox 924 2572 979 2623; x_wconf 88' lang='lat' dir='ltr'><strong>in</strong></span> <span class='ocrx_word' id='word_1_361' title='bbox 1006 2569 1240 2623; x_wconf 90' lang='lat' dir='ltr'><strong>nihilum</strong></span> <span class='ocrx_word' id='word_1_362' title='bbox 1294 2566 1517 2621; x_wconf 88' lang='lat' dir='ltr'><strong>redacta</strong></span> <span class='ocrx_word' id='word_1_363' title='bbox 1551 2562 1663 2618; x_wconf 85' lang='lat' dir='ltr'><strong>ruit</strong></span> <span class='ocrx_word' id='word_1_364' title='bbox 1693 2561 1877 2616; x_wconf 87' lang='lat' dir='ltr'><strong>omnis</strong></span> <span class='ocrx_word' id='word_1_365' title='bbox 1907 2560 2347 2629; x_wconf 72' lang='lat' dir='ltr'><strong>duplicationum</strong></span> <span class='ocrx_word' id='word_1_366' title='bbox 2377 2577 2544 2631; x_wconf 86' lang='lat' dir='ltr'><strong>supra</strong></span> <span class='ocrx_word' id='word_1_367' title='bbox 2574 2564 2973 2633; x_wconf 86' lang='lat' dir='ltr'><strong>triplicationes</strong></span> <span class='ocrx_word' id='word_1_368' title='bbox 3004 2577 3390 2637; x_wconf 84' lang='lat' dir='ltr'><strong>congestarum</strong></span> <span class='ocrx_word' id='word_1_369' title='bbox 3432 2584 3567 2639; x_wconf 89' lang='lat' dir='ltr'><strong>sup—</strong></span> 
     </span>
    </p>
   </div>
   <div class='ocr_carea' id='block_1_49' title="bbox 270 2657 3567 2735">
    <p class='ocr_par' dir='ltr' id='par_1_49' title="bbox 270 2657 3567 2735">
     <span class='ocr_line' id='line_1_49' title="bbox 270 2657 3567 2735; baseline 0 -17"><span class='ocrx_word' id='word_1_370' title='bbox 270 2664 527 2735; x_wconf 88' lang='lat' dir='ltr'><strong>putatio,</strong></span> <span class='ocrx_word' id='word_1_371' title='bbox 578 2674 635 2719; x_wconf 92' lang='lat' dir='ltr'><strong>et</strong></span> <span class='ocrx_word' id='word_1_372' title='bbox 686 2673 798 2719; x_wconf 88' lang='lat' dir='ltr'><strong>tota</strong></span> <span class='ocrx_word' id='word_1_373' title='bbox 845 2665 940 2720; x_wconf 90' lang='lat' dir='ltr'><strong>illa</strong></span> <span class='ocrx_word' id='word_1_374' title='bbox 982 2662 1475 2719; x_wconf 78' lang='lat' dir='ltr'><strong>innumerabilium</strong></span> <span class='ocrx_word' id='word_1_375' title='bbox 1533 2658 1872 2715; x_wconf 84' lang='lat' dir='ltr'><strong>calculorum</strong></span> <span class='ocrx_word' id='word_1_376' title='bbox 1913 2672 2149 2721; x_wconf 86' lang='lat' dir='ltr'><strong>summa,</strong></span> <span class='ocrx_word' id='word_1_377' title='bbox 2224 2657 2433 2711; x_wconf 88' lang='lat' dir='ltr'><strong>erroris</strong></span> <span class='ocrx_word' id='word_1_378' title='bbox 2468 2660 2666 2714; x_wconf 88' lang='lat' dir='ltr'><strong>merito</strong></span> <span class='ocrx_word' id='word_1_379' title='bbox 2708 2676 2739 2715; x_wconf 92' lang='lat' dir='ltr'><strong>a</strong></span> <span class='ocrx_word' id='word_1_380' title='bbox 2803 2663 2966 2717; x_wconf 91' lang='lat' dir='ltr'><strong>nobis</strong></span> <span class='ocrx_word' id='word_1_381' title='bbox 3010 2666 3285 2721; x_wconf 90' lang='lat' dir='ltr'><strong>convicta.</strong></span> <span class='ocrx_word' id='word_1_382' title='bbox 3324 2666 3567 2733; x_wconf 86' lang='lat' dir='ltr'><strong>Etenim,</strong></span> 
     </span>
    </p>
   </div>
   <div class='ocr_carea' id='block_1_50' title="bbox 266 2752 3568 2831">
    <p class='ocr_par' dir='ltr' id='par_1_50' title="bbox 266 2752 3568 2831">
     <span class='ocr_line' id='line_1_50' title="bbox 266 2752 3568 2831; baseline 0 -17"><span class='ocrx_word' id='word_1_383' title='bbox 266 2778 304 2814; x_wconf 86' lang='grc' dir='ltr'>ο</span> <span class='ocrx_word' id='word_1_384' title='bbox 339 2776 437 2816; x_wconf 90' lang='lat' dir='ltr'><strong>vos</strong></span> <span class='ocrx_word' id='word_1_385' title='bbox 475 2761 531 2814; x_wconf 91' lang='lat' dir='ltr'><strong>in</strong></span> <span class='ocrx_word' id='word_1_386' title='bbox 563 2770 746 2815; x_wconf 88' lang='lat' dir='ltr'><strong>vestra</strong></span> <span class='ocrx_word' id='word_1_387' title='bbox 790 2761 1053 2831; x_wconf 89' lang='lat' dir='ltr'><strong>opinione</strong></span> <span class='ocrx_word' id='word_1_388' title='bbox 1096 2760 1394 2830; x_wconf 88' lang='lat' dir='ltr'><strong>sapientes,</strong></span> <span class='ocrx_word' id='word_1_389' title='bbox 1471 2756 1725 2812; x_wconf 89' lang='lat' dir='ltr'><strong>Christus</strong></span> <span class='ocrx_word' id='word_1_390' title='bbox 1765 2769 1909 2809; x_wconf 92' lang='lat' dir='ltr'><strong>unus</strong></span> <span class='ocrx_word' id='word_1_391' title='bbox 1953 2762 2039 2808; x_wconf 84' lang='lat' dir='ltr'><strong>est</strong></span> <span class='ocrx_word' id='word_1_392' title='bbox 2078 2768 2148 2808; x_wconf 83' lang='lat' dir='ltr'><strong>ex</strong></span> <span class='ocrx_word' id='word_1_393' title='bbox 2202 2752 2404 2819; x_wconf 91' lang='lat' dir='ltr'><strong>tribus,</strong></span> <span class='ocrx_word' id='word_1_394' title='bbox 2457 2756 2576 2810; x_wconf 88' lang='lat' dir='ltr'><strong>sine</strong></span> <span class='ocrx_word' id='word_1_395' title='bbox 2624 2760 3148 2827; x_wconf 87' lang='lat' dir='ltr'><strong>communicatione,</strong></span> <span class='ocrx_word' id='word_1_396' title='bbox 3194 2778 3339 2816; x_wconf 91' lang='lat' dir='ltr'><strong>unus</strong></span> <span class='ocrx_word' id='word_1_397' title='bbox 3382 2772 3568 2817; x_wconf 88' lang='lat' dir='ltr'><strong>autem</strong></span> 
     </span>
    </p>
   </div>
   <div class='ocr_carea' id='block_1_51' title="bbox 265 2850 3568 2935">
    <p class='ocr_par' dir='ltr' id='par_1_51' title="bbox 265 2850 3568 2935">
     <span class='ocr_line' id='line_1_51' title="bbox 265 2850 3568 2935; baseline 0.002 -27"><span class='ocrx_word' id='word_1_398' title='bbox 265 2863 357 2909; x_wconf 88' lang='lat' dir='ltr'><strong>est</strong></span> <span class='ocrx_word' id='word_1_399' title='bbox 423 2870 549 2908; x_wconf 90' lang='lat' dir='ltr'><strong>cum</strong></span> <span class='ocrx_word' id='word_1_400' title='bbox 614 2855 829 2910; x_wconf 83' lang='lat' dir='ltr'><strong>duabus</strong></span> <span class='ocrx_word' id='word_1_401' title='bbox 867 2856 994 2910; x_wconf 87' lang='lat' dir='ltr'><strong>aliis</strong></span> <span class='ocrx_word' id='word_1_402' title='bbox 1033 2855 1288 2925; x_wconf 85' lang='lat' dir='ltr'><strong>personis</strong></span> <span class='ocrx_word' id='word_1_403' title='bbox 1330 2869 1428 2922; x_wconf 91' lang='lat' dir='ltr'><strong>per</strong></span> <span class='ocrx_word' id='word_1_404' title='bbox 1465 2851 2022 2907; x_wconf 89' lang='lat' dir='ltr'><strong>communicationem</strong></span> <span class='ocrx_word' id='word_1_405' title='bbox 2054 2850 2241 2914; x_wconf 89' lang='lat' dir='ltr'><strong>unius,</strong></span> <span class='ocrx_word' id='word_1_406' title='bbox 2290 2865 2401 2904; x_wconf 89' lang='lat' dir='ltr'><strong>non</strong></span> <span class='ocrx_word' id='word_1_407' title='bbox 2451 2866 2586 2906; x_wconf 88' lang='lat' dir='ltr'><strong>vero</strong></span> <span class='ocrx_word' id='word_1_408' title='bbox 2614 2855 2901 2924; x_wconf 87' lang='lat' dir='ltr'><strong>utriusque</strong></span> <span class='ocrx_word' id='word_1_409' title='bbox 2948 2870 3171 2910; x_wconf 87' lang='lat' dir='ltr'><strong>suarum</strong></span> <span class='ocrx_word' id='word_1_410' title='bbox 3207 2866 3568 2935; x_wconf 85' lang='lat' dir='ltr'><strong>naturarum;</strong></span> 
     </span>
    </p>
   </div>
   <div class='ocr_carea' id='block_1_52' title="bbox 265 2940 3570 3020">
    <p class='ocr_par' dir='ltr' id='par_1_52' title="bbox 265 2940 3570 3020">
     <span class='ocr_line' id='line_1_52' title="bbox 265 2940 3570 3020; baseline 0.002 -16"><span class='ocrx_word' id='word_1_411' title='bbox 265 2948 524 3020; x_wconf 81' lang='lat' dir='ltr'><strong>quamvis</strong></span> <span class='ocrx_word' id='word_1_412' title='bbox 574 2958 759 3003; x_wconf 89' lang='lat' dir='ltr'><strong>autem</strong></span> <span class='ocrx_word' id='word_1_413' title='bbox 815 2948 1025 3019; x_wconf 89' lang='lat' dir='ltr'><strong>aliquid</strong></span> <span class='ocrx_word' id='word_1_414' title='bbox 1069 2948 1229 3003; x_wconf 83' lang='lat' dir='ltr'><strong>alteri</strong></span> <span class='ocrx_word' id='word_1_415' title='bbox 1266 2961 1376 3001; x_wconf 91' lang='lat' dir='ltr'><strong>non</strong></span> <span class='ocrx_word' id='word_1_416' title='bbox 1418 2942 1791 2999; x_wconf 89' lang='lat' dir='ltr'><strong>communicet</strong></span> <span class='ocrx_word' id='word_1_417' title='bbox 1853 2958 1921 2997; x_wconf 85' lang='lat' dir='ltr'><strong>ex</strong></span> <span class='ocrx_word' id='word_1_418' title='bbox 1997 2940 2255 2994; x_wconf 90' lang='lat' dir='ltr'><strong>omnibus</strong></span> <span class='ocrx_word' id='word_1_419' title='bbox 2300 2942 2439 3007; x_wconf 89' lang='lat' dir='ltr'><strong>suis,</strong></span> <span class='ocrx_word' id='word_1_420' title='bbox 2489 2957 2598 2995; x_wconf 92' lang='lat' dir='ltr'><strong>non</strong></span> <span class='ocrx_word' id='word_1_421' title='bbox 2636 2944 2760 2999; x_wconf 89' lang='lat' dir='ltr'><strong>ideo</strong></span> <span class='ocrx_word' id='word_1_422' title='bbox 2793 2959 3085 3002; x_wconf 88' lang='lat' dir='ltr'><strong>commune</strong></span> <span class='ocrx_word' id='word_1_423' title='bbox 3129 2964 3254 3003; x_wconf 88' lang='lat' dir='ltr'><strong>cum</strong></span> <span class='ocrx_word' id='word_1_424' title='bbox 3300 2950 3397 3005; x_wconf 88' lang='lat' dir='ltr'><strong>illo</strong></span> <span class='ocrx_word' id='word_1_425' title='bbox 3456 2969 3570 3009; x_wconf 90' lang='lat' dir='ltr'><strong>non</strong></span> 
     </span>
    </p>
   </div>
   <div class='ocr_carea' id='block_1_53' title="bbox 263 3041 398 3098">
    <p class='ocr_par' dir='ltr' id='par_1_53' title="bbox 263 3041 398 3098">
     <span class='ocr_line' id='line_1_53' title="bbox 263 3041 398 3098; baseline -0.022 0"><span class='ocrx_word' id='word_1_426' title='bbox 263 3041 398 3098; x_wconf 86' lang='lat' dir='ltr'><strong>crit.</strong></span> 
     </span>
    </p>
   </div>
   <div class='ocr_carea' id='block_1_54' title="bbox 901 3134 1276 3190">
    <p class='ocr_par' dir='ltr' id='par_1_54' title="bbox 901 3134 1276 3190">
     <span class='ocr_line' id='line_1_54' title="bbox 901 3134 1276 3190; baseline -0.003 -1"><span class='ocrx_word' id='word_1_427' title='bbox 901 3138 1155 3190; x_wconf 77' lang='grc' dir='ltr'><strong>ΚΕΦΑΛ.</strong></span> <span class='ocrx_word' id='word_1_428' title='bbox 1200 3134 1276 3189; x_wconf 86' lang='lat' dir='ltr'><strong>E&#39;.</strong></span> 
     </span>
    </p>
   </div>
   <div class='ocr_carea' id='block_1_55' title="bbox 344 3221 1872 3302">
    <p class='ocr_par' dir='ltr' id='par_1_55' title="bbox 344 3221 1872 3302">
     <span class='ocr_line' id='line_1_55' title="bbox 344 3221 1872 3302; baseline -0.012 -11"><span class='ocrx_word' id='word_1_429' title='bbox 344 3238 409 3291; x_wconf 77' lang='grc' dir='ltr'><strong>Εἰ</strong></span> <span class='ocrx_word' id='word_1_430' title='bbox 446 3235 503 3290; x_wconf 83' lang='grc' dir='ltr'>τὺ</span> <span class='ocrx_word' id='word_1_431' title='bbox 535 3230 622 3301; x_wconf 75' lang='grc' dir='ltr'>εἷς</span> <span class='ocrx_word' id='word_1_432' title='bbox 651 3233 761 3302; x_wconf 80' lang='grc' dir='ltr'>τῆς</span> <span class='ocrx_word' id='word_1_433' title='bbox 795 3228 1036 3298; x_wconf 81' lang='grc' dir='ltr'>Τριάδος</span> <span class='ocrx_word' id='word_1_434' title='bbox 1093 3229 1157 3281; x_wconf 82' lang='grc' dir='ltr'>ὲκ</span> <span class='ocrx_word' id='word_1_435' title='bbox 1212 3227 1468 3295; x_wconf 76' lang='grc' dir='ltr'>θεότητος</span> <span class='ocrx_word' id='word_1_436' title='bbox 1524 3226 1618 3278; x_wconf 73' lang='grc' dir='ltr'><strong>καὶ</strong></span> <span class='ocrx_word' id='word_1_437' title='bbox 1671 3221 1872 3293; x_wconf 77' lang='grc' dir='ltr'>σαρκὸς</span> 
     </span>
    </p>
   </div>
   <div class='ocr_carea' id='block_1_56' title="bbox 272 3314 1869 3401">
    <p class='ocr_par' dir='ltr' id='par_1_56' title="bbox 272 3314 1869 3401">
     <span class='ocr_line' id='line_1_56' title="bbox 272 3314 1869 3401; baseline -0.012 -16"><span class='ocrx_word' id='word_1_438' title='bbox 272 3330 626 3401; x_wconf 75' lang='grc' dir='ltr'>σημαίνεται,</span> <span class='ocrx_word' id='word_1_439' title='bbox 671 3324 788 3387; x_wconf 83' lang='grc' dir='ltr'><strong>πῶς</strong></span> <span class='ocrx_word' id='word_1_440' title='bbox 817 3324 917 3377; x_wconf 89' lang='grc' dir='ltr'><strong>οὑκ</strong></span> <span class='ocrx_word' id='word_1_441' title='bbox 953 3321 1107 3375; x_wconf 75' lang='grc' dir='ltr'>ἔσται</span> <span class='ocrx_word' id='word_1_442' title='bbox 1134 3320 1233 3390; x_wconf 80' lang='grc' dir='ltr'><strong>τῆς</strong></span> <span class='ocrx_word' id='word_1_443' title='bbox 1256 3318 1485 3389; x_wconf 84' lang='grc' dir='ltr'>Τριάδος</span> <span class='ocrx_word' id='word_1_444' title='bbox 1512 3318 1603 3371; x_wconf 71' lang='grc' dir='ltr'>καὶ</span> <span class='ocrx_word' id='word_1_445' title='bbox 1624 3318 1657 3386; x_wconf 81' lang='grc' dir='ltr'>ἡ</span> <span class='ocrx_word' id='word_1_446' title='bbox 1697 3314 1869 3383; x_wconf 83' lang='grc' dir='ltr'>σάρξ;</span> 
     </span>
    </p>
   </div>
   <div class='ocr_carea' id='block_1_57' title="bbox 270 3408 1873 3495">
    <p class='ocr_par' dir='ltr' id='par_1_57' title="bbox 270 3408 1873 3495">
     <span class='ocr_line' id='line_1_57' title="bbox 270 3408 1873 3495; baseline -0.011 -17"><span class='ocrx_word' id='word_1_447' title='bbox 270 3429 324 3478; x_wconf 87' lang='grc' dir='ltr'>εί</span> <span class='ocrx_word' id='word_1_448' title='bbox 351 3424 407 3477; x_wconf 83' lang='grc' dir='ltr'><strong>δὲ</strong></span> <span class='ocrx_word' id='word_1_449' title='bbox 506 3422 637 3489; x_wconf 85' lang='grc' dir='ltr'>ἁγία</span> <span class='ocrx_word' id='word_1_450' title='bbox 669 3417 842 3488; x_wconf 80' lang='grc' dir='ltr'>Τριὰς</span> <span class='ocrx_word' id='word_1_451' title='bbox 862 3417 1004 3471; x_wconf 87' lang='grc' dir='ltr'>κατά</span> <span class='ocrx_word' id='word_1_452' title='bbox 1032 3432 1085 3467; x_wconf 88' lang='grc' dir='ltr'>τι</span> <span class='ocrx_word' id='word_1_453' title='bbox 1113 3414 1280 3485; x_wconf 88' lang='grc' dir='ltr'>μονάς</span> <span class='ocrx_word' id='word_1_454' title='bbox 1313 3415 1451 3474; x_wconf 72' lang='grc' dir='ltr'>ἐστι,</span> <span class='ocrx_word' id='word_1_455' title='bbox 1474 3413 1575 3464; x_wconf 87' lang='grc' dir='ltr'><strong>οὑκ</strong></span> <span class='ocrx_word' id='word_1_456' title='bbox 1606 3411 1757 3462; x_wconf 77' lang='grc' dir='ltr'>ἔσται</span> <span class='ocrx_word' id='word_1_457' title='bbox 1780 3408 1873 3461; x_wconf 76' lang='grc' dir='ltr'>καὶ</span> 
     </span>
    </p>
   </div>
   <div class='ocr_carea' id='block_1_58' title="bbox 262 3498 1874 3588">
    <p class='ocr_par' dir='ltr' id='par_1_58' title="bbox 262 3498 1874 3588">
     <span class='ocr_line' id='line_1_58' title="bbox 262 3498 1874 3588; baseline -0.012 -18"><span class='ocrx_word' id='word_1_458' title='bbox 262 3498 376 3588; x_wconf 34' lang='grc' dir='ltr'>’τῆς</span> <span class='ocrx_word' id='word_1_459' title='bbox 410 3514 641 3583; x_wconf 80' lang='grc' dir='ltr'>μονάδος</span> <span class='ocrx_word' id='word_1_460' title='bbox 676 3513 710 3582; x_wconf 80' lang='grc' dir='ltr'>ὴ</span> <span class='ocrx_word' id='word_1_461' title='bbox 748 3508 887 3580; x_wconf 78' lang='grc' dir='ltr'>σάρξ</span> <span class='ocrx_word' id='word_1_462' title='bbox 912 3526 927 3540; x_wconf 86' lang='grc'>·</span> <span class='ocrx_word' id='word_1_463' title='bbox 957 3508 1004 3560; x_wconf 83' lang='grc' dir='ltr'><strong>εί</strong></span> <span class='ocrx_word' id='word_1_464' title='bbox 1039 3506 1096 3559; x_wconf 81' lang='grc' dir='ltr'>δὲ</span> <span class='ocrx_word' id='word_1_465' title='bbox 1125 3506 1224 3576; x_wconf 76' lang='grc' dir='ltr'>τῆς</span> <span class='ocrx_word' id='word_1_466' title='bbox 1259 3503 1487 3574; x_wconf 83' lang='grc' dir='ltr'>μονάδος</span> <span class='ocrx_word' id='word_1_467' title='bbox 1514 3504 1548 3574; x_wconf 82' lang='grc' dir='ltr'>ἡ</span> <span class='ocrx_word' id='word_1_468' title='bbox 1582 3499 1739 3572; x_wconf 80' lang='grc' dir='ltr'>σὰρξ,</span> <span class='ocrx_word' id='word_1_469' title='bbox 1760 3516 1874 3553; x_wconf 82' lang='grc' dir='ltr'>κτι-</span> 
     </span>
    </p>
   </div>
   <div class='ocr_carea' id='block_1_59' title="bbox 275 3591 1873 3680">
    <p class='ocr_par' dir='ltr' id='par_1_59' title="bbox 275 3591 1873 3680">
     <span class='ocr_line' id='line_1_59' title="bbox 275 3591 1873 3680; baseline -0.011 -18"><span class='ocrx_word' id='word_1_470' title='bbox 275 3608 380 3680; x_wconf 84' lang='grc' dir='ltr'>στὴ</span> <span class='ocrx_word' id='word_1_471' title='bbox 408 3608 464 3660; x_wconf 78' lang='grc' dir='ltr'>δὲ</span> <span class='ocrx_word' id='word_1_472' title='bbox 497 3604 657 3675; x_wconf 75' lang='grc' dir='ltr'>αὕτη,</span> <span class='ocrx_word' id='word_1_473' title='bbox 695 3604 812 3666; x_wconf 83' lang='grc' dir='ltr'><strong>πῶς</strong></span> <span class='ocrx_word' id='word_1_474' title='bbox 844 3601 1101 3663; x_wconf 80' lang='grc' dir='ltr'>ἄκτιστος</span> <span class='ocrx_word' id='word_1_475' title='bbox 1148 3601 1181 3669; x_wconf 81' lang='grc' dir='ltr'><strong>ἡ</strong></span> <span class='ocrx_word' id='word_1_476' title='bbox 1218 3598 1421 3668; x_wconf 83' lang='grc' dir='ltr'>μονάς;</span> <span class='ocrx_word' id='word_1_477' title='bbox 1465 3595 1627 3649; x_wconf 86' lang='grc' dir='ltr'><strong>Ἀ).λὰ</strong></span> <span class='ocrx_word' id='word_1_478' title='bbox 1671 3595 1756 3653; x_wconf 77' lang='grc' dir='ltr'><strong>τίς</strong></span> <span class='ocrx_word' id='word_1_479' title='bbox 1808 3591 1873 3646; x_wconf 80' lang='grc' dir='ltr'><strong>ἂν</strong></span> 
     </span>
    </p>
   </div>
   <div class='ocr_carea' id='block_1_60' title="bbox 273 3684 1869 3772">
    <p class='ocr_par' dir='ltr' id='par_1_60' title="bbox 273 3684 1869 3772">
     <span class='ocr_line' id='line_1_60' title="bbox 273 3684 1869 3772; baseline -0.013 -17"><span class='ocrx_word' id='word_1_480' title='bbox 273 3703 363 3772; x_wconf 81' lang='grc' dir='ltr'>εἴη</span> <span class='ocrx_word' id='word_1_481' title='bbox 394 3700 552 3767; x_wconf 75' lang='grc' dir='ltr'>λόγος</span> <span class='ocrx_word' id='word_1_482' title='bbox 593 3698 721 3768; x_wconf 85' lang='grc' dir='ltr'>ὑμῖν</span> <span class='ocrx_word' id='word_1_483' title='bbox 753 3696 783 3748; x_wconf 86' lang='grc' dir='ltr'>ὁ</span> <span class='ocrx_word' id='word_1_484' title='bbox 825 3692 1109 3764; x_wconf 85' lang='grc' dir='ltr'>παριστῶν</span> <span class='ocrx_word' id='word_1_485' title='bbox 1164 3690 1226 3743; x_wconf 83' lang='grc' dir='ltr'><strong>τὸ</strong></span> <span class='ocrx_word' id='word_1_486' title='bbox 1277 3689 1417 3743; x_wconf 85' lang='grc' dir='ltr'>κατά</span> <span class='ocrx_word' id='word_1_487' title='bbox 1461 3705 1513 3741; x_wconf 93' lang='grc' dir='ltr'><strong>τι</strong></span> <span class='ocrx_word' id='word_1_488' title='bbox 1555 3684 1869 3750; x_wconf 80' lang='grc' dir='ltr'>κοινωνοῦν,</span> 
     </span>
    </p>
   </div>
   <div class='ocr_carea' id='block_1_61' title="bbox 274 3772 1871 3856">
    <p class='ocr_par' dir='ltr' id='par_1_61' title="bbox 274 3772 1871 3856">
     <span class='ocr_line' id='line_1_61' title="bbox 274 3772 1871 3856; baseline -0.011 -8"><span class='ocrx_word' id='word_1_489' title='bbox 274 3795 499 3856; x_wconf 81' lang='grc' dir='ltr'>πάντως</span> <span class='ocrx_word' id='word_1_490' title='bbox 527 3788 782 3845; x_wconf 72' lang='grc' dir='ltr'>καὶκατὰ</span> <span class='ocrx_word' id='word_1_491' title='bbox 808 3786 984 3840; x_wconf 84' lang='grc' dir='ltr'>πάντα</span> <span class='ocrx_word' id='word_1_492' title='bbox 1015 3785 1293 3838; x_wconf 86' lang='grc' dir='ltr'>κοινωνεῖν</span> <span class='ocrx_word' id='word_1_493' title='bbox 1323 3781 1671 3849; x_wconf 82' lang='grc' dir='ltr'>ἀναγκαίως;</span> <span class='ocrx_word' id='word_1_494' title='bbox 1706 3779 1752 3832; x_wconf 88' lang='grc' dir='ltr'><strong>εί</strong></span> <span class='ocrx_word' id='word_1_495' title='bbox 1776 3772 1871 3831; x_wconf 83' lang='grc' dir='ltr'><strong>οῦν</strong></span> 
     </span>
    </p>
   </div>
   <div class='ocr_carea' id='block_1_62' title="bbox 274 3872 1872 3957">
    <p class='ocr_par' dir='ltr' id='par_1_62' title="bbox 274 3872 1872 3957">
     <span class='ocr_line' id='line_1_62' title="bbox 274 3872 1872 3957; baseline -0.009 -20"><span class='ocrx_word' id='word_1_496' title='bbox 274 3889 313 3957; x_wconf 75' lang='grc' dir='ltr'><strong>ἡ</strong></span> <span class='ocrx_word' id='word_1_497' title='bbox 348 3884 485 3955; x_wconf 78' lang='grc' dir='ltr'>σὰρξ</span> <span class='ocrx_word' id='word_1_498' title='bbox 516 3880 887 3948; x_wconf 82' lang='grc' dir='ltr'>κεκοινώνηκε</span> <span class='ocrx_word' id='word_1_499' title='bbox 919 3879 986 3947; x_wconf 78' lang='grc' dir='ltr'>τῇ</span> <span class='ocrx_word' id='word_1_500' title='bbox 1010 3876 1229 3945; x_wconf 86' lang='grc' dir='ltr'>θεότητι</span> <span class='ocrx_word' id='word_1_501' title='bbox 1262 3874 1407 3925; x_wconf 84' lang='grc' dir='ltr'>κατὰ</span> <span class='ocrx_word' id='word_1_502' title='bbox 1438 3874 1537 3943; x_wconf 83' lang='grc' dir='ltr'>τὴν</span> <span class='ocrx_word' id='word_1_503' title='bbox 1574 3872 1872 3924; x_wconf 79' lang='grc' dir='ltr'>ὑπόστασιν</span> 
     </span>
    </p>
   </div>
   <div class='ocr_carea' id='block_1_63' title="bbox 275 3958 1872 4043">
    <p class='ocr_par' dir='ltr' id='par_1_63' title="bbox 275 3958 1872 4043">
     <span class='ocr_line' id='line_1_63' title="bbox 275 3958 1872 4043; baseline -0.009 -13"><span class='ocrx_word' id='word_1_504' title='bbox 275 3977 374 4030; x_wconf 86' lang='grc' dir='ltr'><strong>τοῦ</strong></span> <span class='ocrx_word' id='word_1_505' title='bbox 411 3976 612 4043; x_wconf 80' lang='grc' dir='ltr'>Λόγου,</span> <span class='ocrx_word' id='word_1_506' title='bbox 646 3972 721 4035; x_wconf 81' lang='grc' dir='ltr'>ὡς</span> <span class='ocrx_word' id='word_1_507' title='bbox 745 3971 836 4024; x_wconf 75' lang='grc' dir='ltr'><strong>διὰ</strong></span> <span class='ocrx_word' id='word_1_508' title='bbox 858 3968 1020 4022; x_wconf 90' lang='grc' dir='ltr'>τοῦτο</span> <span class='ocrx_word' id='word_1_509' title='bbox 1053 3968 1151 4021; x_wconf 75' lang='grc' dir='ltr'>καὶ</span> <span class='ocrx_word' id='word_1_510' title='bbox 1182 3963 1401 4035; x_wconf 84' lang='grc' dir='ltr'>ἀληθῶς</span> <span class='ocrx_word' id='word_1_511' title='bbox 1433 3965 1531 4017; x_wconf 79' lang='grc' dir='ltr'><strong>σὺν</strong></span> <span class='ocrx_word' id='word_1_512' title='bbox 1564 3962 1713 4033; x_wconf 83' lang='grc' dir='ltr'>αὑτῷ</span> <span class='ocrx_word' id='word_1_513' title='bbox 1735 3958 1872 4015; x_wconf 74' lang='grc' dir='ltr'>εἶναι</span> 
     </span>
    </p>
   </div>
   <div class='ocr_carea' id='block_1_64' title="bbox 283 4052 1873 4139">
    <p class='ocr_par' dir='ltr' id='par_1_64' title="bbox 283 4052 1873 4139">
     <span class='ocr_line' id='line_1_64' title="bbox 283 4052 1873 4139; baseline -0.001 -20"><span class='ocrx_word' id='word_1_514' title='bbox 283 4067 417 4139; x_wconf 76' lang='grc' dir='ltr'>μιᾶς</span> <span class='ocrx_word' id='word_1_515' title='bbox 472 4066 578 4118; x_wconf 85' lang='grc' dir='ltr'>τῶν</span> <span class='ocrx_word' id='word_1_516' title='bbox 632 4061 880 4131; x_wconf 86' lang='grc' dir='ltr'>μονάδων</span> <span class='ocrx_word' id='word_1_517' title='bbox 934 4060 1033 4130; x_wconf 86' lang='grc' dir='ltr'>τῆς</span> <span class='ocrx_word' id='word_1_518' title='bbox 1073 4057 1237 4126; x_wconf 82' lang='grc' dir='ltr'>ἁγίας</span> <span class='ocrx_word' id='word_1_519' title='bbox 1284 4054 1537 4127; x_wconf 79' lang='grc' dir='ltr'>Τριάδος,</span> <span class='ocrx_word' id='word_1_520' title='bbox 1571 4055 1737 4123; x_wconf 72' lang='grc' dir='ltr'>ἤγουν</span> <span class='ocrx_word' id='word_1_521' title='bbox 1772 4052 1873 4123; x_wconf 85' lang='grc' dir='ltr'><strong>τῆς</strong></span> 
     </span>
    </p>
   </div>
   <div class='ocr_carea' id='block_1_65' title="bbox 282 4145 1875 4226">
    <p class='ocr_par' dir='ltr' id='par_1_65' title="bbox 282 4145 1875 4226">
     <span class='ocr_line' id='line_1_65' title="bbox 282 4145 1875 4226; baseline -0.012 -12"><span class='ocrx_word' id='word_1_522' title='bbox 282 4160 655 4226; x_wconf 77' lang='grc' dir='ltr'>ὑποστατικῆς</span> <span class='ocrx_word' id='word_1_523' title='bbox 677 4154 1052 4225; x_wconf 81' lang='grc' dir='ltr'>ἀριθμήσεως,</span> <span class='ocrx_word' id='word_1_524' title='bbox 1078 4152 1163 4213; x_wconf 90' lang='grc' dir='ltr'><strong>τίς</strong></span> <span class='ocrx_word' id='word_1_525' title='bbox 1183 4150 1211 4203; x_wconf 85' lang='grc' dir='ltr'>ὁ</span> <span class='ocrx_word' id='word_1_526' title='bbox 1247 4147 1567 4219; x_wconf 77' lang='grc' dir='ltr'>βιαζόμενος</span> <span class='ocrx_word' id='word_1_527' title='bbox 1587 4145 1745 4213; x_wconf 85' lang='grc' dir='ltr'>λόγος</span> <span class='ocrx_word' id='word_1_528' title='bbox 1760 4161 1875 4197; x_wconf 81' lang='grc' dir='ltr'>κοι-</span> 
     </span>
    </p>
   </div>
   <div class='ocr_carea' id='block_1_66' title="bbox 281 4239 1871 4322">
    <p class='ocr_par' dir='ltr' id='par_1_66' title="bbox 281 4239 1871 4322">
     <span class='ocr_line' id='line_1_66' title="bbox 281 4239 1871 4322; baseline 0.001 -20"><span class='ocrx_word' id='word_1_529' title='bbox 281 4251 527 4322; x_wconf 71' lang='grc' dir='ltr'>γωνῆσαι</span> <span class='ocrx_word' id='word_1_530' title='bbox 569 4250 737 4319; x_wconf 83' lang='grc' dir='ltr'>αὑτὴν</span> <span class='ocrx_word' id='word_1_531' title='bbox 767 4248 862 4302; x_wconf 76' lang='grc' dir='ltr'><strong>καὶ</strong></span> <span class='ocrx_word' id='word_1_532' title='bbox 899 4243 978 4314; x_wconf 82' lang='grc' dir='ltr'>τῷ</span> <span class='ocrx_word' id='word_1_533' title='bbox 1004 4242 1259 4297; x_wconf 85' lang='grc' dir='ltr'>ὀὑσιὼδει</span> <span class='ocrx_word' id='word_1_534' title='bbox 1291 4242 1449 4312; x_wconf 85' lang='grc' dir='ltr'>Λόγῳ</span> <span class='ocrx_word' id='word_1_535' title='bbox 1469 4242 1569 4311; x_wconf 80' lang='grc' dir='ltr'><strong>τῆς</strong></span> <span class='ocrx_word' id='word_1_536' title='bbox 1597 4239 1871 4310; x_wconf 77' lang='grc' dir='ltr'>θεότητος,</span> 
     </span>
    </p>
   </div>
   <div class='ocr_carea' id='block_1_67' title="bbox 281 4331 1874 4415">
    <p class='ocr_par' dir='ltr' id='par_1_67' title="bbox 281 4331 1874 4415">
     <span class='ocr_line' id='line_1_67' title="bbox 281 4331 1874 4415; baseline -0.002 -20"><span class='ocrx_word' id='word_1_537' title='bbox 281 4345 455 4415; x_wconf 70' lang='grc' dir='ltr'>ἧγουν</span> <span class='ocrx_word' id='word_1_538' title='bbox 497 4340 577 4412; x_wconf 79' lang='grc' dir='ltr'><strong>τῷ</strong></span> <span class='ocrx_word' id='word_1_539' title='bbox 619 4342 720 4412; x_wconf 84' lang='grc' dir='ltr'><strong>τῆς</strong></span> <span class='ocrx_word' id='word_1_540' title='bbox 745 4339 962 4408; x_wconf 81' lang='grc' dir='ltr'>φύσεως</span> <span class='ocrx_word' id='word_1_541' title='bbox 990 4337 1135 4406; x_wconf 84' lang='grc' dir='ltr'>λόγῳ</span> <span class='ocrx_word' id='word_1_542' title='bbox 1164 4334 1309 4388; x_wconf 84' lang='grc' dir='ltr'>κατὰ</span> <span class='ocrx_word' id='word_1_543' title='bbox 1340 4333 1401 4388; x_wconf 81' lang='grc' dir='ltr'>τὸ</span> <span class='ocrx_word' id='word_1_544' title='bbox 1432 4331 1722 4404; x_wconf 87' lang='grc' dir='ltr'>μοναδικὸν</span> <span class='ocrx_word' id='word_1_545' title='bbox 1773 4331 1874 4401; x_wconf 80' lang='grc' dir='ltr'>τῆς</span> 
     </span>
    </p>
   </div>
   <div class='ocr_carea' id='block_1_68' title="bbox 284 4425 1872 4509">
    <p class='ocr_par' dir='ltr' id='par_1_68' title="bbox 284 4425 1872 4509">
     <span class='ocr_line' id='line_1_68' title="bbox 284 4425 1872 4509; baseline -0.008 -19"><span class='ocrx_word' id='word_1_546' title='bbox 284 4436 575 4509; x_wconf 79' lang='grc' dir='ltr'>ὑπάρξεως</span> <span class='ocrx_word' id='word_1_547' title='bbox 610 4435 711 4502; x_wconf 79' lang='grc' dir='ltr'><strong>τῆς</strong></span> <span class='ocrx_word' id='word_1_548' title='bbox 739 4433 890 4496; x_wconf 84' lang='grc' dir='ltr'>θείας</span> <span class='ocrx_word' id='word_1_549' title='bbox 926 4427 1592 4501; x_wconf 80' lang='grc' dir='ltr'>συμπεριλαμὸανομένην</span> <span class='ocrx_word' id='word_1_550' title='bbox 1647 4428 1744 4481; x_wconf 81' lang='grc' dir='ltr'>σὺν</span> <span class='ocrx_word' id='word_1_551' title='bbox 1780 4425 1872 4478; x_wconf 88' lang='grc' dir='ltr'>αὑ-</span> 
     </span>
    </p>
   </div>
   <div class='ocr_carea' id='block_1_69' title="bbox 281 4520 1873 4602">
    <p class='ocr_par' dir='ltr' id='par_1_69' title="bbox 281 4520 1873 4602">
     <span class='ocr_line' id='line_1_69' title="bbox 281 4520 1873 4602; baseline -0.009 -18"><span class='ocrx_word' id='word_1_552' title='bbox 281 4534 386 4602; x_wconf 74' lang='grc' dir='ltr'><strong>τῆς</strong></span> <span class='ocrx_word' id='word_1_553' title='bbox 425 4530 492 4584; x_wconf 83' lang='grc' dir='ltr'>δι’</span> <span class='ocrx_word' id='word_1_554' title='bbox 526 4527 657 4584; x_wconf 85' lang='grc' dir='ltr'>αὑτὸ</span> <span class='ocrx_word' id='word_1_555' title='bbox 691 4527 803 4597; x_wconf 84' lang='grc' dir='ltr'><strong>γὰρ</strong></span> <span class='ocrx_word' id='word_1_556' title='bbox 847 4524 913 4596; x_wconf 81' lang='grc' dir='ltr'>δὴ</span> <span class='ocrx_word' id='word_1_557' title='bbox 958 4522 1119 4577; x_wconf 84' lang='grc' dir='ltr'>τοῦτο</span> <span class='ocrx_word' id='word_1_558' title='bbox 1146 4521 1456 4575; x_wconf 82' lang='grc' dir='ltr'>τούναντίον</span> <span class='ocrx_word' id='word_1_559' title='bbox 1499 4520 1680 4591; x_wconf 82' lang='grc' dir='ltr'>φαμὲν</span> <span class='ocrx_word' id='word_1_560' title='bbox 1713 4520 1873 4588; x_wconf 72' lang='grc' dir='ltr'>ἡμεῖς</span> 
     </span>
    </p>
   </div>
   <div class='ocr_carea' id='block_1_70' title="bbox 282 4609 1877 4692">
    <p class='ocr_par' dir='ltr' id='par_1_70' title="bbox 282 4609 1877 4692">
     <span class='ocr_line' id='line_1_70' title="bbox 282 4609 1877 4692; baseline -0.009 -16"><span class='ocrx_word' id='word_1_561' title='bbox 282 4624 397 4686; x_wconf 75' lang='grc' dir='ltr'>τοῖς</span> <span class='ocrx_word' id='word_1_562' title='bbox 419 4621 705 4692; x_wconf 80' lang='grc' dir='ltr'>ὑμετέροις</span> <span class='ocrx_word' id='word_1_563' title='bbox 726 4637 742 4651; x_wconf 89' lang='grc'><strong>·</strong></span> <span class='ocrx_word' id='word_1_564' title='bbox 766 4619 854 4672; x_wconf 84' lang='grc' dir='ltr'>ὅτι</span> <span class='ocrx_word' id='word_1_565' title='bbox 908 4616 1033 4669; x_wconf 73' lang='grc' dir='ltr'>ἐπεὶ</span> <span class='ocrx_word' id='word_1_566' title='bbox 1057 4614 1254 4683; x_wconf 77' lang='grc' dir='ltr'>ἐκείνῳ</span> <span class='ocrx_word' id='word_1_567' title='bbox 1274 4613 1352 4683; x_wconf 82' lang='grc' dir='ltr'>τῷ</span> <span class='ocrx_word' id='word_1_568' title='bbox 1368 4613 1527 4683; x_wconf 85' lang='grc' dir='ltr'>Λόγῳ</span> <span class='ocrx_word' id='word_1_569' title='bbox 1561 4611 1699 4681; x_wconf 75' lang='grc' dir='ltr'>ἔφθη</span> <span class='ocrx_word' id='word_1_570' title='bbox 1734 4609 1877 4663; x_wconf 79' lang='grc' dir='ltr'>κατὰ</span> 
     </span>
    </p>
   </div>
   <div class='ocr_carea' id='block_1_71' title="bbox 288 4704 1875 4787">
    <p class='ocr_par' dir='ltr' id='par_1_71' title="bbox 288 4704 1875 4787">
     <span class='ocr_line' id='line_1_71' title="bbox 288 4704 1875 4787; baseline -0.008 -20"><span class='ocrx_word' id='word_1_571' title='bbox 288 4716 388 4787; x_wconf 79' lang='grc' dir='ltr'>τὴν</span> <span class='ocrx_word' id='word_1_572' title='bbox 426 4714 673 4767; x_wconf 79' lang='grc' dir='ltr'>εὐδοκίαν</span> <span class='ocrx_word' id='word_1_573' title='bbox 714 4713 816 4780; x_wconf 84' lang='grc' dir='ltr'><strong>τῆς</strong></span> <span class='ocrx_word' id='word_1_574' title='bbox 864 4709 1180 4778; x_wconf 80' lang='grc' dir='ltr'>οἰκονομίας</span> <span class='ocrx_word' id='word_1_575' title='bbox 1212 4706 1479 4777; x_wconf 84' lang='grc' dir='ltr'>ὲνωθῆναι</span> <span class='ocrx_word' id='word_1_576' title='bbox 1525 4707 1591 4775; x_wconf 81' lang='grc' dir='ltr'>τῇ</span> <span class='ocrx_word' id='word_1_577' title='bbox 1645 4704 1809 4773; x_wconf 73' lang='grc' dir='ltr'>σαρκὶ</span> <span class='ocrx_word' id='word_1_578' title='bbox 1841 4706 1875 4773; x_wconf 73' lang='grc' dir='ltr'><strong>η</strong></span> 
     </span>
    </p>
   </div>
   <div class='ocr_carea' id='block_1_72' title="bbox 290 4795 1880 4877">
    <p class='ocr_par' dir='ltr' id='par_1_72' title="bbox 290 4795 1880 4877">
     <span class='ocr_line' id='line_1_72' title="bbox 290 4795 1880 4877; baseline -0.01 -16"><span class='ocrx_word' id='word_1_579' title='bbox 290 4808 507 4877; x_wconf 79' lang='grc' dir='ltr'>θεότης,</span> <span class='ocrx_word' id='word_1_580' title='bbox 565 4805 688 4858; x_wconf 83' lang='grc' dir='ltr'>καθ’</span> <span class='ocrx_word' id='word_1_581' title='bbox 739 4803 767 4856; x_wconf 86' lang='grc' dir='ltr'><strong>ὃ</strong></span> <span class='ocrx_word' id='word_1_582' title='bbox 813 4801 910 4857; x_wconf 82' lang='grc' dir='ltr'>καὶ</span> <span class='ocrx_word' id='word_1_583' title='bbox 954 4800 1091 4871; x_wconf 80' lang='grc' dir='ltr'>πρὸς</span> <span class='ocrx_word' id='word_1_584' title='bbox 1143 4799 1344 4868; x_wconf 81' lang='grc' dir='ltr'>ἑαυτήν</span> <span class='ocrx_word' id='word_1_585' title='bbox 1394 4814 1513 4860; x_wconf 87' lang='grc' dir='ltr'><strong>πως</strong></span> <span class='ocrx_word' id='word_1_586' title='bbox 1559 4795 1880 4865; x_wconf 80' lang='grc' dir='ltr'>διαφέρεται</span> 
     </span>
    </p>
   </div>
   <div class='ocr_carea' id='block_1_73' title="bbox 291 4886 1880 4968">
    <p class='ocr_par' dir='ltr' id='par_1_73' title="bbox 291 4886 1880 4968">
     <span class='ocr_line' id='line_1_73' title="bbox 291 4886 1880 4968; baseline -0.01 -14"><span class='ocrx_word' id='word_1_587' title='bbox 291 4899 461 4968; x_wconf 79' lang='grc' dir='ltr'>ἥγουν</span> <span class='ocrx_word' id='word_1_588' title='bbox 489 4897 632 4951; x_wconf 76' lang='grc' dir='ltr'>κατὰ</span> <span class='ocrx_word' id='word_1_589' title='bbox 656 4895 755 4966; x_wconf 82' lang='grc' dir='ltr'>τὴν</span> <span class='ocrx_word' id='word_1_590' title='bbox 788 4895 1109 4957; x_wconf 88' lang='grc' dir='ltr'>ὑπόστασιν,</span> <span class='ocrx_word' id='word_1_591' title='bbox 1132 4887 1567 4961; x_wconf 84' lang='grc' dir='ltr'>ὡμολογημένως</span> <span class='ocrx_word' id='word_1_592' title='bbox 1598 4887 1699 4940; x_wconf 89' lang='grc' dir='ltr'><strong>οὑκ</strong></span> <span class='ocrx_word' id='word_1_593' title='bbox 1727 4886 1880 4939; x_wconf 80' lang='grc' dir='ltr'>ἔσται</span> 
     </span>
    </p>
   </div>
   <div class='ocr_carea' id='block_1_74' title="bbox 291 4976 1880 5069">
    <p class='ocr_par' dir='ltr' id='par_1_74' title="bbox 291 4976 1880 5069">
     <span class='ocr_line' id='line_1_74' title="bbox 291 4976 1880 5069; baseline -0.01 -25"><span class='ocrx_word' id='word_1_594' title='bbox 291 4991 429 5064; x_wconf 74' lang='grc' dir='ltr'>πρὸς</span> <span class='ocrx_word' id='word_1_595' title='bbox 451 4990 623 5059; x_wconf 80' lang='grc' dir='ltr'>αὑτὴν</span> <span class='ocrx_word' id='word_1_596' title='bbox 662 4986 804 5041; x_wconf 82' lang='grc' dir='ltr'>κατὰ</span> <span class='ocrx_word' id='word_1_597' title='bbox 862 4985 1020 5053; x_wconf 88' lang='grc' dir='ltr'>λόγον</span> <span class='ocrx_word' id='word_1_598' title='bbox 1044 4984 1231 5069; x_wconf 64' lang='grc' dir='ltr'>οὐσίας</span> <span class='ocrx_word' id='word_1_599' title='bbox 1279 4978 1611 5035; x_wconf 84' lang='grc' dir='ltr'>κοινωνοῦσα</span> <span class='ocrx_word' id='word_1_600' title='bbox 1651 4978 1775 5031; x_wconf 85' lang='grc' dir='ltr'>καθ’</span> <span class='ocrx_word' id='word_1_601' title='bbox 1821 4976 1880 5030; x_wconf 84' lang='grc' dir='ltr'>ὑν</span> 
     </span>
    </p>
   </div>
   <div class='ocr_carea' id='block_1_75' title="bbox 292 5065 1879 5153">
    <p class='ocr_par' dir='ltr' id='par_1_75' title="bbox 292 5065 1879 5153">
     <span class='ocr_line' id='line_1_75' title="bbox 292 5065 1879 5153; baseline -0.012 -18"><span class='ocrx_word' id='word_1_602' title='bbox 292 5084 433 5153; x_wconf 79' lang='grc' dir='ltr'>πρὸς</span> <span class='ocrx_word' id='word_1_603' title='bbox 457 5079 655 5148; x_wconf 79' lang='grc' dir='ltr'>ἑαυτὴν</span> <span class='ocrx_word' id='word_1_604' title='bbox 683 5078 759 5147; x_wconf 85' lang='grc' dir='ltr'><strong>μὴ</strong></span> <span class='ocrx_word' id='word_1_605' title='bbox 781 5074 1102 5144; x_wconf 75' lang='grc' dir='ltr'>διαφέρεται</span> <span class='ocrx_word' id='word_1_606' title='bbox 1122 5065 1142 5103; x_wconf 65' lang='grc' dir='ltr'><strong>ί</strong></span> <span class='ocrx_word' id='word_1_607' title='bbox 1172 5074 1221 5125; x_wconf 88' lang='grc' dir='ltr'>εἰ</span> <span class='ocrx_word' id='word_1_608' title='bbox 1247 5069 1355 5141; x_wconf 85' lang='grc' dir='ltr'>γὰρ</span> <span class='ocrx_word' id='word_1_609' title='bbox 1386 5069 1506 5122; x_wconf 84' lang='grc' dir='ltr'>οὑδὲ</span> <span class='ocrx_word' id='word_1_610' title='bbox 1531 5067 1650 5120; x_wconf 79' lang='grc' dir='ltr'>καθ’</span> <span class='ocrx_word' id='word_1_611' title='bbox 1683 5065 1879 5134; x_wconf 81' lang='grc' dir='ltr'>ἑαυτὴν</span> 
     </span>
    </p>
   </div>
   <div class='ocr_carea' id='block_1_76' title="bbox 274 5157 1880 5245">
    <p class='ocr_par' dir='ltr' id='par_1_76' title="bbox 274 5157 1880 5245">
     <span class='ocr_line' id='line_1_76' title="bbox 274 5157 1880 5245; baseline -0.011 -18"><span class='ocrx_word' id='word_1_612' title='bbox 274 5172 642 5245; x_wconf 85' lang='grc' dir='ltr'>·θεωρουμένη</span> <span class='ocrx_word' id='word_1_613' title='bbox 668 5174 700 5239; x_wconf 75' lang='grc' dir='ltr'>ἡ</span> <span class='ocrx_word' id='word_1_614' title='bbox 735 5169 927 5237; x_wconf 87' lang='grc' dir='ltr'>θεότης</span> <span class='ocrx_word' id='word_1_615' title='bbox 962 5170 1021 5219; x_wconf 82' lang='grc' dir='ltr'><strong>ὲν</strong></span> <span class='ocrx_word' id='word_1_616' title='bbox 1057 5164 1392 5236; x_wconf 83' lang='grc' dir='ltr'>ἀμφοτέροις</span> <span class='ocrx_word' id='word_1_617' title='bbox 1436 5163 1549 5223; x_wconf 89' lang='grc' dir='ltr'>τοῖς</span> <span class='ocrx_word' id='word_1_618' title='bbox 1581 5160 1756 5228; x_wconf 84' lang='grc' dir='ltr'>λόγοις</span> <span class='ocrx_word' id='word_1_619' title='bbox 1783 5157 1880 5210; x_wconf 85' lang='grc' dir='ltr'>αὑ·-</span> 
     </span>
    </p>
   </div>
   <div class='ocr_carea' id='block_1_77' title="bbox 287 5253 1879 5337">
    <p class='ocr_par' dir='ltr' id='par_1_77' title="bbox 287 5253 1879 5337">
     <span class='ocr_line' id='line_1_77' title="bbox 287 5253 1879 5337; baseline -0.01 -18"><span class='ocrx_word' id='word_1_620' title='bbox 287 5268 411 5337; x_wconf 81' lang='grc' dir='ltr'>τῆς,</span> <span class='ocrx_word' id='word_1_621' title='bbox 444 5265 617 5335; x_wconf 67' lang='grc' dir='ltr'>ἤγουν</span> <span class='ocrx_word' id='word_1_622' title='bbox 644 5264 757 5324; x_wconf 85' lang='grc' dir='ltr'>τοῖς</span> <span class='ocrx_word' id='word_1_623' title='bbox 781 5261 884 5328; x_wconf 82' lang='grc' dir='ltr'><strong>τῆς</strong></span> <span class='ocrx_word' id='word_1_624' title='bbox 906 5259 1097 5321; x_wconf 86' lang='grc' dir='ltr'>οὑσίας</span> <span class='ocrx_word' id='word_1_625' title='bbox 1121 5257 1215 5310; x_wconf 72' lang='grc' dir='ltr'>καὶ</span> <span class='ocrx_word' id='word_1_626' title='bbox 1230 5256 1579 5316; x_wconf 85' lang='grc' dir='ltr'>ὑποστάσεως</span> <span class='ocrx_word' id='word_1_627' title='bbox 1602 5253 1879 5306; x_wconf 84' lang='grc' dir='ltr'>δείκνυται</span> 
     </span>
    </p>
   </div>
   <div class='ocr_carea' id='block_1_78' title="bbox 292 5344 1881 5423">
    <p class='ocr_par' dir='ltr' id='par_1_78' title="bbox 292 5344 1881 5423">
     <span class='ocr_line' id='line_1_78' title="bbox 292 5344 1881 5423; baseline -0.009 -13"><span class='ocrx_word' id='word_1_628' title='bbox 292 5355 631 5410; x_wconf 82' lang='grc' dir='ltr'>κοινωνοῦσα</span> <span class='ocrx_word' id='word_1_629' title='bbox 655 5354 734 5423; x_wconf 77' lang='grc' dir='ltr'><strong>(ἓν</strong></span> <span class='ocrx_word' id='word_1_630' title='bbox 756 5353 863 5423; x_wconf 79' lang='grc' dir='ltr'><strong>γὰρ</strong></span> <span class='ocrx_word' id='word_1_631' title='bbox 888 5352 1008 5405; x_wconf 77' lang='grc' dir='ltr'>κατ’</span> <span class='ocrx_word' id='word_1_632' title='bbox 1039 5350 1168 5405; x_wconf 84' lang='grc' dir='ltr'>ἄλλο</span> <span class='ocrx_word' id='word_1_633' title='bbox 1196 5350 1332 5412; x_wconf 75' lang='grc' dir='ltr'>ἐστὶ,</span> <span class='ocrx_word' id='word_1_634' title='bbox 1360 5350 1453 5401; x_wconf 81' lang='grc' dir='ltr'><strong>καὶ</strong></span> <span class='ocrx_word' id='word_1_635' title='bbox 1470 5348 1596 5416; x_wconf 90' lang='grc' dir='ltr'>τρία</span> <span class='ocrx_word' id='word_1_636' title='bbox 1614 5345 1735 5399; x_wconf 87' lang='grc' dir='ltr'>καθ’</span> <span class='ocrx_word' id='word_1_637' title='bbox 1763 5344 1881 5396; x_wconf 78' lang='grc' dir='ltr'>έτε-</span> 
     </span>
    </p>
   </div>
   <div class='ocr_carea' id='block_1_79' title="bbox 297 5435 1879 5515">
    <p class='ocr_par' dir='ltr' id='par_1_79' title="bbox 297 5435 1879 5515">
     <span class='ocr_line' id='line_1_79' title="bbox 297 5435 1879 5515; baseline -0.006 -18"><span class='ocrx_word' id='word_1_638' title='bbox 297 5445 387 5515; x_wconf 81' lang='grc' dir='ltr'><strong>ρόν</strong></span> <span class='ocrx_word' id='word_1_639' title='bbox 408 5444 571 5511; x_wconf 79' lang='grc' dir='ltr'>ὲστι)·</span> <span class='ocrx_word' id='word_1_640' title='bbox 608 5443 724 5505; x_wconf 85' lang='grc' dir='ltr'><strong>πῶς</strong></span> <span class='ocrx_word' id='word_1_641' title='bbox 747 5442 825 5511; x_wconf 80' lang='grc' dir='ltr'>τῷ</span> <span class='ocrx_word' id='word_1_642' title='bbox 860 5441 989 5511; x_wconf 82' lang='grc' dir='ltr'>παρ’</span> <span class='ocrx_word' id='word_1_643' title='bbox 1013 5440 1184 5510; x_wconf 79' lang='grc' dir='ltr'>αὐτὴν</span> <span class='ocrx_word' id='word_1_644' title='bbox 1210 5439 1323 5492; x_wconf 79' lang='grc' dir='ltr'>ὄντι</span> <span class='ocrx_word' id='word_1_645' title='bbox 1350 5440 1445 5491; x_wconf 78' lang='grc' dir='ltr'><strong>σὺν</strong></span> <span class='ocrx_word' id='word_1_646' title='bbox 1468 5442 1533 5509; x_wconf 78' lang='grc' dir='ltr'>τῇ</span> <span class='ocrx_word' id='word_1_647' title='bbox 1557 5438 1721 5508; x_wconf 67' lang='grc' dir='ltr'>σαρκὶ</span> <span class='ocrx_word' id='word_1_648' title='bbox 1759 5435 1879 5489; x_wconf 82' lang='grc' dir='ltr'>κατ’</span> 
     </span>
    </p>
   </div>
   <div class='ocr_carea' id='block_1_80' title="bbox 294 5528 1881 5608">
    <p class='ocr_par' dir='ltr' id='par_1_80' title="bbox 294 5528 1881 5608">
     <span class='ocr_line' id='line_1_80' title="bbox 294 5528 1881 5608; baseline -0.007 -17"><span class='ocrx_word' id='word_1_649' title='bbox 294 5538 582 5608; x_wconf 71' lang='grc' dir='ltr'>ἀμφότερα</span> <span class='ocrx_word' id='word_1_650' title='bbox 635 5535 1070 5605; x_wconf 82' lang='grc' dir='ltr'>κοινωνήσειςεὶ</span> <span class='ocrx_word' id='word_1_651' title='bbox 1118 5533 1225 5602; x_wconf 79' lang='grc' dir='ltr'>γὰρ</span> <span class='ocrx_word' id='word_1_652' title='bbox 1256 5532 1414 5585; x_wconf 87' lang='grc' dir='ltr'>τοῦτο</span> <span class='ocrx_word' id='word_1_653' title='bbox 1462 5530 1568 5599; x_wconf 80' lang='grc' dir='ltr'>εἴη,</span> <span class='ocrx_word' id='word_1_654' title='bbox 1611 5530 1777 5590; x_wconf 78' lang='grc' dir='ltr'>ὅντως</span> <span class='ocrx_word' id='word_1_655' title='bbox 1816 5528 1881 5581; x_wconf 85' lang='grc' dir='ltr'><strong>ἂν</strong></span> 
     </span>
    </p>
   </div>
   <div class='ocr_carea' id='block_1_81' title="bbox 294 5620 1882 5702">
    <p class='ocr_par' dir='ltr' id='par_1_81' title="bbox 294 5620 1882 5702">
     <span class='ocr_line' id='line_1_81' title="bbox 294 5620 1882 5702; baseline -0.007 -19"><span class='ocrx_word' id='word_1_656' title='bbox 294 5634 362 5702; x_wconf 84' lang='grc' dir='ltr'>τῇ</span> <span class='ocrx_word' id='word_1_657' title='bbox 404 5629 568 5699; x_wconf 80' lang='grc' dir='ltr'>σαρκὶ</span> <span class='ocrx_word' id='word_1_658' title='bbox 596 5628 732 5699; x_wconf 83' lang='grc' dir='ltr'>μόνῃ</span> <span class='ocrx_word' id='word_1_659' title='bbox 759 5627 817 5679; x_wconf 89' lang='grc' dir='ltr'><strong>τό</strong></span> <span class='ocrx_word' id='word_1_660' title='bbox 841 5642 900 5678; x_wconf 85' lang='grc' dir='ltr'><strong>τε</strong></span> <span class='ocrx_word' id='word_1_661' title='bbox 930 5624 1073 5696; x_wconf 80' lang='grc' dir='ltr'>ὑπὲρ</span> <span class='ocrx_word' id='word_1_662' title='bbox 1102 5625 1235 5677; x_wconf 86' lang='grc' dir='ltr'>Θεόν</span> <span class='ocrx_word' id='word_1_663' title='bbox 1259 5641 1378 5686; x_wconf 83' lang='grc' dir='ltr'><strong>πως</strong></span> <span class='ocrx_word' id='word_1_664' title='bbox 1413 5623 1506 5676; x_wconf 70' lang='grc' dir='ltr'><strong>καὶ</strong></span> <span class='ocrx_word' id='word_1_665' title='bbox 1538 5620 1882 5692; x_wconf 83' lang='grc' dir='ltr'>ἁσυγκρίτως</span> 
     </span>
    </p>
   </div>
   <div class='ocr_carea' id='block_1_82' title="bbox 297 5713 1881 5793">
    <p class='ocr_par' dir='ltr' id='par_1_82' title="bbox 297 5713 1881 5793">
     <span class='ocr_line' id='line_1_82' title="bbox 297 5713 1881 5793; baseline -0.008 -16"><span class='ocrx_word' id='word_1_666' title='bbox 297 5722 617 5793; x_wconf 81' lang='grc' dir='ltr'>ἁπλότερον,</span> <span class='ocrx_word' id='word_1_667' title='bbox 654 5720 752 5773; x_wconf 77' lang='grc' dir='ltr'>καὶ</span> <span class='ocrx_word' id='word_1_668' title='bbox 803 5721 1005 5787; x_wconf 79' lang='grc' dir='ltr'>ἑαυτῆς</span> <span class='ocrx_word' id='word_1_669' title='bbox 1050 5717 1447 5787; x_wconf 85' lang='grc' dir='ltr'>ὑπερκείμενον</span> <span class='ocrx_word' id='word_1_670' title='bbox 1497 5713 1881 5785; x_wconf 79' lang='grc' dir='ltr'>ἐμαρτύρησεν</span> 
     </span>
    </p>
   </div>
   <div class='ocr_carea' id='block_1_83' title="bbox 297 5806 1880 5887">
    <p class='ocr_par' dir='ltr' id='par_1_83' title="bbox 297 5806 1880 5887">
     <span class='ocr_line' id='line_1_83' title="bbox 297 5806 1880 5887; baseline -0.009 -18"><span class='ocrx_word' id='word_1_671' title='bbox 297 5816 365 5869; x_wconf 77' lang='grc' dir='ltr'><strong>ἂν</strong></span> <span class='ocrx_word' id='word_1_672' title='bbox 394 5818 428 5887; x_wconf 83' lang='grc' dir='ltr'><strong>ή</strong></span> <span class='ocrx_word' id='word_1_673' title='bbox 461 5814 651 5885; x_wconf 89' lang='grc' dir='ltr'>θεότης</span> <span class='ocrx_word' id='word_1_674' title='bbox 672 5829 684 5843; x_wconf 94' lang='grc'><strong>·</strong></span> <span class='ocrx_word' id='word_1_675' title='bbox 721 5813 813 5866; x_wconf 78' lang='grc' dir='ltr'><strong>καὶ</strong></span> <span class='ocrx_word' id='word_1_676' title='bbox 865 5811 991 5864; x_wconf 84' lang='grc' dir='ltr'>τάδε</span> <span class='ocrx_word' id='word_1_677' title='bbox 1029 5811 1126 5879; x_wconf 82' lang='grc' dir='ltr'><strong>μὲν</strong></span> <span class='ocrx_word' id='word_1_678' title='bbox 1156 5809 1328 5873; x_wconf 75' lang='grc' dir='ltr'>οὕτως</span> <span class='ocrx_word' id='word_1_679' title='bbox 1350 5827 1363 5841; x_wconf 75' lang='grc'><em>’</em></span> <span class='ocrx_word' id='word_1_680' title='bbox 1413 5810 1459 5860; x_wconf 78' lang='grc' dir='ltr'>εί</span> <span class='ocrx_word' id='word_1_681' title='bbox 1492 5808 1547 5860; x_wconf 84' lang='grc' dir='ltr'>δὲ</span> <span class='ocrx_word' id='word_1_682' title='bbox 1588 5806 1664 5877; x_wconf 80' lang='grc' dir='ltr'>τῷ</span> <span class='ocrx_word' id='word_1_683' title='bbox 1697 5806 1880 5876; x_wconf 80' lang='grc' dir='ltr'>λεπτῷ</span> 
     </span>
    </p>
   </div>
   <div class='ocr_carea' id='block_1_84' title="bbox 298 5898 1879 5977">
    <p class='ocr_par' dir='ltr' id='par_1_84' title="bbox 298 5898 1879 5977">
     <span class='ocr_line' id='line_1_84' title="bbox 298 5898 1879 5977; baseline -0.004 -19"><span class='ocrx_word' id='word_1_684' title='bbox 298 5906 390 5965; x_wconf 61' lang='grc' dir='ltr'><strong>ποῦ</strong></span> <span class='ocrx_word' id='word_1_685' title='bbox 425 5907 783 5977; x_wconf 82' lang='grc' dir='ltr'>θεωρήματος</span> <span class='ocrx_word' id='word_1_686' title='bbox 816 5902 947 5964; x_wconf 84' lang='grc' dir='ltr'>ἴσως</span> <span class='ocrx_word' id='word_1_687' title='bbox 994 5901 1096 5953; x_wconf 83' lang='grc' dir='ltr'><strong>οὑκ</strong></span> <span class='ocrx_word' id='word_1_688' title='bbox 1130 5898 1436 5966; x_wconf 77' lang='grc' dir='ltr'>εὔγνωστον</span> <span class='ocrx_word' id='word_1_689' title='bbox 1464 5900 1592 5969; x_wconf 82' lang='grc' dir='ltr'>ὑμῖν</span> <span class='ocrx_word' id='word_1_690' title='bbox 1631 5898 1689 5950; x_wconf 78' lang='grc' dir='ltr'><strong>τὸ</strong></span> <span class='ocrx_word' id='word_1_691' title='bbox 1723 5898 1879 5966; x_wconf 81' lang='grc' dir='ltr'>λεγό-</span> 
     </span>
    </p>
   </div>
   <div class='ocr_carea' id='block_1_85' title="bbox 585 5991 1422 6060">
    <p class='ocr_par' dir='ltr' id='par_1_85' title="bbox 585 5991 1422 6060">
     <span class='ocr_line' id='line_1_85' title="bbox 585 5991 1422 6060; baseline -0.008 0"><span class='ocrx_word' id='word_1_692' title='bbox 585 6000 855 6060; x_wconf 71' lang='grc' dir='ltr'><strong>ΡΔτιιοί..</strong></span> <span class='ocrx_word' id='word_1_693' title='bbox 910 5995 1027 6055; x_wconf 85' lang='lat' dir='ltr'><strong>Gn.</strong></span> <span class='ocrx_word' id='word_1_694' title='bbox 1076 5991 1422 6053; x_wconf 73' lang='lat' dir='ltr'><strong>LXXXVI.</strong></span> 
     </span>
    </p>
   </div>
   <div class='ocr_carea' id='block_1_86' title="bbox 2640 3132 2904 3190">
    <p class='ocr_par' dir='ltr' id='par_1_86' title="bbox 2640 3132 2904 3190">
     <span class='ocr_line' id='line_1_86' title="bbox 2640 3132 2904 3190; baseline 0.008 -4"><span class='ocrx_word' id='word_1_695' title='bbox 2640 3132 2791 3187; x_wconf 80' lang='lat' dir='ltr'><strong>CAP.</strong></span> <span class='ocrx_word' id='word_1_696' title='bbox 2842 3135 2904 3190; x_wconf 85' lang='lat' dir='ltr'><strong>V.</strong></span> 
     </span>
    </p>
   </div>
   <div class='ocr_carea' id='block_1_87' title="bbox 2054 3222 3569 3307">
    <p class='ocr_par' dir='ltr' id='par_1_87' title="bbox 2054 3222 3569 3307">
     <span class='ocr_line' id='line_1_87' title="bbox 2054 3222 3569 3307; baseline 0.011 -29"><span class='ocrx_word' id='word_1_697' title='bbox 2054 3222 2109 3278; x_wconf 92' lang='lat' dir='ltr'><strong>Si</strong></span> <span class='ocrx_word' id='word_1_698' title='bbox 2142 3222 2256 3278; x_wconf 72' lang='lat' dir='ltr'><strong>lucc</strong></span> <span class='ocrx_word' id='word_1_699' title='bbox 2286 3225 2476 3291; x_wconf 86' lang='lat' dir='ltr'><strong>verba,</strong></span> <span class='ocrx_word' id='word_1_700' title='bbox 2511 3242 2647 3280; x_wconf 81' lang='lat' dir='ltr'><strong>unus</strong></span> <span class='ocrx_word' id='word_1_701' title='bbox 2688 3229 2751 3281; x_wconf 81' lang='lat' dir='ltr'><strong>de</strong></span> <span class='ocrx_word' id='word_1_702' title='bbox 2800 3229 3076 3297; x_wconf 77' lang='lat' dir='ltr'><strong>Trimtate,</strong></span> <span class='ocrx_word' id='word_1_703' title='bbox 3127 3236 3457 3307; x_wconf 81' lang='lat' dir='ltr'><strong>signiﬁcant,</strong></span> <span class='ocrx_word' id='word_1_704' title='bbox 3501 3254 3569 3293; x_wconf 80' lang='lat' dir='ltr'><strong>ex</strong></span> 
     </span>
    </p>
   </div>
   <div class='ocr_carea' id='block_1_88' title="bbox 1976 3313 3567 3390">
    <p class='ocr_par' dir='ltr' id='par_1_88' title="bbox 1976 3313 3567 3390">
     <span class='ocr_line' id='line_1_88' title="bbox 1976 3313 3567 3390; baseline 0.011 -23"><span class='ocrx_word' id='word_1_705' title='bbox 1976 3313 2271 3370; x_wconf 89' lang='lat' dir='ltr'><strong>divinitate</strong></span> <span class='ocrx_word' id='word_1_706' title='bbox 2299 3324 2355 3370; x_wconf 90' lang='lat' dir='ltr'><strong>et</strong></span> <span class='ocrx_word' id='word_1_707' title='bbox 2383 3331 2569 3382; x_wconf 89' lang='lat' dir='ltr'><strong>carne,</strong></span> <span class='ocrx_word' id='word_1_708' title='bbox 2616 3333 2824 3390; x_wconf 83' lang='lat' dir='ltr'><strong>ergone</strong></span> <span class='ocrx_word' id='word_1_709' title='bbox 2856 3320 3143 3379; x_wconf 88' lang='lat' dir='ltr'><strong>Trinitatis</strong></span> <span class='ocrx_word' id='word_1_710' title='bbox 3168 3327 3275 3381; x_wconf 89' lang='lat' dir='ltr'><strong>erit</strong></span> <span class='ocrx_word' id='word_1_711' title='bbox 3312 3330 3479 3383; x_wconf 88' lang='lat' dir='ltr'><strong>caro?</strong></span> <span class='ocrx_word' id='word_1_712' title='bbox 3509 3330 3567 3384; x_wconf 91' lang='lat' dir='ltr'><strong>Si</strong></span> 
     </span>
    </p>
   </div>
   <div class='ocr_carea' id='block_1_89' title="bbox 1976 3407 3567 3494">
    <p class='ocr_par' dir='ltr' id='par_1_89' title="bbox 1976 3407 3567 3494">
     <span class='ocr_line' id='line_1_89' title="bbox 1976 3407 3567 3494; baseline 0.011 -35"><span class='ocrx_word' id='word_1_713' title='bbox 1976 3422 2108 3461; x_wconf 88' lang='lat' dir='ltr'><strong>vero</strong></span> <span class='ocrx_word' id='word_1_714' title='bbox 2149 3407 2393 3464; x_wconf 89' lang='lat' dir='ltr'><strong>Trinitas</strong></span> <span class='ocrx_word' id='word_1_715' title='bbox 2435 3410 2539 3465; x_wconf 91' lang='lat' dir='ltr'><strong>sub</strong></span> <span class='ocrx_word' id='word_1_716' title='bbox 2574 3412 2763 3482; x_wconf 91' lang='lat' dir='ltr'><strong>aliquo</strong></span> <span class='ocrx_word' id='word_1_717' title='bbox 2798 3425 3051 3484; x_wconf 91' lang='lat' dir='ltr'><strong>respectu</strong></span> <span class='ocrx_word' id='word_1_718' title='bbox 3087 3419 3159 3472; x_wconf 90' lang='lat' dir='ltr'><strong>sit</strong></span> <span class='ocrx_word' id='word_1_719' title='bbox 3190 3435 3402 3486; x_wconf 87' lang='lat' dir='ltr'><strong>monas,</strong></span> <span class='ocrx_word' id='word_1_720' title='bbox 3433 3438 3567 3494; x_wconf 82' lang='lat' dir='ltr'><strong>ergo</strong></span> 
     </span>
    </p>
   </div>
   <div class='ocr_carea' id='block_1_90' title="bbox 1975 3499 3564 3577">
    <p class='ocr_par' dir='ltr' id='par_1_90' title="bbox 1975 3499 3564 3577">
     <span class='ocr_line' id='line_1_90' title="bbox 1975 3499 3564 3577; baseline 0.011 -26"><span class='ocrx_word' id='word_1_721' title='bbox 1975 3499 2229 3553; x_wconf 88' lang='lat' dir='ltr'><strong>monadis</strong></span> <span class='ocrx_word' id='word_1_722' title='bbox 2277 3516 2407 3554; x_wconf 90' lang='lat' dir='ltr'><strong>caro</strong></span> <span class='ocrx_word' id='word_1_723' title='bbox 2458 3502 2610 3556; x_wconf 74' lang='lat' dir='ltr'><strong>erit?</strong></span> <span class='ocrx_word' id='word_1_724' title='bbox 2649 3504 2705 3558; x_wconf 90' lang='lat' dir='ltr'><strong>Si</strong></span> <span class='ocrx_word' id='word_1_725' title='bbox 2751 3515 2936 3560; x_wconf 88' lang='lat' dir='ltr'><strong>autem</strong></span> <span class='ocrx_word' id='word_1_726' title='bbox 2982 3510 3231 3565; x_wconf 91' lang='lat' dir='ltr'><strong>monadis</strong></span> <span class='ocrx_word' id='word_1_727' title='bbox 3288 3512 3360 3565; x_wconf 85' lang='lat' dir='ltr'><strong>sit</strong></span> <span class='ocrx_word' id='word_1_728' title='bbox 3411 3529 3564 3577; x_wconf 92' lang='lat' dir='ltr'><strong>caro,</strong></span> 
     </span>
    </p>
   </div>
   <div class='ocr_carea' id='block_1_91' title="bbox 1976 3594 3568 3666">
    <p class='ocr_par' dir='ltr' id='par_1_91' title="bbox 1976 3594 3568 3666">
     <span class='ocr_line' id='line_1_91' title="bbox 1976 3594 3568 3666; baseline 0.01 -21"><span class='ocrx_word' id='word_1_729' title='bbox 1976 3606 2100 3645; x_wconf 90' lang='lat' dir='ltr'><strong>cum</strong></span> <span class='ocrx_word' id='word_1_730' title='bbox 2128 3608 2258 3647; x_wconf 92' lang='lat' dir='ltr'><strong>caro</strong></span> <span class='ocrx_word' id='word_1_731' title='bbox 2291 3594 2363 3648; x_wconf 90' lang='lat' dir='ltr'><strong>sit</strong></span> <span class='ocrx_word' id='word_1_732' title='bbox 2386 3603 2593 3661; x_wconf 89' lang='lat' dir='ltr'><strong>creata,</strong></span> <span class='ocrx_word' id='word_1_733' title='bbox 2622 3598 2902 3666; x_wconf 86' lang='lat' dir='ltr'><strong>quomodo</strong></span> <span class='ocrx_word' id='word_1_734' title='bbox 2936 3600 3178 3657; x_wconf 89' lang='lat' dir='ltr'><strong>inereata</strong></span> <span class='ocrx_word' id='word_1_735' title='bbox 3205 3606 3311 3661; x_wconf 85' lang='lat' dir='ltr'><strong>erit</strong></span> <span class='ocrx_word' id='word_1_736' title='bbox 3337 3608 3568 3661; x_wconf 86' lang='lat' dir='ltr'><strong>monas?</strong></span> 
     </span>
    </p>
   </div>
   <div class='ocr_carea' id='block_1_92' title="bbox 1974 3686 3562 3767">
    <p class='ocr_par' dir='ltr' id='par_1_92' title="bbox 1974 3686 3562 3767">
     <span class='ocr_line' id='line_1_92' title="bbox 1974 3686 3562 3767; baseline 0.01 -30"><span class='ocrx_word' id='word_1_737' title='bbox 1974 3686 2044 3737; x_wconf 86' lang='lat' dir='ltr'><strong>At</strong></span> <span class='ocrx_word' id='word_1_738' title='bbox 2072 3700 2181 3755; x_wconf 91' lang='lat' dir='ltr'><strong>quo</strong></span> <span class='ocrx_word' id='word_1_739' title='bbox 2209 3698 2534 3757; x_wconf 84' lang='lat' dir='ltr'><strong>argumento</strong></span> <span class='ocrx_word' id='word_1_740' title='bbox 2568 3690 2882 3759; x_wconf 83' lang='lat' dir='ltr'><strong>probabitis</strong></span> <span class='ocrx_word' id='word_1_741' title='bbox 2936 3695 3083 3763; x_wconf 91' lang='lat' dir='ltr'><strong>quod</strong></span> <span class='ocrx_word' id='word_1_742' title='bbox 3112 3696 3215 3750; x_wconf 90' lang='lat' dir='ltr'><strong>sub</strong></span> <span class='ocrx_word' id='word_1_743' title='bbox 3246 3697 3432 3767; x_wconf 87' lang='lat' dir='ltr'><strong>aliquo</strong></span> <span class='ocrx_word' id='word_1_744' title='bbox 3476 3715 3562 3753; x_wconf 85' lang='lat' dir='ltr'><strong>re-</strong></span> 
     </span>
    </p>
   </div>
   <div class='ocr_carea' id='block_1_93' title="bbox 1975 3783 3566 3859">
    <p class='ocr_par' dir='ltr' id='par_1_93' title="bbox 1975 3783 3566 3859">
     <span class='ocr_line' id='line_1_93' title="bbox 1975 3783 3566 3859; baseline 0.008 -27"><span class='ocrx_word' id='word_1_745' title='bbox 1975 3787 2168 3847; x_wconf 89' lang='lat' dir='ltr'><strong>spectu</strong></span> <span class='ocrx_word' id='word_1_746' title='bbox 2188 3795 2481 3836; x_wconf 91' lang='lat' dir='ltr'><strong>commune</strong></span> <span class='ocrx_word' id='word_1_747' title='bbox 2502 3792 2605 3849; x_wconf 91' lang='lat' dir='ltr'><strong>est,</strong></span> <span class='ocrx_word' id='word_1_748' title='bbox 2626 3783 2760 3837; x_wconf 92' lang='lat' dir='ltr'><strong>illud</strong></span> <span class='ocrx_word' id='word_1_749' title='bbox 2780 3786 2883 3839; x_wconf 92' lang='lat' dir='ltr'><strong>sub</strong></span> <span class='ocrx_word' id='word_1_750' title='bbox 2902 3787 3051 3840; x_wconf 91' lang='lat' dir='ltr'><strong>omni</strong></span> <span class='ocrx_word' id='word_1_751' title='bbox 3070 3804 3298 3858; x_wconf 91' lang='lat' dir='ltr'><strong>prorsus</strong></span> <span class='ocrx_word' id='word_1_752' title='bbox 3315 3799 3566 3859; x_wconf 84' lang='lat' dir='ltr'><strong>respectu</strong></span> 
     </span>
    </p>
   </div>
   <div class='ocr_carea' id='block_1_94' title="bbox 1976 3877 3567 3950">
    <p class='ocr_par' dir='ltr' id='par_1_94' title="bbox 1976 3877 3567 3950">
     <span class='ocr_line' id='line_1_94' title="bbox 1976 3877 3567 3950; baseline 0.006 -24"><span class='ocrx_word' id='word_1_753' title='bbox 1976 3888 2269 3928; x_wconf 90' lang='lat' dir='ltr'><strong>commune</strong></span> <span class='ocrx_word' id='word_1_754' title='bbox 2300 3877 2616 3930; x_wconf 86' lang='lat' dir='ltr'><strong>necessario</strong></span> <span class='ocrx_word' id='word_1_755' title='bbox 2644 3878 2805 3932; x_wconf 91' lang='lat' dir='ltr'><strong>esse?</strong></span> <span class='ocrx_word' id='word_1_756' title='bbox 2843 3877 2900 3932; x_wconf 90' lang='lat' dir='ltr'><strong>Si</strong></span> <span class='ocrx_word' id='word_1_757' title='bbox 2930 3895 3065 3950; x_wconf 85' lang='lat' dir='ltr'><strong>ergo</strong></span> <span class='ocrx_word' id='word_1_758' title='bbox 3100 3895 3227 3935; x_wconf 92' lang='lat' dir='ltr'><strong>caro</strong></span> <span class='ocrx_word' id='word_1_759' title='bbox 3257 3882 3567 3935; x_wconf 89' lang='lat' dir='ltr'><strong>communi-</strong></span> 
     </span>
    </p>
   </div>
   <div class='ocr_carea' id='block_1_95' title="bbox 1975 3965 3569 4037">
    <p class='ocr_par' dir='ltr' id='par_1_95' title="bbox 1975 3965 3569 4037">
     <span class='ocr_line' id='line_1_95' title="bbox 1975 3965 3569 4037; baseline 0.006 -18"><span class='ocrx_word' id='word_1_760' title='bbox 1975 3966 2123 4020; x_wconf 90' lang='lat' dir='ltr'><strong>cavit</strong></span> <span class='ocrx_word' id='word_1_761' title='bbox 2155 3965 2356 4021; x_wconf 85' lang='lat' dir='ltr'><strong>Deitati</strong></span> <span class='ocrx_word' id='word_1_762' title='bbox 2398 3967 2450 4021; x_wconf 91' lang='lat' dir='ltr'><strong>in</strong></span> <span class='ocrx_word' id='word_1_763' title='bbox 2488 3984 2723 4037; x_wconf 89' lang='lat' dir='ltr'><strong>persona</strong></span> <span class='ocrx_word' id='word_1_764' title='bbox 2753 3970 2937 4033; x_wconf 88' lang='lat' dir='ltr'><strong>Verbi,</strong></span> <span class='ocrx_word' id='word_1_765' title='bbox 2970 3970 3043 4024; x_wconf 89' lang='lat' dir='ltr'><strong>ita</strong></span> <span class='ocrx_word' id='word_1_766' title='bbox 3077 3981 3138 4025; x_wconf 91' lang='lat' dir='ltr'><strong>ut</strong></span> <span class='ocrx_word' id='word_1_767' title='bbox 3169 3987 3297 4026; x_wconf 91' lang='lat' dir='ltr'><strong>vere</strong></span> <span class='ocrx_word' id='word_1_768' title='bbox 3336 3989 3461 4027; x_wconf 93' lang='lat' dir='ltr'><strong>cum</strong></span> <span class='ocrx_word' id='word_1_769' title='bbox 3499 3989 3569 4029; x_wconf 92' lang='lat' dir='ltr'><strong>eo</strong></span> 
     </span>
    </p>
   </div>
   <div class='ocr_carea' id='block_1_96' title="bbox 1974 4056 3565 4132">
    <p class='ocr_par' dir='ltr' id='par_1_96' title="bbox 1974 4056 3565 4132">
     <span class='ocr_line' id='line_1_96' title="bbox 1974 4056 3565 4132; baseline 0.006 -22"><span class='ocrx_word' id='word_1_770' title='bbox 1974 4056 2047 4111; x_wconf 90' lang='lat' dir='ltr'><strong>sit</strong></span> <span class='ocrx_word' id='word_1_771' title='bbox 2078 4072 2183 4111; x_wconf 89' lang='lat' dir='ltr'><strong>una</strong></span> <span class='ocrx_word' id='word_1_772' title='bbox 2209 4074 2277 4113; x_wconf 81' lang='lat' dir='ltr'><strong>ex</strong></span> <span class='ocrx_word' id='word_1_773' title='bbox 2300 4060 2630 4114; x_wconf 89' lang='lat' dir='ltr'><strong>monadibus</strong></span> <span class='ocrx_word' id='word_1_774' title='bbox 2656 4061 3019 4115; x_wconf 78' lang='lat' dir='ltr'><strong>sanctissimae</strong></span> <span class='ocrx_word' id='word_1_775' title='bbox 3047 4062 3360 4130; x_wconf 90' lang='lat' dir='ltr'><strong>Trinitatis,</strong></span> <span class='ocrx_word' id='word_1_776' title='bbox 3383 4065 3434 4120; x_wconf 91' lang='lat' dir='ltr'><strong>id</strong></span> <span class='ocrx_word' id='word_1_777' title='bbox 3459 4076 3565 4132; x_wconf 91' lang='lat' dir='ltr'><strong>cst,</strong></span> 
     </span>
    </p>
   </div>
   <div class='ocr_carea' id='block_1_97' title="bbox 1975 4155 3565 4221">
    <p class='ocr_par' dir='ltr' id='par_1_97' title="bbox 1975 4155 3565 4221">
     <span class='ocr_line' id='line_1_97' title="bbox 1975 4155 3565 4221; baseline 0.006 -17"><span class='ocrx_word' id='word_1_778' title='bbox 1975 4164 2041 4204; x_wconf 79' lang='lat' dir='ltr'><strong>ex</strong></span> <span class='ocrx_word' id='word_1_779' title='bbox 2074 4165 2434 4221; x_wconf 89' lang='lat' dir='ltr'><strong>personarum</strong></span> <span class='ocrx_word' id='word_1_780' title='bbox 2474 4168 2740 4207; x_wconf 89' lang='lat' dir='ltr'><strong>numero:</strong></span> <span class='ocrx_word' id='word_1_781' title='bbox 2769 4170 2900 4207; x_wconf 88' lang='lat' dir='ltr'><strong>num</strong></span> <span class='ocrx_word' id='word_1_782' title='bbox 2934 4155 3059 4209; x_wconf 89' lang='lat' dir='ltr'><strong>ideo</strong></span> <span class='ocrx_word' id='word_1_783' title='bbox 3086 4171 3312 4211; x_wconf 89' lang='lat' dir='ltr'><strong>necesse</strong></span> <span class='ocrx_word' id='word_1_784' title='bbox 3351 4167 3436 4212; x_wconf 91' lang='lat' dir='ltr'><strong>est</strong></span> <span class='ocrx_word' id='word_1_785' title='bbox 3480 4160 3565 4213; x_wconf 90' lang='lat' dir='ltr'><strong>di-</strong></span> 
     </span>
    </p>
   </div>
   <div class='ocr_carea' id='block_1_98' title="bbox 1976 4243 3569 4303">
    <p class='ocr_par' dir='ltr' id='par_1_98' title="bbox 1976 4243 3569 4303">
     <span class='ocr_line' id='line_1_98' title="bbox 1976 4243 3569 4303; baseline 0.004 -7"><span class='ocrx_word' id='word_1_786' title='bbox 1976 4252 2134 4296; x_wconf 90' lang='lat' dir='ltr'><strong>catur</strong></span> <span class='ocrx_word' id='word_1_787' title='bbox 2160 4243 2354 4297; x_wconf 91' lang='lat' dir='ltr'><strong>eadem</strong></span> <span class='ocrx_word' id='word_1_788' title='bbox 2386 4259 2515 4297; x_wconf 93' lang='lat' dir='ltr'><strong>caro</strong></span> <span class='ocrx_word' id='word_1_789' title='bbox 2558 4246 2999 4301; x_wconf 85' lang='lat' dir='ltr'><strong>communicasse</strong></span> <span class='ocrx_word' id='word_1_790' title='bbox 3032 4246 3309 4301; x_wconf 87' lang='lat' dir='ltr'><strong>divinitati</strong></span> <span class='ocrx_word' id='word_1_791' title='bbox 3356 4248 3569 4303; x_wconf 87' lang='lat' dir='ltr'><strong>ratione</strong></span> 
     </span>
    </p>
   </div>
   <div class='ocr_carea' id='block_1_99' title="bbox 1975 4335 3569 4403">
    <p class='ocr_par' dir='ltr' id='par_1_99' title="bbox 1975 4335 3569 4403">
     <span class='ocr_line' id='line_1_99' title="bbox 1975 4335 3569 4403; baseline 0.002 -13"><span class='ocrx_word' id='word_1_792' title='bbox 1975 4335 2253 4399; x_wconf 71' lang='lat' dir='ltr'><strong>essentite,</strong></span> <span class='ocrx_word' id='word_1_793' title='bbox 2284 4335 2337 4389; x_wconf 89' lang='lat' dir='ltr'><strong>id</strong></span> <span class='ocrx_word' id='word_1_794' title='bbox 2365 4344 2469 4399; x_wconf 88' lang='lat' dir='ltr'><strong>est,</strong></span> <span class='ocrx_word' id='word_1_795' title='bbox 2496 4336 2705 4391; x_wconf 89' lang='lat' dir='ltr'><strong>ratione</strong></span> <span class='ocrx_word' id='word_1_796' title='bbox 2734 4347 2965 4403; x_wconf 62' lang='lat' dir='ltr'><strong>naturae,</strong></span> <span class='ocrx_word' id='word_1_797' title='bbox 2996 4338 3050 4391; x_wconf 92' lang='lat' dir='ltr'><strong>in</strong></span> <span class='ocrx_word' id='word_1_798' title='bbox 3078 4338 3286 4393; x_wconf 89' lang='lat' dir='ltr'><strong>unitate</strong></span> <span class='ocrx_word' id='word_1_799' title='bbox 3310 4339 3569 4394; x_wconf 85' lang='lat' dir='ltr'><strong>substan-</strong></span> 
     </span>
    </p>
   </div>
   <div class='ocr_carea' id='block_1_100' title="bbox 1982 4426 3569 4497">
    <p class='ocr_par' dir='ltr' id='par_1_100' title="bbox 1982 4426 3569 4497">
     <span class='ocr_line' id='line_1_100' title="bbox 1982 4426 3569 4497; baseline 0.002 -16"><span class='ocrx_word' id='word_1_800' title='bbox 1982 4428 2071 4482; x_wconf 82' lang='lat' dir='ltr'><strong>tia:</strong></span> <span class='ocrx_word' id='word_1_801' title='bbox 2124 4428 2326 4482; x_wconf 74' lang='lat' dir='ltr'><strong>divinae</strong></span> <span class='ocrx_word' id='word_1_802' title='bbox 2380 4426 2547 4481; x_wconf 89' lang='lat' dir='ltr'><strong>simul</strong></span> <span class='ocrx_word' id='word_1_803' title='bbox 2598 4443 2722 4481; x_wconf 90' lang='lat' dir='ltr'><strong>cum</strong></span> <span class='ocrx_word' id='word_1_804' title='bbox 2782 4428 2874 4481; x_wconf 90' lang='lat' dir='ltr'><strong>illa</strong></span> <span class='ocrx_word' id='word_1_805' title='bbox 2920 4429 3365 4497; x_wconf 88' lang='lat' dir='ltr'><strong>comprehensa?</strong></span> <span class='ocrx_word' id='word_1_806' title='bbox 3415 4430 3569 4486; x_wconf 82' lang='lat' dir='ltr'><strong>lianc</strong></span> 
     </span>
    </p>
   </div>
   <div class='ocr_carea' id='block_1_101' title="bbox 1983 4519 3564 4589">
    <p class='ocr_par' dir='ltr' id='par_1_101' title="bbox 1983 4519 3564 4589">
     <span class='ocr_line' id='line_1_101' title="bbox 1983 4519 3564 4589; baseline 0.001 -15"><span class='ocrx_word' id='word_1_807' title='bbox 1983 4521 2131 4574; x_wconf 92' lang='lat' dir='ltr'><strong>enim</strong></span> <span class='ocrx_word' id='word_1_808' title='bbox 2176 4521 2349 4589; x_wconf 91' lang='lat' dir='ltr'><strong>ipsam</strong></span> <span class='ocrx_word' id='word_1_809' title='bbox 2394 4519 2465 4573; x_wconf 89' lang='lat' dir='ltr'><strong>ob</strong></span> <span class='ocrx_word' id='word_1_810' title='bbox 2513 4535 2733 4573; x_wconf 88' lang='lat' dir='ltr'><strong>causam</strong></span> <span class='ocrx_word' id='word_1_811' title='bbox 2781 4536 2883 4574; x_wconf 89' lang='lat' dir='ltr'><strong>nos</strong></span> <span class='ocrx_word' id='word_1_812' title='bbox 2930 4529 3124 4575; x_wconf 79' lang='lat' dir='ltr'><strong>contra</strong></span> <span class='ocrx_word' id='word_1_813' title='bbox 3157 4537 3256 4575; x_wconf 91' lang='lat' dir='ltr'><strong>vos</strong></span> <span class='ocrx_word' id='word_1_814' title='bbox 3287 4522 3564 4577; x_wconf 88' lang='lat' dir='ltr'><strong>dicimus:</strong></span> 
     </span>
    </p>
   </div>
   <div class='ocr_carea' id='block_1_102' title="bbox 1981 4611 3564 4681">
    <p class='ocr_par' dir='ltr' id='par_1_102' title="bbox 1981 4611 3564 4681">
     <span class='ocr_line' id='line_1_102' title="bbox 1981 4611 3564 4681; baseline 0.002 -16"><span class='ocrx_word' id='word_1_815' title='bbox 1981 4626 2107 4666; x_wconf 88' lang='lat' dir='ltr'><strong>cum</strong></span> <span class='ocrx_word' id='word_1_816' title='bbox 2142 4627 2241 4681; x_wconf 90' lang='lat' dir='ltr'><strong>per</strong></span> <span class='ocrx_word' id='word_1_817' title='bbox 2271 4611 2488 4665; x_wconf 90' lang='lat' dir='ltr'><strong>obviam</strong></span> <span class='ocrx_word' id='word_1_818' title='bbox 2525 4612 2895 4667; x_wconf 63' lang='lat' dir='ltr'><strong>Providentiae</strong></span> <span class='ocrx_word' id='word_1_819' title='bbox 2926 4614 3269 4667; x_wconf 88' lang='lat' dir='ltr'><strong>voluntatem</strong></span> <span class='ocrx_word' id='word_1_820' title='bbox 3304 4616 3457 4669; x_wconf 91' lang='lat' dir='ltr'><strong>unita</strong></span> <span class='ocrx_word' id='word_1_821' title='bbox 3490 4616 3564 4670; x_wconf 89' lang='lat' dir='ltr'><strong>sit</strong></span> 
     </span>
    </p>
   </div>
   <div class='ocr_carea' id='block_1_103' title="bbox 1981 4700 3566 4774">
    <p class='ocr_par' dir='ltr' id='par_1_103' title="bbox 1981 4700 3566 4774">
     <span class='ocr_line' id='line_1_103' title="bbox 1981 4700 3566 4774; baseline 0.002 -18"><span class='ocrx_word' id='word_1_822' title='bbox 1981 4700 2135 4756; x_wconf 89' lang='lat' dir='ltr'><strong>carni</strong></span> <span class='ocrx_word' id='word_1_823' title='bbox 2180 4700 2444 4755; x_wconf 87' lang='lat' dir='ltr'><strong>divinitas</strong></span> <span class='ocrx_word' id='word_1_824' title='bbox 2492 4700 2595 4755; x_wconf 90' lang='lat' dir='ltr'><strong>sub</strong></span> <span class='ocrx_word' id='word_1_825' title='bbox 2642 4702 2734 4755; x_wconf 91' lang='lat' dir='ltr'><strong>iHo</strong></span> <span class='ocrx_word' id='word_1_826' title='bbox 2785 4712 3039 4772; x_wconf 90' lang='lat' dir='ltr'><strong>respectu</strong></span> <span class='ocrx_word' id='word_1_827' title='bbox 3090 4719 3203 4773; x_wconf 92' lang='lat' dir='ltr'><strong>quo</strong></span> <span class='ocrx_word' id='word_1_828' title='bbox 3240 4705 3476 4774; x_wconf 89' lang='lat' dir='ltr'><strong>aliquam</strong></span> <span class='ocrx_word' id='word_1_829' title='bbox 3513 4707 3566 4759; x_wconf 91' lang='lat' dir='ltr'><strong>in</strong></span> 
     </span>
    </p>
   </div>
   <div class='ocr_carea' id='block_1_104' title="bbox 1982 4791 3569 4866">
    <p class='ocr_par' dir='ltr' id='par_1_104' title="bbox 1982 4791 3569 4866">
     <span class='ocr_line' id='line_1_104' title="bbox 1982 4791 3569 4866; baseline 0.003 -20"><span class='ocrx_word' id='word_1_830' title='bbox 1982 4792 2161 4861; x_wconf 86' lang='lat' dir='ltr'><strong>seipsa</strong></span> <span class='ocrx_word' id='word_1_831' title='bbox 2189 4791 2600 4848; x_wconf 87' lang='lat' dir='ltr'><strong>distinctionem</strong></span> <span class='ocrx_word' id='word_1_832' title='bbox 2633 4793 2893 4859; x_wconf 86' lang='lat' dir='ltr'><strong>admittit,</strong></span> <span class='ocrx_word' id='word_1_833' title='bbox 2931 4795 3141 4849; x_wconf 83' lang='lat' dir='ltr'><strong>scilicet</strong></span> <span class='ocrx_word' id='word_1_834' title='bbox 3168 4796 3474 4866; x_wconf 87' lang='lat' dir='ltr'><strong>respective</strong></span> <span class='ocrx_word' id='word_1_835' title='bbox 3500 4798 3569 4851; x_wconf 88' lang='lat' dir='ltr'><strong>ad</strong></span> 
     </span>
    </p>
   </div>
   <div class='ocr_carea' id='block_1_105' title="bbox 1982 4883 3567 4955">
    <p class='ocr_par' dir='ltr' id='par_1_105' title="bbox 1982 4883 3567 4955">
     <span class='ocr_line' id='line_1_105' title="bbox 1982 4883 3567 4955; baseline 0.004 -19"><span class='ocrx_word' id='word_1_836' title='bbox 1982 4883 2363 4955; x_wconf 84' lang='lat' dir='ltr'><strong>hypostasim:</strong></span> <span class='ocrx_word' id='word_1_837' title='bbox 2394 4885 2713 4939; x_wconf 81' lang='lat' dir='ltr'><strong>fatebuntur</strong></span> <span class='ocrx_word' id='word_1_838' title='bbox 2741 4902 2933 4942; x_wconf 85' lang='lat' dir='ltr'><strong>omnes</strong></span> <span class='ocrx_word' id='word_1_839' title='bbox 2967 4904 3087 4942; x_wconf 87' lang='lat' dir='ltr'><strong>eam</strong></span> <span class='ocrx_word' id='word_1_840' title='bbox 3124 4905 3249 4943; x_wconf 91' lang='lat' dir='ltr'><strong>cum</strong></span> <span class='ocrx_word' id='word_1_841' title='bbox 3272 4904 3435 4943; x_wconf 88' lang='lat' dir='ltr'><strong>carne</strong></span> <span class='ocrx_word' id='word_1_842' title='bbox 3458 4906 3567 4943; x_wconf 89' lang='lat' dir='ltr'><strong>non</strong></span> 
     </span>
    </p>
   </div>
   <div class='ocr_carea' id='block_1_106' title="bbox 1982 4977 3568 5051">
    <p class='ocr_par' dir='ltr' id='par_1_106' title="bbox 1982 4977 3568 5051">
     <span class='ocr_line' id='line_1_106' title="bbox 1982 4977 3568 5051; baseline 0.002 -20"><span class='ocrx_word' id='word_1_843' title='bbox 1982 4977 2422 5031; x_wconf 91' lang='lat' dir='ltr'><strong>communicasse</strong></span> <span class='ocrx_word' id='word_1_844' title='bbox 2464 4978 2769 5046; x_wconf 88' lang='lat' dir='ltr'><strong>respective</strong></span> <span class='ocrx_word' id='word_1_845' title='bbox 2796 4979 2863 5032; x_wconf 94' lang='lat' dir='ltr'><strong>ad</strong></span> <span class='ocrx_word' id='word_1_846' title='bbox 2902 4996 3055 5033; x_wconf 90' lang='lat' dir='ltr'><strong>suam</strong></span> <span class='ocrx_word' id='word_1_847' title='bbox 3103 4990 3379 5044; x_wconf 88' lang='lat' dir='ltr'><strong>naturam,</strong></span> <span class='ocrx_word' id='word_1_848' title='bbox 3411 4982 3568 5051; x_wconf 87' lang='lat' dir='ltr'><strong>cujus</strong></span> 
     </span>
    </p>
   </div>
   <div class='ocr_carea' id='block_1_107' title="bbox 1983 5069 3563 5140">
    <p class='ocr_par' dir='ltr' id='par_1_107' title="bbox 1983 5069 3563 5140">
     <span class='ocr_line' id='line_1_107' title="bbox 1983 5069 3563 5140; baseline 0.001 -17"><span class='ocrx_word' id='word_1_849' title='bbox 1983 5070 2200 5124; x_wconf 91' lang='lat' dir='ltr'><strong>ratione</strong></span> <span class='ocrx_word' id='word_1_850' title='bbox 2251 5069 2459 5122; x_wconf 89' lang='lat' dir='ltr'><strong>nullam</strong></span> <span class='ocrx_word' id='word_1_851' title='bbox 2516 5069 2756 5123; x_wconf 88' lang='lat' dir='ltr'><strong>admittit</strong></span> <span class='ocrx_word' id='word_1_852' title='bbox 2788 5069 2844 5123; x_wconf 88' lang='lat' dir='ltr'><strong>in</strong></span> <span class='ocrx_word' id='word_1_853' title='bbox 2896 5071 3075 5140; x_wconf 89' lang='lat' dir='ltr'><strong>seipsa</strong></span> <span class='ocrx_word' id='word_1_854' title='bbox 3126 5071 3563 5125; x_wconf 89' lang='lat' dir='ltr'><strong>distinctionem.</strong></span> 
     </span>
    </p>
   </div>
   <div class='ocr_carea' id='block_1_108' title="bbox 1981 5160 3567 5232">
    <p class='ocr_par' dir='ltr' id='par_1_108' title="bbox 1981 5160 3567 5232">
     <span class='ocr_line' id='line_1_108' title="bbox 1981 5160 3567 5232; baseline 0.001 -17"><span class='ocrx_word' id='word_1_855' title='bbox 1981 5160 2139 5227; x_wconf 85' lang='lat' dir='ltr'><strong>Quod</strong></span> <span class='ocrx_word' id='word_1_856' title='bbox 2188 5161 2233 5215; x_wconf 88' lang='lat' dir='ltr'><strong>si</strong></span> <span class='ocrx_word' id='word_1_857' title='bbox 2278 5160 2625 5215; x_wconf 89' lang='lat' dir='ltr'><strong>divinitatem</strong></span> <span class='ocrx_word' id='word_1_858' title='bbox 2672 5162 2726 5215; x_wconf 91' lang='lat' dir='ltr'><strong>in</strong></span> <span class='ocrx_word' id='word_1_859' title='bbox 2780 5162 2959 5232; x_wconf 90' lang='lat' dir='ltr'><strong>seipsa</strong></span> <span class='ocrx_word' id='word_1_860' title='bbox 3005 5163 3406 5217; x_wconf 85' lang='lat' dir='ltr'><strong>consideratam</strong></span> <span class='ocrx_word' id='word_1_861' title='bbox 3454 5179 3567 5217; x_wconf 89' lang='lat' dir='ltr'><strong>non</strong></span> 
     </span>
    </p>
   </div>
   <div class='ocr_carea' id='block_1_109' title="bbox 1984 5253 3569 5310">
    <p class='ocr_par' dir='ltr' id='par_1_109' title="bbox 1984 5253 3569 5310">
     <span class='ocr_line' id='line_1_109' title="bbox 1984 5253 3569 5310; baseline 0.001 -2"><span class='ocrx_word' id='word_1_862' title='bbox 1984 5254 2399 5309; x_wconf 90' lang='lat' dir='ltr'><strong>demonstratur</strong></span> <span class='ocrx_word' id='word_1_863' title='bbox 2439 5253 2851 5308; x_wconf 89' lang='lat' dir='ltr'><strong>communicare</strong></span> <span class='ocrx_word' id='word_1_864' title='bbox 2901 5254 3003 5307; x_wconf 91' lang='lat' dir='ltr'><strong>sub</strong></span> <span class='ocrx_word' id='word_1_865' title='bbox 3045 5254 3264 5309; x_wconf 90' lang='lat' dir='ltr'><strong>duobus</strong></span> <span class='ocrx_word' id='word_1_866' title='bbox 3310 5258 3426 5310; x_wconf 90' lang='lat' dir='ltr'><strong>suis</strong></span> <span class='ocrx_word' id='word_1_867' title='bbox 3483 5271 3569 5309; x_wconf 92' lang='lat' dir='ltr'><strong>re-</strong></span> 
     </span>
    </p>
   </div>
   <div class='ocr_carea' id='block_1_110' title="bbox 1984 5348 3567 5418">
    <p class='ocr_par' dir='ltr' id='par_1_110' title="bbox 1984 5348 3567 5418">
     <span class='ocr_line' id='line_1_110' title="bbox 1984 5348 3567 5418; baseline -0.001 -16"><span class='ocrx_word' id='word_1_868' title='bbox 1984 5348 2286 5418; x_wconf 91' lang='lat' dir='ltr'><strong>spectibus,</strong></span> <span class='ocrx_word' id='word_1_869' title='bbox 2326 5349 2376 5402; x_wconf 94' lang='lat' dir='ltr'><strong>id</strong></span> <span class='ocrx_word' id='word_1_870' title='bbox 2411 5358 2516 5414; x_wconf 89' lang='lat' dir='ltr'><strong>est,</strong></span> <span class='ocrx_word' id='word_1_871' title='bbox 2568 5348 2671 5401; x_wconf 89' lang='lat' dir='ltr'><strong>sub</strong></span> <span class='ocrx_word' id='word_1_872' title='bbox 2722 5356 2975 5417; x_wconf 85' lang='lat' dir='ltr'><strong>respectu</strong></span> <span class='ocrx_word' id='word_1_873' title='bbox 3020 5355 3137 5403; x_wconf 90' lang='lat' dir='ltr'><strong>tum</strong></span> <span class='ocrx_word' id='word_1_874' title='bbox 3187 5359 3418 5413; x_wconf 81' lang='lat' dir='ltr'><strong>naturae.</strong></span> <span class='ocrx_word' id='word_1_875' title='bbox 3452 5358 3567 5403; x_wconf 89' lang='lat' dir='ltr'><strong>tum</strong></span> 
     </span>
    </p>
   </div>
   <div class='ocr_carea' id='block_1_111' title="bbox 1984 5438 3569 5511">
    <p class='ocr_par' dir='ltr' id='par_1_111' title="bbox 1984 5438 3569 5511">
     <span class='ocr_line' id='line_1_111' title="bbox 1984 5438 3569 5511; baseline -0.001 -17"><span class='ocrx_word' id='word_1_876' title='bbox 1984 5441 2345 5511; x_wconf 81' lang='lat' dir='ltr'><strong>hypostaseos</strong></span> <span class='ocrx_word' id='word_1_877' title='bbox 2392 5440 2578 5508; x_wconf 85' lang='lat' dir='ltr'><strong>(unum</strong></span> <span class='ocrx_word' id='word_1_878' title='bbox 2608 5439 2755 5492; x_wconf 90' lang='lat' dir='ltr'><strong>enim</strong></span> <span class='ocrx_word' id='word_1_879' title='bbox 2798 5449 2881 5493; x_wconf 86' lang='lat' dir='ltr'><strong>est</strong></span> <span class='ocrx_word' id='word_1_880' title='bbox 2922 5438 3024 5493; x_wconf 87' lang='lat' dir='ltr'><strong>sub</strong></span> <span class='ocrx_word' id='word_1_881' title='bbox 3071 5440 3265 5509; x_wconf 89' lang='lat' dir='ltr'><strong>priori,</strong></span> <span class='ocrx_word' id='word_1_882' title='bbox 3301 5442 3403 5493; x_wconf 85' lang='lat' dir='ltr'><strong>tria</strong></span> <span class='ocrx_word' id='word_1_883' title='bbox 3436 5456 3569 5493; x_wconf 86' lang='lat' dir='ltr'><strong>vero</strong></span> 
     </span>
    </p>
   </div>
   <div class='ocr_carea' id='block_1_112' title="bbox 1985 5527 3568 5599">
    <p class='ocr_par' dir='ltr' id='par_1_112' title="bbox 1985 5527 3568 5599">
     <span class='ocr_line' id='line_1_112' title="bbox 1985 5527 3568 5599; baseline -0.003 -14"><span class='ocrx_word' id='word_1_884' title='bbox 1985 5531 2088 5585; x_wconf 91' lang='lat' dir='ltr'><strong>sub</strong></span> <span class='ocrx_word' id='word_1_885' title='bbox 2124 5528 2439 5599; x_wconf 89' lang='lat' dir='ltr'><strong>posteriori)</strong></span> <span class='ocrx_word' id='word_1_886' title='bbox 2470 5547 2481 5581; x_wconf 88' lang='lat'>:</span> <span class='ocrx_word' id='word_1_887' title='bbox 2515 5527 2793 5598; x_wconf 88' lang='lat' dir='ltr'><strong>quomodo</strong></span> <span class='ocrx_word' id='word_1_888' title='bbox 2829 5529 2904 5581; x_wconf 92' lang='lat' dir='ltr'><strong>illi</strong></span> <span class='ocrx_word' id='word_1_889' title='bbox 2940 5530 3033 5598; x_wconf 89' lang='lat' dir='ltr'><strong>qui</strong></span> <span class='ocrx_word' id='word_1_890' title='bbox 3066 5530 3119 5586; x_wconf 92' lang='lat' dir='ltr'><strong>in</strong></span> <span class='ocrx_word' id='word_1_891' title='bbox 3152 5546 3215 5585; x_wconf 88' lang='lat' dir='ltr'><strong>ea</strong></span> <span class='ocrx_word' id='word_1_892' title='bbox 3246 5546 3370 5583; x_wconf 89' lang='lat' dir='ltr'><strong>cum</strong></span> <span class='ocrx_word' id='word_1_893' title='bbox 3398 5546 3568 5584; x_wconf 83' lang='lat' dir='ltr'><strong>carne</strong></span> 
     </span>
    </p>
   </div>
   <div class='ocr_carea' id='block_1_113' title="bbox 1986 5615 3569 5686">
    <p class='ocr_par' dir='ltr' id='par_1_113' title="bbox 1986 5615 3569 5686">
     <span class='ocr_line' id='line_1_113' title="bbox 1986 5615 3569 5686; baseline 0.002 -14"><span class='ocrx_word' id='word_1_894' title='bbox 1986 5619 2154 5679; x_wconf 89' lang='lat' dir='ltr'><strong>inest,</strong></span> <span class='ocrx_word' id='word_1_895' title='bbox 2200 5616 2304 5670; x_wconf 90' lang='lat' dir='ltr'><strong>sub</strong></span> <span class='ocrx_word' id='word_1_896' title='bbox 2333 5615 2537 5686; x_wconf 90' lang='lat' dir='ltr'><strong>duplici</strong></span> <span class='ocrx_word' id='word_1_897' title='bbox 2580 5624 2833 5686; x_wconf 88' lang='lat' dir='ltr'><strong>respectu</strong></span> <span class='ocrx_word' id='word_1_898' title='bbox 2882 5619 3495 5675; x_wconf 84' lang='lat' dir='ltr'><strong>communicabit?lioc</strong></span> <span class='ocrx_word' id='word_1_899' title='bbox 3523 5622 3569 5675; x_wconf 87' lang='lat' dir='ltr'><strong>si</strong></span> 
     </span>
    </p>
   </div>
   <div class='ocr_carea' id='block_1_114' title="bbox 1985 5710 3572 5781">
    <p class='ocr_par' dir='ltr' id='par_1_114' title="bbox 1985 5710 3572 5781">
     <span class='ocr_line' id='line_1_114' title="bbox 1985 5710 3572 5781; baseline 0.002 -16"><span class='ocrx_word' id='word_1_900' title='bbox 1985 5720 2152 5773; x_wconf 85' lang='lat' dir='ltr'><strong>esset,</strong></span> <span class='ocrx_word' id='word_1_901' title='bbox 2190 5710 2307 5765; x_wconf 83' lang='lat' dir='ltr'><strong>sola</strong></span> <span class='ocrx_word' id='word_1_902' title='bbox 2346 5726 2512 5764; x_wconf 87' lang='lat' dir='ltr'><strong>carne</strong></span> <span class='ocrx_word' id='word_1_903' title='bbox 2561 5710 2769 5779; x_wconf 86' lang='lat' dir='ltr'><strong>aliquid</strong></span> <span class='ocrx_word' id='word_1_904' title='bbox 2804 5712 3213 5781; x_wconf 84' lang='lat' dir='ltr'><strong>quodammodo</strong></span> <span class='ocrx_word' id='word_1_905' title='bbox 3244 5728 3301 5767; x_wconf 91' lang='lat' dir='ltr'><strong>se</strong></span> <span class='ocrx_word' id='word_1_906' title='bbox 3331 5712 3448 5781; x_wconf 89' lang='lat' dir='ltr'><strong>ipsa</strong></span> <span class='ocrx_word' id='word_1_907' title='bbox 3486 5712 3572 5768; x_wconf 90' lang='lat' dir='ltr'><strong>di-</strong></span> 
     </span>
    </p>
   </div>
   <div class='ocr_carea' id='block_1_115' title="bbox 1985 5802 3575 5871">
    <p class='ocr_par' dir='ltr' id='par_1_115' title="bbox 1985 5802 3575 5871">
     <span class='ocr_line' id='line_1_115' title="bbox 1985 5802 3575 5871; baseline 0.002 -13"><span class='ocrx_word' id='word_1_908' title='bbox 1985 5804 2195 5864; x_wconf 88' lang='lat' dir='ltr'><strong>vinius,</strong></span> <span class='ocrx_word' id='word_1_909' title='bbox 2244 5812 2302 5855; x_wconf 88' lang='lat' dir='ltr'><strong>et</strong></span> <span class='ocrx_word' id='word_1_910' title='bbox 2354 5802 2680 5871; x_wconf 84' lang='lat' dir='ltr'><strong>simplicius,</strong></span> <span class='ocrx_word' id='word_1_911' title='bbox 2733 5814 2789 5857; x_wconf 92' lang='lat' dir='ltr'><strong>et</strong></span> <span class='ocrx_word' id='word_1_912' title='bbox 2838 5807 3199 5861; x_wconf 80' lang='lat' dir='ltr'><strong>excellentius</strong></span> <span class='ocrx_word' id='word_1_913' title='bbox 3237 5807 3575 5861; x_wconf 71' lang='lat' dir='ltr'><strong>ostendissrt</strong></span> 
     </span>
    </p>
   </div>
   <div class='ocr_carea' id='block_1_116' title="bbox 1987 5895 3573 5967">
    <p class='ocr_par' dir='ltr' id='par_1_116' title="bbox 1987 5895 3573 5967">
     <span class='ocr_line' id='line_1_116' title="bbox 1987 5895 3573 5967; baseline 0.001 -14"><span class='ocrx_word' id='word_1_914' title='bbox 1987 5897 2268 5953; x_wconf 87' lang='lat' dir='ltr'><strong>divinitas.</strong></span> <span class='ocrx_word' id='word_1_915' title='bbox 2321 5896 2389 5949; x_wconf 86' lang='lat' dir='ltr'><strong>Et</strong></span> <span class='ocrx_word' id='word_1_916' title='bbox 2431 5895 2503 5949; x_wconf 87' lang='lat' dir='ltr'><strong>ita</strong></span> <span class='ocrx_word' id='word_1_917' title='bbox 2551 5895 2775 5966; x_wconf 87' lang='lat' dir='ltr'><strong>quidem</strong></span> <span class='ocrx_word' id='word_1_918' title='bbox 2806 5912 2864 5952; x_wconf 91' lang='lat' dir='ltr'><strong>se</strong></span> <span class='ocrx_word' id='word_1_919' title='bbox 2898 5913 2986 5952; x_wconf 90' lang='lat' dir='ltr'><strong>res</strong></span> <span class='ocrx_word' id='word_1_920' title='bbox 3032 5898 3257 5952; x_wconf 88' lang='lat' dir='ltr'><strong>habent.</strong></span> <span class='ocrx_word' id='word_1_921' title='bbox 3300 5898 3573 5967; x_wconf 71' lang='lat' dir='ltr'><strong>Quoniam</strong></span> 
     </span>
    </p>
   </div>
   <div class='ocr_carea' id='block_1_117' title="bbox 3120 5990 3230 6049">
    <p class='ocr_par' dir='ltr' id='par_1_117' title="bbox 3120 5990 3230 6049">
     <span class='ocr_line' id='line_1_117' title="bbox 3120 5990 3230 6049; baseline 0 0"><span class='ocrx_word' id='word_1_922' title='bbox 3120 5990 3230 6049; x_wconf 79' lang='lat'><strong>55&quot;</strong></span> 
     </span>
    </p>
   </div>
  </div>
