4042 6510
547 462 682 530 i768
708 473 732 504 ο
1782 466 2096 528 LEONTII
2135 465 2542 527 BYZANTINI
3649 476 3809 543 ιτιεά

550 596 706 646 vero,
736 579 810 635 ob
835 590 1289 652 argumentorum
1310 580 1698 644 subtilitatem,
1729 581 1889 635 vobis
1911 581 2133 634 fortasse

2251 598 2436 651 μενον,
2462 583 2934 656 παχυμερεστέριρ
2963 583 3110 654 ὑμᾶς
3143 584 3429 654 ἐλεγκτέον
3459 587 3539 659 τῷ
3571 593 3813 660 παραδείς

551 689 660 728 non
688 682 822 728 sunt
845 673 988 728 bene
1025 682 1157 729 nota
1183 690 1307 744 quae
1337 674 1476 740 dixi,
1516 690 1605 730 res
1625 673 1783 730 vobis
1813 672 2133 730 elucidanda

2249 689 2381 743 ματι
2401 689 2416 704 ο
2447 673 2572 727 ἐπεὶ
2586 675 2698 745 γὰρ
2726 676 2793 746 μέ
2803 693 2884 747 ρει
2908 677 3080 748 πυρὸς
3107 677 3274 748 μέρος
3295 678 3520 750 σιδήρου
3545 682 3685 737 κατά
3705 700 3812 738 τινα

486 780 494 795 ’
551 776 638 821 est
669 765 926 836 exemplo
955 765 1061 821 sub
1095 781 1295 822 sensus
1328 765 1506 838 magis
1533 766 1787 821 cadente.
1829 765 1975 837 Ignis
1998 766 2142 836 parti

551 873 680 928 pars
727 855 862 912 ferri
915 857 1294 927 conglutinata
1347 856 1755 928 quodammodo
1799 872 1968 912 unam
2013 872 2141 912 cum

549 951 645 1006 illa
677 949 846 1005 eﬂicit
891 949 1255 1021 hypostasim,
1305 966 1430 1020 quae
1475 951 1534 1004 in
1582 966 1685 1006 suo
1723 965 1844 1006 esse
1877 950 2042 1006 simul
2073 967 2142 1007 ex

551 1042 677 1111 igne
712 1049 771 1097 et
810 1039 960 1097 ferro
988 1043 1331 1113 completur:
1359 1050 1436 1108 et,
1464 1057 1590 1096 cum
1620 1040 1762 1113 ignis
1794 1048 1944 1097 totus
1977 1040 2034 1097 in
2073 1057 2139 1098 ea

552 1133 689 1190 insit
745 1136 959 1190 ratione
1009 1149 1123 1189 suae
1170 1141 1404 1199 naturae,
1455 1149 1659 1204 ergone
1698 1134 1856 1206 juxta
1894 1149 1996 1191 vos
2028 1133 2139 1193 dici

559 1228 766 1297 poterit
789 1227 901 1298 igni
933 1226 1144 1282 ferrum
1170 1241 1292 1281 esse
1319 1224 1790 1282 consubstantiale
1807 1226 1836 1281 ?
1865 1225 1922 1282 Si
1952 1235 2140 1283 autem

556 1317 692 1374 illud
753 1317 1110 1374 evidentibus
1161 1315 1599 1373 demonstratum
1652 1323 1740 1372 est
1786 1317 2136 1385 rationibus,

545 1409 806 1480 proinde,
839 1424 907 1464 ex
938 1408 1190 1463 omnium
1218 1405 1494 1472 confesso,
1519 1405 1672 1462 aliud
1711 1414 1796 1462 est
1824 1408 2139 1464 communi-

548 1503 694 1558 catio
740 1517 850 1572 qua
877 1501 1031 1556 varia
1056 1498 1193 1555 ferri
1219 1495 1383 1570 igniti
1407 1512 1640 1569 corpora
1677 1513 1867 1554 secum
1897 1501 2136 1556 invicem

548 1609 720 1648 unum
784 1592 1031 1648 elﬁciunt
1074 1591 1132 1646 in
1179 1588 1492 1662 hypostasi,
1544 1596 1602 1645 et
1647 1589 1799 1646 aliud
1844 1591 1978 1647 nnio
2025 1607 2139 1664 qua

549 1700 722 1739 unum
752 1689 1051 1738 censentur
1081 1695 1208 1736 cum
1238 1679 1321 1735 eis
1346 1679 1551 1749 quibus
1578 1680 2017 1752 unumquodque
2044 1687 2132 1736 est

547 1775 1044 1832 consubstantialis
1090 1773 1146 1828 in
1188 1771 1470 1828 communi
1518 1780 1738 1828 natura.
1791 1772 1933 1845 Ergo
1981 1782 2132 1832 recte

547 1867 766 1924 dixistis
815 1865 1104 1923 Trinitatis
1134 1880 1257 1921 esse
1293 1878 1543 1929 carnem,
1585 1863 1703 1920 haec
1731 1865 1878 1919 enim
1912 1882 2021 1922 una
2050 1876 2134 1923 est

2245 764 2547 820 ὑπόστασιν
2575 766 2730 821 τοῦδέ
2755 785 2902 832 τινος
2950 769 3046 823 τοῦ
3094 769 3300 841 μύδρου
3330 773 3635 844 συνῆπταιο
3658 775 3718 829 τὸ
3763 777 3814 833 δὲ

2243 849 2387 909 εἶναι
2414 855 2588 928 ταύτῃ
2617 858 2683 912 ὲκ
2707 859 2882 932 πυρός
2910 877 2969 914 τε
2996 861 3092 914 τοῦ
3113 861 3298 916 κοινοῦ
3328 863 3423 917 καὶ
3442 865 3662 937 σιδήρου
3684 867 3810 940 πλη-

2244 945 2439 1018 ροῦται
2468 965 2483 981 ο
2514 949 2640 1003 ἐπεὶ
2683 951 2746 1004 τὸ
2785 951 2899 1025 πῦρ
2932 951 3053 1006 ὅλον
3100 953 3279 1008 ἔνεστι
3321 955 3465 1009 κατὰ
3501 957 3602 1029 τὴν
3644 958 3813 1028 φύσιν,

2239 1039 2362 1104 πῶς
2405 1041 2507 1096 οὐκ
2565 1042 2723 1097 ἔσται
2761 1043 2943 1114 λέγειν
2987 1046 3082 1100 καὶ
3131 1046 3212 1118 τῷ
3266 1049 3404 1119 πυρὶ
3458 1049 3550 1104 τὸν
3615 1052 3814 1125 σίδηρον

2238 1131 2528 1205 όμοούσιον
2565 1136 2690 1192 καθ’
2713 1138 2892 1210 ὑμᾶςς
2915 1140 2980 1194 El
3011 1140 3072 1194 δὲ
3111 1141 3272 1196 τοῦτο
3301 1144 3572 1216 πρόδηλον
3605 1146 3714 1218 ἔχει
3735 1151 3815 1203 τὸν

2239 1227 2485 1299 ἔλεγχον,
2509 1227 2953 1303 ὡμολογημένοις
2973 1233 3102 1288 καθ’
3131 1235 3330 1309 ἑτέραν
3356 1241 3650 1295 κοινωνίαν
3673 1241 3736 1295 τά
3761 1261 3814 1297 τε

2240 1315 2300 1369 ἐν
2319 1315 2400 1384 τῷ
2466 1316 2656 1389 μύδρῳ
2701 1319 2934 1389 σώματα
2980 1319 3219 1395 διάφορα
3255 1323 3318 1377 τὸ
3360 1324 3421 1381 ἓν
3460 1324 3603 1380 εἶναι
3650 1328 3817 1398 ἔχουσι

2239 1403 2339 1460 σὺν
2367 1403 2618 1479 ἀλλήλοις
2643 1407 2702 1461 ὲν
2717 1410 2785 1479 τῇ
2813 1409 3111 1466 ὑποστάσει
3133 1428 3149 1444 ·
3173 1415 3270 1468 καὶ
3286 1415 3414 1470 καθ’
3450 1417 3650 1485 ἑτέραν
3699 1419 3815 1473 Evr»-

2240 1514 2328 1552 σιν
2350 1499 2514 1554 πάλιν
2535 1498 2594 1553 ἓν
2643 1503 2848 1557 νοεῖται
2873 1502 3001 1557 τάδε
3027 1504 3126 1559 σὺν
3161 1508 3277 1571 τοῖς
3307 1508 3518 1562 ἑαυτῶν
3570 1509 3817 1581 ἑκάτερον

2238 1591 2548 1661 όμοουσίοις
2576 1592 2635 1647 ὲν
2667 1596 2822 1665 κοινῇ
2863 1597 2934 1667 τῇ
2963 1594 3156 1665 φύσει·
3187 1597 3289 1669 τῆς
3315 1594 3410 1654 οὖν
3436 1601 3673 1672 Τριάδος
3696 1603 3815 1676 ἀλη-

2239 1682 2350 1747 θῶς
2371 1681 2539 1756 ἕφητε
2558 1683 2638 1738 ότι
2665 1683 2780 1738 ἐστι
2808 1687 2900 1740 καὶ
2936 1687 2969 1758 ή
3000 1687 3166 1760 σάρξ·
3219 1691 3350 1760 μιᾶς
3380 1691 3489 1765 γὰρ
3523 1693 3638 1747 τῶν
3666 1695 3817 1766 τριῶν

2239 1776 2635 1831 ὐποστάσεων·
2678 1777 2797 1831 ἀλλ’
2845 1780 2969 1851 οὐχὶ
3002 1781 3098 1835 καὶΙ
3143 1783 3245 1853 τῆς
3287 1785 3540 1856 μονάδος,
3590 1778 3636 1839 ὦ
3663 1781 3814 1851 οὗτοι,

2238 1866 2473 1940 πρώτως
2498 1869 2667 1942 ἤγουν
2693 1869 2881 1943 οἰκείῳ
2905 1871 3051 1944 λόγῳ
3071 1913 3087 1929 .
3130 1874 3274 1928 Ἀλλ’
3299 1876 3334 1948 ἡ
3384 1877 3559 1949 Τριάς
3594 1878 3732 1934 κατά
3773 1897 3817 1934 τι

542 1959 722 2016 trium
764 1971 1154 2028 personarum.
1197 1955 1305 2012 Sed
1340 1955 1495 2028 (pace
1537 1964 1723 2010 vestra
1765 1955 1970 2028 dicam)
2002 1973 2132 2014 caro

2241 1929 2337 2017 καὶ
2371 1929 2560 2034 μω)άῖ
2597 1963 2770 2029 ἐστιν,
2833 1929 3152 2036 [bum-cpiast
3171 1929 3334 2022 me;
3365 1929 3815 2026 κξτῗέκέῖνξὸιξ

543 2068 658 2109 non
695 2059 782 2107 est
806 2049 1060 2106 monadis
1087 2046 1352 2119 primario
1385 2062 1484 2103 seu
1515 2046 1568 2102 in
1590 2047 1815 2118 proprio
1849 2063 2037 2106 sensu.
2067 2082 2136 2095 --

542 2145 636 2213 At,
666 2144 865 2202 .l'orsan
894 2141 1166 2214 inquitis:
1194 2141 1439 2197 Trinitas
1468 2140 1572 2196 sub
1605 2139 1845 2210 quodam
1877 2151 2132 2213 respectu

2241 2053 2389 2108 ἐστιν
2414 2054 2619 2124 ὁμοίως
2639 2058 2706 2128 τῇ
2732 2056 2926 2127 Τριάδι
2953 2058 3048 2112 καὶ
3068 2059 3238 2132 μονάς
3257 2061 3292 2133 ἡ
3323 2060 3462 2134 σὰρξ
3492 2063 3596 2117 σῦν
3624 2065 3816 2134 αὐτοῖς,

2241 2146 2347 2200 ἀπε
2357 2144 2662 2215 ρίσκεπτοι.

542 2249 630 2295 est
665 2254 882 2297 monas.
903 2236 1202 2293 —Verum
1249 2234 1353 2291 sub
1395 2233 1490 2290 illo
1515 2241 1772 2306 respectu
1803 2249 1998 2293 monas
2027 2253 2138 2295 non
2171 2248 2260 2299 est
2327 2253 2459 2296 caro
2496 2239 2696 2297 eodem
2734 2240 2902 2298 modo
2927 2256 2993 2300 ac
3051 2241 3310 2315 Trinitas,
3346 2243 3487 2302 heus
3517 2261 3624 2304 vos
3659 2243 3822 2303 medi-

547 2331 650 2386 tari
678 2329 968 2387 vobiscum
998 2328 1336 2385 nescientes.

1187 2442 1344 2500 CAP.
1397 2443 1489 2499 Vl.

618 2536 677 2593 Si
729 2535 824 2591 ille
871 2549 1009 2590 unus
1047 2534 1110 2588 de
1149 2533 1190 2589 Τ
1192 2535 1408 2588 rim'tate
1446 2549 1515 2589 ex
1543 2533 1836 2590 divinitate
1871 2543 1930 2591 et
1966 2548 2136 2591 carne

544 2631 917 2701 compleatur,
948 2625 1308 2698 impassibilis
1331 2641 1464 2682 vero
1487 2626 1734 2683 Trinitas
1779 2636 2132 2699 agnoscatur,

543 2720 826 2793 quomodo
851 2734 966 2776 non
991 2718 1100 2774 erit
1131 2717 1511 2788 impassibilis,
1550 2732 1677 2774 cum
1708 2717 1992 2785 divinitas,
2019 2727 2137 2774 tum

544 2812 723 2868 caro?
751 2811 810 2867 Si
841 2819 1030 2867 autem
1064 2809 1425 2880 impassibilis
1463 2817 1697 2881 utraque
1729 2809 1978 2882 sit,-quis
2008 2825 2139 2882 pas-

543 2920 642 2962 sus
691 2913 778 2960 est
817 2918 921 2974 pro
963 2902 1172 2958 nobis?
1209 2901 1345 2973 quid
1379 2900 1670 2957 dicebatur
1707 2902 1968 2973 passibile
2007 2912 2137 2959 ante

543 2996 1062 3076 resurrectionem?
1111 2995 1289 3050 Nemo
1340 2994 1500 3050 vobis
1550 2994 1789 3051 asseruit
1839 3009 2016 3049 unum
2069 2994 2139 3051 de

543 3087 821 3144 'l‘rinitate
871 3101 938 3142 ex
987 3084 1281 3141 divinitate
1328 3092 1385 3140 et
1431 3099 1600 3140 carne
1664 3084 1933 3156 compleri
1980 3086 2139 3156 juxta

2845 2443 3101 2499 ΚΕΦΛΛ.
3135 2446 3228 2514 εῖν.

2316 2535 2381 2588 Ei
2429 2535 2493 2588 τδ
2527 2531 2618 2602 εἷς
2658 2533 2771 2605 τῆς
2809 2533 3052 2604 Τριάδος
3100 2537 3167 2591 ὲκ
3209 2535 3463 2610 θεότητος
3501 2540 3604 2596 καὶ
3636 2544 3822 2614 capuli;

2242 2625 2688 2698 ἀναπληροῦται·
2724 2625 2946 2698 ἀπαθὴς
2973 2626 3032 2681 δὲ
3058 2627 3095 2700 ἡ
3119 2627 3290 2700 Τριάς
3317 2629 3697 2702 ὡμολόγηται,
3715 2634 3824 2698 πῶς

2241 2717 2345 2772 οὐκ
2375 2717 2530 2771 ἔσται
2582 2716 2803 2790 ἀπαθὴς
2843 2719 2879 2790 ή
2911 2717 3105 2790 θεότης
3135 2719 3233 2774 καὶ
3263 2721 3492 2793 ήσάρξ;
3519 2725 3573 2777 εί
3599 2725 3658 2778 δὲ
3688 2727 3822 2780 ἀπαο

2240 2809 2359 2883 θὴς,
2411 2811 2497 2876 τίς
2534 2813 2564 2867 ό
2593 2810 2784 2867 παθὼν
2814 2811 2958 2884 ὑπὲρ
2989 2812 3186 2884 quin;
3217 2813 3312 2869 καὶ
3342 2815 3398 2868 τί
3423 2815 3486 2869 τὸ
3539 2816 3824 2889 λεγόμενον

2237 2903 2486 2974 παθητὸν
2531 2904 2639 2974 πρὸ
2687 2904 2792 2975 τῆς
2854 2904 3244 2972 ἀναστάσεως;
3273 2906 3418 2961 Ἀλλ’
3470 2907 3652 2974 οὐδεὶς
3707 2911 3826 2982 ὑμῖν

2239 2993 2688 3067 ἀναπληροῦσθαι
2703 2995 2769 3049 ἐκ
2799 2995 3056 3065 θεότητος
3075 2996 3172 3050 καὶ
3194 2998 3396 3068 σαρκὸς
3418 3001 3565 3053 κατά
3575 3001 3677 3070 τὴν
3700 3001 3826 3072 ὑμε-

2237 3088 2405 3159 τέραν
2431 3087 2660 3158 ἔκληψιν
2688 3087 2888 3142 δέδωκε
2913 3086 3006 3143 τὸν
3037 3087 3135 3143 ἕνα
3168 3089 3269 3161 τῆς
3290 3090 3524 3162 Τριάδος
3541 3107 3556 3124 ο
3582 3092 3706 3146 οὐδὲ
3726 3092 3826 3161 γὰρ

543 3187 787 3235 vestram
822 3176 1362 3248 interpretationem.
1408 3177 1603 3248 Neque
1645 3177 1796 3234 enim
1848 3177 2133 3236 divinitate

2242 3179 2316 3243 ὡς
2349 3178 2602 3243 ὲλλιποῦς
2635 3178 2791 3244 ὄντος
2833 3178 2929 3233 τοῦ
2977 3179 3159 3250 Λόγου
3201 3181 3302 3252 τῆς
3366 3181 3628 3255 θεότητος
3671 3186 3730 3238 ὲν
3755 3183 3828 3256 τῷ

544 3271 769 3327 carebat
798 3268 1046 3326 Verbum
1071 3268 1130 3324 in
1153 3267 1317 3335 Filio,
1351 3268 1586 3336 ratione,
1615 3277 1732 3325 tum
1755 3276 1988 3338 naturae,
2015 3278 2134 3326 tum

546 3361 927 3432 hypostaseos,
959 3373 1142 3428 neque
1177 3357 1488 3429 respective
1527 3358 1596 3413 ad
1638 3357 1963 3413 Trinitatem
2005 3375 2134 3430 pcr-

545 3466 810 3508 sonarum
865 3450 952 3506 vel
1005 3449 1073 3506 ad
1136 3449 1404 3506 unitatem
1467 3459 1680 3506 naturae
1738 3450 2132 3522 incompletum

545 3554 668 3601 erat
720 3544 963 3601 Verbum
1009 3543 1067 3598 in
1100 3542 1285 3614 seipse
1324 3542 1444 3599 sine
1481 3557 1649 3598 carne
1695 3543 2130 3612 consideratam,

545 3644 843 3706 antequam
887 3649 1018 3690 caro
1059 3635 1128 3689 ab
1156 3633 1276 3704 ipso
1310 3642 1708 3699 assumeretur,
1756 3633 1972 3704 ipsique
2009 3650 2135 3704 pas-

545 3727 727 3784 sibilis
764 3725 1092 3797 impassibili
1136 3723 1482 3797 hypostatice
1527 3723 1807 3779 uniretur.
1841 3725 1961 3778 Non
1984 3725 2132 3780 enim

546 3820 616 3878 ad
664 3818 1063 3890 perfectionem
1103 3818 1196 3874 vel
1235 3816 1702 3888 complementum
1754 3817 2134 3888 assumptione

546 3911 822 3985 passionis
869 3921 927 3966 et
972 3909 1252 3981 passibilis
1297 3910 1412 3965 Deo
1459 3916 1600 3980 Opus
1628 3916 1767 3966 erat.
1798 3912 1897 3977 Ac,
1928 3909 2043 3964 sive
2075 3910 2133 3964 in

546 4003 996 4075 impassibilitate
1041 4018 1153 4073 qua
1197 4001 1472 4075 gaudebat
1513 4010 1571 4057 et
1611 4009 1740 4056 ante
1787 4009 1845 4056 et
1879 4012 2003 4072 post
2044 4001 2133 4056 in-

545 4091 948 4157 carnationem,
980 4091 1099 4147 sive
1129 4090 1185 4144 in
1217 4089 1404 4146 carnis
1433 4090 1786 4162 passionibus
1813 4090 2134 4148 considere-

546 4192 639 4241 tur
669 4183 938 4250 Verbum,
973 4181 1121 4237 idem
1149 4198 1281 4238 vere
1310 4182 1641 4239 ostenditur.
1670 4182 1741 4238 At
1771 4182 2001 4240 minime
2027 4199 2132 4240 nos

544 4290 616 4330 ex
661 4272 750 4329 his
794 4287 919 4346 quae
960 4281 1080 4328 tum
1128 4279 1257 4328 ante
1301 4271 1737 4328 incarnationem
1777 4274 1968 4340 Verbi,
2015 4283 2132 4328 tum

543 4375 672 4442 post
699 4365 885 4422 carnis
932 4365 1054 4437 ejus
1096 4365 1565 4422 resurrectionem
1595 4365 1943 4433 admisimus,
1970 4382 2131 4422 revo-

543 4461 686 4517 catis
714 4459 954 4515 dicendo
1000 4457 1329 4528 simpliciter
1368 4457 1766 4529 impassibilem
1795 4473 1915 4514 esse
1941 4458 2127 4514 Trini-

2239 3269 2355 3341 Υίῷ
2379 3271 2519 3326 κατά
2545 3271 2710 3341 φύσιν
2754 3271 2787 3342 ἦ
2831 3271 3151 3340 ὑπόστασιν,
3193 3274 3286 3327 καὶ
3317 3275 3397 3338 είς
3420 3275 3515 3328 τὸν
3536 3277 3639 3346 τῆς
3669 3295 3827 3349 προσ-

2241 3364 2459 3435 ωπικῆς
2483 3363 2714 3436 Τριάδος
2735 3363 2992 3435 ἀριθμὸν,
3013 3364 3050 3435 ἢ
3075 3364 3179 3436 τῆς
3207 3367 3444 3439 φυσικῆς
3473 3368 3726 3438 μονάδος,
3756 3369 3825 3440 μὴ

2240 3455 2622 3521 συντελοῦντος
2650 3455 2744 3510 τοῦ
2771 3455 2950 3525 Λόγου
2997 3457 3158 3526 μόνον
3189 3457 3313 3512 καθ’
3347 3460 3514 3513 αὑτὸν
3547 3461 3824 3533 ἀσάρκως,

2237 3549 2273 3619 ή
2304 3534 2601 3618 πρόσθεσις
2617 3549 2718 3618 τῆς
2758 3549 2967 3620 σαρκός
2992 3550 3145 3620 αὐτῷ
3177 3550 3606 3622 προσείληπται,
3638 3554 3825 3605 ἐνυπο-

2240 3637 2413 3690 στᾶσα
2447 3636 2738 3708 τῷἁπαθεῖ
2767 3637 2917 3710 αὑτῷ
2936 3641 2970 3709 ή
3001 3637 3220 3711 παθητὴ
3238 3657 3252 3672 ο
3279 3640 3340 3692 οὐ
3363 3641 3474 3712 γὰρ
3504 3643 3589 3705 είς
3614 3642 3828 3696 τελείω-

2239 3745 2324 3782 σιν
2351 3728 2448 3782 καὶ
2469 3728 2752 3802 πλήρωσιν
2783 3731 2904 3803 Θεῷ
2919 3730 3126 3795 πάθους
3146 3733 3243 3786 καὶ
3270 3732 3516 3804 παθητοῦ
3539 3735 3826 3804 ἐπίκτησις

2237 3818 2430 3890 χρεία·
2465 3818 2561 3872 καὶ
2586 3819 2656 3872 τά
2686 3819 2932 3890 γοῦντῆς
2961 3819 3067 3892 πρὸ
3099 3819 3303 3890 σαρκὸς
3335 3820 3432 3874 καὶ
3465 3821 3612 3890 μετά
3651 3823 3825 3892 σάρκα

2240 3909 2513 3975 ἀπαθείας
2543 3910 2708 3964 αὐτοῦ
2744 3913 2772 3965 ὁ
2793 3912 2991 3981 Λόγος,
3012 3911 3108 3965 καὶ
3133 3911 3203 3965 τὰ
3230 3911 3331 3982 τῆς
3348 3911 3551 3984 σαρκὸς
3578 3913 3635 3966 δὲ
3665 3911 3826 3968 αὑτοῦ

2239 4003 2414 4073 πάθη,
2444 4005 2473 4058 ὁ
2501 4003 2665 4067 αὐτὸς
2693 4004 2911 4076 ἀληθῶς
2941 4004 3340 4059 ἐπιδείκνυταιο
3375 4004 3510 4058 ἀλλὰ
3559 4005 3826 4076 μηδαμῶς

2239 4094 2385 4166 ἡμᾶς
2405 4095 2470 4148 ὲκ
2494 4093 2604 4148 τῶν
2635 4094 2742 4166 πρὸ
2787 4094 2889 4165 τῆς
2919 4093 3252 4166 σαρκώσεως
3296 4094 3392 4148 τοῦ
3432 4095 3634 4164 Λόγου,
3660 4098 3696 4168 ἢ
3723 4096 3826 4150 τῶν

2241 4186 2383 4258 μετὰ
2410 4185 2509 4258 τὴν
2532 4186 2832 4241 ἀνάστασιν
2847 4186 2948 4256 τῆς
2976 4185 3178 4257 σαρκὸς
3201 4186 3366 4240 αὐτοῦ
3387 4187 3828 4258 ὡμολογημένων

2242 4277 2624 4346 συναρπάζετε
2667 4277 2920 4346 λέγοντες
2970 4276 3158 4340 ἁπλῶς
3209 4278 3292 4331 ὅτι
3341 4276 3562 4349 ἀπαθὴς
3609 4281 3645 4349 ὴ
3701 4281 3826 4348 ἁγία

2237 4368 2411 4440 Τριάς
2427 4385 2440 4402 ο
2469 4367 2718 4441 φανερῶς
2733 4367 2844 4439 γάρ
2866 4369 2995 4440 ὑμῖν
3017 4367 3134 4421 τόδε
3152 4367 3548 4439 ὁμολογοῦμεν,
3580 4368 3667 4423 ὅτι
3689 4369 3823 4424 κατά

2237 4460 2331 4514 τὸν
2361 4459 2552 4531 καιρὸν
2594 4458 2694 4530 τὴς
2732 4459 3002 4529 ὲνσάρκου
3049 4457 3348 4528 ἐπιδημίας
3395 4459 3490 4511 τοῦ
3516 4459 3698 4527 Λόγου
3739 4461 3825 4512 ἐπὶ

542 4559 718 4606 tatem
745 4569 759 4604 :
797 4551 948 4606 clare
993 4549 1144 4604 enim
1177 4547 1506 4620 proﬁtemur
1530 4556 1585 4604 et
1613 4564 1736 4615 nos,
1763 4565 1832 4604 ex
1857 4564 1968 4620 quo
1995 4549 2132 4603 Ver-

2237 4551 2340 4622 γῆς
2364 4549 2554 4622 ὥσπερ
2583 4551 2686 4603 οὐκ
2731 4550 2976 4621 ἄσαρκος
3001 4543 3070 4620 ἦν
3100 4549 3252 4602 πᾶσα
3289 4550 3323 4620 ἡ
3357 4549 3488 4619 ἁγία
3518 4551 3699 4622 Τριάς
3723 4550 3824 4604 τῶν

540 4640 676 4695 bum
725 4654 855 4696 caro
899 4639 1108 4696 factum
1158 4638 1428 4694 habitavit
1475 4639 1532 4696 in
1591 4639 1778 4704 terris,
1829 4639 1974 4694 sicut
2023 4655 2135 4693 non

541 4730 662 4786 sine
709 4745 877 4786 carne
924 4729 1032 4785 fuit
1073 4729 1338 4784 universa
1373 4744 1736 4800 personarum
1767 4727 2032 4796 Trinitas,
2061 4728 2136 4783 ita

540 4837 646 4878 nec
679 4820 1081 4895 impassibilem
1128 4821 1298 4877 fuisse
1343 4836 1564 4876 omnem
1610 4821 1777 4894 hujus
1818 4836 2134 4892 personam,

539 4917 671 4989 quia
704 4915 987 4987 passibilis
1027 4922 1112 4970 est
1141 4912 1371 4979 Christi,
1414 4913 1570 4984 juxta
1599 4912 1737 4968 illud
1785 4912 1962 4968 sancti
2003 4929 2136 4984 apo-

539 5009 668 5065 stoli
712 5008 992 5066 dicentis:
1031 5025 1050 5058 ι
1089 5005 1157 5060 Ει
1183 5005 1400 5077 primus
1439 5021 1506 5060 ex
1537 5005 1951 5060 resurrectione
1977 5021 2128 5060 mor-

537 5113 764 5160 tuorum
783 5103 830 5156 ι).
873 5121 892 5155 ι
930 5101 1033 5156 llic
1058 5100 1206 5155 enim
1237 5107 1321 5155 est
1345 5099 1526 5173 ipsum
1555 5099 1802 5157 Verbum
1826 5098 1973 5171 quod
2005 5108 2128 5158 erat

537 5193 596 5250 in
622 5192 921 5263 principio.
952 5190 1319 5264 Impassibilis
1339 5205 1472 5246 vero
1493 5198 1579 5246 est
1603 5189 1813 5257 divina,
1843 5199 1960 5245 tum
1982 5191 2124 5262 ejus,

538 5293 658 5342 tum
697 5285 900 5350 Patris,
937 5293 1053 5340 tum
1082 5283 1325 5354 Spiritus
1364 5283 1541 5340 sancti
1581 5292 1803 5348 natura,
1847 5297 1970 5354 quae
2007 5283 2125 5339 sive

2235 4643 2608 4709 ὑποστάσεων,
2633 4641 2806 4706 οὕτως
2840 4643 2962 4696 οὐδὲ
2983 4641 3201 4713 ἀπαθὴς
3222 4638 3290 4714 ἦν
3320 4644 3470 4696 πᾶσα
3495 4643 3672 4713 αὐτῆς
3694 4644 3824 4697 ὑπόο

2237 4753 2446 4802 στασις,
2481 4737 2530 4790 εἰ
2582 4735 2825 4805 παθητὸς
2880 4735 2909 4788 ὁ
2957 4734 3195 4806 Χριστὸς
3248 4735 3394 4791 κατὰ
3425 4735 3517 4789 τὸν
3572 4739 3822 4807 φήσαντα

2235 4826 2412 4896 ἆγιον,
2455 4844 2474 4880 ι
2505 4827 2600 4882 καὶ
2623 4826 2839 4900 πρῶτος
2862 4825 2923 4892 ἐξ
2946 4826 3296 4890 ἀναστάσεως
3320 4826 3530 4898 νεκρῶν
3548 4843 3566 4860 ⁶
3595 4847 3618 4878 ι
3670 4824 3822 4893 οὗτος

2233 4919 2344 4990 γάρ
2367 4920 2484 4974 ἐστι
2515 4919 2610 4974 καὶ
2637 4921 2666 4974 ό
2695 4914 2867 4989 Λόγος
2893 4917 3054 4984 αὐτὸς
3081 4919 3110 4972 ό
3138 4919 3196 4973 ὲν
3226 4919 3372 4990 ἀρχῆ
3390 4935 3404 4950 ο
3441 4919 3657 4992 ἀπαθὴς
3681 4922 3740 4975 δὲ
3757 4922 3823 4975 ἂν

2234 5012 2269 5082 ἡ
2293 5011 2414 5065 θεία
2459 5011 2623 5083 φύσις
2678 5013 2796 5066 ἐστὶ
2829 5008 2996 5066 αὑτοῦ
3031 5029 3093 5065 τε
3121 5013 3216 5066 καὶ
3243 5011 3338 5065 τοῦ
3370 5012 3576 5082 ἀγαθοῦ
3605 5016 3822 5086 [ἰατρὸς

2235 5103 2445 5157 καὶτοῦ
2476 5104 2635 5174 ἁγίου
2668 5104 2990 5174 Πνεῦματος
3023 5103 3215 5169 αὐτοῦ,
3255 5104 3380 5175 ἥτις
3409 5107 3468 5158 ὲν
3499 5105 3732 5178 ἀσάρκῳ
3759 5122 3817 5158 τε

2234 5193 2331 5248 καὶ
2361 5195 2760 5268 σεσαρκωμένῃ
2783 5198 2850 5266 τῇ
2882 5195 3020 5266 αὐτῇ
3044 5194 3343 5250 ὑποστάσει
3373 5197 3471 5250 τοῦ
3508 5197 3685 5268 Λόγου
3719 5198 3817 5268 τῆς

2233 5285 2490 5356 ἀληθείας
2527 5287 2676 5340 ἔστιν
2697 5287 2803 5344 ἀεί.

537 5386 665 5435 ante
686 5377 801 5434 sive
848 5384 974 5450 post
1018 5375 1483 5442 incarnationem,
1529 5376 1586 5431 in
1631 5375 1828 5432 eadem
1858 5391 2096 5446 persona
2125 5379 2291 5436 Verbi
2315 5381 2564 5437 veritatis
2589 5396 2763 5451 usque
2789 5389 2994 5436 manet.

1173 5490 1326 5547 CAP.
1365 5490 1479 5546 VII.

607 5609 667 5666 Si
698 5609 792 5665 ille
825 5624 964 5663 unus
997 5606 1062 5661 de
1097 5605 1354 5662 Trinitate
1378 5620 1446 5661 ex
1477 5603 1682 5661 deitate
1704 5613 1762 5660 et
1787 5620 1951 5662 carne
1973 5621 2121 5663 com-

534 5702 777 5774 pleatur,
801 5698 1082 5773 quomodo
1115 5713 1230 5754 non
1273 5698 1383 5754 erit
1424 5697 1517 5753 ille
1548 5711 1695 5752 unus
1724 5696 1794 5753 de
1824 5697 2116 5765 Trinitate,

534 5795 681 5854 sicut
724 5795 892 5862 Deus,
939 5793 1017 5850 ita
1059 5801 1118 5850 et
1163 5789 1374 5849 homo?
1408 5797 1467 5848 et
1502 5789 1548 5847 si
1578 5789 1682 5848 hoc
1703 5797 1809 5859 est,
1839 5790 2117 5862 quomodo

608 5936 640 5981 δ
667 5937 881 5997 Coloss.
909 5953 950 6007 1,
986 5937 1070 5993 18.

2835 5495 3082 5550 ΚΕΦΑΛ.
3137 5499 3211 5551 Ζ’.

2219 5626 2232 5636 ·
2301 5607 2367 5660 Et
2393 5608 2454 5661 τὸ
2484 5600 2574 5674 εἷς
2601 5605 2714 5676 τῆς
2751 5606 3000 5675 Τριάδος
3047 5609 3113 5662 ὲκ
3166 5595 3418 5682 θεότητος
3455 5612 3553 5668 καὶ
3605 5613 3811 5686 σαρκὸς

2227 5700 2666 5775 ἀναπληροῦται,
2721 5700 2841 5764 πῶς
2867 5703 2968 5755 οὐκ
3019 5702 3172 5757 ἔσται
3221 5701 3357 5769 όεῖς
3403 5707 3504 5776 τῆς
3556 5706 3808 5775 Τριάδος,

2227 5791 2417 5865 ὥσπερ
2443 5791 2577 5858 Θεὸς
2600 5791 2774 5857 οὕτως
2803 5795 2901 5850 καὶ
2943 5795 3252 5868 ἄνθρωπος,
3280 5797 3375 5852 καὶ
3401 5796 3688 5868 όμοούσιος
3713 5797 3807 5850 καὶ
