4006 6502
248 406 390 474 1768
413 419 437 447 ⁸

245 544 312 612 τῇ
338 542 554 613 Μητρί;
607 543 703 596 καὶ
743 545 792 596 εἰ
851 542 1029 609 τοῦτο,
1082 542 1203 607 πῶς
1254 545 1355 597 οὑκ
1380 544 1532 597 ἔσται
1560 545 1588 597 ὁ
1617 539 1697 605 εἷς
1732 541 1834 611 τῆς

248 635 479 706 Τριάδος
520 634 711 707 ὥσπερ
739 632 820 699 εἷς
874 637 975 705 τῆς
1006 637 1257 707 Τριάδος,
1298 637 1467 701 ὄντως
1500 636 1597 690 καί¹
1625 631 1706 699 εἷς
1738 636 1837 707 τῆς

249 725 598 796 ἀνθρωπείας
648 727 886 796 φύσεως,
920 727 1001 781 ἔτι
1039 727 1096 780 δὲ
1131 728 1229 798 τῆς
1262 728 1517 799 Τριάδος,
1550 727 1648 780 καὶ
1693 727 1838 779 κατὰ

250 822 502 890 θεότητα,
549 823 644 874 καὶ
680 822 823 876 κατὰ
874 822 972 894 τὴν
1026 823 1239 894 σάρκα;
1279 825 1397 888 πῶς
1422 825 1515 877 οὑν
1540 824 1641 877 οὑκ
1684 823 1838 876 ἔσται

250 912 345 964 καὶ
394 910 494 979 τῆς
536 910 882 980 ανθρωπείας
941 910 1177 981 φύσεως,
1234 913 1328 965 καὶ
1401 915 1546 967 κατὰ
1606 912 1839 987 θεότητα

250 1005 344 1056 καὶ
401 1003 542 1057 κατὰ
600 1003 817 1075 σάρκας
872 1003 1019 1058 Ἀλλ’
1061 1006 1161 1077 ἤδη
1213 1007 1429 1078 εἴρηται
1493 1010 1595 1078 μὲν
1622 1009 1697 1073 ὡς
1739 1015 1840 1068 οὑκ

251 1098 333 1160 εἰς
383 1096 443 1148 τὸ
508 1095 711 1151 τέλειον
765 1096 1057 1162 ὲλλιποῦς·
1109 1100 1141 1170 ἢ
1195 1104 1276 1165 εἰς
1348 1103 1410 1156 τὸ
1470 1100 1611 1159 εἶναι
1679 1107 1708 1160 ὃ
1771 1106 1839 1170 ἦν

251 1190 280 1241 ὁ
349 1189 520 1257 Λόγος
584 1191 648 1243 ὲκ
714 1189 815 1261 τῆς
880 1154 1079 1261 σαρκὸς
1130 1154 1840 1273 ’ἀναξτληρὸῠέᾷζῗῆζ

252 1277 348 1330 καὶ
377 1277 485 1346 πρὸ
538 1279 742 1349 σαρκὸς
796 1281 1023 1345 τέλειος,
1082 1277 1162 1346 εἷς
1190 1284 1288 1354 τῆς
1350 1287 1510 1355 ἁγίας
1562 1287 1836 1360 Τριάδοςο

253 1371 389 1423 ἀλλὰ
414 1372 754 1427 τούναντίον·
787 1371 868 1438 εἷς
897 1377 957 1430 τὸ
984 1377 1081 1431 καὶ
1128 1379 1227 1449 τὴν
1259 1380 1333 1444 ῶς
1366 1383 1505 1452 πρὸς
1540 1383 1675 1436 Θεὸν
1710 1387 1839 1440 ἁτέ-

252 1462 397 1516 λειον
428 1464 610 1535 σάρκα
648 1468 875 1538 ποιῆσαι
920 1467 1014 1522 τοῦ
1047 1471 1166 1535 ἐνὸς
1188 1469 1457 1526 εἶναιτῶν
1489 1474 1713 1529 τελείων
1739 1478 1841 1547 τῆς

254 1557 415 1623 ἁγίας
443 1558 673 1629 Τριάδος
703 1561 872 1631 ἤγουν
910 1563 1133 1628 ἑαυτοῦ,
1172 1566 1262 1618 καὶ
1292 1569 1391 1635 τῆς
1428 1569 1635 1634 οἰκείας
1669 1588 1839 1641 μετα-

253 1648 440 1702 λαϐεῖν
499 1651 873 1722 τελειότητος⁶
902 1656 995 1707 καὶ
1031 1656 1170 1726 μετὰ
1202 1652 1295 1711 οῦν
1342 1661 1442 1728 τῆν
1492 1662 1591 1731 τῆς
1640 1663 1842 1733 σαρκὸς

255 1742 524 1813 ἀνάληψιν
568 1745 771 1815 ὁμοίως
809 1746 974 1800 πάλιν
1002 1749 1099 1802 σὺν
1135 1750 1271 1821 αὑτῇ
1300 1754 1328 1804 ὁ
1376 1753 1571 1817 Λόγος,
1604 1750 1685 1819 εἷς
1722 1758 1843 1810 ἐστι

255 1838 355 1904 τῆς
390 1835 553 1904 ἁγίας
575 1837 823 1907 Τριάδος,
856 1842 903 1893 εἰ
929 1841 1021 1893 καὶ
1050 1842 1238 1914 ὥσπερ
1266 1844 1397 1908 Θεὸς
1425 1841 1507 1910 εἷς
1530 1849 1679 1902 ἐστιν
1704 1850 1841 1923 άλη-

256 1927 387 1991 θῶς,
417 1931 512 1981 καὶ
534 1929 609 1993 ὡς
642 1932 933 2002 ὁμοούσιος
978 1934 1058 2007 τῷ
1095 1939 1293 2008 Πατρὶ,
1321 1939 1610 2010 ὁμοούσιος
1631 1946 1696 2014 τῇ
1732 1962 1839 2015 μη-

262 2021 371 2092 τρὶ,
408 2024 550 2075 κατά
584 2024 644 2075 τὸ
698 2024 978 2096 ἑκατέροις
1023 2028 1319 2098 ἀναλογοῦν
1370 2033 1696 2103 ὁμοούσιον·
1745 2039 1841 2091 καὶ⁸

253 2113 434 2215 τοῦτο,
468 2116 528 2168 οὐ
565 2117 706 2170 κατὰ
734 2118 834 2190 τὴν
856 2120 1023 2190 αὑτὴν
1050 2122 1161 2175 τῶν
1195 2124 1252 2177 ὲν
1278 2125 1428 2196 αὐτῷ
1460 2127 1702 2196 φύσεων·
1746 2135 1843 2186 καὶ

254 2221 430 2258 ταυτα
485 2208 582 2277 μὲν
628 2209 832 2273 οὕτως’
883 2211 949 2264 τὰ
969 2211 1025 2264 δὲ
1058 2214 1414 2280 άπεντεῦθεν,
1461 2220 1667 2284 σκαιῶς
1712 2222 1842 2291 ὑμῖν

255 2297 378 2350 ἀντὶ¹
417 2298 771 2365 ὑποστάσεως
809 2305 908 2355 τὴν
948 2305 1111 2373 φύσιν
1158 2310 1486 2377 παρεισάγει
1527 2313 1688 2381 ἡμῖν·
1724 2313 1843 2368 δέον

256 2389 365 2461 γὰρ
403 2392 546 2461 ὑμᾶς
576 2394 887 2459 ἀκολούθως
934 2399 1260 2467 ἐπαγαγεῖν,
1303 2401 1389 2453 ἵνα
1435 2404 1600 2472 μηδὲν
1642 2404 1845 2459 ἄτοπον

258 2489 560 2555 φανήσεται
598 2487 805 2552 οὕτως’
841 2492 935 2544 καὶ
976 2494 1025 2545 εί
1056 2491 1246 2564 ὥσπερ
1277 2490 1357 2559 εἷς
1386 2496 1554 2567 ἤγουν
1591 2499 1689 2567 μία
1715 2500 1847 2553 ὑπό-

260 2593 448 2640 στασις
495 2579 605 2631 τῶν
642 2581 811 2652 τριῶν
862 2582 1216 2640 ὑποστάσεων
1261 2586 1363 2657 τῆς
1432 2588 1583 2654 Θείας
1630 2590 1846 2658 φύσεώς

259 2668 396 2732 ἐστι,
434 2667 610 2732 οὕτως
648 2672 742 2724 καὶ
781 2665 863 2736 εἷς
915 2675 1084 2744 ἦγουν
1118 2676 1216 2746 μία
1253 2677 1551 2743 ὑπόστασις
1583 2681 1693 2733 τῶν
1720 2683 1848 2736 πολ-

258 2758 367 2813 λῶν
408 2762 505 2832 τῆς
556 2764 905 2838 ἀνθρωπίνης
952 2767 1168 2835 φύσεώς
1196 2770 1331 2823 ἐστι’
1376 2770 1576 2825 ἔστιδὲ
1614 2776 1713 2845 μία
1749 2778 1848 2848 τῆς

262 2852 491 2924 Τριάὸος
543 2856 654 2908 τῶν
703 2858 1057 2913 ὑποστάσεων
1091 2862 1211 2915 καθ’
1247 2863 1544 2918 ὑπόστασιν
1572 2867 1669 2936 τὴν
1706 2870 1848 2924 κατὰ

157 3012 162 3016 ἱ
262 2944 361 3012 τὴν
400 2943 633 3015 θεότητά
685 2964 742 3000 τε
802 2949 896 3001 καὶ
949 2950 1367 3023 άνθρωπότητα,
1425 2953 1715 3024 ἕσταιᾶρα
1755 2958 1850 3010 καὶ

268 3035 367 3107 μία
414 3037 523 3091 τῶν
579 3038 936 3092 ὑποστάσεων
970 3041 1069 3111 τῆς
1102 3042 1521 3114 ἁνθρωπὸτητος
1549 3046 1672 3100 καθ’
1717 3048 1850 3101 υπό-

270 3146 458 3183 στασιν
499 3131 600 3202 τὴν
638 3132 782 3186 κατὰ
826 3133 1059 3204 θεότητά
1087 3152 1146 3188 τε
1186 3135 1281 3190 καὶ
1321 3137 1717 3211 ἁνθρωπότητα
1745 3157 1757 3171 ·
1790 3142 1849 3195 ἐν

1172 409 1570 473 ADVERSUS
1608 406 2159 471 NESTORIANOS.
2186 433 2255 445 —-
2283 408 2429 471 LIB.
2470 406 2601 470 VII.

1860 516 1912 575 A
1937 536 2049 574 non
2079 518 2189 574 erit
2220 517 2311 573 ille
2348 532 2492 571 unus
2522 516 2591 569 de
2622 510 2912 575 Trinitate,
2945 506 3090 564 sicut
3126 518 3271 559 unus
3295 502 3362 557 de
3392 500 3521 556 Tri-

3318 393 3457 458 1'168
3492 389 3509 430 ί

1940 616 2141 680 nitate,
2181 614 2259 668 ita
2299 622 2356 668 et
2392 628 2535 666 unus
2566 611 2636 665 de
2674 617 2869 662 natura
2904 600 3186 659 humana?
3216 598 3444 659 lterum,
3475 593 3523 649 si

1940 710 2014 765 sit
2066 708 2135 763 de
2170 706 2440 761 Trinitate
2486 712 2543 759 et
2590 701 2799 755 ratione
2846 694 3157 751 divinitatis
3202 700 3258 746 et
3306 689 3524 744 ratione

1940 799 2143 863 carnis,
2177 797 2457 869 quomodo
2485 810 2592 849 non
2622 791 2731 847 erit
2759 791 2826 845 de
2856 798 3056 843 natura
3083 786 3326 840 humana
3350 790 3408 836 et
3430 796 3521 833 ra-

1940 895 2091 950 tione
2120 890 2428 946 divinitatis
2456 896 2511 943 et
2536 888 2746 942 ratione
2776 881 2999 939 carnis?
3023 878 3093 935 Ut
3118 892 3284 947 supra
3312 875 3521 929 dictum

1940 998 2044 1053 εει,
2090 1002 2200 1041 non
2248 1001 2315 1040 co
2368 998 2532 1038 sensu
2582 979 2822 1034 Verbum
2867 991 2936 1030 ex
2978 987 3143 1027 carne
3185 967 3522 1037 completum

1939 1090 2045 1145 est,
2072 1077 2219 1148 quod
2248 1074 2645 1147 perfectionem
2671 1085 2779 1140 qua
2810 1067 3037 1123 carebat
3066 1059 3407 1132 acquisierit,
3433 1056 3523 1111 vel

1940 1169 2147 1225 factum
2189 1168 2261 1223 sit
2295 1166 2443 1238 quod
2467 1182 2577 1220 non
2605 1174 2725 1218 erat
2751 1162 2890 1231 (erat
2916 1158 3067 1214 enim
3096 1156 3262 1211 etiam
3287 1161 3413 1209 ante
3440 1153 3526 1206 in-

1940 1258 2321 1313 carnationem
2383 1253 2663 1325 perfectus
2719 1251 2810 1306 ille
2864 1264 3009 1304 unus
3054 1246 3123 1302 de
3179 1243 3522 1300 sanctissima

1943 1347 2271 1415 Trinitate);
2305 1362 2498 1403 verum
2526 1361 2557 1401 e
2586 1354 2803 1409 contra,
2836 1351 2898 1396 ut
2929 1355 3174 1405 carnem,
3204 1338 3428 1393 relative
3454 1334 3522 1389 ad

1942 1446 2116 1500 Deum
2156 1442 2554 1513 imperfectam,
2587 1447 2901 1496 consortem
2941 1436 3145 1492 faceret
3174 1433 3341 1489 unius
3370 1447 3522 1487 com-

1942 1538 2215 1607 pletorum
2256 1533 2352 1590 SS.
2387 1533 2676 1588 Trinitatis
2708 1527 3151 1600 suppositorum,
3192 1525 3406 1583 scilicet
3436 1524 3523 1578 sui

1944 1633 2137 1702 ipsius,
2168 1640 2226 1687 et
2254 1645 2368 1685 sua:
2392 1628 2627 1699 propriae
2656 1608 2981 1697 participem
3010 1619 3386 1693 perfectionis.
3414 1619 3525 1672 Ita-

1943 1740 2074 1795 que,
2108 1722 2274 1779 etiam
2306 1729 2431 1793 post
2469 1718 2653 1774 carnis
2695 1715 3154 1785 assumptionem,
3186 1711 3368 1767 adhuc
3400 1724 3524 1762 cum

1944 1833 2010 1872 ea
2042 1816 2285 1872 Verbum
2316 1829 2460 1868 unus
2486 1820 2573 1866 est
2592 1809 2661 1865 de
2683 1806 3027 1864 sanctissima
3053 1802 3346 1866 Trinitate,
3370 1801 3524 1869 quia,

1876 1878 1917 1937 Β
1949 1918 2208 1979 tanquam
2248 1908 2414 1970 Deus,
2448 1918 2579 1960 vere
2618 1917 2766 1958 unus
2804 1907 2915 1964 est;
2966 1914 3049 1963 ac,
3097 1897 3244 1952 sicut
3284 1893 3525 1950 consub-

1942 2002 2217 2059 stantialis
2263 2007 2350 2055 est
2389 1997 2561 2063 Patri,
2604 1996 2683 2050 ita
2710 1988 3205 2050 consubstantialis
3246 1997 3301 2043 et
3336 1985 3525 2048 matri,

1943 2092 2516 2153 consubstantialitate
2568 2089 2793 2157 utrique
2843 2099 3123 2156 congrua,
3176 2098 3285 2137 non
3342 2090 3529 2134 tamen

1944 2188 2250 2258 respective
2276 2184 2344 2240 ad
2374 2199 2539 2238 unam
2563 2189 2620 2238 et
2646 2179 2897 2236 eamdem
2926 2191 3152 2233 suarum
3180 2183 3527 2228 naturarum.

1944 2284 2013 2339 Et
2046 2281 2269 2352 quidem
2296 2278 2372 2333 ita
2395 2292 2453 2332 se
2487 2290 2579 2331 res
2606 2273 2836 2328 habent.
2863 2270 2945 2325 Ex
2973 2270 3041 2324 iis
3064 2278 3247 2323 autem
3273 2265 3412 2320 male
3444 2263 3529 2318 in-

1945 2373 2214 2431 ducimini
2242 2372 2310 2427 ad
2344 2367 2791 2426 substituendam
2822 2363 3026 2433 ubique
3058 2358 3336 2432 hypostasi
3364 2367 3530 2412 natu-

1946 2483 2084 2522 ram.
2116 2465 2347 2535 Oportet
2368 2461 2517 2516 enim
2541 2473 2641 2513 vos
2661 2457 2750 2527 (ne
2773 2455 2906 2526 quid
2929 2452 3231 2508 absurdum
3255 2449 3530 2517 videatur)

1948 2560 2091 2613 hanc
2136 2557 2342 2610 inferre
2386 2552 2841 2610 conclusionem:
2884 2564 3011 2603 cum
3066 2546 3212 2601 sicut
3259 2559 3423 2605 unus,
3477 2542 3533 2596 id

1947 2658 2053 2716 est,
2091 2665 2199 2703 una
2225 2660 2463 2717 persona
2492 2644 2662 2698 trium
2697 2655 3059 2714 personarum
3098 2638 3300 2693 divina:
3323 2643 3535 2691 natura).

1948 2750 2053 2807 est,
2091 2741 2167 2795 ita
2212 2753 2377 2801 unus,
2428 2735 2483 2790 id
2526 2742 2632 2799 est,
2670 2750 2779 2789 una
2824 2746 3060 2803 persona
3092 2728 3391 2784 multarum
3438 2742 3536 2781 na-

1950 2843 2088 2889 tura
2121 2833 2378 2887 humana:
2409 2843 2771 2901 personarum
2799 2827 2905 2893 sit;
2947 2824 3019 2881 sit
3061 2833 3246 2879 autem
3270 2837 3377 2877 una
3404 2836 3534 2892 per-

1951 2942 2210 2984 sonarum
2253 2924 2469 2980 ratione
2518 2923 2879 2994 hypostaseos
2927 2934 2995 2973 ex
3037 2916 3243 2973 deitate
3277 2922 3337 2970 et
3367 2928 3536 2969 carne

1952 3014 2338 3080 coalescentis,
2382 3011 2491 3069 erit
2538 3011 2707 3083 igitur
2752 3008 2963 3079 pariter
3009 3021 3119 3060 una
3168 3016 3537 3075 personarum

1953 3119 2169 3167 naturae
2226 3110 2481 3165 humanre
2550 3104 2767 3160 ratione
2806 3101 3167 3172 hypostaseos
3214 3112 3281 3152 ex
3330 3094 3538 3151 deitate

270 3227 371 3299 μὲν
392 3229 512 3292 ταῖς
540 3228 735 3295 θείαις,
758 3229 846 3283 διὰ
864 3185 1352 3301 τῶνιάνθρωπίνων

1956 3218 2233 3274 caraeque
2274 3197 2581 3256 constantis
2624 3214 2636 3251 :
2680 3196 2737 3250 in
2781 3192 2987 3249 divinis
3022 3191 3247 3263 quidem
3282 3185 3539 3259 personis

2212 3296 2245 3305 ..
2316 3302 2324 3305 Α
2411 3293 2426 3305 ι
2729 3287 2895 3305 λημῶ-
2937 3292 3146 3305 __._____
3196 3279 3512 3305 --.1-...Ᾱιικη

269 3319 433 3387 φύσιν
476 3320 871 3386 πλεονάζουσα,
932 3323 1028 3376 καὶ
1078 3326 1137 3377 ὲν
1185 3328 1304 3389 ταῖς
1345 3327 1741 3399 ἀνθρωπίναις,
1772 3330 1851 3402 τῷ

270 3412 401 3484 θείῳ
436 3412 688 3484 ἰδιώματι
715 3415 1059 3487 ὑπερέχουσα
1084 3434 1098 3449 ·
1135 3417 1251 3471 ἀλλ’
1300 3419 1458 3490 ὑμεῖς
1508 3420 1569 3474 τὸ
1620 3421 1719 3492 μὲν
1749 3422 1848 3493 τῆς

272 3504 626 3569 ὑποστάσεως
651 3506 948 3578 ὲσιγήσατε
968 3522 983 3535 ·
1012 3550 1026 3563 .
1067 3547 1083 3564 .
1126 3550 1142 3568 .
1175 3508 1370 3580 ὄνομα.
1421 3551 1436 3565 .
1482 3550 1497 3566 .
1524 3512 1614 3565 ἴνα
1642 3514 1851 3586 τροπὴν

273 3601 369 3650 καὶ
416 3599 801 3670 καταστροφὴν
851 3600 1085 3671 φυσικὴν
1147 3602 1241 3655 καὶ
1286 3605 1400 3667 τοῖς
1429 3602 1679 3673 λέγουσιν
1720 3607 1852 3676 ἡμῖν

273 3689 641 3761 ὑποστατικὴν
664 3689 801 3746 εἰναι
824 3691 921 3761 τὴν
950 3692 1254 3764 ἁσύγχυτον
1287 3694 1483 3750 ἕνωσιν
1503 3697 1612 3750 τῶν
1635 3697 1854 3768 φύσεων

276 3784 637 3855 ὲγκαλέσητε,
676 3784 864 3858 ὥσπερ
903 3789 1018 3853 τοῖς
1070 3790 1213 3844 κατὰ
1256 3788 1388 3862 μίαν
1416 3790 1577 3861 φύσιν
1599 3792 1851 3863 γενέσθαι

272 3877 373 3950 τὴν
411 3878 604 3933 ἕνωσιν
637 3879 928 3950 φάσκουσι.

876 4126 1131 4183 ΚΕΦΛΛ.
1178 4128 1254 4184 Η⁹.

349 4238 510 4296 Κατά
538 4239 744 4313 ταύτην
795 4242 891 4304 τὴν
938 4240 1259 4295 ἀκολουθίαν
1314 4240 1409 4295 καὶ
1457 4240 1520 4295 τὸ
1567 4241 1712 4309 Θεὸς
1761 4241 1858 4295 πέ-

280 4334 445 4387 πονθε
481 4334 666 4405 σαρκὶ,
705 4333 802 4387 καὶ
851 4334 879 4387 ὁ
926 4333 1120 4403 Λόγος,
1177 4332 1275 4387 καὶ
1319 4335 1348 4387 ὁ
1384 4333 1641 4406 Χριστὸς,
1689 4332 1784 4387 καὶ
1830 4333 1861 4387 ὸ

280 4425 411 4491 Υἱὸς
449 4424 796 4492 ἐξεταστέονο
854 4425 888 4496 ἢ
925 4425 1035 4497 γὰρ
1072 4425 1469 4498 περιλαμϐάνει
1516 4426 1585 4481 τὰ
1621 4425 1862 4499 ὀνόματα

279 4520 453 4573 ταῦτα
474 4522 541 4590 τῇ
570 4518 819 4590 σημασίᾳ
842 4518 911 4571 τὰ
932 4517 1045 4583 δύο,
1079 4518 1111 4589 ἢ
1143 4518 1204 4571 οὑ
1223 4535 1237 4549 ο
1268 4521 1315 4571 εἰ
1349 4518 1449 4588 μὲν
1483 4514 1576 4572 οῦν
1622 4518 1684 4570 οὑ
1712 4536 1863 4589 περι-

1958 3316 2059 3371 per
2096 3296 2365 3352 attributa
2411 3293 2654 3347 humana
2689 3287 2901 3344 ratione
2937 3292 3151 3340 naturte
3196 3279 3536 3342 redundans,

1958 3392 2016 3448 in
2063 3386 2321 3446 humanis
2362 3399 2496 3441 vero
2542 3398 2642 3454 per
2683 3379 2948 3436 attributa
2980 3376 3161 3432 divina
3187 3372 3537 3444 superexcel-

1957 3485 2097 3541 lens.
2149 3482 2260 3538 Vos
2296 3487 2480 3533 autem
2513 3472 2662 3546 quod
2698 3472 2765 3528 ad
2800 3469 3139 3544 hypostasim
3187 3474 3418 3536 spectat,
3460 3471 3541 3518 ta-

1959 3574 2293 3631 cuistis......
2332 3570 2685 3624 Nomen......
2727 3564 2799 3620 Ut
2829 3559 3304 3617 conversationem
3354 3563 3412 3610 et
3446 3555 3542 3609 de-

1960 3666 2325 3724 structionem
2354 3671 2566 3716 natura)
2598 3657 2760 3713 nobis
2795 3652 3111 3710 dicentibus
3141 3648 3540 3720 hypostaticam

1960 3775 2084 3815 esse
2113 3755 2462 3812 inconfusam
2496 3760 2825 3807 naturarum
2856 3747 3119 3802 unionem
3154 3742 3349 3798 eodem
3376 3739 3542 3795 modo

1961 3847 2331 3908 criminemini
2362 3860 2527 3917 quam
2553 3843 2662 3898 illis
2692 3841 2787 3912 qui
2828 3840 3093 3894 unionem
3159 3833 3217 3890 in
3257 3833 3422 3889 unica
3461 3830 3543 3887 fa-

1963 3952 2108 4000 ctam
2148 3954 2270 3998 εεεε
2307 3943 2507 3993 natura
2533 3931 2896 3991 contendunt.

2572 4114 2721 4172 CAP.
2770 4108 2906 4169 Vlll.

2026 4238 2183 4298 Circa
2221 4236 2365 4291 hanc
2393 4229 2805 4289 conclusionem
2830 4233 2887 4280 et
2912 4222 3030 4278 haec
3053 4218 3220 4275 verba
3251 4232 3265 4271 :
3299 4234 3317 4268 ι
3345 4214 3548 4271 Passus

1956 4342 2041 4392 est
2061 4334 2227 4396 Deus,
2261 4326 2527 4387 Verbum,
2560 4322 2838 4385 Christus,
2872 4316 3068 4379 Filius,
3091 4332 3108 4364 ι
3149 4304 3549 4367 examinandus

1959 4436 2044 4483 est
2078 4425 2251 4479 locus.
2296 4420 2391 4476 Vel
2439 4416 2587 4472 enim
2637 4414 2757 4468 lucc
2800 4408 3023 4465 nomina
3068 4402 3384 4474 signiﬁcant
3412 4398 3544 4461 duo,

1961 4519 2049 4573 vel
2104 4531 2232 4570 nou.
2276 4512 2332 4567 Si
2396 4525 2507 4563 non
2558 4505 2891 4576 signiﬁcant,
2935 4499 3021 4555 vel
3069 4496 3190 4552 sine
3238 4491 3548 4549 substantia

282 4582 573 4681 λαμϐάνει,
718 4582 969 4666 ἀνούσιον
1020 4582 1251 4664 δώσουσι
1296 4582 1397 4680 τήν
1431 4610 1631 4681 σάρκα,
1676 4608 1710 4679 ἦ
1771 4582 1851 4663 τὸν

1967 4618 2053 4664 εει
2090 4609 2205 4663 sive
2235 4619 2364 4659 caro
2386 4602 2499 4657 sive
2532 4598 2797 4658 Verbum,
2835 4593 2917 4649 vel
2950 4592 3283 4647 alterutrum
3321 4594 3404 4639 est
3432 4582 3549 4639 sive

285 4705 480 4773 Λόγον,
502 4702 536 4775 ἥ
559 4703 811 4775 ὄργανον,
840 4703 873 4774 ἦ
897 4702 1137 4774 ἐργάτην
1163 4701 1389 4771 θάτερον
1406 4718 1419 4731 ο
1438 4702 1486 4754 εἰ
1513 4700 1570 4753 δὲ
1592 4717 1658 4753 πε
1667 4699 1787 4770 ριλα
1795 4717 1858 4769 μ-

288 4795 528 4849 ϐάνειτὶι
560 4794 655 4849 δύο
692 4794 927 4847 ’ἑκαστον
955 4792 1064 4846 τῶν
1113 4791 1416 4863 ὀνομάτων,
1474 4789 1544 4843 τὰ
1599 4789 1867 4860 εἰρημένα

286 4890 464 4945 ἄτοπα
502 4888 686 4951 αὐτοῖς
734 4886 1157 4958 ἐπαχθήσονται.
1206 4883 1367 4947 Ἀλλ’,
1402 4877 1448 4936 ὦ
1481 4876 1649 4947 οὑτοι,
1707 4897 1868 4953 περι-

287 4982 556 5054 λαμϐάνει
582 4980 682 5051 μὲν
708 4978 832 5033 καθ’
852 4977 1156 5031 ὑπόστασιν
1198 4975 1326 5047 μίαν
1362 4975 1432 5028 τὰ
1477 4974 1592 5038 δύο,
1636 4973 1870 5027 ἕκαστον

288 5073 398 5126 τῶν
417 5070 726 5143 εἰρημένων
759 5068 1071 5139 ὀνομάτωνο
1112 5066 1173 5120 οὑ
1207 5065 1612 5138 περιλαμϐάνει
1635 5065 1693 5118 δὲ
1726 5064 1869 5119 κατὰ

295 5163 424 5233 μίαν
451 5167 633 5232 φύσιν.
656 5159 796 5215 ἀλλὰ
823 5157 963 5213 κατὰ
986 5156 1099 5220 δύο,
1124 5157 1184 5210 τό
1209 5173 1270 5209 τε
1292 5154 1547 5225 Χριστὸς
1575 5153 1669 5208 καὶ
1697 5153 1865 5220 Θεὸς,

293 5260 387 5313 καὶ
428 5259 560 5324 Υἱὸς
589 5258 793 5327 ὄνομαο
820 5254 881 5308 τὸ
913 5252 1013 5325 μέν
1050 5270 1132 5306 τοι
1160 5254 1350 5321 Λόγος
1391 5251 1484 5305 καὶ
1510 5252 1656 5316 Θεός
1682 5290 1695 5315 ,
1747 5247 1876 5302 ἐπεὶ

296 5349 562 5404 καὶκατὰ
608 5349 707 5420 τὴν
750 5347 880 5417 μίαν
926 5345 1086 5417 μόνον
1143 5343 1303 5413 φύσιν
1351 5343 1573 5396 δύναται
1616 5340 1874 5409 λέγεσθαι

296 5445 395 5514 τὴν
450 5442 558 5515 πρὸ
630 5442 853 5513 σαρκὸς,
915 5440 1029 5511 ἔχει
1101 5435 1534 5510 προσειρημένον
1584 5434 1645 5489 τὸ
1686 5433 1872 5506 σαρκὶ,

297 5538 467 5607 ἠγουν
498 5538 564 5607 τῇ
601 5535 763 5605 ἑτέρα
805 5534 967 5605 φύσει
1007 5534 1072 5603 τῇ
1104 5533 1161 5585 ὲν
1213 5530 1290 5600 τῷ
1329 5528 1569 5598 συνθέτῳ
1618 5526 1872 5599 Χριστῷο

298 5629 394 5684 καὶ
410 5628 501 5681 διὰ
524 5627 681 5680 τοῦτο
708 5626 873 5698 ἡνίκα
910 5625 973 5678 τὸ
1014 5624 1185 5688 πάθος
1219 5622 1311 5677 τοῦ
1336 5620 1562 5692 Λόγουῆ
1585 5619 1721 5674 Θεοῦ
1745 5637 1877 5675 κατ-

298 5719 629 5791 ηγοροῦμεν,
680 5719 757 5783 ὼς
810 5717 905 5772 τοῦ
969 5716 1090 5770 ὅλου
1119 5713 1413 5788 προσώπου
1457 5711 1719 5785 Χριστοῦ,
1767 5710 1877 5766 ἀπὸ

304 5810 506 5880 μέρους
532 5810 643 5863 τῶν
684 5810 741 5862 ὲν
775 5809 927 5882 αὐτῷ
981 5808 1279 5881 ἐπάγημεν,
1316 5808 1405 5863 καὶ
1455 5804 1545 5861 διὰ
1579 5804 1738 5869 ποίας
1769 5802 1877 5859 τῶν

302 5901 361 5955 ἐν
386 5899 535 5974 αὐτῷ
561 5900 798 5974 φύσεων.

1969 4702 2399 4757 instrumentum
2421 4694 2537 4749 sive
2558 4688 2835 4761 operans?
2859 4686 2915 4741 Si
2948 4699 3081 4738 vero
3114 4676 3551 4748 unumquodque

1969 4786 2322 4859 praefatorum
2384 4781 2671 4836 nominum
2724 4778 2834 4830 duo
2880 4771 3161 4844 exprimit,
3222 4767 3370 4840 quod
3416 4764 3554 4836 ipsis

1970 4857 2230 4951 adjicitur
2272 4873 2511 4931 absurde
2540 4879 2624 4928 est
2659 4869 2930 4925 additum.
2965 4865 3096 4931 Sed,
3127 4864 3270 4918 heus
3308 4860 3442 4916 vos!
3477 4857 3553 4912 si-

1971 4947 2199 5044 gnificat
2217 4968 2440 5039 quidem
2465 4964 2575 5020 duo
2610 4964 2664 5017 in
2699 4960 2859 5015 unica
2884 4954 3165 5030 hypostasi
3196 4947 3552 5020 unumquod-

1973 5080 2081 5137 que
2113 5062 2461 5135 praefatorum
2490 5056 2810 5119 nominum;
2859 5068 2969 5107 non
3010 5047 3264 5104 alludunt
3312 5058 3445 5099 vero
3482 5040 3553 5095 ad

1974 5158 2198 5213 unicam
2222 5164 2496 5215 naturam,
2539 5148 2636 5205 sed
2688 5147 2754 5203 ad
2780 5146 2919 5201 duas
2950 5150 3178 5198 naturas
3206 5152 3371 5193 voces
3391 5132 3555 5191 Chri-

1975 5257 2116 5311 Slus,
2171 5247 2336 5308 Deus,
2406 5252 2463 5298 et
2494 5239 2758 5296 Verbum.
2794 5234 3026 5292 Nomina
3079 5240 3261 5285 tamen
3312 5228 3461 5283 Deus
3498 5233 3556 5280 et

1980 5340 2224 5399 Verbum,
2287 5351 2411 5391 cum
2462 5333 2571 5388 dici
2627 5329 2841 5402 possint
2873 5327 2942 5381 de
2986 5324 3150 5379 unica
3197 5328 3397 5375 natura
3425 5326 3555 5373 ante

1978 5429 2417 5487 incarnationem
2472 5430 2748 5494 spectata,
2805 5418 3047 5474 additam
3102 5413 3309 5469 habent
3358 5425 3553 5465 vocem

1978 5539 2160 5588 carne,
2199 5521 2255 5575 id
2301 5527 2405 5584 est,
2440 5520 2612 5573 altera
2645 5523 2841 5570 natura
2886 5511 2941 5566 in
2985 5509 3296 5580 composito
3332 5503 3555 5561 Christo

1978 5614 2299 5672 exsistente.
2328 5612 2396 5665 Et
2434 5610 2579 5663 hanc
2610 5606 2683 5662 ob
2716 5618 2937 5661 causam
2978 5601 3201 5672 quando
3242 5594 3554 5669 passionem

1980 5711 2094 5766 Deo
2144 5718 2239 5762 aut
2267 5705 2448 5761 Verbo
2485 5700 2839 5758 atlribuimus
2877 5697 3100 5754 Christo
3143 5709 3243 5763 pro
3280 5688 3555 5760 completa

1982 5814 2218 5872 persona
2266 5797 2476 5860 habito,
2525 5810 2593 5849 cx
2632 5801 2789 5864 parte
2832 5806 3024 5846 eorum
3072 5786 3281 5857 quibus
3314 5790 3552 5849 constat,

1986 5889 2277 5962 adjicimus
2325 5901 2560 5958 quanam
2610 5898 2676 5938 ex
2730 5879 2940 5936 naturis
2972 5875 3087 5933 suis
3128 5889 3323 5947 passus
3356 5872 3446 5928 sit.
