4042 6548
494 429 624 491 1768
648 426 674 465 ⁸

1132 543 1283 602 CAP.
1344 547 1438 602 IX.

564 634 768 690 Dicunt
805 637 973 692 etiam
1021 655 1035 692 :
1080 637 1137 693 Si
1185 638 1490 694 secundum
1542 640 1906 695 substantiam
1955 652 2067 693 non

499 740 722 794 passum
757 728 1124 796 estVerbum,
1150 729 1500 785 manifestum
1537 740 1620 786 est
1644 731 1776 784 illud
1800 747 1910 785 non
1941 730 2070 784 sub-

495 819 828 875 stantialiter
871 837 993 877 esse
1025 826 1280 893 passum;
1327 824 1372 878 si
1411 840 1542 879 vero
1575 841 1685 880 non
1737 824 2070 880 substantia-

494 907 645 974 liter,
667 910 893 966 minime
923 926 1143 982 passum
1165 922 1249 968 est
1281 931 1295 967 :
1327 915 1649 970 substantiae
1677 914 1824 969 enim
1850 913 2068 985 proprie

495 1006 624 1052 sunt
671 1001 974 1070 passiones.
1010 1003 1081 1057 At
1112 1019 1347 1074 persona
1385 1006 1551 1060 etiam
1584 1005 1825 1060 Verbum
1867 1005 2071 1059 dicitur

493 1107 615 1147 esse
649 1110 908 1163 passum:
939 1097 1239 1167 assumpsit
1266 1097 1414 1152 enim
1460 1097 1782 1169 passibilem
1809 1106 2068 1152 naturam

493 1185 552 1240 in
597 1201 751 1242 suam
787 1190 963 1258 ipsius
982 1190 1319 1261 bypostasim
1343 1207 1467 1245 cum
1499 1191 1722 1261 propria
1749 1206 1847 1245 sua
1875 1197 2070 1245 natura

493 1279 821 1348 impassibili
849 1290 942 1336 :et
972 1293 1185 1338 natura:
1228 1283 1491 1338 attributa
1526 1283 1594 1337 de
1639 1298 1874 1353 persona
1921 1293 2070 1338 recte

495 1369 602 1426 dici
648 1373 851 1428 solent.

1149 1489 1302 1544 CAP.
1355 1491 1422 1544 X.

565 1591 729 1658 Ecce,
753 1593 1029 1662 inquiunt,
1062 1595 1227 1650 Pater
1247 1607 1433 1650 vester
1458 1595 1716 1668 Cyrillus,
1736 1597 1905 1650 Deum
1934 1597 2071 1652 Ver—

493 1679 625 1736 bum
668 1697 886 1750 passum
931 1697 1052 1738 esse
1100 1685 1312 1748 dicens,
1361 1694 1417 1739 et
1448 1687 1726 1755 quomodo
1754 1687 1888 1740 illud
1925 1687 2074 1741 dicat

493 1787 616 1827 esse
674 1775 942 1842 possibile
1003 1776 1400 1846 interrogatus,
1458 1793 1517 1832 se
1571 1777 1821 1833 defendit
1868 1779 2072 1848 passim

495 1865 882 1935 respondendo
929 1867 1166 1921 Verbum
1221 1884 1443 1923 carnem
1475 1876 1676 1923 natura
1720 1885 1936 1939 passam
1965 1869 2073 1925 sibi

494 1958 903 2028 appropriasse.
951 1958 1006 2013 Si
1052 1975 1184 2030 ergo
1225 1975 1323 2029 per
1370 1961 1875 2030 apprOpriationem
1923 1961 2074 2016 illius

492 2049 589 2120 qui
637 2065 667 2104 a
707 2050 912 2105 Iudaeis
943 2066 1140 2120 passus
1169 2059 1272 2115 est,
1307 2052 1587 2120 passibilis
1618 2061 1701 2108 cst
1740 2055 1882 2109 Deus
1916 2053 1973 2107 in
2005 2068 2073 2108 eo

496 2157 629 2196 vere
682 2143 1010 2208 immanens,
1063 2159 1193 2213 ergo
1228 2151 1283 2198 et
1316 2159 1419 2213 per
1467 2144 1638 2198 solam
1672 2145 2075 2215 appropriatio—

495 2250 618 2290 nem
666 2235 815 2288 illius
853 2235 946 2304 qui
977 2251 1044 2288 ex
1091 2235 1323 2288 muliere
1360 2243 1526 2288 natus
1559 2243 1663 2300 est,
1709 2243 1872 2289 natus
1895 2244 2072 2291 estex

494 2328 726 2381 muliere
758 2342 988 2382 manens
1035 2328 1089 2380 in
1130 2327 1250 2396 ipso
1291 2327 1456 2380 Deus.
1489 2326 1613 2380 Non
1641 2326 1807 2397 igitur
1838 2337 1985 2382 recte
2012 2337 2074 2383 ut

493 2418 722 2473 deicidae
744 2418 1020 2472 habentur
1041 2417 1236 2481 Judaei,
1279 2417 1533 2486 quamvis
1561 2417 1850 2482 dicantur;
1890 2434 2072 2488 neque

489 2515 576 2562 est
619 2507 854 2576 Deipara
907 2507 1096 2576 Virgo,
1150 2507 1407 2575 quamvis
1451 2505 1670 2560 dicatur
1721 2524 1734 2559 :
1786 2523 1914 2561 nam
1964 2508 2070 2564 sibi

491 2597 850 2668 appropriare
892 2612 1116 2667 passum
1177 2606 1232 2652 et
1282 2608 1625 2668 generatum,
1672 2613 1783 2652 non
1821 2609 1905 2653 est
1957 2600 2071 2668 pati

489 2690 578 2743 vel
626 2689 904 2759 generari.
956 2689 1026 2743 At
1074 2705 1176 2744 nos
1225 2690 1473 2756 realiter,
1522 2705 1634 2744 non
1683 2705 1837 2745 mera
1887 2693 2073 2746 carnis

491 2781 945 2853 appropriatione
1007 2797 1227 2851 passum
1278 2798 1402 2838 esse
1455 2783 1539 2838 vel
1592 2791 1783 2837 natum
1823 2773 2072 2840 ‘dicimus

491 2871 756 2928 Verbum.
791 2872 928 2928 Cum
961 2874 1120 2944 plura
1153 2875 1209 2929 in
1251 2875 1472 2930 unicam
1510 2875 1780 2946 integram
1810 2877 2072 2948 hyposta-

490 2962 595 3017 sim
628 2962 920 3026 uniuntur,
961 2963 1228 3017 attributa
1258 2964 1693 3035 uniuscujusque
1725 2965 1794 3021 de
1826 2973 1940 3021 tota
1968 2967 2071 3022 hac

493 3051 777 3123 hypostasi
830 3051 1125 3122 prmdicari
1176 3063 1430 3122 possunt,
1475 3056 1941 3124 quemadmodum
2000 3057 2070 3113 de

492 3142 813 3197 hominibus
858 3143 1102 3197 dicitur:
1141 3163 1160 3196 ι
1192 3145 1415 3200 Videbit
1453 3146 1635 3201 omnis
1666 3161 1794 3201 caro
1825 3149 2070 3204 salutare

1340 433 1650 496 LEONTII
1690 435 2094 497 BYZANTINI
2133 434 2302 496 ADV.
2339 432 2658 497 NESTOR.
2695 433 2840 496 LIB.
2874 434 3012 498 VII.

2095 543 2151 604 Α

3569 428 3700 494 1768
3721 426 3747 469 δ

2787 546 3040 602 ΚΕΦΛΛ.
3064 543 3142 601 Θ’.

2243 644 2411 698 Φασὶν
2436 641 2516 694 ἔτι
2535 657 2548 671 ·
2585 640 2633 693 εί
2655 639 2776 693 κατ’
2809 639 3000 692 οὐσίαν
3032 638 3134 691 οὐκ
3163 636 3396 708 ἔπασχεν
3425 637 3458 690 6
3484 635 3659 703 Λόγος
3683 639 3746 708 τῇ

2177 739 2362 808 σαρκὶ,
2388 734 2545 804 δῆλον
2571 733 2652 786 ὅτι
2683 731 2947 792 ἀνουσίως
2971 729 3205 801 ἔπασχεν
3224 746 3238 761 ο
3284 730 3332 782 εἰ
3368 729 3425 782 δὲ
3466 726 3747 791 ἀνουσίως,

2175 827 2296 881 οὐδὲ
2342 823 2576 878 ἔπαθενο
2635 819 2822 882 οὐσίας
2867 818 2977 890 γὰρ
3035 817 3106 871 τὰ
3157 817 3305 888 πάθη
3347 816 3578 887 κυρίως.
3618 815 3750 867 Ἀλλ’

2177 915 2472 971 ὑποστάσει
2492 913 2586 966 καὶ
2621 913 2649 964 6
2681 911 2850 980 Λόγος
2872 910 3093 979 λέγεται
3120 909 3313 964 παθεῖν
3337 924 3351 939 ·
3383 907 3750 979 προσελάϐετο

2175 1009 2284 1080 γὰρ
2312 1004 2559 1077 παθητὴν
2602 1003 2792 1057 οὐσίαν
2840 1003 2921 1064 είς
2969 999 3066 1072 τὴν
3098 1000 3295 1054 ἑαυτοῦ
3330 1001 3631 1054 ὑπόστασιν
3660 1001 3749 1050 σὺν

2175 1103 2242 1172 τῇ
2291 1099 2467 1169 οἰκείᾳ
2487 1081 2556 1168 τῇ
2604 1094 2805 1150 ἀπαθεῖ
2827 1109 2842 1122 ⁸
2875 1093 2970 1147 καὶ
3005 1093 3074 1147 τὰ
3098 1093 3198 1162 τῆς
3225 1092 3417 1156 οὐσίας
3444 1091 3750 1160 κατηγορῄ

2181 1209 2324 1264 ματα
2359 1189 2659 1260 εἰώθειτῆς
2689 1186 3040 1248 ὑποστάσεως
3090 1183 3525 1254 κατηγορεῖσθαι
3560 1181 3746 1253 ὀρθῶς.

2808 1474 3063 1530 ΚΕΦΛΛ.
3095 1474 3134 1528 I'

2261 1578 2416 1643 Ἰδοὺ,
2453 1578 2640 1650 φασὶν,
2669 1579 2725 1632 ό
2780 1579 3048 1651 ὑμέτερος
3103 1578 3289 1650 πατὴρ
3339 1579 3618 1651 Κύριλλος
3666 1580 3750 1632 τὸν

2179 1670 2311 1725 Θεὸν
2342 1669 2514 1740 Λόγον
2537 1669 2864 1724 πεπονθέναι
2902 1670 3068 1741 σειριὰ⁵
3099 1669 3296 1739 λέγων,
3323 1668 3614 1723 καὶτοῦτο
3646 1670 3750 1734 πῶς

2181 1780 2314 1834 φησι
2339 1761 2566 1816 δυνατὸν
2592 1757 2731 1816 εῖναι
2765 1761 3117 1831 ἀπαιτηθεὶς,
3160 1762 3285 1814 κατ’
3337 1761 3621 1815 οῑκείωσιν
3661 1763 3751 1829 τῆς

2180 1855 2514 1918 πεπονθυίας
2555 1854 2720 1924 φύσει
2743 1853 2947 1924 σαρκὸς
2973 1853 3136 1906 αὐτοῦ
3171 1853 3283 1909 ἄνω
3311 1854 3405 1908 καὶ
3434 1853 3593 1906 κάτω
3627 1853 3753 1905 ἁπο-

2176 1948 2454 2016 λογεῖται·
2507 1948 2557 2000 εί
2612 1942 2706 2000 οῦν
2750 1947 2816 2016 τῇ
2879 1944 3152 1998 οἰκειώσει
3199 1943 3291 1997 τοῦ
3337 1943 3610 2006 παθόντος
3655 1943 3751 1997 ὑπὸ

2176 2037 2445 2094 Ἰουδαίων
2482 2037 2724 2110 παθητὸς
2749 2039 2778 2090 6
2806 2036 2939 2101 Θεὸς
2969 2036 2996 2088 6
3023 2040 3081 2090 ὲν
3115 2035 3262 2106 αὐτῷ
3295 2038 3478 2107 μένων
3519 2022 3747 2106 ἀληθῶς,

2176 2132 2284 2202 ἄρα
2311 2147 2373 2200 γε
2398 2131 2494 2197 καὶ
2524 2131 2590 2201 τῇ
2621 2126 2897 2182 οἰκειώσει
2941 2127 3035 2182 τοῦ
3076 2128 3430 2199 γεννηθέντος
3462 2130 3532 2182 ἐκ
3566 2146 3748 2198 γυναι-

2176 2225 2292 2289 κὸς,
2324 2223 2583 2294 γεννητὸς
2621 2223 2681 2287 ἐξ
2710 2222 2880 2292 αὐτῆς
2909 2223 2938 2276 6
2979 2223 3038 2275 ὲν
3070 2219 3220 2290 αὐτῷ
3249 2219 3385 2284 Θεὸς
3425 2221 3622 2292 μόνον·
3656 2219 3750 2276 οὐκ

2177 2317 2288 2388 ἄρα
2339 2312 2434 2369 οῦν
2500 2314 2717 2385 άληθῶς
2774 2312 3020 2368 νοοῦνται
3072 2312 3344 2366 θεοκτόνοι
3379 2313 3649 2379 Ἰουδαῖοι,
3704 2315 3749 2368 ei

2177 2408 2272 2460 καὶ
2321 2407 2602 2474 λέγονταιο
2660 2405 2783 2458 οὐδὲ
2833 2404 3096 2467 Θεοτόκος
3132 2405 3166 2474 ἡ
3211 2403 3518 2473 Παρθένος,
3573 2404 3621 2456 εἰ
3664 2403 3748 2456 καὶ

2173 2498 2390 2567 λέγεται
2411 2515 2424 2527 ’
2453 2498 2512 2551 οὐ
2559 2496 2669 2568 γὰρ
2693 2495 2754 2550 τὸ
2793 2495 3124 2550 οἰκειοῦσθαι
3151 2495 3211 2548 τὸ
3239 2495 3448 2566 πάσχον
3472 2495 3507 2564 ἢ
3545 2495 3608 2548 τὸ
3631 2512 3750 2564 γεν-

2173 2588 2434 2659 νώμενον,
2467 2587 2570 2658 ἤδη
2607 2583 2854 2656 παθεῖνῆ
2893 2582 3225 2654 γεννηθῆναι
3254 2584 3392 2637 ἔστι.
3430 2582 3574 2635 Ἀλλ’
3598 2583 3751 2652 ἡμεῖς

2171 2679 2363 2740 ὅντως,
2412 2679 2512 2750 οὐχ
2543 2678 2733 2742 ἁπλῶς
2774 2675 3044 2730 οἰκειώσει
3098 2678 3199 2746 τῆς
3247 2676 3452 2746 σαρκὸς
3499 2673 3748 2745 παθεῖνῆ

2172 2771 2499 2843 γεννηθῆναι
2549 2771 2640 2825 τὸν
2671 2770 2852 2838 Λόγον
2893 2769 3112 2838 φαμέν
3171 2767 3285 2822 ἁλλ’
3329 2765 3521 2839 ἐπειδὴ
3571 2767 3660 2820 ἐπὶ
3687 2769 3748 2835 τῇ

2174 2866 2366 2920 ὲνώσει
2405 2865 2566 2920 τινῶν
2598 2867 2664 2936 τῇ
2694 2866 2774 2928 είς
2818 2863 2948 2934 μίαν
3001 2862 3372 2931 ὐποστατικὴν
3407 2861 3645 2932 ὁλότητα
3684 2859 3749 2912 τὰ

2172 2958 2412 3030 ὀνόματα
2459 2958 2690 3011 ἑκάστου
2739 2957 2848 3010 τῶν
2894 2958 2950 3009 ὲν
2989 2955 3125 3027 αὐτῇ
3184 2954 3409 3008 δύναται
3467 2952 3613 3005 κατὰ
3657 2949 3748 3003 τοῦ

2173 3051 2299 3105 ὅλου
2335 3050 2615 3123 φέρεσθαι,
2635 3050 2826 3120 ὥσπερ
2855 3050 2916 3102 τὸ
2937 3049 3067 3120 περὶ
3091 3046 3392 3117 ἀνθρώπων
3421 3046 3748 3114 λεγόμενον·

2172 3144 2270 3198 καὶ⁸
2291 3142 2484 3213 δψεται
2515 3143 2665 3196 πᾶσα
2697 3141 2834 3212 σὰρξ
2883 3141 2943 3194 τὸ
2973 3142 3248 3213 Σωτήριον
3280 3140 3523 3211 Κυρίου·
3574 3139 3670 3194 καὶ
3695 3136 3751 3192 τὸ

491 3236 712 3290 Domini
742 3247 800 3302 c;
843 3255 862 3288 ι
897 3245 954 3291 et
988 3234 1088 3290 Lot
1123 3235 1332 3291 dicitur
1365 3254 1378 3290 :
1426 3255 1443 3288 ι
1479 3236 1710 3294 Salvans
1766 3240 1914 3294 salva
1961 3242 2080 3295 ani-

2182 3235 2472 3308 εἰρημένον
2523 3232 2602 3305 τῷ
2655 3232 2814 3287 Λώτ·
2845 3251 2862 3284 ι
2925 3232 3120 3296 Σώζων
3193 3232 3333 3297 σῶζε
3379 3233 3485 3302 τὴν
3526 3227 3749 3286 σεαυτοῦ

493 3342 638 3382 mam
676 3336 821 3382 tuam
865 3327 914 3382 ἀι
943 3347 960 3380 ι
1002 3327 1315 3398 Aliquando
1360 3337 1545 3383 autem
1590 3331 1856 3385 attributa
1900 3333 2070 3388 totius

494 3420 869 3490 pradicant!"
927 3421 994 3476 de
1019 3424 1318 3491 partibus:
1365 3422 1510 3477 sicut
1553 3421 1792 3477 dicimus
1840 3423 2076 3480 fractum

493 3512 666 3567 fuisse
710 3513 859 3568 hunc
898 3513 1104 3579 virum,
1147 3516 1400 3584 quamvis
1431 3517 1498 3571 de
1539 3517 1792 3571 membro
1826 3519 2078 3588 corporis

494 3606 661 3676 hujus
699 3615 910 3660 tantum
937 3606 1101 3660 modo
1123 3617 1348 3678 agatur;
1376 3618 1432 3663 et
1453 3608 1754 3679 superbum
1784 3626 1905 3666 esse
1929 3611 2077 3668 hunc

493 3697 583 3751 vel
617 3697 773 3750 illum
821 3697 1124 3763 hominem,
1171 3699 1427 3767 quamvis
1455 3699 1508 3753 id
1537 3699 1708 3755 solius
1747 3700 1820 3755 sit
1855 3703 2073 3757 animae.

495 3787 946 3842 Interdumvero
986 3788 1134 3857 quod
1166 3797 1251 3843 est
1280 3789 1564 3859 proprium
1588 3792 1681 3846 uni
1709 3793 1880 3848 totius
1909 3795 2074 3864 parti,

494 3879 651 3934 alteri
675 3879 842 3934 etiam
869 3881 1008 3949 parti
1047 3880 1853 3949 attribuimus;sicutdicimus
1885 3902 1898 3939 :
1935 3885 2079 3951 Quot

497 3971 694 4024 anima:
751 3970 948 4025 occisa:
999 3980 1130 4025 sunt
1171 3972 1226 4026 in
1275 3975 1685 4044 expugnatione
1732 3977 2075 4032 Jerusalem!

495 4061 760 4129 Quamvis
805 4062 860 4116 id
907 4063 1233 4132 corporibus
1281 4071 1496 4118 tantum
1550 4076 1844 4136 competat.
1886 4067 2022 4123 Item
2059 4083 2074 4122 :

501 4149 614 4203 Non
637 4149 743 4203 fert
777 4151 1033 4221 injuriam
1061 4166 1264 4221 corpus
1294 4153 1569 4221 liberum;
1601 4155 1730 4210 licet
1755 4157 1869 4211 sola
1895 4156 2078 4212 anima

496 4239 730 4309 pudoris
746 4240 821 4294 sit
843 4256 1033 4308 capax.
1057 4242 1137 4294 Ex
1158 4241 1244 4295 bis
1286 4243 1546 4299 omnibus
1572 4253 1724 4314 patet
1749 4246 1857 4300 dici
1891 4261 2092 4315 posse,.

494 4345 662 4385 carne
711 4329 919 4385 Christi
964 4347 1142 4400 passa,
1177 4332 1356 4401 ipsum
1393 4334 1634 4389 Verbum
1677 4351 1798 4390 esse
1830 4352 2073 4406 passum,

496 4437 595 4491 per
632 4421 914 4488 unionem,
978 4438 1086 4477 non
1122 4440 1221 4494 per
1267 4441 1475 4479 meram
1524 4427 2072 4497 appropriationem;

494 4523 819 4586 generatum
851 4531 982 4570 vero
1012 4531 1132 4572 esse
1152 4517 1346 4572 eodem
1372 4533 1560 4584 sensu,
1590 4535 1653 4574 ac
1680 4519 1906 4590 insuper
1935 4537 2074 4591 qua-

2180 3327 2387 3398 ψυχήνο
2428 3349 2446 3377 ο
2475 3325 2607 3380 ποτὲ
2635 3325 2692 3379 δὲ
2723 3325 2814 3378 καὶ
2845 3325 2913 3379 τὰ
2944 3325 3036 3378 τοῦ
3068 3324 3190 3378 ὅλου
3214 3323 3356 3378 κατὰ
3382 3324 3498 3377 τῶν
3529 3321 3746 3393 μερῶν·

2179 3417 2370 3488 ὥσπερ
2402 3417 2584 3488 φαμὲν
2621 3417 2703 3469 ὃτι
2734 3415 2970 3486 ἐκλάσθη
3003 3416 3031 3467 6
3073 3414 3379 3487 ἄνθρωπος,
3423 3413 3609 3467 καίτοι
3660 3410 3751 3482 μό-

2178 3527 2268 3564 νον
2298 3509 2359 3562 τὸ
2393 3508 2705 3578 σωματικὸν
2739 3507 2899 3578 μέλος
2926 3505 3082 3560 τοῦδε
3105 3522 3119 3536 ο
3172 3507 3267 3560 καὶ
3285 3507 3366 3559 ὅτι
3427 3503 3749 3576 ὑψηλόφρων

2180 3601 2467 3672 ἄνθρωπος
2497 3603 2524 3654 6
2552 3600 2722 3664 δεῖνα,
2771 3599 2950 3653 καίτοι
2999 3598 3134 3668 μόνῃ
3186 3600 3253 3669 τῇ
3288 3597 3467 3667 ψυχῇ·
3517 3595 3648 3649 ποτὲ
3697 3593 3750 3648 δι

2181 3694 2277 3747 καὶ
2306 3693 2374 3746 τὰ
2404 3691 2497 3745 τοῦ
2525 3691 2714 3764 ἑτέρου
2752 3691 2862 3744 τῶν
2895 3693 2955 3745 ὲν
2986 3689 3065 3760 τῷ
3097 3690 3177 3742 ὲνὶ
3213 3689 3320 3760 ὅλῳ
3346 3687 3492 3742 κατὰ
3520 3685 3618 3741 τοῦ
3658 3687 3748 3740 σὺν

2179 3782 2326 3853 αὐτῷ
2355 3782 2565 3853 ἐτέρου,
2596 3781 2783 3853 ὥσπερ
2806 3780 3057 3852 λέγομεν.
3097 3781 3264 3834 Πόσαι
3311 3779 3485 3850 ψυχαὶ
3528 3776 3738 3833 κατεκό-

2183 3894 2364 3947 πησαν
2423 3876 2482 3928 ὲν
2540 3877 2606 3946 τῇ
2663 3875 2862 3928 ἁλώσει
2942 3874 3355 3945 Ἱεροσολύμωνε
3431 3873 3614 3926 καίτοι
3685 3887 3713 3924 τ

2182 3967 2411 4036 σώματα
2437 3966 2599 4036 μόνον
2619 3981 2632 3995 ·
2666 3967 2762 4019 καὶ
2791 3967 2872 4019 ὅτι
2896 3966 2956 4018 οὺ
2987 3967 3143 4036 φέρει
3177 3965 3275 4035 τὴν
3299 3964 3458 4034 ὓϐριν
3500 3963 3567 4016 τὸ
3601 3963 3714 4030 σῶμ

2179 4057 2240 4112 τὸ
2301 4057 2611 4129 ἐλεύθερον,
2642 4057 2875 4128 καίτοιὴ
2929 4057 3073 4128 ψυχὴ
3118 4057 3505 4128 ἐπαισχύνεται
3568 4057 3738 4126 μόνον

2188 4149 2348 4219 δῆλον
2376 4147 2454 4213 ὡς
2486 4148 2624 4214 ἔστι,
2661 4150 2754 4202 καὶ
2782 4150 2880 4220 τῆς
2925 4151 3129 4221 σαρκὸς
3161 4147 3399 4221 Χριστοῦ
3447 4147 3747 4218 παθούσης,

2180 4240 2360 4309 λέγειν
2389 4241 2480 4294 τὸν
2513 4242 2700 4312 ἀπαθῆ
2739 4241 2902 4296 αὑτὸν
2934 4242 3107 4311 Λόγον
3138 4242 3333 4296 παθεῖν
3371 4239 3461 4294 διὰ
3489 4240 3600 4312 τὴν
3622 4240 3748 4293 ἕνω-

2180 4349 2291 4385 σινο
2322 4334 2381 4386 οὐ
2406 4333 2471 4386 δι’
2492 4333 2766 4387 οἰκείωσιν
2801 4333 2963 4404 μόνον
2984 4348 2999 4362 ⁶
3025 4335 3355 4404 γεννηθῆναι
3409 4333 3468 4386 δὲ
3534 4333 3632 4386 καὶ
3668 4331 3753 4385 διὰ

2177 4424 2317 4487 τόδε,
2343 4425 2438 4478 καὶ
2485 4423 2561 4488 ὡς
2604 4423 2741 4479 ἰδίαν
2781 4425 2875 4478 καὶ
2928 4423 3094 4479 αὐτὸν
3139 4424 3456 4479 ὑποστάντα
3497 4425 3750 4494 γέννησιν

2183 4517 2278 4570 σὺν
2302 4517 2437 4588 αὐτῇ
2459 4532 2474 4548 ο
2502 4517 2603 4570 οὐκ
2622 4519 2704 4580 είς
2733 4515 2794 4570 τὸ
2824 4512 2962 4570 εἶναι
2982 4514 3173 4589 ὥσπερ
3210 4515 3374 4587 αῦτη,
3415 4515 3539 4569 ἀλλ’
3575 4516 3656 4578 είς
3694 4513 3749 4568 τὸ

495 4616 658 4660 tenus
680 4606 960 4676 propriam
980 4623 1132 4662 suam
1155 4611 1563 4680 generationem
1588 4611 1925 4682 hypostatice
1946 4629 2072 4668 cum

2178 4607 2461 4678 ὲνσάρκως
2480 4602 2654 4661 εἶναι’
2712 4607 2810 4662 καὶ
2856 4607 3214 4680 μορφωθῆναι
3269 4608 3368 4679 τὴν
3407 4607 3548 4660 ἰδίαν
3594 4607 3748 4675 ἀόρα-

494 4711 660 4751 carne
713 4697 1009 4766 c0pulavit,
1045 4714 1157 4753 non
1211 4708 1271 4753 ut
1303 4701 1454 4754 carni
1504 4701 1701 4757 similis
1745 4702 1920 4769 fieret,
1976 4702 2071 4758 sed

494 4796 557 4841 ut
601 4787 760 4843 fieret
806 4788 864 4842 in
919 4804 1123 4855 carne;
1167 4799 1224 4845 et
1275 4791 1507 4846 formam
1552 4793 1830 4862 accepisse
1880 4793 2070 4850 invisi-

493 4876 663 4933 bilem
701 4879 874 4948 ipsius
915 4879 1276 4951 hypostasim,
1317 4883 1537 4953 quando
1580 4899 1711 4939 caro
1744 4900 1908 4940 suum
1950 4901 2072 4942 esse

493 4969 548 5024 in
587 4985 652 5025 ea
707 4971 958 5041 sumpsit.

1128 5085 1284 5143 CAP.
1339 5086 1436 5142 XI.

565 5177 672 5231 Per
723 5176 872 5232 aliud
915 5177 1133 5248 patiens
1175 5179 1290 5248 pati
1343 5179 1481 5234 nihil
1531 5195 1599 5234 ex
1641 5179 1708 5234 iis
1747 5168 1924 5235 etiam
1950 5196 2074 5250 quae

495 5274 694 5322 natura
726 5278 856 5324 sunt
898 5269 1202 5340 passibilia,
1244 5279 1426 5340 potest
1460 5289 1472 5325 :
1513 5271 1697 5341 passio
1736 5272 1883 5326 enim
1918 5273 1974 5326 in
2006 5288 2074 5328 eo

497 5368 708 5416 tantum
733 5361 951 5416 videtur
985 5363 1040 5416 in
1075 5377 1185 5432 quo
1209 5363 1559 5433 supervenit;
1601 5379 1714 5419 non
1744 5374 1929 5419 autem
1963 5364 2075 5419 ullo

496 5453 660 5508 modo
695 5453 774 5507 illi
822 5454 965 5508 inest
1014 5470 1112 5524 per
1155 5470 1316 5526 quem
1363 5456 1584 5513 accidit.
1635 5456 1852 5523 Quanto
1901 5457 2075 5527 magis

498 5544 837 5616 impassibile
885 5546 1124 5600 Verbum
1185 5563 1349 5602 carne
1387 5564 1508 5603 esse
1551 5564 1772 5618 passum
1808 5548 1928 5604 sine
1967 5548 2072 5602 im-

494 5638 701 5708 pietate
740 5637 846 5693 dici
894 5637 1103 5708 nequit.
1150 5638 1338 5694 Sciant
1383 5640 1685 5695 adversarii
1721 5641 1893 5712 magis
1951 5655 2073 5696 esse

445 5742 452 5749 ‘
496 5730 648 5800 pium
706 5740 762 5787 ct
812 5733 924 5786 Deo
957 5730 1179 5802 dignius
1235 5731 1344 5785 dici
1393 5732 1631 5787 Verbum
1689 5749 1907 5803 passum
1948 5748 2070 5789 csse

569 5882 589 5908 ε
637 5870 769 5934 Luc.
803 5888 881 5938 lit,
935 5874 987 5925 (ἰ.
1065 5871 1089 5911 ἀ
1142 5872 1278 5928 Gen.
1337 5885 1445 5935 XIX,
1491 5873 1572 5928 l7.

2177 4716 2271 4754 τον
2298 4700 2598 4756 ὑπόστασιν
2638 4701 2726 4756 ὅτε
2763 4703 2796 4773 ἡ
2833 4701 2969 4773 σάρξ
3000 4701 3061 4754 τὸ
3096 4699 3235 4756 εἶναι
3291 4703 3348 4755 ὲν
3392 4701 3532 4773 αὐτῇ
3584 4701 3746 4770 ἐλάμ-

2179 4791 2330 4849 ϐανε.

2758 5065 3152 5141 risu/CLV.

2244 5177 2321 5230 Δι’
2359 5177 2546 5248 ἐτέρου
2574 5176 2826 5250 πάσχειν,
2853 5182 3007 5252 φησὶ,
3048 5181 3375 5243 πεπονθότος
3395 5181 3519 5236 οἰνδέ
3547 5201 3598 5236 τι
3640 5179 3738 5234 τῶν

2175 5269 2333 5336 φύσει
2375 5271 2634 5340 παθητῶν
2666 5272 2919 5327 δυνατόν’
2949 5275 3080 5329 αὐτὸ
3124 5276 3233 5346 γὰρ
3265 5275 3329 5346 δὴ
3361 5275 3422 5327 τὸ
3455 5275 3647 5336 πάθος,
3671 5273 3739 5323 ’ὲν

2174 5355 2218 5429 ᾧ
2247 5363 2488 5430 γέγονεν,
2514 5365 2710 5433 ὁρᾶται
2733 5365 2915 5435 μόνον,
2935 5366 3058 5419 οὔτε
3074 5367 3128 5419 δὲ
3147 5367 3214 5419 δι’
3239 5361 3300 5420 οῦ
3345 5366 3571 5434 γέγονεν
3598 5361 3734 5433 αὐτῷ

2180 5455 2303 5508 οὔτε
2330 5456 2405 5521 ὡς
2440 5456 2644 5510 ἔνεστιν
2663 5475 2678 5490 ο
2707 5459 2858 5529 πόσῳ
2899 5455 2992 5513 οὖν
3029 5461 3228 5531 μᾶλλον
3251 5463 3279 5514 ό
3315 5460 3532 5530 ἀπαθὴς
3556 5459 3735 5526 Λόγος,

2179 5548 2277 5602 οὐκ
2304 5548 2481 5618 ὀρθῶς
2533 5551 2694 5621 σαρκὶ
2721 5549 2931 5618 λέγοιτο
2991 5555 3179 5605 παθεῖν
3221 5555 3334 5616 τοῖς
3396 5550 3730 5613 εὐσεϐοῦσιν;

2183 5641 2447 5693 Ἴστωσαν
2504 5635 2598 5693 οὖν
2648 5641 2724 5702 ὡς
2767 5642 2968 5712 μᾶλλον
3003 5645 3114 5707 τοῖς
3159 5661 3223 5712 γε
3270 5639 3734 5713 θεοπρεπεστέρως

2178 5729 2464 5788 εὐσεϐοῦσι
2491 5732 2583 5788 τὸν
2613 5733 2785 5802 Λόγον
2809 5733 3002 5790 παθεῖν
3031 5735 3240 5805 λέγοιτο
3270 5736 3432 5806 σαρκὶ
3455 5737 3510 5788 ἐν
3531 5727 3738 5803 Χριστῷ
