3952 6136
375 248 446 319 25
1395 254 1492 315 DE
1532 256 2009 320 RECEPTIONE
2044 262 2650 329 HJERETICORUM.
3400 221 3405 225 ’
3582 267 3650 332 26

376 365 472 417 καὶ
508 362 800 417 Σαϐελλίου
824 363 919 417 τοῦ
947 363 1149 429 Λί6υος
1179 366 1275 420 καὶ
1311 369 1593 424 Μοντανοῦ
1621 371 1832 442 αἵρεσιν
1866 375 1939 426 ἀν

2065 377 2174 452 tani
2213 377 2465 432 haeresim
2491 376 2812 445 renovavit;
2848 379 3151 450 docuitque
3200 380 3374 434 Deum
3399 379 3650 433 Verbum

377 453 669 510 ενειῦσατο·
713 457 813 510 ούκ
848 457 1107 529 ἄναρχον.
1145 459 1266 514 οὐδὲ
1317 461 1538 515 πάντων
1589 463 1696 517 τῶν
1743 463 1962 536 αἰώνων

379 545 630 615 ποιητὴν,
662 545 788 600 οὐδὲ
813 546 996 618 πάσης
1012 550 1112 620 τῆς
1143 550 1374 616 κτίσεως
1407 555 1837 626 προϋπάρχοντα
1867 556 1962 610 τὸν

377 633 512 687 Θεὺν
542 636 715 704 Λόγον
758 637 1137 709 ἐδογμάτισεν
1163 641 1300 696 ἀλλὰ
1341 645 1462 698 νέον
1505 647 1602 700 καὶ
1645 647 1962 718 πρόσφατον

379 726 576 793 καλῶν,
606 729 782 800 ἀρχὴν
820 729 1056 786 λαϐόντα
1087 735 1166 808 tu.
1181 737 1278 804 τῆς
1309 735 1454 789 κατὰ
1483 738 1664 810 σάρκα
1688 740 1788 810 τῆς
1812 741 1961 812 Παρ-

380 817 534 871 θένου
563 821 893 891 γεννήσεως.
910 823 1141 879 Ὀντινα
1155 826 1440 882 ’Φωτεινδν
1465 830 1498 900 ἡ
1525 829 1584 882 ὲν
1615 830 1838 905 Σερμίῳ
1863 848 1961 902 γε·

377 909 580 980 νομένη
615 909 834 977 σύνοδος
857 953 874 978 ,
923 914 985 968 ού
1043 916 1206 986 μόνον
1251 918 1353 989 τῆς
1405 920 1562 988 ἀξίας
1600 922 1954 994 ἐγύμνωσεν,

375 999 516 1053 ἀλλά
562 1000 657 1056 καὶ
689 1002 844 1070 ξένον
891 1004 992 1076 τῆς
1033 1005 1328 1080 Ῥωμαίων
1367 1011 1698 1084 Ἐκκλησίας
1737 1015 1958 1086 ἀπεφή-

374 1109 523 1147 νατο.
557 1094 722 1150 Ὅθεν
749 1097 845 1150 καὶ
873 1097 924 1151 οι
953 1099 1021 1152 ἐκ
1055 1099 1264 1172 ταύτης
1310 1102 1599 1175 αἱρέσεως,
1645 1105 1740 1160 τοῦ
1787 1107 1948 1174 ἁγίου

373 1185 748 1258 βαπτίσματος
776 1189 1073 1261 χρῄζουσιν
1103 1193 1168 1248 ’⁸.
1833 1208 1839 1213 ’
1865 1225 1886 1244 ο

884 1307 1332 1373 Μαρκελλιανοί
1360 1305 1429 1360 ³⁸.

440 1414 502 1463 Οἱ
547 1412 654 1464 ἀπὸ
688 1413 1011 1483 Μαρκέλλου
1051 1415 1185 1488 (l7),
1239 1415 1299 1482 ὃς
1359 1418 1660 1486 ἐπίσκοπος
1722 1422 1948 1492 γέγονεν

380 1503 687 1575 ’Λ-γκυρῶν.
1260 1502 1264 1506 ’

894 1620 1292 1676 Σαϐελλιανοί
1323 1624 1364 1656 ³¹
1377 1663 1391 1676 .

2067 483 2201 522 ηοη·
2229 485 2420 524 carere
2468 470 2648 536 initio,
2690 485 2800 526 non
2849 487 2973 526 esse
3019 472 3370 527 conditorem
3396 471 3650 526 omnium

2066 561 2415 624 saeculorum,
2442 575 2546 616 nec
2593 561 2877 617 exstitisse
2917 570 3045 617 ante
3076 577 3271 617 omnes
3322 570 3648 626 creaturas;

2067 650 2177 705 imo
2210 666 2418 706 novum
2464 667 2594 708 eum
2636 668 2702 708 ac
2725 663 3005 708 recentem
3061 662 3244 718 vocat,
3294 654 3393 723 qui
3423 650 3648 706 initium

2063 745 2231 801 ducat
2267 761 2335 800 ex
2382 746 2591 801 carnali
2640 761 2672 802 a
2721 746 2947 819 Virgine
2986 747 3300 802 nativitate.
3345 744 3645 801 Photinum

2063 838 2230 894 istum
2259 837 2584 894 Sirmiensis
2604 837 2858 911 synodus
2892 856 3006 895 non
3039 840 3204 895 modo
3231 838 3504 910 dignitate
3535 853 3644 890 nu-

2061 928 2233 990 davit,
2271 928 2369 984 sed
2398 929 2566 985 etiam
2621 930 3010 1000 pronuntiavit
3065 946 3096 985 a
3125 931 3506 984 Romanorum
3537 927 3645 982 Ec-

2059 1021 2224 1076 clesia
2265 1033 2614 1077 extraneum.
2673 1022 2838 1093 335
2865 1023 3024 1079 Unde
3051 1024 3148 1093 qui
3196 1039 3266 1079 ex
3299 1023 3406 1078 hac
3435 1019 3636 1076 haeresi

2059 1113 2313 1179 veniunt,
2343 1112 2600 1185 indigent
2621 1129 2782 1170 sacro
2809 1114 3168 1186 baptismate.

2666 1306 3026 1364 Marcelliani.

2130 1421 2371 1477 Marcelli
2425 1429 2760 1488 sectatores,
2823 1423 2918 1494 qui
2956 1423 3288 1498 Ancyranus
3338 1427 3634 1500 episcopus

2053 1514 2289 1570 exstitit.

2679 1621 2998 1679 Sabelliani.

435 1729 498 1782 0i
526 1729 634 1784 ἀπὸ
663 1730 954 1786 Σαϐελλίου
1000 1732 1096 1788 τοῦ
1144 1735 1364 1801 Λίϐυος.
1402 1739 1754 1811 υίοπατορίαν
1800 1741 1939 1798 διδά‹

2128 1739 2174 1794 Α
2204 1739 2449 1795 Sabellio
2494 1737 2722 1810 Libyco,
2775 1738 2870 1808 qui
2917 1737 3114 1794 docuit
3145 1739 3637 1810 Filio-paternita-

361 1835 609 1884 σκοντος,
638 1824 734 1877 καὶ
764 1825 891 1894 μιαν
920 1824 1217 1880 ὑπόστασιν
1261 1828 1354 1881 ἐπὶ
1399 1830 1498 1900 τῆς
1529 1831 1689 1900 ἁγίας
1721 1833 1953 1904 Τριάδος

357 1907 507 1962 εἶναι
535 1910 809 1978 λέγοντος.
857 1915 1224 1986 Παραπλήσια
1257 1918 1485 1982 τούτων,
1527 1921 1622 1974 καὶ
1660 1923 1952 1990 Σαϐἐλλιος

353 2000 552 2072 ἕτερος
589 2004 702 2073 (t8)
731 2005 1033 2068 ἐπίσκοπος
1067 2007 1462 2072 Πενταπόλεως
1487 2011 1812 2084 ἐφρόνησεν.
1845 2018 1954 2070 Καὶ
1986 2008 1996 2016 ’

353 2093 534 2148 τοῦτο
565 2095 738 2146 είπεῖν
761 2095 1085 2166 ἐτόλμησεν,
1115 2097 1288 2164 Λόγον
1319 2099 1420 2169 μὲν
1445 2103 1701 2172 είρῆσθαι
1728 2105 1822 2160 τὸν
1855 2125 1953 2178 μο-

354 2187 588 2256 νογενῆ,
625 2187 764 2240 κατὰ
795 2187 985 2257 χρείαν
1015 2187 1108 2240 ἐπὶ
1138 2189 1331 2258 καιροῦ
1383 2191 1742 2262 προελθόντα,
1789 2197 1952 2251 πάλιν

350 2275 419 2330 δὲ
467 2278 549 2340 είς
581 2278 672 2331 τὸν
710 2277 835 2332 ὅθεν
863 2278 1092 2348 ἐξῆλθεν
1125 2282 1644 2353 ἐπαναστρέψαντα,
1677 2285 1805 2340 οὔτε
1843 2289 1952 2359 πρὸ

350 2370 458 2438 τῆς
515 2368 699 2434 ἐξόδου
750 2365 912 2434 εἶναι,
961 2370 1080 2425 οὐδὲ
1114 2372 1251 2442 μετά
1288 2374 1389 2445 τὴν
1418 2375 1677 2432 ἐπάνοδον
1708 2377 1945 2446 ὑφεστά-

355 2476 468 2513 ναι.
1379 2459 1410 2484 ⁶

965 2578 1344 2644 Σιμωνιανοί.

425 2685 493 2736 Ut
526 2681 634 2736 ἀπὸ
665 2683 910 2753 Σίμωνος
935 2684 1029 2738 τοῦ
1063 2685 1267 2755 μάγουέ
1301 2685 1450 2758 Αὕτη
1485 2687 1678 2762 πρώτη
1711 2691 1943 2762 αἵρεσις,

353 2773 429 2838 ὥς
459 2773 598 2844 φασί
629 2791 774 2838 τινες
797 2813 814 2838 ,
865 2776 978 2830 ἀπὸ
1024 2777 1283 2846 Χριστοῦ.
1315 2773 1482 2845 Οὗτος
1515 2783 1544 2835 ὁ
1580 2782 1766 2852 Σίμων
1814 2784 1948 2853 γόης

353 2861 444 2936 ἦν,
475 2865 589 2920 ἀπὸ
617 2866 834 2920 Γετθῶν
862 2866 919 2922 δὲ
963 2867 1188 2940 ὡρμᾶτο
1225 2873 1324 2941 τῆς
1354 2871 1563 2931 πόλεως
1601 2876 1702 2944 τῆς
1735 2876 1794 2928 ὲν
1841 2876 1946 2928 Σαο

342 2959 592 3032 «μαρείᾳ,
623 2959 972 3032 Σαμαρείτης
1006 2960 1102 3014 ὥν.
1149 2963 1456 3032 Ἐφάνταζε
1481 2965 1538 3019 δὲ
1565 2966 1625 3019 τὸ
1655 2969 1811 3035 γένος
1837 2967 1946 3021 τῶν

2057 1839 2190 1896 tem,
2230 1845 2510 1900 unamque
2565 1829 2905 1900 hypostasim
2945 1829 3172 1884 admisit
3197 1829 3253 1884 in
3280 1839 3472 1886 sancta
3511 1831 3637 1887 Tri-

2057 1923 2251 1976 nitate.
2285 1921 2383 1976 llis
2410 1920 2611 1976 similia
2632 1930 2687 1975 et
2716 1921 2859 1976 alius
2894 1921 3074 1976 sensit
3100 1921 3382 1977 Sabellius
3408 1924 3632 1994 cpisco—

2057 2030 2160 2083 pus
2196 2013 2538 2082 Pentapolis.
2571 2011 2801 2082 Hocque
2844 2012 3121 2068 afﬁrmare
3158 2029 3328 2070 ausus
3360 2025 3468 2076 est.
3501 2017 3640 2072 Ver-

2057 2103 2190 2158 bum
2230 2102 2443 2156 dictum
2479 2118 2605 2156 esse
2653 2103 3022 2170 unigenitum,
3049 2119 3116 2157 ex
3153 2120 3258 2169 usu
3296 2105 3352 2159 in
3386 2113 3635 2178 tempore

2055 2195 2352 2267 prodiisse,
2404 2210 2712 2265 rursusque
2769 2195 3006 2250 rediisse
3053 2196 3201 2252 unde
3239 2197 3474 2263 exierat,
3533 2214 3636 2254 nec

2054 2298 2182 2343 ante
2216 2288 2432 2342 exitum
2469 2286 2772 2352 exstitisse,
2817 2303 3000 2358 neque
3040 2297 3166 2358 post
3207 2287 3450 2344 reditum
3483 2289 3622 2344 sub-

2052 2381 2268 2437 sistere.

2681 2584 3000 2640 Simoniani.

2119 2698 2223 2764 Qui
2256 2713 2286 2752 a
2317 2697 2546 2752 Simone
2577 2695 2754 2767 Mago.
2793 2695 2921 2750 Haec
2957 2703 3064 2758 est,
3100 2703 3163 2749 ut
3197 2695 3356 2750 aiunt
3376 2694 3626 2765 quidam,

2054 2792 2231 2860 prima
2289 2797 2410 2860 post
2459 2789 2748 2843 Christum
2814 2786 3064 2842 haresis.
3117 2786 3310 2841 Simon
3363 2789 3467 2842 isto
3514 2797 3637 2843 erat

2054 2881 2439 2951 prwstigiator,
2491 2877 2768 2934 oriundus
2823 2894 2855 2934 e
2913 2878 3120 2934 Citthis
3149 2877 3414 2934 Samaria:
3468 2879 3633 2947 urbe,

2051 2969 2450 3025 Samaritanus.
2477 2967 2788 3021 Faseinavit
2806 2966 3210 3022 Samaritarum
3264 2977 3512 3038 gentem,
3540 2968 3630 3022 di-

351 3051 741 3123 Σαμαρειτῶν,
771 3053 948 3120 λέγων
977 3055 1174 3108 ἑαυτὸν
1219 3050 1360 3110 εἶναι
1393 3074 1517 3111 τινα
1560 3058 1807 3130 μεγάλην
1835 3059 1939 3113 Δύ-

2052 3079 2178 3118 cens
2206 3079 2263 3118 se
2291 3079 2414 3116 esse
2463 3075 2717 3130 magnam
2747 3059 3021 3114 Virtutem
3053 3059 3171 3127 Dei,
3205 3076 3268 3114 ac
3299 3077 3330 3115 e
3377 3060 3636 3130 supernis

353 3160 532 3215 ναμιν
584 3145 679 3198 τοῦ
732 3145 892 3212 Θεοῦ,
932 3148 1024 3201 καὶ
1076 3148 1286 3202 ἄνωθεν
1338 3152 1808 3224 καταϐεϐηκὲναι.
1841 3153 1946 3206 Τὸν

354 3239 590 3309 Πατέρα
606 3238 662 3292 δὲ
685 3239 873 3308 ἔλεγεν
897 3241 1087 3294 ἑαυτὸν
1106 3246 1218 3304 τοῖς
1246 3243 1634 3314 Σαμαρείταις·
1670 3245 1946 3310 Ἰουδαίοις

347 3334 403 3387 δὲ
433 3334 632 3400 ἔλεγεν
662 3329 804 3386 εἶναι
834 3335 1028 3388 ἑαυτὸν
1059 3335 1149 3388 τὸν
1204 3335 1333 3389 Υίόν
1356 3352 1370 3367 ο
1407 3335 1650 3391 παθόντα
1704 3337 1823 3407 μὲν,
1867 3337 1942 3408 μὴ

349 3425 692 3481 πεπονθέναι
747 3427 828 3493 δὲ,
883 3427 1014 3481 ἀλλὰ
1067 3428 1293 3497 δοκήσει
1339 3428 1520 3498 μόνον.
1555 3429 1795 3482 Γυναῖκα
1831 3432 1942 3500 γάρ

343 3536 470 3574 τινα
495 3518 678 3588 ἑαυτῷ
704 3519 1008 3590 εὑράμενος
1062 3519 1171 3573 άπὸ
1211 3520 1310 3588 τῆς
1341 3519 1559 3591 Τυρίων
1604 3521 1816 3582 πόλεως
1847 3519 1942 3573 σύ-

343 3609 512 3680 ζυγον
541 3611 713 3665 αὐτοῦ
749 3611 1015 3682 πορνάδα,
1047 3611 1273 3682 Πνεῦμα
1307 3611 1465 3679 ἆγιον
1502 3608 1642 3664 εἶναι
1673 3613 1942 3680 τετόλμη-

341 3721 406 3758 κε
439 3705 665 3774 λέγειν,
713 3703 809 3759 καὶ
841 3704 938 3758 διὰ
970 3704 1180 3775 ταύτην
1219 3704 1666 3774 κατεληλυθέναι.
1719 3705 1941 3770 Ταύτην

341 3793 397 3848 δὲ
417 3793 616 3863 ἔλεγεν
637 3794 914 3864 πρόϐατον
943 3793 1367 3864 πεπλανημένον
1394 3790 1556 3858 εἶναι,
1593 3795 1690 3848 καὶ⁸
1717 3797 1774 3848 ἐν
1805 3795 1937 3849 ἐκά-

343 3902 457 3957 στῳ
485 3886 708 3958 οὐρανῷ
741 3887 1275 3958 μεταμορφουμένην
1312 3887 1452 3940 κατὰ
1476 3887 1573 3960 τὴν
1604 3889 1821 3958 μορφὴν
1842 3889 1935 3941 τοῦ

339 3976 585 4032 ἑκάστου
625 3975 881 4048 ούρανοῦ·
923 3975 1012 4029 ἵνα
1042 3975 1191 4030 λάθω
1236 3977 1336 4042 τὰς
1379 3977 1676 4046 ἀγγελικάς
1711 3995 1812 4048 μου
1843 3977 1935 4030 δυ-

335 4067 562 4138 νάμεις,
596 4069 693 4122 καὶ
721 4067 970 4122 κατέ).οω
998 4067 1093 4120 ἐπὶ
1119 4067 1220 4138 τὴν
1249 4068 1481 4136 ἔννοιαν,
1513 4071 1634 4142 ἥτις
1665 4070 1812 4124 ἐστὶν
1841 4069 1940 4124 αῦ-

335 4177 424 4230 τη,
453 4164 488 4234 ἡ
526 4163 628 4216 καὶ
663 4162 888 4232 Πνεῦμα
925 4163 1082 4233 ἅγιον
1127 4163 1463 4234 καλουμένη,
1493 4161 1561 4218 δι’
1589 4155 1660 4234 ἧς
1684 4163 1810 4225 τοὺς
1837 4163 1936 4230 άγ-

2051 3154 2431 3211 descendisse.
2466 3152 2701 3207 Addidit
2732 3167 2792 3207 se
2822 3150 3190 3207 Samaritanis
3213 3167 3339 3207 esse
3362 3152 3580 3208 Patrem
3601 3193 3618 3220 ,

2046 3245 2254 3303 ludatis
2279 3261 2413 3302 vero
2435 3245 2671 3309 Filium;
2707 3243 2763 3298 in
2796 3243 3055 3314 passione
3104 3258 3464 3312 nequaquam
3501 3258 3632 3312 pas-

2047 3351 2193 3399 sum,
2217 3334 2316 3391 sed
2346 3333 2704 3390 solummodo
2733 3333 2909 3388 visum
2945 3333 3084 3404 pati.
3123 3333 3413 3388 Inventam
3465 3332 3571 3386 sibi
3600 3347 3632 3386 e

2051 3429 2330 3500 Tyrorum
2365 3428 2594 3483 civitate
2625 3426 2918 3480 mulierem
2950 3424 3302 3479 meretricem
3338 3424 3633 3494 coniugem

2051 3537 2228 3584 suam,
2263 3535 2436 3575 ausus
2461 3528 2549 3574 est
2576 3519 2767 3573 dicere
2810 3517 2977 3588 386
3031 3517 3300 3586 Spiritum
3351 3524 3628 3585 sanctum,

2050 3613 2124 3669 ob
2159 3628 2325 3683 quam
2391 3611 2770 3667 descenderit.
2829 3609 3097 3664 Eamdem
3161 3609 3454 3664 allirmavit
3508 3626 3630 3665 esse

2047 3720 2209 3760 ovem
2248 3703 2626 3759 errabundam
2675 3718 2742 3758 ac
2799 3703 2854 3758 in
2888 3718 3228 3773 unoquoque
3271 3702 3416 3758 caelo
3447 3711 3627 3759 trans-

2048 3795 2340 3850 formatam
2372 3795 2547 3850 fuisse
2595 3795 2759 3866 juxta
2778 3795 3050 3866 cujusque
3080 3793 3207 3850 cadi
3237 3795 3509 3861 formam;
3545 3802 3626 3861 ut,

2041 3887 2244 3959 inquit,
2280 3889 2510 3944 laterem
2547 3887 2827 3958 angelicas
2863 3903 3016 3942 meas
3058 3887 3320 3951 virtutes,
3365 3901 3432 3942 ac
3453 3885 3626 3942 deve-

2040 3979 2222 4036 nirem
2281 3981 2350 4036 ad
2405 3981 2692 4046 Elimeam,
2745 3996 2868 4050 quae
2918 3987 3006 4036 est
3057 3980 3199 4044 haec,
3231 3991 3425 4036 vocata
3457 3979 3626 4036 etiam

2041 4071 2284 4142 Spiritus
2327 4079 2578 4132 sanctus.
2611 4085 2714 4140 per
2770 4083 2938 4139 quam
2988 4071 3174 4125 creavi
3230 4071 3477 4142 angelos.
3538 4069 3626 4125 Ait

2042 4171 2308 4232 praeterea
2345 4160 2493 4231 quod
2530 4160 2708 4230 angeli
2747 4160 3063 4215 creaverint
3095 4160 3362 4214 mundum
3421 4170 3479 4215 et
3517 4161 3619 4214 ho-

1661 4319 1894 4374 VARl/E
1938 4319 2348 4375 LEC'I'IONl-LS.

403 4415 452 4448 ¹⁹
487 4416 762 4479 Φωτεινὺς
790 4418 1084 4482 ἐπίσκοπος
1127 4447 1182 4460 --
1213 4416 1760 4490 xpﬁ§ouat~t.'dc9tlnt
1793 4417 1847 4471 in
1881 4417 1939 4472 C.

2052 4416 2070 4446 θ
2107 4413 2264 4469 deest
2289 4414 2343 4466 in
2370 4413 2432 4470 C.
2515 4412 2559 4444 “
2584 4410 2740 4466 deest
2769 4410 2822 4464 in
2853 4409 2916 4464 C.

1863 4554 2102 4612 NOTAE.

396 4645 516 4716 (l7)
553 4647 628 4701 Οἱ
659 4647 777 4702 ἀπὸ
805 4628 1190 4716 Μαρκέλλου.
1239 4648 1399 4703 Circa
1434 4648 1676 4705 haereses
1727 4663 1920 4716 pauca,

319 4717 576 4790 quando
617 4717 790 4774 nimis
823 4719 997 4790 multa
1041 4727 1174 4774 sunt
1223 4734 1345 4788 quae
1387 4729 1629 4790 possent
1683 4720 1869 4790 aderri
1909 4736 1920 4770 :

315 4787 374 4844 et
405 4787 679 4859 quaedam
725 4789 933 4859 protuli
977 4791 1113 4861 jam,
1163 4787 1276 4861 tum
1315 4798 1354 4844 t.
1386 4787 1426 4853 l7,
1472 4797 1585 4861 tum
1617 4789 1772 4844 alibi.
1827 4789 1928 4844 llic

317 4857 457 4914 vero
539 4857 808 4914 testatam
875 4857 1056 4930 primo
1124 4860 1430 4929 relinquam
1508 4859 1930 4914 admirationem
1969 4857 2236 4930 Deditori
2271 4859 2448 4912 visum
2501 4865 2590 4911 est
2624 4857 2867 4930 Marcelli
2905 4873 3106 4930 nomen

313 4945 524 4992 meam,
567 4944 693 4998 quo
744 4931 910 4986 modo
965 4930 1298 4984 Marcelliani
1337 4930 1659 4985 transierint
1694 4931 1748 4984 in
1790 4930 1929 4984 Mar-

307 5001 589 5055 cionistas
629 5009 752 5054 act.
807 5001 874 5055 l6
915 5000 1137 5054 concilii
1179 5000 1668 5064 Chalcedonensis,
1715 5001 1808 5054 ubi
1859 5001 1927 5055 de

301 5085 525 5125 canone
567 5069 589 5122 l
639 5068 762 5126 ΟΡ.
799 5078 856 5125 et
889 5071 942 5124 in
985 5069 1406 5125 Macedonianos
1435 5070 1488 5124 in
1515 5071 1800 5125 nonnullis
1830 5087 1926 5124 co-

299 5140 535 5196 dicibus
562 5139 804 5196 Latinis
837 5141 964 5195 dicti
1001 5141 1248 5195 canonis.
1299 5140 1556 5195 Secundo
1602 5151 1787 5196 autem
1843 5143 1926 5195 lo-

305 5227 438 5265 cum
480 5226 817 5280 propotlam
853 5211 1113 5271 Nestorii.
1162 5227 1328 5266 serm.
1365 5211 1452 5272 12,
1482 5211 1626 5280 apud
1659 5211 1927 5266 Mercato-

310 5297 432 5337 rem
458 5281 750 5353 Carnem,
787 5282 822 5334 4
863 5282 918 5353 in
949 5282 1326 5353 subsequente
1355 5282 1492 5336 edit.
1521 5299 1533 5334 :
1563 5281 1856 5353 Propterea
1879 5291 1930 5335 ct

309 5355 562 5407 omnium
579 5349 848 5405 Dominus
875 5351 1090 5405 indutus
1114 5349 1187 5405 est
1221 5358 1457 5406 nostram
1489 5349 1764 5415 naturam,
1792 5369 1928 5406 nina-

307 5440 477 5491 quam
511 5419 816 5491 spoliabile
852 5421 1086 5474 videlicet
1114 5421 1326 5474 deitatis
1369 5424 1754 5486 vestimentum,
1787 5424 1927 5476 insc-

307 5489 567 5564 fmrabile
614 5489 993 5564 indumentum
1046 5491 1239 5545 divinm
1293 5493 1625 5554 substantim,
1655 5493 1924 5562 speculum

309 5561 536 5618 Domini
575 5561 863 5625 omnium;
897 5565 1036 5630 quod
1064 5579 1195 5615 cum
1225 5571 1432 5617 natura:
1463 5561 1922 5628 (moliminaturu)

306 5635 641 5704 dignitatem
680 5634 959 5704 prapriam
1007 5633 1332 5704 perdidisset,
1362 5635 1568 5686 tametsi
1603 5633 1767 5686 decies
1805 5636 1924 5686 mi!—

309 5702 400 5768 ίοίῖε
428 5707 726 5766 irascatur
761 5703 974 5757 audiens
1007 5702 1346 5769 Mauirlm‘us,
1383 5720 1483 5756 una
1525 5705 1592 5758 ad
1634 5721 1780 5758 usum
1826 5722 1922 5759 rm-

2033 4645 2262 4700 turalem
2294 4647 2493 4718 acceyiit
2543 4647 2636 4700 hoc
2683 4646 3076 4718 vestimentum,
3115 4645 3206 4698 sed
3241 4646 3294 4698 in
3345 4650 3620 4718 scmpiter.

2034 4734 2182 4780 num,
2210 4727 2269 4772 ut
2297 4717 2350 4771 id
2381 4716 2544 4771 etiam
2591 4732 2704 4771 sua:
2757 4716 3025 4770 divinitati
3073 4718 3272 4785 faceret
3319 4716 3618 4776 consedere.

2037 4787 2197 4849 Eum,
2236 4788 2483 4857 inquam,
2532 4787 2715 4842 locum
2765 4801 3105 4856 proponam;
3141 4787 3270 4857 quia
3299 4788 3624 4846 doctissimo

3190 4857 3357 4912 ebere
3409 4859 3618 4914 substi-

2037 4928 2148 4996 tui;
2205 4944 2332 4983 cum
2379 4937 2562 4982 tamen
2620 4926 2858 4981 celebris
2905 4927 2979 4981 sit
3036 4927 3316 4982 Manichzei
3360 4945 3518 4982 error
3548 4931 3619 4986 do

2033 5012 2198 5053 carne
2233 4997 2440 5054 Christi
2485 4997 2694 5068 insol‘e
2741 4997 3012 5065 deposita,
3047 5005 3108 5051 ut
3138 4998 3328 5051 videre
3359 5008 3442 5052 est
3474 4998 3630 5068 νην-⁸

2033 5069 2194 5137 cipue
2222 5069 2276 5122 in
2307 5067 2578 5123 Anastasii
2621 5066 2852 5134 Uodego,
2881 5084 2932 5136 ι».
2965 5070 3035 5124 94
3057 5077 3113 5124 et
3141 5069 3264 5122 252.
3303 5066 3496 5122 Tertio
3521 5072 3617 5125 de.

2032 5139 2200 5208 nique
2233 5139 2439 5193 addere
2469 5138 2604 5192 libet
2629 5153 2696 5192 ex
2730 5137 3041 5208 Nicephoro
3071 5138 3212 5208 Εεςί.
3253 5138 3388 5192 "ist.
3422 5140 3519 5195 lib.
3561 5158 3613 5204 κ,

2032 5207 2150 5278 cap.
2182 5210 2271 5272 3G,
2325 5225 2440 5263 rem
2489 5216 2680 5277 aperte
2723 5207 3098 5278 falsissimam,
3143 5207 3437 5277 Origenem
3479 5213 3618 5266 seri-

2035 5279 2212 5348 psisse
2250 5279 2524 5350 adversus
2560 5277 2878 5333 Marcellum
2901 5286 2978 5350 et
3023 5279 3422 5350 Porphyrium;
3455 5295 3614 5334 erro-

2032 5364 2172 5416 rem,
2189 5351 2438 5420 inquam.
2459 5348 2599 5404 adeo
2615 5363 2862 5420 crassum
2891 5348 3328 5420 immanemque,
3349 5359 3412 5404 ut
3435 5351 3617 5418 suspio

2031 5420 2118 5473 cio
2161 5419 2507 5491 suggeratur,
2549 5434 2579 5491 ο
2617 5427 2766 5485 textu
2808 5419 3315 5491 Callistipelaps’um
3348 5433 3467 5473 esse
3517 5435 3613 5473 no-

2034 5505 2157 5544 men
2187 5489 2432 5551 Eusebii,
2467 5489 2562 5558 qui
2601 5498 2895 5558 utrumque
2921 5489 3249 5544 confutavit.

2105 5560 2216 5628 (l8)
2259 5560 2582 5622 Σαϐἐλλιος
2619 5559 2839 5626 ἔτι-ρος.
2868 5559 3015 5614 Duos
3051 5559 3318 5616 Sabrllios
3361 5572 3468 5612 non
3505 5575 3612 5612 me.

2034 5630 2167 5685 mini
2195 5646 2280 5686 me
2307 5631 2436 5685 alibi
2474 5631 2674 5700 legere.
3277 5647 3286 5654 ‘
