3952 6136
336 314 402 383 49
1333 333 1432 396 DE
1465 336 1942 404 RECEPTIONE
1983 345 2578 410 HIERETICORUM.
3511 326 3596 428 ἔθ’

333 429 566 499 χομένων
611 429 918 488 ἀπάθειαν·
959 434 1052 490 καὶ
1105 435 1290 509 μόνοις
1325 443 1537 511 γίνεται
1577 448 1750 516 θεατὴ
1788 451 1890 511 τοῖς

2007 455 2190 510 nerint
2236 475 2248 510 :
2291 459 2423 514 solis
2479 458 2752 531 ejusmodi
2813 461 3135 519 hominibus
3188 467 3582 536 aspectabilcm

331 521 580 586 τοιούτοις
605 523 931 595 ἀνθρώποις,
971 531 1256 602 σαρκικῶς
1278 535 1370 588 ὑπ’
1401 537 1586 590 αὐτῶν
1617 541 1894 611 ὁρωμένη.

400 619 472 678 ς’.
507 615 770 684 Λέγουσιν
815 619 898 672 ὅτι
947 624 1097 693 τρεῖς
1149 626 1514 696 ὑποστάσεις,
1549 633 1761 702 Πατρὸς
1806 635 1900 687 καὶ

330 702 458 757 Υίοῦ
483 707 574 760 καὶ
605 708 762 776 ἁγίου
796 711 1135 783 Πνεύματος,
1161 719 1242 780 είς
1279 715 1738 789 μίαν“ὐπόστασιν
1765 727 1899 779 ἀνα-

325 793 537 850 λύονται
571 799 666 851 καὶ⁸
697 802 1166 871 μεταϐάλλονταιο
1217 811 1314 864 καὶ
1356 811 1438 866 ὅτι
1485 813 1685 884 ἡ.θεία
1735 818 1900 886 φύσις

325 887 573 959 τρέπεται
605 892 699 945 καὶ
747 897 1146 965 μεταϐάλλεται
1191 903 1272 966 είς
1311 905 1448 976 ὅπερ
1492 907 1558 960 ἂν
1607 907 1766 980 ἐθέλῃ
1803 913 1898 964 καὶ

323 977 591 1048 βούλεται,
636 983 725 1038 ἵνα
769 989 1048 1062 συγκραθῇ
1079 993 1197 1056 ταῖς
1228 995 1429 1066 ἑαυτῆς
1459 996 1642 1062 ἀξίαις
1673 999 1894 1071 ψυχαῖς.

384 1161 450 1227 ζ’.
486 1164 756 1234 Λέγουσιν
808 1171 892 1224 ὅτι
933 1173 1156 1244 σπέρμα
1193 1178 1287 1230 καὶ
1319 1177 1492 1247 Λόγος
1525 1181 1782 1236 ἐνέπεσεν
1818 1185 1897 1248 εἰς

315 1255 413 1326 τὴν
436 1259 678 1328 Μαρίαν·
707 1263 802 1316 καὶ
829 1265 912 1318 ὅτι
945 1266 1006 1320 τὸ
1033 1267 1195 1337 σῶμα
1217 1269 1245 1322 ὃ
1269 1272 1534 1326 ἀνέλαϐεν
1565 1275 1622 1341 ἐξ
1663 1277 1834 1348 αὐτῆς
1869 1279 1897 1330 ὁ

316 1346 536 1417 Κύριος,
567 1351 840 1422 δαιμόνων
867 1352 934 1429 ἧν
962 1359 1414 1434 πεπληρωμένον,
1441 1366 1534 1420 καὶ
1559 1346 1814 1435 cassam
1830 1369 1896 1426 τὰ

312 1439 587 1511 δαιμόνια,
622 1447 718 1500 καὶ
744 1447 920 1514 οὕτως
954 1453 1088 1508 αὐτὸ
1123 1457 1433 1514 ἐνεδύσατο.

377 1539 448 1602 η’.
483 1535 752 1604 Λέγουσιν
784 1542 866 1595 ὅτι
891 1543 984 1599 τὸν
1005 1546 1294 1619 ἄνθρωπον
1327 1551 1386 1604 ὃν
1409 1551 1670 1608 ἀνέλαϐεν
1703 1555 1768 1608 ἐκ
1796 1555 1896 1620 τῆς

312 1623 531 1695 Μαρίας
558 1629 588 1680 ὁ
621 1631 848 1708 Κῦριος,
883 1637 1016 1689 ποτὲ
1049 1638 1150 1708 μὲν
1194 1641 1358 1696 αὑτὸν
1397 1643 1476 1707 είς
1500 1642 1720 1716 πνεῦμα
1760 1663 1893 1716 μετα

313 1715 535 1774 έσαλλεν
556 1722 626 1786 ⁸⁷,
652 1722 783 1778 ποτὲ
809 1727 866 1780 δὲ
907 1729 988 1792 είς
1021 1729 1200 1802 σῶμα·
1231 1734 1368 1788 διότι
1396 1737 1444 1768 ⁵⁸
1475 1737 1610 1790 αὐτὸ
1635 1715 1698 1791 τὸ
1731 1715 1894 1810 σῶμα

2001 563 2144 612 esse,
2183 561 2241 604 et-
2267 553 2565 608 carnaliter
2587 553 2654 608 ab
2681 553 2793 610 illis
2817 557 3086 627 conspici.

2072 638 2124 692 6.
2157 639 2237 694 ita
2273 640 2440 695 etiam
2488 642 2792 712 loquuntur
2823 645 2998 701 :Tres
3027 648 3372 719 hypostases,
3402 652 3583 710 Patris

2001 738 2058 784 et
2086 730 2207 784 Filii
2231 739 2281 784 et
2314 731 2554 802 Spiritus
2573 737 2771 802 sancti,
2796 737 2850 791 in
2879 753 3042 793 unam
3075 741 3433 797 resolvuntur
3461 760 3584 799 mu-

2005 828 2303 888 tanturch
2354 825 2718 893 hypostasim.
2760 827 2830 881 Et
2861 828 3049 883 divina
3086 839 3284 886 natura
3342 833 3582 888 vertitur

2001 922 2164 982 atque
2223 925 2599 971 commutatur
2630 918 2688 972 in
2744 921 3036 989 quodlibet
3090 924 3328 980 voluerit
3357 935 3414 980 et
3461 931 3582 996 pla-

2001 1003 2200 1070 cuerit,
2253 1015 2312 1059 ut
2363 1007 2962 1065 commisceaturcum
2995 1013 3286 1070 animabus
3333 1017 3448 1086 ipsa
3493 1017 3580 1072 di-

2001 1094 2146 1165 gnis.

2070 1188 2121 1242 7.
2147 1189 2415 1244 Asserunt
2459 1207 2650 1248 semen
2707 1210 2770 1250 ac
2797 1196 3041 1252 Verbum
3071 1197 3333 1255 incidisse
3389 1202 3441 1256 in
3474 1202 3583 1257 Ma-

2003 1279 2140 1333 riam
2172 1296 2186 1334 :
2224 1291 2280 1336 et
2304 1299 2509 1356 corpus
2533 1286 2681 1354 quod
2715 1303 2780 1342 ex
2813 1287 2928 1357 ipsa
2969 1291 3238 1346 Dominus
3259 1295 3578 1363 assumpsit.

1999 1370 2223 1439 plenum
2283 1371 2456 1428 fuisse
2519 1374 2895 1441 daemonibus;
2951 1393 3074 1447 quae
3137 1379 3408 1436 daemonia
3463 1381 3582 1451 ipse

2001 1460 2247 1530 ejecerit,
2275 1461 2465 1534 sicque
2495 1464 2741 1520 induerit
2765 1467 2924 1524 illud.

2070 1551 2123 1604 8.
2152 1550 2440 1608 Afﬁrmant
2475 1554 2624 1624 quod
2655 1555 2938 1611 hominem
2971 1575 3136 1628 quem
3181 1560 3250 1615 de
3291 1561 3457 1617 Maria
3500 1579 3581 1616 as-

2000 1640 2538 1710 sumpsitDominus,
2570 1645 2872 1716 aliquando
2899 1647 2954 1702 in
2984 1649 3264 1719 spiritum,
3285 1652 3581 1722 aliquando

2000 1731 2056 1786 in
2089 1748 2290 1802 corpus
2307 1735 2556 1791 mutabat
2597 1754 2611 1790 :
2645 1737 2777 1807 quia
2816 1738 2995 1808 ipsum
3030 1757 3231 1812 corpus
3247 1743 3465 1800 Domini
3492 1746 3577 1800 in-

309 1809 402 1864 τοῦ
434 1813 644 1884 Κυρίου
675 1797 1220 1895 ἀπερίγραπτονίἦν,
1257 1826 1508 1900 καθάπερ
1547 1829 1582 1899 ὴ
1625 1829 1748 1885 θεία
1783 1797 1889 1902 ερύ-

2007 1821 2486 1896 circumscriptum
2521 1839 2663 1896 erat,
2700 1830 2845 1886 sicut
2871 1844 3073 1888 natura
3105 1833 3314 1890 divina.

309 1917 412 1965 σις.

375 1991 444 2046 θ’.
462 1995 751 2062 ,Λέγουσιν
798 1999 883 2052 ὅτι
930 2003 1069 2071 μετᾶ
1117 2004 1217 2076 τὴν
1264 2006 1360 2060 τοῦ
1393 2007 1645 2079 δαίμονος
1697 2013 1893 2066 τούτου

302 2083 400 2138 τοῦ
435 2092 875 2178 συνουσιωμένου
925 2097 1038 2159 τοῖς
1091 2098 1402 2170 ἀνθρώποις
1425 2144 1440 2167 ,
1472 2102 1560 2157 διά
1591 2103 1694 2175 τῆς
1721 2107 1893 2178 χρέμ-

299 2175 458 2246 ψεὼς
488 2195 550 2232 τε
587 2182 680 2234 καὶ
713 2175 1078 2252 ἀποπτύσεως
1125 2192 1423 2264 γινομένης
1453 2195 1660 2263 δίωξιν,
1710 2175 1895 2253 οὐκέτι

301 2267 486 2324 δεῖται
523 2273 798 2340 νηστείας,
841 2276 877 2353 ἣ
911 2277 1079 2349 ἀλλης
1115 2282 1358 2354 ψυχικῆς
1389 2286 1420 2358 ἦ
1453 2291 1778 2360 σωματικῆς
1803 2294 1896 2362 έγ-

305 2363 570 2433 κρατείας
597 2367 625 2420 6
654 2365 944 2438 ἄνθρωπος
977 2373 1114 2444 πρὸς
1143 2376 1522 2448 παιδαγωγίαν
1561 2383 1658 2437 τοῦ
1705 2383 1894 2456 σώμα-

322 2472 416 2518 ;ος’
446 2457 568 2510 ἀλλ’
595 2458 718 2512 οὐδὲ
751 2459 1102 2530 διδασκαλίας
1130 2467 1232 2538 τὴν
1268 2467 1448 2542 ψυχὴν
1493 2473 1892 2548 ρυθμιζούσης’

323 2547 397 2610 ὒς-
421 2550 516 2603 καὶ
541 2549 638 2604 τοῦ
665 2553 917 2624 σώματος
950 2556 1400 2632 ἠλευθερωμένου
1426 2565 1525 2636 τῆς
1563 2567 1672 2620 τῶν
1697 2568 1890 2624 παθῶν

323 2645 692 2732 κτικρατείας,
725 2648 820 2701 καὶ
848 2649 950 2716 τῆς
981 2649 1162 2722 ψυχῆς
1191 2655 1398 2725 μηκέτι
1426 2657 1690 2732 δεκτικῆς
1720 2661 1890 2732 οὔσης

318 2731 404 2822 της
431 2733 526 2787 ἐπὶ
551 2735 620 2789 τὰ
652 2736 820 2808 χείρω
861 2741 1057 2812 ῥοπῆς
1093 2743 1166 2806 ὼς
1191 2745 1288 2798 καὶ
1316 2747 1418 2816 τῆς
1455 2731 1766 2822 ψυχῆςίκαλ⁸
1795 2731 1890 2807 τοῦ

317 2821 560 2894 σώματος
589 2828 647 2880 ἐν
686 2827 930 2900 ἀπαθείᾳ
959 2830 1145 2886 λοιπὸν
1179 2835 1502 2906 γινομένων.
1597 2821 1603 2822 7
1728 2853 1752 2900 fi

377 2921 427 2968 t'.
463 2917 738 2986 Λέγουσιν
757 2921 840 2974 ὅτι
875 2922 1015 2992 μετά
1030 2924 1130 2994 τὴν
1161 2924 1464 3000 λεγομένην
1500 2933 1632 3003 παρ’
1663 2935 1892 2990 ἐκείνων

302 3007 609 3076 ἀπάθειαν,
642 3011 831 3069 λοιπὸν
861 3016 956 3069 καὶ
991 3017 1060 3070 τά
1100 3018 1364 3088 μέλλοντα
1398 3025 1644 3096 προορᾷν
1691 3028 1740 3080 οἱ
1791 3028 1889 3083 άν-

283 3099 512 3170 ’θρωποι
543 3103 824 3159 δύνανται·
857 3108 952 3161 κοιλ⁸
983 3109 1082 3174 τὰς
1109 3110 1379 3182 ἀοράτους
1401 3113 1663 3188 δυνάμεις
1696 3119 1889 3188 αίσθη·

307 3192 411 3257 τῶς
440 3195 748 3266 καθορῶσι.
777 3199 868 3253 Διὸ
887 3203 980 3255 καὶ
1005 3201 1267 3276 ἐξαπίνης
1296 3207 1598 3276 πηδῶντες,
1627 3210 1891 3282 δαίμονας

309 3285 662 3368 ὑπερϐαίνειν
683 3291 1072 3360 φαντάζονται,
1095 3298 1316 3364 καὶτοῖς
1343 3299 1629 3369 δακτύλοις
1647 3304 1889 3373 τοξεύειν

301 3376 422 3442 τοὺς
454 3378 732 3449 δαίμονας
764 3385 1220 3457 σχηματίζονται.

371 3562 456 3611 ια’.
497 3556 769 3638 Λέγουσιν
793 3561 874 3616 ὅτι
902 3564 936 3634 ἡ
963 3562 1112 3638 ψυχὴ
1145 3565 1240 3620 τοῦ
1269 3569 1396 3640 παρ’
1427 3569 1613 3633 αὐτοῖς
1636 3587 1892 3642 πνευμα-

303 3648 449 3706 τικοῦ
479 3649 803 3722 ἀνθρώπου,
849 3655 990 3724 μετά
1021 3658 1122 3728 τὴν
1161 3658 1465 3730 λεγομένην
1496 3663 1624 3732 παρ’
1661 3663 1890 3717 ἐκείνων

305 3743 599 3810 ἀπάθειαν,
635 3745 1033 3816 μεταϐάλλεται
1074 3750 1154 3814 είς
1177 3749 1276 3821 τὴν
1311 3751 1460 3806 Θείαν
1491 3753 1584 3806 καὶ
1611 3753 1892 3826 ἀκήρατον

306 3837 480 3907 φύσιν.

373 3931 456 4002 ιβ’.
489 3933 766 4007 Λέγουσιν
809 3934 910 4006 τὴν
939 3935 1033 3992 τοῦ
1062 3936 1217 4006 ἁγίου
1254 3939 1504 4011 σώματος
1528 3929 1623 3996 καλ
1653 3941 1887 4012 αἵματος

304 4022 544 4093 Χριστοῦ
585 4025 680 4080 τοῦ
707 4025 962 4098 ἀληθινοῦ
989 4027 1126 4082 Θεοῦ
1157 4030 1314 4100 ήμῶν
1348 4031 1512 4099 ἁγίαν
1557 4033 1886 4104 μετάληψιν,

309 4113 468 4184 μηδὲν
517 4113 748 4182 ὠφελεῖν
791 4116 825 4188 ἢ
865 4115 1126 4186 βλάπτειν
1181 4121 1306 4182 τοὺς
1353 4117 1522 4186 ἀξίως
1571 4121 1604 4192 ἢ
1648 4123 1886 4196 ἀναξίως

305 4202 504 4260 τούτων
548 4205 1090 4285 μεταλαμϐάνοντας·
1122 4209 1217 4263 καὶ
1245 4211 1327 4264 ὅτι
1374 4211 1464 4266 διά
1511 4211 1671 4266 τοῦτο
1723 4214 1886 4286 μόνον

303 4295 400 4365 τῆς
427 4281 895 4369 ὲκκλήσιαστικῆς
927 4299 1217 4365 κοινωνίας
1259 4302 1517 4357 οὐδέποτε
1561 4304 1682 4366 δέον
1714 4281 1886 4377 ἀωρί-

305 4386 510 4454 ζεσθαι,
557 4390 855 4462 ἀδιαφόρου
887 4391 1078 4446 τούτου
1118 4395 1505 4464 τυγχάνοντος.
1541 4397 1652 4455 Καὶ
1679 4380 1786 4469 013i
1807 4399 1888 4462 ὡς

2072 2003 2126 2057 9.
2153 2002 2269 2058 Hoc
2297 2005 2590 2074 proferunt
2623 2025 2637 2061 :
2663 2009 2793 2064 Post
2821 2011 3088 2068 dmmonis
3120 2014 3287 2084 hujus
3337 2017 3581 2105 homini-

2002 2097 2129 2162 bus,
2151 2105 2212 2150 ut
2237 2097 2311 2170 ita
2339 2097 2542 2163 dicam,
2566 2101 3052 2171 consubstantiati,
3087 2122 3186 2176 per
3209 2097 3583 2179 Miserea-

2004 2198 2120 2244 tum
2153 2205 2218 2245 ac
2263 2191 2739 2270 sputum'factam
2784 2197 3188 2266 cxpulsionem,
3249 2202 3460 2273 jejunio
3485 2215 3582 2258 aut

1999 2279 2108 2334 alia
2131 2281 2328 2336 anima:
2352 2283 2438 2338 vei
2459 2285 2712 2354 corporis
2731 2287 3071 2345 abstinentia
3097 2307 3207 2346 non
3238 2293 3477 2364 amplius
3499 2295 3581 2348 i'n-

1999 2369 2150 2441 diget
2177 2370 2344 2426 homo
2377 2373 2445 2428 ad
2467 2377 2717 2444 corporis
2743 2379 3184 2450 castigationem,
3206 2384 3301 2439 sed
3337 2400 3439 2440 nec
3456 2398 3582 2456 eget

1997 2460 2249 2518 doctrina
2271 2465 2515 2519 animum
2540 2467 2848 2536 formante;
2895 2487 3020 2526 cum
3067 2473 3326 2530 videlicet
3367 2485 3424 2531 et
3451 2494 3580 2532 cor-

1997 2565 2102 2622 pus
2149 2552 2446 2611 liberatum
2487 2554 2660 2612 fuerit
2719 2558 2787 2614 ab
2833 2559 3134 2615 aﬂ‘ectuum
3173 2565 3483 2634 tyrannide,
3523 2577 3580 2620 ct

1999 2645 2180 2712 anima
2208 2647 2320 2717 jam
2358 2663 2531 2719 capax
2563 2665 2672 2704 non
2706 2651 2781 2706 sit
2837 2651 3232 2710 declinationis
3272 2655 3327 2710 in
3359 2659 3516 2729 pejus
3561 2675 3579 2710 :

2002 2747 2262 2810 tanquam
2293 2750 2408 2795 tum
2441 2741 2625 2797 anima
2647 2751 2764 2798 tum
2795 2759 3030 2819 corpore
3057 2747 3115 2801 in
3151 2757 3403 2804 motuum
3453 2765 3578 2803 om-

1997 2831 2152 2886 nium
2183 2837 2460 2889 vacuitate
2481 2835 2750 2906 deinceps
2765 2839 3108 2895 constitutis.

2069 2924 2158 2980 10.
2193 2925 2342 2980 Istud
2375 2941 2597 2997 quoque
2629 2945 2642 2980 :
2685 2928 2816 2984 Post
2839 2929 2988 2985 illam
3036 2947 3202 3002 quam
3234 2944 3434 2991 vocant
3471 2936 3576 2990 im-

1997 3015 2544 3087 perpessibiiitatem,
2563 3015 2764 3072 deinde
2785 3019 2855 3074 ab
2883 3019 3206 3077 hominibus
3233 3022 3420 3077 futura
3440 3039 3580 3094 prin-

1998 3103 2173 3158 videri
2206 3120 2402 3174 posse;
2459 3105 2802 3165 sensibiliter
2835 3108 3003 3164 etiam
3060 3113 3214 3166 cerni
3265 3113 3580 3174 invisibiles

1993 3197 2250 3254 virtutes.
2285 3199 2556 3266 Quocirca
2597 3201 2844 3257 haeretici
2876 3201 2945 3258 de
2991 3203 3198 3276 quibus
3221 3204 3573 3268 disserimus,

1991 3289 2293 3359 derepente
2344 3291 2620 3358 saltando,
2663 3293 2944 3352 daemones
2987 3295 3318 3368 supergredi
3385 3295 3578 3366 imagi-

1991 3391 2232 3448 nantur;
2267 3383 2584 3456 digitosque
2611 3393 2953 3458 componunt
2987 3386 3148 3460 quasi
3177 3385 3458 3444 daemones
3482 3402 3574 3444 sa-

1991 3477 2126 3546 gitta
2160 3476 2525 3549 conﬁgerent.

2065 3568 2153 3622 11.
2177 3568 2379 3624 Dicunt
2418 3569 2656 3627 animam
2688 3570 2931 3626 hominis
2963 3569 3108 3644 apud
3135 3572 3285 3642 ipsos
3314 3572 3576 3645 spiritua-

1991 3661 2081 3725 lis,
2116 3664 2243 3730 post
2266 3659 2470 3714 dictam
2509 3660 2706 3716 iisdem
2746 3662 3234 3733 tranquillitatem,
3265 3665 3468 3721 mutari
3515 3665 3576 3724 in

1991 3751 2236 3808 divinam
2269 3751 2754 3824 immortalemque
2775 3762 3056 3843 naturam.
3528 3773 3532 3778 -

2063 3934 2148 3988 12.
2191 3933 2348 4000 item,
2377 3916 2522 3990 sacri
2543 3935 2798 4007 corporis
2824 3945 2882 3992 et
2909 3916 3196 4010 sanguinis
3223 3925 3430 3996 Christi
3449 3922 3573 3998 veri

2002 4023 2100 4078 Dei
2135 4024 2313 4080 nostri
2345 4033 2595 4080 sanctam
2635 4027 3077 4098 perceptionem,
3107 4030 3249 4085 nihil
3307 4031 3572 4104 adjuvare

1987 4121 2308 4184 autlzedere
2358 4137 2458 4178 eos
2512 4123 2611 4202 qui
2642 4123 2807 4195 digne
2851 4125 2938 4180 vel
2986 4124 3212 4196 indigne
3259 4124 3574 4181 communi-

1987 4223 2150 4281 cant;
2175 4203 2438 4286 quodque
2469 4215 2542 4270 ob
2571 4214 2631 4270 id
2672 4216 2853 4270 solum
2884 4230 3052 4272 nemo
3105 4232 3354 4288 unquam
3408 4232 3572 4288 sepa-

1987 4307 2099 4361 rari
2120 4307 2323 4362 debeat
2353 4308 2423 4362 ab
2443 4308 2818 4364 ecclesiastica
2855 4309 3267 4376 communione,
3299 4325 3426 4368 cum
3479 4325 3576 4366 res

1963 4401 2060 4457 'sit
2087 4401 2431 4459 indiderens.
2467 4401 2706 4457 Proinde
2761 4401 2853 4456 isti
2907 4417 2974 4458 ea
3006 4417 3119 4457 non
3163 4411 3395 4457 sumunt
3443 4418 3572 4460 cum

305 4476 585 4542 ζωοποιῶν
620 4481 1106 4551 μεταλαμϐάνουσι
1155 4485 1364 4539 τούτων
1399 4487 1536 4559 μετά
1567 4487 1737 4557 φόϐου
1785 4493 1881 4542 καὶ

2007 4495 2188 4550 .imore
2215 4510 2281 4550 ac
2309 4493 2608 4558 ﬁde,velut
2636 4493 2878 4560 vivifica,
2903 4503 2960 4550 et
2978 4503 3240 4568 tanquam
3255 4493 3420 4572 404
3449 4511 3572 4566 qum

305 4568 540 4634 πίστεως
573 4573 642 4635 ³⁸,
682 4572 758 4636 ὡς
785 4571 923 4627 Θεοῦ
983 4575 1408 4648 σεσαρκωμένου
1457 4577 1629 4634 ὄντων
1675 4597 1736 4634 τε
1788 4581 1886 4636 καὶ

305 4664 736 4735 πιστευομένων.

371 4764 456 4826 ιγ’.
490 4759 729 4828 Λέγουσι
761 4759 862 4830 τὴν
895 4761 1006 4819 τῶν
1049 4761 1251 4832 χειρῶν
1295 4763 1560 4834 ἐργασίαν
1587 4766 1666 4831 ὡς
1699 4767 1885 4838 βδελυ-

309 4848 404 4917 ρὰν
459 4850 925 4922 ἀποστρέφεσθαι.
992 4854 1102 4907 Καὶ
1167 4858 1574 4925 πνευματικοὺς
1630 4859 1884 4916 ἐντεῦθεν

305 4942 528 5007 ἑαυτοὺς
579 4944 943 5010 ὀνομάζουσιν
967 4988 981 5012 ,
1023 4947 1086 5001 οὐ
1139 4947 1420 5018 κρίνοντες
1464 4950 1690 5006 δυνατὸν
1755 4954 1880 5008 οὑδὲ

303 5033 524 5096 δίκαιον.
567 5037 736 5108 ἔργου
766 5036 954 5092 λοιπὸν
1000 5040 1262 5110 αἰσθητοῦ
1291 5044 1419 5108 τοὺς
1457 5045 1738 5112 τοιούτους
1785 5052 1882 5118 ἐφν-

304 5125 591 5190 ἀπτεσθαιο
626 5127 951 5194 ἀθετοῦντες
977 5131 1074 5186 καὶ
1099 5133 1156 5194 έν
1183 5133 1360 5206 τούτῳ
1377 5133 1488 5208 ’τὴν
1515 5135 1626 5193 τῶν
1641 5137 1888 5193 ἀποστό-’

303 5217 407 5272 λων
437 5221 757 5292 παράδοσιν.
1100 5231 1108 5238 “

373 5307 456 5363 ιδ’.
499 5311 765 5379 Λέγουσιν
790 5311 875 5366 δτι
907 5313 1048 5383 μετὰ
1083 5314 1182 5385 τὴν
1219 5314 1526 5388 λεγομένην
1564 5319 1698 5392 παρ’
1728 5320 1879 5374 ὲκεί-

301 5413 407 5451 νων
462 5401 770 5467 ἀπάθειαν,
809 5401 966 5475 ὕπνῳ
1025 5404 1206 5476 πολλῷ
1257 5407 1558 5474 ἐκδιδόντες
1621 5411 1877 5477 ἑαυτοὺς,

305 5493 430 5552 τοὺς
460 5490 578 5546 κατ’
613 5491 903 5550 ἐπίπνοιαν
937 5492 1034 5548 τοῦ
1067 5493 1421 5566 ἐνεργοῦντος
1467 5498 1659 5563 αὐτοῖς
1707 5517 1879 5573 πονη-

1989 4586 2102 4642 sint
2135 4601 2200 4641 ac
2233 4600 2356 4641 esse
2379 4583 2683 4640 credantur
2705 4585 2982 4641 incarnati
3009 4585 3133 4642 Dei.

2059 4763 2144 4820 l3.
2180 4762 2517 4820 Eorumdem
2539 4778 2724 4820 sermo
2745 4772 2855 4831 est,
2878 4781 3142 4821 manuum
3160 4766 3564 4836 operationem,

1986 4865 2050 4912 ut
2073 4855 2275 4912 fmdam
2307 4871 2367 4912 se
2406 4855 2670 4910 aversari.
2696 4855 2876 4928 Atque
2912 4857 3044 4914 hinc
3065 4873 3124 4912 se
3146 4867 3354 4914 vocant
3397 4860 3567 4930 spiri-

1985 4950 2185 5016 tuales,
2215 4965 2320 5005 nec
2345 4949 2600 5020 iudicant
2640 4947 2759 5004 ﬁeri
2809 4964 2971 5020 posse
3005 4960 3100 5006 aut
3148 4965 3368 5022 aequum
3421 4968 3566 5020 esse,

1986 5051 2046 5096 ut
2075 5041 2340 5112 deinceps
2365 5041 2631 5097 sensibile
2663 5057 2804 5112 opus
2829 5043 3105 5114 attingant
3125 5043 3224 5114 qui
3249 5045 3388 5100 tales
3413 5053 3564 5112 sunt,

1983 5140 2042 5188 et
2088 5132 2145 5188 in
2186 5133 2294 5188 hoc
2334 5131 2504 5189 etiam
2537 5133 2837 5204 repudiant
2877 5135 3258 5204 apostolorum
3304 5137 3564 5193 traditio-

1983 5242 2134 5284 nem.

1983 5373 1988 5380 ,
2055 5319 2144 5373 id.
2177 5319 2254 5374 De
2293 5317 2363 5372 iis
2411 5318 2662 5374 referunt
2710 5318 2884 5389 quod,
2937 5328 3062 5390 post
3117 5327 3370 5376 vocatam
3419 5323 3568 5376 inter

1983 5410 2133 5482 ipsos
2164 5409 2467 5465 ali'ectuum
2495 5409 2853 5476 vacuitatem,
2881 5410 3056 5465 multo
3081 5425 3276 5466 somno
3297 5409 3566 5465 dedentes

1983 5516 2062 5568 se,
2079 5499 2294 5558 somnia
2315 5499 2422 5558 sibi
2453 5499 2698 5558 immissa
2714 5515 2814 5572 per
2832 5501 3038 5557 malum
3057 5501 3367 5557 daemonem
3391 5496 3486 5568 qui
3505 5497 3570 5559 in

1589 5654 1830 5713 VARIIE
1871 5657 2316 5768 LECTIONES..

369 5761 416 5794 ⁸⁷
442 5762 526 5820 Al.
573 5766 862 5838 μετέϐαλε.
933 5772 980 5807 ⁸⁸
1009 5772 1095 5830 Al.
1135 5773 1230 5830 καὶ
1257 5773 1358 5830 ὅτι.

1438 5774 1482 5809 ³⁹
1511 5773 1680 5834 Abest
1705 5792 1736 5833 a
1765 5775 1928 5836 Turr.
