3904 6144
189 303 267 371 61
1241 306 1338 366 DE
1375 306 1666 368 RECEPT
1671 305 1800 366 ΙοΝ
1806 305 1852 365 Ε
1893 307 2468 371 HERETICORUM
2479 358 2492 372 .
3408 307 3481 373 62

195 417 306 470 σὺν
345 414 547 480 αὐτοῖς
595 415 822 470 Κόνωνα
849 414 1204 468 ἐπίσκοπον·
1246 416 1442 478 οἵτινες
1487 415 1584 467 καὶ
1639 414 1798 467 αὐτοὶ

1908 416 2183 474 Cononem
2235 401 2592 489 episcOpum;
2643 417 2852 488 quique
2909 415 3250 471 conﬁtentur
3302 417 3478 472 Deum

195 507 548 578 ὁμολογοῦσι
588 508 720 561 Θεὸν
765 506 906 561 εἶναι
958 506 1105 560 κατά
1149 505 1431 576 ἀλήθειαν,
1465 507 1559 559 καὶ
1608 506 1801 558 οὐσίαν

199 599 306 652 καὶ
337 599 512 668 φύσιν
543 599 770 652 ἕκαστον
789 615 804 630 ο
835 597 927 652 τὸν
954 597 1177 668 Πατέρα
1209 596 1374 665 λέγω,
1403 597 1498 650 καὶ
1528 596 1622 649 τὸν
1652 595 1800 658 Υἰὸν,

197 695 306 746 καὶ
339 691 409 744 τὸ
442 690 598 771 ἅγιον
641 689 868 760 Πνεῦμα
936 691 1106 760 τρεϊςρ
1134 687 1460 750 ὑποστάσεις
1495 687 1596 758 τὴν
1638 687 1802 754 ἁγίαν

201 779 426 850 Τριάδα
479 779 574 832 καὶ
601 779 730 849 τρία
754 781 1023 849 πρόσωπα
1043 793 1058 806 '
1095 775 1172 830 ιτι
1211 777 1318 847 μὴν
1341 777 1434 829 καὶ
1462 779 1612 844 τρετς
1646 791 1802 838 τινας

199 869 288 940 τῷ
323 868 558 941 ἀριθμῷ
595 869 785 930 οὐσίας
833 869 926 922 καὶ
974 867 1166 936 φύσεις
1206 869 1326 930 [σας
1365 867 1802 937 ἀπαραλλάκτως

201 963 368 1031 κατὰ,
403 960 510 1030 τὴν
565 961 796 1031 θεότητα
841 960 1110 1028 λέγοντες.
1141 960 1288 1013 Μίαν
1401 960 1608 1022 οὐσίαν,
1635 960 1802 1030 ἧγουν

133 1065 142 1068 ·
203 1030 404 1122 φύσιν,
435 1053 534 1105 κα)⁸
565 1051 692 1122 μίαν
716 1030 973 1119 γθεὸτητα,
1003 1052 1170 1122 ἡγουν
1209 1030 1341 1104 Θεὸν
1381 1050 1478 1118 τὴν
1515 1043 1675 1118 ἅγίαν
1707 1052 1803 1103 καὶ

201 1143 514 1212 ὁμοούσιον
561 1141 772 1212 Τριάδα
818 1140 1195 1210 ὁμολογοῦσιν,
1245 1140 1348 1193 οὐκ
1395 1139 1635 1211 ἀριθμῷ,
1665 1139 1804 1192 ἀλλὰ

201 1236 274 1306 τῇ
325 1233 754 1304 ἀπαραλλάκτῳ
802 1233 900 1302 τῆς
949 1231 1210 1302 θεότητος
1272 1233 1584 1300 ταυτότητι.
1638 1231 1803 1302 Τρεῖς

201 1325 262 1379 δὲ
289 1325 459 1388 θεοὺς
496 1324 530 1395 ἦ
555 1323 818 1394 θεότητας
852 1323 1032 1392 λέγειν
1059 1321 1477 1394 παραιτοῦνται.
1512 1322 1622 1376 Καὶ
1649 1318 1802 1376 οὗτοι

201 1416 262 1470 δὲ
292 1415 551 1486 Σεὸἧρον
575 1415 668 1468 καὶ¹
699 1413 978 1468 Θεοδόσιον
1001 1413 1302 1483 δεχόμενοι,
1335 1412 1458 1466 οὔτε
1503 1413 1800 1484 Δαμιανὸν,

203 1507 333 1562 οὔτε
356 1507 604 1573 Παῦλον,
637 1505 760 1560 οὔτε
787 1507 877 1560 τὸν
901 1504 1130 1576 ἔσχατον
1153 1504 1361 1576 Πέτρον
1383 1505 1652 1576 δέχονται.
1681 1507 1800 1558 Κα-

202 1599 370 1652 λοῦσι
402 1598 466 1652 δὲ
494 1598 590 1652 καὶ
621 1597 846 1658 τούτους
885 1593 940 1650 οἳ
961 1595 1237 1664 Δαμιανοῦ
1267 1593 1362 1649 καὶ
1393 1594 1630 1660 Παύλου,
1667 1597 1803 1666 Τρι-

207 1689 407 1752 θεῒτας
427 1690 570 1769 ’.καὶ⁹
598 1679 750 1740 οὗτοι
789 1687 846 1740 δὲ
875 1687 1121 1751 ἐκείνους
1154 1683 1500 1758 ὀνομάζουσι,
1536 1686 1666 1740 ποτὲ
1701 1686 1802 1758 μὲν

206 1779 624 1845 Σαϐελλιανοὺς
653 1779 748 1834 καὶ
766 1779 1143 1841 Μοντανιστὰς
1166 1780 1260 1832 καὶ
1289 1779 1683 1842 Φωτεινιανοὺς
1709 1779 1804 1832 καὶ¹

207 1870 566 1940 Νοητιανοῦς
609 1869 706 1922 καὶ
742 1867 1221 1939 Ἀρτεμονιάστας,
1273 1868 1408 1920 ποτὲ
1433 1869 1491 1920 δὲ
1531 1869 1805 1935 Τετραδί-

211 1975 320 2022 τας
353 1958 559 2020 αὐτοὺς
594 1955 1089 2028 προσαγορεύουσι.
1138 1954 1454 2009 Διίστανται
1485 1957 1538 2010 δὲ
1573 1959 1678 2010 ἀπὸ
1704 1959 1806 2011 Πέ-

211 2066 353 2120 τρου
394 2047 496 2102 τοῦ
538 2049 768 2117 ἐσχάτου
795 2047 890 2099 καὶ
923 2045 1030 2098 τῶν
1073 2047 1172 2098 σὺν
1209 2045 1380 2116 αὐτῷ,
1427 2045 1562 2098 διότι
1603 2049 1803 2102 ἐκεῖνοι

213 2139 342 2214 uti)"
363 2141 803 2212 παραιτούμενοι
837 2142 982 2210 τρεῖς
1032 2139 1212 2208 λέγειν
1261 2139 1439 2203 θεοὺς,
1473 2141 1641 2210 ἤγουν
1687 2141 1809 2195 θεό-

207 2251 392 2304 τητας
421 2236 600 2304 τρεῖς,
631 2233 724 2286 τὸν
758 2232 978 2302 Πατέρα
1009 2233 1103 2285 καὶ
1131 2233 1221 2286 τὸν
1259 2233 1388 2286 Υἰὸν
1429 2233 1524 2286 καὶ
1553 2234 1614 2286 τὸ
1648 2233 1808 2302 ἅγιον

206 2323 470 2394 Πνεῦμα,
509 2323 908 2394 παραιτοῦνται
931 2324 1026 2377 καὶ
1058 2324 1120 2377 τὸ
1149 2324 1329 2392 λέγειν
1358 2326 1508 2392 τρεῖς
1533 2324 1611 2395 τῷ
1645 2325 1804 2396 ἀριθ-

210 2411 302 2484 μῷ
339 2413 538 2477 οὐσίας
567 2414 738 2484 ἧγουν
773 2411 964 2482 φύσεις
1006 2413 1155 2475 τινὰς
1188 2413 1311 2476 ῐσας
1343 2413 1801 2484 ἀπαραλλάκτως.

207 2497 376 2556 υῦτοι
411 2502 470 2556 δὲ
505 2503 566 2556 τδ
611 2503 710 2572 μὲν
745 2503 926 2572 λέγειν
982 2507 1134 2573 τρεῖς
1163 2502 1320 2566 θεοὺς
1353 2505 1521 2575 ἤγουν
1541 2505 1805 2576 Θεὸτητας

209 2593 663 2664 παραιτοῦνται·
708 2597 856 2663 τρεῖς
876 2591 947 2646 ’δὲ
998 2593 1077 2664 τῷ
1126 2593 1346 2664 ἀριθμῷ
1405 2596 1597 2658 οὐσίας
1639 2598 1805 2668 ἧγουμ

211 2685 414 2756 φύσεις
439 2683 599 2747 τινὰς
640 2685 762 2748 ἴσας
790 2685 1170 2756 ὁμολογοῦσιν,
1196 2678 1380 2749 Οὗτοι,
1403 2689 1452 2739 οἱ
1475 2687 1582 2741 ἀπὸ
1615 2689 1805 2743 Κόνω-

211 2795 326 2841 νος,
388 2777 574 2848 φημὶ,
616 2776 890 2848 ῃρὸτερον
933 2777 1214 2847 δεχόμενοι
1267 2775 1336 2830 τὰ
1396 2779 1804 2848 συγγράμματα

224 2869 622 2924 Ἰωάννου“τοῦ
669 2867 1077 2940 Ἀλεξανδρείας
1107 2869 1522 2940 γραμματικοῦ,
1557 2869 1650 2922 τοῦ
1682 2871 1804 2924 ἐπί-

212 2959 355 3028 κλην
376 2959 702 3022 Φιλοπόνου,
731 2959 800 3012 τὰ
820 2961 965 3012 κατὰ
1002 2959 1269 3032 Ἑλλήνων
1294 2961 1532 3014 αὐτῶν⁷³
1555 2977 1726 3032 γεγρα
1736 2977 1804 3031 μὲ

1902 521 2024 561 esse
2071 507 2378 562 secundum
2405 508 2715 570 veritatem,
2743 505 3108 561 substantiam
3137 513 3194 559 et
3224 515 3476 560 naturam

1903 611 2178 666 quemque
2219 613 2232 649 :
2260 597 2478 651 Patrem
2507 595 2651 660 dico,
2684 595 2906 658 Filium,
2947 601 3004 649 et
3048 592 3316 662 Spiritum
3346 609 3476 648 san-

1903 695 2051 758 ctum
2089 703 2102 740 :
2139 693 2252 742 tres
2284 687 2607 758 hypostases
2627 696 2868 740 sanctam
2895 683 3244 746 Trinitatem,
3275 699 3339 738 ac
3367 693 3478 740 tres
3549 713 3560 719 ~

1903 793 2170 848 personas
2200 796 2212 832 :
2249 779 2615 833 adduntvero
2643 787 2756 831 tres
2806 792 2928 832 esse
2953 791 3186 830 numero
3222 776 3478 830 substan-

1904 869 2008 922 tias
2034 875 2090 922 ct
2110 877 2334 922 naturas
2359 867 2566 936 absque
2589 864 3037 920 dissimilitudine
3058 863 3295 932 aequales
3322 863 3476 932 juxta

1903 957 2271 1011 divinitatem.
2302 956 2475 1012 Unam
2501 969 2634 1009 vero
2656 951 3044 1015 substantiam,
3072 967 3168 1005 seu
3203 959 3474 1014 naturam,

1903 1047 2555 1119 unamque’divinitatem
2602 1045 2718 1100 sive
2771 1045 2942 1098 Deum
2984 1050 3228 1096 sanctam
3260 1050 3316 1095 et
3347 1056 3478 1095 con-

1905 1141 2322 1197 substantialem
2350 1139 2678 1194 Trinitatem
2703 1136 3061 1198 conﬁtentur,
3090 1149 3202 1187 non
3221 1148 3474 1192 numero.

1904 1232 1999 1287 sed
2037 1231 2344 1286 invariabili
2395 1229 2705 1284 divinitatis
2752 1225 3063 1282 identitate.
3093 1223 3163 1278 At
3197 1233 3310 1278 tres
3341 1223 3477 1278 deos

1901 1333 2000 1378 aut
2019 1321 2336 1394 divinitates
2366 1320 2549 1375 dicere
2591 1325 2870 1373 recusant.
2901 1317 3081 1385 Atque
3109 1315 3164 1369 bi
3210 1313 3476 1369 Severum

1901 1432 1969 1471 ac
2003 1415 2374 1470 Theodosium
2407 1411 2784 1476 admittentes,
2839 1424 2946 1463 nec
2983 1406 3333 1471 Damianum,
3372 1421 3477 1461 nec

1903 1509 2157 1572 Paulum,
2207 1521 2312 1561 nec
2360 1505 2618 1559 ultimum
2671 1502 2894 1557 Petrum
2941 1496 3107 1570 414
3144 1497 3475 1566 suscipiunt.

1904 1599 2142 1654 Eosdem
2188 1595 2440 1652 Damiani
2492 1593 2759 1662 Paulique
2787 1590 3011 1646 asseclae
3058 1587 3358 1643 ‘l‘ritbeitas
3382 1601 3480 1642 vo-

1903 1697 2050 1744 cant.
2097 1687 2207 1758 Ipsi
2241 1687 2368 1756 illos
2407 1691 2731 1754 nuncupant
2769 1679 3066 1750 aliquando
3113 1678 3478 1742 Sabelliauos,

1903 1779 2284 1840 Montanistas,
2331 1776 2714 1841 Pbotinianos,
2766 1773 3066 1828 Noetianos
3121 1777 3178 1826 et
3218 1771 3478 1824 Artemo-

1905 1871 2132 1934 niastas,
2177 1867 2474 1938 aliquando
2520 1865 2850 1920 Tetraditas.
2908 1863 3182 1920 Caeterum
3238 1875 3268 1916 a
3314 1861 3482 1926 Petro
3547 1861 3562 1886 ‘

1907 1969 2208 2030 postremo,
2245 1960 2424 2028 iisque
2455 1957 2549 2027 qui
2579 1956 2632 2010 ei
2659 1956 2963 2020 adimi-ent,
3003 1955 3062 2008 in
3097 1968 3165 2006 eo
3211 1951 3484 2006 dissident

1908 2051 2056 2120 quod
2090 2051 2192 2112 illi,
2228 2065 2352 2104 cum
2397 2049 2578 2104 nolint
2631 2055 2746 2102 tres
2788 2045 2922 2102 deos
2972 2059 3330 2116 ponerc,scu
3369 2051 3484 2098 tres

1894 2143 2253 2217 divinitates,
2289 2142 2530 2203 Patrem,
2564 2146 2620 2194 et
2669 2137 2892 2207 Filium,
2934 2144 2992 2192 et
3040 2135 3306 2206 Spiritum
3358 2150 3486 2217 san-

1911 2245 2084 2301 ctum,
2145 2232 2430 2303 refugiunt
2469 2230 2632 2286 etiam
2659 2229 2912 2305 proferre
2937 2236 3052 2282 tres
3087 2240 3320 2281 numero
3354 2215 3488 2280 sub-

1911 2326 2149 2386 stantias
2191 2339 2290 2380 seu
2341 2329 2570 2377 naturas
2613 2319 2880 2391 quasdam
2919 2319 3061 2373 citra
3100 2317 3484 2372 diversitatem

1908 2417 2168 2487 aequales.
2205 2414 2271 2469 lli
2298 2407 2444 2468 ‘vero
2491 2413 2865 2482 deprecantur
2917 2409 3156 2479 quidem.
3195 2417 3305 2462 tres
3349 2407 3486 2462 deos

1906 2521 2005 2562 seu
2048 2504 2366 2559 divinitatcs
2401 2501 2786 2573 pronuntiare,
2825 2507 2880 2555 at
2931 2507 3044 2554 tres
3080 2513 3314 2553 numero
3347 2497 3484 2552 sub-

1906 2595 2267 2652 stantius-vel
2311 2600 2542 2649 naturas
2568 2593 2810 2663 aequales
2841 2591 3200 2648 conﬁtentur.
3231 2591 3350 2655 isti,
3386 2589 3484 2658 qni

1905 2706 1937 2744 a
1960 2689 2207 2752 Conone,
2239 2688 2484 2758 inquam,
2518 2701 2641 2740 cum
2665 2685 2824 2756 prius
2855 2684 3258 2754 approbassem
3281 2682 3487 2751 scripta

1903 2777 2132 2834 Joannis
2174 2776 2520 2832 Alexandriae
2549 2773 2909 2830 Grammatici
2947 2781 3314 2844 cognomento
3359 2769 3489 2824 Phi-

1905 2869 2116 2940 loponi,
2167 2876 2282 2924 tum
2333 2883 2455 2938 quae
2479 2867 2658 2922 edidit
2679 2867 2948 2921 adversus
2975 2863 3194 2920 Gmcos
3221 2878 3318 2918 seu
3349 2876 3489 2930 gen-

1916 2961 2066 3022 tiles,
2133 2969 2248 3014 tum
2297 2959 2425 3043 alia,
2475 2958 2696 3012 tandem
2749 2956 3006 3012 eumdem
3053 2952 3488 3010 Grammaticum

221 3047 383 3122 μένα,
418 3049 562 3120 μετά
601 3050 694 3102 καὶ
737 3049 844 3102 τῶν
882 3049 1056 3104 ἄλλων
1105 3050 1272 3103 αὑτοῦ
1325 3053 1800 3121 συγγραμμάτων,

1908 3052 2135 3122 ejusque
2154 3066 2322 3118 opera
2343 3049 2686 3116 abjecernnt.
2725 3048 2776 3104 Is
2798 3049 3004 3118 quippe
3027 3045 3490 3103 Joannes‘Gram-

223 3140 389 3194 αὐτόν
414 3157 475 3192 τε
503 3139 598 3192 τὸν
631 3141 1025 3210 γραμματικὸν
1071 3139 1298 3214 ἔσχατον
1326 3141 1680 3208 ἀπεδάλοντο,
1710 3142 1806 3196 καὶ

218 3227 293 3281 τὰ
327 3229 751 3300 συγγράμματα
784 3231 971 3286 αὑτοῦ.
1011 3231 1073 3284 '0
1102 3232 1213 3302 γὰρ
1235 3233 1527 3304 εἰρημένος
1546 3251 1806 3305 γραμμασ

219 3319 382 3382 τικδς
435 3321 694 3392 Ἰωάννης
723 3323 782 3375 ὲν
819 3323 933 3387 τοῖς
959 3323 1097 3393 πρὸς
1125 3323 1395 3392 ’Έλληνας
1430 3325 1676 3393 βιϐλίοις,
1711 3327 1808 3380 καὶ

223 3411 283 3470 ιν
315 3413 432 3474 τοῖς
472 3411 658 3474 ἄλλοις
685 3411 852 3471 αὑτοῦ
885 3429 1315 3484 συγγραμμασιν
1333 3416 1584 3485 ἐπήγαγε
1607 3415 1805 3483 λέγων,

221 3503 297 3556 τὰ
330 3501 570 3572 σώματα
599 3503 668 3561 τὰ
701 3503 940 3577 αἰσθητά
983 3500 1158 3564 ταῦτα
1200 3506 1380 3562 πάντα
1413 3505 1508 3560 καὶ
1537 3504 1807 3575 ὁρώμενα,

223 3591 377 3645 κατά
408 3607 472 3642 τε
501 3590 635 3660 ὕλην
659 3593 754 3646 καὶ
779 3590 918 3656 εἶδος
949 3596 1014 3648 ὲκ
1053 3593 1148 3648 τοῦ
1181 3597 1258 3666 μὴ
1289 3594 1439 3663 ὁντος
1466 3596 1546 3656 εις
1574 3595 1632 3646 τὸ
1671 3589 1810 3656 εἶναι

226 3677 589 3752 παραχθῆναι
607 3682 714 3734 ὑπὸ
733 3682 828 3734 τοῦ
845 3682 980 3735 Θεοῦ
998 3699 1010 3712 ·
1031 3685 1250 3754 φθαρτά
1269 3703 1328 3738 τε
1347 3686 1522 3739 ταῦτα
1535 3686 1811 3754 γενέσθαι,

146 3824 153 3831 ,
227 3773 329 3826 καὶ
353 3772 678 3842 φθείρεσθαι
703 3773 845 3826 κατά
872 3789 931 3826 τε
963 3772 1097 3844 ὓλην
1125 3777 1218 3828 καὶ
1245 3771 1404 3840 εἶδος,
1431 3777 1524 3832 καὶ
1544 3779 1661 3831 ἀντὶ
1689 3779 1813 3832 τού-

225 3881 342 3917 των
379 3864 547 3936 ἕτερα
570 3863 798 3934 σώματα
827 3866 1115 3938 κρείττονα
1142 3867 1351 3922 τούτων
1376 3869 1486 3923 τῶν
1517 3871 1812 3941 ὁρωμένων

227 3955 494 4025 ἄφθαρτα
535 3958 628 4013 καὶ
673 3955 869 4010 αἰώνια
895 3957 999 4012 ὑπὸ
1021 3958 1118 4011 τοῦ
1153 3959 1288 4013 Θεοῦ
1311 3960 1768 4032 δημιουργείσθαι
1791 3979 1804 3997 ο

231 4048 554 4102 συντέλειαν
585 4047 764 4116 λέγων
789 4047 884 4101 τοῦ
923 4049 1202 4120 ὁρωμένου
1225 4050 1432 4121 κόσμου
1470 4054 1638 4124 ἤγουν
1664 4071 1810 4128 παρ-

231 4137 468 4206 έλευσιν,
511 4141 607 4194 καὶ
649 4139 840 4194 καινοῦ
869 4141 1078 4210 κόσμου
1109 4142 1348 4210 γένεσιν.
1393 4144 1718 4200 Ἀνάστασίν
1750 4163 1810 4202 τε

229 4231 445 4303 νεκρῶν
469 4231 710 4302 ὁρίζεται
740 4227 879 4284 εἶναι
925 4237 1023 4302 τὴν
1059 4231 1170 4284 τῶν
1201 4231 1433 4300 λογικῶν
1465 4234 1653 4306 ψυχῶν
1676 4237 1812 4306 πρὸς

233 4321 396 4390 σῶμα
433 4323 713 4394 ἄφθαρτον
759 4322 954 4376 ἕνωσιν
991 4323 1300 4378 ἀδιάλυτον.
1341 4324 1530 4380 Κόνων
1559 4325 1618 4378 δὲ
1645 4328 1740 4380 καὶ
1762 4329 1812 4382 ot

1906 3141 2142 3194 maticus
2183 3140 2242 3193 in
2289 3139 2448 3193 libris
2483 3138 2750 3193 adversus
2791 3145 2984 3207 gentes
3020 3151 3085 3191 ac
3121 3135 3174 3190 in
3214 3135 3339 3190 aliis
3371 3133 3492 3190 suis

1905 3227 2285 3284 voluminibus
2317 3228 2420 3282 ista
2448 3227 2666 3282 induxit
2691 3243 2704 3280 :
2734 3225 2930 3282 Omnia
2957 3240 3192 3296 corpora
3216 3224 3336 3280 haec
3362 3238 3491 3279 seno-

1907 3318 2064 3373 sibus
2090 3326 2147 3372 et
2178 3317 2428 3388 aspectui
2459 3318 2731 3388 exposita,
2768 3317 3072 3374 secundum
3107 3315 3397 3370 materiam
3423 3330 3491 3371 ac

1906 3409 2140 3464 formam
2183 3424 2252 3466 ex
2300 3423 2412 3464 non
2453 3417 2704 3468 exstante
2739 3409 2806 3463 ad
2840 3409 3219 3464 exsistentiam
3251 3406 3490 3462 adducta

1909 3513 2032 3552 esse
2087 3513 2186 3567 per
2229 3499 2436 3564 Deum;
2485 3498 2872 3568 corruptibilia
2903 3509 3088 3554 autem
3121 3499 3267 3553 facta
3296 3497 3488 3565 fuisse,

1912 3595 1970 3648 et
2009 3587 2290 3666 corrumpi
2333 3587 2489 3658 juxta
2549 3588 2837 3666 materiam
2883 3595 2941 3642 et
2992 3589 3265 3666 formam;
3324 3595 3491 3656 atque

1915 3679 1972 3732 in
2017 3679 2201 3733 locum
2241 3659 2440 3734 eorum
2474 3678 2580 3732 alia
2610 3661 2846 3757 corpora
2888 3679 2980 3738 bis
3027 3659 3151 3749 quae
3181 3687 3492 3744 cernuntur

1915 3771 2302 3840 praestantiora
2356 3771 2806 3842 incorruptibilia
2863 3775 3181 3842 eternaque
3229 3773 3406 3839 creari
3459 3789 3491 3845 ῃ

1911 3861 2074 3934 415
2097 3863 2210 3918 Deo
2240 3879 2256 3917 :
2278 3851 2812 3920 consummationem
2837 3864 3149 3936 intelligens
3171 3879 3269 3920 seu
3304 3871 3492 3925 trans:

1911 3953 2049 4009 itum
2121 3955 2405 4025 conspicui
2450 3955 2666 4023 mundi,
2698 3955 2938 4026 novique
2995 3965 3202 4011 ortum.
3251 3954 3335 4011 Ad
3375 3955 3494 4012 hac

1911 4047 2379 4105 resurrectionem
2402 4058 2753 4103 mortuorum
2785 4047 2979 4104 deﬁnit
3001 4063 3147 4113 esse,
3181 4047 3492 4102 animarum

1911 4138 2265 4194 rationalinm
2307 4155 2433 4194 cum
2478 4155 2716 4209 corpore
2759 4137 3174 4209 incorruptibili
3226 4137 3492 4194 unionem

1913 4229 2377 4288 indissolubilem.
2409 4231 2602 4287 Conon
2633 4246 2769 4286 vero
2793 4232 3002 4301 quique
3035 4245 3160 4284 cum
3191 4229 3311 4298 ipso
3339 4235 3492 4300 sunt,

1914 4321 2382 4390 quemadmodum
2455 4320 2719 4384 diximus,
2779 4320 2912 4374 licet
2975 4319 3130 4392 prius
3178 4318 3496 4380 laudassent

188 4441 214 4455 ς
233 4415 332 4464 σὺν
367 4413 540 4484 αὐτῷ,
569 4415 644 4478 ώς
689 4413 943 4484 εἴπομεν,
987 4419 1256 4485 πρότερον
1285 4415 1566 4486 δεχόμενοι
1587 4417 1658 4470 τὰ
1685 4435 1807 4487 συγ-

1917 4409 2354 4464 commentarios
2398 4408 2454 4462 in
2507 4407 2712 4477 quibus
2764 4407 2882 4462 haec
2935 4407 3192 4478 dogmata
3243 4405 3494 4476 tradidit,

233 4500 543 4569 γράμματα
575 4503 631 4554 ὲν
666 4495 746 4564 οἷς
772 4499 946 4554 ταῦτα
991 4501 1338 4572 ἐδογμάτισε,
1384 4504 1478 4555 καὶ
1518 4502 1680 4571 αὐτὸν
1719 4504 1813 4559 τὸν

234 4588 533 4642 Φιλόπονον
572 4591 756 4656 ζῶντά
801 4608 862 4644 τε
899 4593 994 4645 καὶ
1039 4592 1180 4661 μετὰ
1223 4585 1814 4665 τελευτὴνὲγγράφως

237 4679 332 4731 καὶ
400 4681 676 4752 ἀγράφως·
715 4682 1131 4752 μακαρίζοντες,
1179 4683 1488 4738 τελευταῖον
1543 4685 1708 4740 αὐτόν
1751 4703 1812 4741 τε

237 4769 450 4822 ἐκεῖνον
497 4773 590 4826 καὶ
631 4772 701 4826 τὰ
745 4775 1157 4844 συγγράμματα
1207 4774 1374 4828 αὐτοῦ
1428 4767 1774 4832 ἀπεσάλοντιῖ
1792 4796 1806 4810 ο

235 4857 430 4926 λόγους
465 4863 759 4933 ἐγγράφως
791 4865 1170 4930 ὲκδεδωκὸτες,
1204 4867 1262 4919 ὲν
1294 4862 1376 4930 οἷς
1424 4868 1698 4937 λέγουσιν,
1729 4871 1810 4928 ὅτι

237 4948 306 5000 τὰ
348 4948 580 5018 σώματα
613 4951 685 5003 τὰ
729 4950 966 5021 αἰσθητά
1007 4954 1180 5008 ταῦτα
1221 4955 1315 5010 καὶ
1355 4956 1636 5027 ὁρώμενα,
1669 4959 1813 5014 κατὰ

243 5035 342 5104 μὲν
387 5038 489 5106 τὴν
529 5036 662 5107 ὓλην
707 5038 770 5090 οῦ
812 5039 1114 5110 φθείρεται,
1153 5042 1286 5098 ἀλλὰ
1323 5044 1544 5114 μένουσι
1579 5045 1648 5099 τὰ
1673 5046 1811 5103 αὐτὰ

237 5125 338 5177 καὶ
379 5125 638 5197 ὁρώμενα
687 5129 769 5190 εἰς
819 5130 906 5181 ἀεὶ
941 5132 1015 5202 μὴ
1065 5134 1436 5206 φθειρόμενα’
1474 5138 1616 5192 κατὰ
1653 5137 1713 5194 δὲ
1753 5139 1814 5192 τὸ

243 5212 382 5282 εἶδος
435 5219 597 5290 μόνον
647 5219 983 5292 φθείρονται.
1013 5225 1123 5278 Καὶ
1164 5227 1326 5280 πάλιν
1359 5229 1816 5301 ἁναμορφοῦσθαι

243 5304 342 5376 τὴν
392 5309 564 5382 αὐτὴν
603 5310 740 5379 ὓλην
789 5309 1030 5378 λέγουσι,
1065 5317 1310 5384 κρεῖττον
1351 5316 1488 5386 εἶδος
1521 5321 1820 5394 δεχομένην

245 5395 522 5469 ἄφθαρτον
563 5401 660 5455 καὶ
693 5401 936 5456 αἰώνιον.
995 5403 1036 5455 Γ
1038 5404 1214 5458 ένεσιν
1255 5410 1354 5477 μὲν
1391 5410 1486 5464 τοῦ
1539 5411 1818 5482 ὁρωμένου

249 5486 451 5558 κόσμου
497 5490 742 5559 λέγουσι,
774 5492 919 5546 κατά
945 5508 1006 5547 τε
1045 5492 1175 5566 ὕλην
1203 5498 1298 5552 καὶ
1335 5496 1492 5570 εἶδος,
1525 5502 1734 5574 φθορὰν
1764 5503 1822 5557 δὲ

1914 4498 2210 4569 ipsumque
2255 4498 2625 4568 Pbiloponum
2685 4497 3040 4568 superstitem
3085 4512 3152 4552 ac
3213 4501 3496 4562 mortuum

1914 4605 2015 4660 per
2032 4598 2197 4660 atque
2218 4599 2372 4648 extra
2386 4590 2591 4660 scripta
2605 4589 2826 4648 beatum
2849 4588 3260 4659 praedicassent,
3273 4585 3496 4642 demum
3535 4630 3542 4634 .

1912 4681 2168 4737 eumdem
2190 4682 2345 4742 illum
2369 4681 2654 4758 ipsiusque
2675 4681 2881 4749 scripta
2905 4679 3306 4750 repudiarunt:
3333 4677 3495 4734 libris

1914 4775 2103 4840 editis,
2127 4774 2182 4828 in
2215 4773 2422 4844 quibus
2461 4771 2807 4828 contendunt
2839 4788 3071 4842 corpora
3107 4773 3224 4832 haec
3248 4780 3498 4842 aspecta-

1917 4865 2049 4922 bilia
2078 4874 2135 4920 et
2167 4863 2474 4930 sensibilia,
2499 4865 2652 4936 juxta
2679 4863 2962 4921 materiam
2983 4863 3208 4934 quidem
3231 4879 3342 4918 non
3368 4877 3496 4918 cor.

1917 4956 2120 5026 rumpi,
2144 4955 2241 5012 sed
2267 4969 2491 5010 manere
2506 4954 2722 5020 eadem,
2744 4962 2801 5014 et
2821 4962 3136 5023 conspecta,
3166 4970 3498 5027 semperque

1917 5047 2268 5119 incorrupta;
2303 5044 2606 5100 secundum
2636 5060 2770 5100 vero
2804 5044 3036 5100 formam
3078 5045 3342 5101 duntaxat
3370 5063 3496 5103 cor-

1917 5136 2120 5207 rumpi.
2173 5137 2495 5206 Rursusque
2544 5135 2836 5192 reformari
2899 5137 3148 5192 eamdem
3211 5139 3498 5210 materiam

1915 5237 2132 5299 putant,
2190 5227 2518 5298 recipiendo
2565 5229 3002 5298 praestantiorem
3049 5229 3279 5285 formam
3311 5231 3498 5284 incoro

1917 5321 2239 5392 ruptibilem
2270 5335 2336 5376 ac
2359 5323 2772 5393 sempiternam.
2796 5321 3080 5393 Adjiciunt
3115 5329 3298 5374 ortum
3339 5321 3500 5374 istius

1917 5415 2094 5470 oculis
2127 5412 2398 5485 propositi
2424 5413 2576 5470 orbis
2619 5413 2938 5484 contingere
2983 5411 3288 5468 secundum
3322 5417 3497 5462 male-2

1919 5503 2058 5558 riam
2098 5511 2156 5558 et
2178 5503 2434 5572 formam,
2479 5504 2730 5576 ejusdem
2777 5511 2963 5560 autem
2999 5500 3290 5558 interitum
3321 5504 3498 5554 trans.-

1519 5613 1758 5672 VARUE
1794 5614 2204 5674 LECTIONES.

185 5691 192 5696 -
253 5721 262 5728 .
317 5667 470 5736 "An
498 5671 688 5749 αὐτῷῖ
