3952 6136
391 216 461 282 71
1512 218 1892 280 ΤῙΜΟΤΗΕῙ
1929 221 1971 282 Ρ

2083 222 2404 286 SBYTEBI
2443 225 2552 287 CP.
2617 255 2628 263 -
2686 250 2696 273 ·
2860 213 2865 218 ’
3583 219 3656 285 ’12

459 329 516 385 3.
555 325 662 396 Qui
683 333 870 383 autem
895 333 1183 398 unguntur
1203 339 1361 381 sacro
1394 339 1700 398 unguento,
1732 327 1790 382 bi
1819 336 1971 396 sunt;

2151 332 2222 402 γ’.
2265 336 2328 388 0i
2359 334 2416 388 δὲ
2457 332 2736 405 χριόμενοι
2767 333 2846 407 τῷ
2879 332 3020 405 ἁγίῳ
3069 333 3251 406 μύρῳ,
3285 333 3427 390 εἰσιν
3467 325 3653 392 οὗτοι·

385 416 1010 487 Tessareskzedeeatitaa,
1033 436 1132 476 seu
1159 419 1492 485 Tetraditae;
1519 419 1830 483 Novatiani,
1853 421 1971 476 sive

389 511 748 582 Sabbatiani;
785 512 1014 580 Ariani;
1058 511 1470 576 Macedoniam;
1504 511 1932 582 Apollinaristze.

459 695 515 750 4.
553 694 656 762 Qui
683 710 818 750 vero
861 711 967 750 nec
996 703 1300 766 unguntur,
1323 711 1429 750 nec
1455 694 1836 765 baptizantur.
1871 695 1970 750 sed

391 785 771 840 tantummodo
839 785 1119 856 propriam
1173 786 1427 841 haeresim
1476 786 1969 852 anathematizant,

349 862 478 935 ’isti
517 889 648 934 sunt
677 897 690 934 :
725 879 1002 934 Meletiani
1054 876 1430 946 schismatici;
1479 879 1536 933 hi
1565 879 1790 948 quidem
1819 880 1973 935 nullo

388 988 578 1027 errore
607 971 953 1036 detinentur,
975 987 1170 1027 verum
1199 973 1551 1027 anathemate
1570 972 1778 1028 feriunt
1809 988 1971 1028 suum

389 1064 668 1119 schisma:
719 1062 1033 1118 Nestoriani
1089 1081 1102 1116 :
1152 1059 1610 1134 Eutychianistae,
1666 1079 1972 1134 eorumque

331 1229 336 1236 Ι
388 1157 921 1220 sociusDioscorus,
955 1154 1212 1216 Severus,
1249 1153 1508 1218 Jacobus.
1535 1165 1594 1211 et
1615 1156 1798 1212 caueri
1829 1155 1970 1211 Aee-

387 1248 536 1318 phali
574 1266 588 1302 :
624 1247 1008 1312 Marcianislae,
1042 1248 1138 1318 qui
1189 1263 1220 1302 a
1259 1247 1542 1302 Marciano
1591 1249 1880 1317 trapezita,
1915 1255 1973 1303 et

389 1340 725 1406 Messaliani,
739 1335 1218 1410 Eutyehitzeﬁzz
1233 1339 1624 1404 Enthusiastaa,
1655 1339 1966 1404 Choreutaa,

388 1432 758 1507 Lampetiani,
799 1431 1150 1502 Adelphiani,
1187 1446 1253 1486 ac
1301 1431 1670 1486 Eustathiani.

804 1633 982 1689 Sexta:
1021 1632 1216 1704 synodi
1258 1647 1432 1686 canon
1463 1631 1552 1686 95.

560 1747 668 1804 Eos
703 1749 794 1820 qui
837 1747 1088 1802 accedunt
1134 1747 1204 1800 ad
1245 1757 1442 1800 rectam
1475 1745 1654 1814 ﬁdem,
1689 1752 1798 1800 etc.

464 1862 516 1918 5.
556 1861 694 1918 Cum
743 1862 896 1916 hisce
926 1861 1204 1932 praedictis
1225 1859 1719 1916 constitutionibus
1741 1874 1972 1914 concor-

388 1956 521 2012 dant
545 1971 808 2020 canones,
844 1963 1073 2010 octavus
1107 1955 1367 2009 Nicmnus
1399 1961 1455 2008 et
1483 1953 1734 2009 decimus
1762 1969 1968 2023 nonus,

386 2047 683 2103 Laodiceni
717 2045 988 2116 septimus
1014 2053 1069 2100 et
1100 2054 1348 2110 octavus,
1379 2044 1573 2116 synodi

389 2138 774 2208 tinopolitanae
807 2136 1002 2206 primm
1028 2136 1320 2204 septimus,
1359 2151 1426 2192 ac
1450 2135 1684 2191 Nicaenae
1713 2136 1972 2192 secundae

385 2235 639 2282 octavus.
665 2227 734 2281 Et
753 2240 885 2281 vero
910 2225 1060 2295 leges
1079 2224 1274 2280 civiles
1307 2225 1382 2278 ita
1403 2225 1712 2279 decernunt
1738 2242 1750 2278 :
1783 2223 1841 2279 Si
1871 2225 1970 2280 Ju-

387 2315 539 2370 daeus
567 2323 630 2369 ut
661 2315 880 2384 eﬂ‘ugiat
933 2313 1346 2369 accusationem
1372 2314 1462 2368 vel
1499 2313 1774 2376 debitum,
1807 2313 1970 2370 Chri‘

387 2408 625 2462 stianam
651 2405 910 2474 amplecti
935 2405 1177 2460 voluerit
1207 2404 1557 2476 religionem,
1581 2404 1875 2460 admittere
1901 2406 1970 2460 il-

388 2497 502 2552 lum
550 2511 660 2550 non
693 2504 930 2565 oportet,
972 2493 1152 2548 donec
1184 2494 1456 2548 innocens
1487 2494 1640 2550 visus
1686 2493 1876 2559 fuerit,
1907 2509 1972 2550 ac

389 2586 638 2644 debitum
687 2587 939 2642 solverit.
979 2585 1298 2656 lterumque
1337 2585 1458 2640 vult
1499 2585 1588 2640 lex
1615 2586 1852 2656 gentiles
1876 2587 1975 2641 ba-

389 2677 616 2748 ptizari,
647 2686 706 2732 et
735 2692 930 2733 eorum
953 2677 1165 2732 liberos
1191 2677 1248 2730 in
1297 2684 1490 2731 tenera
1529 2684 1710 2741 aetate,
1764 2676 1973 2748 absque

388 2783 580 2833 mora;
620 2769 829 2824 liberos
857 2784 990 2824 vero
1019 2768 1266 2834 adultos,
1299 2777 1432 2822 ante
1480 2767 1667 2822 doceri
1698 2769 1853 2840 juxta
1883 2784 1976 2824 ca-

388 2861 624 2915 nonicas
651 2860 991 2931 Seripturas.
1023 2860 1252 2916 Necnon
1272 2876 1466 2915 rursus
1491 2860 1652 2930 jubet
1673 2860 1975 2918 Samaritas

389 2951 730 3022 huiusmodi,
777 2968 878 3022 per
915 2952 1204 3008 biennium
1252 2952 1543 3009 Cateehesi
1593 2955 1844 3010 institui:
1875 2971 1974 3012 eos

1693 2044 1968 2100 Constau-
1996 2068 2019 2077 -

2073 423 2752 496 Τεσσαρεσκαιδεκατίται,
2791 425 2964 496 ἤγουν
2987 425 3312 497 Τετραδίται
3330 438 3345 454 ·
3375 423 3656 479 Ναυατια-

2071 515 2173 580 vol,
2204 515 2373 584 ἧγουν
2420 515 2819 570 Σαύὸατιανοίο
2871 517 3172 589 Ἀρειανοίο
3227 516 3652 572 Μακεδονιανοίο

2051 601 2578 680 Ἀπολλιναριασταί.
3539 654 3544 660 .

2145 699 2206 753 δ’.
2232 701 2293 753 Οἱ
2322 695 2378 752 δὲ
2406 701 2548 772 μήτε
2580 699 2880 772 χριόμενοι,
2913 702 3054 772 μήτε
3077 701 3485 773 βαπτιζόμενοι,
3519 701 3657 760 ἀλλὰ

2077 785 2238 860 μόνον
2281 791 2775 862 ἀναθεματίζοντες
2827 794 2928 862 τὴν
2961 794 3098 846 ἰδίαν
3129 794 3362 865 αἵρεσιν,
3395 797 3534 848 εἰσιν
3568 791 3658 850 οὗ·

2071 898 2186 934 τοιο
2250 883 2578 936 Μελετιανοὶ
2625 885 2676 937 οἱ
2728 885 3118 954 σχισματικοί⁶
3165 882 3314 941 οὗτοι
3371 887 3656 954 κακόδοξοι

2077 973 2175 1043 μὲν
2211 975 2311 1027 οὐκ
2351 977 2509 1039 εἰσὶν,
2563 975 2700 1030 ἀλλὰ
2741 977 3205 1047 ἀναθεματίξουσι
3265 979 3326 1031 τὸ
3362 979 3494 1032 ίειον
3539 981 3658 1050 σχί-

2075 1083 2218 1137 σμα·
2242 1063 2597 1140 Νεστοριανοί
2617 1085 2630 1099 ·
2661 1070 3103 1141 Εὐτυχιανισταὶ.
3130 1069 3224 1124 καὶ
3247 1073 3276 1125 ὁ
3301 1071 3508 1126 τούτων
3533 1089 3652 1126 κοι·

2073 1159 2242 1224 νωνὸς
2282 1161 2596 1231 Διόσκορος,
2644 1162 2906 1232 Σευῆρος,
2939 1163 3216 1228 Ἰάκωόος,
3250 1165 3343 1216 καὶ
3390 1164 3442 1216 oi
3479 1165 3655 1218 λοιποὶ

2085 1254 2414 1322 Ἀκέφαλοιο
2445 1253 2874 1324 Μαρκιανισταὶ,
2927 1255 2978 1308 οί
3023 1255 3134 1308 ἀπὸ
3194 1256 3512 1324 Μαρκιανοῦ
3555 1255 3652 1308 τοῦ

2071 1347 2429 1420 τραπεζίτου,
2454 1349 2548 1402 καὶ
2582 1347 2972 1412 Μεσσαλιανοὶ,
2999 1349 3094 1412 καὶ
3141 1348 3438 1417 Εύτυχίται
3459 1348 3526 1412 ⁷⁸,
3559 1349 3679 1408 καὶ,

2084 1443 2515 1506 Ἐνθουσιασταὶ,
2549 1442 2644 1496 καὶ
2671 1443 2963 1514 Χορευταὶ,
2990 1441 3081 1495 καὶ
3124 1443 3523 1512 Λαμπετιανοὶ,
3557 1442 3653 1496 καὶ

2085 1521 2446 1604 Ἀδελφιανοῖ,
2473 1533 2568 1588 καὶ
2597 1532 2980 1586 Εὐσταθιανοί.

2457 1640 2570 1717 Τῆς
2594 1643 2648 1713 ς’
2681 1645 2898 1700 συνόδου
2930 1643 3110 1700 κανὼν
3148 1649 3248 1714 ιιέ.

2167 1753 2314 1824 Τοὺς
2351 1759 2864 1828 προστιθεμένους
2887 1755 2963 1827 τῇ
2997 1756 3330 1827 ὀρθοδοξίᾳ,
3362 1774 3416 1812 κ.
3435 1774 3486 1812 τ.
3504 1755 3556 1812 λ.

2143 1849 2204 1904 ε’.
2243 1851 2484 1914 Ταύταις
2511 1853 2632 1915 ταῖς
2667 1851 3096 1922 προειρημέναις
3115 1850 3390 1914 διατάξεσι
3418 1867 3652 1920 συμφωο

2070 1941 2272 2002 νοῦσιν,
2299 1941 2328 1994 ὅ
2371 1957 2432 1995 τε
2467 1941 2568 2011 τῆς
2597 1943 2655 1994 ὲν
2683 1940 2888 2017 Νικαίᾳ
2919 1939 3102 1996 κανὼν
3139 1949 3211 2012 η’,
3247 1942 3343 1994 καὶ
3377 1941 3464 2007 ιϐ’,
3498 1944 3594 1995 καὶ
3617 1944 3647 1996 δ

2070 2033 2170 2104 τῆς
2209 2033 2268 2086 ὲν
2312 2031 2609 2104 Λαοδικείᾳ
2651 2029 2834 2086 κανὼν
2861 2031 2925 2098 ζ’,
2955 2031 3051 2084 καὶ
3076 2031 3147 2102 η’,
3174 2031 3268 2085 καὶ
3294 2033 3322 2084 ὁ
3355 2032 3456 2102 τῆς
3494 2033 3652 2085 Κωνο

2074 2121 2575 2184 σταντινουπόλεως
2614 2121 2674 2176 τδ
2705 2122 2922 2189 πρῶτον
2956 2121 3135 2176 κανὼν
3160 2121 3224 2186 ζ’,
3257 2121 3352 2175 καὶ
3389 2123 3418 2174 ὁ
3463 2124 3561 2192 τῆς
3591 2125 3652 2176 ὲν

2070 2211 2280 2284 Νικαίᾳ
2313 2211 2376 2264 τὸ
2415 2211 2670 2283 δεύτερον
2701 2211 2884 2265 κανὼν
2923 2211 3130 2278 ὄγδοος,
3172 2213 3266 2265 καὶ¹
3301 2213 3350 2264 οἱ
3381 2212 3653 2264 πολιτικοὶ

2069 2302 2126 2356 δὲ
2153 2304 2306 2374 νόμοι
2334 2303 2745 2375 διαγορεύουσιν
2775 2303 2972 2368 οὕτως,
3002 2301 3246 2358 ὄτι’⁹Εάν
3287 2301 3538 2366 Ἰουδαῖος
3563 2303 3654 2358 διὰ

2069 2395 2130 2448 τὸ
2172 2399 2364 2464 φυγεῖν
2407 2395 2724 2468 ἔγκλημαῆ
2769 2395 2951 2467 χρέος,
2997 2395 3202 2467 θελήσῃ
3239 2395 3651 2466 χριστιανῆσαι,

2069 2487 2130 2540 σὺ
2159 2488 2239 2540 δεῖ
2270 2487 2434 2541 αὑτὸν
2461 2487 2878 2558 προσδέχεσθαι,
2912 2487 3016 2550 ἕως
3048 2487 3115 2540 ἂν
3159 2486 3450 2548 ἀνεύθυνος
3484 2488 3651 2557 φανῇ,

2073 2583 2166 2636 καὶ
2191 2581 2254 2634 τὸ
2295 2582 2457 2652 χρέος
2500 2581 2810 2652 καταϐάλῃ.
2845 2581 2955 2634 Kal
2993 2579 3156 2633 πάλιν
3191 2578 3335 2632 θέλει
3367 2579 3494 2642 τοὺς
3524 2579 3654 2631 "Elt-

2071 2671 2240 2744 ληνας
2300 2672 2680 2743 βαπτίζεσθαι,
2737 2671 2833 2726 καὶ
2889 2671 2958 2724 τὰ
3009 2671 3172 2724 τέκνα
3237 2671 3416 2724 αὐτῶν
3482 2670 3657 2743 χωρὶς

2074 2766 2338 2838 ἀναϐολῆς
2376 2767 2553 2838 μικρὰ
2573 2767 2702 2821 ὄντα
2723 2783 2734 2796 ·
2775 2767 2844 2820 τά
2877 2765 2935 2818 δὲ
2965 2765 3150 2819 τέλεια
3187 2765 3653 2835 προδιδάσκεσθαι

2075 2857 2217 2914 κατὰ
2236 2859 2334 2922 τὰς
2359 2859 2654 2923 κανονικὰς
2679 2857 2926 2930 Γραφάς.
2973 2858 3083 2910 Καὶ
3119 2855 3282 2910 πάλιν
3325 2857 3417 2908 ἐπὶ
3449 2855 3656 2909 διετίαν

2074 2950 2218 3004 θέλει
2244 2951 2370 3016 τοὺς
2415 2951 2692 3016 τοιούτους
2733 2949 3080 3022 Σαμαρείτας
3109 2946 3468 3019 κατηχεῖσθαι
3487 2961 3502 2974 ·
3527 2947 3656 3010 τοὺς

387 3058 524 3098 vero
561 3043 656 3112 qui
697 3043 767 3097 ab
822 3043 1128 3100 haaresibus
1177 3053 1310 3100 sunt
1359 3046 1746 3112 convertendi,
1778 3047 1971 3104 decem

2080 3045 2132 3100 δὲ
2175 3045 2466 3116 μέλλοντας
2492 3045 2600 3099 ἀπὸ
2645 3045 2913 3119 αἱρέσεων
2933 3043 3312 3114 ἐπιστρέφειν,
3345 3041 3477 3094 δέκα
3513 3041 3656 3111 ἡμέ-

387 3142 488 3189 aut
512 3133 834 3202 quindecim
875 3133 997 3189 dies
1040 3135 1295 3204 jejunare
1327 3134 1644 3198 hortantur,
1691 3142 1750 3190 et
1776 3151 1973 3192 vacare

390 3223 651 3296 precibus
673 3239 835 3280 mane
856 3241 921 3280 ac
949 3225 1192 3296 vesperi,
1227 3225 1587 3296 Psalmosque
1613 3226 1851 3282 discere.

461 3415 516 3471 6.
549 3417 731 3486 Atque
752 3415 872 3471 ιιιεο
897 3415 968 3470 ab
999 3415 1068 3472 iis
1104 3421 1451 3472 statuuntur.
1496 3414 1762 3470 Videmus
1807 3431 1974 3486 porro

388 3521 542 3596 nunc
572 3506 628 3560 in
657 3507 871 3576 magnis
923 3513 981 3560 et
1005 3506 1415 3561 universalibus
1438 3506 1722 3570 Eeclesiis,
1759 3506 1975 3562 scilicet

390 3597 449 3653 in
505 3598 973 3668 patriarehatibus
1019 3607 1078 3652 et
1135 3597 1755 3678 metropolibus,1&.23
1808 3607 1976 3678 caele-

390 3689 602 3758 risque,
633 3689 781 3758 quod
811 3690 1126 3751 Armenios.
1150 3675 1454 3756 Jacobitas,
1482 3675 1864 3756 Nestorianos,
1891 3708 1978 3748 re-

391 3781 574 3850 liquos
603 3781 932 3852 Aeephalos,
961 3783 1154 3852 eisque
1211 3783 1443 3848 similes,
1475 3783 1700 3853 quando
1737 3799 1976 3840 conver-

392 3879 588 3926 tuntur
608 3871 676 3928 ad
715 3873 1082 3926 orthodoxam
1106 3872 1290 3938 ﬁdem,
1332 3875 1630 3945 inungunt,
1667 3883 1724 3930 et
1747 3890 1857 3930 non
1881 3875 1978 3930 ba-

392 3945 644 4032 ptizaut;
678 3961 775 4016 sed
815 3960 1063 4016 eliiciunt
1109 3969 1171 4016 ut
1217 3961 1464 4032 ipsorum
1487 3962 1659 4018 duces
1687 3972 1976 4020 auctores-

392 4067 500 4124 que
527 4053 1018 4109 anathematizent.
1049 4053 1231 4123 Atque
1263 4054 1372 4110 hoc
1400 4055 1566 4109 modo
1586 4053 1876 4110 deﬁnitum
1891 4063 1978 4110 est

391 4153 624 4216 propter
659 4147 838 4217 justas
869 4145 1322 4216 necessariasque
1345 4161 1560 4202 causas.

463 4234 514 4290 7.
549 4235 620 4290 At
651 4235 909 4290 nonnulli
937 4237 1168 4291 omnino
1194 4237 1474 4306 baptizant
1499 4237 1812 4304 Armenios,
1880 4251 1975 4291 occ

393 4326 617 4382 casione
636 4339 886 4398 accepta,
921 4343 1030 4383 non
1063 4344 1094 4383 a
1115 4328 1330 4400 magnis
1355 4329 1631 4387 ecclesiis.
1676 4329 1772 4384 sed
1805 4344 1874 4384 ex
1895 4329 1969 4383 li-
1999 4358 2046 4418 ο

393 4417 494 4474 bro
525 4419 755 4475 Joannis
802 4421 1169 4491 metropoliue
1216 4419 1446 4484 Nicami,
1477 4421 1573 4491 qui
1619 4421 1873 4478 scribens
1897 4421 1968 4476 ad

391 4511 712 4566 Zachariam
741 4528 949 4583 magnre
973 4512 1252 4568 Armeniae
1277 4512 1634 4578 catholicum,
1662 4514 1737 4568 ita
1767 4512 1836 4568 de
1861 4513 1970 4568 illis

389 4601 640 4672 loquitur
676 4619 690 4656 :
727 4603 880 4666 Quod
909 4619 1076 4674 neque
1121 4603 1478 4657 ordinationes
1511 4602 1758 4667 habeant,
1783 4603 1874 4656 sed
1905 4603 1969 4658 ab

392 4693 538 4746 omni
592 4692 754 4747 alieni
782 4695 887 4748 sint
950 4697 1286 4750 ordinatione
1317 4713 1334 4750 :
1365 4695 1420 4750 id
1469 4711 1590 4748 vero
1629 4695 1749 4748 hinc
1786 4693 1968 4765 liquet.

391 4781 534 4837 Nam
552 4792 764 4838 sanctus
791 4785 1072 4858 Gregorius
1097 4786 1362 4842 Armenia:
1399 4789 1691 4858 episcopus,
1723 4795 1772 4841 et
1800 4787 1972 4842 Leon-

393 4874 498 4928 tius
521 4873 848 4931 beatissimus
869 4879 1286 4950 archiepismpus
1322 4877 1578 4934 Cazsarea:
1601 4877 1970 4950 Cappadocia},

393 4965 485 5033 qui
509 4977 756 5022 sanctum
784 4967 1094 5039 Gregorium
1119 4966 1384 5024 ordinavit
1414 4968 1736 5040 episcopum,
1758 4977 1974 5039 pactum

2078 3155 2197 3208 ρας,
2227 3139 2260 3210 ἦ
2287 3137 2586 3192 δεκαπέντε
2617 3136 2925 3208 νηστεύειν,
2955 3137 3052 3190 καὶ
3081 3133 3364 3204 σχολάζειν
3409 3135 3534 3196 ταῖς
3565 3133 3658 3186 εύ-

2074 3233 2197 3304 χαίς
2217 3228 2363 3303 πρωῒ
2391 3229 2486 3286 καὶ
2503 3231 2760 3301 ἑσπέρας,
2783 3229 2878 3283 καὶ
2905 3229 3199 3300 μανθάνειν
3225 3226 3491 3300 Ψαλμοὺς
3523 3243 3658 3298 προ-

2073 3323 2389 3393 τρέπονται.
3148 3371 3153 3377 λ

2147 3418 2223 3482 ς’.
2261 3417 2372 3471 Καὶ
2407 3415 2582 3471 ταῦτα
2623 3415 2725 3487 μὲν
2767 3409 2916 3469 οὗτοι
2962 3414 3366 3468 διατάσσονται.
3409 3411 3658 3484 Ὀρῶμεν

2075 3501 2250 3564 δὲ’νῧν
2273 3510 2330 3562 ὲν
2362 3511 2482 3586 ταῖς
2509 3507 2772 3580 μεγάλαις
2802 3507 2894 3560 καὶ
2917 3505 3236 3568 καθολικαῖς
3273 3503 3652 3572 Ἐκκλησίαις,

2077 3604 2244 3673 ἤγουν
2283 3604 2339 3655 ὲν
2379 3591 2492 3664 τοῖς
2537 3599 2958 3671 πατριαρχείοις
2989 3597 3087 3651 καὶ
3113 3597 3237 3661 ταῖς
3272 3593 3651 3668 μητροπόλεσι

2077 3694 2172 3746 καὶ
2197 3695 2318 3758 ταῖς
2355 3691 2592 3758 λοιπαῖς,
2621 3690 2706 3746 ὅτι
2743 3690 2874 3754 τοὺς
2916 3689 3240 3762 Ἀρμενίους
3263 3689 3358 3742 καὶ
3402 3687 3654 3742 Ἰακωὸί-

2075 3801 2172 3846 τας
2199 3783 2291 3835 καὶ
2319 3781 2718 3853 Νεστοριανοὺς
2745 3785 2850 3846 ἶκαὶ
2878 3785 3007 3846 τοὺς
3039 3779 3260 3846 λοιποὺς
3297 3779 3651 3850 Ἀκεφάλους,

2076 3875 2170 3928 καὶ
2197 3874 2323 3936 τοὺς
2354 3873 2576 3944 ὁμοίους
2605 3875 2811 3938 αὐτοῖς,
2861 3873 3297 3945 ἐπιστρέφοντας
3323 3875 3402 3936 είς
3432 3872 3532 3944 τὴν
3561 3871 3655 3940 ὁρ-

2076 3963 2292 4029 θόδοξον
2341 3964 2548 4027 πίστιν,
2598 3963 3018 4028 καταξιοῦσι¹¹⁸⁴
3049 3965 3144 4018 καὶ
3175 3965 3235 4017 οὐ
3289 3962 3654 4032 βαπτίζουσι,

2075 4053 2290 4108 ποιοῦσι
2315 4054 2372 4108 δὲ
2410 4053 2838 4122 ἀναθεματίζειν
2862 4055 2991 4119 τοὺς
3020 4054 3285 4124 ἐξάρχους
3315 4054 3514 4108 αὐτῶν.
3545 4055 3656 4108 Καὶ

2075 4146 2235 4201 τοῦτο
2271 4145 2524 4216 ὲτυπὼθη
2562 4146 2706 4218 ἄρτι,
2739 4146 2808 4200 δι’
2838 4146 3020 4208 atria;
3041 4145 3298 4214 εὐλόγους
3323 4145 3650 4214 ἀναγκαίας.

2147 4235 2212 4301 ζ’.
2237 4237 2392 4300 Τινὲς
2409 4236 2466 4290 δὲ
2485 4237 2704 4301 τελείως
2725 4235 3045 4307 βαπτίζουσι
3063 4236 3188 4300 τοὺς
3204 4234 3543 4306 ’Δρμενίους,
3559 4236 3655 4306 τὴν

2075 4329 2334 4400 ἀφορμὴν
2369 4328 2742 4399 λαμϐάνοντες
2777 4328 2877 4382 ούκ
2903 4329 3011 4382 ἀπὸ
3035 4329 3145 4381 τῶν
3177 4329 3428 4398 μεγάλων
3453 4328 3656 4398 ἐκκλη-

2077 4420 2230 4483 σιῶν,
2264 4419 2382 4474 ἀλλ’
2411 4419 2522 4473 ἀπὸ
2540 4418 2636 4482 τοῦ
2665 4419 2828 4489 λόγου
2859 4419 2953 4474 τοῦ
2985 4418 3386 4490 μητροπολίτου
3421 4417 3656 4480 Νικαίας

2090 4510 2337 4566 Ἰωάννου
2373 4512 2510 4581 (57),
2547 4508 2605 4574 ὃς
2632 4511 2862 4587 γράφων
2902 4510 3039 4579 πρὸς
3088 4507 3368 4578 Ζαχαρίαν
3395 4505 3658 4560 τδν’καθο

2059 4603 2259 4676 ,ολικὸν
2289 4606 2388 4674 τῆς
2439 4603 2684 4674 μεγάλης
2719 4601 3039 4673 Ἀρμενίας,
3089 4601 3260 4662 οὕτως
3313 4601 3446 4668 περὶ
3476 4598 3656 4652 αὐτῶν

2081 4710 2286 4765 φησιν’
2337 4695 2468 4750 Ὅτι
2520 4695 2664 4749 οὐδὲ
2709 4693 3138 4763 χειροτονίαςη
3191 4694 3465 4764 ἔχουσιν,
3521 4692 3658 4746 ἀλλ’

2078 4787 2390 4855 ὼίλότριοι
2434 4791 2552 4842 εισι
2603 4786 2810 4853 πάσης
2863 4786 3235 4858 χειροτονίας
3257 4785 3304 4818 ⁷⁸
3323 4803 3336 4816 θ
3366 4783 3562 4851 δῆλον
3591 4779 3661 4834 δὲ

2079 4879 2396 4936 ἐντεῦθεν-ο
2460 4881 2494 4933 ὁ
2549 4880 2662 4950 γὰρ
2719 4879 2888 4950 ἅγιος
2937 4880 3268 4948 Γρηγίὶοιος
3324 4878 3661 4941 ἐπίσκοπος

2095 4970 2418 5039 Ἀρμενίας,
2459 4970 2559 5024 καὶ
2607 4973 2886 5037 Λεόντιος
2914 4973 2946 5026 ὁ
2986 4972 3432 5041 μακαριώτατος
3463 4969 3662 5039 ἀρχιε-

1689 5097 1926 5154 VARUE
1959 5097 2370 5156 LECTIONES.

466 5192 514 5226 "
536 5193 598 5250 In
643 5193 882 5251 Balaam.
929 5194 1182 5268 Εὑχίται.
1226 5193 1536 5250 ι’¹⁵“Ῑ)οοει
1588 5191 1786 5266 μύρου.
1862 5192 1910 5226 ⁷⁵
1939 5191 2046 5250 Ed.
2100 5193 2464 5268 χειροτονίαν.
2541 5195 2589 5229 ⁷⁸
2612 5193 2716 5250 Ed.
2749 5194 3075 5268 ἱερωσύνης.

1900 5335 2140 5394 NOTAE.

463 5428 595 5502 (57)?
649 5427 952 5502 Ἰωάννου,
1005 5429 1104 5484 Est
1153 5428 1458 5502 ἁμάρτημα
1502 5425 1856 5502 μνημονικὸν,
1899 5436 1980 5502 _ut

392 5499 527 5554 dixi.
557 5499 752 5569 'Atque
797 5500 975 5556 simile
1023 5501 1230 5554 notabo
1265 5499 1591 5570 inferiusad
1626 5515 1681 5570 ρ,
1727 5499 1851 5554 455.
1899 5499 1977 5556 lta

393 5581 577 5626 autem
621 5587 838 5626 errasse
872 5569 1132 5625 videntur
1169 5571 1493 5626 Anastasius
1529 5569 1888 5625 CmSariensis
1921 5581 1976 5624 et

392 5637 550 5708 Nico,
609 5644 756 5714 «ίιιοιι
808 5642 1036 5697 Joannis
1105 5643 1346 5712 Epistola
1409 5651 1464 5698 ct
1515 5643 1805 5697 lnrectiue
1852 5641 1976 5696 dua:

2079 5431 2270 5503 Isaaei.
2299 5429 2368 5486 ad
2395 5430 2804 5503 Armenismum
2828 5432 3038 5503 pariter
3058 5436 3392 5503 spectarent,
3429 5443 3495 5486 ac
3518 5430 3662 5503 forte

2056 5502 2245 5574 osimul
2296 5502 2572 5574 compingi
2619 5500 2885 5574 solerent.
2933 5500 3113 5558 llabes
3163 5516 3228 5556 ea
3269 5500 3544 5572 Opuscula
3620 5501 3673 5556 in

2079 5572 2344 5630 Auctario
2366 5573 2402 5628 2
2428 5572 2852 5631 Combeﬁsiano.

2229 5841 2278 5852 -α
