3952 6136
387 333 465 398 π
1681 327 2000 388 JOANNIS
2029 325 2408 389 MAXENTII
2577 281 2586 368 Ῐ
3581 341 3654 406 76

397 450 684 507 veterum
712 440 964 504 'Latinis
995 440 1072 503 de
1117 456 1242 502 una
1275 453 1545 518 persona
1577 443 1637 500 et
1665 437 1916 500 duabus
1949 438 2196 501 naturis
2236 437 2520 514 Domini,
2555 439 2778 520 Tigur.
2813 441 2987 518 157i,
3032 444 3168 520 fol.,
3203 454 3265 510 et
3292 451 3354 512 in
3401 451 3654 518 Biblio-

397 541 598 604 thecis
634 543 909 610 Patrum,
948 536 1146 600 Paris.
1177 536 1349 612 1575,
1385 543 1534 600 tom.
1572 538 1647 611 V,
1681 543 1744 598 et
1775 533 1951 610 1589,
1987 545 2140 601 tom.
2173 540 2282 614 IV,
2317 544 2379 602 et
2410 538 2774 618 Mlti-1654,
2809 549 2964 606 tom.
2992 546 3102 620 Ill,
3132 548 3439 612 etColon.
3471 554 3649 627 1618,

391 653 548 708 tom.
592 643 700 717 Vl,
733 639 1040 719 et'Lugd.
1090 641 1266 714 1672,
1311 647 1464 704 tom.
1522 641 1640 704 1x.
1691 641 1881 702 Hunc
1930 656 2076 702 cum
2125 642 2372 704 Joanne
2417 643 2947 724 Scythopolitano
3004 649 3298 730 plerique
3352 655 3652 718 eumdem

385 742 662 806 feriunt.
707 743 859 904 Ejgs
901 743 1154 904 ἓμυω
1205 743 1420 807 laudat
1469 743 1735 806 Photius
1785 744 1927 808 cod.
1971 744 2072 820 95,
2117 761 2231 823 pro
2262 747 2514 825 synodo
2545 747 3078 829 Chalcedonensi,
3112 755 3275 818 bene
3311 756 3652 836 scripsisse

395 847 668 904 testatus
703 857 778 904 co
831 886 848 902 .
983 844 1043 904 1.

395 847 668 906 testatus
703 844 848 906 cod.
901 844 1043 906 231.

399 1041 3628 1076 Mm

1495 1206 2434 1302 ssaTESTIMONIA

1125 1405 1237 1466 DE
1274 1401 1598 1465 .JOANNE
1643 1401 2082 1464 MAXENTIO
2124 1393 2474 1474 EJUSQUE
2523 1400 2936 1464 OPERIBUS.

461 1719 728 1766 Joannem
773 1703 1106 1762 Maxentium
1153 1709 1210 1760 et
1243 1702 1426 1759 socios
1453 1703 1574 1774 ejus
1604 1700 1907 1757 monachos
1947 1699 2181 1772 Scythas
2213 1701 2470 1773 (quorum
2525 1703 2771 1772 nomina,
2816 1713 2876 1760 ιιι
2907 1705 3250 1762 Justinianus
3296 1707 3352 1762 in
3383 1707 3546 1778 epist.
3579 1705 3649 1764 ad

387 1803 742 1863 ﬂormisdam
770 1817 964 1875 papam
1001 1807 1254 1866 testatur,
1289 1807 1439 1864 sunt,
1473 1799 1732 1864 Achilles,
1763 1797 2022 1864 Joannes,
2049 1797 2336 1864 Leontius,
2363 1798 2687 1871 Maxentius)
2719 1800 2888 1856 fuisse
2918 1801 3095 1871 palam
3124 1802 3494 1874 Eutychianos
3521 1817 3650 1873 per-

369 1899 554 1965 1idos,
587 1897 878 1954 damnatos
907 1911 938 1951 a
968 1897 1214 1951 Romana
1239 1893 1484 1950 Ecclesia
1525 1901 1581 1949 et
1619 1893 1868 1964 ingentes
1896 1893 2085 1948 turbas
2113 1893 2168 1948 in
2205 1893 2454 1950 Ecclesia
2482 1894 2752 1951 catholica
2785 1896 3071 1961 excitasse,
3104 1911 3229 1951 cum
3256 1895 3649 1954 Constantino-

389 1991 656 2062 poli,tum
682 1990 888 2056 Romae,
907 2004 976 2044 ex
998 1987 1184 2044 multis
1213 1985 1572 2043 relationibus
1602 1995 1658 2040 et
1678 1985 1925 2054 epistolis
1955 1987 2262 2056 legatorum
2281 1985 2584 2042 llormisdas
2606 2003 2759 2059 papa:
2779 2003 2902 2059 qua:
2924 1987 3198 2044 habentur
3234 1996 3365 2043 tom.
3393 1987 3408 2041 l
3433 1987 3651 2058 Episto-

390 2081 569 2139 larum
623 2083 996 2140 Romanorum
1056 2081 1400 2154 pontificum,
1443 2089 1499 2138 et
1557 2095 1625 2135 cx
1664 2077 1832 2134 variis
1863 2079 2111 2148 epistolis
2143 2075 2387 2150 ejusdem
2422 2079 2478 2135 S.
2511 2079 2836 2145 liormisdae,
2875 2081 2965 2134 illa
2999 2081 3306 2150 praesertim
3340 2079 3408 2134 ad
3426 2081 3648 2136 Posses-

388 2190 578 2231 sorem
609 2174 956 2247 episcopum,
989 2173 1335 2244 apertissime
1385 2172 1748 2244 intelligitur:
1775 2170 2178 2242 proﬁtebantur
2205 2170 2358 2224 enim
2403 2171 2588 2240 specie
2626 2178 2789 2227 tenus
2836 2187 2896 2226 se
2926 2173 3147 2228 concilii
3189 2171 3652 2229 Chalcedonensis

386 2274 723 2331 assertores,
751 2274 814 2321 ut
837 2266 1029 2322 videre
1061 2273 1146 2321 est
1175 2266 1231 2320 in
1259 2274 1373 2320 toto
1426 2265 1533 2320 hoc
1557 2278 1742 2334 opere,
1773 2279 1838 2318 ac
1893 2263 2242 2333 potissimum
2291 2261 2347 2316 in
2401 2262 2682 2333 praemissa
2735 2261 2862 2318 ﬁdei
2919 2263 3281 2333 professione,
3305 2278 3430 2319 cum
3460 2277 3652 2318 revera

387 2355 560 2411 ﬁdem
617 2355 837 2412 concilii
883 2355 1352 2412 Chalcedonensis
1392 2364 1510 2411 arte
1549 2355 1802 2421 subdola,
1833 2369 1898 2410 ae
1925 2353 2144 2410 vatritie
2177 2354 2451 2410 haereticis
2478 2355 2643 2410 insita
2673 2353 3000 2412 labefactare
3030 2357 3343 2412 niterentur
3546 2353 3652 2425 (Cf.

391 2449 622 2517 δαν-οη..
654 2459 695 2506 t.
721 2451 815 2508 VII
865 2451 1063 2508 Annal.
1087 2453 1288 2509 ecclcs.
1324 2451 1394 2508 ad
1427 2469 1557 2507 ann.
1593 2451 1717 2520 519,
1749 2468 1870 2523 cap.
1917 2449 1980 2506 81
2008 2466 2175 2522 usque
2218 2450 2288 2504 ad
2328 2450 2418 2518 89,
2449 2458 2498 2504 et
2531 2467 2577 2505 c.
2597 2450 2682 2514 .97
2701 2467 2872 2523 usque
2902 2451 2972 2506 ad
3015 2450 3141 2518 126,
3173 2459 3229 2506 et.
3263 2451 3334 2506 ad
3365 2467 3490 2506 anu.
3525 2449 3653 2518 δὶα,

361 2563 514 2618 'cap.
555 2547 622 2602 12
650 2563 813 2616 usque
843 2547 916 2602 ad
947 2546 1062 2617 28.)

467 2626 742 2709 Quocirca
785 2638 974 2698 omnia
999 2655 1340 2712 quacunque
1375 2641 1467 2697 hic
1496 2647 1780 2712 ponuntur
1812 2653 1980 2710 opera
2005 2635 2264 2694 Maxentii
2295 2638 2612 2696 cautissime
2644 2639 2895 2711 legenda,
2931 2654 3037 2696 nec
3053 2639 3164 2695 illis
3197 2637 3497 2703 ﬁdendum,
3527 2639 3654 2692 cuin

347 2735 570 2790 f'hteat
610 2732 969 2805 Eutychianaa
1001 2733 1275 2790 haereseos
1303 2749 1599 2790 venenum.
1647 2731 2120 2804 Excusandusque
2147 2733 2401 2800 Cocleus,
2431 2735 2525 2804 qui
2561 2751 2729 2806 opera
2759 2735 3019 2791 Maxentii
3062 2736 3166 2790 sub
3206 2733 3431 2790 nomine
3459 2733 3659 2788 ortho-

393 2824 526 2882 doxi
557 2825 735 2882 Patris
765 2825 979 2898 primus
1005 2825 1201 2894 edidit,
1228 2826 1276 2882 si
1309 2827 1536 2883 technas
1574 2837 1632 2883 et
1654 2827 1993 2898 imposturas
2015 2827 2203 2883 callidi
2237 2829 2565 2901 Eutychiani
2593 2829 2680 2884 vir
2711 2829 2920 2899 probus
2960 2837 3018 2883 et
3049 2828 3299 2882 sincerus
3323 2841 3436 2881 non
3479 2826 3657 2881 intro~

395 2918 668 2990 spexerit,
693 2933 816 2975 cum
843 2919 1110 2990 epistolas
1140 2928 1387 2990 tempore
1418 2918 1724 2975 ilormisdae
1751 2934 1905 2990 papa:
1931 2919 2076 2973 ultro
2103 2917 2354 2990 citroque
2378 2920 2552 2984 datas,
2580 2921 2638 2975 in
2668 2921 2873 2990 quibus
2900 2920 3011 2975 doli
3041 2919 3372 2990 fraudesque
3399 2917 3658 2975 Maxentii

382 3023 469 3068 ac
492 3011 789 3155 ligtciorum
831 3010 1256 3082 detegebantur,
1287 3011 1362 3068 ad
1387 3027 1632 3069 manum
1654 3027 1775 3068 non
1800 3011 2083 3068 habuerit.
2114 3011 2239 3067 Vide
2284 3013 2524 3068 eumdem
2571 3019 2703 3070 tam.
2726 2997 2827 3071 ’ΥΠ
2880 3013 3102 3082 Annal.,
3132 3027 3264 3070 aiant
3305 3011 3499 3070 Christi
3529 3009 3658 3078 519,

403 3119 456 3155 ι.
559 3099 615 3155 5.
645 3107 696 3155 et
729 3116 870 3155 anno
901 3099 1026 3155 520.
1056 3117 1105 3155 c.
1137 3101 1225 3155 27.

357 3132 368 3142 -
403 3119 456 3158 ε.
492 3099 615 3167 105,
645 3107 696 3155 et
729 3116 870 3156 anno
901 3099 1026 3166 520,
1056 3117 1105 3156 c.
1137 3101 1225 3158 2'7.

1197 3325 1310 3387 Ἐκ
1351 3323 1740 3387 Bellarmino
1785 3326 1872 3388 De
1908 3325 2334 3408 scriptoribus
2383 3325 2848 3390 ecclesiasticis.

445 3439 719 3501 ‘Joannes
756 3441 1084 3513 Maxentius,
1114 3447 1436 3513 monachus,
1469 3454 1546 3514 et,
1574 3455 1635 3503 ut
1667 3447 1934 3517 creditur,
1966 3449 2255 3522 presbyter
2280 3449 2685 3516 Antiochenus,
2713 3449 2848 3505 vixit
2879 3457 3125 3520 tempore
3155 3446 3458 3504 Hormisdae
3479 3458 3655 3518 papa,

407 3545 600 3592 contra
639 3535 801 3605 cujus
841 3535 1130 3606 epistolam
1166 3537 1414 3609 scripsit.
1458 3539 1590 3612 Ejus
1629 3555 1795 3612 opera
1830 3549 2047 3597 exstant
2076 3540 2132 3596 in
2161 3549 2362 3612 quarto
2407 3549 2558 3597 tomo
2598 3541 2948 3597 Bibliotheca:
2995 3539 3093 3597 SS.
3137 3541 3382 3596 Patrum.
3431 3539 3666 3612 Scripsit

388 3637 594 3685 autem
625 3626 912 3684 Catholica:
953 3626 1078 3698 ﬁdei
1120 3629 1515 3700 professionem,
1546 3630 1677 3686 item
1707 3630 1966 3686 Libellum
2005 3640 2192 3687 contra
2219 3631 2533 3703 Acepltalos,
2568 3632 2698 3688 item
2733 3630 3081 3704 Dialogorum
3109 3640 3295 3688 contra
3325 3628 3666 3687 Nestorianos

411 3724 572 3780 libros
603 3723 756 3790 duos,
783 3724 915 3778 item
941 3723 1350 3795 Responsionem
1374 3726 1445 3779 ad
1469 3725 1769 3797 Epistolam
1794 3742 1947 3798 papa:
1969 3726 2284 3794 Hormisdw,
2322 3727 2377 3782 in
2402 3727 2605 3796 quibus
2639 3727 2883 3798 disputat
2911 3727 3176 3782 adversus
3206 3725 3580 3791 Nestorianos,
3607 3732 3668 3780 et

406 3812 682 3870 adversus
709 3813 973 3868 Faustum
1011 3813 1336 3884 Begiensem
1381 3815 1900 3888 Semipelagianum.
1941 3819 2012 3873 Et
2047 3818 2272 3889 quidem
2319 3817 2580 3873 Faustum
2609 3825 2665 3872 et
2718 3818 3040 3889 Pelagianos
3068 3815 3288 3888 egregie
3331 3815 3562 3879 refellit,
3596 3828 3665 3870 ex

384 3904 571 3960 ﬁbris
603 3904 660 3960 S.
693 3904 980 3976 Augustini
1007 3922 1020 3958 :
1047 3914 1102 3960 at
1122 3905 1476 3962 Nestorianos
1504 3907 1580 3963 ita
1611 3907 1832 3974 refellit,
1858 3909 2111 3966 scribens
2147 3919 2340 3966 contra
2374 3910 2751 3965 Possessorem
2777 3909 3096 3978 episcopum
3129 3906 3471 3970 Africanum,
3503 3914 3565 3960 ut
3595 3903 3668 3960 ad

410 3999 788 4072 Eutychianos
817 4000 1097 4057 declinare
1136 4001 1408 4058 videatur.
1432 4003 1615 4060 ICerte
1653 4003 1712 4060 S.
1753 4003 2226 4077 Hormisdaspapa
2252 4007 2632 4062 Possessorem
2663 4002 2932 4068 defendit,
2976 4009 3033 4057 et
3074 4001 3345 4056 Joannem
3379 4013 3505 4053 cum
3549 4000 3668 4055 suis

382 4091 704 4147 -monachis
729 4091 932 4148 acriter
953 4091 1254 4149 insectatus
1277 4101 1381 4148 est.
1413 4091 1648 4165 Scripsit
1675 4102 1857 4150 autem
1889 4095 2194 4154 Maxentius
2222 4107 2413 4152 contra
2441 4095 2728 4167 epistolam
2756 4092 2918 4166 53E.
2945 4089 3250 4148 Hormisdae
3281 4103 3488 4161 negans
3515 4089 3666 4145 illam

408 4195 534 4239 esse
561 4181 883 4247 llormisdte,
919 4197 989 4239 ne
1015 4182 1298 4240 videretur
1321 4189 1516 4239 contra
1549 4199 1826 4242 summum
1859 4185 2204 4259 Pontilicem~
2223 4185 2500 4254 scribere;
2528 4183 2624 4240 sed
2653 4199 2714 4240 re
2760 4196 2886 4238 vera
2929 4180 3119 4253 negari
3161 4193 3272 4235 non
3314 4185 3496 4250 potest
3543 4177 3666 4248 epi-

409 4281 610 4337 stolam
644 4281 794 4338 illam
817 4299 950 4342 vere
976 4297 1098 4341 esse
1124 4281 1452 4340 ﬂormisdae.
3674 4277 3694 4308 ⁴

1273 4639 1934 4826 JQANNIS
2027 4641 2821 4775 MAXENT-n

733 4897 1321 4996 EP‘ISTOL'A
1386 4895 1538 4988 AD
1611 4897 2144 4992 LEGATOS
2206 4895 2546 4989 SEDIS
2599 4896 3404 4996 APOSTOLICJE.

2022 5108 2091 5122 β

426 5243 665 5301 Dominis
701 5243 825 5298 viris
864 5240 1194 5304 beatissimis,
1241 5239 1504 5298 Germano
1545 5248 1594 5294 et
1639 5239 1858 5302 Joanni,
1893 5238 2002 5307 epi-
2103 5237 2216 5292 cilii
2245 5235 2409 5291 ﬁdem
2433 5235 2690 5291 nituntur
2709 5245 2985 5302 evertere,
3025 5235 3251 5292 Patrum
3281 5232 3528 5304 proferre
3551 5243 3681 5288 sen-

498 5314 688 5400 scapis,
719 5311 896 5400 ‘Felici
919 5319 969 5366 et
991 5311 1522 5400 Dioscoro'diac‘onjis,
1548 5307 1999 5400 Blando'Prfsby:

2118 5329 2324 5394 .entias,
2355 5335 2411 5384 et
2440 5328 2598 5384 novis
2629 5343 2918 5398 pravorum
2955 5325 3526 5400 argumentationibus
3548 5337 3679 5381 ver-

499 5378 632 5448 tero,
675 5378 734 5438 et
786 5383 1042 5436 universae
1093 5379 1342 5452 legationi
1368 5379 1519 5436 Sedis
1567 5378 1886 5452 apostolicaz,
1933 5378 1999 5432 ab

497 5456 684 5524 exiguo
746 5449 1042 5518 Maxentio,
1102 5461 1150 5505 et
1199 5451 1436 5507 omnibus
1481 5452 1572 5524 qui
1624 5465 1824 5504 mecum
1854 5456 2000 5512 sunt,

2119 5378 2324 5394 ,_--_-__,
2360 5378 2409 5384 ν-
2629 5378 2918 5398 ,_______
2956 5378 3295 5400 νση-,ηηη
3337 5378 3448 5380 _,___
3469 5378 3520 5381 η

2119 5421 2190 5476 eis
2223 5419 2510 5476 catholicis
2552 5419 2798 5484 obviare,
2829 5426 3184 5490 augmentum
3229 5415 3454 5486 aliquod
3486 5429 3589 5470 nos
3621 5413 3680 5468 in

498 5503 1000 5581 3Ei‘iiém.""""""
1026 5503 1040 5518 ’
1108 5503 1145 5505 '-
1486 5503 1568 5524 ⁷⁷η
1984 5503 1997 5512 ⁷
2107 5513 2212 5568 ﬁde
2249 5512 2428 5567 facere
2451 5511 2722 5583 iudicant,
2744 5516 2842 5566 aut
2865 5519 3017 5565 certe
3041 5514 3233 5563 contra
3255 5513 3460 5562 statuta
3490 5503 3683 5560 venire

497 5617 766 5684 Quoniam
814 5612 1064 5670 nonnulli
1103 5613 1354 5686 videntes
1389 5625 1493 5669 nos
1535 5620 1728 5668 contra
1759 5623 1858 5666 eos
1907 5607 2004 5679 qui
2105 5603 2346 5670 concilii,
2380 5603 2752 5660 necessarium
2787 5601 3065 5658 credimus
3103 5596 3483 5686 probabilibus
3508 5591 3684 5686 docu-

423 5681 654 5765 inimico
685 5707 973 5781 proposito
1003 5681 1331 5764 venerabiiis
1359 5701 1824 5762 Chalcedonensis
1868 5713 2004 5758 con-
2109 5696 2310 5753 mentis
2349 5695 2492 5752 hanc
2523 5693 3002 5752 inconvenientem
3041 5689 3112 5746 ab
3139 5703 3332 5746 eorum
3365 5681 3562 5744 animis
3587 5695 3684 5737 ex-
