3952 6136
277 378 347 451 ’Π
1125 374 1368 438 EPIST.
1407 375 1508 435 AD
1543 369 1882 434 LEGATOS
1917 367 2140 430 SEDIS
2177 365 2676 430 APOSTOLICAE.
2754 409 2775 444 κ
3447 361 3521 426 73
3621 454 3626 459 .

271 508 502 570 purgare
533 493 868 566 opinionem,
901 493 1164 548 docentes
1200 491 1517 546 nullatenus
1542 500 1664 542 esse
1692 497 1838 538 con—
1865 485 1909 542 Α
1941 481 2180 551 propriae
2212 479 2338 570 fidei
2383 477 2700 570 explanare,
2731 474 2808 530 ita
2847 472 2916 529 de
2957 488 3025 570 se
3065 473 3352 530 manifesta
3387 491 3523 534 voce

232 595 240 622 ε
277 589 516 650 trarium,
560 587 604 640 si
635 601 700 639 cx
733 601 924 640 eorum
957 585 1182 639 Patrum
1210 579 1524 645 sententiis,
1555 591 1694 648 quas
1721 575 1840 645 ipsa

274 678 464 749 recipit
505 676 764 748 synodus,
817 675 1005 730 falsam
1055 673 1407 729 docuerimus
1453 669 1839 725 haereticorum

270 785 384 826 esse
430 769 786 830 sententiam,
834 784 940 838 qua
981 781 1102 823 eam
1150 766 1308 838 quasi
1349 761 1627 820 contraria
1669 766 1838 829 atque

269 858 722 940 inconvenientia,
744 859 939 912 docere
964 873 1085 928 quae
1115 866 1241 912 ante
1275 871 1334 910 se
1375 854 1622 915 fuerunt,
1650 849 1838 906 conci-

267 950 349 1004 liis
379 931 595 1004 tentant
621 931 888 1004 astruere.
931 949 999 1004 Et
1031 949 1210 1018 primo
1241 947 1464 1018 quidem
1512 943 1838 999 catholicam

265 1037 418 1095 ﬁdem
440 1047 796 1108 augmentum
820 1037 1040 1108 aliquod
1067 1051 1226 1108 posse
1257 1037 1502 1106 recipere
1525 1031 1837 1102 improbum

260 1135 340 1182 est
364 1127 618 1193 credere,
652 1127 781 1196 quia
811 1141 936 1182 cum
968 1127 1042 1182 sit
1073 1125 1316 1196 perfecta
1357 1133 1414 1180 et
1441 1124 1602 1194 plena
1633 1121 1688 1176 in
1721 1135 1839 1174 om-

255 1218 443 1286 nibus,
493 1213 851 1290 augmentum
893 1220 1139 1290 recipere
1171 1233 1281 1272 non
1316 1225 1516 1288 potest.
1547 1215 1662 1270 Hoc
1690 1215 1836 1270 enim

253 1312 374 1367 sine
421 1311 599 1367 dubio
641 1319 996 1383 augmentum
1033 1310 1251 1380 recipit,
1279 1308 1424 1380 quod
1453 1317 1538 1362 est
1578 1305 1840 1376 imperfe-

247 1412 424 1458 ctum.
462 1395 522 1458 Si
569 1414 756 1458 autem
808 1419 920 1458 non
953 1403 1022 1458 de
1069 1401 1434 1472 intelligentia
1465 1399 1618 1464 ﬁdei,
1647 1397 1742 1453 sed
1762 1396 1837 1452 de

251 1496 436 1552 verbis
464 1497 670 1568 agitur,
698 1497 804 1552 hoc
832 1511 942 1551 non
971 1505 1056 1551 est
1079 1511 1299 1566 semper
1321 1493 1684 1556 contrarium,
1707 1491 1840 1561 quia

255 1593 556 1662 aliquando
595 1593 1040 1663 eXplanationem
1082 1591 1216 1648 ﬁdei
1255 1590 1548 1646 verborum
1577 1588 1708 1643 facit
1742 1585 1839 1640 ad-

249 1684 439 1754 iectio,
479 1685 787 1754 aliquando
806 1683 1221 1754 corruptionem
1251 1681 1398 1752 quod
1431 1697 1542 1736 non
1560 1692 1835 1750 augmen-

247 1775 390 1841 tum,
423 1777 529 1831 sed
558 1777 949 1832 detrimentum
983 1783 1068 1831 est
1099 1776 1286 1845 potius
1311 1773 1457 1839 fidei.
1487 1772 1837 1842 Quapropter

241 1872 379 1922 ‘tunc
418 1865 667 1936 adjectio
707 1867 1008 1922 verborum
1057 1865 1284 1920 vitanda
1323 1873 1429 1927 est,
1471 1863 1691 1933 quando
1723 1877 1834 1917 non

238 1957 724 2026 explanationem,
756 1954 854 2012 sed
893 1955 1441 2024 corruptionem,aut
1472 1953 1837 2009 contrarietao

235 2049 355 2102 tem
407 2048 543 2102 fidei
577 2055 859 2116 operatur.
889 2044 1047 2112 Quod
1079 2045 1128 2100 si
1163 2044 1342 2100 omnis
1375 2043 1611 2115 adiectio
1642 2043 1843 2098 sorbe-

237 2153 372 2194 rum
407 2139 706 2194 catholicae
739 2138 864 2193 fidei
889 2137 1053 2192 noxia
1083 2137 1348 2201 creditur,
1373 2150 1473 2191 cur
1494 2135 1554 2189 Β.
1573 2133 1838 2206 Cyrillus,

233 2234 312 2289 iad
348 2233 758 2289 destruendam
790 2232 1031 2288 Nestorii
1063 2231 1286 2302 impiam
1325 2229 1839 2299 interpretationem

233 2324 425 2379 sancti
481 2322 750 2395 Symbeli,
782 2323 1108 2378 in'eoncilio
1144 2321 1451 2392 Ephesiae,
1482 2330 1591 2376 tam
1639 2320 1839 2374 multas

236 2423 574 2470 sanctorum
609 2415 843 2469 Patrum
893 2414 1200 2470 sententias
1244 2411 1570 2482 proferens,
1621 2410 1838 2466 nullum

237 2507 704 2577 ‘reprehensionis
735 2507 959 2578 dignum
999 2507 1248 2576 recipere
1276 2513 1632 2575 augmentum
1647 2502 1838 2558 'credi-

241 2599 375 2653 'tur?
408 2597 576 2666 Quod
611 2599 656 2654 si
697 2599 821 2654 ideo
850 2607 1206 2670 augmentum
1239 2598 1486 2668 recipere
1504 2612 1624 2652 non
1645 2595 1838 2650 credi-

239 2693 362 2751 ‘tur,
388 2687 528 2757 quia
550 2703 662 2742 non
701 2689 821 2758 ipso
849 2688 1023 2743 sancti
1039 2686 1292 2758 'Symboli
1327 2686 1658 2741 mathemate
1692 2685 1839 2756 ipsas

245 2787 582 2834 sanctorum
607 2779 843 2834 Patrum
867 2780 1178 2834 sententias
1209 2777 1471 2843 inseruit,
1503 2777 1600 2832 sed
1624 2792 1718 2834 cas
1745 2790 1838 2832 ex-

243 2870 538 2926 trinsecus
561 2869 848 2940 proferens
875 2870 1312 2926 sincerissimum
1346 2881 1568 2924 sensum
1589 2867 1837 2940 ejusdem

223 2953 426 3015 'sancti
451 2959 704 3031 Symboli
732 2959 976 3014 reddidit
1023 2959 1374 3016 manifestum
1403 2976 1416 3012 :
1441 2973 1596 3029 teque
1623 2973 1756 3029 ergo
1780 2965 1839 3014 et

240 3046 322 3102 “de
353 3055 550 3104 nostra
580 3049 848 3118 parvitate
892 3047 1153 3104 convenit
1179 3048 1456 3121 judicare,
1488 3048 1582 3118 qui
1622 3063 1734 3102 non
1777 3046 1836 3101 in

1936 577 2238 633 testentur,
2289 569 2540 626 dicentes
2567 586 2580 620 :
2613 566 2923 635 Sequentes
2955 563 3125 635 igitur
3154 572 3212 620 et
3256 579 3360 619 nos
3391 581 3523 620 san~

1938 663 2221 718 ctissimos
2249 662 2466 726 Patres,
2501 658 2857 723 confitemur,
2897 666 3006 714 etc.
3053 657 3158 724 Qui
3205 667 3392 712 autem
3431 673 3524 712 τευ

1938 749 2324 804 tractationem
2359 748 2583 804 concilii
2630 763 2752 804 esse
2792 747 3043 819 judicant
3066 755 3262 803 contra
3295 747 3524 803 haereti-

1938 855 2129 896 corum
2160 856 2332 896 novas
2360 840 2790 895 adinventiones
2815 841 3099 910 quippiam
3124 841 3184 895 in
3211 840 3371 896 libris
3395 857 3526 911 pro-

1932 930 2087 990 ferre
2134 941 2475 999 sanctorum,
2507 944 2606 988 aut
2653 934 2707 989 id
2733 933 2882 1003 quod
2921 935 3277 990 convenienti
3309 935 3524 990 ratione

1937 1025 2234 1080 collectum
2277 1024 2466 1089 fuerit,
2500 1025 2686 1094 primo
2707 1035 2973 1096 arguant,
3003 1023 3066 1078 Β.
3101 1024 3393 1097 Cyrillum,
3427 1023 3519 1096 qui

1939 1115 2110 1188 (sicut
2129 1117 2386 1188 superius
2407 1117 2753 1188 edocuimus)
2776 1117 3024 1188 perfecto
3035 1126 3093 1171 et
3105 1117 3284 1186 primo
3305 1127 3526 1173 sancto-

1931 1224 2060 1263 rum
2101 1210 2328 1264 Patrum
2371 1219 2630 1266 manente
2659 1209 2956 1282 Symbolo,
3006 1209 3075 1264 ad
3120 1209 3520 1266 destruendam

1939 1300 2165 1371 impiam
2212 1301 2724 1372 interpretationem
2761 1302 3004 1358 Nestorii
3047 1302 3391 1357 diversorum
3424 1305 3526 1360 Pa-

1933 1401 2084 1448 trum
2104 1395 2408 1451 sententias
2433 1395 2688 1465 protulit,
2706 1403 2763 1450 et
2782 1395 2844 1449 Β.
2863 1383 3254 1466 Leonem,quir
3267 1397 3527 1475 similiter

1937 1493 2258 1541 sanctorum
2291 1487 2521 1542 Patrum
2566 1487 2906 1543 testimoniis
2947 1496 3154 1544 statuta
3188 1489 3527 1544 venerabilis

1929 1575 2408 1635 Chalcedonensis
2448 1579 2644 1651 synodi
2673 1595 2802 1635 cum
2834 1579 2943 1636 (ide
2971 1581 3198 1658 Patrum
3225 1583 3526 1639 convenire

1935 1668 2149 1724 docuit.
2174 1669 2245 1726 Et
2271 1677 2388 1724 tum
2413 1671 2639 1726 demum
2669 1683 2772 1726 nos
2793 1671 2950 1742 quasi
2977 1679 3371 1728 retractatores
3393 1689 3529 1730 con-

1935 1761 2052 1816 cilii
2077 1777 2320 1833 arguere
2353 1771 2636 1832 poterunt,
2673 1763 2769 1834 qui
2805 1779 2904 1834 per
2947 1773 3268 1819 sanctorum
3299 1765 3525 1822 Patrum
3555 1829 3560 1844 Ι

1937 1851 2079 1908 bene
2104 1855 2353 1924 prolatas
2389 1857 2716 1924 sententias,
2763 1856 3091 1926 repellimus
3133 1856 3526 1914 haereticorum

1937 1942 2233 1998 fallaciam.
2263 1945 2438 2001 Nemo
2468 1946 2619 2002 enim
2665 1955 2818 2004 recte
2858 1947 3296 2016 reprehendatur
3344 1959 3526 2006 tetra-

1927 2043 2092 2090 'ctare
2115 2037 2407 2109 synodum,
2433 2039 2544 2093 nisi
2573 2039 2668 2108 qui
2699 2037 2769 2094 de
2797 2039 2972 2109 ipsius
3003 2038 3524 2109 statutisjudicans,

1941 2142 2052 2182 non
2087 2143 2190 2198 pro
2237 2127 2356 2199 ipsa
2405 2129 2504 2185 sed
2549 2139 2744 2186 contra
2793 2129 2968 2200 ipsam
3003 2131 3228 2186 Patrum
3269 2132 3528 2202 proferre

1943 2223 2118 2270 tentat
2150 2217 2479 2281 sententias,
2525 2217 2670 2274 sicut
2703 2218 2950 2274 haeretici
2995 2219 3225 2293 faciunt.
3273 2221 3377 2286 Qui
3423 2236 3527 2277 au-

1941 2317 2051 2362 tem
2083 2322 2192 2362 non
2219 2317 2416 2363 contra
2449 2308 2646 2380 ipsam,
2690 2311 2787 2365 sed
2820 2326 2923 2382 pro
2955 2312 3094 2382 ipsa,
3127 2312 3352 2366 Patrum
3394 2327 3526 2368 sen-

1940 2399 2144 2454 tentias
2168 2400 2480 2472 proferunt,
2519 2401 2842 2458 defensores
2871 2412 3023 2469 sunt,
3057 2419 3166 2458 non
3199 2413 3528 2461 retractato-

1939 2505 2032 2544 res
2075 2492 2319 2548 concilii.
2371 2493 2604 2549 Frustra
2649 2510 2784 2566 ergo
2833 2495 3062 2550 omnino
3105 2511 3207 2552 nos
3251 2497 3524 2569 synodum

1931 2591 2243 2645 retractare
2268 2593 2542 2655 arguunt,
2567 2600 2708 2656 quos
2739 2586 2932 2642 vident
2956 2603 3066 2641 non
3091 2594 3294 2643 contra
3315 2589 3522 2658 ipsam,

1939 2671 2035 2726 sed
2065 2688 2164 2744 pro
2187 2673 2304 2744 ipsa
2330 2675 2558 2730 Patrum
2579 2675 2829 2746 proferre
2852 2677 3334 2745 sententias.Quia
3356 2693 3526 2751 syne-

1938 2763 2048 2819 dus
2068 2764 2298 2820 alteram
2318 2764 2484 2820 fidem
2503 2774 2599 2821 aut
2623 2765 2960 2822 mathemata
2977 2776 3178 2838 praeter
3198 2779 3522 2826 sanctorum

1935 2857 2166 2912 Patrum
2190 2857 2410 2913 tradere
2425 2857 2523 2913 this
2548 2858 2643 2930 qui
2668 2859 2736 2913 ad
2785 2860 3112 2914 catholicam
3139 2859 3524 2917 ﬁdenroonfu-

1939 2948 2118 3018 giunt,
2165 2948 2496 3018 prohibuit‘:
2531 2964 2641 3005 non
2671 2957 2869 3004 autem
2901 2949 3294 3006 haereticorum
3330 2952 3525 3022 pravi-

1941 3039 2062 3106 tati,
2107 3049 2204 3095 aut
2249 3040 2333 3095 eis
2361 3040 2458 3111 qui
2491 3055 2720 3097 sensim
2756 3038 2890 3112 eius
2934 3043 3245 3100 moliuntur
3275 3055 3527 3099 cornam-

247 3137 370 3208 ‘ipso
415 3140 660 3195 termino
708 3141 1039 3197 venerabilis
1093 3141 1558 3198 Chalcedonensis
1614 3140 1835 3197 concilii
1864 3165 1907 3225 ο
1929 3146 2093 3200 pere,
2123 3131 2552 3187 rationabilibus
2575 3132 2924 3188 documentis
2946 3133 3344 3190 velitobviare.
3365 3135 3525 3192 Unde

247 3230 560 3288 inserimus
598 3219 824 3289 Patrum
857 3235 1180 3302 sententias,
1227 3233 1324 3290 sed
1367 3235 1452 3291 eis
1489 3235 1838 3290 extrinsecus

1939 3225 2282 3293 superﬂuum
2323 3232 2410 3280 est
2443 3225 2609 3280 etiam
2641 3224 2777 3280 illud
2811 3226 2962 3296 quod
3005 3226 3170 3283 nobis
3215 3227 3479 3299 obiicitur
3504 3266 3520 3282 .

248 3325 448 3378 contra
487 3324 750 3380 inimicos
787 3341 892 3396 pro
923 3325 1098 3396 ipsius
1134 3325 1453 3382 defensione
1480 3325 1835 3398 proferimus.

250 3411 349 3469 ἐἰς
375 3414 625 3486 denique
659 3415 728 3470 Β.
777 3431 920 3490 papa
949 3417 1064 3473 Leo
1106 3417 1271 3473 etiam
1303 3424 1429 3490 post
1457 3417 1838 3474 defensionem

249 3507 505 3578 ejusdem
544 3509 768 3564 concilii
797 3517 1042 3576 coactus,
1073 3509 1423 3566 diversorum
1447 3507 1681 3566 Patrum
1718 3525 1842 3564 sen-

253 3599 467 3661 tentiis.
517 3617 620 3671 per
653 3600 746 3656 illa
788 3613 912 3672 quae
944 3601 1206 3657 dicuntur
1234 3601 1524 3673 'Encyclia,
1563 3599 1843 3657 contradi-

251 3691 503 3748 centium
545 3707 642 3748 ora
671 3691 980 3758 obstruere,
1026 3700 1083 3747 et
1127 3707 1424 3763 pravorum
1471 3705 1642 3747 novas
1675 3691 1844 3747 adin-

255 3783 551 3840 ventiones
579 3791 744 3854 atque
767 3782 1073 3839 calumnias
1095 3783 1382 3854 dissipare.
1409 3780 1655 3850 Quorum
1673 3782 1840 3838 etiam

257 3885 366 3926 nos
403 3872 658 3942 exempla
702 3880 1020 3944 sequentes,
1061 3871 1150 3928 his
1192 3871 1288 3942 qui
1317 3885 1563 3928 errorem
1604 3872 1843 3942 proprie

257 3961 561 4034 impietatis
587 3979 658 4020 ex
695 3965 1022 4020 auctoritate
1049 3964 1242 4037 synodi
1276 3963 1618 4020 conﬁrmare
1655 3964 1844 4019 nitun-

253 4057 371 4121 ’tur,
404 4066 464 4112 et
503 4057 676 4112 verba
727 4057 1053 4133 simpliciter
1079 4067 1260 4128 atque
1303 4056 1516 4130 integre
1549 4071 1592 4112 ‘a
1637 4056 1843 4112 sanctis

255 4144 520 4200 ‘Patribus
541 4144 806 4211 edita,oad
834 4159 988 4200 suam
1014 4145 1341 4215 pravitatem
1371 4151 1644 4201 conantur
1668 4151 1842 4198 retor-

251 4248 452 4306 'quere,
488 4237 761 4307 compulsi
801 4249 994 4291 sumus
1019 4245 1335 4292 sanctorum
1359 4235 1604 4290 virorum
1639 4232 1842 4302 proba-

1937 3316 2074 3386 quia
2108 3315 2256 3386 quod
2297 3317 2543 3388 synodus
2577 3333 2691 3374 non
2731 3318 2890 3384 dicit,
2928 3319 3246 3374 nullatenus
3277 3319 3386 3374 dici
3423 3318 3526 3374 de-

1925 3407 2094 3462 «bere.
2125 3407 2262 3474 Qui
2295 3410 2470 3465 multa
2493 3418 2623 3466 sunt
2648 3425 2772 3480 quae
2800 3425 2913 3464 non
2941 3410 3206 3466 dicuntur
3223 3426 3265 3464 .a
3289 3411 3524 3482 synodo,

1933 3513 2045 3553 nec
2073 3499 2130 3552 in
2159 3501 2270 3555 ulla
2307 3501 2587 3571 scriptura
2616 3503 2904 3568 canonica,
2931 3511 2989 3556 et
3017 3511 3200 3558 tamen
3229 3517 3354 3556 eum
3385 3503 3526 3558 ratio

1941 3590 2325 3660 postulaverit,
2367 3607 2432 3646 ea
2480 3593 2802 3648 nullatenus
2843 3593 3094 3664 proferre
3143 3595 3523 3666 ambigimus:

1923 3678 2088 3734 sicut
2125 3687 2212 3736 est
2247 3679 2511 3746 Trinitas,
2551 3691 2651 3737 aut
2675 3696 2805 3738 cum
2837 3683 3096 3740 chatre
3127 3683 3366 3741 dicimus
3397 3687 3526 3757 quia

1939 3770 2224 3842 ingenitus
2246 3779 2351 3839 est,
2377 3773 2560 3829 et‘alia
2589 3773 2768 3844 plura.
2799 3775 2912 3832 Nec
2935 3776 3084 3830 enim
3106 3777 3173 3832 in
3201 3777 3368 3834 rebus
3391 3795 3526 3834 con.

1941 3861 2296 3919 siderandum
2339 3873 2426 3921 est
2476 3863 2645 3937 (sicut
2687 3865 2826 3922 dicit
2860 3867 3214 3924 beatissimus
3256 3869 3525 3942 Augusti-

1941 3952 2068 4026 nus)
2103 3954 2237 4025 quid
2263 3955 2350 4010 vel
2383 3956 2530 4012 sinat
2561 3957 2648 4012 vel
2677 3973 2788 4012 non
2821 3957 2966 4014 sinat
2993 3958 3102 4015 dici
3133 3976 3274 4018 usus
3310 3977 3527 4018 sermo-

1941 4047 2030 4102 nis
2062 4049 2260 4114 nostri,
2283 4048 2384 4104 sed
2413 4049 2541 4119 quis
2567 4065 2752 4105 rerum
2787 4049 3032 4122 ipsarum
3058 4053 3381 4112 intellectus
3403 4057 3524 4111 clu-

1938 4145 2082 4194 ceat.
2125 4135 2233 4194 illis
2266 4139 2342 4193 ita
2389 4139 2836 4206 eebabentibus,
2886 4141 3198 4198 beatissimi
3241 4143 3312 4197 ad
3355 4159 3527 4215 expu-

1943 4229 2216 4302 gnandam
2249 4239 2307 4286 et
2342 4231 2702 4288 auferendam
2737 4233 2808 4286 ab
2833 4233 3094 4288 omnium
3113 4234 3314 4292 animis
3341 4239 3528 4308 suspi-

251 4325 713 4414 ιιὶεςιὶῐηοιηιιπηιυο
751 4331 1041 4383 doctorum
1083 4327 1376 4384 sententiis
1408 4326 1610 4383 armati
1650 4339 1839 4381 occur-

1938 4326 2185 4392 cionem,
2217 4325 2378 4380 sicut
2405 4325 2519 4396 jam
2567 4325 2825 4396 superius
2855 4325 3077 4396 prefati
3123 4343 3340 4394 sumus,
3380 4347 3529 4388 nunc

255 4431 405 4485 πῖθι-ε,
434 4426 498 4474 et
525 4419 722 4490 impias
759 4420 1094 4476 assertiones
1132 4434 1326 4474 eorum
1353 4418 1577 4490 per'Dei
1611 4417 1842 4489 gratiam
1941 4418 2051 4489 jam
2093 4417 2344 4488 qualiter
2393 4417 2474 4472 ‘dc
2530 4417 2910 4474 incarnatione
2969 4427 3184 4476 tantum
3242 4420 3526 4479 Dominica

257 4509 505 4566 refutare
531 4529 546 4564 :
591 4511 1239 4582 evidenter'arguente‘s,
1271 4525 1368 4566 eos
1394 4523 1433 4566 a
1476 4509 1584 4565 fide
1618 4517 1844 4565 saneto-
1865 4499 1922 4556 ’Β
1952 4507 2280 4575 sentiamus,
2309 4508 2427 4564 sive
2451 4509 2584 4580 quid
2614 4509 2683 4566 de
2724 4510 2898 4581 gratia
2921 4510 3044 4578 Dei,
3090 4527 3202 4568 non
3237 4528 3348 4584 qua
3371 4509 3529 4580 crea-

257 4611 385 4657 rem
419 4603 646 4658 Patrum
677 4601 1037 4674 ejusdemque
1067 4598 1286 4658 concilii
1313 4616 1436 4658 esse
1461 4601 1684 4672 penitus
1710 4599 1844 4656 alie-

255 4695 554 4763 ’nos.‘Quid
581 4696 728 4752 enim
759 4703 950 4751 contra
987 4694 1258 4768 'synodum
1301 4702 1359 4750 et
1391 4707 1502 4749 non
1539 4693 1714 4764 magis
1739 4706 1841 4763 pro

255 4787 474 4856 synodo
495 4788 684 4864 est,'si
715 4796 906 4844 contra
943 4786 1688 4844 inimicosChalcedonensis
1711 4799 1842 4840 con-

253 4875 375 4930 'ciiii
411 4878 510 4948 qui
547 4893 677 4934 eum
699 4887 898 4936 contra
941 4889 1259 4936 sanctomm
1286 4880 1510 4935 Patrum
1548 4877 1711 4934 ﬁdem
1745 4891 1841 4932 ve-

256 4965 866 5040 tuisse'calu'muiantur,
904 4981 1224 5029 sanctorum
1253 4970 1502 5026 virorum
1535 4969 1666 5042 ‘(qui
1711 4975 1840 5024 ante

258 5053 440 5124 ipsam
466 5055 524 5112 in
551 5056 812 5115 Ecclesia
844 5060 1185 5132 claruerunt)
1214 5058 1518 5115 sententias
1557 5057 1845 5129 proferen-

269 5152 350 5203 tes
371 5163 388 5202 :
411 5147 772 5208 docuerimus
808 5150 951 5206 nihil
996 5166 1225 5215 novum,
1255 5156 1352 5206 aut
1385 5155 1707 5205 sanctorum
1744 5146 1846 5204 Pa-

273 5243 414 5293 trum
457 5239 948 5298 ﬁdei-contrarium
993 5259 1025 5298 a
1066 5249 1374 5299 memorato
1409 5239 1577 5297 fuisse
1606 5240 1844 5297 concilio

271 5338 531 5389 statutum
554 5332 924 5391 i-Pmsertim
971 5347 1098 5390 cum
1159 5333 1488 5404 incipientes
1539 5331 1844 5387 beatissimi

272 5418 459 5484 Patres
495 5427 593 5500 qui
632 5427 690 5483 in
753 5427 874 5499 ipsa
909 5425 1128 5501 synodo
1151 5434 1566 5494 convenerunt,
1617 5439 1843 5482 sensum

1949 4611 2097 4665 mur,
2139 4600 2238 4656 sed
2280 4613 2346 4656 ea
2367 4615 2483 4672 qua
2524 4616 2863 4670 recreemur,
2892 4604 3192 4675 sapiamus,
3212 4609 3529 4663 necessarie

1937 4692 2106 4749 vobis
2126 4691 2406 4750 credimus
2424 4693 2606 4750 facere
2627 4693 3002 4752 manifestum.
3027 4695 3166 4764 Quia
3189 4697 3338 4754 nulla
3365 4699 3530 4756 nobis

1943 4796 2094 4838 nunc
2105 4776 2312 4838 de‘Filii
2336 4784 2431 4840 Dei
2449 4784 2762 4852 divinitate,
2779 4795 3130 4856 qua-constat
3147 4797 3207 4844 et
3227 4789 3420 4846 unitas
3443 4799 3530 4847 est

1945 4874 2095 4930 Patri
2137 4881 2198 4932 et
2237 4874 2473 4946 Spiritui
2503 4884 2718 4944 sancto,
2751 4876 3027 4934 dubietas.
3053 4877 3116 4934 Si
3143 4880 3278 4952 quid
3299 4897 3439 4954 ergo
3465 4883 3524 4937 in

1943 4967 2050 5023 hac
2071 4967 2444 5024 satisfactione
2472 4966 2600 5025 ﬁdei
2627 4977 2854 5036 nostrae,
2877 4969 3218 5026 contrarium
3236 4972 3529 5030 catholica:

1947 5057 2098 5126 ﬁdei,
2141 5067 2239 5115 aut
2282 5069 2601 5116 sanctorum
2644 5059 2874 5116 Patrum
2906 5061 3298 5120 traditionibus
3339 5073 3526 5120 vestra

1947 5147 2209 5206 sanctitas
2231 5149 2587 5220 iudicaverit,
2616 5150 2895 5208 instruere
2921 5159 2979 5208 et
3009 5155 3308 5214 emendare
3335 5150 3525 5228 digne-

1949 5247 2042 5296 tur
2074 5259 2088 5294 :
2126 5242 2175 5298 si
2217 5251 2402 5298 autem
2447 5242 2872 5301 convenientem
2893 5284 2908 5312 ,
2941 5245 3168 5318 propria
3199 5245 3525 5306 auctoritate

1945 5333 2190 5390 ﬁrmare.
