3904 6144
499 358 584 426 79
750 316 772 324 ο
1794 351 2117 412 JOANNIS
2159 348 2532 409 MAXENTII

543 562 2995 596 ’.Μ-Μ

1861 749 2398 841 EJUSDEM

1139 995 1345 1119 DE
1443 991 2138 1124 CHRISTO
2237 988 3160 1123 PROFESSIO.

576 1395 737 1450 Totus
781 1401 858 1448 est
891 1391 1194 1446 Maxentius
1234 1393 1288 1445 in
1323 1393 1423 1444 hac
1445 1405 1556 1444 sua!
1587 1388 1713 1458 ﬁdei
1743 1385 2094 1458 Professione,
2129 1399 2177 1442 et
2207 1391 2262 1442 in
2307 1389 2429 1444 aliis
2470 1393 2712 1460 aperibus
2747 1394 2878 1456 suis,
2909 1408 3026 1463 (μη
3053 1397 3188 1452 huic
3223 1409 3376 1454 (ama
3415 1403 3763 1462 ingerentum

503 1498 724 1561 propter
748 1488 1124 1558 professionem
1149 1493 1200 1538 et
1226 1483 1658 1555 approbationem
1688 1484 1812 1554 fidei
1841 1483 2048 1536 concilii
2081 1481 2516 1538 Chalcedonensis
2556 1494 2741 1538 contra
2774 1485 3126 1543 Nestorianos
3167 1502 3222 1544 et
3257 1492 3621 1564 Eutychianos
3643 1492 3760 1547 stati-

505 1584 700 1638 liretur
727 1584 837 1638 loco
861 1580 1150 1652 propositio
1175 1593 1193 1634 :
1223 1578 1462 1634 Christus
1497 1596 1634 1634 uitus
1663 1581 1729 1633 de
1755 1580 2012 1634 Trinitate
2037 1595 2222 1649 passus
2247 1577 2328 1632 rel
2359 1578 2638 1648 cruciﬁxus
2663 1589 2761 1646 est,
2787 1597 2905 1651 quia
2933 1582 3051 1636 licet
3083 1585 3154 1638 de
3181 1603 3244 1640 se
3275 1588 3526 1659 alioquin
3555 1593 3760 1643 suasmet

481 1679 824 1734 catholicum
849 1693 1060 1732 sensum
1095 1676 1235 1746 ferre
1257 1677 1444 1746 possit,
1474 1683 1652 1729 tamen
1679 1675 1839 1746 legati
1867 1673 1926 1729 S.
1955 1675 2250 1728 llormisdae
2284 1689 2438 1744 papa:
2467 1674 2612 1745 apud
2636 1673 3158 1747 Constantinopolim
3187 1682 3310 1752 ipse
3337 1681 3398 1736 S.
3432 1683 3709 1737 Hormisdas
3727 1687 3756 1730 α

505 1770 730 1842 plurimi
753 1768 852 1823 alii
875 1769 1048 1820 sancti
1074 1774 1124 1819 et
1154 1764 1429 1820 orthodoxi
1462 1767 1562 1820 viri
1592 1766 1832 1820 eamdem
1859 1767 2188 1820 vehementer
2213 1766 2582 1834 improbabant
2611 1775 2658 1818 et
2689 1775 2946 1838 tanquam
2966 1785 3166 1824 novam
3200 1782 3258 1827 et
3289 1775 3598 1827 hcereticam
3625 1767 3756 1838 orph-

501 1865 722 1929 debant,
759 1863 899 1935 quod
927 1865 983 1916 in
1010 1879 1073 1916 ea
1102 1861 1198 1916 sub
1227 1861 1383 1916 melle
1410 1876 1670 1916 venenum
1695 1860 2090 1932 Eutycbianum
2125 1859 2501 1914 occultaretur.
2527 1859 2731 1916 Causas
2765 1878 2860 1916 cur
2886 1879 3004 1916 eam
3037 1867 3244 1920 merito
3286 1868 3628 1938 repudiarent
3653 1862 3754 1915 estti-

497 1958 627 2013 tent
669 1965 775 2011 tres
823 1958 963 2010 inter
1005 1955 1143 2010 alias
1173 1953 1480 2009 Ferrandus
1509 1953 1945 2026 Carthaginensis
1987 1953 2263 2017 diaconus,
2299 1952 2513 2006 celebris
2554 1954 2669 2022 eius
2719 1956 2965 2022 temporis
2986 1957 3251 2028 scriptor,
3293 1961 3480 2030 Epist.
3512 1959 3576 2012 ad
3601 1957 3753 2010 Anato-

471 2053 640 2108 ‘1ium
689 2053 920 2106 Roman.
959 2051 1109 2106 Eccl.
1143 2051 1460 2110 diaconum.
1503 2050 1690 2106 Prima
1737 2060 1875 2116 erat,
1921 2066 1986 2104 ne
2033 2050 2250 2103 dicendo
2297 2066 2432 2102 unus
2463 2049 2526 2102 de
2557 2048 2835 2114 Trinitate,
2869 2058 3156 2120 putaretur
3189 2055 3355 2109 aliud
3400 2071 3512 2109 esse
3547 2053 3751 2111 unum!
3828 2093 3829 2096 η

499 2144 656 2200 aliud
683 2143 1019 2198 Trinitatem.
1049 2141 1293 2197 Secunda
1319 2159 1386 2195 ne
1411 2142 1676 2196 videretur
1703 2142 1850 2210 ﬁlias
1885 2140 2178 2204 Trinitatis,
2209 2139 2291 2194 rel
2321 2138 2463 2193 Deus
2495 2137 2788 2195 Trinitatis.
2818 2138 3044 2196 Consule
3071 2144 3259 2213 ipsum
3305 2147 3476 2201 latius
3513 2147 3606 2198 ista
3635 2137 3751 2208 (spli-

504 2249 736 2306 cantem,
763 2247 812 2293 et
843 2237 1114 2309 Epistolas
1143 2237 1458 2303 Hormisdw,
1488 2245 1536 2290 et
1567 2207 1864 2307 legatorum
1895 2237 2010 2306 ejus
2039 2245 2172 2289 tom.
2203 2235 2222 2288 Ι
2251 2234 2426 2304 Epist.
2460 2235 2620 2288 Rom.
2648 2233 2846 2304 pontii.
2877 2207 3107 2306 Insuper
3136 2255 3273 2308 quae
3299 2249 3558 2295 accurate
3580 2235 3750 2290 adnotat
3827 2207 3829 2268 ί

461 2339 474 2348 ’
507 2330 781 2384 Baronius
807 2340 943 2383 tom.
974 2328 1063 2384 Vll
1091 2327 1294 2381 Annal.
1321 2342 1468 2382 anno
1493 2327 1618 2391 519,
1647 2343 1770 2396 cap.
1804 2327 1892 2390 85,
1921 2335 1979 2380 et
2012 2325 2129 2391 106,
2158 2334 2212 2379 et
2245 2325 2365 2379 “2.
2399 2323 2752 2390 Quamobrem
2780 2341 3036 2396 suspenso
3067 2331 3206 2398 pede
3239 2339 3294 2383 et
3333 2333 3452 2384 acri
3472 2327 3656 2400 judicio
3676 2321 3749 2372 κε

461 2431 468 2436 ’
503 2439 671 2493 opera
697 2421 922 2476 Joannis
949 2420 1202 2476 Maxentii
1244 2422 1760 2492 tanquam‘ltwretici
1793 2421 2130 2494 Eutychiani,
2157 2437 2220 2474 eo
2245 2421 2634 2492 perniciosioris
2665 2437 2766 2491 quo
2796 2421 3034 2477 cultioris
3065 2424 3163 2478 tibi
3186 2425 3424 2496 legenda
3456 2426 3748 2496 premnt,“

461 2519 470 2542 ί
503 2519 796 2592 impingas.

575 2748 749 2821 Igitur
789 2755 1090 2819 sequentes
1129 2747 1189 2804 in
1230 2748 1490 2804 omnibus
1545 2748 1712 2804 ﬁdem
1777 2758 2096 2803 sanctorum
2129 2763 2170 2818 Α
2201 2758 2516 2812 carnem,et
2537 2748 2667 2820 quia
2693 2748 2841 2804 Deus
2867 2749 3036 2804 homo
3057 2749 3242 2808 factus
3273 2751 3403 2808 est?
3430 2748 3526 2805 llis
3552 2752 3744 2812 congrue

2196 2839 2578 2895 sanctissimus
2607 2840 2895 2911 theologus
2919 2841 3158 2912 Cyrillus
3183 2844 3257 2898 ad
3283 2842 3598 2900 Nestorium
3621 2853 3634 2888 :
3655 2830 3744 2887 Non

499 2843 752 2906 Patrum,
779 2842 1112 2896 conﬁtemur
1145 2857 1316 2896 unum
1347 2841 1716 2912 eumdemque
1753 2841 1953 2896 Filium
1996 2841 2095 2896 Dci

502 2932 802 2988 Dominum
871 2933 1373 2988 nostrum-Jesum
1435 2932 1722 2988 Christum
1785 2932 2093 3002 perfectum

484 3024 763 3080 .euindem
813 3023 870 3078 in
913 3024 1226 3091 divinitate,
1259 3023 1566 3094 perfectum
1602 3025 1859 3081 eumdem
1893 3025 1951 3078 in
1992 3025 2096 3078 hu-

459 3153 466 3162 .
507 3117 797 3181 manitate,
828 3116 1001 3169 Deum
1032 3131 1225 3171 verum
1265 3125 1327 3172 et
1357 3117 1639 3172 hominem
1673 3132 1889 3181 verum,
1932 3131 2095 3170 eum-

501 3209 633 3264 dem
683 3223 752 3262 ex
805 3207 989 3262 anima
1044 3209 1302 3262 rationali
1363 3215 1420 3263 et
1454 3223 1723 3279 corpore,
1764 3208 2096 3263 homousion

504 3301 657 3358 Patri
725 3299 1034 3356 secundum
1098 3299 1468 3364 divinitatem,
1535 3299 1871 3354 homousion
1935 3298 2096 3353 nobis

505 3391 764 3448 eumdem
799 3389 1107 3447 secundum
1149 3389 1574 3456 humanitatem,
1599 3405 1702 3460 per
1725 3389 1911 3444 omnia
1941 3388 2096 3443 simi-

466 3521 476 3530 ι
506 3483 616 3539 lem
645 3485 855 3556 absque
881 3493 1130 3555 peccato.
1164 3481 1308 3538 Ante
1341 3483 1540 3540 saecula
1569 3481 1794 3553 quidem
1824 3480 1894 3537 de
1930 3481 2095 3536 Patre

499 3585 693 3634 natum
738 3576 1047 3633 secundum
1073 3575 1444 3640 divinitatem,
1471 3573 1531 3629 in
1554 3573 1876 3630 novissimis
1905 3583 2092 3628 autem

469 3670 701 3726 diebus
729 3670 1010 3735 eumdem,
1039 3675 1269 3739 propter
1294 3681 1432 3731 nos,
1463 3672 1520 3720 et
1551 3673 1799 3720 nostmm
1831 3664 2090 3728 salutem,

449 3810 457 3817 .
496 3776 570 3815 ex
603 3759 771 3814 Maria
800 3761 1025 3830 Virgine
1055 3760 1151 3812 Dei
1186 3758 1466 3812 Gcnitrice
1495 3755 1797 3811 secundum
1831 3752 2092 3808 humani-

451 3858 696 3906 .tatem.
747 3848 927 3904 Unum
989 3846 1359 3913 eamdemque
1410 3845 1693 3899 Christum
1741 3843 1943 3897 Filium
1993 3842 2092 3898 Dei

501 3938 876 4010 unigenitum,
913 3937 1072 4009 535
1113 3937 1171 3991 in
1212 3935 1354 3991 duas
1385 3945 1634 4001 naturas,
1667 3933 1976 4001 inconfuse,
2006 3933 2092 3988 in-

499 4029 1002 4097 commutabiliter,
1055 4027 1328 4093 indivise,
1393 4027 1838 4098 inseparabiliter
1883 4041 2091 4098 cogno-

2194 2933 2365 2997 enim,
2405 2933 2603 3002 inquit,
2640 2933 2878 2989 dicimus
2912 2935 3060 3004 quod
3103 2935 3204 2990 Dei
3253 2947 3481 3000 natura,
3525 2933 3738 2986 contem

2197 3031 2292 3076 aut
2319 3022 2627 3087 immutata,
2663 3021 2803 3077 facta
2832 3023 2903 3077 sit
2929 3038 3078 3088 caro,
3107 3025 3196 3079 vel
3221 3027 3380 3096 quod
3409 3027 3648 3079 intutum
3670 3012 3740 3066 δυ’

2197 3114 2424 3178 minem,
2461 3113 2555 3182 qui
2585 3123 2670 3169 est
2697 3130 2766 3169 ex
2807 3115 2988 3169 anima
3015 3125 3073 3171 et
3105 3132 3371 3188 corpore,
3405 3112 3736 3196 transformat!

2197 3202 2289 3266 sit,
2317 3201 2412 3256 sed
2449 3201 2584 3254 illud
2619 3203 2791 3272 magis
2820 3202 2969 3272 quod
2999 3218 3224 3258 carnem
3251 3207 3552 3276 animatam
3581 3203 3735 3250 etant-

2198 3308 2339 3346 mam
2375 3293 2698 3347 rationalem
2728 3293 2834 3347 sibi
2861 3295 3208 3364 copulaverit
3241 3298 3511 3358 Verbum,
3535 3300 3586 3345 et
3605 3282 3733 3340 Filius

2195 3385 2295 3440 Dei
2334 3386 2844 3452 subsistentialiter,
2891 3387 3272 3456 ineﬂabiliter,
3311 3368 3732 3456 incomprehensi-

2198 3477 2385 3533 biliter
2429 3478 2608 3534 factus
2653 3479 2725 3534 sit
2758 3479 2946 3544 homo,
2991 3490 3048 3536 et
3093 3491 3453 3554 nuncupatus
3493 3477 3562 3533 sit
3599 3466 3732 3525 Filius

2195 3567 2456 3622 hominis.
2483 3567 2596 3622 Nec
2638 3567 2785 3622 nuda
2829 3576 3044 3624 tantum
3089 3571 3397 3636 voluntate,
3425 3581 3524 3624 nec
3560 3565 3729 3616 assum‘
3827 3565 3829 3620 I

2195 3659 2382 3730 ptione
2418 3675 2687 3730 personae,
2719 3660 2816 3716 sed
2849 3661 2995 3730 quod
3043 3662 3276 3718 diversae
3313 3662 3535 3734 quidem
3568 3653 3729 3708 namne

2193 3755 2252 3808 in
2285 3769 2455 3808 unum
2485 3756 2866 3822 convenerint,
2894 3772 3040 3812 unus
3065 3768 3246 3812 tamen
3271 3774 3343 3813 ex
3368 3765 3588 3822 utraque
3604 3735 3727 3798 Chr“

2195 3853 2314 3899 stus
2334 3854 2391 3899 et
2419 3845 2613 3910 Filius,
2647 3860 2758 3900 non
2785 3855 3051 3902 evacuata
3080 3856 3177 3903 aut
3205 3849 3426 3906 sublata
3453 3837 3726 3900 natura"!In

2184 3930 2766 4002 diversitatepropter
2791 3935 3070 3991 unionem.

2255 4023 2494 4078 llorum.
2515 4024 2687 4094 igitur
2733 4036 3051 4082 sanctorum
3079 4029 3308 4084 Patrum
3353 4024 3642 4090 doctrinam
3665 4021 3726 4064 59‘

497 4122 790 4178 scendum.
839 4122 910 4178 lu
961 4121 1118 4177 nullo
1160 4127 1492 4176 naturarum
1533 4117 1916 4174 diversitatem
1960 4132 2094 4188 pro-
2126 4114 2168 4173 Β
2196 4125 2452 4188 quentes,
2486 4115 2890 4172 abominamur
2941 4120 3128 4175 omnia
3173 4136 3370 4176 eorum
3417 4109 3724 4175 deliram!"a

498 4225 622 4285 pler
649 4215 915 4272 unitatem
941 4213 1346 4288 perimendam,
1372 4211 1522 4267 salva
1545 4211 1732 4282 potius
1753 4211 2091 4282 proprietate

499 4311 792 4379 utriusque
836 4318 1048 4366 naturae
1093 4309 1152 4364 in
1184 4322 1313 4363 .una
1361 4320 1596 4376 persona
1638 4319 1860 4375 unaque
1906 4302 2092 4358 subsi-

495 4399 700 4455 stentia
733 4409 1118 4456 concurrente.
1143 4401 1266 4454 Non
1296 4398 1354 4451 in
1388 4397 1525 4452 duas
1569 4411 1834 4468 personas
1874 4395 2090 4466 patien-

494 4494 626 4544 o‘um
657 4502 752 4546 aut
795 4489 1184 4552 dividendum],
1225 4484 1325 4540 sed
1374 4499 1544 4538 unum
1581 4485 1950 4554 eumdemque
1996 4483 2089 4538 Fi-

494 4579 631 4636 lium
664 4583 1012 4652 unigenitum
1047 4582 1224 4634 Deum
1251 4574 1518 4641 Verbum,
1549 4577 1842 4631 Dominum
1876 4577 2086 4641 Jesum,

449 4713 452 4720 .
494 4668 640 4722 sicut
666 4670 736 4724 ab
768 4671 928 4724 initio
955 4668 1119 4722 nobis
1163 4661 1454 4734 prophetae
1480 4661 1760 4728 dixerunt,
1786 4665 1855 4719 de
1882 4666 1997 4720 Deo
2035 4671 2092 4717 et

455 4797 462 4802 .
496 4756 615 4824 ipse
643 4773 744 4814 nos
770 4761 1024 4814 Christus
1056 4753 1326 4813 erudivit.
1363 4751 1472 4806 llas
1504 4753 1671 4822 igitur
1699 4756 1836 4810 duas
1861 4765 2092 4812 naturas

493 4844 594 4898 Dei
627 4848 778 4902 verbi
803 4849 1022 4904 Domini
1057 4844 1236 4903 nostri
1269 4843 1399 4898 Jesu
1435 4840 1658 4910 Christi,
1691 4846 1799 4901 hoc
1815 4855 1912 4901 est
1943 4845 2091 4901 divi-

470 4975 482 4983 .
501 4935 688 4988 uitatis
712 4945 768 4990 et
793 4937 1178 5002 humanitatis,
1208 4930 1564 4998 naturaliter,
1591 4935 1893 4990 secundum
1921 4935 2092 4992 tradi-

485 5019 705 5078 .tion'em
748 5037 1067 5084 sanctorum
1097 5031 1330 5086 Patrum
1363 5021 1642 5079 credimus
1681 5035 1737 5080 et
1761 5027 2093 5084 conﬁtemur

497 5115 710 5178 unitas,
736 5132 914 5187 eoque
937 5129 1143 5176 natura
1179 5110 1523 5172 inviolabilis
1554 5113 1648 5168 Dei
1677 5117 2093 5182 Verbi,natura3

492 5210 584 5275 est
616 5204 768 5259 unita
815 5209 1085 5276 passibili,
1129 5200 1461 5262 beatissimo
1502 5201 1663 5259 simul
1691 5213 1855 5276 atque
1883 5209 2093 5264 doctis-

501 5293 644 5350 simo
690 5296 993 5352 Athanasio
1040 5299 1267 5353 dicente
1299 5310 1311 5344 :
1339 5291 1582 5346 Verbum
1621 5311 1772 5364 caro,
1815 5315 1926 5354 non
1960 5315 2092 5356 caro

501 5385 740 5442 Verbum
786 5387 993 5442 factum
1039 5397 1142 5444 est.
1193 5383 1442 5442 Verbum
1485 5393 1668 5440 autem
1713 5404 1842 5443 caro
1887 5391 2092 5446 factum

502 5477 728 5545 dicitur,
762 5478 894 5549 quia
920 5479 1086 5534 Verbi
1129 5479 1279 5532 facta
1325 5484 1413 5526 est
1441 5486 1586 5538 caro,
1620 5487 1674 5531 et
1717 5495 1828 5534 non
1858 5483 2093 5554 alicujus

503 5565 766 5637 hominis,
794 5571 901 5624 hoc
939 5577 1044 5634 est,
1078 5570 1223 5623 Deus
1251 5565 1423 5616 homo
1465 5559 1638 5618 factus
1661 5579 1766 5634 est,
1796 5579 1852 5624 et
1890 5574 2092 5627 dicitur

503 5667 656 5721 caro,
689 5677 756 5715 ne
793 5661 1136 5731 prmtcreatis
1180 5653 1373 5712 carnis
1421 5666 1638 5708 nomen.
1666 5659 1776 5714 Cur
1806 5678 1938 5734 ergo
1978 5679 2093 5717 non

494 5743 707 5803 «allicit
749 5753 910 5808 nobis
954 5751 1224 5808 naturalis
1271 5742 1454 5802 unitio
1501 5743 1660 5801 Verbi
1705 5752 1770 5806 ad
1811 5756 2091 5825 propriam

2193 4207 2289 4277 qui
2319 4207 2491 4260 ﬁlium
2513 4206 2627 4260 ﬁlio
2647 4207 2984 4276 copulatum,
3000 4219 3096 4264 aut
3115 4210 3349 4266 alterum
3372 4201 3723 4266 inhabitanle‘“

2193 4299 2248 4352 in
2271 4297 2466 4364 altero,
2489 4298 2722 4352 alterum
2755 4306 2937 4353 autem
2961 4301 3122 4355 alteri
3175 4303 3510 4358 conﬁtentur
3529 4293 3720 4349 unitum:

2195 4391 2501 4447 secundum
2559 4390 2816 4446 allectum
2863 4401 2960 4447 aut
3005 4395 3260 4464 gratiam,
3309 4404 3407 4450 aut
3446 4385 3722 4460 dignitatem

2192 4493 2288 4539 aut
2334 4484 2599 4554 aequalem
2625 4483 2894 4538 honorem
2940 4485 3062 4540 sive
3105 4489 3510 4545 auctoritatem,
3541 4481 3624 4531 εισι
3655 4478 3721 4519 ⁵⁸⁸

2192 4575 2436 4630 cundum
2481 4576 3079 4644 connuncupationem,
3120 4587 3222 4633 aut
3253 4573 3610 4647 concordiam.
3647 4555 3718 4610 3‘“

2193 4663 2641 4728 illustrationem,
2685 4669 2800 4720 sive
2846 4668 3149 4722 secundum
3185 4651 3718 4740 ineperationemiaf"

2195 4755 2536 4824 personalcm
2581 4755 2776 4809 factam
2792 4758 3025 4812 credunt
3041 4737 3366 4829 unitionein,
3389 4763 3539 4817 beato
3554 4737 3718 4836 Cyrillo

2193 4845 2251 4899 in
2296 4846 2537 4914 capitulo
2587 4847 2747 4900 tertio
2793 4859 2982 4903 contra
3023 4828 3356 4910 Nestorium
3387 4854 3592 4909 dicente
3629 4853 3642 4890 ε
3673 4828 3716 4882 Si

2191 4937 2318 5006 quis
2355 4937 2410 4992 in
2442 4953 2552 4992 uno
2584 4937 2803 4994 Christo
2841 4941 3042 4997 dividit
3091 4945 3426 5002 substantias
3473 4941 3586 5012 post
3617 4919 3714 5012 υηίέ

2196 5037 2387 5093 tatem,
2425 5031 2538 5084 sola
2561 5046 2654 5085 eas
2683 5032 2947 5088 societate
2977 5046 3317 5094 connectens
3347 5011 3628 5095 secundum
3653 5011 3718 5069 di‘

2195 5121 2479 5190 gnitatem,
2513 5131 2608 5175 aut
2631 5125 3016 5180 auctoritatem
3044 5141 3141 5185 aut
3189 5133 3507 5199 potentiam,
3546 5127 3595 5174 ει
3629 5117 3714 5165 non

2197 5209 2371 5279 magis
2401 5223 2676 5267 convento
2709 5216 2780 5268 ad
2813 5218 3079 5272 unitatem
3108 5223 3436 5285 naturalem,
3473 5207 3716 5273 anatbem3

2197 5301 2288 5353 sit.
2325 5299 2590 5357 Similiter
2629 5304 2822 5362 beatus
2863 5309 3163 5380 Gregorius
3207 5312 3263 5366 in
3296 5310 3530 5382 Epistola
3559 5297 3618 5355 ad
3645 5287 3714 5346 Di‘

2201 5391 2428 5444 donium
2459 5409 2472 5444 :
2509 5393 2566 5448 Si
2595 5397 2746 5464 quis,
2781 5397 2983 5469 inquit,
3015 5401 3161 5456 sicut
3184 5402 3240 5456 in
3264 5404 3526 5474 prOpbeta
3551 5393 3716 5474 500"“?

2199 5481 2332 5533 dum
2369 5482 2598 5550 gratiam
2689 5486 2826 5542 dicit
2859 5491 3178 5561 inoperasse
3219 5473 3392 5548 Deum
3425 5473 3714 5561 Verbumt‘?‘

2200 5587 2311 5624 non
2333 5571 2770 5634 substantialiter
2796 5558 2996 5636 iactam
3023 5583 3317 5639 conﬁtetur
3340 5583 3638 5640 unitioncuh
3662 5558 3716 5616 δίί

2203 5679 2408 5718 vacuus
2426 5669 2670 5726 melioris
2700 5671 3122 5742 inoperationis,
3160 5676 3330 5746 magis
3361 5688 3532 5732 autem
3555 5676 3602 5722 ει
3623 5657 3712 5746 ΡΨ

2177 5769 2306 5846 ntus
2326 5755 2636 5816 deterioris.
2673 5763 2847 5821 Unam
2873 5783 3010 5823 vero
3039 5744 3272 5825 duarum
3291 5773 3595 5824 naturarum
3618 5744 3715 5808 Sub‘

3825 5831 3830 5904 Ι

3826 5943 3830 5992 1
