  <div class='ocr_page' id='page_1' title='image "/cluster/home/n/w/nwhite01/storage/ocr_20150623/86 pt.1/mdp.39015028803867/048.png"; bbox 0 0 3952 6136; ppageno 0'>
   <div class='ocr_carea' id='block_1_1' title="bbox 249 236 3483 338">
    <p class='ocr_par' dir='ltr' id='par_1_1' title="bbox 249 236 3483 338">
     <span class='ocr_line' id='line_1_1' title="bbox 249 236 3483 338; baseline -0.018 0"><span class='ocrx_word' id='word_1_1' title='bbox 249 268 306 338; x_wconf 83' lang='grc'><strong>81</strong></span> <span class='ocrx_word' id='word_1_2' title='bbox 1386 251 1485 311; x_wconf 86' lang='lat' dir='ltr'><strong>DE</strong></span> <span class='ocrx_word' id='word_1_3' title='bbox 1535 246 1865 308; x_wconf 70' lang='lat' dir='ltr'><strong>cnmsro</strong></span> <span class='ocrx_word' id='word_1_4' title='bbox 1919 241 2350 306; x_wconf 73' lang='lat' dir='ltr'><strong>rnornssm.</strong></span> <span class='ocrx_word' id='word_1_5' title='bbox 3411 236 3483 300; x_wconf 53' lang='grc' dir='ltr'><strong>δεῖ</strong></span> 
     </span>
    </p>
   </div>
   <div class='ocr_carea' id='block_1_2' title="bbox 245 349 3480 443">
    <p class='ocr_par' dir='ltr' id='par_1_2' title="bbox 245 349 3480 443">
     <span class='ocr_line' id='line_1_2' title="bbox 245 349 3480 443; baseline -0.012 -3"><span class='ocrx_word' id='word_1_6' title='bbox 245 380 547 441; x_wconf 79' lang='lat' dir='ltr'><strong>sistentiam,</strong></span> <span class='ocrx_word' id='word_1_7' title='bbox 572 373 688 430; x_wconf 84' lang='lat' dir='ltr'><strong>sive</strong></span> <span class='ocrx_word' id='word_1_8' title='bbox 715 385 1030 443; x_wconf 82' lang='lat' dir='ltr'><strong>personam,</strong></span> <span class='ocrx_word' id='word_1_9' title='bbox 1079 382 1242 438; x_wconf 89' lang='lat' dir='ltr'><strong>quam</strong></span> <span class='ocrx_word' id='word_1_10' title='bbox 1275 363 1436 420; x_wconf 91' lang='lat' dir='ltr'><strong>nobis</strong></span> <span class='ocrx_word' id='word_1_11' title='bbox 1479 361 1793 419; x_wconf 87' lang='lat' dir='ltr'><strong>veneranda</strong></span> <span class='ocrx_word' id='word_1_12' title='bbox 1827 369 1866 424; x_wconf 76' lang='grc' dir='ltr'>Α</span> <span class='ocrx_word' id='word_1_13' title='bbox 1898 357 2048 414; x_wconf 84' lang='lat' dir='ltr'><strong>urbis</strong></span> <span class='ocrx_word' id='word_1_14' title='bbox 2062 359 2375 428; x_wconf 89' lang='lat' dir='ltr'><strong>episcopus,</strong></span> <span class='ocrx_word' id='word_1_15' title='bbox 2397 368 2556 424; x_wconf 92' lang='lat' dir='ltr'><strong>quem</strong></span> <span class='ocrx_word' id='word_1_16' title='bbox 2585 350 2748 408; x_wconf 82' lang='lat' dir='ltr'><strong>etiam</strong></span> <span class='ocrx_word' id='word_1_17' title='bbox 2779 349 3096 406; x_wconf 83' lang='lat' dir='ltr'><strong>veneranda</strong></span> <span class='ocrx_word' id='word_1_18' title='bbox 3121 349 3329 420; x_wconf 88' lang='lat' dir='ltr'><strong>recepit</strong></span> <span class='ocrx_word' id='word_1_19' title='bbox 3354 363 3480 419; x_wconf 77' lang='lat' dir='ltr'><strong>syn-</strong></span> 
     </span>
    </p>
   </div>
   <div class='ocr_carea' id='block_1_3' title="bbox 245 455 1791 536">
    <p class='ocr_par' dir='ltr' id='par_1_3' title="bbox 245 455 1791 536">
     <span class='ocr_line' id='line_1_3' title="bbox 245 455 1791 536; baseline -0.013 -8"><span class='ocrx_word' id='word_1_20' title='bbox 245 465 686 529; x_wconf 80' lang='lat' dir='ltr'><strong>Chalcedoncnsis</strong></span> <span class='ocrx_word' id='word_1_21' title='bbox 732 464 976 536; x_wconf 79' lang='lat' dir='ltr'><strong>synodus</strong></span> <span class='ocrx_word' id='word_1_22' title='bbox 1023 460 1275 524; x_wconf 90' lang='lat' dir='ltr'><strong>tradidit,</strong></span> <span class='ocrx_word' id='word_1_23' title='bbox 1316 455 1522 512; x_wconf 83' lang='lat' dir='ltr'><strong>nullius</strong></span> <span class='ocrx_word' id='word_1_24' title='bbox 1561 455 1791 511; x_wconf 88' lang='lat' dir='ltr'><strong>alterius</strong></span> 
     </span>
    </p>
   </div>
   <div class='ocr_carea' id='block_1_4' title="bbox 243 548 1798 620">
    <p class='ocr_par' dir='ltr' id='par_1_4' title="bbox 243 548 1798 620">
     <span class='ocr_line' id='line_1_4' title="bbox 243 548 1798 620; baseline -0.012 0"><span class='ocrx_word' id='word_1_25' title='bbox 243 565 336 620; x_wconf 85' lang='lat' dir='ltr'><strong>nisi</strong></span> <span class='ocrx_word' id='word_1_26' title='bbox 379 561 471 616; x_wconf 85' lang='lat' dir='ltr'><strong>Dei</strong></span> <span class='ocrx_word' id='word_1_27' title='bbox 498 559 658 615; x_wconf 85' lang='lat' dir='ltr'><strong>Verbi</strong></span> <span class='ocrx_word' id='word_1_28' title='bbox 693 555 965 614; x_wconf 88' lang='lat' dir='ltr'><strong>inearnati</strong></span> <span class='ocrx_word' id='word_1_29' title='bbox 1002 562 1058 609; x_wconf 92' lang='lat' dir='ltr'><strong>et</strong></span> <span class='ocrx_word' id='word_1_30' title='bbox 1103 552 1346 608; x_wconf 90' lang='lat' dir='ltr'><strong>hominis</strong></span> <span class='ocrx_word' id='word_1_31' title='bbox 1391 549 1519 605; x_wconf 87' lang='lat' dir='ltr'><strong>facti</strong></span> <span class='ocrx_word' id='word_1_32' title='bbox 1568 548 1798 604; x_wconf 90' lang='lat' dir='ltr'><strong>conﬁte-</strong></span> 
     </span>
    </p>
   </div>
   <div class='ocr_carea' id='block_1_5' title="bbox 244 643 1797 721">
    <p class='ocr_par' dir='ltr' id='par_1_5' title="bbox 244 643 1797 721">
     <span class='ocr_line' id='line_1_5' title="bbox 244 643 1797 721; baseline -0.011 -12"><span class='ocrx_word' id='word_1_33' title='bbox 244 671 374 710; x_wconf 91' lang='lat' dir='ltr'><strong>mur.</strong></span> <span class='ocrx_word' id='word_1_34' title='bbox 415 654 644 721; x_wconf 75' lang='lat' dir='ltr'><strong>Propter</strong></span> <span class='ocrx_word' id='word_1_35' title='bbox 687 649 838 720; x_wconf 80' lang='lat' dir='ltr'><strong>quod</strong></span> <span class='ocrx_word' id='word_1_36' title='bbox 877 663 982 702; x_wconf 78' lang='lat' dir='ltr'><strong>nec</strong></span> <span class='ocrx_word' id='word_1_37' title='bbox 1031 647 1182 701; x_wconf 88' lang='lat' dir='ltr'><strong>illam</strong></span> <span class='ocrx_word' id='word_1_38' title='bbox 1229 643 1584 705; x_wconf 88' lang='lat' dir='ltr'><strong>sententiam,</strong></span> <span class='ocrx_word' id='word_1_39' title='bbox 1631 655 1797 710; x_wconf 91' lang='lat' dir='ltr'><strong>quam</strong></span> 
     </span>
    </p>
   </div>
   <div class='ocr_carea' id='block_1_6' title="bbox 241 733 1796 816">
    <p class='ocr_par' dir='ltr' id='par_1_6' title="bbox 241 733 1796 816">
     <span class='ocr_line' id='line_1_6' title="bbox 241 733 1796 816; baseline -0.009 -16"><span class='ocrx_word' id='word_1_40' title='bbox 241 745 382 816; x_wconf 81' lang='lat' dir='ltr'><strong>quasi</strong></span> <span class='ocrx_word' id='word_1_41' title='bbox 423 743 752 800; x_wconf 76' lang='lat' dir='ltr'><strong>contrariam</strong></span> <span class='ocrx_word' id='word_1_42' title='bbox 783 741 1005 812; x_wconf 89' lang='lat' dir='ltr'><strong>quidam</strong></span> <span class='ocrx_word' id='word_1_43' title='bbox 1037 737 1246 811; x_wconf 87' lang='lat' dir='ltr'><strong>synodo</strong></span> <span class='ocrx_word' id='word_1_44' title='bbox 1271 737 1563 798; x_wconf 67' lang='lat' dir='ltr'><strong>aestimant,</strong></span> <span class='ocrx_word' id='word_1_45' title='bbox 1607 733 1660 787; x_wconf 92' lang='lat' dir='ltr'><strong>id</strong></span> <span class='ocrx_word' id='word_1_46' title='bbox 1691 742 1796 798; x_wconf 90' lang='lat' dir='ltr'><strong>est,</strong></span> 
     </span>
    </p>
   </div>
   <div class='ocr_carea' id='block_1_7' title="bbox 244 826 1796 894">
    <p class='ocr_par' dir='ltr' id='par_1_7' title="bbox 244 826 1796 894">
     <span class='ocr_line' id='line_1_7' title="bbox 244 826 1796 894; baseline -0.008 -2"><span class='ocrx_word' id='word_1_47' title='bbox 244 853 397 892; x_wconf 83' lang='lat' dir='ltr'><strong>unam</strong></span> <span class='ocrx_word' id='word_1_48' title='bbox 435 846 690 890; x_wconf 89' lang='lat' dir='ltr'><strong>naturam</strong></span> <span class='ocrx_word' id='word_1_49' title='bbox 733 835 832 890; x_wconf 91' lang='lat' dir='ltr'><strong>Dei</strong></span> <span class='ocrx_word' id='word_1_50' title='bbox 867 833 1032 888; x_wconf 81' lang='lat' dir='ltr'><strong>Verbi</strong></span> <span class='ocrx_word' id='word_1_51' title='bbox 1064 833 1425 894; x_wconf 89' lang='lat' dir='ltr'><strong>incarnatam,</strong></span> <span class='ocrx_word' id='word_1_52' title='bbox 1471 826 1796 890; x_wconf 77' lang='lat' dir='ltr'><strong>avertimus,</strong></span> 
     </span>
    </p>
   </div>
   <div class='ocr_carea' id='block_1_8' title="bbox 241 917 1798 1000">
    <p class='ocr_par' dir='ltr' id='par_1_8' title="bbox 241 917 1798 1000">
     <span class='ocr_line' id='line_1_8' title="bbox 241 917 1798 1000; baseline -0.009 -17"><span class='ocrx_word' id='word_1_53' title='bbox 241 930 356 1000; x_wconf 83' lang='lat' dir='ltr'><strong>quia</strong></span> <span class='ocrx_word' id='word_1_54' title='bbox 395 927 533 982; x_wconf 84' lang='lat' dir='ltr'><strong>nihil</strong></span> <span class='ocrx_word' id='word_1_55' title='bbox 565 925 715 981; x_wconf 88' lang='lat' dir='ltr'><strong>aliud</strong></span> <span class='ocrx_word' id='word_1_56' title='bbox 743 925 848 980; x_wconf 85' lang='lat' dir='ltr'><strong>nisi</strong></span> <span class='ocrx_word' id='word_1_57' title='bbox 875 939 1040 979; x_wconf 88' lang='lat' dir='ltr'><strong>unam</strong></span> <span class='ocrx_word' id='word_1_58' title='bbox 1069 919 1489 976; x_wconf 89' lang='lat' dir='ltr'><strong>subsistentiam</strong></span> <span class='ocrx_word' id='word_1_59' title='bbox 1531 917 1647 972; x_wconf 90' lang='lat' dir='ltr'><strong>sive</strong></span> <span class='ocrx_word' id='word_1_60' title='bbox 1669 930 1798 985; x_wconf 85' lang='lat' dir='ltr'><strong>per-</strong></span> 
     </span>
    </p>
   </div>
   <div class='ocr_carea' id='block_1_9' title="bbox 241 1011 1408 1092">
    <p class='ocr_par' dir='ltr' id='par_1_9' title="bbox 241 1011 1408 1092">
     <span class='ocr_line' id='line_1_9' title="bbox 241 1011 1408 1092; baseline -0.007 -18"><span class='ocrx_word' id='word_1_61' title='bbox 241 1036 410 1092; x_wconf 80' lang='lat' dir='ltr'><strong>spnam</strong></span> <span class='ocrx_word' id='word_1_62' title='bbox 441 1019 498 1073; x_wconf 91' lang='lat' dir='ltr'><strong>in</strong></span> <span class='ocrx_word' id='word_1_63' title='bbox 525 1017 745 1073; x_wconf 85' lang='lat' dir='ltr'><strong>duabus</strong></span> <span class='ocrx_word' id='word_1_64' title='bbox 771 1015 987 1071; x_wconf 86' lang='lat' dir='ltr'><strong>naturis</strong></span> <span class='ocrx_word' id='word_1_65' title='bbox 1011 1014 1174 1070; x_wconf 89' lang='lat' dir='ltr'><strong>docet</strong></span> <span class='ocrx_word' id='word_1_66' title='bbox 1215 1011 1408 1067; x_wconf 90' lang='lat' dir='ltr'><strong>unitis.</strong></span> 
     </span>
    </p>
   </div>
   <div class='ocr_carea' id='block_1_10' title="bbox 299 1103 1802 1176">
    <p class='ocr_par' dir='ltr' id='par_1_10' title="bbox 299 1103 1802 1176">
     <span class='ocr_line' id='line_1_10' title="bbox 299 1103 1802 1176; baseline -0.007 -8"><span class='ocrx_word' id='word_1_67' title='bbox 299 1111 447 1168; x_wconf 89' lang='lat' dir='ltr'><strong>Unde</strong></span> <span class='ocrx_word' id='word_1_68' title='bbox 480 1120 540 1166; x_wconf 91' lang='lat' dir='ltr'><strong>et</strong></span> <span class='ocrx_word' id='word_1_69' title='bbox 577 1110 780 1165; x_wconf 85' lang='lat' dir='ltr'><strong>beatus</strong></span> <span class='ocrx_word' id='word_1_70' title='bbox 802 1108 1098 1163; x_wconf 88' lang='lat' dir='ltr'><strong>Flavianus</strong></span> <span class='ocrx_word' id='word_1_71' title='bbox 1130 1107 1294 1176; x_wconf 86' lang='lat' dir='ltr'><strong>hujus</strong></span> <span class='ocrx_word' id='word_1_72' title='bbox 1319 1103 1476 1158; x_wconf 89' lang='lat' dir='ltr'><strong>urbis</strong></span> <span class='ocrx_word' id='word_1_73' title='bbox 1501 1103 1802 1174; x_wconf 86' lang='lat' dir='ltr'><strong>episcopus</strong></span> 
     </span>
    </p>
   </div>
   <div class='ocr_carea' id='block_1_11' title="bbox 239 1194 1800 1270">
    <p class='ocr_par' dir='ltr' id='par_1_11' title="bbox 239 1194 1800 1270">
     <span class='ocr_line' id='line_1_11' title="bbox 239 1194 1800 1270; baseline -0.008 -12"><span class='ocrx_word' id='word_1_74' title='bbox 239 1205 287 1258; x_wconf 87' lang='lat' dir='ltr'><strong>in</strong></span> <span class='ocrx_word' id='word_1_75' title='bbox 341 1203 525 1257; x_wconf 88' lang='lat' dir='ltr'><strong>libello</strong></span> <span class='ocrx_word' id='word_1_76' title='bbox 567 1215 732 1270; x_wconf 89' lang='lat' dir='ltr'><strong>quem</strong></span> <span class='ocrx_word' id='word_1_77' title='bbox 794 1199 870 1253; x_wconf 82' lang='lat' dir='ltr'><strong>De</strong></span> <span class='ocrx_word' id='word_1_78' title='bbox 906 1199 1012 1268; x_wconf 78' lang='lat' dir='ltr'><strong>ﬁde</strong></span> <span class='ocrx_word' id='word_1_79' title='bbox 1065 1196 1412 1252; x_wconf 83' lang='lat' dir='ltr'><strong>Theodosius</strong></span> <span class='ocrx_word' id='word_1_80' title='bbox 1459 1194 1800 1264; x_wconf 83' lang='lat' dir='ltr'><strong>imperator,</strong></span> 
     </span>
    </p>
   </div>
   <div class='ocr_carea' id='block_1_12' title="bbox 237 1291 1048 1358">
    <p class='ocr_par' dir='ltr' id='par_1_12' title="bbox 237 1291 1048 1358">
     <span class='ocr_line' id='line_1_12' title="bbox 237 1291 1048 1358; baseline -0.004 -12"><span class='ocrx_word' id='word_1_81' title='bbox 237 1293 296 1347; x_wconf 83' lang='lat' dir='ltr'><strong>ad</strong></span> <span class='ocrx_word' id='word_1_82' title='bbox 347 1291 755 1347; x_wconf 80' lang='lat' dir='ltr'><strong>excludendos.</strong></span> <span class='ocrx_word' id='word_1_83' title='bbox 789 1304 884 1344; x_wconf 89' lang='lat' dir='ltr'><strong>eos</strong></span> <span class='ocrx_word' id='word_1_84' title='bbox 929 1304 1048 1358; x_wconf 81' lang='lat' dir='ltr'><strong>qui,</strong></span> 
     </span>
    </p>
   </div>
   <div class='ocr_carea' id='block_1_13' title="bbox 238 1373 1802 1453">
    <p class='ocr_par' dir='ltr' id='par_1_13' title="bbox 238 1373 1802 1453">
     <span class='ocr_line' id='line_1_13' title="bbox 238 1373 1802 1453; baseline -0.008 -14"><span class='ocrx_word' id='word_1_85' title='bbox 238 1383 304 1439; x_wconf 81' lang='lat' dir='ltr'><strong>ita</strong></span> <span class='ocrx_word' id='word_1_86' title='bbox 374 1383 515 1438; x_wconf 89' lang='lat' dir='ltr'><strong>duas</strong></span> <span class='ocrx_word' id='word_1_87' title='bbox 600 1382 908 1453; x_wconf 70' lang='lat' dir='ltr'><strong>praedicant</strong></span> <span class='ocrx_word' id='word_1_88' title='bbox 979 1378 1365 1435; x_wconf 89' lang='lat' dir='ltr'><strong>subsistentias</strong></span> <span class='ocrx_word' id='word_1_89' title='bbox 1395 1417 1414 1443; x_wconf 90' lang='lat'><strong>,</strong></span> <span class='ocrx_word' id='word_1_90' title='bbox 1467 1390 1630 1433; x_wconf 86' lang='lat' dir='ltr'><strong>unam</strong></span> <span class='ocrx_word' id='word_1_91' title='bbox 1703 1373 1802 1428; x_wconf 89' lang='lat' dir='ltr'><strong>Dei</strong></span> 
     </span>
    </p>
   </div>
   <div class='ocr_carea' id='block_1_14' title="bbox 235 1463 1808 1528">
    <p class='ocr_par' dir='ltr' id='par_1_14' title="bbox 235 1463 1808 1528">
     <span class='ocr_line' id='line_1_14' title="bbox 235 1463 1808 1528; baseline -0.007 0"><span class='ocrx_word' id='word_1_92' title='bbox 235 1473 394 1528; x_wconf 74' lang='lat' dir='ltr'><strong>Verbi</strong></span> <span class='ocrx_word' id='word_1_93' title='bbox 435 1481 692 1527; x_wconf 83' lang='lat' dir='ltr'><strong>naturam</strong></span> <span class='ocrx_word' id='word_1_94' title='bbox 755 1473 1095 1527; x_wconf 86' lang='lat' dir='ltr'><strong>incarnatam</strong></span> <span class='ocrx_word' id='word_1_95' title='bbox 1143 1467 1396 1524; x_wconf 89' lang='lat' dir='ltr'><strong>conﬁteri</strong></span> <span class='ocrx_word' id='word_1_96' title='bbox 1460 1481 1571 1522; x_wconf 91' lang='lat' dir='ltr'><strong>non</strong></span> <span class='ocrx_word' id='word_1_97' title='bbox 1644 1463 1808 1520; x_wconf 77' lang='lat' dir='ltr'><strong>dubi-</strong></span> 
     </span>
    </p>
   </div>
   <div class='ocr_carea' id='block_1_15' title="bbox 237 1551 1805 1629">
    <p class='ocr_par' dir='ltr' id='par_1_15' title="bbox 237 1551 1805 1629">
     <span class='ocr_line' id='line_1_15' title="bbox 237 1551 1805 1629; baseline -0.006 -11"><span class='ocrx_word' id='word_1_98' title='bbox 237 1565 394 1629; x_wconf 60' lang='lat' dir='ltr'><strong>tavit,</strong></span> <span class='ocrx_word' id='word_1_99' title='bbox 431 1551 630 1620; x_wconf 84' lang='lat' dir='ltr'><strong>dicens</strong></span> <span class='ocrx_word' id='word_1_100' title='bbox 671 1582 685 1616; x_wconf 92' lang='lat'><strong>:</strong></span> <span class='ocrx_word' id='word_1_101' title='bbox 735 1563 964 1618; x_wconf 81' lang='lat' dir='ltr'><strong>Etenim</strong></span> <span class='ocrx_word' id='word_1_102' title='bbox 1001 1578 1068 1617; x_wconf 83' lang='lat' dir='ltr'><strong>ex</strong></span> <span class='ocrx_word' id='word_1_103' title='bbox 1123 1560 1340 1616; x_wconf 84' lang='lat' dir='ltr'><strong>duabus</strong></span> <span class='ocrx_word' id='word_1_104' title='bbox 1373 1556 1590 1614; x_wconf 87' lang='lat' dir='ltr'><strong>naturis</strong></span> <span class='ocrx_word' id='word_1_105' title='bbox 1643 1554 1805 1610; x_wconf 90' lang='lat' dir='ltr'><strong>Chri-</strong></span> 
     </span>
    </p>
   </div>
   <div class='ocr_carea' id='block_1_16' title="bbox 1133 1285 1838 1347">
    <p class='ocr_par' dir='ltr' id='par_1_16' title="bbox 1133 1285 1838 1347">
     <span class='ocr_line' id='line_1_16' title="bbox 1133 1285 1838 1347; baseline -0.009 -6"><span class='ocrx_word' id='word_1_106' title='bbox 1133 1286 1278 1341; x_wconf 87' lang='lat' dir='ltr'><strong>sicut</strong></span> <span class='ocrx_word' id='word_1_107' title='bbox 1336 1285 1495 1340; x_wconf 61' lang='lat' dir='ltr'><strong>duas.</strong></span> <span class='ocrx_word' id='word_1_108' title='bbox 1550 1290 1838 1347; x_wconf 60' lang='lat' dir='ltr'><strong>naturain,</strong></span> 
     </span>
    </p>
   </div>
   <div class='ocr_carea' id='block_1_17' title="bbox 1896 443 3481 509">
    <p class='ocr_par' dir='ltr' id='par_1_17' title="bbox 1896 443 3481 509">
     <span class='ocr_line' id='line_1_17' title="bbox 1896 443 3481 509; baseline -0.006 -3"><span class='ocrx_word' id='word_1_109' title='bbox 1896 451 2038 506; x_wconf 87' lang='lat' dir='ltr'><strong>odus</strong></span> <span class='ocrx_word' id='word_1_110' title='bbox 2078 446 2567 509; x_wconf 88' lang='lat' dir='ltr'><strong>Chalcedonensis,</strong></span> <span class='ocrx_word' id='word_1_111' title='bbox 2621 445 2687 499; x_wconf 92' lang='lat' dir='ltr'><strong>ad</strong></span> <span class='ocrx_word' id='word_1_112' title='bbox 2746 443 3072 505; x_wconf 83' lang='lat' dir='ltr'><strong>Armenios,</strong></span> <span class='ocrx_word' id='word_1_113' title='bbox 3117 458 3243 496; x_wconf 78' lang='lat' dir='ltr'><strong>cum</strong></span> <span class='ocrx_word' id='word_1_114' title='bbox 3289 449 3481 496; x_wconf 89' lang='lat' dir='ltr'><strong>contra</strong></span> 
     </span>
    </p>
   </div>
   <div class='ocr_carea' id='block_1_18' title="bbox 1898 533 3481 610">
    <p class='ocr_par' dir='ltr' id='par_1_18' title="bbox 1898 533 3481 610">
     <span class='ocr_line' id='line_1_18' title="bbox 1898 533 3481 610; baseline -0.006 -14"><span class='ocrx_word' id='word_1_115' title='bbox 1898 542 2174 598; x_wconf 90' lang='lat' dir='ltr'><strong>Theodori</strong></span> <span class='ocrx_word' id='word_1_116' title='bbox 2216 539 2620 610; x_wconf 85' lang='lat' dir='ltr'><strong>blasphemias,</strong></span> <span class='ocrx_word' id='word_1_117' title='bbox 2646 553 2809 608; x_wconf 90' lang='lat' dir='ltr'><strong>quam</strong></span> <span class='ocrx_word' id='word_1_118' title='bbox 2836 534 2919 608; x_wconf 83' lang='lat' dir='ltr'><strong>[F.</strong></span> <span class='ocrx_word' id='word_1_119' title='bbox 2949 533 3194 607; x_wconf 83' lang='lat' dir='ltr'><strong>quando]</strong></span> <span class='ocrx_word' id='word_1_120' title='bbox 3223 534 3481 604; x_wconf 89' lang='lat' dir='ltr'><strong>quaterni</strong></span> 
     </span>
    </p>
   </div>
   <div class='ocr_carea' id='block_1_19' title="bbox 1899 625 3604 704">
    <p class='ocr_par' dir='ltr' id='par_1_19' title="bbox 1899 625 3604 704">
     <span class='ocr_line' id='line_1_19' title="bbox 1899 625 3604 704; baseline -0.008 -15"><span class='ocrx_word' id='word_1_121' title='bbox 1899 642 2065 689; x_wconf 86' lang='lat' dir='ltr'><strong>tatem</strong></span> <span class='ocrx_word' id='word_1_122' title='bbox 2083 649 2182 704; x_wconf 86' lang='lat' dir='ltr'><strong>pro</strong></span> <span class='ocrx_word' id='word_1_123' title='bbox 2207 632 2476 687; x_wconf 88' lang='lat' dir='ltr'><strong>Trinitate</strong></span> <span class='ocrx_word' id='word_1_124' title='bbox 2495 627 2661 700; x_wconf 91' lang='lat' dir='ltr'><strong>impie</strong></span> <span class='ocrx_word' id='word_1_125' title='bbox 2681 625 3085 698; x_wconf 80' lang='lat' dir='ltr'><strong>dogmatizavit,</strong></span> <span class='ocrx_word' id='word_1_126' title='bbox 3111 632 3392 696; x_wconf 88' lang='lat' dir='ltr'><strong>peteretur</strong></span> <span class='ocrx_word' id='word_1_127' title='bbox 3415 625 3484 678; x_wconf 88' lang='lat' dir='ltr'><strong>ab</strong></span> <span class='ocrx_word' id='word_1_128' title='bbox 3535 693 3544 704; x_wconf 31' lang='grc' dir='ltr'>ι</span> <span class='ocrx_word' id='word_1_129' title='bbox 3589 642 3604 656; x_wconf 92' lang='grc'><strong>·</strong></span> 
     </span>
    </p>
   </div>
   <div class='ocr_carea' id='block_1_20' title="bbox 1901 715 3484 796">
    <p class='ocr_par' dir='ltr' id='par_1_20' title="bbox 1901 715 3484 796">
     <span class='ocr_line' id='line_1_20' title="bbox 1901 715 3484 796; baseline -0.008 -16"><span class='ocrx_word' id='word_1_130' title='bbox 1901 725 2014 796; x_wconf 86' lang='lat' dir='ltr'><strong>ipsa</strong></span> <span class='ocrx_word' id='word_1_131' title='bbox 2063 732 2225 795; x_wconf 88' lang='lat' dir='ltr'><strong>gente</strong></span> <span class='ocrx_word' id='word_1_132' title='bbox 2260 731 2322 778; x_wconf 89' lang='lat' dir='ltr'><strong>ut</strong></span> <span class='ocrx_word' id='word_1_133' title='bbox 2363 721 2677 784; x_wconf 88' lang='lat' dir='ltr'><strong>scriberet,</strong></span> <span class='ocrx_word' id='word_1_134' title='bbox 2709 719 3066 790; x_wconf 82' lang='lat' dir='ltr'><strong>ejusdemque</strong></span> <span class='ocrx_word' id='word_1_135' title='bbox 3110 715 3484 786; x_wconf 83' lang='lat' dir='ltr'><strong>blasphemias</strong></span> 
     </span>
    </p>
   </div>
   <div class='ocr_carea' id='block_1_21' title="bbox 1899 799 3550 885">
    <p class='ocr_par' dir='ltr' id='par_1_21' title="bbox 1899 799 3550 885">
     <span class='ocr_line' id='line_1_21' title="bbox 1899 799 3550 885; baseline -0.006 -15"><span class='ocrx_word' id='word_1_136' title='bbox 1899 817 2183 880; x_wconf 88' lang='lat' dir='ltr'><strong>refutaret,</strong></span> <span class='ocrx_word' id='word_1_137' title='bbox 2206 813 2276 869; x_wconf 90' lang='lat' dir='ltr'><strong>de</strong></span> <span class='ocrx_word' id='word_1_138' title='bbox 2313 813 2418 868; x_wconf 91' lang='lat' dir='ltr'><strong>hac</strong></span> <span class='ocrx_word' id='word_1_139' title='bbox 2464 811 2740 867; x_wconf 89' lang='lat' dir='ltr'><strong>sententia</strong></span> <span class='ocrx_word' id='word_1_140' title='bbox 2763 811 3107 876; x_wconf 89' lang='lat' dir='ltr'><strong>estlocutus,</strong></span> <span class='ocrx_word' id='word_1_141' title='bbox 3127 807 3480 864; x_wconf 81' lang='lat' dir='ltr'><strong>dieens:Sed</strong></span> 
     </span>
    </p>
   </div>
   <div class='ocr_carea' id='block_1_22' title="bbox 1897 899 3556 966">
    <p class='ocr_par' dir='ltr' id='par_1_22' title="bbox 1897 899 3556 966">
     <span class='ocr_line' id='line_1_22' title="bbox 1897 899 3556 966; baseline -0.01 -5"><span class='ocrx_word' id='word_1_142' title='bbox 1897 904 2197 961; x_wconf 87' lang='lat' dir='ltr'><strong>sciscitaris</strong></span> <span class='ocrx_word' id='word_1_143' title='bbox 2235 918 2322 957; x_wconf 91' lang='lat' dir='ltr'><strong>me</strong></span> <span class='ocrx_word' id='word_1_144' title='bbox 2354 902 2613 958; x_wconf 76' lang='lat' dir='ltr'><strong>fortassis</strong></span> <span class='ocrx_word' id='word_1_145' title='bbox 2643 900 2800 955; x_wconf 92' lang='lat' dir='ltr'><strong>illum</strong></span> <span class='ocrx_word' id='word_1_146' title='bbox 2839 899 3122 954; x_wconf 87' lang='lat' dir='ltr'><strong>novicium</strong></span> <span class='ocrx_word' id='word_1_147' title='bbox 3161 911 3481 966; x_wconf 88' lang='lat' dir='ltr'><strong>vanumque</strong></span> <span class='ocrx_word' id='word_1_148' title='bbox 3539 903 3556 944; x_wconf 66' lang='grc' dir='ltr'><strong>ι</strong></span> 
     </span>
    </p>
   </div>
   <div class='ocr_carea' id='block_1_23' title="bbox 1899 989 3482 1063">
    <p class='ocr_par' dir='ltr' id='par_1_23' title="bbox 1899 989 3482 1063">
     <span class='ocr_line' id='line_1_23' title="bbox 1899 989 3482 1063; baseline -0.007 -11"><span class='ocrx_word' id='word_1_149' title='bbox 1899 1010 2134 1053; x_wconf 82' lang='lat' dir='ltr'><strong>sensum</strong></span> <span class='ocrx_word' id='word_1_150' title='bbox 2161 1009 2258 1050; x_wconf 88' lang='lat' dir='ltr'><strong>seu</strong></span> <span class='ocrx_word' id='word_1_151' title='bbox 2311 994 2692 1063; x_wconf 77' lang='lat' dir='ltr'><strong>vaniloquum,</strong></span> <span class='ocrx_word' id='word_1_152' title='bbox 2746 991 2939 1048; x_wconf 88' lang='lat' dir='ltr'><strong>dicens</strong></span> <span class='ocrx_word' id='word_1_153' title='bbox 2968 1007 2980 1042; x_wconf 88' lang='lat'><strong>:</strong></span> <span class='ocrx_word' id='word_1_154' title='bbox 3027 990 3169 1058; x_wconf 85' lang='lat' dir='ltr'><strong>Quia</strong></span> <span class='ocrx_word' id='word_1_155' title='bbox 3203 989 3297 1059; x_wconf 87' lang='lat' dir='ltr'><strong>qui</strong></span> <span class='ocrx_word' id='word_1_156' title='bbox 3333 1003 3482 1044; x_wconf 86' lang='lat' dir='ltr'><strong>con-</strong></span> 
     </span>
    </p>
   </div>
   <div class='ocr_carea' id='block_1_24' title="bbox 1899 1080 3478 1154">
    <p class='ocr_par' dir='ltr' id='par_1_24' title="bbox 1899 1080 3478 1154">
     <span class='ocr_line' id='line_1_24' title="bbox 1899 1080 3478 1154; baseline -0.007 -11"><span class='ocrx_word' id='word_1_157' title='bbox 1899 1087 2088 1143; x_wconf 87' lang='lat' dir='ltr'><strong>ﬁtetur</strong></span> <span class='ocrx_word' id='word_1_158' title='bbox 2131 1099 2258 1140; x_wconf 91' lang='lat' dir='ltr'><strong>eum</strong></span> <span class='ocrx_word' id='word_1_159' title='bbox 2309 1083 2405 1154; x_wconf 88' lang='lat' dir='ltr'><strong>qui</strong></span> <span class='ocrx_word' id='word_1_160' title='bbox 2455 1082 2754 1138; x_wconf 86' lang='lat' dir='ltr'><strong>cruciﬁxus</strong></span> <span class='ocrx_word' id='word_1_161' title='bbox 2797 1089 2903 1147; x_wconf 86' lang='lat' dir='ltr'><strong>est,</strong></span> <span class='ocrx_word' id='word_1_162' title='bbox 2947 1080 3230 1136; x_wconf 80' lang='lat' dir='ltr'><strong>Christum</strong></span> <span class='ocrx_word' id='word_1_163' title='bbox 3283 1081 3478 1144; x_wconf 89' lang='lat' dir='ltr'><strong>Deum,</strong></span> 
     </span>
    </p>
   </div>
   <div class='ocr_carea' id='block_1_25' title="bbox 1898 1173 3480 1246">
    <p class='ocr_par' dir='ltr' id='par_1_25' title="bbox 1898 1173 3480 1246">
     <span class='ocr_line' id='line_1_25' title="bbox 1898 1173 3480 1246; baseline -0.007 -11"><span class='ocrx_word' id='word_1_164' title='bbox 1898 1187 1955 1236; x_wconf 90' lang='lat' dir='ltr'><strong>et</strong></span> <span class='ocrx_word' id='word_1_165' title='bbox 1992 1179 2209 1233; x_wconf 89' lang='lat' dir='ltr'><strong>Patrem</strong></span> <span class='ocrx_word' id='word_1_166' title='bbox 2265 1185 2323 1231; x_wconf 92' lang='lat' dir='ltr'><strong>et</strong></span> <span class='ocrx_word' id='word_1_167' title='bbox 2366 1175 2632 1246; x_wconf 89' lang='lat' dir='ltr'><strong>Spiritum</strong></span> <span class='ocrx_word' id='word_1_168' title='bbox 2683 1183 2935 1232; x_wconf 86' lang='lat' dir='ltr'><strong>sanctum</strong></span> <span class='ocrx_word' id='word_1_169' title='bbox 2985 1173 3310 1228; x_wconf 90' lang='lat' dir='ltr'><strong>crucifixum</strong></span> <span class='ocrx_word' id='word_1_170' title='bbox 3345 1187 3480 1226; x_wconf 90' lang='lat' dir='ltr'><strong>con-</strong></span> 
     </span>
    </p>
   </div>
   <div class='ocr_carea' id='block_1_26' title="bbox 1900 1263 3480 1334">
    <p class='ocr_par' dir='ltr' id='par_1_26' title="bbox 1900 1263 3480 1334">
     <span class='ocr_line' id='line_1_26' title="bbox 1900 1263 3480 1334; baseline -0.006 -11"><span class='ocrx_word' id='word_1_171' title='bbox 1900 1267 2110 1334; x_wconf 84' lang='lat' dir='ltr'><strong>ﬁtetur,</strong></span> <span class='ocrx_word' id='word_1_172' title='bbox 2161 1267 2207 1322; x_wconf 91' lang='lat' dir='ltr'><strong>si</strong></span> <span class='ocrx_word' id='word_1_173' title='bbox 2257 1281 2364 1321; x_wconf 90' lang='lat' dir='ltr'><strong>una</strong></span> <span class='ocrx_word' id='word_1_174' title='bbox 2409 1274 2494 1320; x_wconf 92' lang='lat' dir='ltr'><strong>est</strong></span> <span class='ocrx_word' id='word_1_175' title='bbox 2543 1265 2834 1320; x_wconf 80' lang='lat' dir='ltr'><strong>Trinitatis</strong></span> <span class='ocrx_word' id='word_1_176' title='bbox 2867 1273 3084 1319; x_wconf 87' lang='lat' dir='ltr'><strong>natura.</strong></span> <span class='ocrx_word' id='word_1_177' title='bbox 3137 1263 3251 1334; x_wconf 81' lang='lat' dir='ltr'><strong>Ego</strong></span> <span class='ocrx_word' id='word_1_178' title='bbox 3297 1272 3480 1317; x_wconf 86' lang='lat' dir='ltr'><strong>autem</strong></span> 
     </span>
    </p>
   </div>
   <div class='ocr_carea' id='block_1_27' title="bbox 1899 1353 3478 1429">
    <p class='ocr_par' dir='ltr' id='par_1_27' title="bbox 1899 1353 3478 1429">
     <span class='ocr_line' id='line_1_27' title="bbox 1899 1353 3478 1429; baseline -0.008 -12"><span class='ocrx_word' id='word_1_179' title='bbox 1899 1377 1932 1417; x_wconf 95' lang='lat' dir='ltr'><strong>e</strong></span> <span class='ocrx_word' id='word_1_180' title='bbox 1973 1361 2254 1415; x_wconf 89' lang='lat' dir='ltr'><strong>contrario</strong></span> <span class='ocrx_word' id='word_1_181' title='bbox 2298 1357 2502 1429; x_wconf 91' lang='lat' dir='ltr'><strong>objieio</strong></span> <span class='ocrx_word' id='word_1_182' title='bbox 2543 1357 2665 1422; x_wconf 90' lang='lat' dir='ltr'><strong>tibi,</strong></span> <span class='ocrx_word' id='word_1_183' title='bbox 2720 1364 2776 1412; x_wconf 89' lang='lat' dir='ltr'><strong>et</strong></span> <span class='ocrx_word' id='word_1_184' title='bbox 2803 1371 3032 1426; x_wconf 81' lang='lat' dir='ltr'><strong>quaero:</strong></span> <span class='ocrx_word' id='word_1_185' title='bbox 3068 1355 3222 1411; x_wconf 90' lang='lat' dir='ltr'><strong>Unus</strong></span> <span class='ocrx_word' id='word_1_186' title='bbox 3249 1370 3316 1409; x_wconf 89' lang='lat' dir='ltr'><strong>ex</strong></span> <span class='ocrx_word' id='word_1_187' title='bbox 3351 1353 3478 1407; x_wconf 85' lang='lat' dir='ltr'><strong>Tri-</strong></span> 
     </span>
    </p>
   </div>
   <div class='ocr_carea' id='block_1_28' title="bbox 1901 1446 3478 1520">
    <p class='ocr_par' dir='ltr' id='par_1_28' title="bbox 1901 1446 3478 1520">
     <span class='ocr_line' id='line_1_28' title="bbox 1901 1446 3478 1520; baseline -0.006 -13"><span class='ocrx_word' id='word_1_188' title='bbox 1901 1452 2074 1507; x_wconf 90' lang='lat' dir='ltr'><strong>nitate</strong></span> <span class='ocrx_word' id='word_1_189' title='bbox 2109 1457 2216 1514; x_wconf 89' lang='lat' dir='ltr'><strong>est,</strong></span> <span class='ocrx_word' id='word_1_190' title='bbox 2244 1450 2338 1520; x_wconf 91' lang='lat' dir='ltr'><strong>qui</strong></span> <span class='ocrx_word' id='word_1_191' title='bbox 2363 1448 2666 1504; x_wconf 79' lang='lat' dir='ltr'><strong>&#39;crucifixus</strong></span> <span class='ocrx_word' id='word_1_192' title='bbox 2693 1457 2799 1514; x_wconf 89' lang='lat' dir='ltr'><strong>est,</strong></span> <span class='ocrx_word' id='word_1_193' title='bbox 2833 1463 2901 1502; x_wconf 87' lang='lat' dir='ltr'><strong>an</strong></span> <span class='ocrx_word' id='word_1_194' title='bbox 2927 1448 3068 1502; x_wconf 90' lang='lat' dir='ltr'><strong>alius</strong></span> <span class='ocrx_word' id='word_1_195' title='bbox 3093 1446 3295 1516; x_wconf 88' lang='lat' dir='ltr'><strong>aliquis</strong></span> <span class='ocrx_word' id='word_1_196' title='bbox 3323 1454 3478 1499; x_wconf 79' lang='lat' dir='ltr'><strong>extra</strong></span> 
     </span>
    </p>
   </div>
   <div class='ocr_carea' id='block_1_29' title="bbox 1903 1535 3481 1610">
    <p class='ocr_par' dir='ltr' id='par_1_29' title="bbox 1903 1535 3481 1610">
     <span class='ocr_line' id='line_1_29' title="bbox 1903 1535 3481 1610; baseline -0.005 -14"><span class='ocrx_word' id='word_1_197' title='bbox 1903 1541 2270 1597; x_wconf 89' lang='lat' dir='ltr'><strong>Trinitatem?</strong></span> <span class='ocrx_word' id='word_1_198' title='bbox 2313 1549 2371 1596; x_wconf 93' lang='lat' dir='ltr'><strong>et</strong></span> <span class='ocrx_word' id='word_1_199' title='bbox 2420 1539 2695 1610; x_wconf 83' lang='lat' dir='ltr'><strong>siquidem</strong></span> <span class='ocrx_word' id='word_1_200' title='bbox 2747 1554 2914 1604; x_wconf 90' lang='lat' dir='ltr'><strong>unus,</strong></span> <span class='ocrx_word' id='word_1_201' title='bbox 2955 1539 3195 1593; x_wconf 91' lang='lat' dir='ltr'><strong>solutum</strong></span> <span class='ocrx_word' id='word_1_202' title='bbox 3239 1543 3324 1591; x_wconf 90' lang='lat' dir='ltr'><strong>est</strong></span> <span class='ocrx_word' id='word_1_203' title='bbox 3361 1535 3481 1605; x_wconf 86' lang='lat' dir='ltr'><strong>jur—</strong></span> 
     </span>
    </p>
   </div>
   <div class='ocr_carea' id='block_1_30' title="bbox 234 1629 3480 1726">
    <p class='ocr_par' dir='ltr' id='par_1_30' title="bbox 234 1629 3480 1726">
     <span class='ocr_line' id='line_1_30' title="bbox 234 1629 3480 1726; baseline -0.006 -14"><span class='ocrx_word' id='word_1_204' title='bbox 234 1668 364 1712; x_wconf 84' lang='lat' dir='ltr'><strong>sunn</strong></span> <span class='ocrx_word' id='word_1_205' title='bbox 389 1655 962 1726; x_wconf 86' lang='lat' dir='ltr'><strong>postiucarnatiouem</strong></span> <span class='ocrx_word' id='word_1_206' title='bbox 987 1669 1052 1708; x_wconf 81' lang='lat' dir='ltr'><strong>ex</strong></span> <span class='ocrx_word' id='word_1_207' title='bbox 1078 1651 1298 1724; x_wconf 77' lang='lat' dir='ltr'><strong>Virgine</strong></span> <span class='ocrx_word' id='word_1_208' title='bbox 1322 1657 1511 1706; x_wconf 74' lang='lat' dir='ltr'><strong>sancta</strong></span> <span class='ocrx_word' id='word_1_209' title='bbox 1543 1647 1658 1702; x_wconf 85' lang='lat' dir='ltr'><strong>sive</strong></span> <span class='ocrx_word' id='word_1_210' title='bbox 1680 1654 1804 1716; x_wconf 89' lang='lat' dir='ltr'><strong>post</strong></span> <span class='ocrx_word' id='word_1_211' title='bbox 1834 1721 1866 1726; x_wconf 83' lang='lat'><strong>__</strong></span> <span class='ocrx_word' id='word_1_212' title='bbox 1903 1633 2077 1704; x_wconf 73' lang='grc' dir='ltr'><strong>είιιπιο</strong></span> <span class='ocrx_word' id='word_1_213' title='bbox 2127 1633 2182 1689; x_wconf 65' lang='lat' dir='ltr'><strong>Si</strong></span> <span class='ocrx_word' id='word_1_214' title='bbox 2218 1641 2401 1726; x_wconf 61' lang='grc' dir='ltr'><strong>θυῑβπι</strong></span> <span class='ocrx_word' id='word_1_215' title='bbox 2447 1633 2590 1726; x_wconf 34' lang='lat' dir='ltr'><strong>alii?</strong></span> <span class='ocrx_word' id='word_1_216' title='bbox 2645 1631 2847 1726; x_wconf 56' lang='grc' dir='ltr'><strong>ειιξίιιξῖε</strong></span> <span class='ocrx_word' id='word_1_217' title='bbox 2882 1638 3086 1726; x_wconf 62' lang='grc' dir='ltr'><strong>Ρτωῑξὲτ</strong></span> <span class='ocrx_word' id='word_1_218' title='bbox 3125 1629 3480 1726; x_wconf 30' lang='grc' dir='ltr'><strong>ΤνῖιὶὶῑίξῑοΔι-ῐξ.</strong></span> 
     </span>
    </p>
   </div>
   <div class='ocr_carea' id='block_1_31' title="bbox 234 1721 3481 1818">
    <p class='ocr_par' dir='ltr' id='par_1_31' title="bbox 234 1721 3481 1818">
     <span class='ocr_line' id='line_1_31' title="bbox 234 1721 3481 1818; baseline -0.009 -15"><span class='ocrx_word' id='word_1_219' title='bbox 234 1721 582 1818; x_wconf 80' lang='lat' dir='ltr'><strong>assumptam.</strong></span> <span class='ocrx_word' id='word_1_220' title='bbox 609 1755 864 1802; x_wconf 74' lang='lat' dir='ltr'><strong>naturam</strong></span> <span class='ocrx_word' id='word_1_221' title='bbox 893 1721 1212 1810; x_wconf 52' lang='lat' dir='ltr'><strong>humananj,</strong></span> <span class='ocrx_word' id='word_1_222' title='bbox 1249 1743 1306 1798; x_wconf 83' lang='lat' dir='ltr'><strong>in</strong></span> <span class='ocrx_word' id='word_1_223' title='bbox 1347 1757 1455 1796; x_wconf 76' lang='lat' dir='ltr'><strong>una</strong></span> <span class='ocrx_word' id='word_1_224' title='bbox 1498 1739 1803 1797; x_wconf 65' lang='lat' dir='ltr'><strong>subsiste&quot;.</strong></span> <span class='ocrx_word' id='word_1_225' title='bbox 1833 1721 1874 1780; x_wconf 80' lang='grc' dir='ltr'><strong>Β</strong></span> <span class='ocrx_word' id='word_1_226' title='bbox 1903 1733 2136 1795; x_wconf 87' lang='lat' dir='ltr'><strong>quartus</strong></span> <span class='ocrx_word' id='word_1_227' title='bbox 2177 1732 2262 1780; x_wconf 71' lang='grc' dir='ltr'><strong>εει</strong></span> <span class='ocrx_word' id='word_1_228' title='bbox 2292 1725 2412 1780; x_wconf 90' lang='lat' dir='ltr'><strong>sine</strong></span> <span class='ocrx_word' id='word_1_229' title='bbox 2459 1724 2632 1779; x_wconf 89' lang='lat' dir='ltr'><strong>dubio</strong></span> <span class='ocrx_word' id='word_1_230' title='bbox 2663 1723 2850 1795; x_wconf 77' lang='lat' dir='ltr'><strong>gloria:</strong></span> <span class='ocrx_word' id='word_1_231' title='bbox 2881 1722 3168 1788; x_wconf 87' lang='lat' dir='ltr'><strong>Dominus,</strong></span> <span class='ocrx_word' id='word_1_232' title='bbox 3205 1731 3262 1776; x_wconf 87' lang='lat' dir='ltr'><strong>et</strong></span> <span class='ocrx_word' id='word_1_233' title='bbox 3291 1721 3359 1776; x_wconf 90' lang='lat' dir='ltr'><strong>ab</strong></span> <span class='ocrx_word' id='word_1_234' title='bbox 3391 1721 3481 1775; x_wconf 84' lang='lat' dir='ltr'><strong>illa</strong></span> 
     </span>
    </p>
   </div>
   <div class='ocr_carea' id='block_1_32' title="bbox 235 1831 1798 1910">
    <p class='ocr_par' dir='ltr' id='par_1_32' title="bbox 235 1831 1798 1910">
     <span class='ocr_line' id='line_1_32' title="bbox 235 1831 1798 1910; baseline -0.006 -17"><span class='ocrx_word' id='word_1_235' title='bbox 235 1840 304 1894; x_wconf 83' lang='lat' dir='ltr'><strong>tia</strong></span> <span class='ocrx_word' id='word_1_236' title='bbox 325 1839 451 1895; x_wconf 80' lang='lat' dir='ltr'><strong>sive</strong></span> <span class='ocrx_word' id='word_1_237' title='bbox 488 1855 746 1910; x_wconf 85' lang='lat' dir='ltr'><strong>persona,</strong></span> <span class='ocrx_word' id='word_1_238' title='bbox 795 1854 968 1894; x_wconf 87' lang='lat' dir='ltr'><strong>unum</strong></span> <span class='ocrx_word' id='word_1_239' title='bbox 996 1837 1302 1901; x_wconf 88' lang='lat' dir='ltr'><strong>Christum,</strong></span> <span class='ocrx_word' id='word_1_240' title='bbox 1353 1847 1526 1888; x_wconf 90' lang='lat' dir='ltr'><strong>unum</strong></span> <span class='ocrx_word' id='word_1_241' title='bbox 1577 1831 1798 1895; x_wconf 87' lang='lat' dir='ltr'><strong>Filium,</strong></span> 
     </span>
    </p>
   </div>
   <div class='ocr_carea' id='block_1_33' title="bbox 234 1921 1802 1994">
    <p class='ocr_par' dir='ltr' id='par_1_33' title="bbox 234 1921 1802 1994">
     <span class='ocr_line' id='line_1_33' title="bbox 234 1921 1802 1994; baseline -0.008 -8"><span class='ocrx_word' id='word_1_242' title='bbox 234 1948 390 1986; x_wconf 84' lang='lat' dir='ltr'><strong>unum</strong></span> <span class='ocrx_word' id='word_1_243' title='bbox 413 1933 738 1987; x_wconf 88' lang='lat' dir='ltr'><strong>.Dominum</strong></span> <span class='ocrx_word' id='word_1_244' title='bbox 773 1929 1103 1986; x_wconf 90' lang='lat' dir='ltr'><strong>conﬁtemur</strong></span> <span class='ocrx_word' id='word_1_245' title='bbox 1130 1945 1145 1993; x_wconf 90' lang='lat'><strong>;</strong></span> <span class='ocrx_word' id='word_1_246' title='bbox 1173 1934 1231 1980; x_wconf 89' lang='lat' dir='ltr'><strong>et</strong></span> <span class='ocrx_word' id='word_1_247' title='bbox 1257 1940 1426 1980; x_wconf 87' lang='lat' dir='ltr'><strong>unam</strong></span> <span class='ocrx_word' id='word_1_248' title='bbox 1458 1921 1680 1994; x_wconf 87' lang='lat' dir='ltr'><strong>quidem</strong></span> <span class='ocrx_word' id='word_1_249' title='bbox 1703 1937 1802 1975; x_wconf 80' lang='lat' dir='ltr'><strong>na-</strong></span> 
     </span>
    </p>
   </div>
   <div class='ocr_carea' id='block_1_34' title="bbox 235 2015 1807 2080">
    <p class='ocr_par' dir='ltr' id='par_1_34' title="bbox 235 2015 1807 2080">
     <span class='ocr_line' id='line_1_34' title="bbox 235 2015 1807 2080; baseline -0.009 0"><span class='ocrx_word' id='word_1_250' title='bbox 235 2036 400 2080; x_wconf 85' lang='lat' dir='ltr'><strong>turam</strong></span> <span class='ocrx_word' id='word_1_251' title='bbox 444 2024 551 2079; x_wconf 87' lang='lat' dir='ltr'><strong>Dei</strong></span> <span class='ocrx_word' id='word_1_252' title='bbox 583 2023 750 2078; x_wconf 87' lang='lat' dir='ltr'><strong>Verbi</strong></span> <span class='ocrx_word' id='word_1_253' title='bbox 797 2023 1136 2075; x_wconf 90' lang='lat' dir='ltr'><strong>incarnatam</strong></span> <span class='ocrx_word' id='word_1_254' title='bbox 1165 2016 1314 2072; x_wconf 90' lang='lat' dir='ltr'><strong>unde</strong></span> <span class='ocrx_word' id='word_1_255' title='bbox 1360 2015 1645 2070; x_wconf 89' lang='lat' dir='ltr'><strong>renuimus</strong></span> <span class='ocrx_word' id='word_1_256' title='bbox 1675 2027 1807 2067; x_wconf 88' lang='lat' dir='ltr'><strong>eon-</strong></span> 
     </span>
    </p>
   </div>
   <div class='ocr_carea' id='block_1_35' title="bbox 232 2103 1806 2182">
    <p class='ocr_par' dir='ltr' id='par_1_35' title="bbox 232 2103 1806 2182">
     <span class='ocr_line' id='line_1_35' title="bbox 232 2103 1806 2182; baseline -0.007 -15"><span class='ocrx_word' id='word_1_257' title='bbox 232 2115 362 2168; x_wconf 74' lang='lat' dir='ltr'><strong>literi</strong></span> <span class='ocrx_word' id='word_1_258' title='bbox 381 2114 406 2166; x_wconf 91' lang='lat'><strong>?</strong></span> <span class='ocrx_word' id='word_1_259' title='bbox 443 2112 796 2182; x_wconf 84' lang='lat' dir='ltr'><strong>Quapropter</strong></span> <span class='ocrx_word' id='word_1_260' title='bbox 820 2110 987 2180; x_wconf 90' lang='lat' dir='ltr'><strong>impie</strong></span> <span class='ocrx_word' id='word_1_261' title='bbox 1014 2109 1237 2179; x_wconf 92' lang='lat' dir='ltr'><strong>quidam</strong></span> <span class='ocrx_word' id='word_1_262' title='bbox 1268 2121 1556 2177; x_wconf 87' lang='lat' dir='ltr'><strong>personam</strong></span> <span class='ocrx_word' id='word_1_263' title='bbox 1583 2103 1806 2174; x_wconf 82' lang='lat' dir='ltr'><strong>quidem</strong></span> 
     </span>
    </p>
   </div>
   <div class='ocr_carea' id='block_1_36' title="bbox 231 2194 1807 2266">
    <p class='ocr_par' dir='ltr' id='par_1_36' title="bbox 231 2194 1807 2266">
     <span class='ocr_line' id='line_1_36' title="bbox 231 2194 1807 2266; baseline -0.008 -8"><span class='ocrx_word' id='word_1_264' title='bbox 231 2203 462 2266; x_wconf 71' lang='lat' dir='ltr'><strong>homini,</strong></span> <span class='ocrx_word' id='word_1_265' title='bbox 512 2200 931 2256; x_wconf 88' lang='lat' dir='ltr'><strong>subsistentiam</strong></span> <span class='ocrx_word' id='word_1_266' title='bbox 973 2214 1106 2253; x_wconf 91' lang='lat' dir='ltr'><strong>vero</strong></span> <span class='ocrx_word' id='word_1_267' title='bbox 1141 2199 1253 2252; x_wconf 90' lang='lat' dir='ltr'><strong>Deo</strong></span> <span class='ocrx_word' id='word_1_268' title='bbox 1285 2195 1464 2252; x_wconf 87' lang='lat' dir='ltr'><strong>Verbo</strong></span> <span class='ocrx_word' id='word_1_269' title='bbox 1507 2194 1745 2250; x_wconf 89' lang='lat' dir='ltr'><strong>credunt</strong></span> <span class='ocrx_word' id='word_1_270' title='bbox 1777 2208 1807 2246; x_wconf 92' lang='lat' dir='ltr'><strong>a</strong></span> 
     </span>
    </p>
   </div>
   <div class='ocr_carea' id='block_1_37' title="bbox 231 2286 1808 2367">
    <p class='ocr_par' dir='ltr' id='par_1_37' title="bbox 231 2286 1808 2367">
     <span class='ocr_line' id='line_1_37' title="bbox 231 2286 1808 2367; baseline -0.008 -16"><span class='ocrx_word' id='word_1_271' title='bbox 231 2297 432 2367; x_wconf 75' lang='lat' dir='ltr'><strong>synodo</strong></span> <span class='ocrx_word' id='word_1_272' title='bbox 465 2294 809 2363; x_wconf 89' lang='lat' dir='ltr'><strong>deputatam.</strong></span> <span class='ocrx_word' id='word_1_273' title='bbox 835 2291 956 2346; x_wconf 85' lang='lat' dir='ltr'><strong>Non</strong></span> <span class='ocrx_word' id='word_1_274' title='bbox 985 2289 1136 2360; x_wconf 90' lang='lat' dir='ltr'><strong>quod</strong></span> <span class='ocrx_word' id='word_1_275' title='bbox 1181 2288 1434 2344; x_wconf 88' lang='lat' dir='ltr'><strong>nesciant</strong></span> <span class='ocrx_word' id='word_1_276' title='bbox 1463 2286 1606 2357; x_wconf 88' lang='lat' dir='ltr'><strong>apud</strong></span> <span class='ocrx_word' id='word_1_277' title='bbox 1646 2300 1808 2357; x_wconf 79' lang='lat' dir='ltr'><strong>syno-</strong></span> 
     </span>
    </p>
   </div>
   <div class='ocr_carea' id='block_1_38' title="bbox 231 2379 1803 2455">
    <p class='ocr_par' dir='ltr' id='par_1_38' title="bbox 231 2379 1803 2455">
     <span class='ocr_line' id='line_1_38' title="bbox 231 2379 1803 2455; baseline -0.008 -13"><span class='ocrx_word' id='word_1_278' title='bbox 231 2387 351 2442; x_wconf 84' lang='lat' dir='ltr'><strong>dum</strong></span> <span class='ocrx_word' id='word_1_279' title='bbox 369 2385 648 2455; x_wconf 59' lang='lat' dir='ltr'><strong>Jdipsum</strong></span> <span class='ocrx_word' id='word_1_280' title='bbox 678 2398 800 2438; x_wconf 88' lang='lat' dir='ltr'><strong>esse</strong></span> <span class='ocrx_word' id='word_1_281' title='bbox 832 2381 1250 2436; x_wconf 86' lang='lat' dir='ltr'><strong>subsistentiam</strong></span> <span class='ocrx_word' id='word_1_282' title='bbox 1271 2379 1418 2450; x_wconf 91' lang='lat' dir='ltr'><strong>quod</strong></span> <span class='ocrx_word' id='word_1_283' title='bbox 1452 2387 1508 2434; x_wconf 91' lang='lat' dir='ltr'><strong>et</strong></span> <span class='ocrx_word' id='word_1_284' title='bbox 1546 2393 1803 2448; x_wconf 89' lang='lat' dir='ltr'><strong>persona,</strong></span> 
     </span>
    </p>
   </div>
   <div class='ocr_carea' id='block_1_39' title="bbox 232 2471 1806 2547">
    <p class='ocr_par' dir='ltr' id='par_1_39' title="bbox 232 2471 1806 2547">
     <span class='ocr_line' id='line_1_39' title="bbox 232 2471 1806 2547; baseline -0.007 -13"><span class='ocrx_word' id='word_1_285' title='bbox 232 2479 318 2534; x_wconf 86' lang='lat' dir='ltr'><strong>sed</strong></span> <span class='ocrx_word' id='word_1_286' title='bbox 365 2485 675 2547; x_wconf 81' lang='lat' dir='ltr'><strong>ne&#39;aperte</strong></span> <span class='ocrx_word' id='word_1_287' title='bbox 722 2474 1014 2530; x_wconf 90' lang='lat' dir='ltr'><strong>videantur</strong></span> <span class='ocrx_word' id='word_1_288' title='bbox 1063 2473 1202 2528; x_wconf 89' lang='lat' dir='ltr'><strong>duas</strong></span> <span class='ocrx_word' id='word_1_289' title='bbox 1257 2471 1668 2535; x_wconf 89' lang='lat' dir='ltr'><strong>subsistentias,</strong></span> <span class='ocrx_word' id='word_1_290' title='bbox 1713 2477 1806 2524; x_wconf 87' lang='lat' dir='ltr'><strong>aut</strong></span> 
     </span>
    </p>
   </div>
   <div class='ocr_carea' id='block_1_40' title="bbox 233 2560 1806 2640">
    <p class='ocr_par' dir='ltr' id='par_1_40' title="bbox 233 2560 1806 2640">
     <span class='ocr_line' id='line_1_40' title="bbox 233 2560 1806 2640; baseline -0.009 -14"><span class='ocrx_word' id='word_1_291' title='bbox 233 2571 362 2626; x_wconf 74' lang='lat' dir='ltr'><strong>duas</strong></span> <span class='ocrx_word' id='word_1_292' title='bbox 401 2583 676 2640; x_wconf 87' lang='lat' dir='ltr'><strong>personas</strong></span> <span class='ocrx_word' id='word_1_293' title='bbox 701 2563 1077 2629; x_wconf 88' lang='lat' dir='ltr'><strong>introducere,</strong></span> <span class='ocrx_word' id='word_1_294' title='bbox 1104 2563 1211 2618; x_wconf 90' lang='lat' dir='ltr'><strong>hoc</strong></span> <span class='ocrx_word' id='word_1_295' title='bbox 1231 2563 1486 2633; x_wconf 56' lang='lat' dir='ltr'><strong>pessimo.</strong></span> <span class='ocrx_word' id='word_1_296' title='bbox 1502 2560 1806 2616; x_wconf 90' lang='lat' dir='ltr'><strong>abutuntur</strong></span> 
     </span>
    </p>
   </div>
   <div class='ocr_carea' id='block_1_41' title="bbox 233 2650 1807 2733">
    <p class='ocr_par' dir='ltr' id='par_1_41' title="bbox 233 2650 1807 2733">
     <span class='ocr_line' id='line_1_41' title="bbox 233 2650 1807 2733; baseline -0.006 -17"><span class='ocrx_word' id='word_1_297' title='bbox 233 2669 576 2733; x_wconf 73' lang='lat' dir='ltr'><strong>argumento.</strong></span> <span class='ocrx_word' id='word_1_298' title='bbox 621 2659 732 2712; x_wconf 88' lang='lat' dir='ltr'><strong>Nos</strong></span> <span class='ocrx_word' id='word_1_299' title='bbox 780 2663 964 2712; x_wconf 86' lang='lat' dir='ltr'><strong>autem</strong></span> <span class='ocrx_word' id='word_1_300' title='bbox 995 2670 1168 2710; x_wconf 90' lang='lat' dir='ltr'><strong>unum</strong></span> <span class='ocrx_word' id='word_1_301' title='bbox 1214 2664 1288 2710; x_wconf 89' lang='lat' dir='ltr'><strong>et.</strong></span> <span class='ocrx_word' id='word_1_302' title='bbox 1316 2653 1462 2708; x_wconf 90' lang='lat' dir='ltr'><strong>idem</strong></span> <span class='ocrx_word' id='word_1_303' title='bbox 1500 2650 1807 2708; x_wconf 86' lang='lat' dir='ltr'><strong>sentientes</strong></span> 
     </span>
    </p>
   </div>
   <div class='ocr_carea' id='block_1_42' title="bbox 233 2745 1840 2820">
    <p class='ocr_par' dir='ltr' id='par_1_42' title="bbox 233 2745 1840 2820">
     <span class='ocr_line' id='line_1_42' title="bbox 233 2745 1840 2820; baseline -0.006 -10"><span class='ocrx_word' id='word_1_304' title='bbox 233 2754 648 2810; x_wconf 84' lang='lat' dir='ltr'><strong>subsistentiam</strong></span> <span class='ocrx_word' id='word_1_305' title='bbox 669 2765 794 2805; x_wconf 87' lang='lat' dir='ltr'><strong>esse</strong></span> <span class='ocrx_word' id='word_1_306' title='bbox 824 2749 971 2820; x_wconf 86' lang='lat' dir='ltr'><strong>quod</strong></span> <span class='ocrx_word' id='word_1_307' title='bbox 997 2756 1056 2804; x_wconf 90' lang='lat' dir='ltr'><strong>et</strong></span> <span class='ocrx_word' id='word_1_308' title='bbox 1077 2764 1393 2818; x_wconf 85' lang='lat' dir='ltr'><strong>personam,</strong></span> <span class='ocrx_word' id='word_1_309' title='bbox 1429 2762 1538 2801; x_wconf 90' lang='lat' dir='ltr'><strong>non</strong></span> <span class='ocrx_word' id='word_1_310' title='bbox 1569 2745 1808 2800; x_wconf 90' lang='lat' dir='ltr'><strong>dicimus</strong></span> <span class='ocrx_word' id='word_1_311' title='bbox 1833 2795 1840 2800; x_wconf 79' lang='lat'><strong>.</strong></span> 
     </span>
    </p>
   </div>
   <div class='ocr_carea' id='block_1_43' title="bbox 233 2835 1816 2900">
    <p class='ocr_par' dir='ltr' id='par_1_43' title="bbox 233 2835 1816 2900">
     <span class='ocr_line' id='line_1_43' title="bbox 233 2835 1816 2900; baseline -0.006 -3"><span class='ocrx_word' id='word_1_312' title='bbox 233 2842 558 2897; x_wconf 83' lang='lat' dir='ltr'><strong>Trinitatem</strong></span> <span class='ocrx_word' id='word_1_313' title='bbox 592 2837 903 2893; x_wconf 87' lang='lat' dir='ltr'><strong>inChristo</strong></span> <span class='ocrx_word' id='word_1_314' title='bbox 937 2835 1272 2900; x_wconf 88' lang='lat' dir='ltr'><strong>inhabitare,</strong></span> <span class='ocrx_word' id='word_1_315' title='bbox 1315 2835 1461 2890; x_wconf 88' lang='lat' dir='ltr'><strong>sicut</strong></span> <span class='ocrx_word' id='word_1_316' title='bbox 1492 2848 1816 2896; x_wconf 79' lang='lat' dir='ltr'><strong>consueve-</strong></span> 
     </span>
    </p>
   </div>
   <div class='ocr_carea' id='block_1_44' title="bbox 235 2927 1806 2998">
    <p class='ocr_par' dir='ltr' id='par_1_44' title="bbox 235 2927 1806 2998">
     <span class='ocr_line' id='line_1_44' title="bbox 235 2927 1806 2998; baseline -0.003 -10"><span class='ocrx_word' id='word_1_317' title='bbox 235 2944 356 2989; x_wconf 87' lang='lat' dir='ltr'><strong>runt</strong></span> <span class='ocrx_word' id='word_1_318' title='bbox 375 2931 660 2987; x_wconf 87' lang='lat' dir='ltr'><strong>Theodori</strong></span> <span class='ocrx_word' id='word_1_319' title='bbox 710 2928 1102 2998; x_wconf 86' lang='lat' dir='ltr'><strong>Mopsuestien.</strong></span> <span class='ocrx_word' id='word_1_320' title='bbox 1138 2937 1196 2983; x_wconf 85' lang='lat' dir='ltr'><strong>et</strong></span> <span class='ocrx_word' id='word_1_321' title='bbox 1223 2927 1462 2984; x_wconf 90' lang='lat' dir='ltr'><strong>Nestorii</strong></span> <span class='ocrx_word' id='word_1_322' title='bbox 1487 2936 1806 2994; x_wconf 86' lang='lat' dir='ltr'><strong>sectatores,</strong></span> 
     </span>
    </p>
   </div>
   <div class='ocr_carea' id='block_1_45' title="bbox 236 3019 1808 3094">
    <p class='ocr_par' dir='ltr' id='par_1_45' title="bbox 236 3019 1808 3094">
     <span class='ocr_line' id='line_1_45' title="bbox 236 3019 1808 3094; baseline -0.003 -15"><span class='ocrx_word' id='word_1_323' title='bbox 236 3023 378 3094; x_wconf 78' lang='lat' dir='ltr'><strong>quasi</strong></span> <span class='ocrx_word' id='word_1_324' title='bbox 405 3021 546 3092; x_wconf 90' lang='lat' dir='ltr'><strong>quid</strong></span> <span class='ocrx_word' id='word_1_325' title='bbox 568 3029 724 3076; x_wconf 84' lang='lat' dir='ltr'><strong>extra</strong></span> <span class='ocrx_word' id='word_1_326' title='bbox 744 3021 1068 3076; x_wconf 86' lang='lat' dir='ltr'><strong>Trinitatem</strong></span> <span class='ocrx_word' id='word_1_327' title='bbox 1091 3020 1162 3076; x_wconf 90' lang='lat' dir='ltr'><strong>sit</strong></span> <span class='ocrx_word' id='word_1_328' title='bbox 1195 3019 1448 3076; x_wconf 83' lang='lat' dir='ltr'><strong>Christus</strong></span> <span class='ocrx_word' id='word_1_329' title='bbox 1473 3038 1486 3086; x_wconf 92' lang='lat'><strong>;</strong></span> <span class='ocrx_word' id='word_1_330' title='bbox 1511 3021 1606 3077; x_wconf 88' lang='lat' dir='ltr'><strong>sed</strong></span> <span class='ocrx_word' id='word_1_331' title='bbox 1635 3021 1808 3075; x_wconf 88' lang='lat' dir='ltr'><strong>Deum</strong></span> 
     </span>
    </p>
   </div>
   <div class='ocr_carea' id='block_1_46' title="bbox 237 3112 1803 3183">
    <p class='ocr_par' dir='ltr' id='par_1_46' title="bbox 237 3112 1803 3183">
     <span class='ocr_line' id='line_1_46' title="bbox 237 3112 1803 3183; baseline 0.001 -19"><span class='ocrx_word' id='word_1_332' title='bbox 237 3113 464 3169; x_wconf 80' lang='lat' dir='ltr'><strong>Verbum</strong></span> <span class='ocrx_word' id='word_1_333' title='bbox 517 3113 862 3183; x_wconf 75' lang='lat' dir='ltr'><strong>unigenitum</strong></span> <span class='ocrx_word' id='word_1_334' title='bbox 895 3112 1092 3167; x_wconf 86' lang='lat' dir='ltr'><strong>Filium</strong></span> <span class='ocrx_word' id='word_1_335' title='bbox 1135 3112 1334 3178; x_wconf 84' lang='lat' dir='ltr'><strong>Patris,</strong></span> <span class='ocrx_word' id='word_1_336' title='bbox 1369 3113 1661 3167; x_wconf 88' lang='lat' dir='ltr'><strong>Dominum</strong></span> <span class='ocrx_word' id='word_1_337' title='bbox 1699 3127 1803 3166; x_wconf 87' lang='lat' dir='ltr'><strong>no-</strong></span> 
     </span>
    </p>
   </div>
   <div class='ocr_carea' id='block_1_47' title="bbox 239 3205 1799 3274">
    <p class='ocr_par' dir='ltr' id='par_1_47' title="bbox 239 3205 1799 3274">
     <span class='ocr_line' id='line_1_47' title="bbox 239 3205 1799 3274; baseline -0.003 -13"><span class='ocrx_word' id='word_1_338' title='bbox 239 3216 398 3262; x_wconf 81' lang='lat' dir='ltr'><strong>strum</strong></span> <span class='ocrx_word' id='word_1_339' title='bbox 429 3207 626 3262; x_wconf 85' lang='lat' dir='ltr'><strong>Jesum</strong></span> <span class='ocrx_word' id='word_1_340' title='bbox 655 3205 958 3270; x_wconf 87' lang='lat' dir='ltr'><strong>Christum,</strong></span> <span class='ocrx_word' id='word_1_341' title='bbox 1000 3205 1094 3274; x_wconf 90' lang='lat' dir='ltr'><strong>qui</strong></span> <span class='ocrx_word' id='word_1_342' title='bbox 1128 3221 1227 3274; x_wconf 92' lang='lat' dir='ltr'><strong>pro</strong></span> <span class='ocrx_word' id='word_1_343' title='bbox 1271 3205 1434 3260; x_wconf 90' lang='lat' dir='ltr'><strong>nobis</strong></span> <span class='ocrx_word' id='word_1_344' title='bbox 1471 3219 1666 3274; x_wconf 88' lang='lat' dir='ltr'><strong>passus</strong></span> <span class='ocrx_word' id='word_1_345' title='bbox 1691 3211 1799 3270; x_wconf 92' lang='lat' dir='ltr'><strong>est,</strong></span> 
     </span>
    </p>
   </div>
   <div class='ocr_carea' id='block_1_48' title="bbox 241 3295 1803 3364">
    <p class='ocr_par' dir='ltr' id='par_1_48' title="bbox 241 3295 1803 3364">
     <span class='ocr_line' id='line_1_48' title="bbox 241 3295 1803 3364; baseline -0.003 -10"><span class='ocrx_word' id='word_1_346' title='bbox 241 3312 410 3364; x_wconf 84' lang='lat' dir='ltr'><strong>carne,</strong></span> <span class='ocrx_word' id='word_1_347' title='bbox 432 3297 688 3354; x_wconf 90' lang='lat' dir='ltr'><strong>unumde</strong></span> <span class='ocrx_word' id='word_1_348' title='bbox 717 3297 892 3351; x_wconf 89' lang='lat' dir='ltr'><strong>tribus</strong></span> <span class='ocrx_word' id='word_1_349' title='bbox 907 3297 1278 3352; x_wconf 88' lang='lat' dir='ltr'><strong>subsistentiis</strong></span> <span class='ocrx_word' id='word_1_350' title='bbox 1310 3296 1474 3352; x_wconf 90' lang='lat' dir='ltr'><strong>unius</strong></span> <span class='ocrx_word' id='word_1_351' title='bbox 1499 3295 1803 3352; x_wconf 86' lang='lat' dir='ltr'><strong>divinitatis</strong></span> 
     </span>
    </p>
   </div>
   <div class='ocr_carea' id='block_1_49' title="bbox 241 3388 1806 3458">
    <p class='ocr_par' dir='ltr' id='par_1_49' title="bbox 241 3388 1806 3458">
     <span class='ocr_line' id='line_1_49' title="bbox 241 3388 1806 3458; baseline -0.001 -14"><span class='ocrx_word' id='word_1_352' title='bbox 241 3404 350 3446; x_wconf 82' lang='lat' dir='ltr'><strong>esse</strong></span> <span class='ocrx_word' id='word_1_353' title='bbox 374 3389 681 3446; x_wconf 82' lang='lat' dir='ltr'><strong>credimus.</strong></span> <span class='ocrx_word' id='word_1_354' title='bbox 706 3389 818 3443; x_wconf 87' lang='lat' dir='ltr'><strong>Nec</strong></span> <span class='ocrx_word' id='word_1_355' title='bbox 843 3388 988 3443; x_wconf 86' lang='lat' dir='ltr'><strong>enim</strong></span> <span class='ocrx_word' id='word_1_356' title='bbox 1023 3390 1250 3443; x_wconf 88' lang='lat' dir='ltr'><strong>verendi</strong></span> <span class='ocrx_word' id='word_1_357' title='bbox 1299 3398 1448 3454; x_wconf 90' lang='lat' dir='ltr'><strong>sunt,</strong></span> <span class='ocrx_word' id='word_1_358' title='bbox 1468 3388 1525 3442; x_wconf 89' lang='lat' dir='ltr'><strong>hi</strong></span> <span class='ocrx_word' id='word_1_359' title='bbox 1557 3389 1650 3458; x_wconf 91' lang='lat' dir='ltr'><strong>qui</strong></span> <span class='ocrx_word' id='word_1_360' title='bbox 1704 3403 1806 3443; x_wconf 90' lang='lat' dir='ltr'><strong>nos</strong></span> 
     </span>
    </p>
   </div>
   <div class='ocr_carea' id='block_1_50' title="bbox 243 3465 1805 3550">
    <p class='ocr_par' dir='ltr' id='par_1_50' title="bbox 243 3465 1805 3550">
     <span class='ocr_line' id='line_1_50' title="bbox 243 3465 1805 3550; baseline 0.002 -21"><span class='ocrx_word' id='word_1_361' title='bbox 243 3465 641 3545; x_wconf 84' lang='lat' dir='ltr'><strong>reprehendere</strong></span> <span class='ocrx_word' id='word_1_362' title='bbox 663 3485 916 3542; x_wconf 89' lang='lat' dir='ltr'><strong>tentant,</strong></span> <span class='ocrx_word' id='word_1_363' title='bbox 943 3477 1189 3532; x_wconf 88' lang='lat' dir='ltr'><strong>dicentes</strong></span> <span class='ocrx_word' id='word_1_364' title='bbox 1208 3496 1221 3531; x_wconf 92' lang='lat'>:</span> <span class='ocrx_word' id='word_1_365' title='bbox 1238 3477 1349 3548; x_wconf 75' lang='lat' dir='ltr'><strong>Ego</strong></span> <span class='ocrx_word' id='word_1_366' title='bbox 1385 3478 1557 3550; x_wconf 78' lang='lat' dir='ltr'><strong>[Nego</strong></span> <span class='ocrx_word' id='word_1_367' title='bbox 1583 3476 1630 3550; x_wconf 90' lang='lat'><strong>?]</strong></span> <span class='ocrx_word' id='word_1_368' title='bbox 1659 3476 1805 3548; x_wconf 89' lang='lat' dir='ltr'><strong>quod</strong></span> 
     </span>
    </p>
   </div>
   <div class='ocr_carea' id='block_1_51' title="bbox 245 3564 1808 3631">
    <p class='ocr_par' dir='ltr' id='par_1_51' title="bbox 245 3564 1808 3631">
     <span class='ocr_line' id='line_1_51' title="bbox 245 3564 1808 3631; baseline 0.001 -13"><span class='ocrx_word' id='word_1_369' title='bbox 245 3564 578 3621; x_wconf 86' lang='lat' dir='ltr'><strong>Trinitatem</strong></span> <span class='ocrx_word' id='word_1_370' title='bbox 621 3565 892 3631; x_wconf 85' lang='lat' dir='ltr'><strong>dividere,</strong></span> <span class='ocrx_word' id='word_1_371' title='bbox 933 3575 1018 3621; x_wconf 91' lang='lat' dir='ltr'><strong>est</strong></span> <span class='ocrx_word' id='word_1_372' title='bbox 1069 3566 1348 3622; x_wconf 88' lang='lat' dir='ltr'><strong>Christum</strong></span> <span class='ocrx_word' id='word_1_373' title='bbox 1400 3567 1585 3622; x_wconf 87' lang='lat' dir='ltr'><strong>dicere</strong></span> <span class='ocrx_word' id='word_1_374' title='bbox 1639 3581 1808 3621; x_wconf 90' lang='lat' dir='ltr'><strong>unum</strong></span> 
     </span>
    </p>
   </div>
   <div class='ocr_carea' id='block_1_52' title="bbox 246 3653 1810 3726">
    <p class='ocr_par' dir='ltr' id='par_1_52' title="bbox 246 3653 1810 3726">
     <span class='ocr_line' id='line_1_52' title="bbox 246 3653 1810 3726; baseline 0.001 -18"><span class='ocrx_word' id='word_1_375' title='bbox 246 3653 308 3710; x_wconf 89' lang='lat' dir='ltr'><strong>de</strong></span> <span class='ocrx_word' id='word_1_376' title='bbox 336 3655 630 3720; x_wconf 89' lang='lat' dir='ltr'><strong>Trinitate,</strong></span> <span class='ocrx_word' id='word_1_377' title='bbox 674 3671 800 3710; x_wconf 91' lang='lat' dir='ltr'><strong>cum</strong></span> <span class='ocrx_word' id='word_1_378' title='bbox 834 3672 904 3711; x_wconf 88' lang='lat' dir='ltr'><strong>ex</strong></span> <span class='ocrx_word' id='word_1_379' title='bbox 942 3655 1236 3723; x_wconf 89' lang='lat' dir='ltr'><strong>Trinitate,</strong></span> <span class='ocrx_word' id='word_1_380' title='bbox 1288 3666 1344 3711; x_wconf 91' lang='lat' dir='ltr'><strong>et</strong></span> <span class='ocrx_word' id='word_1_381' title='bbox 1376 3656 1525 3726; x_wconf 92' lang='lat' dir='ltr'><strong>quod</strong></span> <span class='ocrx_word' id='word_1_382' title='bbox 1573 3655 1810 3725; x_wconf 89' lang='lat' dir='ltr'><strong>amplius</strong></span> 
     </span>
    </p>
   </div>
   <div class='ocr_carea' id='block_1_53' title="bbox 247 3746 1806 3818">
    <p class='ocr_par' dir='ltr' id='par_1_53' title="bbox 247 3746 1806 3818">
     <span class='ocr_line' id='line_1_53' title="bbox 247 3746 1806 3818; baseline 0 -18"><span class='ocrx_word' id='word_1_383' title='bbox 247 3755 341 3810; x_wconf 86' lang='lat' dir='ltr'><strong>est,</strong></span> <span class='ocrx_word' id='word_1_384' title='bbox 387 3763 535 3802; x_wconf 89' lang='lat' dir='ltr'><strong>unus</strong></span> <span class='ocrx_word' id='word_1_385' title='bbox 588 3747 790 3812; x_wconf 66' lang='lat' dir='ltr'><strong>trium,</strong></span> <span class='ocrx_word' id='word_1_386' title='bbox 823 3763 856 3802; x_wconf 89' lang='lat' dir='ltr'><strong>a</strong></span> <span class='ocrx_word' id='word_1_387' title='bbox 904 3747 1070 3803; x_wconf 86' lang='lat' dir='ltr'><strong>beato</strong></span> <span class='ocrx_word' id='word_1_388' title='bbox 1125 3747 1338 3803; x_wconf 88' lang='lat' dir='ltr'><strong>dictum</strong></span> <span class='ocrx_word' id='word_1_389' title='bbox 1371 3749 1444 3814; x_wconf 83' lang='lat' dir='ltr'><strong>sit</strong></span> <span class='ocrx_word' id='word_1_390' title='bbox 1475 3746 1806 3818; x_wconf 72' lang='lat' dir='ltr'><strong>Augustino.</strong></span> 
     </span>
    </p>
   </div>
   <div class='ocr_carea' id='block_1_54' title="bbox 248 3835 1823 3908">
    <p class='ocr_par' dir='ltr' id='par_1_54' title="bbox 248 3835 1823 3908">
     <span class='ocr_line' id='line_1_54' title="bbox 248 3835 1823 3908; baseline 0.001 -18"><span class='ocrx_word' id='word_1_391' title='bbox 248 3835 479 3906; x_wconf 88' lang='lat' dir='ltr'><strong>Denique</strong></span> <span class='ocrx_word' id='word_1_392' title='bbox 525 3838 580 3890; x_wconf 89' lang='lat' dir='ltr'><strong>in</strong></span> <span class='ocrx_word' id='word_1_393' title='bbox 623 3837 766 3890; x_wconf 72' lang='lat' dir='ltr'><strong>libro</strong></span> <span class='ocrx_word' id='word_1_394' title='bbox 797 3837 1106 3892; x_wconf 86' lang='lat' dir='ltr'><strong>Enchiridii</strong></span> <span class='ocrx_word' id='word_1_395' title='bbox 1153 3839 1196 3903; x_wconf 75' lang='grc' dir='ltr'><strong>ί,</strong></span> <span class='ocrx_word' id='word_1_396' title='bbox 1231 3837 1362 3892; x_wconf 90' lang='lat' dir='ltr'><strong>dum</strong></span> <span class='ocrx_word' id='word_1_397' title='bbox 1407 3846 1596 3908; x_wconf 80' lang='lat' dir='ltr'><strong>ageret</strong></span> <span class='ocrx_word' id='word_1_398' title='bbox 1629 3837 1698 3892; x_wconf 89' lang='lat' dir='ltr'><strong>de</strong></span> <span class='ocrx_word' id='word_1_399' title='bbox 1743 3852 1823 3892; x_wconf 78' lang='lat' dir='ltr'><strong>eo.</strong></span> 
     </span>
    </p>
   </div>
   <div class='ocr_carea' id='block_1_55' title="bbox 249 3925 1813 3997">
    <p class='ocr_par' dir='ltr' id='par_1_55' title="bbox 249 3925 1813 3997">
     <span class='ocr_line' id='line_1_55' title="bbox 249 3925 1813 3997; baseline -0.001 -17"><span class='ocrx_word' id='word_1_400' title='bbox 249 3927 384 3997; x_wconf 88' lang='lat' dir='ltr'><strong>quod</strong></span> <span class='ocrx_word' id='word_1_401' title='bbox 411 3927 623 3981; x_wconf 91' lang='lat' dir='ltr'><strong>dictum</strong></span> <span class='ocrx_word' id='word_1_402' title='bbox 661 3935 746 3980; x_wconf 89' lang='lat' dir='ltr'><strong>est</strong></span> <span class='ocrx_word' id='word_1_403' title='bbox 783 3943 797 3980; x_wconf 92' lang='lat'><strong>:</strong></span> <span class='ocrx_word' id='word_1_404' title='bbox 852 3925 1055 3981; x_wconf 85' lang='lat' dir='ltr'><strong>Natum</strong></span> <span class='ocrx_word' id='word_1_405' title='bbox 1096 3928 1268 3982; x_wconf 92' lang='lat' dir='ltr'><strong>Deum</strong></span> <span class='ocrx_word' id='word_1_406' title='bbox 1312 3927 1554 3983; x_wconf 78' lang='lat' dir='ltr'><strong>Verbum</strong></span> <span class='ocrx_word' id='word_1_407' title='bbox 1593 3942 1660 3981; x_wconf 85' lang='lat' dir='ltr'><strong>ex</strong></span> <span class='ocrx_word' id='word_1_408' title='bbox 1690 3925 1813 3995; x_wconf 88' lang='lat' dir='ltr'><strong>Spi-</strong></span> 
     </span>
    </p>
   </div>
   <div class='ocr_carea' id='block_1_56' title="bbox 251 4016 1810 4089">
    <p class='ocr_par' dir='ltr' id='par_1_56' title="bbox 251 4016 1810 4089">
     <span class='ocr_line' id='line_1_56' title="bbox 251 4016 1810 4089; baseline 0.001 -20"><span class='ocrx_word' id='word_1_409' title='bbox 251 4017 352 4071; x_wconf 88' lang='lat' dir='ltr'><strong>ritu</strong></span> <span class='ocrx_word' id='word_1_410' title='bbox 379 4027 574 4074; x_wconf 87' lang='lat' dir='ltr'><strong>sancto</strong></span> <span class='ocrx_word' id='word_1_411' title='bbox 604 4025 668 4071; x_wconf 82' lang='lat' dir='ltr'><strong>et</strong></span> <span class='ocrx_word' id='word_1_412' title='bbox 689 4017 855 4071; x_wconf 76' lang='lat' dir='ltr'><strong>Maria</strong></span> <span class='ocrx_word' id='word_1_413' title='bbox 889 4018 1131 4089; x_wconf 76' lang='lat' dir='ltr'><strong>Virgine,</strong></span> <span class='ocrx_word' id='word_1_414' title='bbox 1165 4018 1310 4074; x_wconf 91' lang='lat' dir='ltr'><strong>inter</strong></span> <span class='ocrx_word' id='word_1_415' title='bbox 1335 4025 1530 4073; x_wconf 54' lang='lat' dir='ltr'><strong>caetera</strong></span> <span class='ocrx_word' id='word_1_416' title='bbox 1555 4017 1632 4072; x_wconf 91' lang='lat' dir='ltr'><strong>ait</strong></span> <span class='ocrx_word' id='word_1_417' title='bbox 1663 4035 1675 4070; x_wconf 89' lang='lat'><strong>:</strong></span> <span class='ocrx_word' id='word_1_418' title='bbox 1704 4016 1810 4071; x_wconf 87' lang='lat' dir='ltr'><strong>Sed</strong></span> 
     </span>
    </p>
   </div>
   <div class='ocr_carea' id='block_1_57' title="bbox 251 4107 1815 4177">
    <p class='ocr_par' dir='ltr' id='par_1_57' title="bbox 251 4107 1815 4177">
     <span class='ocr_line' id='line_1_57' title="bbox 251 4107 1815 4177; baseline 0.001 -17"><span class='ocrx_word' id='word_1_419' title='bbox 251 4120 364 4160; x_wconf 84' lang='lat' dir='ltr'><strong>cum</strong></span> <span class='ocrx_word' id='word_1_420' title='bbox 395 4109 546 4162; x_wconf 87' lang='lat' dir='ltr'><strong>illam</strong></span> <span class='ocrx_word' id='word_1_421' title='bbox 575 4116 906 4171; x_wconf 85' lang='lat' dir='ltr'><strong>creaturam,</strong></span> <span class='ocrx_word' id='word_1_422' title='bbox 952 4123 1115 4176; x_wconf 92' lang='lat' dir='ltr'><strong>quam</strong></span> <span class='ocrx_word' id='word_1_423' title='bbox 1143 4107 1307 4177; x_wconf 75' lang='lat' dir='ltr'><strong>Virgo</strong></span> <span class='ocrx_word' id='word_1_424' title='bbox 1351 4107 1608 4176; x_wconf 86' lang='lat' dir='ltr'><strong>concepit</strong></span> <span class='ocrx_word' id='word_1_425' title='bbox 1635 4113 1692 4160; x_wconf 90' lang='lat' dir='ltr'><strong>et</strong></span> <span class='ocrx_word' id='word_1_426' title='bbox 1719 4121 1815 4176; x_wconf 91' lang='lat' dir='ltr'><strong>pe-</strong></span> 
     </span>
    </p>
   </div>
   <div class='ocr_carea' id='block_1_58' title="bbox 251 4195 1814 4267">
    <p class='ocr_par' dir='ltr' id='par_1_58' title="bbox 251 4195 1814 4267">
     <span class='ocr_line' id='line_1_58' title="bbox 251 4195 1814 4267; baseline -0.001 -17"><span class='ocrx_word' id='word_1_427' title='bbox 251 4199 403 4266; x_wconf 83' lang='lat' dir='ltr'><strong>perit,</strong></span> <span class='ocrx_word' id='word_1_428' title='bbox 445 4197 700 4267; x_wconf 84' lang='lat' dir='ltr'><strong>quamvis</strong></span> <span class='ocrx_word' id='word_1_429' title='bbox 751 4197 817 4252; x_wconf 90' lang='lat' dir='ltr'><strong>ad</strong></span> <span class='ocrx_word' id='word_1_430' title='bbox 861 4197 1030 4252; x_wconf 89' lang='lat' dir='ltr'><strong>solam</strong></span> <span class='ocrx_word' id='word_1_431' title='bbox 1079 4195 1174 4250; x_wconf 90' lang='lat' dir='ltr'><strong>ﬁlii</strong></span> <span class='ocrx_word' id='word_1_432' title='bbox 1208 4212 1495 4267; x_wconf 88' lang='lat' dir='ltr'><strong>personam</strong></span> <span class='ocrx_word' id='word_1_433' title='bbox 1528 4196 1814 4266; x_wconf 86' lang='lat' dir='ltr'><strong>pertinen-</strong></span> 
     </span>
    </p>
   </div>
   <div class='ocr_carea' id='block_1_59' title="bbox 253 4287 1815 4358">
    <p class='ocr_par' dir='ltr' id='par_1_59' title="bbox 253 4287 1815 4358">
     <span class='ocr_line' id='line_1_59' title="bbox 253 4287 1815 4358; baseline -0.001 -16"><span class='ocrx_word' id='word_1_434' title='bbox 253 4297 351 4342; x_wconf 87' lang='lat' dir='ltr'><strong>tem</strong></span> <span class='ocrx_word' id='word_1_435' title='bbox 396 4300 507 4345; x_wconf 86' lang='lat' dir='ltr'><strong>tota</strong></span> <span class='ocrx_word' id='word_1_436' title='bbox 545 4289 808 4343; x_wconf 89' lang='lat' dir='ltr'><strong>Trinitas.</strong></span> <span class='ocrx_word' id='word_1_437' title='bbox 834 4288 1031 4343; x_wconf 81' lang='lat' dir='ltr'><strong>fecerit</strong></span> <span class='ocrx_word' id='word_1_438' title='bbox 1061 4287 1266 4358; x_wconf 89' lang='lat' dir='ltr'><strong>(neque</strong></span> <span class='ocrx_word' id='word_1_439' title='bbox 1297 4288 1444 4342; x_wconf 85' lang='lat' dir='ltr'><strong>enim</strong></span> <span class='ocrx_word' id='word_1_440' title='bbox 1477 4287 1815 4358; x_wconf 85' lang='lat' dir='ltr'><strong>separabilia</strong></span> 
     </span>
    </p>
   </div>
   <div class='ocr_carea' id='block_1_60' title="bbox 1900 1811 3484 1893">
    <p class='ocr_par' dir='ltr' id='par_1_60' title="bbox 1900 1811 3484 1893">
     <span class='ocr_line' id='line_1_60' title="bbox 1900 1811 3484 1893; baseline -0.003 -25"><span class='ocrx_word' id='word_1_441' title='bbox 1900 1813 2318 1886; x_wconf 80' lang='lat' dir='ltr'><strong>gloriﬁcatioue,</strong></span> <span class='ocrx_word' id='word_1_442' title='bbox 2347 1830 2455 1884; x_wconf 92' lang='lat' dir='ltr'><strong>qua</strong></span> <span class='ocrx_word' id='word_1_443' title='bbox 2485 1813 2772 1884; x_wconf 89' lang='lat' dir='ltr'><strong>Seraphim</strong></span> <span class='ocrx_word' id='word_1_444' title='bbox 2801 1812 3130 1893; x_wconf 75' lang='lat' dir='ltr'><strong>glorificant,</strong></span> <span class='ocrx_word' id='word_1_445' title='bbox 3148 1811 3364 1868; x_wconf 88' lang='lat' dir='ltr'><strong>exsistit</strong></span> <span class='ocrx_word' id='word_1_446' title='bbox 3388 1823 3484 1864; x_wconf 82' lang='lat' dir='ltr'><strong>ex-</strong></span> 
     </span>
    </p>
   </div>
   <div class='ocr_carea' id='block_1_61' title="bbox 1839 1903 3482 1967">
    <p class='ocr_par' dir='ltr' id='par_1_61' title="bbox 1839 1903 3482 1967">
     <span class='ocr_line' id='line_1_61' title="bbox 1839 1903 3482 1967; baseline -0.002 -7"><span class='ocrx_word' id='word_1_447' title='bbox 1839 1917 1844 1920; x_wconf 83' lang='grc'>·</span> <span class='ocrx_word' id='word_1_448' title='bbox 1902 1914 2148 1961; x_wconf 89' lang='lat' dir='ltr'><strong>traneus.</strong></span> <span class='ocrx_word' id='word_1_449' title='bbox 2197 1906 2294 1960; x_wconf 84' lang='lat' dir='ltr'><strong>illa</strong></span> <span class='ocrx_word' id='word_1_450' title='bbox 2324 1913 2510 1960; x_wconf 86' lang='lat' dir='ltr'><strong>autem</strong></span> <span class='ocrx_word' id='word_1_451' title='bbox 2554 1905 2814 1959; x_wconf 89' lang='lat' dir='ltr'><strong>animalia</strong></span> <span class='ocrx_word' id='word_1_452' title='bbox 2867 1904 3197 1959; x_wconf 89' lang='lat' dir='ltr'><strong>Trinitatem</strong></span> <span class='ocrx_word' id='word_1_453' title='bbox 3229 1903 3482 1967; x_wconf 88' lang='lat' dir='ltr'><strong>laudant,</strong></span> 
     </span>
    </p>
   </div>
   <div class='ocr_carea' id='block_1_62' title="bbox 1903 1979 3526 2053">
    <p class='ocr_par' dir='ltr' id='par_1_62' title="bbox 1903 1979 3526 2053">
     <span class='ocr_line' id='line_1_62' title="bbox 1903 1979 3526 2053; baseline -0.002 -1"><span class='ocrx_word' id='word_1_454' title='bbox 1903 2005 1962 2052; x_wconf 90' lang='lat' dir='ltr'><strong>et</strong></span> <span class='ocrx_word' id='word_1_455' title='bbox 1982 1997 2249 2051; x_wconf 87' lang='lat' dir='ltr'><strong>unitatem</strong></span> <span class='ocrx_word' id='word_1_456' title='bbox 2295 1979 2650 2050; x_wconf 65' lang='lat' dir='ltr'><strong>eonfiientur.</strong></span> <span class='ocrx_word' id='word_1_457' title='bbox 2687 1996 2804 2050; x_wconf 87' lang='lat' dir='ltr'><strong>lloc</strong></span> <span class='ocrx_word' id='word_1_458' title='bbox 2848 2003 3032 2050; x_wconf 88' lang='lat' dir='ltr'><strong>autem</strong></span> <span class='ocrx_word' id='word_1_459' title='bbox 3079 1995 3126 2050; x_wconf 90' lang='lat' dir='ltr'><strong>si</strong></span> <span class='ocrx_word' id='word_1_460' title='bbox 3173 2009 3300 2053; x_wconf 83' lang='lat' dir='ltr'><strong>non.</strong></span> <span class='ocrx_word' id='word_1_461' title='bbox 3328 1989 3526 2049; x_wconf 81' lang='lat' dir='ltr'><strong>men-&#39;</strong></span> 
     </span>
    </p>
   </div>
   <div class='ocr_carea' id='block_1_63' title="bbox 1906 2086 3482 2157">
    <p class='ocr_par' dir='ltr' id='par_1_63' title="bbox 1906 2086 3482 2157">
     <span class='ocr_line' id='line_1_63' title="bbox 1906 2086 3482 2157; baseline -0.003 -15"><span class='ocrx_word' id='word_1_462' title='bbox 1906 2087 2116 2142; x_wconf 90' lang='lat' dir='ltr'><strong>daciter</strong></span> <span class='ocrx_word' id='word_1_463' title='bbox 2143 2086 2304 2142; x_wconf 91' lang='lat' dir='ltr'><strong>docet</strong></span> <span class='ocrx_word' id='word_1_464' title='bbox 2336 2103 2442 2141; x_wconf 82' lang='lat' dir='ltr'><strong>vox</strong></span> <span class='ocrx_word' id='word_1_465' title='bbox 2480 2086 2592 2151; x_wconf 86' lang='lat' dir='ltr'><strong>illa,</strong></span> <span class='ocrx_word' id='word_1_466' title='bbox 2621 2086 2900 2156; x_wconf 90' lang='lat' dir='ltr'><strong>quomodo</strong></span> <span class='ocrx_word' id='word_1_467' title='bbox 2924 2095 3175 2157; x_wconf 88' lang='lat' dir='ltr'><strong>quartus,</strong></span> <span class='ocrx_word' id='word_1_468' title='bbox 3203 2101 3343 2156; x_wconf 87' lang='lat' dir='ltr'><strong>quos</strong></span> <span class='ocrx_word' id='word_1_469' title='bbox 3371 2100 3482 2140; x_wconf 88' lang='lat' dir='ltr'><strong>non</strong></span> 
     </span>
    </p>
   </div>
   <div class='ocr_carea' id='block_1_64' title="bbox 1907 2178 3482 2250">
    <p class='ocr_par' dir='ltr' id='par_1_64' title="bbox 1907 2178 3482 2250">
     <span class='ocr_line' id='line_1_64' title="bbox 1907 2178 3482 2250; baseline -0.001 -17"><span class='ocrx_word' id='word_1_470' title='bbox 1907 2179 2196 2250; x_wconf 86' lang='lat' dir='ltr'><strong>plasmavit</strong></span> <span class='ocrx_word' id='word_1_471' title='bbox 2249 2179 2540 2234; x_wconf 87' lang='lat' dir='ltr'><strong>salvavit‘:</strong></span> <span class='ocrx_word' id='word_1_472' title='bbox 2595 2187 2702 2234; x_wconf 88' lang='lat' dir='ltr'><strong>aut.</strong></span> <span class='ocrx_word' id='word_1_473' title='bbox 2739 2178 3171 2248; x_wconf 76' lang='lat' dir='ltr'><strong>chirographum</strong></span> <span class='ocrx_word' id='word_1_474' title='bbox 3222 2186 3482 2248; x_wconf 86' lang='lat' dir='ltr'><strong>peccato-</strong></span> 
     </span>
    </p>
   </div>
   <div class='ocr_carea' id='block_1_65' title="bbox 1906 2269 3483 2340">
    <p class='ocr_par' dir='ltr' id='par_1_65' title="bbox 1906 2269 3483 2340">
     <span class='ocr_line' id='line_1_65' title="bbox 1906 2269 3483 2340; baseline 0.003 -18"><span class='ocrx_word' id='word_1_475' title='bbox 1906 2284 2030 2323; x_wconf 90' lang='lat' dir='ltr'><strong>rum</strong></span> <span class='ocrx_word' id='word_1_476' title='bbox 2081 2270 2351 2325; x_wconf 81' lang='lat' dir='ltr'><strong>destruxit</strong></span> <span class='ocrx_word' id='word_1_477' title='bbox 2385 2271 2439 2325; x_wconf 93' lang='lat' dir='ltr'><strong>in</strong></span> <span class='ocrx_word' id='word_1_478' title='bbox 2486 2285 2671 2338; x_wconf 88' lang='lat' dir='ltr'><strong>cruce,</strong></span> <span class='ocrx_word' id='word_1_479' title='bbox 2719 2271 2820 2340; x_wconf 87' lang='lat' dir='ltr'><strong>qui</strong></span> <span class='ocrx_word' id='word_1_480' title='bbox 2865 2285 2976 2325; x_wconf 91' lang='lat' dir='ltr'><strong>non</strong></span> <span class='ocrx_word' id='word_1_481' title='bbox 3025 2269 3193 2326; x_wconf 87' lang='lat' dir='ltr'><strong>habet</strong></span> <span class='ocrx_word' id='word_1_482' title='bbox 3239 2279 3483 2340; x_wconf 86' lang='lat' dir='ltr'><strong>potesta-</strong></span> 
     </span>
    </p>
   </div>
   <div class='ocr_carea' id='block_1_66' title="bbox 1905 2361 3504 2432">
    <p class='ocr_par' dir='ltr' id='par_1_66' title="bbox 1905 2361 3504 2432">
     <span class='ocr_line' id='line_1_66' title="bbox 1905 2361 3504 2432; baseline 0.001 -16"><span class='ocrx_word' id='word_1_483' title='bbox 1905 2369 2016 2417; x_wconf 88' lang='lat' dir='ltr'><strong>tem</strong></span> <span class='ocrx_word' id='word_1_484' title='bbox 2057 2371 2281 2432; x_wconf 88' lang='lat' dir='ltr'><strong>peccata</strong></span> <span class='ocrx_word' id='word_1_485' title='bbox 2335 2361 2648 2428; x_wconf 83' lang='lat' dir='ltr'><strong>dimittere,</strong></span> <span class='ocrx_word' id='word_1_486' title='bbox 2697 2361 2744 2418; x_wconf 89' lang='lat' dir='ltr'><strong>si</strong></span> <span class='ocrx_word' id='word_1_487' title='bbox 2795 2377 2908 2417; x_wconf 90' lang='lat' dir='ltr'><strong>non</strong></span> <span class='ocrx_word' id='word_1_488' title='bbox 2954 2369 3042 2417; x_wconf 91' lang='lat' dir='ltr'><strong>est</strong></span> <span class='ocrx_word' id='word_1_489' title='bbox 3089 2362 3394 2418; x_wconf 90' lang='lat' dir='ltr'><strong>secundum</strong></span> <span class='ocrx_word' id='word_1_490' title='bbox 3431 2371 3504 2418; x_wconf 90' lang='lat' dir='ltr'><strong>te-</strong></span> 
     </span>
    </p>
   </div>
   <div class='ocr_carea' id='block_1_67' title="bbox 1905 2455 2090 2510">
    <p class='ocr_par' dir='ltr' id='par_1_67' title="bbox 1905 2455 2090 2510">
     <span class='ocr_line' id='line_1_67' title="bbox 1905 2455 2090 2510; baseline -0.011 0"><span class='ocrx_word' id='word_1_491' title='bbox 1905 2455 2090 2510; x_wconf 87' lang='lat' dir='ltr'><strong>Deus?</strong></span> 
     </span>
    </p>
   </div>
   <div class='ocr_carea' id='block_1_68' title="bbox 1976 2544 3485 2619">
    <p class='ocr_par' dir='ltr' id='par_1_68' title="bbox 1976 2544 3485 2619">
     <span class='ocr_line' id='line_1_68' title="bbox 1976 2544 3485 2619; baseline 0.003 -20"><span class='ocrx_word' id='word_1_492' title='bbox 1976 2544 2044 2599; x_wconf 81' lang='lat' dir='ltr'><strong>Et</strong></span> <span class='ocrx_word' id='word_1_493' title='bbox 2076 2545 2272 2601; x_wconf 89' lang='lat' dir='ltr'><strong>iterum</strong></span> <span class='ocrx_word' id='word_1_494' title='bbox 2295 2556 2419 2617; x_wconf 87' lang='lat' dir='ltr'><strong>post</strong></span> <span class='ocrx_word' id='word_1_495' title='bbox 2437 2547 2716 2618; x_wconf 86' lang='lat' dir='ltr'><strong>aliquanta</strong></span> <span class='ocrx_word' id='word_1_496' title='bbox 2737 2565 2750 2602; x_wconf 89' lang='lat'><strong>:</strong></span> <span class='ocrx_word' id='word_1_497' title='bbox 2775 2546 2832 2603; x_wconf 91' lang='lat' dir='ltr'><strong>Si</strong></span> <span class='ocrx_word' id='word_1_498' title='bbox 2851 2556 3033 2603; x_wconf 89' lang='lat' dir='ltr'><strong>autem</strong></span> <span class='ocrx_word' id='word_1_499' title='bbox 3055 2547 3304 2619; x_wconf 80' lang='lat' dir='ltr'><strong>proferas</strong></span> <span class='ocrx_word' id='word_1_500' title='bbox 3324 2546 3485 2613; x_wconf 81' lang='lat' dir='ltr'><strong>mihi,</strong></span> 
     </span>
    </p>
   </div>
   <div class='ocr_carea' id='block_1_69' title="bbox 1907 2632 3485 2705">
    <p class='ocr_par' dir='ltr' id='par_1_69' title="bbox 1907 2632 3485 2705">
     <span class='ocr_line' id='line_1_69' title="bbox 1907 2632 3485 2705; baseline 0.003 -18"><span class='ocrx_word' id='word_1_501' title='bbox 1907 2632 2107 2704; x_wconf 90' lang='lat' dir='ltr'><strong>inquit,</strong></span> <span class='ocrx_word' id='word_1_502' title='bbox 2127 2634 2318 2689; x_wconf 87' lang='lat' dir='ltr'><strong>dicens</strong></span> <span class='ocrx_word' id='word_1_503' title='bbox 2343 2652 2355 2688; x_wconf 92' lang='lat'>:</span> <span class='ocrx_word' id='word_1_504' title='bbox 2375 2634 2512 2701; x_wconf 90' lang='lat' dir='ltr'><strong>Quia</strong></span> <span class='ocrx_word' id='word_1_505' title='bbox 2535 2635 2629 2705; x_wconf 90' lang='lat' dir='ltr'><strong>qui</strong></span> <span class='ocrx_word' id='word_1_506' title='bbox 2651 2635 2947 2691; x_wconf 88' lang='lat' dir='ltr'><strong>conﬁtetur</strong></span> <span class='ocrx_word' id='word_1_507' title='bbox 2969 2636 3292 2693; x_wconf 81' lang='lat' dir='ltr'><strong>cruciﬁxum</strong></span> <span class='ocrx_word' id='word_1_508' title='bbox 3312 2637 3485 2692; x_wconf 92' lang='lat' dir='ltr'><strong>Deum</strong></span> 
     </span>
    </p>
   </div>
   <div class='ocr_carea' id='block_1_70' title="bbox 1908 2726 3482 2806">
    <p class='ocr_par' dir='ltr' id='par_1_70' title="bbox 1908 2726 3482 2806">
     <span class='ocr_line' id='line_1_70' title="bbox 1908 2726 3482 2806; baseline 0.002 -25"><span class='ocrx_word' id='word_1_509' title='bbox 1908 2726 2129 2793; x_wconf 79' lang='lat' dir='ltr'><strong>Filium,</strong></span> <span class='ocrx_word' id='word_1_510' title='bbox 2166 2736 2223 2782; x_wconf 91' lang='lat' dir='ltr'><strong>et</strong></span> <span class='ocrx_word' id='word_1_511' title='bbox 2249 2729 2464 2783; x_wconf 89' lang='lat' dir='ltr'><strong>Patrem</strong></span> <span class='ocrx_word' id='word_1_512' title='bbox 2489 2738 2546 2784; x_wconf 93' lang='lat' dir='ltr'><strong>et</strong></span> <span class='ocrx_word' id='word_1_513' title='bbox 2578 2727 2844 2798; x_wconf 89' lang='lat' dir='ltr'><strong>Spiritum</strong></span> <span class='ocrx_word' id='word_1_514' title='bbox 2871 2737 3122 2806; x_wconf 84' lang='lat' dir='ltr'><strong>sanctum</strong></span> <span class='ocrx_word' id='word_1_515' title='bbox 3157 2731 3482 2795; x_wconf 89' lang='lat' dir='ltr'><strong>confitetur,</strong></span> 
     </span>
    </p>
   </div>
   <div class='ocr_carea' id='block_1_71' title="bbox 1909 2819 3484 2890">
    <p class='ocr_par' dir='ltr' id='par_1_71' title="bbox 1909 2819 3484 2890">
     <span class='ocr_line' id='line_1_71' title="bbox 1909 2819 3484 2890; baseline 0.003 -18"><span class='ocrx_word' id='word_1_516' title='bbox 1909 2831 2078 2888; x_wconf 90' lang='lat' dir='ltr'><strong>super</strong></span> <span class='ocrx_word' id='word_1_517' title='bbox 2125 2834 2321 2888; x_wconf 89' lang='lat' dir='ltr'><strong>aquam</strong></span> <span class='ocrx_word' id='word_1_518' title='bbox 2375 2819 2596 2884; x_wconf 88' lang='lat' dir='ltr'><strong>scribis,</strong></span> <span class='ocrx_word' id='word_1_519' title='bbox 2646 2830 2703 2875; x_wconf 92' lang='lat' dir='ltr'><strong>et</strong></span> <span class='ocrx_word' id='word_1_520' title='bbox 2746 2835 2914 2890; x_wconf 90' lang='lat' dir='ltr'><strong>super</strong></span> <span class='ocrx_word' id='word_1_521' title='bbox 2945 2836 3170 2877; x_wconf 87' lang='lat' dir='ltr'><strong>arenam</strong></span> <span class='ocrx_word' id='word_1_522' title='bbox 3220 2820 3484 2880; x_wconf 64' lang='lat' dir='ltr'><strong>mdifl‘cas.</strong></span> 
     </span>
    </p>
   </div>
   <div class='ocr_carea' id='block_1_72' title="bbox 1908 2907 3485 2982">
    <p class='ocr_par' dir='ltr' id='par_1_72' title="bbox 1908 2907 3485 2982">
     <span class='ocr_line' id='line_1_72' title="bbox 1908 2907 3485 2982; baseline 0.003 -18"><span class='ocrx_word' id='word_1_523' title='bbox 1908 2907 2145 2966; x_wconf 78' lang='lat' dir='ltr'><strong>Attende</strong></span> <span class='ocrx_word' id='word_1_524' title='bbox 2173 2910 2340 2982; x_wconf 80' lang='lat' dir='ltr'><strong>igitur</strong></span> <span class='ocrx_word' id='word_1_525' title='bbox 2367 2912 2652 2966; x_wconf 76' lang='lat' dir='ltr'><strong>catholica:</strong></span> <span class='ocrx_word' id='word_1_526' title='bbox 2681 2911 2809 2968; x_wconf 84' lang='lat' dir='ltr'><strong>ﬁdei</strong></span> <span class='ocrx_word' id='word_1_527' title='bbox 2845 2929 3068 2979; x_wconf 85' lang='lat' dir='ltr'><strong>nervos,</strong></span> <span class='ocrx_word' id='word_1_528' title='bbox 3107 2923 3163 2969; x_wconf 89' lang='lat' dir='ltr'><strong>et</strong></span> <span class='ocrx_word' id='word_1_529' title='bbox 3189 2914 3350 2970; x_wconf 87' lang='lat' dir='ltr'><strong>ablue</strong></span> <span class='ocrx_word' id='word_1_530' title='bbox 3379 2915 3485 2970; x_wconf 87' lang='lat' dir='ltr'><strong>im-</strong></span> 
     </span>
    </p>
   </div>
   <div class='ocr_carea' id='block_1_73' title="bbox 1910 2999 3486 3076">
    <p class='ocr_par' dir='ltr' id='par_1_73' title="bbox 1910 2999 3486 3076">
     <span class='ocr_line' id='line_1_73' title="bbox 1910 2999 3486 3076; baseline 0.006 -23"><span class='ocrx_word' id='word_1_531' title='bbox 1910 2999 2263 3069; x_wconf 86' lang='lat' dir='ltr'><strong>prudentiam</strong></span> <span class='ocrx_word' id='word_1_532' title='bbox 2311 3009 2482 3056; x_wconf 89' lang='lat' dir='ltr'><strong>tuam.</strong></span> <span class='ocrx_word' id='word_1_533' title='bbox 2534 3001 2676 3069; x_wconf 86' lang='lat' dir='ltr'><strong>Quid</strong></span> <span class='ocrx_word' id='word_1_534' title='bbox 2722 3005 2871 3059; x_wconf 90' lang='lat' dir='ltr'><strong>enim</strong></span> <span class='ocrx_word' id='word_1_535' title='bbox 2912 3013 3014 3060; x_wconf 78' lang='lat' dir='ltr'><strong>est&#39;</strong></span> <span class='ocrx_word' id='word_1_536' title='bbox 3056 3005 3203 3076; x_wconf 91' lang='lat' dir='ltr'><strong>quod</strong></span> <span class='ocrx_word' id='word_1_537' title='bbox 3248 3023 3352 3062; x_wconf 91' lang='lat' dir='ltr'><strong>nos</strong></span> <span class='ocrx_word' id='word_1_538' title='bbox 3395 3023 3486 3063; x_wconf 84' lang='lat' dir='ltr'><strong>sa-</strong></span> 
     </span>
    </p>
   </div>
   <div class='ocr_carea' id='block_1_74' title="bbox 1834 3070 3490 3167">
    <p class='ocr_par' dir='ltr' id='par_1_74' title="bbox 1834 3070 3490 3167">
     <span class='ocr_line' id='line_1_74' title="bbox 1834 3070 3490 3167; baseline 0.006 -23"><span class='ocrx_word' id='word_1_539' title='bbox 1834 3070 1877 3130; x_wconf 68' lang='grc' dir='ltr'><em>ο</em></span> <span class='ocrx_word' id='word_1_540' title='bbox 1912 3092 2094 3161; x_wconf 88' lang='lat' dir='ltr'><strong>pimus</strong></span> <span class='ocrx_word' id='word_1_541' title='bbox 2121 3092 2144 3146; x_wconf 87' lang='lat'><strong>?</strong></span> <span class='ocrx_word' id='word_1_542' title='bbox 2174 3093 2231 3147; x_wconf 91' lang='lat' dir='ltr'><strong>ln</strong></span> <span class='ocrx_word' id='word_1_543' title='bbox 2254 3093 2358 3149; x_wconf 90' lang='lat' dir='ltr'><strong>hac</strong></span> <span class='ocrx_word' id='word_1_544' title='bbox 2388 3094 2505 3164; x_wconf 89' lang='lat' dir='ltr'><strong>ipsa</strong></span> <span class='ocrx_word' id='word_1_545' title='bbox 2535 3095 2795 3158; x_wconf 87' lang='lat' dir='ltr'><strong>essentia,</strong></span> <span class='ocrx_word' id='word_1_546' title='bbox 2829 3112 2936 3167; x_wconf 90' lang='lat' dir='ltr'><strong>qua</strong></span> <span class='ocrx_word' id='word_1_547' title='bbox 2965 3070 3182 3153; x_wconf 74' lang='lat' dir='ltr'><strong>constat</strong></span> <span class='ocrx_word' id='word_1_548' title='bbox 3211 3107 3267 3154; x_wconf 90' lang='lat' dir='ltr'><strong>et</strong></span> <span class='ocrx_word' id='word_1_549' title='bbox 3297 3099 3490 3155; x_wconf 73' lang='lat' dir='ltr'><strong>unituJ</strong></span> 
     </span>
    </p>
   </div>
   <div class='ocr_carea' id='block_1_75' title="bbox 1903 3185 3488 3263">
    <p class='ocr_par' dir='ltr' id='par_1_75' title="bbox 1903 3185 3488 3263">
     <span class='ocr_line' id='line_1_75' title="bbox 1903 3185 3488 3263; baseline 0.006 -24"><span class='ocrx_word' id='word_1_550' title='bbox 1903 3193 1990 3239; x_wconf 90' lang='lat' dir='ltr'><strong>est</strong></span> <span class='ocrx_word' id='word_1_551' title='bbox 2019 3185 2194 3240; x_wconf 87' lang='lat' dir='ltr'><strong>Filius</strong></span> <span class='ocrx_word' id='word_1_552' title='bbox 2223 3186 2370 3242; x_wconf 92' lang='lat' dir='ltr'><strong>Patri</strong></span> <span class='ocrx_word' id='word_1_553' title='bbox 2421 3197 2478 3242; x_wconf 91' lang='lat' dir='ltr'><strong>et</strong></span> <span class='ocrx_word' id='word_1_554' title='bbox 2511 3187 2767 3258; x_wconf 85' lang='lat' dir='ltr'><strong>Spiritui,</strong></span> <span class='ocrx_word' id='word_1_555' title='bbox 2800 3205 2910 3244; x_wconf 91' lang='lat' dir='ltr'><strong>non</strong></span> <span class='ocrx_word' id='word_1_556' title='bbox 2942 3190 3180 3246; x_wconf 90' lang='lat' dir='ltr'><strong>dicimus</strong></span> <span class='ocrx_word' id='word_1_557' title='bbox 3204 3207 3330 3247; x_wconf 91' lang='lat' dir='ltr'><strong>eum</strong></span> <span class='ocrx_word' id='word_1_558' title='bbox 3366 3207 3488 3263; x_wconf 85' lang='lat' dir='ltr'><strong>pas-</strong></span> 
     </span>
    </p>
   </div>
   <div class='ocr_carea' id='block_1_76' title="bbox 1903 3279 3486 3352">
    <p class='ocr_par' dir='ltr' id='par_1_76' title="bbox 1903 3279 3486 3352">
     <span class='ocr_line' id='line_1_76' title="bbox 1903 3279 3486 3352; baseline 0.004 -18"><span class='ocrx_word' id='word_1_559' title='bbox 1903 3292 2046 3344; x_wconf 82' lang='lat' dir='ltr'><strong>sum,</strong></span> <span class='ocrx_word' id='word_1_560' title='bbox 2071 3279 2165 3333; x_wconf 89' lang='lat' dir='ltr'><strong>sed</strong></span> <span class='ocrx_word' id='word_1_561' title='bbox 2189 3287 2352 3334; x_wconf 83' lang='lat' dir='ltr'><strong>carne</strong></span> <span class='ocrx_word' id='word_1_562' title='bbox 2379 3295 2500 3349; x_wconf 69' lang='lat' dir='ltr'><strong>quzc</strong></span> <span class='ocrx_word' id='word_1_563' title='bbox 2523 3295 2588 3335; x_wconf 85' lang='lat' dir='ltr'><strong>ex</strong></span> <span class='ocrx_word' id='word_1_564' title='bbox 2611 3281 2767 3336; x_wconf 89' lang='lat' dir='ltr'><strong>nobis</strong></span> <span class='ocrx_word' id='word_1_565' title='bbox 2793 3290 2848 3335; x_wconf 82' lang='lat' dir='ltr'><strong>et</strong></span> <span class='ocrx_word' id='word_1_566' title='bbox 2872 3298 2972 3352; x_wconf 89' lang='lat' dir='ltr'><strong>pro</strong></span> <span class='ocrx_word' id='word_1_567' title='bbox 2992 3283 3154 3339; x_wconf 90' lang='lat' dir='ltr'><strong>nobis</strong></span> <span class='ocrx_word' id='word_1_568' title='bbox 3175 3295 3259 3340; x_wconf 88' lang='lat' dir='ltr'><strong>est</strong></span> <span class='ocrx_word' id='word_1_569' title='bbox 3289 3285 3486 3341; x_wconf 89' lang='lat' dir='ltr'><strong>factus.</strong></span> 
     </span>
    </p>
   </div>
   <div class='ocr_carea' id='block_1_77' title="bbox 1905 3369 3486 3446">
    <p class='ocr_par' dir='ltr' id='par_1_77' title="bbox 1905 3369 3486 3446">
     <span class='ocr_line' id='line_1_77' title="bbox 1905 3369 3486 3446; baseline 0.007 -22"><span class='ocrx_word' id='word_1_570' title='bbox 1905 3369 2028 3424; x_wconf 86' lang='lat' dir='ltr'><strong>Non</strong></span> <span class='ocrx_word' id='word_1_571' title='bbox 2075 3380 2260 3425; x_wconf 89' lang='lat' dir='ltr'><strong>autem</strong></span> <span class='ocrx_word' id='word_1_572' title='bbox 2290 3371 2436 3426; x_wconf 88' lang='lat' dir='ltr'><strong>alius</strong></span> <span class='ocrx_word' id='word_1_573' title='bbox 2463 3381 2547 3427; x_wconf 89' lang='lat' dir='ltr'><strong>est</strong></span> <span class='ocrx_word' id='word_1_574' title='bbox 2577 3374 2754 3429; x_wconf 87' lang='lat' dir='ltr'><strong>factus</strong></span> <span class='ocrx_word' id='word_1_575' title='bbox 2778 3375 2884 3429; x_wconf 89' lang='lat' dir='ltr'><strong>nisi</strong></span> <span class='ocrx_word' id='word_1_576' title='bbox 2915 3392 3057 3430; x_wconf 91' lang='lat' dir='ltr'><strong>unus</strong></span> <span class='ocrx_word' id='word_1_577' title='bbox 3091 3377 3159 3431; x_wconf 90' lang='lat' dir='ltr'><strong>de</strong></span> <span class='ocrx_word' id='word_1_578' title='bbox 3194 3377 3486 3446; x_wconf 85' lang='lat' dir='ltr'><strong>Trinitate,</strong></span> 
     </span>
    </p>
   </div>
   <div class='ocr_carea' id='block_1_78' title="bbox 1907 3461 3487 3532">
    <p class='ocr_par' dir='ltr' id='par_1_78' title="bbox 1907 3461 3487 3532">
     <span class='ocr_line' id='line_1_78' title="bbox 1907 3461 3487 3532; baseline 0.006 -19"><span class='ocrx_word' id='word_1_579' title='bbox 1907 3467 1965 3513; x_wconf 89' lang='lat' dir='ltr'><strong>et</strong></span> <span class='ocrx_word' id='word_1_580' title='bbox 2009 3461 2304 3516; x_wconf 82' lang='lat' dir='ltr'><strong>cruciﬁxus</strong></span> <span class='ocrx_word' id='word_1_581' title='bbox 2328 3473 2436 3526; x_wconf 90' lang='lat' dir='ltr'><strong>est,</strong></span> <span class='ocrx_word' id='word_1_582' title='bbox 2467 3477 2634 3518; x_wconf 90' lang='lat' dir='ltr'><strong>carne</strong></span> <span class='ocrx_word' id='word_1_583' title='bbox 2662 3479 2771 3532; x_wconf 90' lang='lat' dir='ltr'><strong>qua</strong></span> <span class='ocrx_word' id='word_1_584' title='bbox 2818 3463 2997 3519; x_wconf 87' lang='lat' dir='ltr'><strong>factus</strong></span> <span class='ocrx_word' id='word_1_585' title='bbox 3021 3474 3126 3530; x_wconf 91' lang='lat' dir='ltr'><strong>est,</strong></span> <span class='ocrx_word' id='word_1_586' title='bbox 3162 3475 3220 3521; x_wconf 91' lang='lat' dir='ltr'><strong>ct</strong></span> <span class='ocrx_word' id='word_1_587' title='bbox 3262 3483 3374 3522; x_wconf 91' lang='lat' dir='ltr'><strong>non</strong></span> <span class='ocrx_word' id='word_1_588' title='bbox 3401 3478 3487 3523; x_wconf 90' lang='lat' dir='ltr'><strong>est</strong></span> 
     </span>
    </p>
   </div>
   <div class='ocr_carea' id='block_1_79' title="bbox 1910 3553 3484 3628">
    <p class='ocr_par' dir='ltr' id='par_1_79' title="bbox 1910 3553 3484 3628">
     <span class='ocr_line' id='line_1_79' title="bbox 1910 3553 3484 3628; baseline 0.006 -25"><span class='ocrx_word' id='word_1_589' title='bbox 1910 3565 2110 3620; x_wconf 89' lang='lat' dir='ltr'><strong>passus</strong></span> <span class='ocrx_word' id='word_1_590' title='bbox 2142 3553 2464 3617; x_wconf 82' lang='lat' dir='ltr'><strong>divinitate,</strong></span> <span class='ocrx_word' id='word_1_591' title='bbox 2497 3569 2604 3623; x_wconf 90' lang='lat' dir='ltr'><strong>qua</strong></span> <span class='ocrx_word' id='word_1_592' title='bbox 2628 3555 2818 3609; x_wconf 91' lang='lat' dir='ltr'><strong>unitus</strong></span> <span class='ocrx_word' id='word_1_593' title='bbox 2847 3565 2931 3609; x_wconf 91' lang='lat' dir='ltr'><strong>est</strong></span> <span class='ocrx_word' id='word_1_594' title='bbox 2957 3557 3104 3611; x_wconf 88' lang='lat' dir='ltr'><strong>Patri</strong></span> <span class='ocrx_word' id='word_1_595' title='bbox 3137 3568 3193 3612; x_wconf 86' lang='lat' dir='ltr'><strong>et</strong></span> <span class='ocrx_word' id='word_1_596' title='bbox 3228 3557 3484 3628; x_wconf 88' lang='lat' dir='ltr'><strong>Spiritui,</strong></span> 
     </span>
    </p>
   </div>
   <div class='ocr_carea' id='block_1_80' title="bbox 1910 3643 3488 3720">
    <p class='ocr_par' dir='ltr' id='par_1_80' title="bbox 1910 3643 3488 3720">
     <span class='ocr_line' id='line_1_80' title="bbox 1910 3643 3488 3720; baseline 0.006 -24"><span class='ocrx_word' id='word_1_597' title='bbox 1910 3651 1972 3696; x_wconf 91' lang='lat' dir='ltr'><strong>ut</strong></span> <span class='ocrx_word' id='word_1_598' title='bbox 2020 3651 2074 3696; x_wconf 92' lang='lat' dir='ltr'><strong>et</strong></span> <span class='ocrx_word' id='word_1_599' title='bbox 2116 3643 2268 3713; x_wconf 88' lang='lat' dir='ltr'><strong>ipsos</strong></span> <span class='ocrx_word' id='word_1_600' title='bbox 2305 3645 2710 3700; x_wconf 83' lang='lat' dir='ltr'><strong>concruciflxos</strong></span> <span class='ocrx_word' id='word_1_601' title='bbox 2752 3644 3028 3720; x_wconf 78' lang='lat' dir='ltr'><strong>dicamus.</strong></span> <span class='ocrx_word' id='word_1_602' title='bbox 3079 3647 3134 3702; x_wconf 90' lang='lat' dir='ltr'><strong>Si</strong></span> <span class='ocrx_word' id='word_1_603' title='bbox 3179 3658 3364 3704; x_wconf 89' lang='lat' dir='ltr'><strong>autem</strong></span> <span class='ocrx_word' id='word_1_604' title='bbox 3401 3651 3488 3705; x_wconf 89' lang='lat' dir='ltr'><strong>di-</strong></span> 
     </span>
    </p>
   </div>
   <div class='ocr_carea' id='block_1_81' title="bbox 1911 3737 3496 3806">
    <p class='ocr_par' dir='ltr' id='par_1_81' title="bbox 1911 3737 3496 3806">
     <span class='ocr_line' id='line_1_81' title="bbox 1911 3737 3496 3806; baseline 0.005 -16"><span class='ocrx_word' id='word_1_605' title='bbox 1911 3749 2161 3791; x_wconf 87' lang='lat' dir='ltr'><strong>ceremus</strong></span> <span class='ocrx_word' id='word_1_606' title='bbox 2201 3752 2327 3792; x_wconf 90' lang='lat' dir='ltr'><strong>eum</strong></span> <span class='ocrx_word' id='word_1_607' title='bbox 2355 3737 2650 3793; x_wconf 88' lang='lat' dir='ltr'><strong>divinitate</strong></span> <span class='ocrx_word' id='word_1_608' title='bbox 2675 3738 3025 3806; x_wconf 86' lang='lat' dir='ltr'><strong>crucifixum,</strong></span> <span class='ocrx_word' id='word_1_609' title='bbox 3061 3756 3257 3799; x_wconf 83' lang='lat' dir='ltr'><strong>revera</strong></span> <span class='ocrx_word' id='word_1_610' title='bbox 3285 3741 3338 3796; x_wconf 92' lang='lat' dir='ltr'><strong>in</strong></span> <span class='ocrx_word' id='word_1_611' title='bbox 3375 3743 3496 3798; x_wconf 82' lang='lat' dir='ltr'><strong>Tri-</strong></span> 
     </span>
    </p>
   </div>
   <div class='ocr_carea' id='block_1_82' title="bbox 1909 3829 3489 3899">
    <p class='ocr_par' dir='ltr' id='par_1_82' title="bbox 1909 3829 3489 3899">
     <span class='ocr_line' id='line_1_82' title="bbox 1909 3829 3489 3899; baseline 0.004 -16"><span class='ocrx_word' id='word_1_612' title='bbox 1909 3829 2081 3884; x_wconf 91' lang='lat' dir='ltr'><strong>nitate</strong></span> <span class='ocrx_word' id='word_1_613' title='bbox 2114 3831 2426 3898; x_wconf 89' lang='lat' dir='ltr'><strong>passionem</strong></span> <span class='ocrx_word' id='word_1_614' title='bbox 2464 3830 2874 3886; x_wconf 90' lang='lat' dir='ltr'><strong>induceremus.</strong></span> <span class='ocrx_word' id='word_1_615' title='bbox 2905 3830 2960 3886; x_wconf 91' lang='lat' dir='ltr'><strong>Si</strong></span> <span class='ocrx_word' id='word_1_616' title='bbox 2992 3842 3177 3888; x_wconf 88' lang='lat' dir='ltr'><strong>autem</strong></span> <span class='ocrx_word' id='word_1_617' title='bbox 3228 3833 3489 3899; x_wconf 89' lang='lat' dir='ltr'><strong>dicimus,</strong></span> 
     </span>
    </p>
   </div>
   <div class='ocr_carea' id='block_1_83' title="bbox 1911 3921 3492 3996">
    <p class='ocr_par' dir='ltr' id='par_1_83' title="bbox 1911 3921 3492 3996">
     <span class='ocr_line' id='line_1_83' title="bbox 1911 3921 3492 3996; baseline 0.004 -21"><span class='ocrx_word' id='word_1_618' title='bbox 1911 3921 2058 3991; x_wconf 90' lang='lat' dir='ltr'><strong>quod</strong></span> <span class='ocrx_word' id='word_1_619' title='bbox 2086 3921 2140 3976; x_wconf 93' lang='lat' dir='ltr'><strong>in</strong></span> <span class='ocrx_word' id='word_1_620' title='bbox 2165 3937 2329 3978; x_wconf 89' lang='lat' dir='ltr'><strong>carne</strong></span> <span class='ocrx_word' id='word_1_621' title='bbox 2354 3938 2450 3978; x_wconf 88' lang='lat' dir='ltr'><strong>sua</strong></span> <span class='ocrx_word' id='word_1_622' title='bbox 2480 3923 2764 3993; x_wconf 89' lang='lat' dir='ltr'><strong>passiones</strong></span> <span class='ocrx_word' id='word_1_623' title='bbox 2783 3923 3031 3979; x_wconf 85' lang='lat' dir='ltr'><strong>Verbum</strong></span> <span class='ocrx_word' id='word_1_624' title='bbox 3061 3925 3328 3996; x_wconf 86' lang='lat' dir='ltr'><strong>suscepit,</strong></span> <span class='ocrx_word' id='word_1_625' title='bbox 3359 3942 3492 3981; x_wconf 89' lang='lat' dir='ltr'><strong>con-</strong></span> 
     </span>
    </p>
   </div>
   <div class='ocr_carea' id='block_1_84' title="bbox 1913 4013 3491 4088">
    <p class='ocr_par' dir='ltr' id='par_1_84' title="bbox 1913 4013 3491 4088">
     <span class='ocr_line' id='line_1_84' title="bbox 1913 4013 3491 4088; baseline 0.004 -22"><span class='ocrx_word' id='word_1_626' title='bbox 1913 4013 2133 4068; x_wconf 90' lang='lat' dir='ltr'><strong>fitemur</strong></span> <span class='ocrx_word' id='word_1_627' title='bbox 2172 4014 2300 4084; x_wconf 88' lang='lat' dir='ltr'><strong>quia</strong></span> <span class='ocrx_word' id='word_1_628' title='bbox 2349 4023 2406 4069; x_wconf 89' lang='lat' dir='ltr'><strong>et</strong></span> <span class='ocrx_word' id='word_1_629' title='bbox 2481 4029 2626 4070; x_wconf 92' lang='lat' dir='ltr'><strong>unus</strong></span> <span class='ocrx_word' id='word_1_630' title='bbox 2659 4014 2837 4070; x_wconf 91' lang='lat' dir='ltr'><strong>estde</strong></span> <span class='ocrx_word' id='word_1_631' title='bbox 2867 4016 3137 4074; x_wconf 86' lang='lat' dir='ltr'><strong>Trinitate</strong></span> <span class='ocrx_word' id='word_1_632' title='bbox 3169 4018 3264 4088; x_wconf 89' lang='lat' dir='ltr'><strong>qui</strong></span> <span class='ocrx_word' id='word_1_633' title='bbox 3295 4033 3491 4088; x_wconf 82' lang='lat' dir='ltr'><strong>passus</strong></span> 
     </span>
    </p>
   </div>
   <div class='ocr_carea' id='block_1_85' title="bbox 1911 4099 3487 4176">
    <p class='ocr_par' dir='ltr' id='par_1_85' title="bbox 1911 4099 3487 4176">
     <span class='ocr_line' id='line_1_85' title="bbox 1911 4099 3487 4176; baseline 0.004 -18"><span class='ocrx_word' id='word_1_634' title='bbox 1911 4113 2018 4165; x_wconf 86' lang='lat' dir='ltr'><strong>est,</strong></span> <span class='ocrx_word' id='word_1_635' title='bbox 2043 4103 2110 4158; x_wconf 91' lang='lat' dir='ltr'><strong>de</strong></span> <span class='ocrx_word' id='word_1_636' title='bbox 2134 4103 2236 4174; x_wconf 74' lang='lat' dir='ltr'><strong>[et]</strong></span> <span class='ocrx_word' id='word_1_637' title='bbox 2267 4099 2554 4159; x_wconf 86' lang='lat' dir='ltr'><strong>Trinitatis</strong></span> <span class='ocrx_word' id='word_1_638' title='bbox 2573 4113 2768 4159; x_wconf 90' lang='lat' dir='ltr'><strong>natura</strong></span> <span class='ocrx_word' id='word_1_639' title='bbox 2794 4106 3146 4176; x_wconf 87' lang='lat' dir='ltr'><strong>impassibilis</strong></span> <span class='ocrx_word' id='word_1_640' title='bbox 3175 4110 3397 4164; x_wconf 80' lang='lat' dir='ltr'><strong>mansit.</strong></span> <span class='ocrx_word' id='word_1_641' title='bbox 3419 4109 3487 4164; x_wconf 84' lang='lat' dir='ltr'><strong>Et</strong></span> 
     </span>
    </p>
   </div>
   <div class='ocr_carea' id='block_1_86' title="bbox 1917 4193 3507 4267">
    <p class='ocr_par' dir='ltr' id='par_1_86' title="bbox 1917 4193 3507 4267">
     <span class='ocr_line' id='line_1_86' title="bbox 1917 4193 3507 4267; baseline 0.004 -20"><span class='ocrx_word' id='word_1_642' title='bbox 1917 4193 2117 4249; x_wconf 89' lang='lat' dir='ltr'><strong>iterum</strong></span> <span class='ocrx_word' id='word_1_643' title='bbox 2159 4211 2172 4247; x_wconf 92' lang='lat'><strong>:</strong></span> <span class='ocrx_word' id='word_1_644' title='bbox 2215 4194 2268 4248; x_wconf 90' lang='lat' dir='ltr'><strong>Si</strong></span> <span class='ocrx_word' id='word_1_645' title='bbox 2306 4203 2487 4248; x_wconf 90' lang='lat' dir='ltr'><strong>autem</strong></span> <span class='ocrx_word' id='word_1_646' title='bbox 2542 4196 2878 4260; x_wconf 85' lang='lat' dir='ltr'><strong>incarnatus,</strong></span> <span class='ocrx_word' id='word_1_647' title='bbox 2933 4196 3132 4267; x_wconf 88' lang='lat' dir='ltr'><strong>inquit,</strong></span> <span class='ocrx_word' id='word_1_648' title='bbox 3183 4214 3293 4253; x_wconf 91' lang='lat' dir='ltr'><strong>non</strong></span> <span class='ocrx_word' id='word_1_649' title='bbox 3346 4208 3507 4254; x_wconf 87' lang='lat' dir='ltr'><strong>esset.</strong></span> 
     </span>
    </p>
   </div>
   <div class='ocr_carea' id='block_1_87' title="bbox 1917 4285 3490 4352">
    <p class='ocr_par' dir='ltr' id='par_1_87' title="bbox 1917 4285 3490 4352">
     <span class='ocr_line' id='line_1_87' title="bbox 1917 4285 3490 4352; baseline 0.004 -15"><span class='ocrx_word' id='word_1_650' title='bbox 1917 4299 2130 4352; x_wconf 87' lang='lat' dir='ltr'><strong>passus,</strong></span> <span class='ocrx_word' id='word_1_651' title='bbox 2184 4285 2414 4338; x_wconf 85' lang='lat' dir='ltr'><strong>haberet</strong></span> <span class='ocrx_word' id='word_1_652' title='bbox 2464 4285 2716 4338; x_wconf 80' lang='lat' dir='ltr'><strong>fortassis</strong></span> <span class='ocrx_word' id='word_1_653' title='bbox 2779 4285 3048 4339; x_wconf 84' lang='lat' dir='ltr'><strong>rationem</strong></span> <span class='ocrx_word' id='word_1_654' title='bbox 3103 4288 3490 4344; x_wconf 84' lang='lat' dir='ltr'><strong>versutissima</strong></span> 
     </span>
    </p>
   </div>
   <div class='ocr_carea' id='block_1_88' title="bbox 251 4361 3572 4456">
    <p class='ocr_par' dir='ltr' id='par_1_88' title="bbox 251 4361 3572 4456">
     <span class='ocr_line' id='line_1_88' title="bbox 251 4361 3572 4456; baseline 0.001 -22"><span class='ocrx_word' id='word_1_655' title='bbox 251 4390 370 4436; x_wconf 90' lang='lat' dir='ltr'><strong>sunt</strong></span> <span class='ocrx_word' id='word_1_656' title='bbox 410 4399 579 4453; x_wconf 80' lang='lat' dir='ltr'><strong>Opera</strong></span> <span class='ocrx_word' id='word_1_657' title='bbox 617 4379 950 4451; x_wconf 89' lang='lat' dir='ltr'><strong>Trinitatis),</strong></span> <span class='ocrx_word' id='word_1_658' title='bbox 973 4397 1074 4435; x_wconf 91' lang='lat' dir='ltr'><strong>cur</strong></span> <span class='ocrx_word' id='word_1_659' title='bbox 1128 4379 1182 4433; x_wconf 93' lang='lat' dir='ltr'><strong>in</strong></span> <span class='ocrx_word' id='word_1_660' title='bbox 1233 4397 1297 4434; x_wconf 86' lang='lat' dir='ltr'><strong>ea</strong></span> <span class='ocrx_word' id='word_1_661' title='bbox 1348 4381 1597 4435; x_wconf 86' lang='lat' dir='ltr'><strong>facienda</strong></span> <span class='ocrx_word' id='word_1_662' title='bbox 1663 4381 1814 4434; x_wconf 90' lang='lat' dir='ltr'><strong>solus</strong></span> <span class='ocrx_word' id='word_1_663' title='bbox 1845 4397 1894 4456; x_wconf 75' lang='grc' dir='ltr'><strong>ι)</strong></span> <span class='ocrx_word' id='word_1_664' title='bbox 1919 4374 2178 4444; x_wconf 77' lang='lat' dir='ltr'><strong>obiectio.</strong></span> <span class='ocrx_word' id='word_1_665' title='bbox 2210 4374 2265 4429; x_wconf 91' lang='lat' dir='ltr'><strong>Si</strong></span> <span class='ocrx_word' id='word_1_666' title='bbox 2293 4384 2476 4429; x_wconf 87' lang='lat' dir='ltr'><strong>autem</strong></span> <span class='ocrx_word' id='word_1_667' title='bbox 2506 4375 3046 4447; x_wconf 84' lang='lat' dir='ltr'><strong>incarnatus,passus</strong></span> <span class='ocrx_word' id='word_1_668' title='bbox 3073 4387 3158 4432; x_wconf 90' lang='lat' dir='ltr'><strong>est</strong></span> <span class='ocrx_word' id='word_1_669' title='bbox 3182 4379 3504 4444; x_wconf 63' lang='lat' dir='ltr'><strong>evidenter,</strong></span> <span class='ocrx_word' id='word_1_670' title='bbox 3567 4361 3572 4371; x_wconf 57' lang='grc'><em>’</em></span> 
     </span>
    </p>
   </div>
   <div class='ocr_carea' id='block_1_89' title="bbox 251 4471 1810 4542">
    <p class='ocr_par' dir='ltr' id='par_1_89' title="bbox 251 4471 1810 4542">
     <span class='ocr_line' id='line_1_89' title="bbox 251 4471 1810 4542; baseline 0 -16"><span class='ocrx_word' id='word_1_671' title='bbox 251 4471 496 4530; x_wconf 88' lang='lat' dir='ltr'><strong>Christus</strong></span> <span class='ocrx_word' id='word_1_672' title='bbox 523 4476 842 4530; x_wconf 88' lang='lat' dir='ltr'><strong>nominatus</strong></span> <span class='ocrx_word' id='word_1_673' title='bbox 875 4475 997 4529; x_wconf 88' lang='lat' dir='ltr'><strong>est?</strong></span> <span class='ocrx_word' id='word_1_674' title='bbox 1028 4475 1112 4528; x_wconf 82' lang='lat' dir='ltr'><strong>An</strong></span> <span class='ocrx_word' id='word_1_675' title='bbox 1141 4482 1201 4528; x_wconf 87' lang='lat' dir='ltr'><strong>et</strong></span> <span class='ocrx_word' id='word_1_676' title='bbox 1225 4473 1444 4542; x_wconf 88' lang='lat' dir='ltr'><strong>quando</strong></span> <span class='ocrx_word' id='word_1_677' title='bbox 1473 4489 1616 4528; x_wconf 89' lang='lat' dir='ltr'><strong>unus</strong></span> <span class='ocrx_word' id='word_1_678' title='bbox 1645 4473 1810 4527; x_wconf 89' lang='lat' dir='ltr'><strong>trium</strong></span> 
     </span>
    </p>
   </div>
   <div class='ocr_carea' id='block_1_90' title="bbox 253 4563 1814 4636">
    <p class='ocr_par' dir='ltr' id='par_1_90' title="bbox 253 4563 1814 4636">
     <span class='ocr_line' id='line_1_90' title="bbox 253 4563 1814 4636; baseline -0.001 -18"><span class='ocrx_word' id='word_1_679' title='bbox 253 4564 425 4634; x_wconf 88' lang='lat' dir='ltr'><strong>aliquo</strong></span> <span class='ocrx_word' id='word_1_680' title='bbox 453 4581 622 4636; x_wconf 82' lang='lat' dir='ltr'><strong>Opere</strong></span> <span class='ocrx_word' id='word_1_681' title='bbox 642 4565 977 4629; x_wconf 88' lang='lat' dir='ltr'><strong>nominatur,</strong></span> <span class='ocrx_word' id='word_1_682' title='bbox 1007 4563 1276 4618; x_wconf 82' lang='lat' dir='ltr'><strong>universa:</strong></span> <span class='ocrx_word' id='word_1_683' title='bbox 1299 4579 1464 4632; x_wconf 84' lang='lat' dir='ltr'><strong>Opera</strong></span> <span class='ocrx_word' id='word_1_684' title='bbox 1490 4563 1814 4634; x_wconf 82' lang='lat' dir='ltr'><strong>intelligitur</strong></span> 
     </span>
    </p>
   </div>
   <div class='ocr_carea' id='block_1_91' title="bbox 255 4655 1809 4713">
    <p class='ocr_par' dir='ltr' id='par_1_91' title="bbox 255 4655 1809 4713">
     <span class='ocr_line' id='line_1_91' title="bbox 255 4655 1809 4713; baseline -0.001 -5"><span class='ocrx_word' id='word_1_685' title='bbox 255 4656 574 4713; x_wconf 86' lang='lat' dir='ltr'><strong>Trinitatis?</strong></span> <span class='ocrx_word' id='word_1_686' title='bbox 601 4660 812 4713; x_wconf 81' lang='lat' dir='ltr'><strong>Rursus</strong></span> <span class='ocrx_word' id='word_1_687' title='bbox 831 4658 889 4712; x_wconf 89' lang='lat' dir='ltr'><strong>in</strong></span> <span class='ocrx_word' id='word_1_688' title='bbox 925 4657 1070 4712; x_wconf 92' lang='lat' dir='ltr'><strong>libro</strong></span> <span class='ocrx_word' id='word_1_689' title='bbox 1100 4656 1342 4711; x_wconf 88' lang='lat' dir='ltr'><strong>secundo</strong></span> <span class='ocrx_word' id='word_1_690' title='bbox 1359 4655 1433 4708; x_wconf 85' lang='lat' dir='ltr'><strong>De</strong></span> <span class='ocrx_word' id='word_1_691' title='bbox 1455 4655 1706 4710; x_wconf 83' lang='lat' dir='ltr'><strong>Trinitate</strong></span> <span class='ocrx_word' id='word_1_692' title='bbox 1740 4656 1760 4686; x_wconf 81' lang='grc'><strong><em>⁹</em></strong></span> <span class='ocrx_word' id='word_1_693' title='bbox 1797 4671 1809 4707; x_wconf 92' lang='lat'>:</span> 
     </span>
    </p>
   </div>
   <div class='ocr_carea' id='block_1_92' title="bbox 255 4744 1816 4816">
    <p class='ocr_par' dir='ltr' id='par_1_92' title="bbox 255 4744 1816 4816">
     <span class='ocr_line' id='line_1_92' title="bbox 255 4744 1816 4816; baseline -0.001 -17"><span class='ocrx_word' id='word_1_694' title='bbox 255 4746 462 4814; x_wconf 69' lang='lat' dir='ltr'><strong>Utrum,</strong></span> <span class='ocrx_word' id='word_1_695' title='bbox 503 4749 703 4816; x_wconf 90' lang='lat' dir='ltr'><strong>inquit,</strong></span> <span class='ocrx_word' id='word_1_696' title='bbox 743 4747 1038 4802; x_wconf 89' lang='lat' dir='ltr'><strong>indiscrete</strong></span> <span class='ocrx_word' id='word_1_697' title='bbox 1062 4747 1208 4800; x_wconf 91' lang='lat' dir='ltr'><strong>Deus</strong></span> <span class='ocrx_word' id='word_1_698' title='bbox 1227 4744 1544 4814; x_wconf 89' lang='lat' dir='ltr'><strong>apparuerit</strong></span> <span class='ocrx_word' id='word_1_699' title='bbox 1567 4745 1816 4814; x_wconf 87' lang='lat' dir='ltr'><strong>patribus</strong></span> 
     </span>
    </p>
   </div>
   <div class='ocr_carea' id='block_1_93' title="bbox 255 4834 1810 4908">
    <p class='ocr_par' dir='ltr' id='par_1_93' title="bbox 255 4834 1810 4908">
     <span class='ocr_line' id='line_1_93' title="bbox 255 4834 1810 4908; baseline -0.001 -18"><span class='ocrx_word' id='word_1_700' title='bbox 255 4840 468 4902; x_wconf 87' lang='lat' dir='ltr'><strong>nostris,</strong></span> <span class='ocrx_word' id='word_1_701' title='bbox 524 4850 818 4908; x_wconf 86' lang='lat' dir='ltr'><strong>antequam</strong></span> <span class='ocrx_word' id='word_1_702' title='bbox 851 4838 1106 4894; x_wconf 89' lang='lat' dir='ltr'><strong>Christus</strong></span> <span class='ocrx_word' id='word_1_703' title='bbox 1132 4837 1347 4891; x_wconf 88' lang='lat' dir='ltr'><strong>venerit</strong></span> <span class='ocrx_word' id='word_1_704' title='bbox 1395 4836 1449 4889; x_wconf 90' lang='lat' dir='ltr'><strong>iu</strong></span> <span class='ocrx_word' id='word_1_705' title='bbox 1491 4851 1656 4889; x_wconf 90' lang='lat' dir='ltr'><strong>carne</strong></span> <span class='ocrx_word' id='word_1_706' title='bbox 1678 4836 1703 4888; x_wconf 87' lang='lat'><strong>?</strong></span> <span class='ocrx_word' id='word_1_707' title='bbox 1729 4834 1810 4888; x_wconf 80' lang='lat' dir='ltr'><strong>A‘n</strong></span> 
     </span>
    </p>
   </div>
   <div class='ocr_carea' id='block_1_94' title="bbox 255 4925 1808 5000">
    <p class='ocr_par' dir='ltr' id='par_1_94' title="bbox 255 4925 1808 5000">
     <span class='ocr_line' id='line_1_94' title="bbox 255 4925 1808 5000; baseline -0.004 -16"><span class='ocrx_word' id='word_1_708' title='bbox 255 4930 425 5000; x_wconf 84' lang='lat' dir='ltr'><strong>aliqua</strong></span> <span class='ocrx_word' id='word_1_709' title='bbox 471 4947 539 4986; x_wconf 80' lang='lat' dir='ltr'><strong>ex</strong></span> <span class='ocrx_word' id='word_1_710' title='bbox 581 4929 851 4984; x_wconf 89' lang='lat' dir='ltr'><strong>Trinitate</strong></span> <span class='ocrx_word' id='word_1_711' title='bbox 884 4945 1138 4999; x_wconf 82' lang='lat' dir='ltr'><strong>persona,</strong></span> <span class='ocrx_word' id='word_1_712' title='bbox 1185 4944 1250 4982; x_wconf 91' lang='lat' dir='ltr'><strong>an</strong></span> <span class='ocrx_word' id='word_1_713' title='bbox 1283 4926 1621 4996; x_wconf 80' lang='lat' dir='ltr'><strong>singulatim,</strong></span> <span class='ocrx_word' id='word_1_714' title='bbox 1653 4925 1808 4994; x_wconf 84' lang='lat' dir='ltr'><strong>quasi</strong></span> 
     </span>
    </p>
   </div>
   <div class='ocr_carea' id='block_1_95' title="bbox 255 5018 1814 5092">
    <p class='ocr_par' dir='ltr' id='par_1_95' title="bbox 255 5018 1814 5092">
     <span class='ocr_line' id='line_1_95' title="bbox 255 5018 1814 5092; baseline -0.003 -18"><span class='ocrx_word' id='word_1_715' title='bbox 255 5036 346 5089; x_wconf 88' lang='lat' dir='ltr'><strong>per</strong></span> <span class='ocrx_word' id='word_1_716' title='bbox 376 5026 524 5077; x_wconf 88' lang='lat' dir='ltr'><strong>vices</strong></span> <span class='ocrx_word' id='word_1_717' title='bbox 563 5022 862 5092; x_wconf 87' lang='lat' dir='ltr'><strong>appareat?</strong></span> <span class='ocrx_word' id='word_1_718' title='bbox 895 5022 960 5075; x_wconf 83' lang='lat' dir='ltr'><strong>Et</strong></span> <span class='ocrx_word' id='word_1_719' title='bbox 988 5022 1188 5076; x_wconf 90' lang='lat' dir='ltr'><strong>iterum</strong></span> <span class='ocrx_word' id='word_1_720' title='bbox 1219 5028 1343 5090; x_wconf 90' lang='lat' dir='ltr'><strong>post</strong></span> <span class='ocrx_word' id='word_1_721' title='bbox 1375 5034 1548 5089; x_wconf 90' lang='lat' dir='ltr'><strong>pauca</strong></span> <span class='ocrx_word' id='word_1_722' title='bbox 1582 5035 1594 5071; x_wconf 92' lang='lat'><strong>:</strong></span> <span class='ocrx_word' id='word_1_723' title='bbox 1625 5018 1814 5086; x_wconf 76' lang='lat' dir='ltr'><strong>Neque</strong></span> 
     </span>
    </p>
   </div>
   <div class='ocr_carea' id='block_1_96' title="bbox 257 5108 1811 5184">
    <p class='ocr_par' dir='ltr' id='par_1_96' title="bbox 257 5108 1811 5184">
     <span class='ocr_line' id='line_1_96' title="bbox 257 5108 1811 5184; baseline -0.003 -18"><span class='ocrx_word' id='word_1_724' title='bbox 257 5110 339 5167; x_wconf 81' lang='lat' dir='ltr'><strong>hic</strong></span> <span class='ocrx_word' id='word_1_725' title='bbox 368 5129 518 5184; x_wconf 80' lang='lat' dir='ltr'><strong>ergo.</strong></span> <span class='ocrx_word' id='word_1_726' title='bbox 554 5114 758 5183; x_wconf 90' lang='lat' dir='ltr'><strong>inquit,</strong></span> <span class='ocrx_word' id='word_1_727' title='bbox 795 5113 1083 5168; x_wconf 86' lang='lat' dir='ltr'><strong>evidenter</strong></span> <span class='ocrx_word' id='word_1_728' title='bbox 1130 5119 1358 5182; x_wconf 88' lang='lat' dir='ltr'><strong>apparet</strong></span> <span class='ocrx_word' id='word_1_729' title='bbox 1400 5119 1582 5163; x_wconf 90' lang='lat' dir='ltr'><strong>utrum</strong></span> <span class='ocrx_word' id='word_1_730' title='bbox 1629 5108 1811 5177; x_wconf 89' lang='lat' dir='ltr'><strong>aliqua</strong></span> 
     </span>
    </p>
   </div>
   <div class='ocr_carea' id='block_1_97' title="bbox 256 5197 1812 5273">
    <p class='ocr_par' dir='ltr' id='par_1_97' title="bbox 256 5197 1812 5273">
     <span class='ocr_line' id='line_1_97' title="bbox 256 5197 1812 5273; baseline -0.002 -20"><span class='ocrx_word' id='word_1_731' title='bbox 256 5215 316 5254; x_wconf 84' lang='lat' dir='ltr'><strong>ex</strong></span> <span class='ocrx_word' id='word_1_732' title='bbox 338 5202 604 5256; x_wconf 90' lang='lat' dir='ltr'><strong>Trinitate</strong></span> <span class='ocrx_word' id='word_1_733' title='bbox 643 5217 900 5273; x_wconf 90' lang='lat' dir='ltr'><strong>persona,</strong></span> <span class='ocrx_word' id='word_1_734' title='bbox 925 5218 993 5255; x_wconf 86' lang='lat' dir='ltr'><strong>an</strong></span> <span class='ocrx_word' id='word_1_735' title='bbox 1019 5200 1282 5255; x_wconf 90' lang='lat' dir='ltr'><strong>Dominus</strong></span> <span class='ocrx_word' id='word_1_736' title='bbox 1309 5200 1425 5270; x_wconf 91' lang='lat' dir='ltr'><strong>ipse</strong></span> <span class='ocrx_word' id='word_1_737' title='bbox 1453 5198 1693 5252; x_wconf 85' lang='lat' dir='ltr'><strong>Trinitas</strong></span> <span class='ocrx_word' id='word_1_738' title='bbox 1723 5197 1812 5266; x_wconf 89' lang='lat' dir='ltr'><strong>(de</strong></span> 
     </span>
    </p>
   </div>
   <div class='ocr_carea' id='block_1_98' title="bbox 257 5286 1809 5356">
    <p class='ocr_par' dir='ltr' id='par_1_98' title="bbox 257 5286 1809 5356">
     <span class='ocr_line' id='line_1_98' title="bbox 257 5286 1809 5356; baseline -0.003 -13"><span class='ocrx_word' id='word_1_739' title='bbox 257 5303 370 5356; x_wconf 83' lang='lat' dir='ltr'><strong>quo-</strong></span> <span class='ocrx_word' id='word_1_740' title='bbox 405 5289 612 5345; x_wconf 88' lang='lat' dir='ltr'><strong>dictum</strong></span> <span class='ocrx_word' id='word_1_741' title='bbox 655 5301 741 5344; x_wconf 91' lang='lat' dir='ltr'><strong>est</strong></span> <span class='ocrx_word' id='word_1_742' title='bbox 768 5308 780 5343; x_wconf 89' lang='lat'>:</span> <span class='ocrx_word' id='word_1_743' title='bbox 809 5289 1094 5343; x_wconf 82' lang='lat' dir='ltr'><strong>Dominum</strong></span> <span class='ocrx_word' id='word_1_744' title='bbox 1140 5289 1308 5342; x_wconf 84' lang='lat' dir='ltr'><strong>Deum</strong></span> <span class='ocrx_word' id='word_1_745' title='bbox 1350 5297 1497 5341; x_wconf 82' lang='lat' dir='ltr'><strong>tuum</strong></span> <span class='ocrx_word' id='word_1_746' title='bbox 1543 5286 1809 5350; x_wconf 74' lang='lat' dir='ltr'><strong>adorabis,</strong></span> 
     </span>
    </p>
   </div>
   <div class='ocr_carea' id='block_1_99' title="bbox 258 5377 1530 5449">
    <p class='ocr_par' dir='ltr' id='par_1_99' title="bbox 258 5377 1530 5449">
     <span class='ocr_line' id='line_1_99' title="bbox 258 5377 1530 5449; baseline 0.001 -22"><span class='ocrx_word' id='word_1_747' title='bbox 258 5384 302 5427; x_wconf 78' lang='lat' dir='ltr'><strong>et</strong></span> <span class='ocrx_word' id='word_1_748' title='bbox 343 5377 424 5430; x_wconf 82' lang='lat' dir='ltr'><strong>i&#39;lli</strong></span> <span class='ocrx_word' id='word_1_749' title='bbox 455 5379 551 5432; x_wconf 75' lang='lat' dir='ltr'><strong>soli</strong></span> <span class='ocrx_word' id='word_1_750' title='bbox 601 5377 854 5449; x_wconf 76' lang='lat' dir='ltr'><strong>servies‘)</strong></span> <span class='ocrx_word' id='word_1_751' title='bbox 894 5380 1046 5433; x_wconf 85' lang='lat' dir='ltr'><strong>visus</strong></span> <span class='ocrx_word' id='word_1_752' title='bbox 1086 5377 1250 5432; x_wconf 85' lang='lat' dir='ltr'><strong>fuerit</strong></span> <span class='ocrx_word' id='word_1_753' title='bbox 1277 5377 1530 5431; x_wconf 76' lang='lat' dir='ltr'><strong>Abrahae.</strong></span> 
     </span>
    </p>
   </div>
   <div class='ocr_carea' id='block_1_100' title="bbox 320 5464 1813 5538">
    <p class='ocr_par' dir='ltr' id='par_1_100' title="bbox 320 5464 1813 5538">
     <span class='ocr_line' id='line_1_100' title="bbox 320 5464 1813 5538; baseline 0.001 -18"><span class='ocrx_word' id='word_1_754' title='bbox 320 5464 423 5520; x_wconf 87' lang='lat' dir='ltr'><strong>Sed</strong></span> <span class='ocrx_word' id='word_1_755' title='bbox 463 5467 549 5522; x_wconf 88' lang='lat' dir='ltr'><strong>his</strong></span> <span class='ocrx_word' id='word_1_756' title='bbox 588 5468 752 5538; x_wconf 84' lang='lat' dir='ltr'><strong>paulo</strong></span> <span class='ocrx_word' id='word_1_757' title='bbox 786 5468 1131 5523; x_wconf 86' lang='lat' dir='ltr'><strong>manifestius</strong></span> <span class='ocrx_word' id='word_1_758' title='bbox 1163 5469 1356 5522; x_wconf 81' lang='lat' dir='ltr'><strong>beatus</strong></span> <span class='ocrx_word' id='word_1_759' title='bbox 1395 5469 1624 5522; x_wconf 88' lang='lat' dir='ltr'><strong>Proclus</strong></span> <span class='ocrx_word' id='word_1_760' title='bbox 1651 5467 1813 5538; x_wconf 89' lang='lat' dir='ltr'><strong>hujus</strong></span> 
     </span>
    </p>
   </div>
   <div class='ocr_carea' id='block_1_101' title="bbox 325 5641 1231 5718">
    <p class='ocr_par' dir='ltr' id='par_1_101' title="bbox 325 5641 1231 5718">
     <span class='ocr_line' id='line_1_101' title="bbox 325 5641 1231 5718; baseline 0.002 -20"><span class='ocrx_word' id='word_1_761' title='bbox 325 5642 345 5676; x_wconf 78' lang='grc'>⁸</span> <span class='ocrx_word' id='word_1_762' title='bbox 380 5641 509 5713; x_wconf 81' lang='lat' dir='ltr'><strong>Cap.</strong></span> <span class='ocrx_word' id='word_1_763' title='bbox 545 5646 634 5712; x_wconf 81' lang='grc'><strong>58,</strong></span> <span class='ocrx_word' id='word_1_764' title='bbox 663 5656 703 5701; x_wconf 90' lang='lat' dir='ltr'><strong>t.</strong></span> <span class='ocrx_word' id='word_1_765' title='bbox 746 5647 835 5704; x_wconf 85' lang='lat' dir='ltr'><strong>Ill.</strong></span> <span class='ocrx_word' id='word_1_766' title='bbox 910 5652 926 5679; x_wconf 89' lang='grc'><strong><em>²</em></strong></span> <span class='ocrx_word' id='word_1_767' title='bbox 969 5647 1099 5718; x_wconf 84' lang='lat' dir='ltr'><strong>Cap.</strong></span> <span class='ocrx_word' id='word_1_768' title='bbox 1153 5648 1231 5701; x_wconf 88' lang='lat' dir='ltr'><strong>l0.</strong></span> 
     </span>
    </p>
   </div>
   <div class='ocr_carea' id='block_1_102' title="bbox 1919 4464 3489 4534">
    <p class='ocr_par' dir='ltr' id='par_1_102' title="bbox 1919 4464 3489 4534">
     <span class='ocr_line' id='line_1_102' title="bbox 1919 4464 3489 4534; baseline 0.006 -16"><span class='ocrx_word' id='word_1_769' title='bbox 1919 4464 2178 4534; x_wconf 89' lang='lat' dir='ltr'><strong>quoniam</strong></span> <span class='ocrx_word' id='word_1_770' title='bbox 2223 4480 2388 4518; x_wconf 86' lang='lat' dir='ltr'><strong>causa</strong></span> <span class='ocrx_word' id='word_1_771' title='bbox 2438 4465 2838 4520; x_wconf 88' lang='lat' dir='ltr'><strong>incarnationis</strong></span> <span class='ocrx_word' id='word_1_772' title='bbox 2885 4476 2969 4521; x_wconf 93' lang='lat' dir='ltr'><strong>est</strong></span> <span class='ocrx_word' id='word_1_773' title='bbox 3007 4483 3162 4532; x_wconf 87' lang='lat' dir='ltr'><strong>crux,</strong></span> <span class='ocrx_word' id='word_1_774' title='bbox 3202 4469 3312 4524; x_wconf 84' lang='lat' dir='ltr'><strong>hoc</strong></span> <span class='ocrx_word' id='word_1_775' title='bbox 3361 4486 3489 4528; x_wconf 49' lang='lat' dir='ltr'><strong>cru.</strong></span> 
     </span>
    </p>
   </div>
   <div class='ocr_carea' id='block_1_103' title="bbox 1917 4555 3492 4632">
    <p class='ocr_par' dir='ltr' id='par_1_103' title="bbox 1917 4555 3492 4632">
     <span class='ocr_line' id='line_1_103' title="bbox 1917 4555 3492 4632; baseline 0.004 -21"><span class='ocrx_word' id='word_1_776' title='bbox 1917 4556 2137 4611; x_wconf 81' lang='lat' dir='ltr'><strong>cifixum</strong></span> <span class='ocrx_word' id='word_1_777' title='bbox 2176 4565 2260 4611; x_wconf 90' lang='lat' dir='ltr'><strong>est</strong></span> <span class='ocrx_word' id='word_1_778' title='bbox 2317 4555 2463 4625; x_wconf 90' lang='lat' dir='ltr'><strong>quod</strong></span> <span class='ocrx_word' id='word_1_779' title='bbox 2501 4557 2844 4612; x_wconf 86' lang='lat' dir='ltr'><strong>iuearnatum</strong></span> <span class='ocrx_word' id='word_1_780' title='bbox 2877 4567 2980 4612; x_wconf 89' lang='lat' dir='ltr'><strong>est.</strong></span> <span class='ocrx_word' id='word_1_781' title='bbox 3021 4558 3075 4613; x_wconf 91' lang='lat' dir='ltr'><strong>Si</strong></span> <span class='ocrx_word' id='word_1_782' title='bbox 3117 4555 3301 4616; x_wconf 64' lang='lat' dir='ltr'><strong>autem</strong></span> <span class='ocrx_word' id='word_1_783' title='bbox 3345 4562 3492 4632; x_wconf 85' lang='lat' dir='ltr'><strong>quod</strong></span> 
     </span>
    </p>
   </div>
   <div class='ocr_carea' id='block_1_104' title="bbox 1916 4641 3552 4714">
    <p class='ocr_par' dir='ltr' id='par_1_104' title="bbox 1916 4641 3552 4714">
     <span class='ocr_line' id='line_1_104' title="bbox 1916 4641 3552 4714; baseline 0.006 -14"><span class='ocrx_word' id='word_1_784' title='bbox 1916 4647 2262 4703; x_wconf 86' lang='lat' dir='ltr'><strong>incarnatum</strong></span> <span class='ocrx_word' id='word_1_785' title='bbox 2293 4657 2399 4712; x_wconf 91' lang='lat' dir='ltr'><strong>est,</strong></span> <span class='ocrx_word' id='word_1_786' title='bbox 2451 4649 2777 4704; x_wconf 82' lang='lat' dir='ltr'><strong>crucifixum</strong></span> <span class='ocrx_word' id='word_1_787' title='bbox 2835 4659 2940 4714; x_wconf 89' lang='lat' dir='ltr'><strong>est,</strong></span> <span class='ocrx_word' id='word_1_788' title='bbox 2983 4651 3146 4706; x_wconf 88' lang='lat' dir='ltr'><strong>Pater</strong></span> <span class='ocrx_word' id='word_1_789' title='bbox 3198 4660 3381 4706; x_wconf 82' lang='lat' dir='ltr'><strong>autem</strong></span> <span class='ocrx_word' id='word_1_790' title='bbox 3436 4660 3496 4710; x_wconf 88' lang='lat' dir='ltr'><strong>et</strong></span> <span class='ocrx_word' id='word_1_791' title='bbox 3545 4641 3552 4650; x_wconf 73' lang='grc'><em>’</em></span> 
     </span>
    </p>
   </div>
   <div class='ocr_carea' id='block_1_105' title="bbox 1918 4739 3490 4813">
    <p class='ocr_par' dir='ltr' id='par_1_105' title="bbox 1918 4739 3490 4813">
     <span class='ocr_line' id='line_1_105' title="bbox 1918 4739 3490 4813; baseline 0.005 -19"><span class='ocrx_word' id='word_1_792' title='bbox 1918 4739 2159 4809; x_wconf 87' lang='lat' dir='ltr'><strong>Spiritus</strong></span> <span class='ocrx_word' id='word_1_793' title='bbox 2192 4755 2301 4794; x_wconf 91' lang='lat' dir='ltr'><strong>non</strong></span> <span class='ocrx_word' id='word_1_794' title='bbox 2325 4748 2410 4795; x_wconf 89' lang='lat' dir='ltr'><strong>est</strong></span> <span class='ocrx_word' id='word_1_795' title='bbox 2438 4740 2760 4805; x_wconf 80' lang='lat' dir='ltr'><strong>crucifixus,</strong></span> <span class='ocrx_word' id='word_1_796' title='bbox 2795 4756 2941 4796; x_wconf 89' lang='lat' dir='ltr'><strong>unus</strong></span> <span class='ocrx_word' id='word_1_797' title='bbox 2961 4757 3092 4813; x_wconf 79' lang='lat' dir='ltr'><strong>ergo</strong></span> <span class='ocrx_word' id='word_1_798' title='bbox 3122 4742 3190 4798; x_wconf 92' lang='lat' dir='ltr'><strong>de</strong></span> <span class='ocrx_word' id='word_1_799' title='bbox 3216 4743 3490 4802; x_wconf 87' lang='lat' dir='ltr'><strong>Trinitate</strong></span> 
     </span>
    </p>
   </div>
   <div class='ocr_carea' id='block_1_106' title="bbox 1918 4831 3490 4902">
    <p class='ocr_par' dir='ltr' id='par_1_106' title="bbox 1918 4831 3490 4902">
     <span class='ocr_line' id='line_1_106' title="bbox 1918 4831 3490 4902; baseline 0.004 -16"><span class='ocrx_word' id='word_1_800' title='bbox 1918 4839 2004 4886; x_wconf 91' lang='lat' dir='ltr'><strong>est</strong></span> <span class='ocrx_word' id='word_1_801' title='bbox 2041 4832 2357 4886; x_wconf 83' lang='lat' dir='ltr'><strong>crucifixus.</strong></span> <span class='ocrx_word' id='word_1_802' title='bbox 2413 4831 2768 4886; x_wconf 88' lang='lat' dir='ltr'><strong>Divinitatem</strong></span> <span class='ocrx_word' id='word_1_803' title='bbox 2802 4849 2934 4887; x_wconf 90' lang='lat' dir='ltr'><strong>vero</strong></span> <span class='ocrx_word' id='word_1_804' title='bbox 2975 4851 3082 4902; x_wconf 91' lang='lat' dir='ltr'><strong>qua</strong></span> <span class='ocrx_word' id='word_1_805' title='bbox 3117 4837 3490 4896; x_wconf 85' lang='lat' dir='ltr'><strong>communicat</strong></span> 
     </span>
    </p>
   </div>
   <div class='ocr_carea' id='block_1_107' title="bbox 1919 4921 3494 4994">
    <p class='ocr_par' dir='ltr' id='par_1_107' title="bbox 1919 4921 3494 4994">
     <span class='ocr_line' id='line_1_107' title="bbox 1919 4921 3494 4994; baseline 0.005 -18"><span class='ocrx_word' id='word_1_806' title='bbox 1919 4921 2066 4977; x_wconf 89' lang='lat' dir='ltr'><strong>Patri</strong></span> <span class='ocrx_word' id='word_1_807' title='bbox 2103 4932 2158 4977; x_wconf 87' lang='lat' dir='ltr'><strong>et</strong></span> <span class='ocrx_word' id='word_1_808' title='bbox 2201 4923 2456 4992; x_wconf 82' lang='lat' dir='ltr'><strong>Spiritui,</strong></span> <span class='ocrx_word' id='word_1_809' title='bbox 2489 4925 2729 4977; x_wconf 85' lang='lat' dir='ltr'><strong>servavit</strong></span> <span class='ocrx_word' id='word_1_810' title='bbox 2755 4923 3177 4994; x_wconf 82' lang='lat' dir='ltr'><strong>impassibilem,</strong></span> <span class='ocrx_word' id='word_1_811' title='bbox 3199 4943 3364 4982; x_wconf 88' lang='lat' dir='ltr'><strong>carne</strong></span> <span class='ocrx_word' id='word_1_812' title='bbox 3395 4945 3494 4984; x_wconf 84' lang='lat' dir='ltr'><strong>au-</strong></span> 
     </span>
    </p>
   </div>
   <div class='ocr_carea' id='block_1_108' title="bbox 1922 5003 3490 5086">
    <p class='ocr_par' dir='ltr' id='par_1_108' title="bbox 1922 5003 3490 5086">
     <span class='ocr_line' id='line_1_108' title="bbox 1922 5003 3490 5086; baseline 0.005 -18"><span class='ocrx_word' id='word_1_813' title='bbox 1922 5023 2053 5078; x_wconf 86' lang='lat' dir='ltr'><strong>tem,</strong></span> <span class='ocrx_word' id='word_1_814' title='bbox 2075 5030 2182 5084; x_wconf 91' lang='lat' dir='ltr'><strong>qua</strong></span> <span class='ocrx_word' id='word_1_815' title='bbox 2207 5015 2320 5084; x_wconf 82' lang='lat' dir='ltr'><strong>ipse</strong></span> <span class='ocrx_word' id='word_1_816' title='bbox 2343 5015 2420 5068; x_wconf 90' lang='lat' dir='ltr'><strong>sol</strong></span> <span class='ocrx_word' id='word_1_817' title='bbox 2435 5031 2498 5070; x_wconf 89' lang='lat' dir='ltr'><strong>us</strong></span> <span class='ocrx_word' id='word_1_818' title='bbox 2521 5025 2605 5070; x_wconf 91' lang='lat' dir='ltr'><strong>est</strong></span> <span class='ocrx_word' id='word_1_819' title='bbox 2626 5014 2823 5079; x_wconf 88' lang='lat' dir='ltr'><strong>factus,</strong></span> <span class='ocrx_word' id='word_1_820' title='bbox 2849 5017 2960 5086; x_wconf 91' lang='lat' dir='ltr'><strong>ipsa</strong></span> <span class='ocrx_word' id='word_1_821' title='bbox 2981 5027 3034 5072; x_wconf 89' lang='lat' dir='ltr'><strong>et</strong></span> <span class='ocrx_word' id='word_1_822' title='bbox 3062 5021 3213 5074; x_wconf 89' lang='lat' dir='ltr'><strong>solus</strong></span> <span class='ocrx_word' id='word_1_823' title='bbox 3239 5003 3384 5075; x_wconf 86' lang='lat' dir='ltr'><strong>idem</strong></span> <span class='ocrx_word' id='word_1_824' title='bbox 3404 5030 3490 5076; x_wconf 89' lang='lat' dir='ltr'><strong>est</strong></span> 
     </span>
    </p>
   </div>
   <div class='ocr_carea' id='block_1_109' title="bbox 1920 5107 3488 5179">
    <p class='ocr_par' dir='ltr' id='par_1_109' title="bbox 1920 5107 3488 5179">
     <span class='ocr_line' id='line_1_109' title="bbox 1920 5107 3488 5179; baseline 0.004 -19"><span class='ocrx_word' id='word_1_825' title='bbox 1920 5121 2132 5175; x_wconf 82' lang='lat' dir='ltr'><strong>passus.</strong></span> <span class='ocrx_word' id='word_1_826' title='bbox 2165 5108 2532 5176; x_wconf 83' lang='lat' dir='ltr'><strong>Quapmpter,</strong></span> <span class='ocrx_word' id='word_1_827' title='bbox 2565 5107 2610 5161; x_wconf 92' lang='lat' dir='ltr'><strong>si</strong></span> <span class='ocrx_word' id='word_1_828' title='bbox 2653 5109 2778 5178; x_wconf 91' lang='lat' dir='ltr'><strong>quis</strong></span> <span class='ocrx_word' id='word_1_829' title='bbox 2811 5109 2952 5164; x_wconf 89' lang='lat' dir='ltr'><strong>hanc</strong></span> <span class='ocrx_word' id='word_1_830' title='bbox 2981 5109 3144 5179; x_wconf 91' lang='lat' dir='ltr'><strong>hujus</strong></span> <span class='ocrx_word' id='word_1_831' title='bbox 3187 5111 3488 5168; x_wconf 90' lang='lat' dir='ltr'><strong>beatissimi</strong></span> 
     </span>
    </p>
   </div>
   <div class='ocr_carea' id='block_1_110' title="bbox 1919 5195 3498 5266">
    <p class='ocr_par' dir='ltr' id='par_1_110' title="bbox 1919 5195 3498 5266">
     <span class='ocr_line' id='line_1_110' title="bbox 1919 5195 3498 5266; baseline 0.004 -16"><span class='ocrx_word' id='word_1_832' title='bbox 1919 5195 2100 5250; x_wconf 84' lang='lat' dir='ltr'><strong>Patris</strong></span> <span class='ocrx_word' id='word_1_833' title='bbox 2141 5213 2306 5265; x_wconf 86' lang='lat' dir='ltr'><strong>super</strong></span> <span class='ocrx_word' id='word_1_834' title='bbox 2367 5196 2718 5266; x_wconf 87' lang='lat' dir='ltr'><strong>splendorem</strong></span> <span class='ocrx_word' id='word_1_835' title='bbox 2769 5199 2900 5254; x_wconf 88' lang='lat' dir='ltr'><strong>solis</strong></span> <span class='ocrx_word' id='word_1_836' title='bbox 2944 5201 3220 5256; x_wconf 89' lang='lat' dir='ltr'><strong>lucentem</strong></span> <span class='ocrx_word' id='word_1_837' title='bbox 3275 5211 3498 5258; x_wconf 80' lang='lat' dir='ltr'><strong>senten-</strong></span> 
     </span>
    </p>
   </div>
   <div class='ocr_carea' id='block_1_111' title="bbox 1923 5287 3497 5357">
    <p class='ocr_par' dir='ltr' id='par_1_111' title="bbox 1923 5287 3497 5357">
     <span class='ocr_line' id='line_1_111' title="bbox 1923 5287 3497 5357; baseline 0.004 -17"><span class='ocrx_word' id='word_1_838' title='bbox 1923 5287 2051 5340; x_wconf 91' lang='lat' dir='ltr'><strong>tiam</strong></span> <span class='ocrx_word' id='word_1_839' title='bbox 2096 5287 2505 5357; x_wconf 88' lang='lat' dir='ltr'><strong>reprehendere</strong></span> <span class='ocrx_word' id='word_1_840' title='bbox 2535 5289 2722 5354; x_wconf 88' lang='lat' dir='ltr'><strong>audet,</strong></span> <span class='ocrx_word' id='word_1_841' title='bbox 2774 5306 2938 5344; x_wconf 89' lang='lat' dir='ltr'><strong>unam</strong></span> <span class='ocrx_word' id='word_1_842' title='bbox 2988 5293 3160 5347; x_wconf 90' lang='lat' dir='ltr'><strong>totius</strong></span> <span class='ocrx_word' id='word_1_843' title='bbox 3200 5292 3497 5354; x_wconf 82' lang='lat' dir='ltr'><strong>Trinitatis</strong></span> 
     </span>
    </p>
   </div>
   <div class='ocr_carea' id='block_1_112' title="bbox 1921 5376 3496 5451">
    <p class='ocr_par' dir='ltr' id='par_1_112' title="bbox 1921 5376 3496 5451">
     <span class='ocr_line' id='line_1_112' title="bbox 1921 5376 3496 5451; baseline 0.002 -22"><span class='ocrx_word' id='word_1_844' title='bbox 1921 5376 2358 5439; x_wconf 89' lang='lat' dir='ltr'><strong>subsistentiam,</strong></span> <span class='ocrx_word' id='word_1_845' title='bbox 2416 5377 2471 5431; x_wconf 89' lang='lat' dir='ltr'><strong>id</strong></span> <span class='ocrx_word' id='word_1_846' title='bbox 2523 5386 2610 5433; x_wconf 93' lang='lat' dir='ltr'><strong>cst</strong></span> <span class='ocrx_word' id='word_1_847' title='bbox 2659 5379 2837 5434; x_wconf 89' lang='lat' dir='ltr'><strong>Patris</strong></span> <span class='ocrx_word' id='word_1_848' title='bbox 2885 5390 2938 5435; x_wconf 92' lang='lat' dir='ltr'><strong>et</strong></span> <span class='ocrx_word' id='word_1_849' title='bbox 2992 5381 3114 5435; x_wconf 84' lang='lat' dir='ltr'><strong>Filii</strong></span> <span class='ocrx_word' id='word_1_850' title='bbox 3161 5391 3218 5436; x_wconf 91' lang='lat' dir='ltr'><strong>et</strong></span> <span class='ocrx_word' id='word_1_851' title='bbox 3253 5381 3496 5451; x_wconf 86' lang='lat' dir='ltr'><strong>Spiritus</strong></span> 
     </span>
    </p>
   </div>
   <div class='ocr_carea' id='block_1_113' title="bbox 1921 5463 3546 5543">
    <p class='ocr_par' dir='ltr' id='par_1_113' title="bbox 1921 5463 3546 5543">
     <span class='ocr_line' id='line_1_113' title="bbox 1921 5463 3546 5543; baseline 0.001 -21"><span class='ocrx_word' id='word_1_852' title='bbox 1921 5469 2120 5533; x_wconf 89' lang='lat' dir='ltr'><strong>sa&#39;neti,</strong></span> <span class='ocrx_word' id='word_1_853' title='bbox 2165 5469 2453 5525; x_wconf 80' lang='lat' dir='ltr'><strong>manifeste</strong></span> <span class='ocrx_word' id='word_1_854' title='bbox 2497 5486 2622 5526; x_wconf 87' lang='lat' dir='ltr'><strong>cum</strong></span> <span class='ocrx_word' id='word_1_855' title='bbox 2653 5470 2892 5527; x_wconf 86' lang='lat' dir='ltr'><strong>Sabellio</strong></span> <span class='ocrx_word' id='word_1_856' title='bbox 2925 5473 3152 5542; x_wconf 82' lang='lat' dir='ltr'><strong>credere</strong></span> <span class='ocrx_word' id='word_1_857' title='bbox 3190 5475 3496 5543; x_wconf 78' lang='lat' dir='ltr'><strong>reprcheu-</strong></span> <span class='ocrx_word' id='word_1_858' title='bbox 3539 5463 3546 5472; x_wconf 77' lang='grc'><em>’</em></span> 
     </span>
    </p>
   </div>
   <div class='ocr_carea' id='block_1_114' title="bbox 1314 5647 2267 5714">
    <p class='ocr_par' dir='ltr' id='par_1_114' title="bbox 1314 5647 2267 5714">
     <span class='ocr_line' id='line_1_114' title="bbox 1314 5647 2267 5714; baseline -0.003 -11"><span class='ocrx_word' id='word_1_859' title='bbox 1314 5652 1330 5676; x_wconf 77' lang='grc'><strong>³</strong></span> <span class='ocrx_word' id='word_1_860' title='bbox 1369 5649 1526 5703; x_wconf 68' lang='lat' dir='ltr'><strong>Deut.</strong></span> <span class='ocrx_word' id='word_1_861' title='bbox 1565 5664 1634 5714; x_wconf 84' lang='lat' dir='ltr'><strong>vr,</strong></span> <span class='ocrx_word' id='word_1_862' title='bbox 1688 5649 1776 5714; x_wconf 79' lang='lat' dir='ltr'><strong>l5;</strong></span> <span class='ocrx_word' id='word_1_863' title='bbox 1821 5647 2009 5702; x_wconf 73' lang='lat' dir='ltr'><strong>Matth.</strong></span> <span class='ocrx_word' id='word_1_864' title='bbox 2057 5663 2129 5712; x_wconf 83' lang='lat' dir='ltr'><strong>1v,</strong></span> <span class='ocrx_word' id='word_1_865' title='bbox 2183 5647 2267 5705; x_wconf 79' lang='grc'><strong>10.</strong></span> 
     </span>
    </p>
   </div>
  </div>
