3952 6136
387 187 462 252 83
818 265 824 269 ,
972 167 975 171 ’
1625 193 1948 258 JOANNIS
1996 196 2378 264 MAXENTII
3560 183 3634 248 st

377 298 546 356 ditur.
576 298 714 370 Quia
745 299 814 366 si,
848 298 1154 356 secundum
1181 295 1350 370 ipsos,
1366 298 1684 370 quicunque
1725 299 1948 362 dixerit,
1977 303 2026 352 Α
2053 300 2184 358 dum
2231 302 2544 370 veritatem,
2600 316 2728 359 eum
2782 301 2880 373 qui
2922 307 3008 357 est
3066 298 3414 363 Emmanuel,
3458 305 3517 354 et
3556 298 3631 356 ob

376 406 548 446 unum
585 407 653 447 ex
690 389 965 447 Trinitate
1005 390 1313 456 Christum,
1365 389 1460 462 qui
1506 406 1609 462 pro
1654 390 1818 448 nobis
1869 399 1952 446 est

373 497 540 538 carne
589 499 818 554 passus,
867 483 1201 540 divisionem
1279 482 1464 540 facere
1517 481 1954 554 deprehenditur

373 571 692 639 Trinitatis,
724 589 858 646 ergo
899 581 956 630 et
989 574 1159 647 536
1185 573 1502 644 quicunque
1542 574 1714 628 Deum
1741 589 1810 628 ex
1837 572 1950 628 Deo

371 662 579 732 dicere,
626 664 965 723 divisionem
997 663 1166 722 efﬁcit
1211 664 1458 724 deitatis.
1491 663 1649 732 Quod
1695 663 1745 719 si
1776 665 1954 720 Deum

368 769 437 809 ex
481 755 596 810 Deo
644 756 833 813 dicere
879 756 1216 814 divisionem
1274 772 1386 816 non
1433 755 1568 812 facit
1615 755 1946 822 divinitatis,

369 847 674 928 praesertim
726 863 852 904 cum
883 865 992 905 una
1021 849 1096 905 sit
1126 847 1391 904 divinitas
1425 847 1739 914 Trinitatis,
1771 847 1956 910 multo.

368 942 539 1014 magis
581 959 753 1002 unum
797 960 868 1010 ex
910 943 1184 1004 Trinitate
1220 944 1434 1013 dicere,
1466 944 1796 1000 divisionem
1833 959 1951 1004 non

367 1027 500 1084 facit
525 1027 836 1086 Trinitatis.
861 1031 1000 1098 Quia
1031 1048 1143 1094 non
1179 1033 1490 1104 secundum
1519 1031 1573 1088 id
1624 1033 1772 1104 quod
1802 1048 1952 1090 unus

367 1133 454 1176 est
497 1119 666 1188 Deus,
711 1131 770 1179 et
820 1139 931 1178 una
978 1123 1240 1182 divinitas
1271 1125 1581 1191 Trinitatis,
1617 1125 1716 1182 sed
1745 1141 1952 1182 secuna

367 1212 498 1267 dum
535 1212 588 1268 id
625 1213 773 1285 quod
797 1223 911 1271 tres
935 1215 1160 1284 sunt,.id
1187 1224 1293 1281 est.
1311 1218 1474 1276 Pater
1503 1227 1560 1277 et
1595 1215 1870 1286 Christus,
1889 1228 1946 1274 et

366 1304 606 1376 Spiritus
626 1316 850 1364 sanctus
886 1324 1031 1366 unus
1056 1309 1222 1376 Deus,
1241 1308 1497 1367 Christus
1522 1309 1662 1378 dicit
1687 1308 1942 1383 [dicitur]

363 1413 508 1453 unus
537 1398 608 1453 de
623 1398 912 1467 Trinitate,
937 1400 1037 1471 qui
1061 1416 1163 1472 pro
1192 1401 1355 1458 nobis
1397 1417 1592 1474 passus
1639 1412 1722 1459 est
1754 1417 1939 1458 carne.

361 1491 656 1556 Verum,si
700 1491 905 1546 vellent
970 1491 1262 1550 advertere
1311 1493 1369 1550 bi
1419 1495 1516 1565 qui
1567 1495 1718 1551 hane
1770 1495 1949 1551 totius

361 1579 622 1637 Ecclesiae
638 1595 852 1648 vocem,
884 1590 941 1636 et
962 1583 1286 1652 apostolicis
1313 1583 1706 1640 traditionibus
1733 1600 1940 1642 eonves

361 1672 626 1737 nientem,
657 1683 865 1730 temere
897 1673 1107 1732 audent
1157 1676 1569 1746 reprehendere
1615 1695 1628 1732 :
1674 1679 1938 1750 quoniam

359 1781 510 1822 unus
551 1766 700 1823 Deus
733 1765 1000 1832 Trinitas,
1035 1775 1093 1821 et
1133 1768 1398 1840 quoniam
1430 1769 1577 1826 Deus
1603 1784 1672 1826 ex
1713 1770 1850 1836 Deo,
1881 1779 1940 1825 et

359 1874 508 1916 unus
549 1875 618 1916 ex
657 1875 790 1925 uno,
829 1860 1153 1917 nullatenus
1196 1860 1518 1920 dubitarent
1545 1861 1734 1918 dicere
1762 1879 1938 1920 unum

356 1967 428 2020 ex
474 1950 748 2008 T’rinitate
787 1951 1094 2018 Christum,
1140 1953 1241 2023 qui
1283 1968 1386 2023 pro
1417 1954 1580 2010 nobis
1624 1970 1822 2025 passus
1849 1964 1937 2012 est

355 2057 544 2100 carne.
576 2041 713 2110 Quia
745 2042 790 2098 si
819 2058 930 2100 non
959 2042 1307 2108 Trinitatem,
1329 2059 1452 2114 quae
1475 2061 1620 2100 unus
1651 2052 1738 2100 est
1763 2045 1931 2113 Deus,

354 2133 453 2190 sed
485 2134 682 2200 Deum,
723 2134 820 2204 qui
875 2133 1319 2192 substantialiter
1349 2152 1420 2192 ex
1466 2137 1580 2192 Deo
1611 2145 1716 2200 est,
1739 2139 1934 2209 genuit

354 2227 665 2284 secundum
707 2240 937 2282 carnem
971 2226 1138 2298 virgo
1175 2227 1346 2282 Maria
1375 2267 1390 2293 ,
1435 2227 1555 2284 sine
1586 2227 1758 2284 dubio
1787 2245 1932 2286 unus

353 2337 425 2386 ex
454 2320 726 2376 Trinitate
791 2328 878 2376 est
929 2320 1031 2391 qui
1076 2321 1384 2377 secundum
1427 2336 1652 2376 carnem
1699 2335 1768 2376 ex
1813 2321 1930 2390 ipsa

352 2422 520 2470 natus
545 2420 650 2468 est.
686 2412 795 2468 Aut
817 2426 952 2482 ergo
984 2412 1358 2468 conﬁteantur
1383 2412 1464 2478 hi,
1507 2413 1609 2482 qui
1658 2411 1802 2468 hanc
1829 2428 1928 2468 vo-

353 2521 479 2565 cem
497 2513 695 2577 putant
725 2507 1019 2566 catholicae
1052 2505 1180 2566 ﬁdei
1209 2520 1332 2561 esse
1363 2504 1724 2569 contrariam,
1752 2503 1928 2560 Deum

351 2597 448 2668 qui
485 2605 570 2654 est
593 2596 838 2656 Trinitas
864 2606 1057 2654 natum
1105 2613 1173 2654 ex
1205 2595 1448 2662 femina;
1483 2603 1578 2652 aut
1607 2595 1652 2651 si
1684 2594 1791 2650 hoc
1815 2609 1928 2650 non

353 2688 559 2745 audent
611 2687 820 2755 dicere,
878 2687 1066 2744 dicant
1097 2687 1244 2744 unde
1272 2694 1358 2742 est
1385 2686 1533 2742 Deus
1590 2684 1686 2756 qui
1717 2683 1786 2740 de
1806 2683 1930 2739 Vir-

351 2765 478 2850 gine
505 2788 671 2836 natus
719 2787 826 2844 est,
859 2778 904 2838 si
933 2794 1042 2834 non
1067 2785 1153 2833 cst
1181 2776 1250 2832 de
1293 2775 1586 2842 Trinitate,
1626 2791 1751 2832 cum
1781 2792 1924 2846 prae-

2052 391 2158 448 hoc
2194 393 2366 463 ipsam
2405 394 2503 451 Dei
2533 394 2872 452 Genitricem
2913 401 3158 450 sanetam
3191 389 3476 464 Virginem
3509 390 3630 462 (pe-

2051 485 2194 552 perit
2233 485 2383 540 enim
2431 485 2732 542 carnaliter
2759 484 3027 550 Verbum,
3077 481 3228 552 quod
3281 497 3350 536 ex
3395 481 3510 537 Deo
3540 491 3627 540 est
3653 518 3670 564 σε

2050 591 2182 633 caro
2222 575 2450 643 factum,
2473 577 2780 634 secundum
2825 577 2974 648 quod
3016 575 3303 646 seriptum‘
3335 581 3422 629 est
3458 591 3472 628 :
3501 567 3676 650 Ver-3‘

2049 668 2174 724 bum
2204 685 2332 724 caro
2357 670 2562 741 factum
2596 678 2674 725 est
2703 669 2769 740 '),
2821 669 3116 724 anathema
3151 667 3243 723 sit.
3276 665 3682 796 Quapropter}

2049 759 2186 796 duo:
2217 759 2382 796 Mign
2417 760 2734 796 ...ιιῖυἷιιιοα
2776 760 2871 796 ns:
2915 759 3084 796 ναι-1ιί
3157 773 3324 796 “nam
3364 765 3491 796 gnta
3519 771 3622 796 aut-

2049 759 2188 816 duas
2217 759 2384 816 etiam
2417 760 2735 817 nativitates
2775 760 2873 816 Dei
2915 759 3108 824 Verbi,
3157 773 3324 816 unam
3363 765 3492 814 ante
3519 771 3622 812 sa:-

2048 851 2172 908 cula
2209 867 2240 907 a
2283 852 2446 908 Patre
2492 852 2796 908 secundum
2826 851 3198 916 divinitatem,
3229 849 3458 906 alteram
3490 863 3628 904 vero

2047 941 2370 998 novissimis
2410 942 2777 1014 temporibus,
2815 941 3122 997 secundum
3157 939 3558 996 humanitatem
3591 953 3621 994 a

2051 1033 2268 1105 Virgine
2291 1041 2502 1100 sancta,
2537 1029 2896 1090 conﬁtemur.
2913 1031 3054 1100 Quia
3071 1047 3182 1086 non
3211 1031 3380 1088 alium
3407 1029 3625 1094 matris,

3655 820 3670 834 δ

2045 1125 2219 1180 aiium
2254 1124 2424 1196 patris
2468 1125 2642 1180 ﬁlium
2667 1125 2970 1190 credimus,
3008 1123 3106 1180 sed
3135 1137 3306 1178 unum
3337 1120 3628 1177 eumdenk

2043 1233 2152 1290 que
2196 1218 2508 1274 naturalem
2535 1217 2707 1272 ﬁiium
2733 1217 2926 1288 patris,
2961 1216 3269 1272 naturalem
3301 1214 3474 1269 ﬁlium
3499 1229 3620 1267 ma-

2045 1309 2146 1364 tris
2183 1308 2554 1380 agnoscimus,
2584 1309 2750 1365 beato
2793 1324 2934 1380 papa
2965 1308 3150 1363 Leone
3189 1305 3257 1362 ad
3299 1305 3622 1361 Flavianum

2043 1399 2264 1456 dicente
2299 1417 2320 1454 :-
2347 1398 2488 1456 Cum
2514 1399 2665 1456 enim
2708 1398 2856 1454 Deus
2893 1406 2951 1454 et
2977 1397 3353 1466 omnipotens,
3376 1404 3630 1452 aeternus

2042 1491 2204 1548 Pater
2253 1491 2522 1556 creditur,
2559 1490 3042 1561 eonsempiternus
3067 1487 3247 1544 eidem
3281 1501 3503 1557 quoque
3527 1485 3618 1540 Fi-

2043 1582 2154 1640 lius
2177 1582 2608 1648 demonstratur,
2651 1581 2709 1637 in
2738 1580 2893 1636 nullo
2921 1596 2953 1635 a
2977 1580 3143 1635 Patre
3171 1577 3460 1642 differens,
3486 1576 3624 1647 quia.

1972 1643 2110 1738 Bde
2151 1676 2284 1746 _Deo
2331 1675 2510 1740 Deus,
2556 1643 2626 1730 de
2673 1674 3054 1743 omnipotente
3116 1643 3626 1742 orunipotens,—de-

2037 1776 2250 1824 aeterno
2263 1776 2426 1823 natus
2440 1777 2528 1822 est
2547 1774 2876 1822 comteruus.
2895 1765 3014 1820 Non
3035 1763 3310 1834 posterior
3341 1771 3620 1831 tempore,

2037 1875 2149 1916 non
2200 1859 2430 1916 inferior
2463 1865 2756 1930 potestate,
2806 1873 2918 1912 non
2953 1854 3244 1912 dissimilis
3276 1855 3470 1924 gloria,
3497 1867 3619 1906 non

2034 1952 2247 2008 divisus
2285 1951 2572 2008 essentia:
2600 1949 2754 2005 idem
2793 1962 2927 2004 vero
2970 1945 3298 2017 sempiterni
3333 1943 3623 2000 Genitoris

2033 2042 2363 2115 Unigenitus
2403 2041 2808 2112 sempiternus.
2845 2037 3020 2093 Natus
3056 2036 3125 2092 de
3159 2035 3364 2106 Spiritu
3421 2040 3625 2089 sancto.

2032 2150 2100 2191 ex
2147 2133 2316 2190 Maria
2358 2133 2584 2204 Virgine
2622 2145 2787 2202 :Iquae
2829 2129 3090 2184 nativitas
3147 2126 3484 2198 temporalis,
3529 2125 3619 2180 illi.

2030 2226 2306 2283 nativitati
2338 2225 2542 2280 divina:
2565 2232 2624 2280 et
2650 2222 3022 2293 sempiternae,
3053 2220 3194 2278 nihil
3222 2219 3442 2282 minuit,
3467 2217 3618 2276 nihil:

2029 2314 2286 2380 contulit,
2333 2312 2430 2369 sed
2467 2321 2718 2368 totam-se
2749 2311 3057 2382 reparando
3091 2309 3324 2374 homini,
3367 2307 3615 2378 quierat

2029 2406 2318 2477 deceptus,
2337 2405 2627 2476 impendit.
2679 2403 2998 2459 Secundum
3039 2402 3208 2474 hujus
3247 2401 3394 2457 beati
3424 2399 3611 2456 Patris.

2028 2497 2378 2562 sententiam,
2420 2497 2564 2552 Deus
2594 2496 2773 2551 factus
2798 2493 3074 2560 Christus,
3098 2509 3208 2548 non
3233 2500 3417 2548 autem
3446 2491 3612 2548 Chri-

2028 2597 2146 2646 stus
2189 2589 2336 2644 Deus
2384 2587 2562 2644 factus
2593 2587 2848 2653 docetur,
2881 2586 3027 2641 sicut
3071 2583 3265 2640 dicunt
3305 2591 3622 2641 sectatores.

2029 2679 2310 2739 Theodori
2359 2679 2660 2750 Mopsuest.
2718 2676 2968 2748 magistri
3011 2674 3284 2744 Nestorii,
3338 2673 3434 2744 qui
3501 2689 3615 2743 ρει·-

2027 2771 2335 2844 profect-um
2377 2769 2660 2826 Christum
2708 2769 2882 2824 Deum
2916 2766 3122 2822 factum
3175 2764 3428 2821 credunt.
3460 2762 3612 2830 Quia.~

353 2877 437 2924 ter
490 2868 822 2930 Trinitatem
882 2869 1098 2922 nullum
1155 2865 1326 2922 alium
1386 2865 1560 2922 Deum
1626 2873 1926 2938 agnoscant
2026 2879 2137 2919 non
2170 2871 2296 2920 eum
2330 2873 2478 2918 esset
2526 2876 2756 2933 pauper,
2785 2860 2941 2916 dives
2972 2858 3152 2914 factus
3192 2867 3300 2924 est,
3345 2856 3442 2912 sed
3473 2872 3600 2912 cum

351 2958 638 3016 Catholici.
683 2959 793 3016 Sed
839 2960 886 3016 si
936 2975 1058 3016 eam
1109 2973 1241 3014 vere
1285 2967 1342 3015 et
1391 2957 1612 3028 proprie
1667 2957 1762 3013 Dei
1803 2957 2184 3050 ere-cdives
2223 2963 2410 3022 esset,
2477 2956 2687 3025 pauper
2726 2953 2905 3008 factus
2952 2961 3072 3012 est,
3126 2959 3188 3006 ut
3245 2965 3350 3006 nos
3401 2950 3613 3006 divites

351 3047 548 3104 tierent
593 3049 951 3113 Genitricem,
1002 3049 1198 3120 utique
1247 3049 1423 3104 Deum
1452 3047 1695 3104 Verbum
1749 3064 1920 3104 unum
1957 3041 1997 3050 “
2025 3049 2235 3105 faceret
2265 3049 2305 3103 ⁸.
2339 3047 2492 3103 Sicut
2515 3057 2570 3101 et
2593 3045 2882 3101 Psalmista
2915 3052 3153 3100 testatur
3181 3043 3374 3098 dicens
3403 3059 3426 3096 :-
3445 3041 3614 3098 Sedes.

350 3155 472 3197 esse
502 3139 798 3197 crederent
835 3139 904 3195 de
928 3139 1199 3194 Trinitate
1238 3157 1250 3192 :
1279 3138 1409 3208 quia
1447 3153 1558 3193 non
1590 3154 1656 3194 ex
1689 3153 1754 3193 ea
1777 3139 1924 3196 Deus
2028 3148 2144 3204 tua,
2171 3139 2334 3204 Deus,
2365 3140 2420 3193 in
2444 3137 2692 3193 uetulum
2716 3136 2919 3202 swculi,
2949 3139 3099 3207 virga
3133 3135 3418 3206 (emutatis,
3451 3135 3608 3205 virga

349 3233 443 3304 qui
485 3241 571 3289 est
621 3232 866 3287 Trinitas
910 3240 1076 3287 natus
1112 3239 1218 3286 est.
1267 3231 1426 3295 Nam,
1462 3247 1588 3287 cum
1629 3230 1927 3302 Apostolus
2026 3233 2174 3304 regni
2221 3233 2315 3286 tui.
2361 3231 2604 3285 Ditemisti
2645 3231 2936 3301 justitiam,
2966 3239 3017 3283 et
3045 3230 3202 3283 odisti
3242 3229 3608 3298 iniquitatem,

2023 3333 2300 3397 propterea
2333 3325 2482 3376 unxit
2511 3329 2560 3376 te
2593 3321 2752 3386 Deus,
2783 3321 2921 3374 Deus
2961 3328 3082 3373 tuus
3118 3318 3231 3373 oleo
3266 3318 3464 3373 laetitia:
3490 3332 3611 3388 pra

2023 3415 2345 3470 consortibus
2381 3414 2482 3466 tuis
2517 3413 2561 3465 ’.
2607 3410 2895 3480 Quomodo
2926 3417 3110 3464 autem
3153 3409 3298 3463 Deus
3325 3409 3454 3478 ungi
3497 3425 3600 3478 po-

2023 3504 2131 3560 t-uit
2177 3512 2273 3558 aut
2317 3503 2523 3558 habere
2566 3511 2874 3566 consortes,
2919 3498 3026 3554 nisi
3070 3497 3225 3554 ﬁeret
3266 3498 3476 3552 homo?
3530 3497 3604 3553 Et

2022 3599 2147 3654 ideo
2181 3605 2330 3652 recte
2358 3596 2525 3650 unius
2564 3594 2922 3665 ejusdemque
2967 3591 3063 3648 Dei
3098 3589 3266 3646 Verbi
3299 3590 3604 3654 incarnati,

2019 3698 2077 3744 et
2110 3688 2352 3743 hominis
2389 3685 2517 3742 facti
2563 3685 2868 3741 creduntur
2898 3681 3330 3738 esse'mirahilia
3370 3687 3428 3736 et
3468 3696 3604 3751 pas-.

2018 3781 2232 3844 siones,
2269 3779 2398 3849 quia
2447 3794 2557 3832 non
2599 3787 2685 3833 est
2713 3777 2854 3832 alter
2890 3777 3057 3840 Deus,
3093 3775 3232 3830 alter
3282 3774 3468 3838 homo,
3499 3775 3595 3828 sed

2021 3873 2166 3928 idem
2211 3873 2378 3934 Deus,
2431 3870 2577 3924 idem
2627 3869 2814 3934 homo,
2879 3867 3184 3924 secundum
3238 3867 3388 3922 illam
3443 3881 3608 3936 papae

349 3321 632 3378 Christum
679 3328 908 3378 testetur
953 3321 975 3354 ⁸
1011 3335 1179 3391 super
1212 3319 1398 3375 omnia
1448 3320 1645 3386 Deum,
1681 3319 1927 3377 Trinitas

349 3421 537 3468 autem
577 3427 726 3467 unus
769 3421 857 3467 est
885 3411 1052 3476 Deus,
1083 3426 1194 3466 non
1222 3411 1523 3482 incongrue
1570 3411 1638 3464 ab
1667 3411 1750 3466 eis
1776 3427 1924 3482 qua:-

349 3503 497 3558 ritur
539 3511 726 3558 utrum
775 3502 1020 3557 Trinitas
1043 3501 1300 3558 Christus
1344 3501 1436 3566 sit,
1475 3513 1571 3558 aut
1609 3501 1752 3556 alter
1775 3516 1920 3570 prae-

346 3604 432 3650 ter
481 3593 810 3650 Trinitatem
853 3595 1020 3657 Deus,
1061 3592 1320 3650 Christus
1345 3593 1436 3648 sit.
1467 3593 1536 3648 At
1568 3592 1710 3649 forte
1753 3593 1918 3650 etiam

345 3702 514 3756 super
532 3685 859 3742 Trinitatem
889 3686 1036 3741 Deus
1061 3694 1147 3742 est
1165 3683 1439 3749 Christus,
1459 3684 1586 3756 quia
1618 3699 1785 3756 super
1805 3699 1922 3738 om-

347 3776 438 3832 nia
479 3792 610 3830 eum
636 3776 813 3832 Deum
852 3785 1088 3833 testatur
1111 3777 1428 3846 Apostolus.
1467 3777 1625 3846 Quod
1649 3778 1693 3832 si
1721 3777 1921 3832 borum

346 3868 518 3922 trium
549 3867 840 3937 quodlibet
860 3867 1047 3923 dicere
1077 3875 1163 3924 est
1189 3867 1444 3938 impium,
1484 3879 1655 3924 restat
1685 3880 1745 3924 ut
1773 3886 1924 3926 unus

343 3959 412 4013 de
441 3957 714 4012 Trinitatc
742 3957 814 4012 sit
837 3958 1102 4024 Verbum,
1127 3959 1220 4028 qui
1253 3959 1320 4014 de
1347 3959 1571 4030 Virgine
1611 3962 1916 4016 secundum

343 4065 573 4106 carnem
617 4057 780 4104 natus
829 4057 935 4113 est,
993 4059 1051 4105 et
1096 4051 1263 4105 homo
1327 4050 1524 4117 factus,
1577 4067 1776 4122 passus
1833 4063 1918 4109 est

341 4156 508 4198 carne
551 4157 653 4211 pro
677 4140 856 4198 nobis.
899 4142 1040 4198 Hinc
1067 4149 1154 4198 est
1201 4143 1350 4214 quod
1379 4142 1599 4198 beatam
1636 4144 1918 4214 Virginem

342 4232 588 4300 Mariam,
613 4241 841 4304 propter
887 4233 1156 4290 honorem
1209 4243 1422 4294 tantum
1466 4235 1707 4294 hominis
1741 4235 1912 4302 illius,

2017 3963 2220 4020 Leonis
2242 3961 2570 4018 sententiam
2595 3959 2831 4015 dicentis
2858 3957 3030 4024 :Quia
3064 3957 3423 4029 impassibilis
3449 3958 3607 4012 Deus

2016 4072 2129 4111 non
2173 4065 2260 4110 est
2303 4053 2634 4124 dedignatus
2680 4051 2801 4108 ﬁeri
2848 4051 3015 4104 homo
3065 4049 3365 4123 passibilis,
3395 4056 3452 4104 et
3486 4048 3594 4104 im-

2015 4147 2268 4204 mortalis
2313 4145 2508 4200 mortis
2549 4143 2766 4216 legibus
2803 4142 3108 4213 subiacere.
3145 4141 3242 4197 liis
3285 4155 3602 4212 congruens

2015 4240 2180 4295 etiam
2227 4238 2424 4293 beatus
2462 4235 2700 4308 Cyrillus
2749 4243 2941 4290 contra
2968 4233 3282 4290 Nestorium
3319 4231 3416 4286 :Si
3445 4233 3592 4301 quis,

341 4322 436 4392 (Ιιιί
480 4337 548 4378 ει
596 4321 713 4392 ipsa
745 4331 908 4378 natus
950 4334 1057 4389 est.
1097 4340 1265 4394 quem
1309 4326 1507 4397 gratia,
1556 4341 1667 4380 non
1716 4335 1912 4381 nallll‘a
1944 4319 2218 4403 Dinquit,
2278 4345 2387 4386 non
2465 4327 2764 4394 conﬁtetur
2815 4327 2990 4382 Deum
3054 4325 3300 4381 Verbum
3370 4339 3598 4394 passum

342 4414 511 4469 Deum
551 4413 908 4480 conﬁtentur,
953 4416 1052 4472 Dei
1095 4426 1353 4473 asserunt
1397 4417 1754 4474 Genitricem.
1801 4419 1912 4474 Nos

337 4512 523 4564 autem
559 4522 694 4562 vere
723 4513 780 4562 et
828 4507 1052 4578 proprie
1099 4509 1197 4562 Dei
1245 4507 1582 4565 Genitricem
1632 4511 1911 4567 credimus

327 4604 391 4654 et
423 4597 773 4655 conﬁtemur.
819 4598 962 4666 Quia
1003 4615 1236 4670 puerum
1278 4601 1434 4655 illum
1463 4617 1628 4672 quem
1664 4603 1779 4674 ipsa
1813 4617 1910 4672 pe-

336 4691 502 4761 perit,
547 4701 744 4748 natura
797 4691 972 4746 Deum
1019 4691 1424 4762 cognoscimus,
1483 4699 1540 4748 et
1590 4709 1689 4766 per
1727 4693 1906 4763 ipsum

337 4781 479 4838 facta
509 4791 641 4838 sunt
665 4783 871 4848 omnia,
904 4783 1213 4838 secundum
1263 4782 1486 4838 beatum
1533 4782 1797 4856 Cyrillum
1824 4785 1908 4840 di-
1947 4817 1955 4832 α

337 4882 596 4929 sentem:
637 4872 816 4930 Homo
862 4883 1028 4929 natus
1073 4883 1180 4938 est,
1225 4890 1352 4930 cum
1387 4875 1462 4931 sit
1511 4887 1712 4932 natura
1758 4880 1908 4936 Deus

337 4964 430 5019 Dei
465 4963 643 5019 Patris
674 4963 938 5020 Verbum.
981 4964 1118 5032 Quia
1149 4965 1404 5021 similiter
1430 4977 1491 5022 ut
1518 4983 1621 5022 nos
1651 4969 1908 5040 sanguini

335 5055 762 5112 communicavit
787 5065 844 5111 et
871 5057 1044 5112 carni.
1071 5057 1161 5113 Sic
1182 5058 1330 5113 enim
1365 5059 1602 5113 terrenis
1631 5061 1905 5130 apparuit,

336 5159 441 5198 non
464 5143 726 5198 amittens
743 5144 894 5216 quod
907 5153 1048 5209 erat,
1067 5145 1164 5200 sed
1191 5144 1522 5200 assumendo
1544 5145 1908 5202 humanitatis

335 5243 584 5291 naturam
631 5235 686 5291 in
734 5251 832 5291 sua
879 5237 1095 5292 ratione
1139 5236 1459 5306 perfectam.

404 5325 474 5382 Et
499 5327 699 5384 iterum
747 5328 802 5383 in
830 5327 1011 5400 primo
1035 5328 1278 5399 capitulo
1322 5335 1514 5388 contra
1549 5330 1862 5386 Nestorium
1890 5347 1904 5386 :

335 5416 396 5477 Si
436 5419 582 5492 quis,
629 5418 832 5491 inquit,
885 5435 996 5477 non
1023 5420 1319 5478 conﬁtetur
1350 5415 1524 5477 De'um
1553 5437 1678 5478 esse
1709 5438 1908 5479 secun-

2018 4439 2204 4488 earnc,
2225 4421 2548 4478 cruciﬁxum
2591 4435 2757 4475 carne
2785 4427 2841 4474 et
2868 4427 3102 4474 mortem
3133 4431 3298 4472 carne
3325 4424 3593 4486 gustasse,

2017 4515 2331 4584 factumque
2375 4511 2802 4584 primogenitum
2859 4526 2926 4565 ex
2981 4509 3232 4572 mortuis,
3289 4505 3594 4560 secundum

2017 4605 2164 4676 quod
2200 4613 2285 4660 est
2327 4605 2439 4660 vita
2475 4612 2531 4658 et
2568 4602 2812 4658 viriﬁcat
2843 4615 2948 4656 nos
2983 4607 3238 4668 tanquam
3270 4598 3435 4661 Deus,
3465 4610 3597 4650 ana-
3698 4598 3702 4602 ’

2017 4697 2202 4752 thema
2231 4696 2322 4752 sit.
2378 4694 2692 4752 Secundum
2730 4695 2928 4750 horum
2964 4691 3133 4762 igitur
3172 4691 3323 4745 hunc
3345 4689 3594 4744 omnium

2014 4795 2334 4844 sanctorum
2377 4788 2598 4842 Patrum
2629 4784 2960 4842 catholicum
2991 4797 3216 4840 sensum
3259 4780 3592 4851 suscipimus

2015 4887 2254 4948 quatuor
2311 4877 2573 4950 synodos,
2622 4875 2675 4930 id
2722 4883 2828 4938 est,
2881 4873 3159 4928 Nicaenam
3210 4880 3590 4928 trecentorum

2013 4971 2206 5026 decem
2278 4978 2334 5024 et
2374 4976 2522 5031 octo,
2573 4975 2630 5022 et
2672 4974 2893 5021 ecntum
2926 4963 3324 5036 quinquaginta
3411 4962 3505 5032 qui
3535 4961 3589 5017 in

2015 5059 2119 5114 hac
2145 5059 2281 5112 urbe
2303 5058 2451 5128 regia
2471 5065 2874 5115 convenerunt.
2901 5065 2954 5110 et
2989 5071 3109 5110 eam
3133 5069 3255 5126 quae
3285 5055 3340 5108 in
3374 5054 3592 5124 Epheso
3637 5042 3652 5076 ⁵

2013 5157 2343 5219 congregata
2381 5155 2485 5212 est,
2522 5146 2612 5204 cui
2647 5144 2986 5216 praefuerunt
3032 5141 3366 5200 Coelestinus
3405 5148 3463 5195 et
3489 5139 3594 5212 Cy-

2016 5245 2174 5300 rillus
2208 5243 2510 5299 beatissimi
2543 5241 2888 5312 patriarcha},
2921 5255 3047 5296 cum
3069 5236 3328 5294 omnibus
3359 5249 3483 5306 quae
3515 5233 3592 5288 ibi

2016 5344 2212 5392 contra
2253 5334 2568 5392 Nestorium
2609 5334 2727 5390 sive
2777 5341 2970 5390 contra
3003 5327 3309 5401 quamlibet
3338 5325 3591 5381 haeresim

2015 5436 2138 5483 acta
2184 5435 2318 5482 sunt
2369 5441 2476 5482 nec
2510 5441 2622 5482 non
2653 5427 2841 5494 etiam,
2872 5441 3037 5498 quam
3075 5420 3362 5492 sequimur
3389 5426 3446 5476 et
3473 5433 3593 5474 arn-

405 5601 428 5636 ‘
465 5602 623 5660 Rom.
663 5619 738 5669 rx,
779 5604 833 5661 5.
909 5605 1108 5662 'Joan.
1150 5621 1188 5672 ι,
1235 5603 1361 5662 ii.“
1437 5606 1483 5662 li
1511 5605 1638 5664 Cor.
1678 5623 1792 5675 vui,
1833 5609 1887 5664 9.
1964 5609 1983 5640 ⁷
2019 5609 2163 5666 Psal.
2205 5624 2348 5674 itur,
2392 5611 2445 5678 7,
2486 5610 2540 5666 8.
