3952 6136
272 185 342 249 85.

1281 179 1581 242 CONTRA
1613 177 2140 242 NESTOBIANOS
2173 152 2577 244 CAPITULAT

3424 177 3508 244 86

271 294 557 370 plectimur,
589 288 960 346 venerandam
985 289 1254 362 synodum
1280 290 1812 359 Chalcedonensem,
1843 293 1890 350 Α
1915 291 2148 347 homines
2167 309 2308 348 mors
2327 293 2682 366 pertransiuit,
2698 291 2754 345 in
2777 307 2880 363 quo
2898 306 3076 346 omnes
3093 295 3432 363 peccauerunt
3447 289 3495 345 ⁸.

271 388 538 456 omniaque
573 382 779 453 scripta
811 383 1037 438 Patrum
1063 393 1400 450 sanctorum,
1433 385 1530 456 qui
1563 401 1734 440 unum
1763 392 1821 440 et

269 481 398 536 idem
440 475 741 533 secundum
797 476 998 531 horum
1044 477 1406 533 conciliorum
1469 477 1820 534 definitiones

267 575 540 628 senserunt
569 565 1141 634 ;anathematizamus
1160 577 1345 624 autem
1373 583 1588 634 omnes,
1623 568 1668 623 si
1695 567 1822 638 quis

263 661 482 726 dubitat,
517 669 615 715 aut
654 667 938 725 retractat,
988 667 1086 715 aut
1118 660 1436 732 imperfecta
1463 660 1698 732 judicat,
1725 667 1820 714 aut

261 752 347 822 qui
384 767 446 808 ea
479 765 512 806 a
550 750 657 807 fide
695 760 1020 806 sanctorum
1066 751 1295 806 Patrum
1337 753 1573 807 aestimat
1615 750 1816 806 aliena.

261 841 526 898 Similiter
563 841 734 912 igitur
788 840 1319 897 anathematizamus
1380 840 1568 897 omnia
1613 841 1818 911 scripta

258 933 518 990 Theodori
563 932 884 1003 Mopsuesti,
931 933 1256 989 etNestorii
1295 933 1557 1004 discipuli
1585 935 1726 1006 ejus,
1763 942 1819 990 et

255 1039 433 1081 omnes
474 1025 582 1096 qui
609 1024 868 1080 similiter
911 1024 1022 1080 illis
1063 1025 1310 1096 sapiunt.
1359 1025 1459 1082 llis
1492 1025 1818 1098 adjicientes

251 1116 566 1188 lutychem,
609 1115 954 1180 Dioscorum,
985 1115 1362 1182 Timotheum,
1407 1117 1679 1182 Elusium,
1715 1117 1820 1173 Pe-

253 1215 386 1262 trum
429 1207 885 1274 Alexandrinum,
916 1213 975 1263 et
1004 1207 1229 1263 Petrum
1264 1207 1674 1264 Antiochenum
1695 1248 1710 1274 ,
1759 1217 1816 1265 et

247 1295 494 1354 Acacium
519 1293 1222 1367 Constantinopolitanum,
1263 1313 1390 1353 cum
1433 1298 1693 1355 omnibus
1723 1314 1814 1355 se-

246 1387 544 1444 ctatoribus
579 1403 795 1454 eorum,
846 1395 906 1446 et
948 1389 1387 1457 successoribus,
1435 1395 1820 1448 communica-

243 1489 382 1537 tores
401 1487 464 1536 et
499 1481 824 1552 complices,
846 1488 942 1537 aut
960 1480 1056 1552 qui
1079 1492 1414 1552 quacunque
1436 1492 1586 1540 sorte
1617 1499 1813 1540 eorum

243 1571 587 1627 maculantur
629 1573 980 1644 contagione,
1024 1583 1121 1629 aut
1161 1575 1456 1630 memorias
1495 1589 1691 1631 eorum
1721 1591 1814 1650 ce-

239 1660 446 1717 lebrant
475 1662 574 1733 qui
631 1661 688 1717 in
731 1663 851 1734 ipsa
879 1663 1242 1722 damnatione
1263 1663 1509 1721 defuncti
1539 1672 1688 1732 sunt,
1715 1676 1812 1722 aut

239 1749 561 1809 innocentes
605 1751 932 1808 defendunt.

296 1840 394 1898 His
427 1842 511 1898 ita
546 1857 606 1898 se
632 1843 989 1909 habentibus,
1017 1845 1327 1902 beatissimi
1355 1863 1507 1904 nunc
1534 1847 1683 1917 quid
1694 1849 1809 1920 jam

236 1932 294 1988 de
331 1934 519 2006 gratia
547 1935 668 1999 Dei,
715 1951 829 1992 non
872 1952 983 2006 qua
1025 1952 1301 2003 creamur,
1344 1939 1441 1994 sed
1485 1939 1555 1994 de
1594 1954 1659 1994 ea
1703 1955 1812 2009 qua

233 2041 556 2082 recreantur
606 2034 665 2082 et
696 2039 1054 2096 renovamur,
1080 2029 1404 2098 sentiamus,
1444 2031 1690 2087 breviter
1715 2046 1813 2087 ex-

233 2115 1029 2187 ponentes,sanctitativestrze
1072 2123 1388 2179 necessario
1415 2123 1695 2180 credimus
1733 2123 1816 2179 fa-

232 2219 348 2262 cere
400 2205 615 2262 debere
658 2206 1033 2264 manifestum.
1082 2209 1164 2265 Eo
1196 2211 1342 2282 quod
1387 2212 1554 2267 etiam
1601 2213 1655 2268 in
1709 2213 1814 2269 hac

231 2306 380 2368 parte
424 2297 644 2354 inimici
683 2300 873 2370 gratiae
915 2301 1036 2368 Dei,
1083 2301 1139 2358 id
1185 2311 1290 2368 est,
1328 2305 1534 2377 Pelagii
1575 2315 1632 2361 et
1681 2306 1810 2362 Ca:-

231 2386 370 2444 lestii
391 2391 961 2454 sectatores,nimium
988 2393 1152 2450 nobis
1175 2394 1356 2450 infesti
1380 2411 1501 2452 esse
1523 2396 1803 2452 videntur.

231 2478 396 2550 Igitur
433 2479 774 2537 confitemur
811 2490 1021 2537 rectum
1051 2485 1107 2540 in
1158 2485 1420 2542 omnibus
1449 2503 1478 2542 a
1515 2489 1628 2543 Deo
1653 2504 1809 2544 crea-

233 2577 340 2625 tum
383 2569 588 2637 Adam,
637 2587 753 2626 non
783 2573 1072 2630 mortalem
1117 2591 1222 2632 nec
1268 2577 1658 2646 immortalem,
1707 2580 1805 2637 sed

231 2662 524 2730 utriusque
559 2663 1157 2733 eapacem,habentem
1201 2667 1259 2724 in
1309 2671 1518 2742 proprii
1547 2670 1806 2730 facultate

231 2752 463 2818 arbitrii,
504 2762 565 2808 et
614 2755 756 2810 velle
793 2765 850 2812 et
885 2772 1049 2828 posse
1089 2759 1157 2814 ad
1208 2762 1413 2827 omnia,
1465 2762 1574 2818 hoc
1617 2773 1704 2819 est
1749 2773 1828 2820 et-

231 2842 294 2898 ad
337 2844 553 2899 bonum
595 2853 652 2899 et
697 2846 766 2901 ad
793 2848 1019 2928 'malum
1053 2849 1245 2916 ;hunc
1305 2852 1487 2908 callidi
1535 2857 1806 2926 serpentis

1919 383 2242 454 Propterea,
2281 393 2537 441 recentes
2571 383 2641 440 ab
2688 393 2849 439 utero
2890 383 3176 454 parvulos,
3228 397 3338 436 non
3376 391 3498 440 tan-

1921 485 2036 530 tum
2119 482 2182 530 ut
2261 476 2615 547 adoptionem
2674 483 2996 530 mereantur
3062 473 3338 538 filiorum,
3398 482 3494 528 aut

1917 577 2144 638 propter
2175 583 2404 638 regnum
2425 568 2687 624 caelorum
2723 567 2889 640 (sicut
2909 565 3114 638 Pelagii
3137 574 3196 620 et
3225 563 3496 633 leestii,
3603 595 3612 606 -

1917 659 2036 715 sive
2065 659 2346 715 Theodori
2381 659 2679 730 Mopsuest.
2735 659 3016 729 discipuli,
3074 658 3170 730 qui
3221 671 3396 712 unum
3433 667 3498 712 et

1918 749 2064 806 idem
2095 751 2348 806 naturale
2371 759 2431 808 et
2459 751 2729 824 originale
2752 760 3041 820 peccatum
3063 766 3184 806 esse
3219 748 3498 806 afﬁrmare
3542 727 3562 824 ξ

1917 842 2244 912 conantur),
2303 841 2400 897 sed
2441 842 2500 897 in
2553 841 2942 898 remissionem
2996 850 3348 913 peccatorum
3393 855 3502 896 eos
3552 841 3564 915 Il

1917 930 2198 986 credimus
2231 931 2522 1002 baptizari,
2569 946 2640 986 ne
2671 940 2906 1003 pereant
2935 931 2994 987 in
3018 941 3307 988 aeternum.
3337 931 3490 987 [nar--

1916 1033 2100 1080 matus
2140 1025 2308 1096 igitur
2331 1031 2548 1080 natura;
2589 1023 2746 1095 vigor
2783 1038 2883 1094 per
2909 1019 3117 1078 m‘alum
3164 1021 3500 1094 prevarica-

1915 1117 2104 1182 tionis,
2150 1117 2469 1172 nullatenus
2499 1115 2673 1170 valuit
2707 1130 2807 1186 per
2849 1113 3208 1186 semetipsum
3243 1113 3372 1169 inde
3401 1127 3498 1168 re-

1915 1217 2164 1274 surgere,
2191 1217 2302 1273 quo
2331 1218 2430 1272 per
2448 1203 2731 1274 prepriam
2757 1203 3099 1259 voluntatem
3132 1210 3253 1258 crat
3283 1203 3502 1272 lapsusa

1914 1294 2260 1367 Quapropter
2302 1295 2515 1350 nullum
2544 1294 2614 1350 ab
2659 1293 2832 1350 Adam
2865 1311 3016 1351 nunc
3041 1310 3218 1366 usque
3260 1310 3360 1366 per
3389 1310 3501 1350 na-

1915 1397 2058 1443 tura:
2091 1385 2338 1458 vigorem
2381 1385 2658 1442 credimus
2697 1402 2820 1443 esse
2863 1388 3156 1453 salvatum,
3194 1387 3303 1442 nisi
3342 1386 3506 1443 dono

1914 1480 2104 1553 gratia:
2155 1478 2397 1550 Spiritus
2438 1479 2614 1536 sancti
2644 1479 2699 1534 in
2743 1478 2850 1535 flde
2877 1479 3127 1536 nominis
3169 1479 3321 1536 Jesu.
3349 1479 3504 1548 Quia

1913 1586 2026 1626 non
2065 1579 2150 1626 est
2178 1569 2330 1624 aliud
2378 1583 2580 1624 nomen
2610 1569 2799 1624 datum
2831 1569 3156 1625 hominibus
3188 1569 3292 1624 sub
3326 1569 3500 1635 c0310,

1912 1662 1967 1718 in
2015 1677 2127 1733 quo
2189 1669 2444 1733 oporteat
2484 1661 2643 1732 537
2675 1673 2775 1717 nos
2813 1661 2994 1718 salvos
3035 1659 3150 1715 fieri
3199 1659 3243 1726 ',
3278 1659 3385 1716 nisi
3431 1661 3489 1715 in

1910 1757 2136 1812 nomine
2185 1755 2314 1811 Jesu
2345 1754 2578 1810 Christi.
2614 1753 2878 1810 Liberum
2902 1760 3086 1808 autem
3118 1752 3370 1808 naturale
3399 1767 3492 1807 ar-

1909 1847 2139 1904 bitrium
2169 1845 2238 1902 ad
2282 1846 2424 1901 nihil
2477 1844 2626 1900 aliud
2679 1845 2864 1901 valere
2918 1843 3216 1910 credimus,
3265 1843 3373 1900 nisi
3417 1843 3493 1901 ad

1911 1937 2277 1994 discernenda
2328 1943 2540 1991 tantum
2590 1942 2646 1990 et
2671 1935 3037 1992 desideranda
3072 1935 3338 1994 carnalia.
3371 1934 3496 1996 sive

1913 2029 2221 2094 saecularia,
2250 2043 2371 2098 qua:
2395 2043 2508 2082 non
2536 2026 2682 2098 apud
2710 2026 2908 2098 Deum,
2935 2025 3034 2082 sed
3064 2025 3209 2097 apud
3237 2024 3491 2082 homines

1911 2127 2145 2193 possunt
2177 2097 2430 2175 fortassis
2453 2117 2635 2174 videri
2687 2097 2948 2190 gloriosa.
2988 2118 3072 2173 Ad
3111 2133 3176 2173 ea
3202 2133 3336 2173 vero
3367 2133 3490 2189 quae

1911 2214 1981 2268 ad
2003 2213 2192 2282 {vitam
2239 2218 2505 2266 aeternam
2555 2210 2860 2281 pertinent,
2915 2224 3022 2264 nec
3073 2209 3337 2281 cogitare,
3387 2225 3492 2265 nec

1910 2305 2077 2369 velle,
2131 2319 2236 2360 nec
2285 2302 2624 2368 desiderare,
2674 2317 2780 2358 nec
2837 2300 3108 2372 perlicere
3148 2317 3332 2372 posse,
3380 2301 3498 2358 nisi

1909 2413 2010 2470 per
2043 2396 2378 2452 infusionem
2434 2403 2491 2450 et
2544 2393 2926 2466 operationem
2977 2393 3316 2449 intrinsecus
3359 2393 3488 2463 Spi-

1908 2490 2051 2545 ritus
2077 2487 2273 2553 sancti,
2319 2485 2415 2556 qui
2457 2492 2541 2541 cst
2583 2487 2752 2541 etiam
2781 2485 3023 2556 Spiritus
3053 2484 3283 2542 Christi.
3311 2486 3487 2559 Spiri-

1906 2588 2023 2636 tum
2075 2579 2224 2636 enim
2251 2578 2459 2636 Christi
2501 2578 2594 2650 qui
2621 2592 2733 2632 non
2755 2577 2946 2642 habet,
2975 2577 3069 2634 hic
3095 2574 3512 2646 non'°estejus,_

1905 2672 2062 2741 Quod
2097 2673 2142 2728 si
2169 2671 2294 2744 quis
2324 2669 2502 2728 credit
2521 2670 2577 2726 in
2602 2668 2844 2736 Christo,
2867 2671 2982 2742 jam
3008 2669 3216 2726 Christi
3243 2679 3346 2726 est.
3365 2671 3486 2727 δίε-

1909 2773 1972 2821 ut
2029 2775 2085 2822 ct
2133 2781 2328 2821 verum
2366 2774 2473 2830 est,
2501 2778 2615 2818 non
2653 2763 2847 2832 utique
2873 2779 2975 2834 per
3001 2762 3207 2818 donum
3246 2772 3482 2828 naturm,

1907 2857 2002 2914 sed
2026 2873 2125 2928 per
2154 2856 2418 2927 Spiritum
2459 2863 2713 2910 sanctum
2738 2861 2844 2918 est,
2873 2854 2968 2926 qui
2999 2853 3206 2909 Christi
3239 2864 3343 2910 cst.
3379 2853 3498 2921 Qui-

231 2933 520 3007 deeeptum
572 2938 774 2994 astutia
821 2940 1043 3010 propria
1089 2929 1286 3012 sponte
1325 2943 1801 3014 pnevaricatorem
1832 2967 1876 3026 ρ
1903 2949 2014 3022 jam
2052 2947 2232 3004 credit
2267 2947 2324 3002 in
2359 2962 2487 3002 eum
2543 2944 2637 3016 qui
2669 2944 3214 3016 justilicatimpium,
3253 2954 3314 3000 ut
3351 2959 3483 3000 con-

231 3028 498 3085 exstitisse
549 3027 724 3084 divini
752 3032 1034 3104 praecepti,
1065 3042 1230 3104 atque
1270 3035 1342 3090 ob
1385 3035 1492 3092 hoc
1527 3037 1679 3108 justo
1707 3039 1800 3110 ju-

235 3116 370 3180 tlieio
398 3119 526 3182 Dei,
558 3135 668 3176 non
699 3121 876 3176 solum
902 3130 1080 3180 morte
1113 3127 1384 3196 corporis,
1417 3143 1611 3184 verum
1633 3131 1801 3185 etiam

234 3209 418 3266 animas
465 3210 734 3268 effectum
815 3214 1139 3282 obnoxium,
1188 3226 1245 3272 et
1297 3219 1534 3288 pristino
1590 3221 1801 3279 honore

232 3301 515 3368 nudatum,
557 3304 825 3374 iumentis
867 3305 1101 3362 similem
1129 3307 1356 3376 factum,
1383 3325 1496 3366 non
1543 3313 1693 3383 quod
1723 3314 1800 3369 ir-

233 3392 578 3448 rationabilis
609 3395 684 3448 sit
735 3393 986 3462 eflectus,
1015 3396 1114 3452 sed
1144 3397 1276 3467 quia
1325 3401 1615 3459 rationalis
1645 3402 1803 3475 vigor

233 3483 344 3554 ejus
379 3485 595 3541 carnali
641 3485 1006 3544 delectatione
1047 3497 1135 3545 est
1161 3490 1456 3561 obligatus,
1501 3495 1676 3549 sensit
1702 3496 1802 3550 de-

233 3571 390 3643 nique
421 3590 557 3629 mox
600 3574 991 3633 inobedientia:
1021 3579 1221 3635 merito
1261 3580 1436 3651 legem
1464 3585 1801 3640 contrariam

235 3661 285 3716 in
315 3665 556 3734 propriis
581 3665 864 3730 membris,
890 3677 1286 3738 repugnantem
1303 3670 1408 3740 legi
1437 3672 1637 3727 mentis
1665 3689 1801 3738 sum,

234 3755 596 3825 captivantem
638 3771 696 3812 se
730 3757 786 3812 in
840 3757 961 3828 lege
1010 3759 1243 3829 peccati.
1289 3759 1447 3827 Quod
1500 3764 1704 3819 malum
1745 3775 1804 3822 et

232 3857 438 3912 pmnam
504 3848 638 3901 mali
692 3849 749 3902 in
799 3849 1121 3905 universum
1169 3851 1448 3909 credimus
1529 3856 1797 3912 transisse

231 3952 394 4008 genus
420 3939 753 3996 humanum.
789 3934 909 3999 Nec.
943 3943 1094 3998 enim
1123 3953 1359 4001 mortem
1402 3949 1652 4018 corporis
1675 3959 1794 4005 tan-

233 4037 361 4098 tum,
411 4049 541 4104 qua:
583 4051 746 4104 poena
792 4037 1007 4106 peccati
1047 4045 1152 4105 est,
1185 4039 1332 4095 sicut
1358 4041 1582 4110 quidam
1609 4043 1800 4099 dicere

228 4121 432 4187 volunt,
472 4125 574 4179 sed
599 4135 655 4180 et
691 4127 946 4180 aculeum
974 4127 1187 4194 mortis,
1216 4128 1322 4183 hoc
1351 4137 1456 4195 est,
1485 4140 1796 4200 peccatum,

229 4209 529 4282 ingressum
573 4216 627 4270 in
659 4217 951 4272 mundum.
999 4217 1140 4285 Quia
1182 4235 1293 4276 non
1329 4221 1470 4286 istis,
1519 4221 1616 4278 sed
1646 4222 1796 4291 Apo-

1905 3039 2129 3096 ﬁtentur
2175 3037 2306 3108 quia
2361 3037 2630 3092 Dominus
2669 3044 2756 3091 est
2788 3034 2972 3102 .lesus,
3005 3035 3153 3106 quod
3187 3051 3353 3092 nemo
3379 3049 3484 3108 po-

1907 3140 2014 3189 test
2055 3132 2267 3198 dicere,
2313 3130 2422 3186 nisi
2453 3129 2509 3184 in
2542 3128 2750 3200 Spiritu
2785 3135 2976 3184 sancto
3026 3128 3091 3182 ".
3137 3127 3488 3199 Quapropter

1904 3223 2432 3281 anathematizamus
2472 3237 2570 3278 eos
2633 3221 2740 3293 qui
2773 3220 3027 3276 naturale
3081 3229 3178 3276 aut
3221 3221 3483 3276 substan-

1904 3317 2037 3373 tiam
2070 3317 2310 3387 aliquam
2354 3315 2552 3371 dicunt
2584 3328 2706 3370 esse
2737 3323 3053 3384 peccatum.
3081 3313 3486 3368 Abominantes

1901 3410 2070 3467 etiam
2125 3425 2224 3466 eos
2261 3409 2356 3478 qui
2399 3414 2595 3463 contra
2643 3421 2834 3462 vocem
2862 3404 3114 3475 Apostoli
3160 3404 3368 3459 audent
3400 3403 3488 3459 di-

1903 3519 2028 3559 cere
2059 3521 2073 3556 :
2101 3503 2367 3557 Nostrum
2402 3508 2488 3556 est
2518 3500 2682 3566 velle,
2729 3497 2827 3553 Dei
2853 3512 2988 3552 vero
3025 3495 3317 3568 perficere,
3353 3511 3490 3552 cum

1903 3594 2051 3648 idem
2103 3592 2296 3648 doctor
2321 3598 2380 3646 et
2425 3589 2566 3644 velle
2607 3596 2666 3642 et
2714 3587 2984 3657 perficere
3017 3586 3222 3641 donum
3248 3594 3494 3643 testetur

1901 3700 2025 3742 esse
2047 3683 2318 3747 divinum,
2346 3683 2466 3753 ipso
2490 3679 2709 3735 dicente
2747 3695 2760 3732 :
2794 3678 2936 3732 Deus
2957 3677 3098 3732 enim
3129 3684 3207 3731 est
3237 3679 3328 3748 qui
3354 3693 3479 3749 ope-

1903 3786 2057 3832 ratur
2088 3779 2142 3830 in
2176 3776 2315 3830 vobis
2359 3783 2408 3828 et
2441 3773 2574 3830 uelle
2601 3779 2652 3826 et
2685 3771 2954 3843 perﬁcere,
2989 3787 3085 3841 pro
3117 3771 3253 3825 bona
3293 3769 3482 3824 uolun-

1901 3879 2009 3924 tate
2057 3869 2122 3923 “.
2151 3866 2458 3923 Credentes
2491 3864 2658 3920 etiam
2691 3878 2886 3920 omnes
2917 3863 2988 3918 ab
3013 3862 3151 3917 Abel
3193 3877 3370 3932 usque
3409 3859 3480 3916 ad

1899 3961 2203 4025 Christum,
2248 3959 2293 4014 si
2342 3957 2436 4028 qui
2478 3956 2674 4012 salvati
2719 3963 2869 4021 sunt,
2913 3970 2978 4010 ea
3034 3953 3208 4025 gratia
3257 3968 3365 4026 qua
3422 3959 3480 4008 et

1899 4068 2007 4108 nos
2036 4067 2157 4108 esse
2193 4050 2454 4115 salvatos,
2488 4045 2797 4102 secundum
2822 4059 3013 4100 vocem
3047 4043 3193 4099 beati
3225 4041 3474 4113 Apostoli

1899 4143 2048 4200 Petri
2097 4141 2335 4197 dicentis
2367 4156 2382 4194 :
2413 4137 2552 4204 Quid
2601 4137 2816 4192 tentatis
2857 4133 3045 4198 Deum,
3091 4135 3364 4204 imponere
3386 4132 3473 4201 iu-

1899 4247 2025 4302 gum
2059 4245 2218 4300 super
2245 4228 2466 4281 cervices
2505 4223 2916 4296 discipulorum,
2940 4221 3081 4293 quod
3102 4236 3268 4291 neque
3301 4227 3478 4290 patres

227 4302 358 4358 stolo
381 4306 572 4372 potius
597 4307 1022 4378 acquiescimus,
1043 4310 1138 4378 qui
1167 4317 1223 4364 et
1247 4321 1531 4380 peccatum
1560 4321 1618 4368 et
1647 4329 1794 4368 mor-
1827 4303 1870 4360 1)
1899 4321 2078 4386 vestri,
2121 4335 2286 4391 neque
2323 4335 2417 4373 nos
2457 4325 2672 4388 portare
2721 4315 2984 4386 potuimus
3015 4314 3040 4367 Ρ
3068 4313 3160 4368 sed
3215 4328 3310 4383 per
3345 4329 3475 4384 gra-

227 4398 328 4448 tem
375 4394 432 4450 in
473 4411 672 4453 omnes
717 4399 973 4456 homines
998 4403 1363 4471 pertransisse
1414 4411 1665 4470 testatur,
1715 4404 1795 4459 di-

227 4498 398 4541 cens:
447 4487 559 4543 Per
606 4507 772 4545 unum
826 4493 1089 4548 hominem
1134 4503 1404 4563 peccatum
1460 4495 1680 4549 intravit
1735 4497 1792 4550 in

227 4579 500 4647 mundum,
536 4590 586 4634 et
624 4598 718 4652 per
759 4593 1030 4654 peccatum
1081 4602 1242 4651 mors,
1283 4595 1334 4640 et
1386 4587 1461 4641 ita
1517 4587 1572 4640 in
1615 4603 1794 4642 omnes

1900 4415 2032 4467 tiam
2080 4411 2291 4465 Domini
2315 4408 2440 4463 Iesu
2469 4405 2732 4461 credimus
2770 4403 2994 4468 saluari,
3033 4401 3473 4474 quemadmodum

1897 4505 1980 4560 illi
2027 4503 2090 4558 η.

242 4717 3430 4754 W

1571 4855 2114 4947 EJUSDEM

479 5048 1114 5179 CONTRA
1175 5053 2270 5187 NESTOBIANOS
2350 5044 3196 5186 CAPITULA.

283 5327 572 5388 Duodecim
603 5335 730 5389 istos
763 5338 1230 5393 anathematismos
1263 5355 1374 5393 esse
1405 5339 1529 5394 illas
1562 5344 1964 5398 contestationes
2027 5359 2158 5414 quas
2196 5343 2438 5396 monachi
2470 5340 2676 5413 Scytha:
2709 5339 2912 5413 publice
2943 5338 3124 5394 Roma:
3156 5338 3465 5408 afj'ixerant.

221 5433 330 5474 cum
353 5439 420 5477 ea:
451 5425 607 5493 urbe,
636 5428 691 5481 in
722 5445 828 5499 qua
865 5439 1050 5484 sancto
1081 5430 1366 5487 Ilormisda
1399 5435 1643 5504 ponti/ire
1673 5438 1919 5492 custoditi
1947 5437 2317 5501 servabantur,
2347 5435 2487 5490 clam
2521 5435 2874 5506 aufugerunt,
2908 5450 3012 5488 non
3046 5448 3262 5505 prorsus
3297 5429 3469 5483 alieno

295 5534 316 5565 '
354 5535 518 5614 item.
569 5554 622 5606 ν,
665 5539 748 5594 12.
827 5541 848 5574 ⁸
885 5541 1004 5598 Act.
1047 5559 1121 5609 IV,
1165 5543 1250 5598 12.
1331 5544 1372 5576 '°
1411 5545 1569 5602 Rom.
1612 5563 1722 5614 vm,
1767 5549 1820 5605 9.

231 5600 308 5670 50,
351 5604 437 5660 ll.

1302 5674 1334 5710 κ

1898 5550 1938 5582 ¹¹
1981 5548 2002 5604 l
2051 5547 2176 5604 Cor.
2215 5563 2308 5613 xu,
2350 5547 2402 5602 5.
2484 5547 2526 5579 “
2564 5545 2804 5616 Philipp.
2843 5560 2902 5610 ιι,
2959 5542 3046 5598 15.
3123 5541 3170 5574 ⁸³
3202 5538 3324 5593 Act.
3351 5550 3465 5602 'xv,

3548 795 3562 844 l
