3952 6136
333 151 402 214 87
1605 154 1929 216 JOANNIS
1965 155 2347 226 MAXENTII,
3502 156 3581 220 381

331 261 660 331 conjectatur
678 259 940 316 Baronius
972 267 1114 317 torno
1147 261 1263 328 VII,
1295 278 1436 316 anno
1471 262 1594 328 520,
1626 280 1743 336 cap.
1765 261 1852 316 25.
1882 262 1946 327 In
1976 266 2148 336 primo
2183 265 2628 321 anathematismo
2664 278 2782 316 cum
2815 263 2924 318 ait:
2944 281 2961 314 ι
2989 261 3160 318 Unam
3195 269 3442 318 naturam
3483 263 3577 318 Dei

329 354 479 409 Verbi
495 357 888 410 incarnatam.»
916 355 1054 410 Nota
1082 355 1324 426 fraudem
1357 353 1881 422 hccreticamJector;
1899 362 1974 409 est
2002 357 2211 427 quidem
2239 358 2348 411 htec
2383 355 2604 410 assertio
2619 355 2682 410 de
2708 371 2763 408 se
2792 371 2915 408 vera
2939 361 2988 406 et
3018 355 3307 408 orthodoxa
3327 372 3344 408 :
3362 353 3576 409 Natura

331 445 502 514 Verbi,
530 447 612 503 υει
649 449 900 504 divinitas
945 457 1021 504 est
1062 451 1366 504 incarnata.
1397 447 1486 502 Sic
1525 451 1666 503 enim
1707 447 1905 502 locutos
1945 457 2150 504 constat
2175 457 2419 511 sanctum
2455 450 2829 514 Athanasium,
2859 458 3104 503 sanctum
3143 449 3422 522 Cyrillum,
3447 467 3576 520 quos

325 543 455 596 citat
476 555 690 598 sanctus
713 543 945 598 Joannes
969 543 1327 597 Damascenus
1358 527 1448 596 lib.
1477 559 1532 598 Ill
1556 541 1632 596 De
1654 542 1781 611 ﬁde,
1805 560 1924 613 cap.
1950 543 2017 611 6;
2043 552 2285 598 sanctum
2303 543 2644 616 Futgentium.
2660 542 2886 614 quiestﬁ
2914 545 2984 598 ad
3000 541 3330 596 Ferrandum
3355 561 3372 604 ;
3405 545 3578 596 conci-

329 633 828 688 tiumLateranense
850 635 944 688 sub
958 632 1190 688 Martino
1221 633 1268 700 Ι,
1291 634 1561 700 canonel;
1583 642 1825 693 sanctum
1847 634 2062 692 Petrum
2095 635 2398 703 diaconum,
2429 634 2560 689 libro
2589 635 2667 688 De
2687 635 3076 702 incarnatione,
3106 649 3224 703 cap.
3254 633 3309 687 2.
3332 641 3380 687 et
3418 633 3576 690 alios.

327 723 595 795 Siquidem
619 729 756 780 hunc
782 743 994 780 sensum
1021 727 1336 790 catholicum
1365 727 1576 796 accipit.
1601 726 1814 782 Natura
1845 728 2024 794 diuina
2052 738 2129 783 est
2153 730 2472 797 incuruata,
2489 728 2552 790 id
2575 737 2650 784 est
2679 729 2830 783 unita
2859 727 3136 794 carni,.vei
3165 727 3289 798 quia
3323 735 3576 781 naturam

329 820 504 872 carnis
535 817 835 888 assumpsit.
863 817 1123 872 Craterum
1156 819 1282 888 quia
1314 816 1635 888 Eutychiani
1666 835 1784 872 eam
1814 820 2241 894 propositionem,
2265 836 2430 882 unam
2459 827 2712 875 naturam
2738 819 2836 874 Dei
2865 819 3012 873 Verbi
3040 820 3380 873 incantatam
3413 835 3579 889 prave

331 918 382 962 et
406 908 644 963 hteretico
671 923 825 962 sensu
851 907 1260 980 detorquebant;
1287 909 1440 983 quasi
1465 909 1521 961 in
1551 906 1768 969 Christo.
1787 925 1893 964 non
1923 918 2052 964 esset
2077 911 2179 964 nisi
2202 918 2402 970 natura
2426 910 2627 978 divina,
2648 909 2706 964 in
2733 927 2893 982 quam
2918 926 3168 965 conuersa
3196 912 3352 980 fuerit
3377 919 3581 966 natura

329 1001 588 1068 humana,
617 1000 763 1056 nullo
796 1009 950 1071 pacto
986 999 1202 1076 [erenda
1241 1007 1316 1054 est
1349 999 1406 1052 in
1445 999 1776 1068 Eutychiano
1810 1001 2040 1066 homine,
2072 999 2246 1070 qualis
2284 1001 2384 1070 fuit
2420 999 2740 1054 Maxentius.
2767 999 2910 1054 Nam
2946 1001 3108 1055 etiam
3142 1000 3423 1056 Dioscorus
3458 1017 3576 1056 cum

329 1093 632 1148 orthodoxis
657 1092 908 1165 episcOpis
933 1107 988 1144 se
1013 1087 1300 1154 divelleret,
1325 1089 1458 1142 dixit
1484 1089 1539 1141 in
1569 1087 1787 1152 concilio
1818 1087 2228 1146 Chalcedonensi
2253 1091 2324 1144 ad
2345 1091 2506 1159 ﬁnem
2530 1093 2750 1146 actionis
2775 1093 2828 1158 l,
2857 1102 2984 1148 ante
3014 1093 3284 1150 actionem
3305 1093 3342 1146 ‘2
3371 1093 3588 1154 concilii.

328 1186 905 1258 Constantinopolitani
923 1203 939 1240 :
972 1185 1086 1258 Ego
1127 1193 1312 1247 autem
1333 1185 1633 1243 testimonia
1675 1183 1838 1238 habeo
1880 1181 1978 1246 SS.
2013 1183 2237 1240 Patrum
2282 1185 2576 1254 Athanasii,
2609 1188 2871 1260 Gregorii,
2906 1188 3096 1261 Cyrilli
3127 1191 3182 1244 in
3213 1187 3398 1242 multis
3426 1189 3590 1258 locis-ﬂ

330 1281 458 1351 quia
487 1297 592 1335 non
623 1289 826 1350 Oportet
844 1279 1023 1334 dicere
1047 1285 1162 1350 post
1189 1278 1568 1332 adunationem
1599 1278 1731 1332 duas
1757 1279 2004 1345 naturas,
2026 1280 2114 1333 sed
2139 1295 2304 1333 unam
2329 1289 2592 1342 naturam,
2607 1281 2705 1336 Dei
2735 1281 2882 1337 Verbi
2911 1283 3272 1338 incarnatam.
3297 1281 3383 1337 En
3408 1291 3579 1351 poste-.

330 1372 477 1426 riora
514 1372 669 1427 verba
703 1373 968 1443 ipsissima
1003 1378 1127 1426 sunt
1153 1369 1409 1434 Maxentii
1439 1370 1663 1440 ;priora
1703 1369 1824 1430 dolo
1861 1371 2060 1442 perﬁdo
2097 1372 2290 1438 omisit,
2317 1371 2400 1426 vel
2443 1373 2616 1443 potius
2649 1373 2952 1439 occultavit,
2981 1390 3100 1445 qua:
3137 1384 3314 1428 tamen
3351 1372 3596 1442 intelligi.

329 1465 516 1523 voluit.
543 1463 740 1518 Eodem
761 1473 914 1535 pacto
935 1461 1152 1524 Armeni
1173 1467 1411 1516 errantes
1433 1459 1801 1531 loquebantur,
1825 1463 1916 1538 qui
1941 1469 2120 1516 tamen
2139 1461 2385 1525 nolebant
2403 1462 2569 1526 videri
2587 1461 2927 1534 Eutychiani,
2945 1479 3074 1534 quos
3103 1472 3278 1521 tamen
3307 1463 3596 1534 redarguit:

331 1556 728 1615 Theodorianus
741 1560 792 1614 in
799 1557 909 1628 ira.
1073 1543 1085 1554 ’
1300 1549 1321 1561 “

405 1645 664 1714 Quocirca
691 1646 974 1718 prudenter
993 1651 1210 1700 sanctus
1232 1643 1592 1698 Damascenus
1615 1641 2069 1715 Eutychianorum
2095 1647 2413 1717 imposturas
2441 1646 2680 1716 detegens
2710 1643 3188 1701 lib.Fidei-orthod;
3212 1664 3330 1716 cap.
3359 1648 3446 1710 ll,
3469 1650 3602 1702 hicc-

333 1739 538 1794 monuit
565 1754 584 1794 :
607 1737 675 1792 At
697 1735 836 1810 quod
861 1735 1110 1800 divinitas
1139 1735 1292 1798 homo
1326 1734 1490 1804 facta,
1517 1734 1800 1795 incarnata
1827 1733 1916 1800 sit,
1943 1741 2038 1788 aut
2065 1735 2396 1792 humanitate
2429 1751 2483 1790 se
2515 1735 2766 1800 induerit,
2796 1752 3056 1806 nusquam
3090 1736 3407 1790 audiuimus.
3436 1736 3581 1810 Illud

333 1839 473 1888 certe
497 1807 792 1895 didicimus,
821 1828 1152 1883 divinitatem
1179 1823 1502 1886 humanitati
1527 1825 1583 1876 in
1610 1840 1718 1881 una
1746 1839 1966 1886 suarum
1995 1840 2343 1896 personarum
2374 1827 2582 1884 unitum
2612 1841 2742 1884 esse.
2770 1825 2844 1884 Et,
2868 1825 3080 1881 Nicetas
3113 1825 3204 1880 lib.
3226 1842 3282 1881 ιιι
3308 1807 3595 1892 Thesauri,

331 1939 455 1996 cap.
483 1921 579 1988 11,
605 1921 777 1990 inquit
809 1935 827 1972 :
859 1917 1058 1972 Errare
1091 1931 1198 1968 non
1227 1918 1404 1978 caret,
1429 1913 1476 1966 si
1509 1919 1762 1966 naturam
1791 1912 2028 1978 divinam
2061 1915 2403 1976 incarnatam
2433 1929 2544 1969 esse
2577 1915 2845 1982 dicamus,
2871 1915 2953 1969 vel
2983 1917 3032 1970 si
3061 1933 3286 1970 carnem
3317 1934 3351 1971 a
3385 1926 3598 1972 natura.

333 2017 516 2074 divina
544 2018 873 2084 assumptum
900 2009 1062 2080 fuisse
1087 2008 1395 2069 dixerimus.
1420 2003 1544 2060 Haec
1570 2003 1766 2062 idcirco
1795 2007 1896 2077 ipsi
1923 2023 1988 2066 ne
2013 2006 2290 2076 fraudibus
2313 2008 2777 2080 Eutychianorum.
2795 2009 3096 2064 orthodoxis
3123 2011 3500 2082 imponeretur,
3525 2018 3582 2064 ut

333 2112 394 2165 ίη
425 2106 596 2178 mimo
631 2119 728 2159 δυο
763 2101 1204 2164 anathematismo
1234 2099 1316 2152 Ιιίσ
1350 2097 1469 2168 fec“
1496 2095 1732 2150 Joannes
1757 2096 2077 2161 Maxentius.
2108 2098 2173 2152 In
2204 2099 2238 2153 5
2272 2101 2724 2154 anathematismo
2752 2099 2874 2154 doto
2909 2115 3015 2152 non
3047 2108 3228 2154 canent
3260 2101 3414 2154 uerba
3449 2101 3596 2166 illa,

334 2193 742 2253 substantialem
778 2193 885 2256 sive
927 2188 1232 2245 naturalem
1271 2187 1567 2251 unitatem,_
1585 2192 1700 2255 post
1741 2187 1992 2242 unionem
2033 2187 2266 2244 duarum
2307 2195 2626 2245 naturarum
2666 2187 2723 2240 in
2766 2187 2974 2244 Christo
3013 2187 3294 2247 resultasse
3327 2191 3602 2244 unitatem.

336 2281 626 2362 quamdam
651 2283 962 2340 substantiae
987 2279 1070 2336 vel
1096 2286 1326 2345 naturae,
1348 2279 1404 2340 id
1429 2288 1526 2341 est,
1549 2293 1656 2333 non
1682 2277 1786 2332 nisi
1813 2285 2086 2344 naturam,
2110 2293 2227 2348 qua:
2257 2287 2333 2333 est
2359 2277 2690 2350 Eutychiana
2719 2278 3040 2337 heresian
3063 2279 3244 2334 eodem
3269 2281 3591 2336 anathema-.

339 2385 492 2441 tismo
511 2381 668 2438 verba
695 2379 845 2444 illa,«
879 2377 973 2432 sed
1002 2373 1468 2439 subsistentiatem,
1491 2373 1599 2436 sive
1631 2371 1964 2444 personatem
1993 2373 2118 2435 dicit
2151 2375 2461 2439 unitatem,»
2483 2375 2642 2428 sinon
2658 2371 2840 2444 palam
2859 2373 3268 2438 Itwretica,sunt
3297 2381 3474 2429 tamen
3490 2377 3586 2430 ab-

337 2475 526 2539 surda,
551 2481 602 2530 et
635 2472 949 2546 impropria.
990 2469 1148 2524 Docet
1183 2469 1324 2524 enim
1352 2467 1484 2537 fides
1517 2467 1776 2523 catholica
1809 2471 2059 2525 unionem
2094 2471 2326 2526 duarum
2363 2480 2684 2526 naturarum
2721 2469 2778 2523 in
2818 2467 3026 2523 Christo
3063 2467 3506 2524 subsistentialem
3537 2479 3606 2524 ett

340 2565 676 2643 personalem
710 2581 842 2631 esse,
869 2564 998 2636 quia
1032 2564 1292 2624 uniuntur
1333 2562 1452 2622 dua:
1489 2569 1700 2626 natura:
1736 2563 1791 2621 in
1835 2579 1959 2628 una_
1981 2565 2318 2625 subsistentia
2354 2575 2412 2620 et.
2441 2563 2823 2642 personalitate
2861 2561 3213 2634 Verbi..(Yide
3249 2560 3308 2624 S.
3339 2545 3626 2629 Thomam.

341 2680 398 2723 tn
427 2667 596 2736 μανι,
627 2664 815 2732 qua’st.
841 2656 912 2724 2,,
927 2663 1033 2714 art.
1061 2654 1142 2726 2.)

1941 2785 2013 2802 ῃ

415 2853 472 2911 Si
501 2853 628 2925 (Illis
655 2849 950 2908 οοηῧιθιυι·
975 2848 1296 2907 ίηὯοιηίῐιο
1322 2855 1513 2904 ῐιοδῑτο
1533 2847 1663 2906 Iesu
1695 2849 1919 2905 Christo
1948 2859 1994 2913 A
2091 2853 2146 2910 Si
2176 2856 2302 2926 quis
2329 2855 2465 2912 dicit
2489 2854 2772 2912 Christum
2800 2867 3023 2925 passum
3050 2868 3238 2919 carne,
3261 2854 3433 2909 Deum
3457 2869 3611 2913 vero

344 2949 484 3004 duas
519 2955 748 3002 naturas
777 2943 983 3011 unitas,
1015 2943 1124 2998 hoc
1155 2940 1692 3006 est,.divinitatis.et
1721 2941 1918 2998 huma-

343 3039 556 3106 nitatis,
581 3053 647 3094 ac
677 3036 732 3093 si:
755 3051 919 3092 unam
949 3043 1205 3092 naturam
1233 3033 1332 3089 Dei
1357 3032 1522 3090 Verbi
1553 3034 1928 3101 incarnatam,-

345 3131 487 3187 sicut
515 3129 656 3186 duas,
681 3127 872 3184 unitas
895 3127 964 3182 inf
986 3140 1105 3182 una
1127 3125 1437 3182 substantia
1469 3133 1633 3196 atque
1663 3141 1919 3196 persona,

345 3221 654 3278 secundum
689 3218 838 3294 quod
872 3218 1037 3274 nobis
1069 3217 1299 3276 tradidit
1325 3217 1650 3277 veneranda
1679 3217 1929 3290 synodus

343 3311 842 3376 Chalcedonensis,
869 3311 1166 3368 anathema
1194 3309 1302 3370 sit.,

417 3404 476 3462 Si
513 3405 640 3476 quis
677 3421 788 3460 non
830 3402 1126 3460 conﬁtetur
1157 3401 1382 3472 preprie
1417 3413 1476 3457 et
1507 3413 1638 3456 vere
1681 3407 1925 3456 sanctam

347 3497 580 3556 Mariam
604 3497 712 3553 Dei.
729 3495 1093 3561 Genitrieem,
1121 3493 1219 3550 sed
1251 3501 1478 3565 propter
1503 3493 1772 3549 honorem
1803 3503 1927 3548 tan-

350 3591 468 3643 tum
501 3587 608 3644 hoc
638 3587 689 3643 ei
725 3601 927 3644 nomen
962 3584 1179 3646 tribuit,
1209 3584 1340 3655 quia
1373 3584 1591 3656 peperit
1644 3584 1926 3638 hominem

349 3677 448 3748 qui
491 3676 796 3734 secundum
845 3674 1077 3746 gratiam
1123 3673 1330 3730 dicitur
1371 3674 1546 3739 Deus,
1585 3687 1696 3727 non
1743 3679 1928 3726 autem

351 3769 484 3838 quia
507 3767 722 3838 peperit
745 3767 919 3822 Deum
947 3765 1291 3822 incarnatum
1319 3764 1675 3819 ethominem
1699 3763 1929 3830 factum,

351 3859 646 3916 anathema
673 3858 764 3914 sit.
1330 3854 1360 3889 κ

424 3949 480 4008 Si
523 3951 652 4021 quis
685 3965 797 4004 non
837 3948 1132 4005 confitetur
1164 3945 1586 4003 substantialem
1619 3945 1734 4000 sive
1767 3953 1931 4000 natu-

355 4045 528 4103 ralem
562 4042 852 4109 unitalem,
883 4039 1187 4098 secundum
1219 4039 1285 4093 id.
1301 4039 1448 4110 quod
1476 4053 1707 4094 manens
1734 4045 1932 4092 natura

355 4135 506 4193 Deus
553 4135 796 4191 Verbum
821 4142 1034 4188 natura:
1058 4139 1144 4189 est
1167 4131 1357 4186 unitus
1385 4130 1658 4195 humanas,
1682 4129 1776 4184 sed
1801 4128 1932 4184 sub-

357 4227 722 4284 sistentialem
768 4226 884 4282 sive
929 4223 1278 4297 personalem
1323 4221 1460 4280 dicit
1501 4221 1801 4284 unitatem,
1836 4229 1934 4279 aut

357 4319 664 4378 secundum
699 4317 1156 4381 illustrationem',
1187 4314 1304 4371 sive
1335 4313 1644 4372 secundum
1678 4312 1934 4370 dilectio-

359 4427 509 4476 nem,
535 4420 633 4467 aut
659 4409 965 4466 secundum
991 4407 1364 4472 affectionem,
1388 4407 1680 4462 anathema
1711 4405 1800 4460 sit.

434 4501 494 4560 Si
553 4502 680 4574 quis
756 4517 870 4556 non
931 4498 1248 4569 acquieseat
1331 4495 1585 4552 conﬁteri
1654 4495 1936 4550 Christum

362 4611 536 4652 unum
571 4595 639 4650 de
669 4593 975 4656 Trinitatc,
1001 4590 1166 4647 etiam
1200 4604 1327 4645 cum
1361 4601 1526 4643 carne
1559 4587 1812 4658 propria,
1843 4589 1938 4658 qui

364 4705 468 4762 pro
501 4687 663 4744 nobis
695 4702 890 4758 passus
921 4692 1007 4739 est
1040 4682 1096 4738 in
1132 4696 1319 4746 carne,
1349 4679 1600 4762 quamvis
1631 4679 1936 4735 secundum

364 4757 588 4837 carnem
636 4795 749 4834 non
795 4779 868 4835 sit
907 4776 977 4832 de
1021 4775 1330 4832 substantia
1371 4757 1690 4838 Trinitatis,
1723 4771 1818 4828 sed
1867 4771 1942 4826 sit

365 4873 512 4930 idem
539 4887 608 4928 ex
632 4870 822 4934 nobis,
855 4867 1149 4924 anathema
1174 4865 1266 4921 sit.

437 4967 496 5024 Si
531 4966 658 5038 quis
691 4979 924 5036 puerum
963 4961 1117 5016 illum
1162 4975 1333 5030 quem
1365 4966 1554 5014 sancta
1580 4957 1744 5028 Virgo
1772 4955 1939 5010 Maria

367 5060 588 5134 genuit,
625 5074 737 5114 non
783 5055 1080 5112 conﬁtetur
1122 5063 1330 5109 natura:
1371 5054 1576 5118 Deum,
1615 5067 1714 5122 per
1761 5049 1940 5119 ipsum

355 5155 514 5211 facta
547 5150 730 5208 omnia
759 5147 998 5204 visibilia
1029 5155 1086 5201 et
1114 5143 1438 5210 invisibilia,
1467 5142 1736 5206 cmlestia,
1765 5149 1942 5196 terre-

368 5247 526 5311 stria“,
545 5241 1029 5309 conditionemque
1055 5237 1324 5302 omnium,
1351 5237 1526 5293 Deum
1550 5234 1772 5300 fortem,
1797 5231 1947 5302 prin-

371 5337 551 5410 cipem
579 5333 753 5406 pacis,
781 5337 993 5402 patrem
1021 5326 1188 5382 futuri
1222 5326 1432 5395 sti-culi,
1461 5324 1752 5382 anathema
1779 5322 1872 5378 sit.

445 5486 512 5522 ³⁸⁸
541 5491 700 5549 Rom.
730 5509 782 5558 v,
824 5491 904 5545 l2.

2022 2961 2243 3018 passum
2278 2963 2446 3004 carne
2481 2947 2669 3004 dicere
2704 2961 2816 3002 non
2857 2945 3186 3016 acquiescit,
3219 2947 3370 3016 quod
3411 2947 3608 3016 ipsum

2021 3036 2369 3108 intelligitur,
2393 3036 2676 3093 Christum
2709 3050 2932 3106 passum
2965 3050 3152 3099 carne,
3177 3035 3466 3090 anathema
3498 3037 3592 3092 sit;

2093 3127 2148 3184 Si
2178 3129 2304 3198 quis
2329 3127 2490 3182 dicit:
2516 3128 2662 3183 Dens
2689 3141 2804 3182 non
2830 3133 2915 3182 est
2938 3126 3115 3180 factus
3141 3125 3416 3194 Christus,
3435 3127 3614 3184 Chrie.

2023 3227 2141 3276 stus
2169 3228 2354 3275 autem
2379 3219 2730 3276 Deuslactus
2755 3224 2872 3284 est,
2897 3217 3186 3273 anathema
3217 3217 3312 3273 sit.

2095 3312 2150 3368 Si
2193 3313 2320 3385 quis
2365 3327 2476 3370 non
2515 3311 2816 3368 conﬁtetur
2850 3311 2992 3366 duas
3031 3309 3349 3365 nativitates
3390 3309 3446 3364 in
3487 3327 3616 3367 uno-

2024 3405 2165 3460 Filio
2193 3405 2312 3473 Dei,
2341 3406 2456 3460 Deo
2486 3403 2693 3470 Verbo,
2720 3411 2848 3460 ante
2878 3401 3079 3457 saecula
3105 3399 3331 3470 quidem
3367 3409 3496 3454 nato
3527 3400 3613 3455 de.

2024 3498 2209 3564 Patre,
2242 3499 2298 3553 in
2337 3497 2652 3554 novissimis
2690 3503 2878 3551 autem
2916 3491 3260 3563 temporibus
3295 3491 3491 3548 eodem
3530 3491 3606 3548 de

2025 3599 2202 3646 matre
2230 3591 2440 3662 genito,
2468 3589 2757 3645 anathema
2783 3587 2876 3643 sit.

2098 3680 2154 3737 Si
2181 3681 2308 3752 quis
2329 3697 2440 3738 non
2465 3679 3152 3752 confitetur-compositum
3173 3678 3453 3734 Christum
3479 3681 3612 3746 post-

2029 3773 2490 3837 incarnationem,
2519 3773 2810 3828 anathema
2837 3773 2930 3827 sit.

2101 3863 2156 3919 Si
2178 3863 2303 3934 quis
2327 3862 2444 3936 (ait)
2467 3864 2718 3918 naturale
2736 3877 2856 3918 esse
2879 3869 3186 3932 peccatum,
3208 3858 3420 3930 peccati
3469 3872 3606 3912 cau-

2031 3972 2146 4012 sam
2203 3967 2530 4012 naturarum
2592 3954 2866 4012 conditori
2929 3953 3220 4010 dementer
3285 3949 3615 4015 ascribens,

2031 4051 2320 4106 anathema
2351 4051 2447 4106 sit.
2569 4049 2584 4107 l

2105 4143 2162 4198 Si
2203 4141 2340 4213 quis
2368 4157 2478 4198 non
2525 4141 2824 4199 conﬁtetur
2865 4139 3130 4212 originale
3177 4144 3462 4208 peccatum
3506 4149 3612 4206 per

2033 4234 2543 4307 praevaricationem
2589 4233 2720 4288 Ada:
2757 4234 3064 4303 ingressum
3110 4230 3167 4284 in
3207 4227 3475 4284 mundum
3519 4240 3609 4280 se-

2035 4326 2278 4382 cundum
2307 4325 2555 4396 Apostoli
2581 4341 2770 4381 vocem
2796 4324 3033 4380 dicentis
3063 4339 3078 4375 :
3119 4321 3220 4376 Per
3249 4335 3413 4372 unum
3437 4319 3609 4372 homi-

2038 4435 2159 4472 nem
2192 4429 2464 4490 peccatum
2505 4418 2736 4472 intrauit
2772 4419 2828 4471 in
2875 4415 3152 4474 mundum,
3196 4420 3258 4466 et
3280 4427 3375 4481 per
3423 4425 3598 4478 pecca-

2038 4517 2152 4563 tum
2197 4516 2432 4571 mors,et
2482 4509 2558 4562 ita
2588 4509 2642 4561 in
2688 4523 2868 4560 omnes
2914 4505 3148 4558 homines
3169 4499 3529 4572 pertransivit,
3551 4497 3610 4550 in

2038 4618 2140 4673 quo
2174 4617 2353 4656 omnes
2380 4607 2729 4670 peccaverunt
2759 4598 2848 4661 ¹⁸⁴,
2875 4595 3168 4650 anathema
3198 4593 3290 4648 sit.
3526 4586 3530 4590 ’

2113 4695 2248 4748 Item
2283 4710 2296 4746 :
2323 4690 2864 4748 Anathematizamus
2888 4701 3106 4742 omnem
3136 4696 3358 4740 sensum
3385 4677 3611 4749 Pelagii,

2045 4799 2102 4847 et
2138 4789 2414 4855 leestii,
2448 4798 2506 4843 et
2545 4787 2790 4842 omnium
2837 4783 2932 4854 qui
2979 4781 3086 4836 illis
3127 4779 3326 4835 similia
3366 4775 3614 4846 sapiunt,

2046 4879 2412 4950 suscipientes
2457 4877 2642 4932 omnia
2685 4890 2808 4944 quae
2852 4873 2909 4928 in
2959 4870 3195 4926 diversis
3241 4868 3379 4923 locis
3423 4873 3617 4920 contra

2046 4973 2196 5042 ipsos
2227 4979 2350 5026 acta
2382 4977 2592 5025 suntet
2620 4967 2824 5038 scripta
2857 4981 2887 5020 a
2919 4963 3250 5035 praesulibus
3307 4955 3619 5030 apostolicae

2045 5063 2236 5128 Sedis,
2265 5063 2319 5117 id
2346 5071 2452 5124 est,
2470 5059 2816 5125 lnnoeentio,
2841 5055 3145 5117 Bonifacio,
3165 5052 3410 5110 Zosimo,
3437 5047 3618 5104 lee-
3655 5055 3664 5064 '

2048 5155 2218 5219 stino,
2247 5153 2450 5217 Leone,
2477 5150 2660 5206 Attico
2695 5149 2862 5204 etiam
2900 5140 3532 5212 Constantinopolitano,
3565 5145 3620 5192 et

2050 5245 2379 5318 Augustino,
2409 5243 2507 5316 (et)
2539 5241 2809 5298 Africanae
2841 5237 3135 5310 provincia:
3160 5231 3454 5304 episcopis.
