3952 6136
295 267 360 330 89
1263 259 1497 320 RATIO
1515 252 1872 322 ἈΒΗΝΑΤῙ

1948 261 2060 323 vis
2096 263 2330 326 VERBI
2369 262 2527 324 DEI.
2562 233 2576 244 ”
3445 264 3512 327 se

295 471 3484 500 "um

1620 634 2164 726 EJUSDEM

952 847 1326 980 ALIA
1412 853 1836 978 FIDEI

1841 1105 1916 1118 ῃ

1933 853 2850 984 PBOFESSIO.

345 1244 435 1300 Est
457 1244 604 1300 Deus
632 1205 815 1311 Pater,
837 1243 984 1300 Deus
1015 1244 1205 1310 Filius,
1227 1245 1376 1300 Deus
1403 1241 1570 1299 etiam
1596 1239 1837 1310 Spiritus
1866 1239 1913 1297 Α
1939 1238 2220 1296 Christum
2283 1239 2480 1296 Filium
2540 1240 2782 1296 hominis
2845 1241 2962 1295 sive
3023 1239 3302 1294 hominem
3324 1281 3339 1305 ,
3393 1253 3520 1300 ante

281 1342 510 1399 Sanctus,
540 1349 655 1389 non
696 1343 830 1400 tres,
860 1334 956 1389 sed
1002 1350 1145 1390 unus
1183 1335 1350 1399 Deus,
1383 1349 1493 1388 una
1538 1329 1842 1388 substantia

279 1423 386 1480 sive
411 1431 648 1490 natura,
675 1440 782 1479 una
817 1425 1119 1495 sapientia,
1150 1441 1258 1479 una
1288 1425 1494 1490 virtus,
1523 1438 1634 1476 una
1663 1420 1841 1475 domi-

279 1513 438 1578 natio,
458 1528 632 1568 unum
659 1530 910 1586 regnum,
931 1531 1044 1570 una
1067 1513 1487 1585 omnipotentia,
1511 1527 1621 1567 una
1648 1510 1842 1582 gloria,

279 1612 385 1662 tres
423 1614 611 1662 tamen
642 1607 1016 1663 subsistentia;
1047 1607 1162 1662 sive
1193 1621 1459 1677 personae.
1491 1605 1844 1674 Unaqumque

277 1709 512 1765 persona.
548 1698 1080 1754 incommutabiliter
1128 1711 1347 1768 semper
1389 1696 1650 1750 obtinens
1693 1690 1842 1762 quod

274 1787 552 1857 proprium
575 1798 680 1855 est,
707 1789 779 1843 ita
807 1797 867 1844 ut
889 1805 993 1844 nec
1014 1789 1175 1843 Pater
1196 1787 1270 1842 sit
1293 1787 1466 1842 Filius
1487 1795 1582 1841 aut
1605 1784 1845 1854 Spiritus

273 1886 511 1943 sanctus,
544 1894 648 1933 nec
681 1879 852 1938 Filius
887 1879 960 1934 sit
996 1879 1160 1932 Pater
1191 1887 1288 1931 aut
1320 1877 1563 1945 Spiritus
1600 1883 1842 1938 sanctus,

270 1979 368 2020 nec
421 1967 665 2037 Spiritus
709 1981 937 2024 sanctus
979 1969 1144 2022 Pater
1187 1969 1259 2021 sit
1301 1974 1394 2021 aut
1438 1967 1626 2020 Filius.
1675 1965 1850 2019 Filius

267 2065 476 2122 autem,
507 2057 673 2128 538
707 2059 762 2112 id
797 2068 901 2124 est,
929 2058 1176 2114 Verbum
1197 2058 1292 2114 Dei
1332 2057 1650 2128 unigenitus
1683 2057 1846 2120 Deus,

267 2149 761 2205 consubstantialis
799 2151 981 2215 Patri,
1017 2165 1246 2206 manens
1295 2150 1352 2204 in
1401 2149 1622 2219 propria
1667 2147 1848 2203 subsi-

269 2241 470 2295 stentia
517 2241 682 2306 Deus,
713 2241 770 2296 in
819 2241 1139 2298 novissimis
1184 2241 1380 2297 diebus
1428 2257 1497 2296 ex
1540 2241 1850 2295 visceribus

269 2329 439 2386 heatze
469 2331 713 2402 Virginis
743 2331 932 2388 Maria:
961 2341 1219 2388 naturam
1251 2333 1497 2402 suscepit
1527 2333 1847 2395 humanam,

271 2429 324 2477 et
350 2423 455 2478 sibi
487 2439 711 2479 carnem
738 2425 1079 2492 coadunans,
1105 2425 1273 2480 homo
1301 2425 1480 2480 factus
1508 2433 1612 2490 est,
1640 2425 1848 2481 habens

275 2516 506 2588 animam
536 2517 860 2574 rationalem
885 2518 972 2573 vel
998 2517 1448 2573 intellectualem.
1477 2517 1844 2584 Quamobrem

275 2601 552 2664 fatendum
605 2619 692 2664 est
743 2610 917 2665 Deum
968 2618 1160 2664 natum
1206 2624 1276 2664 ex
1313 2608 1552 2672 femina,
1595 2625 1706 2664 non
1753 2625 1844 2665 se-

278 2701 512 2756 cundum
548 2701 920 2766 divinitatem,
953 2701 1059 2756 sed
1084 2701 1390 2756 secundum
1423 2701 1844 2768 humanitatem,

278 2791 443 2846 Deum
488 2793 546 2848 in
579 2792 739 2847 cunis
761 2791 1020 2862 iacuisse,
1045 2806 1376 2860 pannosum,
1403 2791 1662 2846 sordibus
1692 2792 1850 2847 invo-

277 2882 466 2948 lutum,
493 2881 757 2939 crevisse”
770 2891 826 2938 et
854 2882 1156 2953 profecisse
1185 2891 1347 2938 aetate
1380 2891 1440 2938 et-
1463 2883 1730 2953 sapientia
1763 2898 1850 2939 se-

279 2977 509 3032 cundum
541 2977 965 3042 humanitatem,
988 2990 1101 3030 non
1129 2976 1431 3033 secundum
1457 2976 1802 3032 divinitatem
1831 2996 1844 3032 :

277 3067 438 3123 Deum
465 3069 735 3132 esurisse,
763 3067 968 3133 sitisse,
991 3068 1196 3123 lassum
1223 3083 1291 3143 ex
1321 3068 1518 3124 itinere
1545 3069 1844 3138 quievisse,

278 3174 378 3214 non
410 3161 721 3215 secundum
756 3159 1140 3226 divinitatem,
1173 3159 1270 3216 sed
1308 3161 1614 3216 secundum
1648 3162 1847 3217 huma-

281 3251 500 3307 nitatem
555 3270 568 3306 :
616 3254 791 3308 Deum
837 3253 1296 3323 comprehensum
1342 3255 1602 3309 manibus
1648 3255 1847 3326 impio—

283 3359 426 3410 rum,
479 3344 834 3416 judicatum,
887 3344 1242 3411 damnatum,
1293 3345 1654 3412 crucifixum,
1703 3347 1850 3403 latus

281 3432 456 3488 lancea
492 3432 855 3504 perforatum,
886 3449 996 3488 non
1031 3433 1335 3490 secundum
1369 3435 1850 3502 divinitatem,sed

283 3525 577 3580 secundum
597 3525 995 3580 humanitatem
1021 3543 1034 3579 :
1055 3526 1231 3581 Deum
1259 3534 1556 3592 mortuum,
1572 3529 1850 3596 sepultum

287 3614 790 3679 resurrexisse,non
816 3614 1119 3669 secundum
1143 3614 1514 3679 divinitatem,
1534 3615 1630 3670 sed
1657 3632 1855 3672 secun-

286 3703 406 3777 dum
445 3705 850 3761 humanitatem
888 3724 902 3761 :
935 3707 1107 3762 Deum
1141 3722 1268 3762 cum
1305 3707 1422 3777 ipsa
1457 3723 1623 3763 carne
1656 3723 1853 3764 ascen-

285 3775 419 3849 (ἥξω
458 3795 518 3849 in
557 3796 778 3862 cmlum,
812 3797 1019 3852 sedisse
1056 3796 1130 3851 ad
1161 3775 1446 3852 dexteram
1487 3799 1688 3863 Patris,
1725 3799 1852 3856 inde

1943 1331 2140 1386 sarcula
2173 1332 2241 1386 de
2273 1332 2434 1387 Patre
2463 1341 2654 1387 natum
2689 1347 2860 1386 unum
2893 1348 2962 1385 ex
2994 1331 3289 1396 Trinitate,
3316 1339 3370 1386 et
3395 1346 3519 1400 per-

1931 1422 2444 1491 ipsuml’actaomnia
2471 1423 2709 1478 visibilia
2737 1431 2796 1478 et
2817 1423 3140 1488 invisibilia,
3167 1431 3223 1477 et
3249 1423 3368 1477 sine
3402 1425 3522 1492 ipso

1942 1508 2149 1565 factum
2189 1527 2310 1567 esse
2350 1513 2510 1576 nihil,
2538 1529 2648 1568 non
2692 1523 2874 1568 tamen
2918 1513 3221 1568 secundum
3263 1513 3519 1566 humani—

1946 1609 2144 1669 tatem,
2178 1603 2273 1657 sed
2313 1605 2619 1662 secundum
2651 1606 2996 1659 divinitatem
3038 1621 3054 1671 ;
3087 1604 3236 1658 hunc
3264 1603 3520 1658 eumdem

1944 1694 2226 1749 hominem
2257 1709 2376 1750 esse
2406 1697 2575 1750 vitam
2609 1705 2901 1758 aeternam,
2935 1695 3293 1764 sapientiam,
3327 1705 3384 1748 et
3415 1695 3527 1748 vir-

1943 1793 2120 1842 tutem
2151 1785 2357 1852 Patris,
2387 1804 2496 1841 non
2537 1797 2718 1842 tamen
2752 1787 3058 1842 secundum
3092 1787 3522 1851 humanitatem,

1944 1878 2040 1933 sed
2072 1879 2375 1932 secundum
2393 1879 2736 1932 divinitatem
2760 1896 2774 1944 ;
2794 1879 2942 1932 hunc
2966 1877 3220 1933 eumdem
3244 1877 3525 1931 hominem

1945 1983 2068 2023 esse
2109 1969 2338 2039 ﬁguram
2379 1970 2706 2024 substantia:
2747 1970 2863 2024 sive
2905 1969 3200 2038 imaginem
3239 1968 3438 2032 Patris,
3472 1975 3529 2022 et

1948 2061 2354 2115 emanationem
2393 2061 2662 2115 claritatis
2700 2061 2820 2126 Dei,
2850 2075 2959 2115 non
3003 2070 3184 2114 tamen
3223 2059 3526 2114 secundum

1949 2151 2384 2218 humanitatem,
2423 2153 2518 2208 sed
2563 2151 2868 2208 secundum
2909 2152 3279 2207 divinitatem.
3317 2151 3531 2206 Rursus

1949 2245 2248 2300 dicendum
2283 2251 2369 2300 est
2401 2259 2552 2307 cum,
2583 2245 2680 2314 qui
2712 2252 2798 2298 est
2827 2245 2938 2298 vita
2967 2251 3202 2308 aeterna,
3229 2241 3530 2312 sapientia,

1947 2336 2130 2391 virtus
2158 2335 2358 2400 Patris,
2386 2345 2576 2390 natum
2610 2335 2916 2390 secundum
2948 2350 3174 2389 carnem
3207 2349 3271 2387 ex
3301 2333 3534 2397 femina,

1948 2427 2118 2481 vitam
2143 2433 2425 2491 aeternam,
2452 2427 2772 2495 sapientiam
2802 2435 2859 2480 et
2880 2425 3142 2479 virtutem
3171 2424 3369 2489 Patris,
3395 2439 3530 2494 pan.

1948 2517 2038 2574 nis
2080 2517 2391 2572 involutum
2439 2519 2494 2572 in
2535 2517 2695 2572 cunis
2731 2517 2998 2588 iacuisse,
3032 2516 3202 2570 vitam
3243 2523 3527 2580 mternam,

1953 2610 2278 2682 sapientiam
2306 2619 2366 2666 et
2388 2611 2653 2665 virtutem
2682 2607 2884 2673 Patris,
2911 2623 3156 2678 passum,
3181 2605 3528 2672 cruciﬁxum,

1947 2711 2228 2757 mortuum
2276 2701 2585 2757 secundum
2633 2715 2877 2756 carnem.
2909 2700 3041 2766 Qua:
3088 2715 3215 2753 cum
3267 2699 3340 2752 ita
3388 2697 3530 2763 sint,

1946 2806 2110 2846 nemo
2143 2799 2326 2862 potest
2352 2805 2476 2847 esse
2508 2789 2844 2853 catholicus,
2876 2787 2982 2842 nisi
3013 2788 3108 2857 qui
3138 2787 3194 2840 in
3222 2785 3404 2840 Verbo
3432 2787 3529 2841 Dei

1947 2883 2090 2937 Filio
2125 2883 2434 2953 unigenito,
2461 2882 2600 2938 duas
2638 2881 2807 2936 fuerit
2842 2879 3124 2950 professus
3157 2888 3284 2949 post
3318 2878 3530 2934 aduna-

1950 2974 2155 3029 tionem
2186 2989 2404 3044 semper
2434 2971 2898 3028 indissolubiliter
2930 2985 3154 3026 manere
3189 2979 3439 3035 naturas,
3476 2970 3529 3025 id

1948 3076 2054 3132 est,
2081 3067 2243 3123 Verbi
2281 3076 2339 3122 et
2367 3067 2573 3133 carnis,
2599 3066 2696 3120 Dei
2733 3071 2790 3119 et
2820 3064 3096 3126 hominis,
3127 3062 3439 3117 divinitatis
3475 3072 3529 3117 et

1950 3159 2331 3214 humanitatis.
2361 3157 2499 3225 Quia
2527 3158 2673 3214 sicut
2697 3172 2842 3212 unus
2870 3155 2937 3211 de
2967 3155 3233 3210 Trinitate
3261 3163 3364 3220 est,
3393 3163 3448 3209 et
3477 3154 3531 3208 in

1949 3251 2224 3323 principio
2260 3251 2498 3306 Verbum
2526 3251 2674 3304 Deus
2703 3257 2809 3314 est,
2837 3250 2912 3303 ita
2947 3247 3111 3303 etiam
3149 3247 3295 3301 idem
3317 3246 3434 3316 ipse
3465 3261 3530 3300 ex

1948 3344 2112 3399 nobis
2150 3351 2256 3407 est,
2293 3343 2460 3397 homo
2500 3341 2782 3412 perfectus
2821 3349 2879 3395 et
2917 3355 3103 3394 verus.
3139 3337 3241 3404 Qui
3281 3338 3427 3391 enim
3465 3351 3530 3390 cx

1948 3431 2153 3486 lumbis
2181 3431 2420 3486 Abrahae
2448 3439 2506 3484 et
2536 3446 2605 3485 ex
2636 3431 2848 3484 semine
2875 3427 3047 3482 David
3083 3441 3222 3496 puer
3249 3424 3412 3480 datus
3444 3434 3528 3479 est

1949 3524 2133 3588 nobis,
2155 3525 2302 3578 Deus
2330 3522 2454 3577 caeli
2483 3529 2590 3585 est,
2619 3529 2677 3576 et
2701 3520 2962 3590 princeps
2992 3517 3165 3588 pacis,
3190 3524 3245 3571 ct
3273 3516 3396 3570 ideo
3422 3531 3538 3570 non

1952 3615 2096 3677 duae,
2121 3612 2217 3667 sed
2244 3627 2351 3665 una
2377 3610 2581 3667 Christi
2612 3624 2848 3680 persona
2873 3617 2978 3672 est,
3002 3607 3132 3678 quia
3158 3621 3320 3660 nemo
3343 3621 3523 3660 ascen-

1953 3703 2036 3758 dit
2071 3703 2129 3757 in
2167 3703 2398 3768 caelum,
2436 3701 2542 3756 nisi
2585 3700 2679 3770 qui
2717 3699 2786 3753 de
2825 3697 2966 3753 ctelo
3005 3695 3324 3760 descendit,
3360 3694 3532 3750 Filius

1954 3795 2224 3858 hominis,
2256 3795 2350 3868 qui
2392 3802 2478 3849 est
2514 3793 2568 3847 in
2611 3793 2784 3856 caelo,
2814 3792 2976 3847 Jesus
3021 3789 3276 3846 Christus
3313 3788 3432 3843 hcri
3477 3797 3529 3843 et

289 3899 495 3941 rursum
523 3901 650 3941 cum
677 3887 792 3957 ipsa
819 3902 984 3943 carne
1009 3887 1066 3942 in
1090 3887 1264 3959 gloria
1285 3897 1580 3945 venturum
1600 3891 1850 3962 judicare
1877 3909 1921 3968 ε
1953 3890 2138 3957 hodie,
2161 3889 2276 3962 ipse
2305 3897 2362 3943 et
2393 3887 2446 3946 in
2477 3886 2692 3942 sazcula.

285 3974 428 4034 vivos
459 3986 516 4033 et
546 3987 818 4034 mortuos.
851 3979 1067 4036 Rursus
1105 3979 1479 4050 proﬁtendum
1519 3991 1633 4048 est,
1660 3982 1849 4038 Jcsum

303 4169 3508 4201 mw

1096 4348 1812 4480 EJUSDEM
1923 4345 2719 4473 MAXENTII

402 4597 1231 4738 ADUNATIQNIS
1287 4602 1648 4697 VERBI
1729 4599 1929 4688 DEI
2009 4601 2157 4689 AD
2219 4592 2842 4691 PBOPRIAM
2917 4589 3399 4683 CARNEM

1755 4791 2028 4854 RATIO.

357 5091 525 5149 Filius
573 5091 672 5148 Dei
725 5091 962 5147 Verbum
1000 5091 1200 5156 Patris,
1255 5107 1401 5148 unus
1439 5106 1507 5145 ex
1550 5091 1850 5157 Trinitate,
1880 5094 1927 5150 ι)
1956 5099 2150 5146 natura
2173 5091 2318 5146 Deus
2339 5087 2506 5143 homo
2531 5085 2710 5143 factus
2731 5091 2840 5151 est,
2861 5083 3074 5138 habens
3098 5081 3339 5137 animam
3364 5079 3535 5135 ratio~

289 5185 769 5241 eonsnbstantialis
802 5184 982 5256 Patri,
1016 5191 1181 5240 natus
1213 5185 1283 5240 de
1316 5186 1431 5240 Deo
1464 5191 1594 5240 ante
1629 5185 1856 5251 sarcula,

289 5262 591 5335 subsistens
629 5277 684 5332 in
723 5277 948 5348 propria
985 5292 1218 5348 persona
1254 5277 1406 5332 Deus
1445 5276 1502 5330 in
1540 5275 1860 5330 novissimis

291 5372 624 5440 temporibus
655 5385 785 5425 mox
817 5369 963 5424 inter
996 5368 1426 5440 evangelizantis
1459 5367 1639 5437 angeli
1665 5367 1856 5429 verba,

291 5467 346 5512 et
371 5459 831 5514 accommodantis
855 5458 1084 5530 virginis
1117 5457 1277 5512 ﬁdem
1293 5498 1308 5522 ,
1333 5454 1569 5526 propriis
1598 5455 1858 5525 potentia:

293 5547 513 5615 virtute,
538 5567 604 5606 ex
631 5551 940 5609 visceribus
968 5550 1216 5622 ejusdem
1242 5548 1474 5620 virginis
1501 5545 1857 5602 sinesemine

297 5637 402 5694 viri
443 5656 661 5699 carnem
706 5643 813 5699 sibi
861 5642 1212 5709 coadnnans,
1257 5653 1486 5695 manens
1530 5641 1587 5693 in
1634 5637 1856 5706 propria

1953 5183 2136 5240 nalcm
2164 5183 2279 5237 sive
2305 5179 2760 5244 intellectualem,
2783 5185 2839 5233 et
2863 5176 2938 5231 ita
2961 5175 3237 5245 completo
3264 5182 3532 5242 tempore,

1953 5273 2263 5329 secundum
2293 5273 2468 5343 legem
2497 5271 2754 5326 humana:
2775 5276 2987 5324 naturae
3014 5265 3286 5336 processit
3309 5265 3378 5320 de
3409 5264 3533 5318 tha-

1953 5363 2100 5418 lamo
2125 5362 2403 5433 virginali.
2431 5359 2545 5416 Hac
2570 5359 2641 5414 de
2668 5373 2836 5413 causa
2864 5355 3153 5419 naturalis,
3175 5369 3285 5407 non
3312 5351 3534 5408 socialis

1956 5453 2218 5507 adunatio
2251 5453 2366 5508 sive
2401 5450 2580 5506 unitio
2617 5449 2673 5502 in
2705 5447 2930 5503 Christo
2961 5445 3269 5500 rectissime
3302 5441 3529 5499 dicitur,

1954 5545 2084 5614 quia
2121 5562 2227 5599 non
2279 5544 2430 5599 carni
2481 5541 2729 5598 formata:
2777 5547 2873 5592 aut
2915 5537 3168 5590 animata:
3197 5574 3212 5598 ,
3238 5529 3384 5600 quod
3419 5529 3532 5598 jam

1961 5637 2200 5692 hominis
2266 5635 2562 5708 cuiuslibet
2621 5637 2802 5703 potest
2840 5629 3218 5683 demonstrare
3276 5636 3530 5695 persona,

2274 5747 2304 5762 κ
