3952 6136
383 193 450 264 91
1632 196 1872 264 IOAN-N
1877 197 1952 258 IS
1990 197 2373 260 MAXENTII

3562 199 3638 264 92

365 310 628 368 ~Verbum
659 323 718 364 se
744 305 1176 364 univirin'utero
1190 306 1452 378 Virginis,
1469 307 1650 364 sede:
1686 310 1820 380 ipsis
1836 311 1958 382 ejus
1986 315 2030 372 A
2057 321 2175 380 est;
2206 311 2303 368 sed
2339 311 2447 366 hoc
2479 308 2574 380 qui
2609 308 2824 376 dicunt,
2853 323 3046 366 errore
3075 307 3636 368 Nestoriitraducum

381 401 692 462 visceribus
713 400 992 473 Sapientia
1020 401 1126 456 sibi
1155 401 1379 457 domum
1406 401 1714 458 aediﬁcavit.
1733 403 1954 474 Alioqui

381 497 430 554 si
467 497 714 554 formatae
755 503 854 552 aut
873 493 1127 548 animata:
1168 493 1322 548 carni
1367 501 1544 548 semet
1572 493 1814 549 Verbum
1855 494 1954 550 Dei

383 587 618 644 inseruit
650 586 709 640 in
739 593 901 640 utero
929 584 1214 654 virginali,
1245 598 1356 638 non
1383 583 1498 654 jam
1528 584 1828 649 naturalis,
1856 586 1954 642 sed

383 675 648 732 societate
681 673 800 728 haec
838 671 1024 741 potius
1057 670 1234 725 unitio
1269 670 1386 726 sive
1417 670 1682 726 adunatio
1721 670 1964 732 dicenda

385 777 472 824 est
501 785 515 821 :
547 781 652 822 nec
678 778 922 836 persona
947 763 1114 818 Verbi
1147 763 1216 818 ad
1246 771 1498 818 naturam
1516 764 1723 831 carnis,
1755 765 1852 820 sed
1885 766 1955 822 ad

385 873 679 934 personam
719 855 964 924 alicujus.
999 853 1242 914 hominis
1281 855 1633 912 concurrisse
1678 855 1964 914 credenda

2063 416 2174 463 tur.
2199 407 2481 464 Catholica
2513 415 2695 468 autem
2730 405 2868 461 ﬁdes
2897 421 3007 460 non
3046 418 3339 475 personam
3365 401 3530 460 Verbi
3563 403 3632 460 ad

2059 515 2352 571 personam
2379 499 2612 570 alicujus
2633 499 2745 570 jam
2773 496 2992 552 formati
3019 495 3284 560 hominis,
3313 495 3409 548 sed
3437 495 3505 550 ad
3537 511 3633 551 na-

2060 597 2240 644 turam
2271 590 2454 644 carnis
2483 589 2809 644 convenisse
2837 587 3016 642 credit
3040 595 3096 641 ct
3119 585 3400 656 praedicat,
3424 594 3480 640 et
3505 586 3645 642 idea;

2060 697 2174 736 non
2222 680 2531 746 socialem,
2558 678 2658 737 scd
2703 679 3012 736 naturalem
3061 675 3259 731 factam
3307 675 3470 731 docet
3510 690 3632 732 esse

2059 771 2402 830 unitionem.

398 1053 3584 1078 W

1317 1217 2192 1348 HORMISDAB’,
2277 1213 2731 1344 PAPI-E

997 1455 1153 1558 AD
1254 1465 2082 1566 POSSESSOREM
2169 1465 2754 1560 EPISTULA
2855 1462 2982 1556 (ηε.

1295 1655 1714 1720 Dilectissimo
1748 1659 1948 1734 fratri
1981 1657 2344 1722 Possessori
2373 1657 2749 1722 Hormisda...

453 1956 612 2012 Sicut
631 1955 844 2011 rationi:
863 1955 1121 2026 congruit
1157 1964 1227 2012 ut
1265 1957 1559 2012 consulant
1581 1957 1948 2030 ambigentes,
1982 1961 2030 2020 Β·
2052 1955 2267 2013 liditate
2296 1955 2599 2022 versutias,
2629 1961 2686 2010 et
2719 1954 2824 2010 sub
2859 1954 3150 2026 religionis
3189 1957 3424 2016 obtentu
3454 1959 3634 2018 famu-

382 2047 458 2104 ita
487 2063 588 2120 par
609 2055 695 2104 est
720 2048 1056 2119 respondere
1083 2049 1387 2114 consultos,
1412 2051 1542 2120 quia
1573 2050 1689 2120 ipse
1721 2050 1955 2120 impellit

381 2139 442 2196 in
464 2155 735 2206 errorem,
753 2139 858 2212 qui.»
887 2156 1000 2195 non
1020 2140 1628 2212 instruitignorantem.
1657 2141 1771 2196 Nec
1787 2141 1953 2211 quid-

379 2247 546 2302 quam
563 2240 650 2288 est
671 2231 1116 2302 aptiusstudioso
1142 2231 1446 2300 religionis,
1465 2246 1630 2301 quam
1665 2229 1954 2300 inquisitio

377 2321 662 2386 veritatis,
717 2320 939 2391 quando
977 2319 1196 2376 facilius
1234 2320 1457 2376 devium
1516 2320 1683 2385 vitat,
1715 2319 1808 2390 qui
1849 2319 1956 2374 iter

379 2411 528 2483 quod
563 2411 848 2482 gradiatur
880 2419 1056 2481 rogat.
1087 2410 1194 2466 Sed
1229 2411 1548 2480 priusquam
1582 2408 1962 2482 respondendi-

379 2516 574 2560 curam
625 2500 694 2556 de
721 2501 809 2556 his
833 2517 956 2572 qua:
979 2501 1205 2556 dilectio
1235 2507 1327 2555 tua
1357 2509 1716 2572 percontatur
1765 2516 1958 2572 aggre-
1993 2547 2005 2552 _

381 2594 531 2660 diar,
564 2595 804 2649 libenter
839 2593 897 2648 in
937 2591 1140 2648 litteris
1185 2591 1297 2648 tuis
1338 2591 1466 2646 ﬁdei
1510 2601 1616 2648 tute
1656 2608 1749 2648 me
1778 2591 1957 2648 fateor

383 2685 662 2741 'mvenisse
696 2683 1004 2749 fervorem,
1034 2685 1192 2754 cujus
1227 2683 1410 2738 calore
1445 2699 1777 2750 succensus,
1805 2685 1958 2740 redi-

380 2778 564 2832 vivam
613 2777 670 2830 in
719 2776 834 2832 illis
883 2774 1133 2846 partibus
1181 2773 1488 2830 inﬁdelium
1535 2775 1957 2846 perversitatem

381 2867 566 2940 vigere
588 2866 856 2938 suspiras.
889 2865 1254 2936 Dignissimus
1285 2863 1468 2929 dolor,
1501 2865 1598 2935 qui
1631 2865 1818 2921 dedita
1845 2867 1959 2923 Deo

379 2959 551 3015 corda
577 2959 889 3014 contristat.
912 2954 1026 3010 Nec
1053 2955 1200 3010 enim
1227 2962 1312 3010 est
1334 2953 1480 3024 apud
1509 2969 1606 3009 eos
1631 2953 1819 3024 lapsus
1842 2953 1960 3008 illa-

381 3050 718 3114 mentabilis,
738 3049 884 3118 apud
909 3063 1053 3119 quos
1072 3053 1157 3102 est
1183 3045 1457 3118 igniculus
1481 3045 1806 3112 charitatis;
1829 3045 1958 3116 quia

383 3159 558 3198 unum
589 3141 920 3212 Spiritalium
945 3149 1137 3194 votum
1166 3146 1251 3194 est
1298 3139 1450 3194 salus
1473 3137 1800 3195 inconcussa
1825 3154 1963 3194 cun-

383 3239 620 3288 ctorum.
649 3232 755 3288 Sed
788 3249 898 3290 non
927 3239 1011 3288 est
1040 3231 1225 3301 ignota
1256 3229 1514 3286 Ecclesia:
1543 3230 1640 3285 Dei
1667 3229 1736 3286 de
1761 3230 1960 3302 hujus-

385 3325 531 3378 modi
564 3324 840 3392 procellis,
873 3331 972 3377 aut
1025 3322 1241 3378 insueta
1279 3328 1596 3391 tempestas,
1619 3329 1678 3376 et
1709 3323 1959 3392 quamvis
1985 3306 2028 3364 ο

385 3415 640 3470 Hectoris
657 3413 742 3469 sui
760 3413 1136 3484 gubernaculo
1150 3413 1481 3468 inconcussa
1496 3411 1775 3482 persistat,
1792 3411 1963 3467 variis

389 3513 571 3560 tamen
603 3505 1005 3576 insurgentium
1033 3503 1300 3559 ﬂuctuum
1331 3502 1544 3558 laborat
1571 3511 1763 3559 vexata
1791 3503 1964 3557 turbi-

385 3595 570 3650 nibus.
597 3595 732 3648 Nam
763 3594 912 3649 unde
941 3601 1026 3650 est
1053 3595 1360 3664 psalmidici
1399 3609 1506 3650 vox
1533 3595 1842 3665 prOphetae,
1865 3594 1964 3664 qui

386 3685 559 3756 ipsius
578 3684 836 3741 Ecclesiae
857 3700 1146 3755 personam
1174 3685 1383 3756 Spiritu
1403 3701 1514 3756 quo
1536 3685 1868 3754 implebatur
1883 3683 1960 3758 (α)

300 3829 305 3832 .
387 3791 712 3832 assumens:
739 3774 908 3845 Saepe,
937 3775 1138 3844 inquit,
1161 3781 1598 3845 expugnaverunt
1621 3791 1702 3829 me
1724 3792 1756 3830 a
1774 3775 1964 3844 juven-

389 3873 498 3917 tute
531 3879 668 3928 mea,
695 3865 884 3917 etenim
921 3879 1025 3918 non
1058 3871 1338 3932 potuerunt
1369 3865 1496 3917 mihi
1519 3866 1580 3917 ι’.
1603 3863 1960 3932 Concutiunt,

389 3951 486 4008 sed
524 3951 582 4005 in
619 3951 795 4006 nihilo
833 3953 1230 4021 praevalebunt.
1261 3953 1457 4008 Adhuc
1493 3953 1548 4008 in
1586 3968 1714 4008 area
1747 3969 1960 4021 sumus,

390 4043 558 4099 mista
585 4049 716 4097 sunt
739 4041 1022 4098 frumenta
1046 4059 1170 4098 cum
1202 4044 1395 4113 paleis,
1422 4053 1649 4114 gemunt
1673 4044 1804 4099 boni
1832 4059 1964 4098 con-

390 4134 562 4192 sortia
581 4133 876 4200 malorumj:
893 4133 986 4188 sed
1002 4150 1062 4188 su
1069 4133 1481 4202 peresttlamma
1491 4150 1602 4188 non
1613 4135 1962 4202 necessariis,

391 4233 446 4282 et
461 4231 649 4294 parata
670 4232 801 4278 sunt
821 4225 1018 4280 horrea
1037 4226 1147 4296 jam
1171 4227 1436 4296 probatis.
1451 4225 1559 4281 Sed
1581 4227 1676 4282 ubi
1694 4237 1964 4284 terrarum

391 4332 501 4375 non
536 4315 640 4370 ista
672 4315 984 4386 permistio?
1018 4316 1130 4372 Nos
1163 4317 1283 4374 ﬁxis
1314 4317 1471 4374 decet
1499 4316 1963 4392 starelinsistere]

390 4406 660 4476 vestigiis.
715 4407 1074 4462 Proticiemus
1124 4409 1268 4466 inter
1303 4409 1659 4466 adversantes
1719 4411 1961 4482 propriis

395 4495 579 4559 bonis,
605 4494 651 4548 si
681 4497 968 4552 erroribus
1003 4511 1111 4552 non
1147 4497 1494 4554 involvamur
1521 4501 1737 4556 alienis.
1762 4502 1966 4556 Probat

2059 2047 2228 2103 lautia
2261 2047 2406 2104 odiis
2441 2047 2558 2103 suis
2585 2062 2800 2102 venena
2831 2047 3189 2116 pertulimus,
3219 2049 3508 2106 studentes
3535 2064 3646 2110 eos

2059 2139 2130 2195 ab
2153 2139 2373 2194 interno
2389 2139 2616 2194 vulnere
2635 2138 2982 2194 medicabilis
3001 2140 3278 2210 patientiae
3295 2141 3634 2198 moderatio-

2061 2245 2132 2286 ne
2175 2245 2402 2294 sana-re,
2433 2228 2580 2284 beati
2599 2229 2753 2285 Pauli
2776 2228 2986 2282 monita
3009 2245 3120 2284 non
3145 2237 3397 2286 tenentes
3416 2231 3637 2304 [tacen-

2061 2319 2168 2393 tes]
2183 2319 2334 2375 :Noli
2347 2320 2512 2374 verbis
2529 2319 2871 2385 contendere;
2889 2319 2958 2374 ad
2975 2319 3108 2375 nihil
3124 2321 3262 2376 enim
3280 2322 3409 2376 utile
3423 2331 3520 2388 est,
3535 2323 3646 2378 nisi

2061 2411 2133 2466 ad
2169 2409 2553 2466 subuersionem
2594 2409 3004 2464 audientium".
3037 2409 3146 2465 Sed
3187 2412 3412 2483 quando
3475 2413 3640 2474 virus

2062 2502 2210 2574 quod
2259 2503 2470 2557 viscera
2525 2500 2838 2572 penetravit
2889 2501 3188 2556 evellitur?
3213 2503 3436 2572 quando
3469 2503 3638 2558 corda

2061 2593 2204 2648 male
2234 2593 2340 2649 sibi
2368 2591 2616 2657 credula,
2642 2591 2896 2646 veritatis
2925 2591 3312 2662 obtemperant
3337 2593 3650 2651 institutis?

2063 2685 2285 2756 quando
2326 2683 2509 2739 induit
2536 2682 2866 2738 obedientiaz
2934 2680 3327 2751 humilitatem,
3358 2685 3637 2756 opinioni-

2063 2777 2170 2834 bus
2197 2777 2314 2832 suis
2338 2777 2535 2832 vallata
2561 2775 3087 2846 superbia?quando
3117 2777 3478 2848 acquiescunt
3495 2779 3639 2848 paci,

2064 2869 2486 2924 contentionum
2549 2866 2790 2922 stimulis
2850 2854 3094 2932 assueti,
3157 2869 3274 2923 sola
3335 2869 3639 2925 certamina

2065 2967 2293 3016 aventes
2307 2959 2375 3014 de
2400 2958 2668 3029 religione
2693 2967 2934 3028 captare,
2960 2964 3017 3013 et
3039 2958 3295 3015 mandata
3323 2959 3649 3032 negligere?

2065 3053 2359 3122 Nunquam
2412 3045 2560 3121 apud
2611 3063 2708 3104 eos
2765 3049 3010 3104 Charitas
3059 3066 3205 3103 novo
3256 3051 3641 3106 commendata

2065 3153 2362 3216 praecepto,
2384 3155 2664 3212 nunquam
2691 3155 2796 3210 pax
2816 3140 3100 3196 Dominico
3126 3141 3318 3196 relicta
3346 3141 3591 3197 discessu
3617 3159 3644 3209 ι

2068 3251 2176 3290 una
2216 3233 2518 3305 pertinacis
2557 3247 2690 3287 cura
2731 3231 3001 3301 propositi
3040 3232 3240 3288 rationi
3281 3233 3423 3288 velle
3463 3234 3638 3304 impe-

2061 3340 2204 3392 rare,
2221 3341 2333 3379 non
2358 3324 2604 3379 credere.
2625 3323 3050 3392 Contemptorcs
3073 3323 3464 3378 auctoritatum
3484 3333 3640 3379 vetc-

2061 3433 2206 3482 rum,
2237 3431 2504 3471 novarum
2537 3415 2728 3485 cupidi
2759 3414 3150 3485 quaestionum,
3177 3416 3350 3470 solam
3381 3425 3640 3485 putantes

2059 3509 2308 3566 scientiae
2329 3518 2533 3566 rectam
2581 3509 2746 3575 viam,
2767 3509 3012 3579 qualibet
3033 3517 3349 3576 conceptam
3375 3507 3644 3566 facilitate

2061 3602 2423 3667 sententiam;
2451 3615 2693 3670 cousque
2725 3600 2958 3656 tumoris
2991 3599 3216 3666 clati,ut
3251 3600 3319 3654 ad
3349 3600 3638 3654 arbitrium

2062 3711 2220 3750 suum
2273 3696 2567 3768 utriusque
2623 3695 2776 3750 orbis
2835 3702 3035 3765 putent
3087 3693 3464 3749 inclinandum
3515 3709 3639 3750 esse

2055 3786 2363 3857 judicium;
2394 3801 2498 3840 nec
2535 3786 2588 3840 in
2628 3800 2870 3841 numero
2899 3785 3142 3840 fidelium
3187 3785 3515 3854 deputantes
3547 3799 3639 3840 se—

2061 3891 2290 3946 quacem
2318 3875 2628 3930 traditionis
2652 3885 2916 3945 paternae,
2940 3875 2984 3930 si
3011 3889 3122 3929 suae
3143 3873 3384 3930 viderint
3410 3861 3641 3930 credere

2063 3967 2211 4022 nolle
2247 3968 2569 4032 sentcntiae;
2599 3966 2750 4022 docti
2773 3956 3008 4022 crimina
3046 3981 3254 4029 serere,
3279 3965 3638 4022 obtrectatio-

2061 4074 2195 4113 num
2223 4074 2435 4114 venena
2466 4073 2819 4128 componere,
2848 4057 3124 4128 integrum
3153 4057 3412 4113 Ecclesiae
3439 4073 3646 4128 corpus

2061 4147 2278 4211 odisse,
2305 4148 2618 4203 seditiones
2663 4157 2912 4213 struere,
2945 4147 3212 4202 invidiam
3257 4148 3559 4214 concitare,
3583 4157 3645 4205 et

2061 4254 2162 4309 pro
2191 4239 2505 4293 obcdientia
2534 4238 2679 4308 (qua:
2706 4243 2760 4294 in
2788 4239 3058 4296 coenobiis
3081 4239 3450 4309 principatum
3477 4255 3640 4310 regu-

2062 4327 2197 4383 laris
2237 4328 2452 4384 obtinet
2491 4327 2826 4398 disciplinte)
2867 4327 3297 4384 obstinationem
3339 4327 3640 4396 pertinacis

2064 4436 2252 4479 amare
2291 4421 2584 4490 superbiat.
2613 4420 2736 4480 Non
2774 4420 2900 4474 illos
2933 4420 3215 4490 potuimus
3247 4419 3496 4482 monitis,
3529 4434 3643 4473 non

2065 4513 2520 4578 mansuetudine,
2570 4529 2682 4567 non
2750 4513 3080 4568 auctoritate
3140 4513 3526 4581 comprimere.
3579 4509 3638 4564 In

392 4589 539 4690 enim
568 4588 792 4643 virtutis
819 4605 933 4644 suae
955 4589 1201 4690 validum
1231 4591 1420 4690 robur,
1451 4593 1546 4662 qui
1577 4609 1701 4648 cum
1731 4594 1966 4664 impelli-
1995 4631 2039 4690 ὓ
2067 4603 2348 4673 publicum
2407 4619 2580 4673 usque
2847 4603 3103 4672 prodiere
3155 4611 3523 4662 conventum.
3569 4600 3640 4656 ad

397 4681 506 4737 tur,
525 4691 633 4730 non
660 4686 934 4732 movetur.
957 4677 1061 4732 Ubi
1088 4693 1200 4733 non
1220 4681 1388 4736 varia:
1411 4683 1733 4738 tentationis
1755 4685 1966 4740 aculei?

393 4766 596 4832 Quales
655 4785 755 4838 per
809 4771 956 4826 hunc
1005 4772 1120 4826 fere
1151 4773 1334 4843 jugem
1367 4789 1570 4830 annum
1597 4779 1964 4846 quorumdam

397 4855 742 4928 Scytharum,
769 4862 871 4930 qui
899 4862 1200 4919 monachos
1229 4865 1594 4934 praeferebant
1623 4871 1824 4939 specie,
1849 4887 1960 4926 non

395 4950 646 5016 veritate,
676 4953 1038 5022 professione,
1063 4971 1174 5011 non
1201 4972 1398 5028 opere,
1431 4959 1622 5014 subtili
1652 4968 1826 5018 tectas
1853 4963 1964 5018 cal-

473 5088 516 5122 “
539 5089 680 5144 Psal.
705 5105 917 5157 cxxvm,
973 5092 1028 5148 2.
1106 5095 1150 5128 ¹⁵
1173 5095 1216 5150 ll
1245 5095 1387 5152 Tim.
1413 5115 1470 5162 ιι,
1497 5095 1582 5153 M.

470 5231 548 5302 (l)
582 5231 818 5312 gocleus
856 5242 912 5288 et
947 5238 1198 5312 nonnulli
1237 5239 1402 5312 aliipa
1439 5240 1649 5298 Joanne
1689 5243 1960 5299 Maxentio

399 5299 614 5384 decepti
650 5299 1210 5384 existimarunthanc
1236 5310 1302 5364 a.l
1337 5311 1718 5384 Possessorcm
1754 5315 1961 5384 episto-

398 5369 662 5454 iamnon
696 5388 817 5428 esse
845 5373 1148 5454 ll-ormjsda:
1179 5379 1408 5454 Romani
1439 5381 1735 5450 pontiﬁcis,
1765 5369 1862 5438 sed
1892 5384 1962 5438 ab

399 5441 588 5523 aliqua
609 5441 728 5523 ejus
753 5445 976 5523 nomine
1005 5445 1140 5523 [also
1169 5441 1526 5523 supposita-nt.
1553 5454 1623 5508 At
1648 5441 1742 5522 qui
1773 5469 1964 5510 omnes

401 5508 704 5592 Hpimisdse
731 5512 991 5592 epistolas
1017 5515 1070 5572 in
1103 5508 1265 5574 causa
1279 5508 1395 5592 ista
1423 5508 1747 5592 Scytharum
1778 5508 1964 5579 mena;

401 5576 629 5637 chorum
663 5576 805 5655 (quae
834 5583 1103 5642 habentur
1127 5596 1258 5644 tom.
1289 5590 1306 5645 Ι
1335 5576 1560 5660 Εῃξδιὸι.
1590 5576 1964 5665 Ιίοὴίαήξίξήἆῆ-

2069 4695 2485 4748 concussionem
2535 4693 2740 4763 quietis
2787 4694 2933 4748 circa
2983 4707 3170 4761 regum
3217 4693 3384 4746 ctiam
3433 4701 3641 4746 statuas

2069 4784 2453 4848 inclamantcs,
2487 4791 2543 4839 et
2577 4783 2682 4838 nisi
2714 4782 2891 4839 fidelis
2921 4785 3112 4855 populi
3141 4783 3449 4839 constant’a
3477 4781 3642 4837 resti-

2068 4873 2256 4936 tisset,
2287 4889 2386 4943 per
2413 4873 2701 4928 diabolicae
2734 4874 2949 4928 semina
2979 4873 3212 4930 nefanda
3245 4872 3468 4926 zizanize
3498 4870 3642 4940 apud

2066 4965 2190 5020 illos
2216 4965 2618 5020 dissensionem
2641 4973 2698 5020 et
2717 4965 3052 5021 discordiam
3081 4963 3526 5027 commovisscnt,
3546 4978 3644 5034 per

2062 5242 2282 5317 tiﬁcuin)
2308 5243 2395 5300 vel
2420 5243 2618 5317 leviter
2637 5241 2854 5313 legerit,
2873 5257 2939 5296 ex
2963 5256 3106 5317 nexu
3133 5253 3315 5294 rerum
3341 5243 3646 5317 gestarum,

2058 5313 2300 5386 exstylo,
2325 5330 2392 5386 ex
2415 5313 3251 5386 verborumsententiarumque
3276 5313 3639 5386 proprietate,

2063 5400 2132 5438 ex
2159 5377 2296 5440 aliis»
2319 5383 2558 5452 denique
2590 5381 2921 5454 certissimis
2956 5377 3646 5454 signis,’m’anifestiss_ime

2064 5454 2208 5526 hanc
2245 5443 2570 5526 germanam
2613 5468 2677 5509 ae
2720 5443 3033 5526 genuinam'
3065 5443 3291 5526 esses.
3339 5443 3648 5526 l_lt)rxiiisd:e

2061 5511 2349 5595 epistolam
2389 5534 2668 5595 agnoscet.
2699 5511 2858 5595 (Vide
2901 5511 3149 5595 tomeyl‘l
3184 5515 3382 5571 Annal.
3435 5511 3650 5579 cccles.,

2064 5587 2187 5660 59.0,
2213 5610 2334 5666 cap.
2356 5587 2471 5668 εἴ)
2491 5625 2558 5638 -
2589 5592 2665 5666 (α)
2700 5592 2867 5647 Labb.
2902 5587 3294 5660 impellebatur.
