3952 6136
305 169 370 234 η
1199 175 1298 234 AD
1333 173 1768 238 EPISTOLAM
1795 171 2227 238 Honutsmu.
2256 178 2698 242 RESPONSIO.
2921 267 2925 270 _
3173 265 3197 271 η
3480 177 3556 244 9t

301 297 437 356 quos
449 283 727 354 adiutorio
743 283 836 340 Dei
853 283 920 342 de
939 283 1160 355 regione
1173 298 1366 345 eorum
1380 293 1464 342 est
1482 285 1870 355 pulsadissenr
1893 289 1940 347 Δ
1967 295 2052 341 set
2079 289 2334 346 nuntiare
2383 290 2638 348 ﬁdelibus
2670 309 2682 344 :
2715 287 2906 345 Omnia
2936 289 3172 360 probate,
3201 288 3342 360 quod
3365 288 3556 344 bonum

303 374 488 429 sio.De
503 373 712 430 eissero
723 374 1401 445 probavimuspropbetica
1417 375 1737 444 Apostolum
1749 389 1882 432 voce

302 460 504 520 iixisse
529 503 543 527 ,
568 461 622 518 in
649 461 961 524 novissimis
997 463 1198 524 diebus
1224 464 1427 524 instare
1458 471 1711 536 tempora
1730 465 1882 538 peri-

298 552 514 618 culosa,
529 552 710 610 stfore
727 553 1090 614 homines'sui
1111 561 1332 612 tantum
1351 564 1645 620 amatores,
1677 556 1884 612 haben-

297 645 634 700 tesl‘ormam
644 645 884 716 pietatis,
898 649 1159 720 virtutem
1176 657 1362 707 autem
1376 651 1498 722 ejus
1509 651 1842 722 abnegantes
1859 667 1878 720 ;

294 741 482 806 itaque
515 752 633 794 esse
675 739 925 798 vitandos
941 741 1171 799 "ﬁllmc
1207 741 1338 799 ideo
1367 742 1648 799 dilectioni
1682 751 1882 800 vestrae

293 821 590 882 indicanda
631 828 736 886 sub
789 832 1084 888 occasione
1138 833 1500 900 credidimus,
1545 848 1616 890 ne
1671 833 1719 889 si
1749 833 1881 889 illuc

291 912 500 972 fuerint
541 916 685 976 forte
729 919 1248 994 delati,ignorantes
1262 925 1727 996 quemadmodum
1745 941 1804 982 se
1821 927 1880 983 in

289 1003 538 1066 Romana
560 1007 698 1064 urbe
709 1011 1012 1079 gesserint,
1020 1013 1124 1072 sub
1139 1014 1322 1084 aliqua
1336 1016 1633 1072 verborum
1651 1017 1754 1076 sim
1761 1018 1880 1074 ula-

291 1095 439 1151 tione
465 1098 685 1166 possint
724 1100 940 1171 aliquos
961 1103 1236 1176 decipere.
1255 1107 1318 1164 lli
1339 1123 1472 1164 vero
1491 1125 1631 1179 quos
1669 1125 1768 1168 vos
1808 1109 1886 1168 de

289 1186 482 1242 Fausti
518 1190 804 1271 cujusdam
834 1192 972 1250 Galli
1003 1196 1267 1252 antistitis
1297 1199 1642 1258 consuluisse
1673 1201 1883 1260 litteris

286 1272 600 1342 indicastis,
628 1279 680 1334 id
706 1280 811 1335 sibi
854 1297 1176 1352 responsum
1225 1285 1703 1358 habeant:Neque
1723 1289 1877 1344 illum

286 1367 463 1438 recipi
521 1385 704 1441 neque
747 1389 1105 1445 quemquam,
1127 1391 1268 1448 quos
1290 1379 1342 1433 in
1367 1379 1749 1442 auctoritatem
1772 1383 1882 1438 Pa-n

283 1463 428 1512 trum
462 1476 580 1516 non
621 1463 818 1534 recipit
841 1480 1069 1524 examen
1099 1469 1384 1526 catholica:
1423 1469 1884 1536 ﬁdei,auteccle~

283 1547 524 1606 siasticas
554 1551 860 1623 disciplinae
879 1556 1292 1629 ambiguitatem
1314 1575 1475 1629 posse
1494 1560 1716 1632 gignere
1730 1602 1747 1627 ,
1776 1569 1871 1618 aut

1981 385 2058 433 est
2077 381 2322 436 tenete“.
2351 383 2472 439 Non
2501 383 2602 438 abs
2627 397 2686 437 re
2709 387 2813 447 est,
2830 371 2934 438 etsi
2958 379 3320 446 mundanum,
3341 395 3453 435 non
3477 387 3558 435 ta-

1981 480 2108 522 men
2133 482 2166 522 a
2193 467 2403 524 ratione
2430 468 2730 525 discretum
2750 467 2982 523 miseere
3005 481 3335 524 sermonem.
3359 465 3558 521 Fertur

1980 556 2204 627 quidam
2237 559 2443 614 nobilis
2469 569 2586 615 arte
2612 557 2894 630 pingendi,
2911 573 3037 613 cum
3072 570 3276 626 equum
3296 554 3556 625 penicillo

1979 650 2146 706 vellet
2172 651 2446 722 explicare
2463 649 3037 723 perlectum,asellum
3065 647 3170 703 sibi
3199 645 3554 717 proposuisse
3578 665 3600 705 ,ο

1979 740 2249 812 pingenti,
2281 757 2556 808 asserens,
2605 757 2718 798 non
2773 750 2835 798 ut
2880 741 3190 813 jumentum
3248 725 3585 792 imitaretur"

1979 827 2245 895 deforme,
2297 829 2395 884 sed
2437 846 2507 884 ne
2548 829 2604 884 in
2651 829 2891 899 alicujus.
2918 826 3186 882 deformis
3239 822 3586 890 lineamenti;

1978 915 2396 972 similitudinem
2421 917 2606 988 lapsus
2635 916 2935 974 incideret.
2958 915 3080 970 Non
3115 912 3420 984 improvide
3445 912 3551 967 Pa-
3593 951 3596 954 .

1979 1017 2123 1064 trum
2155 1008 2472 1064 veneranda
2523 1007 2796 1079 sapientia
2844 1006 2996 1062 ﬁdeli
3049 1003 3401 1076 posteritati,
3437 1017 3558 1073 qua:

1977 1099 2443 1156 essentcanonica
2471 1097 2726 1170 dogmata
2747 1096 3002 1154 deﬁnivit
3034 1104 3277 1152 :certam
3309 1094 3365 1151 in
3389 1093 3558 1149 libro-

1976 1203 2102 1243 rum
2141 1188 2308 1244 etiam
2347 1197 2598 1244 veterum
2648 1189 3036 1245 auctoritatem
3072 1186 3554 1256 recipiendorum,

1977 1290 2170 1340 sancto
2209 1281 2420 1352 Spiritu
2465 1283 2812 1347 instituente,
2866 1263 3138 1336 su'mmam
3173 1279 3558 1350 pmscribens,

1975 1386 2044 1428 ne
2075 1371 2318 1442 opinioni
2359 1387 2472 1428 sua:
2501 1371 2675 1426 lector
2701 1371 3018 1442 indulgens,
3053 1385 3166 1426 non
3203 1369 3348 1440 quod
3381 1369 3556 1424 aadiﬁ~

1977 1463 2180 1518 cationi
2204 1463 2594 1519 ecclesiasticae
2619 1463 2972 1529 conveniret,
3009 1461 3105 1517 sed
3131 1461 3278 1532 quod
3305 1462 3562 1517 voluntas

1976 1569 2076 1612 sua
2099 1555 2478 1626 concepisset,
2501 1565 2793 1612 assereret.
2821 1553 2964 1621 Quid
3011 1568 3142 1624 ergo
3173 1551 3557 1608 calumnianti-

282 1638 566 1709 religiosis
619 1621 1006 1716 praajudicium
1030 1621 1406 1720 'compara-re.
1461 1621 1591 1708 Fixa
1650 1621 1782 1710 sunt
1831 1669 1873 1710 a
1905 1621 1946 1678 Β
1971 1647 2077 1708 bus
2107 1663 2258 1719 opus
2272 1621 2396 1704 erat
2435 1621 2588 1702 extra
2623 1647 2954 1704 constitutos
2998 1621 3257 1700 Ecclesia:
3292 1643 3560 1699 terminos

279 1729 546 1790 Datribus
577 1752 699 1805 qua:
728 1738 920 1794 ﬁdeles
947 1742 1144 1796 sectari
1176 1741 1414 1800 debeant
1440 1745 1721 1812 instituta;
1745 1745 1868 1803 sive

279 1821 706 1896 interpretatio.
757 1830 874 1890 sive
932 1833 1289 1902 praedicatio,
1335 1853 1434 1894 seu
1481 1840 1710 1895 verbum
1763 1856 1867 1911 pro

275 1916 469 1984 populi
503 1917 878 1976 aediﬁcatione
908 1924 1312 1994 compositum,
1340 1927 1385 1983 si
1421 1943 1546 1983 cum
1577 1929 1682 1986 ﬁde
1717 1940 1866 1990 recta

275 2013 326 2061 et
349 2005 630 2064 doctrina
660 2023 792 2066 sana
823 2013 1156 2082 concordat,
1182 2015 1497 2073 admittitur
1527 2037 1542 2074 :
1574 2021 1622 2076 si
1649 2021 1865 2078 discor-

275 2091 380 2159 dat,
408 2095 704 2152 aboletur.
732 2098 910 2156 Unum
946 2109 1030 2159 est
1061 2101 1506 2172 fundamentum,
1532 2116 1686 2166 extra
1716 2109 1864 2179 quod

271 2185 544 2254 quaelibet
589 2187 795 2255 fabrica
841 2189 887 2246 si
931 2195 1251 2265 consurgit,
1288 2195 1506 2254 inﬁrma
1546 2207 1659 2266 est;
1697 2215 1868 2270 super

273 2274 406 2335 illud
437 2277 704 2348 quisquis
735 2281 1160 2351 supersediﬂcat,
1185 2300 1282 2340 seu
1313 2287 1443 2342 vilia
1479 2303 1574 2352 seu
1599 2289 1858 2358 pretiosa,

271 2368 618 2425 consideret.
643 2371 806 2427 Errat
831 2383 1017 2428 autem
1048 2373 1095 2430 is
1121 2376 1218 2446 qui
1248 2391 1282 2431 a
1304 2377 1412 2444 via,
1438 2394 1603 2450 quam
1633 2381 1858 2439 Patrum

273 2457 471 2516 electio
511 2464 866 2530 monstravit,
890 2467 1186 2525 exorbitat.

335 2549 454 2608 Nec
495 2559 686 2610 tamen
718 2555 1062 2626 improbatur
1088 2559 1374 2632 diligentia
1403 2577 1502 2632 per
1541 2564 1712 2620 multa
1746 2566 1860 2624 dis-

276 2655 528 2710 currens,
554 2644 651 2701 sed
671 2647 890 2704 animus
915 2665 946 2704 a
977 2651 1214 2706 veritate
1256 2652 1560 2711 declinans.
1599 2655 1753 2726 Saepe
1787 2657 1858 2712 de

276 2733 362 2792 bis
399 2739 726 2794 necessaria
777 2740 1126 2810 providetur,
1171 2744 1240 2801 de
1273 2745 1476 2816 quibus
1529 2747 1633 2818 ipsi
1673 2749 1858 2806 aemuli

279 2824 688 2883 convincuntur
714 2869 732 2894 ,
765 2831 1078 2888 instructio.
1136 2833 1250 2890 Nec
1301 2835 1440 2893 vitio
1479 2836 1600 2894 dari
1675 2847 1857 2908 potest

1968 1739 2248 1815 porrigere
2293 1740 2622 1811 quaestiones
2660 1739 2688 1794 ἓ
2715 1746 2774 1794 et
2819 1738 2887 1795 de
2963 1737 3052 1794 bis
3114 1751 3236 1807 quae
3287 1734 3558 1790 habentur

1967 1833 2136 1899 dicta,
2165 1833 2321 1903 quasi
2349 1833 2494 1890 dicta
2515 1850 2625 1888 non
2649 1832 2782 1898 sint,
2801 1847 3025 1887 movere
3052 1829 3400 1887 certamina?
3427 1843 3560 1884 cum

1968 1921 2281 1980 Christiana
2328 1923 2465 1980 ﬁdes
2487 1923 2765 1978 canonicis
2789 1921 2968 1986 libris,
2988 1931 3044 1976 et
3090 1919 3440 1992 synodalibus
3473 1919 3566 1974 dis

1969 2013 2242 2084 sciplinis,
2271 2021 2328 2068 et
2352 2014 2574 2068 Patrum
2603 2012 2951 2084 regularibus
2995 2009 3338 2076 constitutis,
3373 2009 3556 2066 stabili

1969 2111 2026 2160 et
2071 2103 2402 2159 inconcusso
2445 2104 2664 2160 tramite
2695 2103 2985 2158 limitetur.
3009 2103 3086 2162 De
3111 2101 3342 2160 arbitrio
3375 2108 3562 2162 tamen

1966 2196 2142 2252 libero
2165 2205 2221 2252 et
2245 2197 2416 2267 gratia
2447 2196 2712 2266 Dei,quid
2744 2196 3010 2260 Romana,
3031 2194 3138 2249 hoc
3165 2201 3268 2260 est,
3289 2192 3568 2250 catholica

1965 2295 2230 2356 sequatur
2247 2295 2304 2342 et
2340 2295 2525 2342 servet
2567 2285 2896 2358 [asseveret]
2925 2285 3344 2350 Ecclesia,licet
3364 2299 3433 2338 ex
3463 2299 3556 2339 va-

1966 2378 2065 2434 riis
2107 2377 2272 2434 libris
2292 2377 2440 2434 beati
2473 2377 2790 2450 Augustini,
2837 2385 2894 2434 et
2917 2377 3154 2433 maxime
3182 2376 3251 2432 ad
3285 2376 3556 2432 Hilarium

1961 2479 2018 2526 et
2043 2471 2370 2540 Prosperum
2394 2511 2410 2536 ,
2441 2470 2660 2526 abunde
2688 2471 2864 2542 possit
2912 2470 3155 2542 agnosci,
3203 2476 3391 2524 tamen
3419 2467 3557 2524 etin

1965 2563 2190 2618 scriniis
2211 2563 2610 2618 ecclesiasticis
2631 2577 2892 2632 expressa
2916 2562 3156 2634 capitula
3174 2560 3560 2626 continentur,

1963 2671 2105 2726 quae,
2146 2656 2194 2710 si
2228 2653 2327 2712 tibi
2375 2653 2597 2721 desunt,
2642 2663 2698 2710 et
2741 2653 3050 2710 necessaria
3097 2651 3346 2715 creditis,
3386 2650 3557 2705 desti-

1962 2742 2238 2810 nabimus,
2283 2759 2594 2814 quanquam
2632 2745 2726 2814 qui
2779 2743 3074 2815 diligenter
3115 2741 3358 2812 Apostoli
3402 2740 3552 2795 dicta

1964 2835 2295 2902 considerat,
2331 2836 2466 2906 quid
2503 2836 2661 2906 sequi
2693 2835 2913 2901 debeat,
2955 2835 3244 2890 evidenter
3273 2840 3550 2904 agnoscat.

278 2917 630 3010 nosse-quod
669 2918 846 2992 fugias
872 2933 1076 2994 :atque
1106 2924 1232 2982 ideo
1253 2943 1364 2983 non
1391 2928 1634 2999 legentes
1661 2929 1859 2986 incon-
1889 2950 1932 3010 ρ
1963 2927 2111 2982 Deus
2159 2937 2214 2982 te
2258 2928 2592 2982 incolumem
2642 2927 2939 2992 custodiat,
2987 2927 3161 2981 frater
3201 2924 3550 2982 cbarissime.

281 3018 408 3075 gnta
439 3006 500 3062 in
530 3008 749 3080 culpam
773 3012 1027 3080 veniunt,
1064 3015 1158 3072 sed
1180 3027 1498 3088 sequentes.
1534 3019 1694 3087 Quod
1722 3021 1766 3077 si
1789 3022 1864 3077 ita
1902 3006 1931 3010 ‘7
1969 3019 2167 3074 Datum
2201 3018 2390 3076 Idibus
2420 3017 2678 3090 Augusti,
2709 3017 2940 3074 Rustico
2989 3033 3054 3073 ac
3086 3016 3310 3088 Olybrio
3348 3028 3558 3072 census

281 3109 389 3158 non
415 3107 591 3165 esset,
628 3115 910 3172 nunquam
937 3104 1144 3162 Doctor
1169 3107 1261 3165 ille
1280 3109 1524 3180 gentium
1556 3112 1865 3182 acquievis—

1969 3109 2133 3166 libus.

320 3281 3543 3316 MM

1135 3435 1796 3568 JOANNIS
1915 3440 2710 3566 MAXENTII

601 3687 754 3780 AD
823 3689 1511 3786 EPISTOLAM
1588 3692 2258 3788 HORMISME
2338 3691 3010 3788 BESPONSIO
3086 3676 3206 3784 (2).

349 3969 607 4038 Quamvis
630 3988 855 4044 semper
875 3973 1077 4031 invicta
1097 3984 1316 4034 maneat
1335 3978 1556 4043 veritas,
1577 3997 1868 4051 nunquam

289 4070 458 4128 tamen
493 4068 762 4123 adversus
805 4083 926 4123 eam
974 4085 1033 4126 se
1069 4072 1323 4127 attollere
1366 4072 1574 4129 desinit
1629 4074 1859 4132 falsitas.

287 4151 349 4214 Ει
386 4159 518 4228 quia
547 4167 738 4228 aperta
764 4158 945 4216 fronte
977 4171 1168 4216 contra
1196 4177 1318 4218 eam
1345 4179 1459 4218 non
1496 4173 1582 4220 est
1618 4181 1752 4222 ausa
1777 4182 1865 4222 as-

287 4259 535 4319 surgere,
561 4265 632 4306 ne
670 4266 798 4306 mox
831 4252 1186 4308 validissimis
1219 4253 1342 4325 ejus
1375 4253 1578 4325 iaculis
1616 4268 1862 4326 proster-

287 4347 466 4409 natur,
511 4341 686 4411 ipsius
719 4343 1046 4399 adumbrata
1087 4346 1272 4416 specie
1299 4346 1570 4402 adversus
1623 4363 1745 4403 eam
1773 4349 1862 4404 di-

1961 4000 2061 4042 eos
2087 3987 2280 4038 insano
2303 3983 2734 4054 mentisjudicio
2761 3981 3072 4038 detractare
3094 3997 3216 4052 qua:
3239 3996 3368 4037 vera
3395 3993 3552 4051 sunt,

1961 4083 2019 4130 et
2041 4075 2346 4146 approbare
2383 4089 2505 4144 qua:
2548 4089 2644 4128 sua
2682 4081 2830 4128 sunt.
2865 4073 3002 4126 Nam
3031 4087 3158 4124 cum
3197 4087 3306 4124 non
3339 4072 3410 4126 sit
3436 4072 3551 4124 vir-

1962 4174 2056 4220 tus
2091 4167 2254 4238 cujus
2274 4182 2386 4220 non
2421 4173 2507 4220 est
2534 4165 2690 4234 origo
2728 4163 2960 4227 veritas,
2997 4171 3101 4216 nec
3158 4161 3355 4215 vitium
3396 4162 3548 4230 quod

1963 4271 2075 4310 non
2103 4271 2132 4308 a
2165 4253 2456 4308 mendacio
2490 4251 2660 4306 sumit
2704 4250 2950 4314 initium,
2985 4249 3303 4303 nullatenus
3333 4251 3546 4302 veraci-

1967 4356 2052 4402 ter
2072 4346 2334 4400 vitiosum
2385 4355 2616 4414 arguere
2669 4355 2830 4410 posse
2861 4339 3172 4395 credendus
3207 4348 3292 4394 est
3334 4349 3553 4408 .auctor

288 4427 462 4486 micat.
485 4432 667 4502 Atque
685 4433 760 4488 ita
779 4449 890 4489 non
919 4435 1094 4491 solum
1121 4437 1274 4492 leves
1289 4445 1346 4492 et
1364 4437 1637 4504 incautos,
1663 4454 1858 4494 verum
1894 4407 1938 4463 θ
1965 4445 2022 4494 et
2055 4437 2314 4493 defensor
2352 4433 2646 4490 mendacii.
2684 4433 2752 4487 Et
2782 4431 2908 4486 ideo
2942 4447 3053 4485 non
3093 4439 3179 4484 est
3227 4430 3462 4494 mirum,
3499 4430 3548 4485 si

286 4519 440 4575 etiam
470 4522 770 4592 aliquando
817 4525 1154 4596 prudentes,
1187 4536 1246 4582 et
1273 4544 1466 4598 graves
1503 4529 1711 4601 decipit
1737 4531 1860 4585 ani-

288 4610 428 4676 mos‘,
482 4629 626 4684 quos
674 4631 804 4671 cum
855 4618 974 4674 suis
1023 4619 1334 4689 oppleverit
1387 4620 1664 4688 tenebris,
1714 4623 1865 4694 cogit

353 4719 412 4754 ⁸³·
435 4721 482 4778 ll
515 4721 658 4778 Tim.
688 4725 881 4790 nni-5.
930 4723 1011 4782 “l
1032 4725 1233 4789 Thess.
1254 4744 1310 4795 v,
1337 4727 1428 4783 2i.

1969 4527 2117 4598 apud
2161 4541 2260 4582 eos
2297 4525 2475 4578 virtus
2522 4532 2814 4593 repetetur
2849 4521 2902 4576 in
2955 4520 3172 4583 vitium,
3199 4519 3292 4588 qui
3325 4517 3548 4573 deserto

1970 4607 2182 4674 lumine
2215 4615 2485 4680 veritatis,
2506 4611 2736 4670 fallacia:
2761 4610 2982 4668 nebulis
3004 4611 3378 4666 obcmcantur.
3404 4607 3546 4664 llinc

353 4833 423 4908 (ὁ)
444 4838 604 4908 Apud
633 4839 811 4894 Labb.
852 4855 867 4891 :
905 4839 1068 4895 Errat
1106 4848 1286 4895 autem
1317 4859 1348 4896 a
1379 4843 1489 4909 uia,
1524 4845 1614 4914 qui
1639 4844 1702 4898 ab
1727 4860 1788 4899 eo
1809 4845 1948 4916 quod
1977 4844 2206 4900 Patrum
2238 4843 2446 4907 electio,
2471 4850 2580 4898 etc.

354 4945 426 5018 (2)
448 4949 655 5022 _Quam_
677 4950 1032 5022 impudenter
1060 4950 1368 5008 Maxentius
1403 4955 1722 5022 mentiatur,
1753 4972 1853 5011 nc-

288 5029 421 5099 gans.
447 5017 844 5099 Epistolam'ad
867 5021 1245 5099 Possessorem
1267 5038 1391 5076 esse
1414 5017 1718 5099 llormisdm'
1743 5026 1850 5099 llo-

289 5088 766 5164 maninPontiﬁcis,
798 5105 962 5160 quam
1011 5089 1180 5160 impie
1208 5161 1221 5164 _
1243 5101 1537 5164 auctorem
1573 5095 1849 5164 ,Epistolae

288 5157 514 5279 ippellet
560 5157 908 5222 haeretieu'm,
947 5157 1111 5230 quam
1143 5161 1482 5217 calumniose
1522 5157 1847 5218 Dioscorum

336 5240 533 5279 emanat
557 5227 717 5279 Sedis
746 5229 1004 5279 leuatum.
1027 5239 1085 5279 et
1100 5229 1480 5279 Possessnrem
1518 5233 1836 5279 enismnnm

323 5228 533 5304 tomanaa
557 5227 719 5304 Sedis
746 5227 1004 5300 legatum,
1027 5239 1085 5304 et
1100 5229 1480 5304 Possessorem
1506 5233 1866 5304 episcopum,

286 5297 427 5372 viros
443 5297 647 5372 alioqui
673 5297 854 5354 claros
893 5307 952 5355 et
973 5299 1333 5372 orthodoxos,
1353 5300 1408 5372 in
1439 5297 1650 5357 crimen
1687 5297 1862 5359 luere;

289 5363 361 5441 sis
376 5363 715 5442 Nestor-iunia
729 5377 1146 5442 acce_r_sa_t,qu_an
1155 5368 1224 5424 tis
1241 5363 1564 5442 mendaciis,
1577 5373 1856 5442 impostu-

289 5435 378 5516 ris,
417 5436 708 5516 calumniis
738 5445 795 5494 et
837 5435 1168 5516 {adsita—tibus
1213 5435 1287 5494 sit
1322 5447 1435 5516 tota
1607 5435 1728 5516 ejus
1760 5457 1851 5516 rc-

292 5507 498 5591 tponsio
529 5507 1149 5591 referta,quiEpistolas
1177 5509 1352 5591 sancti
1383 5507 1684 5591 llorrpisdée
1699 5513 1850 5568 etle-

1959 4956 2266 5026 inspexerit
2291 4955 2450 5010 facile
2479 4963 2678 5026 cuneta
2694 4949 3097 5026 deprehendet.
3125 4949 3194 5004 Et
3212 4948 3340 5026 quia
3377 4945 3542 5005 nimis

1955 5019 2181 5097 longum
2205 5035 2350 5080 esset
2370 5041 2443 5097 ea
2473 5025 2660 5097 omnia
2693 5019 2791 5076 hic
2821 5020 3086 5084 inserere,
3122 5019 3542 5097 et__innumeros

1955 5087 2113 5152 dolos
2147 5095 2403 5150 Maxentii
2441 5095 2718 5164 sigillatim
2749 5106 3074 5164 enumerare
3093 5087 3305 5164 .__adit0.
3342 5088 3536 5164 lector.

1961 5175 2095 5220 tom.
2127 5166 2217 5238 V_l_l
2241 5165 2441 5238 Annal.
2469 5158 2853 5238 Eccles.,ann0_
2871 5159 3074 5214 Christi
3103 5158 3226 5238 εξεξο,
3247 5173 3368 5238 cap.
3483 5165 3540 5212 et

1971 5235 2216 5305 seq.,ubi
2235 5235 2422 5289 omnia
2457 5241 2647 5305 exacte
2667 5226 2915 5303 exposita
2961 5229 3225 5305 reperies.
3266 5226 3539 5305 Quocirca

1965 5295 2108 5376 quae
2143 5306 2198 5360 in
2245 5319 2410 5376 causa
2455 5295 3538 5376 scytharu_m_monachorumuadversus

1961 5363 2265 5444 Epistolam
2319 5363 2622 5430 Hormisdaa
2671 5371 3168 5444 adPossessorem
3233 5364 3543 5444 plaxenlius

1959 5435 2205 5514 disserit,
2237 5440 2832 5514 tanquamlmendacia.
2864 5439 3051 5514 Impia,
3075 5435 3416 5514 blaspbema,
3437 5447 3533 5486 ea»

1954 5513 2262 5586 lumniosa,
2285 5510 2523 5572 effalsa‘
2544 5553 2560 5580 ,
2591 5510 2936 5584 repudianda
2979 5511 3101 5580 jure
3149 5510 3360 5574 optimo
3400 5515 3542 5557 cens

292 5567 524 5637 Mum
552 5577 676 5648 eius
697 5567 756 5634 in
773 5567 942 5636 causa
961 5579 1068 5635 ista
1085 5579 1483 5638 monachorum
1509 5567 1843 5654 Scytharum
1949 5567 2166 5641 scatur.
