3904 6144
371 224 440 287 95
997 228 1013 238 ο
1647 205 1960 272 IOA‘NNIS
2017 204 2397 270 MAXENTII

3606 199 3689 266 π

371 335 612 404 denique
635 348 732 390 eos
761 346 903 403 quos
937 328 1007 385 ad
1048 327 1134 385 sui
1163 327 1373 384 erroris
1407 324 1650 382 dedecus
1682 323 1946 379 inclinare
1975 321 2023 378 Δ
2048 319 2119 374 ab
2151 321 2428 377 haereticis
2472 320 2619 388 ﬁcta,
2660 319 2757 392 qui
2800 291 2869 375 ad
2899 315 3351 376 eonturbandos
3414 314 3701 372 ﬁdelius-

372 425 748 496 nequivcrint,
780 420 1143 492 irreligiosos,
1167 418 1433 489 superbos
1449 424 1506 473 et
1534 415 1753 471 invidos
1777 428 1940 469 accu-

2041 411 2276 478 animos,
2308 421 2367 468 et
2401 411 2469 467 ad
2515 409 2966 469 commovendam
2995 415 3338 464 memorato
3369 408 3509 464 viro
3534 407 3679 463 invio

373 535 496 574 sare
526 534 636 573 non
660 524 915 572 metuunt
947 533 959 568 :
1000 527 1122 569 cum
1144 512 1260 565 haec
1277 509 1345 565 de
1368 510 1478 565 illis
1512 509 1698 579 potius
1731 507 1945 576 integro
2040 505 2210 568 diam,
2242 505 2414 575 ipsam
2439 504 2543 559 sub
2568 505 2688 576 ejus
2710 504 2934 559 nomine
2954 501 3252 590 titulatam
3278 501 3521 571 ubique
3546 515 3677 571 pro-

372 616 430 662 et
460 623 590 662 vero
628 613 1014 663 asseverentur
1052 601 1282 674 judicio,
1327 600 1424 670 qui
1451 599 1658 655 erroris
1703 597 1947 653 tenebris
2040 594 2254 660 ferunt,
2314 605 2635 666 perpetuam
2676 595 2928 651 volentes
2975 593 3124 649 inter
3168 592 3505 649 Ecclesias
3550 607 3693 648 esse

375 698 740 763 delectantur,
777 711 885 750 non
909 694 976 749 de
1007 692 1117 747 illis
1144 691 1241 762 qui
1266 690 1393 745 fixis
1421 697 1750 760 permanent
1768 687 1823 742 in
1854 702 1950 742 ve-

377 790 539 844 ritate
580 787 842 858 vestigiis.
874 787 1008 842 Nam
1042 804 1168 843 cum
1205 804 1322 845 sum
1363 779 1742 853 pervcrsitatis
1772 781 1950 835 bane-

379 875 843 947 ticincqniverint
896 874 1130 930 reddere
1173 876 1451 930 rationem
1477 913 1493 938 ,
1541 871 1610 926 ad
1660 868 1952 925 maledicta

377 974 805 1032 convertuntur,
847 974 907 1020 et
948 964 1173 1036 propria
1203 964 1259 1019 in
1281 979 1379 1020 eos
1407 962 1550 1018 mala
1588 961 1949 1032 trajicientes,

377 1072 516 1129 quos
542 1057 802 1128 pravitati
843 1071 957 1112 sua:
1000 1056 1252 1111 sentiunt
1290 1054 1564 1120 inimicos,
1597 1052 1809 1108 aditum
1844 1049 1967 1106 sibi-

375 1165 475 1219 per
492 1148 601 1203 hoc
622 1147 691 1202 ad
721 1147 1085 1217 decipiendos
1116 1146 1395 1217 simplices
1419 1144 1693 1201 aestimant
1712 1142 1950 1214 aperire.

378 1235 563 1306 Agunt
582 1235 952 1292 enitn'omnia
976 1236 1175 1293 callide
1197 1251 1308 1307 quo
1339 1234 1654 1290 infamanda
1676 1243 1733 1289 et
1764 1234 1953 1289 obtre-

380 1321 580 1378 ctando
606 1320 942 1390 Catholicos,
993 1339 1150 1380 suam
1178 1325 1400 1380 valeant
1433 1332 1625 1380 tenere
1650 1322 1953 1394 turpitudi-

380 1427 531 1479 nem,
562 1411 831 1484 ﬁngentes
861 1415 1027 1471 etiam
1054 1415 1321 1472 adversus
1347 1430 1444 1471 eos
1468 1415 1718 1486 quadam
1748 1413 1955 1485 scripta

379 1503 485 1561 sub
521 1518 713 1559 eorum
764 1504 988 1560 nomine
1044 1505 1140 1576 qui
1170 1505 1430 1562 videntur
1453 1505 1510 1560 in
1533 1503 1780 1561 Ecclesia
1813 1504 1953 1558 emi-

378 1610 536 1661 nere,
564 1602 840 1666 quatenus
889 1597 1137 1651 omnium
1170 1596 1386 1652 animos
1417 1604 1610 1653 contra
1650 1594 1753 1651 hos
1794 1593 1954 1649 facile

2042 682 2399 739 discordiam.
2439 685 2699 755 Alioquin
2745 684 2795 740 si
2845 685 2937 755 (ut
2992 683 3084 738 isti
3136 682 3506 751 allii-ruant)
3563 683 3679 736 hac

2045 772 2276 828 Romani
2299 773 2543 842 episcopi
2578 774 2781 844 scripta
2813 773 3092 830 credenda
3118 783 3296 838 sunt,
3316 774 3526 845 qualis
3564 773 3683 843 jam

2045 865 2149 921 iste
2185 865 2372 936 sit-qui
2403 864 2473 920 ad
2491 864 2780 921 haereticos
2801 865 3103 936 Epistolam
3135 864 3383 936 dirigit,
3410 875 3479 921 et
3514 864 3684 920 factis

2047 956 2163 1013 suis
2188 957 2464 1012 contraria
2492 957 2739 1013 scribere
2775 972 2886 1012 non
2909 954 3323 1020 confunditur,
3354 970 3483 1011 non
3508 957 3625 1027 jam
3646 970 3676 1009 a

2048 1064 2137 1105 me
2164 1049 2292 1105 volo
2319 1059 2551 1120 quaerat,
2572 1049 2669 1105 sed
2688 1047 3138 1120 propriojudicio
3174 1047 3473 1118 prudens
3501 1047 3681 1101 lector

2050 1140 2338 1212 intelligat.
2366 1141 2501 1196 Nam
2531 1141 2601 1205 si,
2627 1150 2689 1195 ut
2710 1139 2867 1206 dicit,
2894 1140 3093 1196 rationi
3119 1142 3416 1213 congruit
3436 1154 3675 1209 respon~

2051 1232 2184 1287 dere
2212 1232 2515 1298 consultos,
2544 1246 2649 1287 cur
2674 1231 2792 1302 ipse
2826 1231 3146 1287 nullatenus
3183 1231 3510 1302 acquievit
3540 1231 3676 1284 dare

2052 1340 2384 1395 responsum
2430 1324 2848 1396 interrogatus?
2920 1322 3092 1388 Unde,
3131 1324 3305 1394 juxta
3377 1322 3678 1393 propriam

2053 1413 2455 1482 deﬁnitionem,
2477 1414 2593 1485 ipse
2620 1414 2934 1485 ignorantes
2947 1412 3166 1482 plenius
3191 1412 3520 1482 impulisse
3540 1403 3679 1467 eon-

2054 1507 2298 1564 vincitur
2325 1507 2383 1561 in
2412 1520 2684 1573 errorem,
2714 1506 2811 1576 qui
2832 1505 2967 1561 recti
3002 1503 3253 1560 tramitis
3293 1505 3533 1561 indicia
3556 1503 3679 1557 nul-

2055 1601 2277 1657 latenus
2296 1598 2574 1669 acquievit
2615 1596 3032 1668 requirentibus
3062 1595 3508 1661 demonstrare,
3548 1609 3675 1649 eos-

379 1688 601 1742 valeant
643 1687 945 1743 concitare.
992 1687 1372 1759 Quapropter,
1415 1687 1675 1758 quoniam
1701 1685 1951 1757 quedam
1989 1684 2033 1708 "
2059 1707 2169 1762 que
2192 1704 2333 1761 quos
2362 1690 2575 1759 legatus
2634 1702 2769 1743 suus
2808 1684 3524 1742 Dioscorus—Nestorium
3548 1698 3680 1754 pen

379 1777 562 1834 ﬁertur
581 1778 650 1834 ab
674 1778 917 1835 inimicis
941 1779 1150 1850 ubique
1165 1779 1432 1851 Epistola,
1464 1778 1622 1850 quasi
1645 1794 1677 1834 a
1704 1778 1955 1834 Romano

380 1868 640 1941 episcopo
677 1868 972 1937 destinata,
1007 1870 1064 1925 in
1122 1886 1232 1941 qua
1266 1871 1440 1926 multa
1479 1870 1720 1927 inaniter
1760 1877 1957 1925 contra

382 1958 708 2034 Scytharum
741 1960 1042 2017 monachos
1063 1961 1272 2033 digesta
1300 1963 1673 2033 reperiuntur,
1697 1973 1954 2016 necessa-

380 2048 468 2105 rio
494 2048 840 2106 consideravi
869 2049 1042 2121 ipsius
1086 2049 1346 2121 Epistolas
1387 2048 1552 2107 dictis
1594 2048 1951 2121 respondere,

380 2140 718 2214 eogdemque
751 2143 1055 2198 monachos
1080 2143 1329 2198 omnium
1357 2141 1675 2214 huiusmodi
1702 2141 1863 2210 culpa
1883 2139 1955 2194 li-

381 2233 548 2289 beros
591 2232 923 2304 approbare.
973 2233 1091 2306 Nec
1115 2248 1202 2288 me
1232 2232 1466 2303 quilibet
1493 2231 1599 2287 rite
1637 2230 1840 2303 arguit,
1885 2228 1955 2284 ad

380 2321 743 2378 scribendum
793 2336 910 2392 pro
937 2322 1020 2377 eis
1047 2316 1247 2376 leviter
1270 2321 1618 2392 prosiluisse,
1650 2335 1777 2375 cum
1818 2318 1957 2374 sciat

383 2427 488 2469 nos
501 2411 780 2469 debitores
788 2426 910 2467 esse
929 2427 1032 2482 pro
1042 2411 1306 2467 ﬁatribus
1317 2411 1484 2466 etiam
1501 2410 1714 2465 animas
1726 2422 1953 2480 ponere.

453 2503 611 2561 Unde
637 2518 868 2560 securus
899 2503 1012 2576 jam
1055 2502 1209 2559 hunc
1232 2503 1500 2570 laborem,
1528 2502 1643 2558 Deo
1675 2517 1765 2557 me
1796 2499 1972 2573 adjum

384 2600 550 2649 vante
572 2633 588 2658 ,
619 2593 967 2665 aggrediens,
998 2593 1176 2664 primo
1204 2594 1436 2651 obsecro
1473 2609 1543 2648 an
1605 2593 1797 2650 eadem
1827 2593 1959 2665 Epi-

385 2678 529 2733 stula
556 2694 589 2734 a
623 2679 850 2735 Pastore
888 2676 1168 2748 Ecclesiae,
1200 2697 1271 2737 an
1306 2681 1378 2738 sit
1398 2681 1584 2752 potius
1607 2682 1679 2738 ab
1716 2682 1969 2739 inimicis

385 2769 694 2838 videamus,
717 2773 1047 2844 composita.
1083 2774 1315 2846 Ambigo
1340 2774 1489 2831 enim
1534 2775 1811 2846 quomodo
1846 2775 1955 2831 illas

386 2859 759 2916 sacerdotales
799 2862 1001 2919 littera:
1043 2864 1412 2934 approbandte
1454 2865 1586 2932 sint,
1637 2880 1759 2935 quae
1800 2864 1954 2920 nulla

2059 1781 2434 1853 fidirelaqueis
2456 1779 2810 1851 compedivit,
2828 1778 3030 1834 Filium
3059 1777 3155 1833 Dei
3184 1792 3379 1832 unum
3413 1775 3672 1847 negando

2059 1890 2181 1932 csse
2204 1889 2273 1930 ex
2292 1882 2482 1929 sancta
2508 1879 2566 1928 et
2590 1870 2875 1927 individua
2895 1868 3188 1934 Trinitate,
3222 1867 3402 1923 nullo
3425 1864 3674 1922 salubris

2058 1961 2324 2018 doctrinas
2353 1959 2616 2032 suﬂ‘ragio
2653 1959 2912 2015 liberare.
2938 1957 3172 2022 Rursus,
3202 1956 3275 2020 si,
3314 1963 3388 2010 ut
3426 1967 3672 2024 sequens

2059 2051 2331 2125 adjunxit,
2363 2050 2503 2106 nihil
2535 2058 2622 2105 est
2646 2049 2828 2120 aptius
2856 2047 3107 2104 studioso
3134 2044 3474 2117 religionis,
3504 2055 3671 2114 quam

2061 2143 2348 2214 inquisitio
2368 2140 2641 2206 veritatis,
2669 2137 2947 2210 quomodo
2978 2135 3214 2192 inferius
3240 2149 3542 2191 novarum
3570 2147 3668 2188 cl-

2058 2235 2220 2306 pidos
2237 2231 2604 2304 quaestionum
2627 2235 2852 2285 accusat
2872 2225 3126 2282 veritatis
3145 2224 3547 2301 inquisitores
3566 2221 3592 2275 ?
3614 2226 3670 2274 et

2060 2325 2108 2382 si
2129 2325 2290 2381 devia
2308 2323 2455 2379 vitae
2475 2322 2555 2392 (ut
2586 2320 2744 2392 dicit)
2773 2320 2864 2391 qui
2898 2318 3006 2374 iter
3040 2332 3140 2389 per
3196 2316 3364 2388 quod
3408 2313 3668 2388 graditur

2061 2424 2238 2487 rogat,
2260 2430 2360 2471 cur
2374 2414 2534 2469 devia
2547 2414 2724 2468 vitare
2740 2412 3010 2476 volentes,
3036 2408 3140 2464 iter
3154 2423 3256 2479 per
3276 2406 3445 2481 quod
3468 2402 3669 2478 grade-

2060 2515 2277 2572 rentur,
2298 2503 2764 2562 noluitedocere?
2794 2503 2876 2558 An
2897 2502 3041 2558 forte
3064 2499 3178 2556 illis
3208 2500 3348 2556 ideo
3389 2500 3539 2556 dare
3568 2511 3660 2552 re-

2061 2614 2325 2671 sponsum
2362 2597 2644 2654 distulisse
2688 2594 3001 2650 credendus
3023 2603 3132 2661 est,
3162 2593 3262 2665 qui
3286 2587 3662 2662 percontanti

2061 2691 2117 2746 in
2146 2689 2251 2746 hac
2274 2689 2569 2760 pollicetur
2586 2686 2830 2758 Epistola
2849 2685 3205 2756 respondere,
3222 2685 3363 2756 quia
3383 2698 3509 2739 sum
3532 2677 3660 2736 ﬁdei

2059 2796 2156 2838 eos
2170 2778 2586 2853 judicavit?Sed
2609 2785 2792 2833 utrum
2817 2777 2893 2832 ita
2912 2775 3066 2832 sitde
3088 2776 3345 2832 Romano
3363 2775 3659 2845 episcopO,

2059 2885 2164 2928 suo
2190 2869 2504 2926 videbimus
2553 2867 2698 2923 loco.
2745 2866 2905 2923 Nunc
2937 2876 3088 2922 certe
3137 2873 3439 2921 auctorem
3490 2862 3664 2933 hujus

387 2948 771 3054 lucefadiant
801 2951 1078 3054 veritatis1
1086 2968 1213 3054 'nec
1246 2952 1484 3054 aliquam
1515 2953 1573 3008 in
1600 2967 1661 3009 se
1688 2952 1957 3008 doctrinae
1983 2994 2029 3054 α
2058 2961 2319 3032 Epistolas
2336 2960 2655 3016 baereticum
2688 2974 2832 3025 esse,
2853 2957 3105 3029 quisquis
3126 2956 3217 3011 ille
3235 2962 3344 3022 est,
3377 2967 3442 3011 et
3468 2950 3658 3054 inimi:

389 3041 682 3098 continent
714 3042 1005 3100 rationem.
1055 3045 1192 3100 Nam
1219 3045 1315 3116 qui
1343 3045 1646 3116 quemlibet
1673 3045 1832 3116 quasi
1865 3059 1965 3100 er-

388 3139 604 3186 rantem
634 3130 908 3202 objurgat,
954 3147 1057 3188 nec
1098 3133 1330 3190 instruit
1355 3134 1488 3206 quid
1528 3143 1814 3207 sequatur,
1848 3150 1963 3190 non

389 3218 696 3276 benevolus
717 3221 915 3278 doctor
955 3222 1293 3290 ostenditur,
1341 3224 1438 3280 sed
1462 3224 1851 3280 incriminator
1885 3224 1967 3279 in-

390 3311 554 3368 vidus
594 3311 917 3368 denotatur.
950 3313 1110 3370 Unde
1155 3330 1268 3370 non
1302 3322 1389 3370 est
1432 3314 1594 3371 facile
1625 3315 1971 3371 credendum

388 3401 534 3459 hanc
554 3417 676 3460 esse
707 3404 1015 3475 Epistulam
1062 3406 1221 3477 cujus
1264 3405 1443 3462 fertur
1467 3407 1691 3462 nomine
1723 3406 1963 3472 titulata,

389 3493 692 3563 praesertim
745 3509 874 3550 cum
926 3493 983 3549 in
1013 3509 1078 3550 ea
1097 3495 1258 3561 nihil,
1288 3502 1352 3551 ut
1384 3495 1627 3551 diximus
1653 3536 1669 3562 ,
1734 3495 1975 3551 rationis

389 3593 484 3640 aut
501 3586 912 3657 consequentiae
934 3587 1260 3656 reperiatur,
1285 3587 1382 3644 sed
1417 3595 1530 3643 tota
1564 3587 1968 3642 criminationi-

390 3676 496 3732 bus
516 3677 1128 3748 obtrectationibusque
1163 3681 1320 3737 vanis
1364 3680 1508 3752 (quae
1530 3679 1715 3735 solent
1739 3693 1808 3733 ex
1839 3693 1967 3732 ran-

391 3781 517 3821 core
532 3767 878 3822 adversantis
898 3770 1200 3837 procedere
1237 3770 1430 3835 animi)
1456 3770 1716 3825 videatur
1738 3768 1964 3823 referta.

391 3857 528 3911 Nam
561 3855 606 3911 si
640 3856 722 3926 (ut
745 3857 993 3912 haeretici
1020 3858 1236 3930 volunt)
1257 3876 1389 3914 vere
1411 3859 1587 3929 ipsius
1618 3866 1728 3924 est,
1756 3872 1822 3912 ex
1848 3857 1970 3929 ipso

394 3951 480 4007 sui
515 3950 789 4023 principio
812 3951 1042 4024 proprio
1077 3953 1288 4008 auctori
1313 3954 1593 4010 contraria
1626 3954 1848 4023 penitus
1868 3969 1968 4025 ap-

394 4046 864 4118 probat.Denique
889 4046 965 4100 ita
990 4044 1218 4116 incipit:
1243 4066 1261 4098 t
1289 4046 1445 4102 Sicut
1466 4045 1671 4101 rationi
1721 4049 1971 4121 congruit

396 4149 457 4195 ut
486 4139 780 4196 consulant
828 4137 1193 4208 ambigentes,
1239 4137 1314 4193 ita
1361 4153 1462 4209 par
1505 4144 1593 4192 est
1637 4139 1968 4210 respondere

394 4233 709 4297 consultos,
755 4231 880 4302 quia
926 4230 1046 4302 ipse
1073 4229 1380 4301 impellitin
1413 4244 1686 4295 errorem,
1731 4231 1825 4303 qui
1856 4248 1966 4287 non

2061 3068 2187 3109 eum
2236 3051 2523 3108 catholicae
2553 3049 2808 3105 veritatis
2833 3089 2849 3117 ,
2896 3063 3008 3103 non
3038 3055 3124 3103 est
3158 3046 3451 3114 dubium,
3499 3039 3665 3115 quod

2061 3161 2189 3201 mox
2221 3159 2290 3200 ex
2324 3144 2502 3215 ipsius
2529 3142 2699 3198 dictis
2720 3141 3053 3198 docebimus

2130 3234 2377 3305 Denique
2398 3235 2475 3290 ita
2503 3233 2755 3304 sequitur
2790 3249 2805 3286 τ
2834 3251 2855 3285 ι
2904 3231 3011 3286 Sed
3037 3230 3362 3302 priusquam
3412 3241 3655 3298 respou-

2063 3327 2233 3384 dendi
2277 3342 2467 3383 curam
2496 3326 2564 3381 de
2608 3325 2697 3380 his
2723 3340 2845 3396 quae
2869 3322 3095 3378 dilectio
3145 3331 3239 3377 tua
3278 3324 3655 3392 percontatur

2063 3417 2621 3489 aggrediar,libenter
2636 3415 2695 3472 in
2717 3414 2919 3471 litteris
2930 3413 3040 3468 tuis
3064 3412 3191 3468 ﬁdei
3220 3422 3327 3468 tute
3350 3427 3446 3468 me
3472 3410 3650 3465 fateor

2064 3509 2342 3566 invenisse
2373 3508 2669 3572 fervorem,
2687 3507 2847 3578 cujus
2867 3505 3051 3561 calore
3077 3517 3404 3566 succensus,
3436 3497 3646 3557 redivi-

2063 3617 2188 3657 vam
2222 3601 2278 3655 in
2311 3601 2418 3656 illis
2456 3600 2710 3671 partibus
2750 3596 3061 3653 inﬁdelium
3098 3597 3537 3667 perversitatem
3566 3590 3647 3645 vi-

2064 3704 2194 3760 gere
2226 3688 2490 3759 suspiras.
2545 3685 2912 3758 Dignissimus
2938 3684 3120 3748 dolor.
3160 3684 3256 3756 qui
3289 3683 3485 3739 dedita
3530 3680 3644 3736 Deo

2065 3779 2234 3837 corda
2267 3780 2578 3836 contristat.
2632 3779 2746 3834 Nec
2787 3779 2938 3834 enim
2983 3785 3070 3833 est
3103 3775 3248 3848 apud
3301 3790 3403 3833 eos
3458 3775 3645 3844 lapsus

2067 3868 2495 3934 illamcntabilis,
2535 3867 2680 3939 apud
2711 3882 2850 3937 quos
2882 3875 2967 3923 est
3006 3865 3280 3938 igniculus
3332 3860 3642 3921 charitatis,

2067 3961 2195 4034 quia
2218 3976 2389 4017 unum
2428 3961 2758 4032 spiritalium
2788 3969 2974 4014 votum
3008 3965 3092 4014 est
3135 3958 3286 4014 salus
3312 3957 3649 4013 inconcussa

2066 4060 2440 4122 cunctorum,t
2465 4053 2869 4110 Catholicorum
2900 4060 3064 4121 atque
3094 4049 3356 4104 ﬁdelium.

2135 4145 2196 4200 In
2241 4145 2346 4199 hac
2392 4144 2550 4210 urbe,
2573 4158 2768 4198 eorum
2796 4140 3062 4196 duntaxat
3106 4139 3201 4210 qui
3270 4153 3402 4194 vere
3453 4132 3643 4191 ﬁdeles

2067 4243 2216 4300 sunt,
2238 4234 2466 4305 ambigit
2492 4247 2677 4298 nemo,
2719 4232 3126 4292 Possessorem.
3168 4228 3237 4285 ad
3280 4243 3447 4300 quem
3482 4231 3542 4280 et
3574 4221 3640 4276 de

395 4320 619 4378 instruit
642 4324 1038 4394 ignorantem.»
1059 4321 1469 4378 Doctoriscerte
1499 4320 1644 4377 dicta
1670 4319 1828 4380 factis
1841 4324 1961 4396 ejus
1990 4321 2040 4380 Β
2064 4343 2176 4400 quo
2200 4327 2318 4382 haec
2348 4327 2451 4381 iste
2483 4325 2697 4388 scribit,
2723 4340 2833 4379 non
2857 4324 3034 4379 solum
3056 4337 3166 4377 non
3201 4319 3454 4377 confiteri
3475 4313 3641 4373 Chri-

394 4430 508 4471 non
531 4410 734 4472 debent
780 4431 901 4471 esse
931 4414 1227 4470 contraria.
1257 4414 1395 4482 Quia
1425 4422 1560 4470 tunc
1602 4429 1854 4486 magnam
1892 4413 1962 4469 ad

397 4507 703 4562 docendum
732 4506 1040 4576 probantur
1070 4504 1276 4558 habere
1308 4507 1718 4567 auctoritatem,
1741 4505 1964 4574 quando

398 4595 633 4653 invicem
651 4613 709 4652 se
732 4613 843 4651 non
871 4596 1186 4650 destruunt.
1218 4595 1475 4664 Alioquin
1508 4611 1617 4649 non
1639 4594 1706 4648 ad
1731 4596 1962 4651 aliorum

399 4685 820 4741 instructionem
847 4683 1163 4756 proﬁciunt,
1215 4685 1311 4739 sed
1354 4685 1439 4739 sui
1466 4685 1655 4754 potius
1691 4686 1968 4742 confusio-

399 4789 526 4830 nem
558 4775 956 4829 demonstrant.
977 4772 1132 4840 Quod
1157 4773 1442 4828 monachis
1464 4787 1788 4842 responsum
1815 4790 1964 4843 quae-

402 4861 674 4925 rentibus,
711 4862 994 4916 Romanus
1035 4861 1328 4931 episcopus
1358 4861 1491 4916 dare
1519 4861 1746 4916 omnino
1785 4862 1964 4919 distu-

400 4953 548 5016 lerit,
572 4951 902 5021 eosdemque
932 4961 1058 5021 post
1087 4954 1254 5008 multa
1288 4953 1454 5009 maris
1486 4951 1760 5022 pericula,
1788 4953 1966 5027 longi-

401 5057 510 5111 que
543 5041 760 5095 itineris
777 5041 1140 5108 vexationem,
1170 5058 1274 5097 nec
1293 5058 1402 5097 non
1428 5044 1594 5098 etiam
1613 5041 1964 5100 amictionem

402 5130 600 5200 ιιι-οιὶἠί
637 5130 920 5200 temporis,
947 5145 1058 5199 quo
1085 5146 1180 5185 eos
1203 5132 1343 5201 apud
1388 5147 1446 5186 se
1481 5131 1741 5198 detinuit,
1768 5127 1966 5191 vacuos

401 5230 460 5275 et
477 5221 596 5274 sine
626 5220 739 5276 ullo
753 5221 953 5275 ell‘ectu
977 5220 1044 5276 ad
1071 5222 1169 5276 has
1191 5232 1371 5292 partes
1391 5223 1583 5278 venire
1613 5224 1963 5295 compulerit,

402 5305 548 5375 quod
592 5308 852 5362 omnibus
877 5322 1015 5376 pene
1041 5307 1334 5366 Catholicis
1361 5320 1552 5367 notum
1595 5319 1700 5379 est,
1733 5329 1836 5369 nec
1864 5315 1965 5385 ipsi

403 5405 611 5464 queunt
658 5397 900 5453 haeretici
927 5398 1196 5471 denegare
1225 5444 1240 5467 ,
1281 5404 1557 5474 quomodo
1594 5419 1704 5458 non
1730 5404 1836 5460 sibi
1864 5407 1967 5476 ipsi

405 5489 674 5555 reperitur
699 5489 754 5546 in
777 5489 879 5545 hac
897 5489 1135 5559 Epistula
1161 5491 1318 5565 55.0
1334 5496 1621 5566 scripsisse
1652 5496 1966 5552 contraria?

399 5575 451 5643 ,εἰ
487 5585 661 5636 tamen
692 5599 802 5638 non
842 5590 919 5638 est
955 5580 1118 5653 (quod
1162 5589 1332 5657 magis
1365 5588 1698 5644 credendum
1734 5588 1966 5660 testium)

2068 4431 2216 4476 stum
2249 4418 2448 4474 Filium
2475 4417 2571 4472 Dei
2600 4417 2712 4472 vivi
2742 4432 2914 4471 unum
2936 4431 3002 4470 ex
3033 4413 3319 4469 individua
3346 4411 3636 4469 Trinitate.

2068 4511 2164 4568 scd
2193 4519 2250 4566 et
2279 4510 2558 4564 adversari
2582 4508 2666 4564 eis
2679 4508 2773 4580 qui
2800 4508 2906 4562 hoc
2934 4505 3263 4562 ﬁducialiter
3283 4504 3636 4562 conﬁtentur,

2069 4608 2235 4671 atque
2263 4597 2511 4655 inﬁdeles
2539 4606 2597 4654 et
2627 4596 2870 4668 perfidos
2911 4592 3146 4650 nefanda
3178 4607 3441 4647 accusare
3467 4599 3637 4644 teme-

2069 4691 2251 4744 ritate.
2289 4687 2445 4744 Unde
2476 4686 2714 4756 denique
2767 4685 2834 4739 ad
2884 4684 2991 4739 hoc
3037 4682 3241 4751 ubique
3288 4681 3432 4736 hanc
3465 4679 3634 4749 ipsam

2070 4777 2422 4847 impudenter
2449 4775 2737 4845 proferunt
2756 4773 3079 4844 Epistolam,
3107 4780 3381 4842 quatenus
3401 4778 3456 4825 et
3483 4762 3632 4823 Chri-

2070 4878 2191 4924 stus
2220 4867 2395 4922 Filius
2413 4867 2509 4920 Dei
2532 4880 2677 4921 unus
2709 4873 2939 4934 negetur
2969 4878 3090 4919 esse
3122 4878 3190 4918 ex
3209 4871 3399 4916 sancta
3432 4867 3487 4916 et
3526 4866 3632 4910 ter-

2072 4957 2218 5013 ribili
2254 4955 2615 5020 Trinitate,et
2634 4953 2955 5009 Nestoriaua
2986 4952 3226 5022 pravitas
3247 4966 3276 5004 a
3308 4951 3426 5006 suis
3465 4947 3634 5002 fauto-

2072 5051 2230 5104 ribus
2259 5046 2430 5101 libcre
2463 5045 2640 5100 valeat
2655 5043 2960 5114 praedicari.
2981 5043 3116 5109 Quis
3138 5056 3269 5110 ergo
3294 5041 3407 5110 jam
3428 5036 3637 5095 dubitet

2071 5122 2239 5203 hunc,
2259 5135 2353 5206 qui
2374 5150 2431 5189 se
2458 5134 2623 5205 hujus
2640 5133 2767 5187 fidei
2796 5133 3063 5186 fervorem
3080 5131 3316 5184 libenter
3333 5128 3389 5181 in
3409 5129 3526 5199 ejus
3547 5121 3639 5176 lit-

2073 5228 2210 5284 teris
2239 5223 2515 5279 invenisse
2546 5231 2815 5287 testatur,
2852 5236 3021 5276 unum
3054 5236 3122 5276 ex
3168 5233 3366 5272 eorum
3410 5222 3633 5272 numero

2072 5334 2196 5376 esse
2239 5315 2333 5385 qui
2363 5312 2494 5368 huic
2511 5324 2712 5370 sanctae
2734 5313 3021 5368 sententiae
3044 5310 3208 5380 impie
3225 5298 3637 5363 contradicunt?

2072 5408 2328 5478 Suspirat
2358 5419 2593 5474 namque
2611 5405 2756 5460 idem
2790 5406 3094 5467 Possessor,
3117 5416 3226 5456 non
3252 5398 3378 5453 ﬁdei
3407 5401 3490 5463 (ut
3542 5396 3643 5448 iste

2073 5498 2252 5561 dicit),
2273 5492 2366 5548 sed
2410 5494 2494 5563 (ut
2524 5495 2726 5550 veritas
2762 5493 2945 5562 duret)
3000 5489 3262 5545 hterctieo
3294 5489 3481 5543 calore
3519 5498 3637 5539 suc-

2078 5599 2319 5647 census;
2357 5596 2456 5636 nec
2485 5583 2610 5652 quia
2656 5583 2959 5639 inﬁdelium
2999 5578 3416 5652 perversitatem
3459 5579 3637 5648 vigere
