3952 6136
275 377 404 442 ,τῇ

1221 375 1318 434 AD
1358 367 1781 433 EPISTULA!“
1839 363 2250 430 HORMISD.E
2290 367 2728 429 RESPONSIO.

3503 369 3590 436 ’98

337 501 394 541 ω
426 481 512 537 his
568 482 738 546 videt,
776 481 872 536 sed
924 483 1050 552 quia
1092 484 1332 539 fidelium
1391 483 1723 538 assertioncs
1773 481 1916 534 ferre
1947 487 1990 542 Α
2021 489 2344 544 amatorem,
2379 479 2424 532 si
2459 479 2512 531 in
2555 477 2714 532 malis
2740 475 3004 547 operibus
3035 487 3412 546 conversetur,
3444 483 3588 542 inter

337 589 446 629 non
471 580 668 642 potest,
688 571 1002 641 ingemiscit
1035 590 1048 626 :
1081 571 1227 627 unde
1261 573 1374 644 jam
1400 587 1511 625 non
1537 570 1916 640 dignissimus,

337 664 433 719 sed
478 663 634 717 valde
673 663 1030 732 turpissimus
1064 665 1225 718 dolor
1275 664 1467 717 talium
1502 661 1915 730 comprobatur,

336 752 432 821 qui
468 767 576 806 non
609 752 744 815 Deo,
770 752 866 806 sed
885 753 1066 807 errori
1084 752 1273 807 dedita
1294 751 1459 806 corda
1484 751 1725 806 fidelium
1750 763 1919 802 temu-

338 843 542 896 lationc
573 841 886 897 contristat.
919 842 1031 898 Nec
1048 843 1194 912 apud
1225 857 1320 897 eos
1341 841 1626 897 charitatis
1644 839 1920 911 igniculus

341 931 572 986 inveniri
599 947 760 1000 posse
781 931 1094 986 credendus
1111 940 1217 995 est,
1247 931 1642 1003 quipravitatis
1667 945 1779 984 sure
1805 944 1920 982 ma-

327 1022 457 1077 litia
481 1022 762 1086 excaecati,
798 1022 984 1091 lapsos
1014 1029 1071 1076 et
1108 1021 1491 1076 lamentabiles
1546 1019 1792 1074 indicant
1825 1032 1922 1074 eos

337 1114 432 1183 qui
473 1113 644 1167 armis
687 1113 974 1167 catholicae
1005 1113 1258 1167 veritatis
1306 1111 1585 1177 instructi,
1627 1110 1920 1165 haeretico-

341 1216 460 1254 rum
499 1201 724 1255 inimica
764 1201 1061 1257 destruunt
1112 1209 1455 1272 argumenta.
1499 1201 1682 1266 Quare
1729 1215 1922 1255 revera

339 1309 512 1347 unum
533 1293 871 1362 spiritalium
887 1333 902 1360 ,
927 1309 1039 1348 non
1061 1303 1246 1348 autem
1282 1293 1668 1349 haereticorum
1685 1333 1698 1358 ,
1729 1299 1922 1348 votum

321 1392 423 1438 est
451 1384 602 1438 salus
627 1384 951 1438 inconcussa
983 1393 1330 1438 cunctorum.

410 1477 541 1530 Post
559 1476 676 1530 haec
697 1475 768 1529 ita
784 1475 1033 1546 sequitur
1062 1493 1116 1529 ε(
1146 1475 1253 1531 Sed
1280 1490 1389 1529 non
1412 1482 1516 1539 est,
1535 1474 1923 1545 inquit,ignota

343 1567 602 1621 Ecclesiae
625 1565 799 1620 Deide
815 1565 1128 1637 hujusmodi
1147 1565 1424 1636 procellis,
1440 1575 1536 1620 aut
1559 1565 1773 1620 insueta
1789 1575 1924 1620 tem-
1957 1589 1960 1593 ·

344 1667 548 1728 pestas,
580 1669 638 1713 et
667 1659 916 1728 quamvis
950 1659 1202 1714 [lectoris
1222 1659 1306 1714 sui
1335 1659 1707 1730 gubernaculo
1727 1657 1924 1712 incon-

343 1753 801 1822 cussa-persistat,
830 1753 1196 1807 variistamen
1233 1750 1634 1806 incursantium
1655 1749 1922 1805 fluctuum

2018 584 2129 623 non
2165 569 2504 624 necessarias
2543 569 2728 638 paleas
2761 568 3034 639 deputari.
3081 568 3373 640 Nunquam
3403 586 3588 635 autem

2020 661 2286 716 fautorem
2336 661 2485 732 falsae
2520 660 2879 730 professionis
2928 675 3089 730 posse
3131 661 3278 716 inter
3327 657 3588 720 frumenti

2019 753 2227 822 optima
2252 766 2420 821 grana
2443 753 2852 819 connumerari,
2881 751 3099 807 etiamsi
3140 753 3303 808 bonis
3340 753 3597 808 videatur

2019 844 2283 915 operibus
2337 843 2671 908 decoratus;
2724 846 2853 915 quia
2897 846 3222 917 nullatenus
3274 847 3364 902 illa
3427 863 3594 917 opera

2021 938 2165 992 bona
2189 945 2320 990 sunt
2343 935 2662 1005 judicanda,
2695 935 2895 1006 quibus
2919 952 3035 991 non
3065 945 3148 992 est
3165 936 3370 993 veritas
3398 937 3590 992 fanda.

2016 1039 2288 1083 mentum.

2090 1117 2187 1173 His
2230 1119 2497 1190 adjunglt,
2527 1129 2584 1174 et
2612 1119 2752 1173 dicit
2793 1136 2805 1172 :
2843 1135 2860 1169 ι
2903 1117 3010 1174 Sed
3039 1119 3133 1172 ubi
3162 1127 3429 1174 terrarum
3484 1134 3590 1174 non

2025 1210 2130 1264 ista
2162 1211 2480 1280 permistio?
2507 1211 2618 1266 Nos
2646 1211 2765 1265 lixis
2787 1210 2945 1266 decet
2981 1217 3127 1264 stare
3159 1211 3426 1281 vestigiis.
3460 1212 3590 1267 Pro-

2024 1300 2273 1356 liciemus
2306 1302 2450 1366 inter
2489 1302 2847 1356 adversantes
2883 1301 3125 1371 propriis
3169 1302 3352 1368 bonis,
3405 1303 3450 1356 si
3485 1318 3593 1357 non

2023 1388 2372 1444 involvantur
2415 1391 2701 1446 erroribus
2734 1391 2954 1445 alienis.
2997 1410 3016 1442 ›
3061 1390 3198 1446 Cum
3228 1391 3436 1461 ubique
3482 1402 3592 1448 ter-

2017 1497 2210 1537 rarum
2237 1481 2652 1552 pcrmistionem
2697 1481 2854 1536 istam
2899 1497 3020 1537 esse
3051 1497 3161 1536 non
3190 1483 3436 1553 ambigas
3459 1524 3474 1548 ,
3502 1499 3602 1538 cur

2023 1575 2079 1628 in
2132 1589 2237 1643 qua
2286 1583 2442 1642 parte
2471 1573 2595 1628 ﬁxis
2629 1574 2824 1628 deccat
2871 1583 3016 1628 stare
3057 1574 3338 1644 vestigiis,
3376 1575 3602 1631 omnino

2021 1680 2134 1719 non
2167 1666 2443 1734 explicas?
2474 1665 2780 1734 pra-sertim
2811 1679 2936 1719 cum
2977 1665 3084 1720 hoc
3120 1665 3387 1720 doctrina:
3421 1665 3604 1735 exigat

2025 1757 2186 1822 ratio,
2222 1773 2292 1811 ne
2331 1757 2512 1810 minus
2536 1757 2791 1830 instructi
2818 1756 2912 1826 qui
2943 1764 2995 1812 te
3033 1757 3267 1810 audiunt
3295 1757 3489 1812 alienis
3521 1758 3601 1812 in-

327 1844 558 1899 laboral
577 1851 771 1899 vexata
797 1843 1134 1898 turbinibus.
1158 1843 1294 1899 Nam
1317 1843 1464 1898 unde
1492 1851 1577 1898 est
1609 1841 1920 1912 psalmidiCi
1954 1855 1996 1912 Β
2019 1851 2316 1905 volvantur
2345 1849 2630 1904 erroribus
2652 1889 2666 1913 ,
2701 1848 2807 1902 nisi
2841 1848 2968 1918 quia
3002 1847 3202 1902 callide
3229 1857 3376 1903 tuam
3412 1849 3606 1902 niteris

343 1950 449 1990 vox
495 1935 802 2005 prophetae,
831 1935 926 2004 qui
963 1935 1137 2004 ipsius
1183 1935 1442 1990 Ecclesiae
1467 1949 1760 2004 personam
1797 1932 1924 2004 Spi-

345 2025 455 2080 ritu
488 2041 602 2095 quo
653 2025 984 2095 implebatur
1027 2040 1316 2080 assumens
1352 2044 1366 2079 :
1401 2024 1579 2095 Sarpe,
1610 2023 1808 2094 inquit,
1836 2039 1927 2076 ea:-

331 2125 722 2189 pugnaverunt
745 2133 826 2170 me
855 2135 888 2172 a
919 2119 1198 2188 juventute
1227 2134 1365 2184 mea,
1392 2119 1582 2172 etenim
1607 2134 1712 2171 non
1740 2125 1924 2188 potue-

346 2217 470 2262 runt
499 2210 624 2262 mihi
645 2207 1068 2276 ".Concutiunt,
1091 2209 1185 2264 sed
1213 2209 1268 2263 in
1294 2209 1470 2264 nihilo
1497 2209 1920 2279 praevalebunt.»

349 2299 486 2354 Vera
512 2298 609 2353 Dei
634 2298 898 2365 Ecclesia,
923 2301 1014 2354 cui
1039 2315 1148 2354 non
1165 2308 1294 2355 sunt
1319 2288 1700 2356 haereticorum
1730 2301 1927 2371 ignota

347 2389 625 2459 procellae,
648 2402 759 2442 non
780 2399 866 2444 est
891 2389 982 2444 illa
1032 2405 1155 2460 qua:
1174 2390 1455 2446 Christum
1475 2391 1670 2461 gratia,
1689 2406 1800 2445 non
1831 2405 1928 2445 na-

348 2489 472 2536 tura
497 2483 673 2536 Deum
703 2482 1036 2545 confitetur.
1077 2485 1174 2539 sed
1210 2487 1302 2540 illa
1338 2501 1461 2556 qua:
1496 2486 1670 2541 Deum
1704 2500 1923 2554 verum,

347 2580 403 2626 et
425 2573 502 2628 ob
535 2573 640 2628 hoc
665 2590 837 2629 unum
875 2591 943 2630 ex
985 2576 1254 2632 Trinitate
1292 2578 1552 2646 praedicat
1580 2565 1923 2634 Emmanuel.
1959 2575 1966 2581 ’

350 2662 650 2734 Propterea
679 2665 917 2736 denique
937 2667 1104 2723 variis
1129 2668 1497 2724 incusantium
1545 2670 1812 2724 ﬂuctuum
1843 2669 1927 2724 la-

352 2755 517 2810 borat
553 2757 780 2826 quidem
826 2768 1023 2814 vexata
1071 2760 1410 2827 turbinibus,
1439 2761 1536 2815 sed
1569 2761 1720 2815 nullo
1766 2769 1928 2832 pacto

337 2848 669 2904 subruitur.
699 2851 880 2907 Manet
911 2867 1152 2923 namque
1192 2869 1412 2924 semper
1442 2853 1760 2919 immobilis,
1799 2854 1930 2924 quia

338 2955 388 2994 .a
418 2941 542 2996 veri
587 2941 686 2996 Dei
745 2943 955 3013 regitur
1011 2945 1406 3016 gubernaculo.
1452 2945 1732 3000 Adversus
1786 2945 1930 3001 hanc

339 3045 552 3087 omnes
597 3033 844 3088 heretici
867 3074 881 3099 ,
915 3042 1026 3089 tam
1064 3035 1158 3106 qui
1189 3036 1258 3091 ab
1293 3051 1357 3091 ea
1390 3036 1677 3092 manifeste
1699 3035 1930 3092 abscissi

338 3129 524 3192 atque
565 3121 730 3176 divisi
759 3132 908 3190 sunt,
945 3140 1109 3194 quam
1161 3125 1219 3180 hi
1261 3127 1357 3196 qui
1405 3126 1552 3181 intra
1590 3142 1712 3181 eam
1741 3125 1926 3196 positi,

338 3213 724 3282 -spiritualiter
746 3213 815 3268 ab
843 3230 907 3270 ea
935 3214 1274 3270 dissentiunt
1312 3215 1472 3288 (quos
1493 3216 1714 3272 fortiter
1743 3225 1932 3272 sancta

345 3301 610 3358 ﬁdelium
651 3304 847 3359 tolerat
873 3304 1158 3380 charitas),
1184 3321 1401 3378 semper
1429 3323 1580 3362 arma
1604 3307 1930 3378 corripiunt,

310 3449 316 3458 ,
345 3407 529 3468 .atque
557 3412 656 3452 eos
679 3412 817 3468 quos
839 3398 956 3452 suis
975 3399 1255 3468 potuerint
1281 3399 1589 3464 erroribus,
1617 3399 1672 3453 in
1697 3399 1817 3468 ejus
1845 3398 1934 3470 ni:

310 3541 314 3546 .
349 3500 559 3546 tantur
573 3475 841 3546 invidiam
865 3493 1166 3547 concitare.
1202 3491 1310 3548 Sed
1327 3493 1382 3547 in
1405 3492 1584 3547 nihilo
1617 3490 1932 3560 praevalent,

343 3585 494 3654 «quia
517 3584 791 3640 veraciter
813 3600 844 3639 a
868 3585 982 3639 Deo
1023 3599 1176 3651 vero,
1203 3600 1369 3654 quem
1401 3584 1533 3638 colit
1557 3593 1614 3638 et
1652 3582 1934 3653 praedicat,

353 3677 441 3730 illi
466 3675 803 3746 promissum
829 3682 916 3730 est
943 3675 1260 3730 nullatenus
1305 3675 1572 3730 adversus
1599 3689 1719 3730 eam
1751 3682 1938 3744 portas

351 3767 528 3822 .inferi
551 3767 931 3838 praevalituras
949 3767 1012 3820 ιθ.
1041 3765 1181 3821 Huic
1199 3766 1440 3836 denique
1465 3765 1598 3820 illud
1613 3765 1810 3838 procul
1831 3763 1937 3820 du-

355 3861 457 3916 .bio
499 3862 882 3931 propheticum
923 3861 1320 3918 convenienter
1364 3862 1628 3931 competit
1692 3860 1940 3916 testimo-

363 3953 542 4016 nium,
569 3952 718 4022 quod
737 3953 894 4024 quasi
919 3971 988 4010 es
1018 3969 1252 4024 persona
1276 3954 1521 4026 ejusdem
1547 3952 1806 4008 Ecclesia:
1835 3952 1938 4008 iste

353 4042 616 4110 protulit,
644 4042 838 4098 dicens
875 4061 888 4098 :
923 4043 1075 4114 δαέρα
1113 4050 1542 4116 expugnaverunt
1578 4059 1658 4096 me
1692 4061 1726 4098 a
1747 4044 1941 4114 juven-

363 4144 475 4190 ιιιε
495 4151 632 4202 mea,
659 4137 848 4189 etenim
875 4152 979 4190 non
1011 4144 1296 4206 potuerunt
1322 4137 1469 4190 mihi.

440 4227 551 4284 Sed
573 4228 687 4298 jam
708 4242 861 4282 nunc
891 4243 957 4282 ea
985 4243 1108 4298 quae
1137 4235 1465 4298 sequuntur,
1503 4226 1936 4282 consideremus.

373 4339 393 4372 σ
419 4320 840 4391 Adhuc,inquit,
855 4321 910 4374 in
932 4336 1059 4376 area
1085 4336 1296 4384 sumus,
1325 4308 1486 4376 mist'a
1515 4327 1645 4376 sunt
1665 4319 1962 4374 frumenta

363 4429 496 4470 cum
526 4416 718 4485 paleis,
750 4421 978 4486 gemunt
1005 4414 1136 4470 boni
1165 4413 1444 4470 consortia
1479 4414 1750 4466 malorum
1795 4427 1808 4464 :
1843 4408 1941 4465 sed

366 4515 620 4578 superest
664 4507 884 4563 ﬂamma
914 4523 1026 4563 non
1073 4506 1405 4562 necessariis
1429 4545 1446 4571 ,
1487 4514 1544 4560 et
1579 4511 1770 4574 parata
1809 4509 1942 4557 sunt

367 4598 565 4654 horrea
585 4600 695 4670 jam
746 4598 1046 4669 probatis.»
1078 4598 1139 4652 In
1188 4613 1250 4652 re
1283 4595 1486 4651 morari
1513 4595 1724 4650 diutius
1751 4607 1943 4662 super-

364 4689 540 4746 ﬂuum
582 4691 815 4747 aestimo.
851 4691 988 4758 Quis
1025 4691 1178 4746 enim
1207 4691 1442 4754 nesciat,
1481 4688 1625 4743 sicut
1647 4683 1942 4742 frumentis

366 4780 590 4846 horrea,
623 4782 699 4835 ita
730 4781 904 4852 paleis
931 4780 1206 4835 ﬂammam
1245 4795 1368 4836 esse
1405 4778 1700 4850 paratam?
1725 4775 1834 4833 Sed
1880 4775 1940 4830 in

371 4871 470 4956 hac
499 4888 628 4928 area
687 4873 830 4944 (hoc
857 4879 944 4927 est
977 4873 1032 4927 in
1071 4870 1374 4940 Ecclesia),
1399 4871 1454 4925 in
1481 4885 1588 4940 qua
1615 4871 1774 4924 mista
1810 4877 1940 4924 sunt

359 4947 645 5020 frumenta
660 4942 784 5020 cum
807 4963 1001 5032 paleis,
1020 4961 1463 5033 etgemuntboni
1479 4959 1756 5016 consortia
1768 4959 1940 5013 malo-
1979 4942 1990 4954 ’

361 5070 514 5123 nm,
547 5055 672 5126 quis
728 5069 827 5110 eos
866 5052 1238 5119 necessarios,
1283 5060 1380 5106 aut
1416 5059 1565 5106 certe
1607 5065 1718 5104 non
1761 5048 1942 5118 paleas

370 5154 634 5214 perpetuo
675 5145 786 5216 igni
825 5142 1155 5199 cremandos
1187 5157 1310 5198 esse
1339 5141 1567 5214 judicet,
1596 5139 1692 5210 qui
1723 5153 1819 5193 ore
1855 5152 1942 5191 sa-

363 5234 594 5306 crilego,
625 5245 820 5290 natura
844 5235 1017 5289 Deum
1045 5241 1332 5303 negantes,
1357 5249 1387 5286 a
1417 5231 1685 5286 catholica
1710 5227 1940 5284 veritate

362 5324 702 5390 desciscunt,
731 5335 787 5382 et
809 5335 1076 5396 apostatat
1110 5325 1326 5390 effecti,
1370 5324 1536 5379 armis
1570 5321 1810 5393 propriae
1836 5320 1938 5373 im—

371 5417 592 5486 pietatis
617 5418 887 5472 adversus
927 5431 1072 5480 eam,
1103 5431 1226 5486 quae
1247 5429 1344 5470 eos
1379 5415 1588 5486 genuit,
1627 5411 1938 5467 dimicant?

367 5503 670 5560 Sciendum
707 5517 892 5561 tamen
962 5520 1125 5575 posse
1174 5503 1340 5560 etiam
1387 5519 1530 5560 verae
1582 5501 1940 5573 professionis

447 5705 487 5736 "
515 5706 656 5760 Psal.
687 5721 908 5770 cxxvm,
1020 5707 1073 5761 ‘2.

1192 5707 1232 5739 ⁸⁸
1255 5705 1446 5760 Matth.
1476 5721 1583 5770 xvi,
1622 5705 1706 5759 '18.

371 5770 418 5808 ³⁸
445 5775 584 5831 Pati.
619 5792 777 5842 xxxv,
808 5778 890 5830 12.
1623 5773 1628 5778 ’

1825 5705 1866 5736 ⁸⁸
1888 5703 2029 5758 Psal.
2062 5719 2172 5768 xvi,
2207 5703 2258 5757 5.
2337 5702 2380 5733 ¹⁰
2406 5699 2548 5756 Psal.
2577 5715 2739 5766 cxvn,
2773 5698 2855 5763 l3,
2893 5695 2975 5750 Μ.

2029 1943 2309 1997 occultare
2353 1940 2686 2012 perfidiam?
2710 1939 2816 1994 Sed
2850 1947 2908 1994 te
2939 1939 3230 2010 splendore
3267 1955 3368 1994 suo
3398 1940 3607 2010 detegit

2028 2032 2301 2086 catholica
2326 2032 2552 2096 veritas,
2595 2040 2650 2086 et
2684 2031 2839 2102 juxta
2869 2038 3069 2085 caetera
3097 2032 3270 2096 mala,
3303 2031 3470 2086 etiam
3524 2041 3621 2080 su.

2021 2122 2368 2192 perbissimae
2395 2123 2696 2193 Pelagianae
2723 2121 3290 2192 perﬁdiaeinvolutum
3318 2124 3610 2178 erroribus

2027 2214 2358 2268 cunctofum
2391 2215 2570 2269 oculis
2597 2215 2914 2284 anteponit,
2953 2215 3048 2284 qui
3087 2216 3232 2271 inter
3252 2216 3608 2271 adversantes

2025 2320 2138 2359 non
2169 2305 2265 2360 Dei
2302 2319 2550 2371 munere,
2580 2305 2676 2361 sed
2703 2307 2944 2376 propriis
2969 2307 3128 2362 b0nis
3157 2307 3424 2377 prolicere
3447 2320 3618 2378 posse

2025 2395 2237 2450 tumida
2266 2396 2506 2451 elatione
2540 2395 2794 2451 conﬁdis.
2823 2395 2963 2462 Quia
2993 2396 3038 2451 si
3065 2397 3304 2467 pr0priis
3343 2397 3526 2463 bonis,
3551 2407 3612 2457 et

2025 2503 2136 2542 non
2166 2487 2264 2542 Dei
2289 2487 2496 2541 auxilio
2541 2487 2689 2541 inter
2718 2487 3074 2542 adversantes
3107 2497 3292 2557 posset
3333 2486 3610 2557 proﬁcere

2026 2585 2222 2632 natura
2249 2577 2514 2640 humana,
2541 2591 2825 2646 nunquam
2853 2577 3127 2646 Propheta
3151 2575 3360 2646 Spiritu
3393 2576 3490 2630 Dei
3518 2591 3608 2632 re-

2026 2672 2208 2742 pletus
2241 2669 2638 2726 oraretdicens
2671 2686 2684 2723 z
2713 2669 2914 2737 Perﬁce
2935 2684 3142 2740 gressus
3171 2685 3310 2723 meos
3332 2671 3387 2724 in
3409 2671 3609 2724 semitis

2027 2764 2152 2828 tuis,
2186 2771 2245 2816 ut
2271 2778 2376 2816 non
2408 2768 2725 2816 moveantur
2747 2762 2970 2831 vestigia
3013 2776 3130 2816 mea
3147 2761 3212 2816 ".
3250 2760 3447 2816 Adhuc
3475 2775 3609 2818 sane.

2027 2856 2318 2912 antedictae
2363 2857 2646 2912 haereseos
2677 2855 2876 2927 spiritu
2927 2857 3221 2922 animatus,
3263 2857 3512 2927 sequeris
3553 2866 3611 2913 et

2027 2948 2166 3004 dicis
2201 2965 2215 3002 :
2257 2968 2276 3001 ‹
2315 2949 2520 3004 Probat
2547 2949 2696 3004 enim
2723 2949 2947 3004 virtutis
2995 2963 3104 3004 sua:
3135 2949 3374 3004 validum
3404 2949 3607 3014 robur,

2028 3041 2120 3111 qui
2157 3056 2282 3097 cum
2313 3040 2630 3110 impellitur,
2656 3054 2768 3094 non
2798 3047 3123 3107 moveturp
3157 3055 3284 3094 cum
3316 3055 3425 3094 non
3461 3055 3611 3094 sem-

2030 3149 2149 3204 per,
2173 3132 2270 3188 sed
2295 3139 2428 3188 tunc
2450 3131 2688 3202 quilibet
2713 3133 2924 3187 utiliter
2948 3141 3004 3188 et
3029 3133 3328 3188 salubriter
3353 3147 3465 3187 non
3499 3145 3613 3186 mo-

1957 3199 2000 3258 θ
2031 3199 2224 3280 veatur
2246 3199 2538 3295 impulsus,
2565 3224 2786 3295 quando
2811 3240 2842 3279 a
2874 3225 3110 3280 veritate
3154 3223 3282 3280 fidei
3325 3240 3437 3278 non
3467 3222 3610 3293 deji-

2031 3317 2174 3372 citur
2205 3316 2438 3371 diversis
2461 3315 2857 3371 tentationibus
2879 3306 3237 3386 inquietatus.
3271 3315 3612 3386 Frequenter

2032 3409 2234 3464 etenim
2283 3407 2521 3477 imperiti
2553 3422 2798 3462 errorem
2840 3421 2943 3477 pro
2997 3406 3228 3460 veritate
3267 3403 3606 3469 defendunt,

2033 3507 2090 3554 et
2111 3499 2168 3552 in
2191 3498 2341 3553 falsis
2371 3497 2550 3562 bonis,
2585 3512 2682 3552 seu
2714 3497 2900 3567 potius
2921 3497 2977 3551 in
3007 3497 3155 3552 veris
3179 3490 3340 3550 malis
3369 3495 3616 3566 pertinaa

2035 3589 2174 3645 citer
2213 3596 2571 3658 perseverant
2597 3604 2610 3642 :
2637 3588 2786 3658 quod
2840 3605 2950 3642 non
2988 3588 3238 3658 probata:
3285 3586 3502 3640 virtutis
3528 3591 3614 3638 est

2036 3679 2277 3736 validum
2304 3679 2494 3744 robur,
2527 3677 2622 3734 sed
2656 3674 3039 3748 improbabilis
3065 3677 3182 3732 vitii
3217 3674 3492 3731 imbecilla
3529 3682 3613 3729 te-

2036 3769 2280 3826 meritas.
2362 3768 2470 3824 Sed
2497 3769 2622 3839 quis
2671 3785 2770 3824 sua
2822 3769 3048 3833 virtute,
3111 3775 3168 3822 ct
3249 3781 3360 3820 non
3409 3763 3615 3819 auxilio

2035 3861 2292 3920 Crucilixi
2328 3861 2384 3916 in
2409 3861 2638 3918 veritate
2668 3859 2794 3915 fidei
2827 3875 2884 3916 se
2917 3859 3277 3914 immobiliter
3305 3872 3466 3928 posse
3491 3872 3618 3926 per-

2037 3970 2292 4013 severare
2317 3952 2563 4018 confidit,
2600 3951 2704 4007 nisi
2745 3951 2842 4022 qui
2881 3951 3073 4021 utique
3105 3948 3379 4019 superbiae
3415 3946 3618 4017 spiritu

2037 4055 2375 4110 exemeatus,
2403 4045 2690 4101 evidenter
2721 4041 2926 4096 divinis
2961 4039 3292 4097 contradicit
3339 4035 3620 4106 eloquiis?

2037 4137 2176 4204 Quia
2204 4136 2480 4206 Propheta
2529 4149 2640 4190 non
2669 4133 2774 4188 nisi
2814 4132 2987 4187 divini
3037 4130 3286 4185 muneris
3323 4129 3429 4182 hoc
3479 4141 3620 4197 opus

2039 4241 2161 4284 esse
2191 4233 2425 4281 testetur
2460 4223 2653 4278 dicens
2682 4241 2694 4275 :
2721 4222 2988 4293 Impulsus
3018 4229 3256 4276 versatus
3297 4235 3414 4272 sum
3449 4227 3504 4270 ut
3531 4233 3621 4270 ca-

2041 4317 2238 4380 derem,
2271 4323 2319 4369 et
2367 4315 2624 4369 Dominus
2659 4312 2885 4383 suscepit
2935 4327 3036 4365 me.
3077 4309 3356 4364 Fortitudo
3409 4324 3528 4362 mea
3571 4313 3623 4360 et

2041 4408 2283 4463 laudatio
2314 4421 2431 4460 mea
2474 4403 2752 4462 Dominus,
2788 4408 2838 4454 et
2881 4399 3053 4470 factus
3087 4408 3162 4453 est
3211 4401 3269 4454 in
3305 4397 3534 4452 salutem
3550 4397 3618 4450 '°.

2041 4497 2111 4554 Et
2140 4497 2338 4552 iterum
2371 4514 2384 4550 :
2410 4493 2468 4550 Si
2492 4493 2724 4546 dicebam
2748 4532 2762 4557 ,
2786 4492 2956 4546 Motus
2983 4499 3058 4544 est
3086 4508 3174 4562 pes
3205 4507 3349 4544 meus
3370 4530 3385 4554 ,
3413 4489 3620 4542 miseri-

2046 4587 2230 4643 cordia
2261 4597 2377 4651 tua,
2413 4585 2660 4648 Domine,
2691 4583 2980 4654 adjuvabat
3009 4598 3088 4635 me
3113 4584 3181 4633 εί.
3201 4581 3269 4635 Ει
3303 4595 3520 4656 rursus,
3549 4595 3620 4634 ne

2042 4679 2320 4736 contraria
2353 4683 2670 4732 moveretur
2705 4674 3198 4744 impulsione,orat
3233 4672 3422 4727 dicens
3457 4688 3470 4724 :
3501 4669 3619 4724 Non

2040 4772 2220 4826 veniat
2271 4770 2397 4824 mihi
2441 4784 2528 4840 pes
2557 4766 2833 4838 superbire,
2879 4773 2928 4818 et
2963 4780 3152 4818 manus
3197 4763 3486 4834 peccatoris
3515 4777 3619 4815 non

2041 4868 2247 4917 moveat
2268 4860 2429 4914 me".

2109 4952 2206 5008 His
2235 4952 2474 5021 denique
2501 4951 2575 5005 ita
2601 4947 2924 5019 praemissis,
2957 4946 3273 5017 specialiter
3292 4945 3404 5015 jam
3431 4950 3620 4998 contra

2045 5061 2162 5110 eos,
2184 5059 2285 5114 pro
2303 5043 2508 5114 quibus
2525 5041 2758 5111 agimus,
2779 5039 3079 5094 monachos
3097 5036 3394 5092 iracundia:
3412 5033 3623 5088 facibus

2047 5152 2332 5200 accensus,
2361 5143 2418 5190 et
2448 5133 2666 5188 invidize
2689 5131 2929 5187 stimulis
2953 5131 3230 5189 incitatus.
3257 5136 3404 5182 totus
3437 5126 3621 5179 inten-

2049 5228 2152 5292 dit,
2171 5236 2225 5282 et
2249 5227 2378 5281 licet
2399 5241 2516 5292 eos,
2543 5225 2760 5295 publica
2782 5223 3034 5279 veritatis
3059 5221 3213 5293 54],
3247 5217 3618 5280 conscientia,

2048 5318 2338 5374 manifeste
2384 5317 2672 5372 haereticos
2704 5331 2812 5370 non
2841 5314 3042 5369 audeat
3065 5327 3324 5367 accusare
3351 5351 3364 5374 ,
3396 5308 3622 5376 oblique

2049 5419 2231 5464 tamen
2263 5419 2319 5465 et
2347 5409 2540 5464 callide
2567 5409 2671 5462 hoc
2703 5407 2820 5462 vult
2866 5406 2934 5460 de
2967 5405 3047 5460 eis
3097 5403 3348 5472 intelligi,
3381 5402 3622 5466 dumque

2047 5501 2197 5570 ipsos
2223 5499 2428 5569 iniquis
2455 5497 2838 5568 imprudenter
2854 5492 3356 5552 obtrectationibus
3390 5488 3620 5574 lacerat,

3087 5693 3128 5724 ²¹
3169 5689 3312 5746 Psal.
3354 5702 3500 5743 xcm.
3536 5685 3626 5742 l8.
