3952 6136
339 351 418 416 99
1600 345 1786 409 JOAN
1796 347 1843 408 N
1849 345 1922 406 IS

2027 349 2335 412 AXENTII

3489 343 3592 421 {0'0

346 464 611 536 falsisque
631 463 1116 520 criminationibus
1132 453 1329 518 nititur
1346 460 1659 526 obfuscare,
1683 460 1925 530 seipsum
1957 462 2000 520 Α
2030 460 2373 518 Nestoriame
2402 463 2648 533 perﬁdia:
2680 465 2928 523 tenebris
2949 473 3275 531 excaecatus,
3331 474 3592 536 quartum

341 559 477 613 tetri
508 556 716 612 erroris
733 555 1016 627 nigredine
1035 554 1746 624 -adopertum,-cunctorum
1765 565 1914 620 aspev

341 649 530 704 ctibus
550 649 859 718 anteponit.

415 739 678 810 Adiungit
700 752 936 808 namque
964 746 1021 792 et
1041 737 1178 792 dicit
1204 754 1218 790 :
1243 756 1260 788 ι
1278 723 1389 793 ἶ]ὺί
1417 749 1528 789 non
1555 733 1720 789 variae
1741 739 1922 786 tenta-

339 833 520 889 'tionis
545 831 767 888 aculei?
816 831 1018 897 Quales
1038 847 1137 902 per
1155 831 1306 884 hunc
1349 828 1465 883 fere
1498 828 1684 898 jugem
1715 837 1924 880 annum

349 923 714 992 quorumdam
769 923 1120 994 Scytharum,
1179 919 1275 990 qui
1323 919 1626 974 monachos
1657 915 1927 988 praefere-

339 1015 482 1070 bant
512 1015 722 1084 specie,
747 1030 858 1069 non
894 1013 1150 1078 veritate,
1177 1011 1550 1082 professione,
1585 1025 1696 1064 non
1727 1021 1919 1077 Opere,

291 1107 541 1165 ‘subtili
570 1115 744 1162 tectas
765 1105 1068 1162 calliditate
1090 1104 1394 1168 versutias,
1419 1112 1474 1158 et
1505 1102 1608 1156 sub
1636 1099 1926 1171 religionis

337 1198 584 1254 “obtentu
618 1197 943 1252 famulantia
992 1195 1137 1250 odiis
1159 1195 1277 1250 suis
1320 1210 1534 1250 venena
1566 1193 1922 1264 pertulimus,

339 1289 640 1344 ‘studentes
661 1303 759 1344 eos
797 1288 866 1343 ab
897 1289 1120 1342 interno
1163 1287 1394 1342 vulnere
1446 1284 1795 1340 medicabilis
1831 1299 1928 1354 pa-

343 1381 562 1436 tientia:
594 1379 982 1435 moderatione
1031 1393 1251 1443 sanare,
1301 1375 1451 1431 beati
1503 1374 1661 1430 Pauli
1707 1375 1926 1429 monita

351 1489 462 1527 non
498 1480 786 1528 tenentes:
809 1471 933 1526 Noli
957 1472 1124 1526 verbis
1150 1469 1505 1524 contendere:
1528 1469 1598 1522 ad
1632 1467 1768 1522 nihil
1787 1469 1926 1521 enim

337 1558 479 1612 utile
509 1569 606 1624 est,
625 1561 728 1614 nisi
751 1559 820 1613 ad
841 1558 1229 1612 subversioncm
1265 1557 1595 1612 audientium
1611 1555 1685 1610 “.
1706 1574 1725 1606 ι
1759 1554 1920 1611 Prin-

337 1651 546 1720 cipalis
571 1650 847 1720 professio
871 1650 1120 1705 omnium
1158 1649 1213 1704 in
1261 1664 1558 1704 commune
1574 1647 1895 1703 Christiano
1912 1676 1928 1688 -

351 1757 472 1796 rum
495 1749 602 1806 est,
630 1741 776 1796 viam
804 1741 1060 1796 veritatis
1087 1748 1144 1796 et
1163 1740 1474 1804 charilatis,
1503 1739 1644 1795 duce
1675 1737 1921 1804 Christo,

344 1831 648 1904 vigilanter
681 1832 920 1902 ingredi.
957 1815 1310 1900 Quapropter
1339 1831 1386 1886 si
1419 1829 1765 1900 professione
1809 1829 1923 1884 sal-

349 1929 483 1983 tem,
506 1929 602 1974 aut
632 1921 818 1990 Specie
847 1930 995 1976 esset
1017 1920 1122 1974 iste
1152 1920 1483 1985 catholicus,
1517 1920 1614 1989 qui
1649 1919 1836 1988 specie
1867 1927 1924 1973 et

349 2012 696 2082 professione
753 2019 964 2067 tantum
1021 2013 1157 2078 (non
1199 2026 1369 2080 opere
1399 2018 1457 2064 et
1509 2009 1768 2080 veritate)
1796 2009 1926 2065 reli-

336 2102 534 2173 ‘giosos
574 2118 672 2157 eos
715 2107 909 2157 contra
943 2117 1106 2172 quos,
1132 2102 1264 2172 agit,
1294 2099 1464 2157 audet
1513 2101 1700 2157 dicere
1735 2113 1926 2155 mona-

337 2191 507 2257 ‘chos,
562 2193 714 2250 credi
758 2194 993 2249 forsitan
1025 2201 1248 2264 poterat
1290 2199 1443 2248 recto
1474 2193 1544 2248 de
1585 2192 1667 2248 eis
1694 2201 1751 2247 et
1790 2206 1925 2246 vero

349 2284 928 2354 exaggerarejudicio.
960 2283 1030 2337 At
1061 2299 1193 2337 vero
1223 2282 1318 2337 ubi
1363 2281 1648 2336 inimicum
1681 2295 1809 2335 eum
1830 2295 1924 2336 ca-

351 2375 572 2430 tholicze
601 2375 855 2429 veritatis
889 2389 987 2428 sua
1016 2374 1192 2444 ipsius
1227 2373 1376 2428 dicta
1409 2373 1766 2443 redarguunt,
1799 2371 1927 2442 quis

349 2466 594 2536 ambigat
650 2465 912 2520 haeretico
941 2481 1069 2520 eum
1126 2465 1324 2535 spiritu
1351 2465 1690 2534 exagitatum
1735 2463 1925 2534 inique

351 2558 468 2614 haec
497 2559 683 2613 omnia
705 2557 971 2614 adversus
998 2557 1222 2612 eosdem
1253 2557 1554 2611 monachos
1572 2556 1882 2611 evomuisse
1901 2555 1927 2609 ?

349 2649 540 2719 Neque
563 2649 710 2704 enim
741 2649 821 2703 illi
867 2647 963 2717 qui
1005 2645 1275 2700 catholica
1323 2653 1617 2714 sequentes
1645 2645 1916 2715 dogmata,

348 2739 630 2796 Christum
685 2740 886 2794 Filium
929 2738 1027 2794 Dei
1072 2753 1244 2792 unum
1309 2737 1644 2792 confitentur
1691 2751 1814 2791 esse
1857 2749 1925 2789 ex

349 2841 538 2887 sancta
561 2841 618 2886 et
651 2831 816 2885 unius
845 2829 1102 2886 essentia:
1137 2829 1433 2892 Trinitate,
1475 2827 1573 2883 sed
1613 2829 1715 2883 iste
1739 2829 1925 2897 potius

348 2924 445 2995 qui
475 2925 580 2978 hoc
614 2923 781 2993 impie
815 2922 1070 2994 denegat,
1133 2921 1323 2976 subtili
1384 2929 1557 2975 tectas
1621 2918 1924 2974 calliditate

338 3016 615 3086 “quasdam
645 3015 923 3070 versutias
954 3013 1365 3078 machinari,ac
1416 3011 1659 3066 fidelium
1711 3011 1926 3066 animos

342 3107 692 3178 inquietare,
737 3115 794 3162 et
855 3105 960 3162 sub
1003 3105 1231 3160 obtentu
1264 3103 1550 3174 religionis
1606 3101 1923 3158 famulantia

350 3212 464 3251 non
499 3205 709 3250 tantum
739 3183 876 3261 odii,
900 3194 994 3250 sed
1021 3195 1231 3249 erroris
1261 3193 1347 3248 sui
1376 3183 1588 3248 venena
1635 3209 1733 3262 per
1759 3207 1923 3248 omne
1949 3165 1994 3226 ο

353 3303 556 3358 corpus
614 3287 878 3342 Ecclesiae
930 3286 1071 3342 velle
1107 3284 1434 3356 {diffundere
1481 3284 1928 3340 manifestissime

353 3379 701 3434 confutatur.
729 3378 1051 3433 “Praesertim
1081 3377 1178 3446 qui
1208 3377 1352 3430 hanc
1375 3384 1620 3430 sanctam
1651 3383 1708 3430 et
1739 3375 1928 3430 catho-

355 3469 520 3524 licam
563 3484 755 3524 vocem
796 3468 1120 3524 tentationis
1151 3467 1376 3523 sibimet
1404 3467 1658 3522 aculeum
1687 3481 1808 3522 esse
1844 3473 1928 3522 te-

351 3569 552 3616 statur.
592 3561 678 3616 An
729 3560 872 3616 forte
929 3575 1043 3614 non
1091 3568 1177 3614 est
1223 3557 1595 3624 catholicum,
1643 3557 1928 3613 Christum

353 3651 556 3708 Filium
587 3653 684 3707 Dei
724 3651 835 3706 vivi
863 3665 1036 3706 unum
1063 3649 1316 3705 confiteri
1350 3665 1418 3706 ex
1451 3657 1640 3705 sancta
1677 3656 1735 3704 et
1787 3647 1932 3704 indi-

353 3743 521 3798 vidua
555 3743 862 3798 Trinitate?
909 3743 1018 3797 Pro
1074 3742 1178 3796 hac
1222 3742 1429 3796 ctenim
1491 3741 1607 3796 sola
1653 3740 1929 3796 sententia

357 3833 692 3904 Scytharum
736 3833 1283 3887 monachosconstat
1303 3831 1373 3886 ad
1403 3832 1712 3886 Romanum
1758 3831 1929 3888 fuisse

354 3924 639 3996 profectos
693 3923 1050 3992 episcopum,
1114 3923 1261 3978 sicut
1287 3923 1546 3978 omnibus
1595 3939 1756 3992 pene,
1817 3939 1929 3980 non

349 4017 535 4070 solum
567 4013 625 4067 in
651 4014 757 4069 hac
786 4015 934 4085 regia
965 4013 1125 4079 urbe,
1147 4029 1340 4069 verum
1376 4016 1542 4070 etiam
1569 4017 1625 4070 in
1668 4015 1930 4072 universa

351 4105 512 4162 italia
549 4106 854 4162 Catholicis
904 4116 1100 4162 notum
1131 4115 1234 4163 est.
1268 4107 1404 4162 Nam
1437 4115 1494 4163 et
1537 4107 1641 4178 ipsi
1683 4108 1929 4164 haeretici

357 4200 442 4271 (ut
462 4200 717 4270 superius
743 4199 952 4255 dictum
987 4201 1094 4270 est)
1121 4201 1189 4255 ad
1217 4200 1323 4256 hoc
1347 4199 1551 4270 ubique
1569 4201 1712 4256 hanc
1732 4201 1926 4270 ipsam,

348 4291 446 4348 cui
514 4290 924 4361 respondimus,
957 4289 1261 4362 Epistulam
1315 4289 1625 4362 proferunt,
1656 4300 1930 4362 quatenus

345 4393 410 4438 et
437 4383 750 4454 smpcdictis
783 4383 1072 4438 monachis
1093 4381 1354 4438 invidiam
1383 4382 1686 4447 concitent,
1715 4390 1771 4438 et
1805 4390 1927 4438 om-

2022 557 2079 604 et
2101 559 2424 606 extraneum
2448 568 2479 606 a
2509 565 2700 609 sancta
2734 563 2790 610 et
2825 555 3096 611 ineffabili
3141 554 3434 621 Trinitate,
3463 569 3593 610 eum

2022 643 2116 713 qui
2151 659 2250 714 pro
2272 646 2434 713 nobis
2460 662 2682 702 crucem
2714 649 3004 716 sustinuit,
3034 650 3334 719 praedicare
3361 658 3593 706 conten-

2023 732 2272 788 dat.'Sed
2312 736 2466 792 absit
2501 747 2644 792 utex
2675 739 2933 807 qualibet
2963 747 3121 808 parte
3161 739 3450 794 catholica:
3469 754 3598 809 pro-

2021 824 2245 881 fessioni
2295 829 2525 884 Roman.
2571 830 2866 900 episcopus
2890 831 3270 886 contradicat!
3303 833 3594 902 Nunquam

2023 917 2230 973 etenim
2261 918 2592 991 Scytharum
2626 923 2927 978 monachos
2983 922 3146 993 (quos
3195 939 3305 978 non
3355 924 3593 995 simplici

2021 1015 2297 1076 sermone,
2324 1013 2421 1068 sed
2455 1013 2623 1068 etiam
2650 1013 2894 1085 scriptis,
2937 1013 3220 1070 Christum
3263 1015 3468 1070 Filium
3495 1016 3593 1070 Dei

2026 1116 2195 1157 unum
2219 1119 2288 1160 ex
2314 1105 2587 1162 Trinitate
2610 1113 2848 1162 noVerat
2888 1105 3167 1178 confiteri)
3203 1121 3302 1177 per
3325 1118 3594 1176 quatuor-

2022 1191 2201 1248 decim
2228 1209 2368 1264 pene
2392 1209 2633 1262 menses,
2671 1197 2918 1267 quandiu
2949 1212 3046 1252 eos
3071 1196 3147 1252 ibi
3181 1195 3440 1263 detinuit,
3489 1197 3596 1253 sibi

2024 1285 2433 1341 communicare
2467 1287 2833 1356 permisisset,
2870 1287 2938 1352 si,
2973 1294 3036 1340 ut
3080 1287 3330 1343 haeretici
3376 1288 3592 1350 volunt,

2024 1372 2168 1428 hanc
2227 1375 2674 1445 praedicationem
2739 1377 3024 1434 catholica:
3073 1378 3199 1434 fidei
3246 1380 3592 1434 contrariam

2019 1465 2315 1535 iudicaret.
2341 1466 2445 1535 Qui
2480 1470 2644 1525 etiam
2675 1475 2738 1524 ut
2759 1478 2870 1525 se'a
2894 1470 3164 1540 pravitate
3192 1470 3400 1541 pr0prii
3433 1471 3594 1538 legati

2024 1557 2365 1627 purificaret,
2399 1561 2590 1615 multis
2617 1560 2834 1616 idoneis
2870 1560 3010 1616 viris
3059 1562 3448 1632 praesentibus,
3485 1561 3596 1615 Ro-

2024 1661 2249 1702 manum
2291 1649 2476 1704 virum
2511 1649 2970 1721 gloriosissimum
3002 1651 3328 1721 magistrum
3357 1649 3596 1704 militum

2025 1738 2356 1809 deprecatus
2379 1751 2482 1808 est,
2519 1750 2796 1812 quatenus
2822 1755 2918 1798 sua
2942 1743 3112 1798 verba
3143 1743 3395 1813 piissimo
3421 1743 3596 1812 impe-

2027 1831 2196 1888 ratori
2224 1831 2536 1890 insinuaret
2565 1849 2687 1904 qua;
2711 1833 2866 1889 fuere
2898 1832 3256 1905 hujusmodi':
3285 1833 3402 1888 Nisi
3441 1832 3600 1888 Chri-

2027 1929 2142 1975 tum
2169 1920 2370 1977 Filium
2402 1924 2523 1988 Dei,
2545 1925 2640 1994 qui
2669 1917 2769 1994 prb
2797 1924 2960 1980 nobis
2989 1939 3186 1994 passus
3201 1933 3286 1979 est
3318 1925 3374 1978 in
3408 1938 3595 1988 carne,

2026 2028 2198 2070 unum
2224 2013 2347 2069 esse
2368 2027 2438 2070 ex
2466 2023 2658 2072 sancta
2692 2023 2752 2071 et
2789 2015 3079 2070 individua
3126 2014 3402 2070 Trinitate
3432 2013 3601 2069 fuerit

2025 2102 2316 2158 confessus
2367 2103 2690 2171 Dioscorus,
2753 2104 2950 2174 pelago
3002 2102 3378 2172 demergatur.
3441 2099 3600 2156 Unde

2025 2195 2154 2264 quis
2183 2195 2346 2251 facile
2371 2195 2601 2251 credere
2621 2195 2823 2250 audeat
2866 2195 3012 2249 hanc
3057 2209 3089 2248 a
3129 2201 3436 2248 memorato
3479 2192 3602 2246 viro

2027 2287 2111 2356 (ut
2143 2299 2287 2356 sape
2315 2286 2577 2356 diximus)
2609 2287 2877 2342 directam
2940 2283 3276 2355 Epistolam?
3303 2281 3420 2338 Nisi
3458 2282 3600 2339 forte

2016 2373 2197 2446 '(quod
2227 2375 2296 2431 de
2323 2383 2477 2431 tanto
2511 2377 2759 2432 antistite
2781 2376 3008 2432 credere
3063 2375 3442 2444 importunum
3491 2375 3598 2446 est)

2024 2479 2057 2522 ει
2093 2475 2395 2526 memorato
2431 2467 2698 2522 Dioscoro
2753 2474 2944 2536 postea
2997 2464 3351 2535 depravat’us,
3405 2473 3599 2520 contra

2026 2569 2182 2609 suam
2210 2554 2384 2625 ipsius
2420 2557 2754 2611 sententiam
2799 2556 2916 2610 haec
2951 2555 3239 2625 scripsisse
3289 2553 3600 2610 credendus

2025 2654 2131 2700 est.
2164 2646 2590 2712 Verumtamen,
2625 2646 2741 2701 sive
2769 2646 2837 2700 ab
2875 2646 3002 2711 hoc,
3037 2646 3200 2700 sivea
3223 2645 3469 2716 quolibet
3492 2645 3600 2699 alio

2026 2733 2142 2791 haec
2172 2735 2245 2791 sit
2265 2735 2468 2805 scripta
2494 2735 2761 2805 Epistola,
2821 2750 2930 2790 non
2954 2743 3039 2790 est
3062 2735 3290 2788 dubium
3317 2743 3600 2789 auctorem

2026 2829 2148 2900 ejus
2178 2843 2301 2883 esse
2325 2827 2671 2892 haereticum‘,
2718 2829 2813 2897 qui
2848 2826 3265 2882 contentionem
3298 2826 3600 2881 verborum

2025 2929 2083 2976 et
2129 2919 2550 2976 subversionem
2613 2917 2990 2983 audientium,
3040 2918 3256 2988 iudicat
3311 2918 3600 2974 Christum

2025 3009 2226 3067 Filium
2248 3010 2346 3067 Dei
2371 3010 2480 3066 vivi
2513 3025 2685 3066 unum
2709 3009 2870 3066 fateri
2886 3021 2955 3064 ex
2973 3007 3268 3063 Trinitate.
3296 3009 3600 3078 Apostolus

2015 3105 2175 3159 enim
2199 3113 2424 3159 sanctus
2443 3102 2649 3158 Paulus
2678 3114 2792 3158 non
2813 3099 3088 3156 veridicas
3123 3101 3464 3156 assertiones
3504 3101 3597 3170 (ex

2027 3196 2232 3267 quibus
2267 3192 2513 3251 ﬁdelium
2561 3195 2760 3250 anima:
2788 3193 3154 3257 aedificantur,
3203 3202 3262 3249 et
3308 3193 3600 3249 haeretico-

2023 3296 2152 3342 ‘rum
2202 3286 2445 3357 pravitas
2479 3283 2848 3352 confutatur),
2883 3284 2980 3340 sed
3031 3284 3224 3338 inanes
3263 3292 3321 3338 et
3373 3283 3601 3340 veritati

2029 3379 2360 3445 contrarias,
2407 3377 2568 3434 docet
2621 3391 2744 3434 esse
2789 3377 3089 3433 verborum
3141 3375 3554 3431 contentionem
3575 3415 3596 3442 ,

2031 3470 2562 3540 subversionemque
2591 3469 2958 3526 audientium.
3007 3467 3274 3538 Alioquin
3311 3478 3599 3538 nunquam

2031 3573 2136 3616 nos
2163 3559 2449 3630 Scriptura
2495 3559 2683 3614 divina
2716 3559 3059 3623 admoneret,
3088 3555 3316 3612 dicens:
3364 3555 3444 3612 Ne
3471 3572 3601 3612 con-

2032 3652 2278 3724 fundari:
2304 3651 2448 3724 loqui
2473 3653 2686 3708 verbum
2712 3669 2808 3723 pro
2834 3652 3018 3706 anima
3062 3657 3175 3715 tua,
3215 3654 3290 3704 et'
3317 3666 3413 3720 pro
3453 3649 3603 3704 ueris

2031 3751 2141 3798 tate
2159 3751 2304 3798 certa
2330 3760 2492 3814 usque
2525 3743 2595 3798 ad
2621 3741 2941 3809 mortem“;
2968 3739 3436 3810 nunquam'etiam
3454 3738 3602 3796 idem

2031 3833 2282 3904 gentium
2323 3833 2517 3888 doctor
2553 3833 2997 3890 contradicentes
3028 3831 3249 3887 Judzeos
3271 3831 3388 3886 sive
3421 3830 3604 3901 genti-

2019 3926 2112 3982 les
2156 3924 2441 3980 revincere
2463 3923 2753 3996 potuisset,
2793 3923 2900 3978 nisi
2937 3922 3184 3993 legitime
3243 3921 3602 3976 decertassct.

2030 4014 2172 4072 Hine
2225 4015 2462 4086 denique
2496 4057 2511 4083 ,
2561 4015 2704 4069 inter
2770 4023 2966 4068 caetera
2992 4052 3008 4079 ,
3059 4011 3155 4067 ubi
3211 4011 3281 4067 de
3331 4010 3606 4068 electione

2030 4108 2271 4178 episcOpi
2295 4107 2578 4179 proprium
2605 4109 2662 4162 in
2681 4105 2787 4162 fide
2811 4106 2980 4160 lilium
3029 4100 3272 4168 instruit,
3321 4093 3628 4179 pmcipitﬂ

2030 4171 2254 4258 dicens:
2277 4171 2604 4270 (impleuere
2621 4199 2860 4268 cum,qui
2875 4197 3160 4252 secundum
3183 4171 3478 4250 doctrinam
3495 4171 3603 4260 est,
3622 4171 3628 4209 ⁸

2025 4289 2240 4361 ﬁdelem
2261 4307 2577 4357 sermonem,
2608 4298 2666 4344 ut
2693 4299 2875 4362 potens
2897 4289 2976 4345 sit
3003 4289 3275 4344 exhortari
3290 4288 3345 4342 in
3361 4287 3606 4341 doctrina

2029 4401 2187 4450 sana,
2217 4395 2267 4440 et
2303 4385 2720 4442 contradicentes
2781 4385 3066 4439 revincere.
3118 4382 3256 4438 Sunt
3272 4382 3412 4436 enim
3448 4377 3628 4464 multi.

347 4488 453 4531 nes
483 4475 642 4544 quasi
663 4489 732 4530 ex
751 4473 1083 4529 auctoritate
1129 4472 1376 4542 ejusdem
1415 4471 1646 4527 Romani
1673 4469 1920 4544 episcopi
1953 4497 2006 4560 ι,
2033 4477 2385 4532 inobedientes
2412 4518 2429 4544 ,
2491 4477 2765 4550 vaniloqui
2788 4521 2803 4544 ,
2869 4486 2918 4531 et
2972 4478 3270 4532 κόπτοι-εδ
3293 4517 3310 4542 ,
3374 4477 3608 4531 maxime

347 4562 760 4638 Tprohibeantur
791 4565 1074 4622 Christum
1105 4563 1304 4619 Filium
1331 4563 1429 4619 Dei
1451 4580 1624 4619 unum
1669 4564 1926 4620 confiteri

341 4673 421 4714 ex
441 4659 735 4714 Trinitate.
761 4657 868 4714 Sed
893 4657 1020 4728 quis
1039 4657 1184 4712 hanc
1214 4657 1545 4712 sententiam
1597 4656 1926 4714 catholicam

343 4761 462 4806 non
485 4766 607 4807 esse
633 4766 803 4806 ausus
831 4757 916 4806 est
938 4741 1206 4822 profiteri,
1223 4764 1388 4820 quam
1409 4749 1667 4805 univerSa
1697 4761 1929 4807 venera-

340 4847 446 4896 1ur
485 4848 540 4894 et
588 4839 944 4908 amplectitur
987 4835 1091 4893 Dei
1132 4838 1414 4905 Ecclesia;
1467 4837 1810 4894 confidenter
1838 4847 1928 4894 et-

337 4931 502 4988 enim
551 4931 739 4986 dicere
791 4930 993 4998 audeo,
1029 4944 1138 4986 non
1198 4930 1344 5000 quod
1379 4929 1424 4986 si
1461 4945 1564 5000 per
1607 4930 1922 5000 epistolam,

342 5023 448 5079 sed
473 5022 620 5094 quod
649 5021 694 5078 si
712 5021 837 5078 viva
865 5037 1001 5078 voce
1025 5022 1116 5078 hic
1145 5022 1199 5076 in
1242 5021 1496 5092 praesenti
1527 5021 1738 5092 positus
1781 5021 1928 5078 idem

341 5109 516 5171 Rom.
549 5112 867 5185 prohiberet
918 5113 1214 5184 episcopus
1245 5111 1529 5168 Christum
1584 5108 1788 5167 Filium
1820 5111 1919 5169 Dei

345 5216 526 5260 onum
561 5202 812 5258 confiteri
863 5218 930 5258 ex
974 5214 1163 5258 sancta
1209 5211 1267 5257 et
1296 5202 1584 5258 individua
1607 5203 1920 5268 Trinitate,

347 5307 635 5366 nunquam
669 5293 851 5349 eidem
896 5294 993 5349 Dei
1025 5290 1268 5349 Ecclesia
1329 5294 1754 5365 acquiesceret;
1787 5312 1932 5351 nun-

345 5399 518 5456 quam
545 5393 608 5439 ut
626 5383 949 5454 episcopum
980 5383 1316 5440 catholicum
1373 5395 1736 5440 veneraretur
1763 5428 1778 5452 ,
1830 5386 1928 5441 Sed

343 5477 581 5532 omnino
615 5484 676 5532 ut
706 5475 1031 5531 haereticum
1061 5475 1285 5546 penitus
1343 5487 1750 5534 exsecraretur.
1783 5476 1930 5545 ‘Quia

345 5570 607 5640 quisquis
632 5569 739 5626 hoc
789 5583 898 5624 non
927 5567 1249 5638 confitetur,
1269 5586 1382 5626 non
1411 5581 1498 5627 est
1517 5570 1748 5627 dubium
1779 5569 1930 5640 quod

429 5742 475 5774 "
503 5743 548 5800 ll
576 5744 720 5800 Tim.
748 5757 808 5814 Il,
837 5747 926 5842 Ιιῖ
995 5746 1042 5780 ’⁸
1071 5746 1244 5803 Eccli.
1281 5757 1355 5815 tv,
1377 5745 1467 5802 35.
1545 5746 1591 5778 "
1622 5743 1732 5802 Tit.
1767 5760 1807 5812 ι,
1833 5741 1994 5801 9-H.

2034 4571 2124 4638 qui
2177 4566 2240 4620 de
2277 4549 2866 4631 circumcisiouersunt,
2911 4583 3041 4637 quos
3086 4573 3290 4637 oportet
3330 4549 3628 4637 redargdi,’

2033 4661 2124 4730 qui
2191 4660 2466 4714 universas
2533 4660 2718 4716 domos
2785 4659 3092 4713 subuertunt
3115 4695 3134 4723 ,
3198 4657 3435 4714 docentes

2029 4728 2137 4805 non
2162 4760 2386 4823 oportet,
2421 4754 2589 4823 turpis
2615 4751 2750 4806 lucri
2767 4751 2943 4823 gratia
2960 4750 3028 4803 ⁸⁸.
3057 4747 3348 4815 Quocirca,
3369 4763 3478 4804 non
3503 4728 3627 4826 ατί-ί

2031 4859 2156 4899 rum
2207 4844 2252 4900 si
2275 4845 2545 4900 catholica
2575 4845 2784 4900 sanitas
2815 4843 3018 4898 vulnus
3037 4842 3106 4898 ab
3140 4841 3418 4898 haereticis
3455 4831 3627 4896 καί-⁸

2035 4942 2237 5000 metur,
2259 4935 2403 4990 sicut
2429 4941 2486 4990 et
2521 4934 2592 4989 ab
2649 4933 2758 4990 hoc
2805 4931 2904 5004 qui
2968 4930 3213 4988 studium
3249 4928 3604 4987 medicabilis

2035 5023 2313 5096 patientiae
2371 5024 2752 5080 moderatione
2800 5023 3120 5080 adhibuisse
3163 5036 3228 5079 se
3257 5023 3449 5094 iactet,
3486 5035 3608 5092 quo

2034 5110 2364 5188 Scytharum
2385 5115 2686 5172 monachos
2703 5130 2734 5170 a
2753 5113 2980 5186 proprio
3005 5122 3229 5170 sanaret
3239 5113 3499 5168 vulneres
3613 5096 3631 5127 ⁸

2101 5209 2260 5265 Unde
2286 5209 2572 5280 sequitur:
2606 5226 2626 5261 ι
2654 5207 2762 5265 Sed
2785 5208 3029 5278 quando,
3063 5207 3261 5278 inquit,
3283 5205 3438 5262 virus
3459 5197 3607 5275 quod

2029 5298 2246 5354 viscera
2294 5297 2630 5368 penetravit,
2655 5299 2952 5354 evellitur?
2987 5297 3210 5368 quando
3241 5293 3409 5350 corda
3463 5294 3609 5349 male

2030 5389 2138 5444 sibi
2193 5388 2465 5453 credula,
2521 5388 2776 5445 veritatis
2837 5389 3227 5458 obtemperant
3290 5381 3611 5440 institutis?

2029 5477 2254 5550 quando
2279 5479 2462 5535 induit
2480 5479 2814 5536 obedientiaa
2852 5477 3223 5536 humilitatem
3247 5476 3608 5548 opinionibus

2034 5569 2151 5626 suis
2193 5569 2397 5626 vallata
2431 5569 2731 5641 superbia?
2789 5565 3014 5640 quando
3045 5565 3408 5636 acquiescunt
3457 5561 3626 5643 paci.
