  <div class='ocr_page' id='page_1' title='image "/cluster/home/n/w/nwhite01/storage/ocr_20150623/86 pt.1/mdp.39015028803867/058.png"; bbox 0 0 3904 6144; ppageno 0'>
   <div class='ocr_carea' id='block_1_1' title="bbox 638 410 826 437">
    <p class='ocr_par' dir='ltr' id='par_1_1' title="bbox 638 410 826 437">
     <span class='ocr_line' id='line_1_1' title="bbox 638 410 826 437; baseline 0.011 -3"><span class='ocrx_word' id='word_1_1' title='bbox 638 410 826 437; x_wconf 52' lang='grc' dir='ltr'><strong>ῲψν</strong></span> 
     </span>
    </p>
   </div>
   <div class='ocr_carea' id='block_1_2' title="bbox 278 452 3524 553">
    <p class='ocr_par' dir='ltr' id='par_1_2' title="bbox 278 452 3524 553">
     <span class='ocr_line' id='line_1_2' title="bbox 278 452 3524 553; baseline -0.002 -16"><span class='ocrx_word' id='word_1_2' title='bbox 278 474 376 547; x_wconf 58' lang='lat' dir='ltr'><strong>mu</strong></span> <span class='ocrx_word' id='word_1_3' title='bbox 614 539 622 553; x_wconf 70' lang='grc'>,</span> <span class='ocrx_word' id='word_1_4' title='bbox 671 452 678 458; x_wconf 82' lang='grc'><strong>’</strong></span> <span class='ocrx_word' id='word_1_5' title='bbox 1156 473 1252 534; x_wconf 85' lang='lat' dir='ltr'><strong>&#39;AD</strong></span> <span class='ocrx_word' id='word_1_6' title='bbox 1287 457 1715 532; x_wconf 68' lang='lat' dir='ltr'><strong>EPISTOLAM</strong></span> <span class='ocrx_word' id='word_1_7' title='bbox 1753 460 2172 528; x_wconf 67' lang='lat' dir='ltr'><strong>IIORMISDE</strong></span> <span class='ocrx_word' id='word_1_8' title='bbox 2205 456 2646 530; x_wconf 78' lang='lat' dir='ltr'><strong>RESPONSIO.</strong></span> <span class='ocrx_word' id='word_1_9' title='bbox 3427 462 3524 534; x_wconf 70' lang='lat' dir='ltr'><strong>tua</strong></span> 
     </span>
    </p>
   </div>
   <div class='ocr_carea' id='block_1_3' title="bbox 239 573 3526 660">
    <p class='ocr_par' dir='ltr' id='par_1_3' title="bbox 239 573 3526 660">
     <span class='ocr_line' id='line_1_3' title="bbox 239 573 3526 660; baseline -0.003 -6"><span class='ocrx_word' id='word_1_10' title='bbox 239 573 696 660; x_wconf 48' lang='lat' dir='ltr'><strong>contentionum</strong></span> <span class='ocrx_word' id='word_1_11' title='bbox 755 587 998 645; x_wconf 78' lang='lat' dir='ltr'><strong>Stimuli‘s</strong></span> <span class='ocrx_word' id='word_1_12' title='bbox 1055 585 1300 649; x_wconf 82' lang='lat' dir='ltr'><strong>assueti,</strong></span> <span class='ocrx_word' id='word_1_13' title='bbox 1362 583 1479 638; x_wconf 88' lang='lat' dir='ltr'><strong>sola</strong></span> <span class='ocrx_word' id='word_1_14' title='bbox 1541 577 1845 637; x_wconf 73' lang='lat' dir='ltr'><strong>certamina</strong></span> <span class='ocrx_word' id='word_1_15' title='bbox 1878 583 1922 640; x_wconf 79' lang='grc' dir='ltr'>Α</span> <span class='ocrx_word' id='word_1_16' title='bbox 1952 579 2044 636; x_wconf 78' lang='lat' dir='ltr'><strong>hic</strong></span> <span class='ocrx_word' id='word_1_17' title='bbox 2070 579 2333 636; x_wconf 90' lang='lat' dir='ltr'><strong>Christ-us</strong></span> <span class='ocrx_word' id='word_1_18' title='bbox 2378 599 2524 638; x_wconf 89' lang='lat' dir='ltr'><strong>unus</strong></span> <span class='ocrx_word' id='word_1_19' title='bbox 2558 585 2633 638; x_wconf 90' lang='lat' dir='ltr'><strong>sit</strong></span> <span class='ocrx_word' id='word_1_20' title='bbox 2664 599 2732 638; x_wconf 77' lang='lat' dir='ltr'><strong>ex</strong></span> <span class='ocrx_word' id='word_1_21' title='bbox 2769 583 3067 650; x_wconf 88' lang='lat' dir='ltr'><strong>Trinitate,</strong></span> <span class='ocrx_word' id='word_1_22' title='bbox 3122 585 3218 642; x_wconf 89' lang='lat' dir='ltr'><strong>scd</strong></span> <span class='ocrx_word' id='word_1_23' title='bbox 3262 586 3394 658; x_wconf 82' lang='lat' dir='ltr'><strong>quia</strong></span> <span class='ocrx_word' id='word_1_24' title='bbox 3427 590 3526 646; x_wconf 82' lang='lat' dir='ltr'><strong>Dei</strong></span> 
     </span>
    </p>
   </div>
   <div class='ocr_carea' id='block_1_4' title="bbox 273 670 1849 754">
    <p class='ocr_par' dir='ltr' id='par_1_4' title="bbox 273 670 1849 754">
     <span class='ocr_line' id='line_1_4' title="bbox 273 670 1849 754; baseline -0.014 -9"><span class='ocrx_word' id='word_1_25' title='bbox 273 695 508 744; x_wconf 86' lang='lat' dir='ltr'><strong>aventes</strong></span> <span class='ocrx_word' id='word_1_26' title='bbox 524 685 591 741; x_wconf 92' lang='lat' dir='ltr'><strong>de</strong></span> <span class='ocrx_word' id='word_1_27' title='bbox 608 683 873 754; x_wconf 76' lang='lat' dir='ltr'><strong>religione</strong></span> <span class='ocrx_word' id='word_1_28' title='bbox 887 687 1132 750; x_wconf 87' lang='lat' dir='ltr'><strong>captare,</strong></span> <span class='ocrx_word' id='word_1_29' title='bbox 1150 686 1207 731; x_wconf 91' lang='lat' dir='ltr'><strong>et</strong></span> <span class='ocrx_word' id='word_1_30' title='bbox 1229 675 1485 730; x_wconf 86' lang='lat' dir='ltr'><strong>mandata</strong></span> <span class='ocrx_word' id='word_1_31' title='bbox 1508 671 1782 742; x_wconf 84' lang='lat' dir='ltr'><strong>negligere</strong></span> <span class='ocrx_word' id='word_1_32' title='bbox 1796 670 1849 724; x_wconf 69' lang='grc' dir='ltr'><strong>ἲ»</strong></span> 
     </span>
    </p>
   </div>
   <div class='ocr_carea' id='block_1_5' title="bbox 284 767 1856 844">
    <p class='ocr_par' dir='ltr' id='par_1_5' title="bbox 284 767 1856 844">
     <span class='ocr_line' id='line_1_5' title="bbox 284 767 1856 844; baseline -0.013 -4"><span class='ocrx_word' id='word_1_33' title='bbox 284 785 402 840; x_wconf 87' lang='grc' dir='ltr'><strong>Νοη</strong></span> <span class='ocrx_word' id='word_1_34' title='bbox 427 789 512 838; x_wconf 88' lang='lat' dir='ltr'><strong>est</strong></span> <span class='ocrx_word' id='word_1_35' title='bbox 543 779 776 835; x_wconf 89' lang='lat' dir='ltr'><strong>dubium</strong></span> <span class='ocrx_word' id='word_1_36' title='bbox 800 775 1077 832; x_wconf 86' lang='lat' dir='ltr'><strong>catholica</strong></span> <span class='ocrx_word' id='word_1_37' title='bbox 1115 773 1393 844; x_wconf 75' lang='lat' dir='ltr'><strong>dogmata,</strong></span> <span class='ocrx_word' id='word_1_38' title='bbox 1421 771 1568 825; x_wconf 87' lang='lat' dir='ltr'><strong>sicut</strong></span> <span class='ocrx_word' id='word_1_39' title='bbox 1600 767 1856 822; x_wconf 90' lang='lat' dir='ltr'><strong>ﬁdelibus</strong></span> 
     </span>
    </p>
   </div>
   <div class='ocr_carea' id='block_1_6' title="bbox 281 855 1852 936">
    <p class='ocr_par' dir='ltr' id='par_1_6' title="bbox 281 855 1852 936">
     <span class='ocr_line' id='line_1_6' title="bbox 281 855 1852 936; baseline -0.011 -7"><span class='ocrx_word' id='word_1_40' title='bbox 281 871 582 936; x_wconf 87' lang='lat' dir='ltr'><strong>salutifera,</strong></span> <span class='ocrx_word' id='word_1_41' title='bbox 619 871 692 924; x_wconf 90' lang='lat' dir='ltr'><strong>ita</strong></span> <span class='ocrx_word' id='word_1_42' title='bbox 725 881 850 924; x_wconf 88' lang='lat' dir='ltr'><strong>esse</strong></span> <span class='ocrx_word' id='word_1_43' title='bbox 874 865 1164 921; x_wconf 89' lang='lat' dir='ltr'><strong>mortifera</strong></span> <span class='ocrx_word' id='word_1_44' title='bbox 1215 861 1556 918; x_wconf 81' lang='lat' dir='ltr'><strong>inﬁdelibus.</strong></span> <span class='ocrx_word' id='word_1_45' title='bbox 1588 859 1730 914; x_wconf 88' lang='lat' dir='ltr'><strong>Hinc</strong></span> <span class='ocrx_word' id='word_1_46' title='bbox 1751 855 1852 912; x_wconf 88' lang='lat' dir='ltr'><strong>de-</strong></span> 
     </span>
    </p>
   </div>
   <div class='ocr_carea' id='block_1_7' title="bbox 284 947 1858 1034">
    <p class='ocr_par' dir='ltr' id='par_1_7' title="bbox 284 947 1858 1034">
     <span class='ocr_line' id='line_1_7' title="bbox 284 947 1858 1034; baseline -0.012 -14"><span class='ocrx_word' id='word_1_47' title='bbox 284 964 448 1034; x_wconf 83' lang='lat' dir='ltr'><strong>nique</strong></span> <span class='ocrx_word' id='word_1_48' title='bbox 471 964 665 1018; x_wconf 90' lang='lat' dir='ltr'><strong>beatus</strong></span> <span class='ocrx_word' id='word_1_49' title='bbox 693 957 994 1031; x_wconf 74' lang='lat' dir='ltr'><strong>Apostolus</strong></span> <span class='ocrx_word' id='word_1_50' title='bbox 1027 953 1612 1026; x_wconf 85' lang='lat' dir='ltr'><strong>quibusdamodorem</strong></span> <span class='ocrx_word' id='word_1_51' title='bbox 1641 965 1700 1004; x_wconf 90' lang='lat' dir='ltr'><strong>se</strong></span> <span class='ocrx_word' id='word_1_52' title='bbox 1725 947 1858 1003; x_wconf 90' lang='lat' dir='ltr'><strong>dicit</strong></span> 
     </span>
    </p>
   </div>
   <div class='ocr_carea' id='block_1_8' title="bbox 279 1045 1858 1120">
    <p class='ocr_par' dir='ltr' id='par_1_8' title="bbox 279 1045 1858 1120">
     <span class='ocr_line' id='line_1_8' title="bbox 279 1045 1858 1120; baseline -0.011 -9"><span class='ocrx_word' id='word_1_53' title='bbox 279 1070 398 1112; x_wconf 86' lang='lat' dir='ltr'><strong>esse</strong></span> <span class='ocrx_word' id='word_1_54' title='bbox 435 1054 559 1109; x_wconf 83' lang='lat' dir='ltr'><strong>vitae</strong></span> <span class='ocrx_word' id='word_1_55' title='bbox 591 1053 862 1115; x_wconf 81' lang='lat' dir='ltr'><strong>invitam,</strong></span> <span class='ocrx_word' id='word_1_56' title='bbox 899 1049 1237 1120; x_wconf 81' lang='lat' dir='ltr'><strong>quibusdam</strong></span> <span class='ocrx_word' id='word_1_57' title='bbox 1275 1061 1412 1102; x_wconf 89' lang='lat' dir='ltr'><strong>vero</strong></span> <span class='ocrx_word' id='word_1_58' title='bbox 1443 1045 1670 1100; x_wconf 90' lang='lat' dir='ltr'><strong>odorem</strong></span> <span class='ocrx_word' id='word_1_59' title='bbox 1703 1056 1858 1094; x_wconf 89' lang='lat' dir='ltr'><strong>mor-</strong></span> 
     </span>
    </p>
   </div>
   <div class='ocr_carea' id='block_1_9' title="bbox 285 1131 1858 1210">
    <p class='ocr_par' dir='ltr' id='par_1_9' title="bbox 285 1131 1858 1210">
     <span class='ocr_line' id='line_1_9' title="bbox 285 1131 1858 1210; baseline -0.011 -10"><span class='ocrx_word' id='word_1_60' title='bbox 285 1145 354 1200; x_wconf 89' lang='lat' dir='ltr'><strong>tis</strong></span> <span class='ocrx_word' id='word_1_61' title='bbox 381 1145 436 1199; x_wconf 92' lang='lat' dir='ltr'><strong>in</strong></span> <span class='ocrx_word' id='word_1_62' title='bbox 468 1152 707 1198; x_wconf 86' lang='lat' dir='ltr'><strong>mortem</strong></span> <span class='ocrx_word' id='word_1_63' title='bbox 727 1142 797 1194; x_wconf 76' lang='grc'><strong>²⁶.</strong></span> <span class='ocrx_word' id='word_1_64' title='bbox 826 1140 906 1196; x_wconf 77' lang='lat' dir='ltr'><strong>Ex</strong></span> <span class='ocrx_word' id='word_1_65' title='bbox 929 1139 1137 1210; x_wconf 87' lang='lat' dir='ltr'><strong>quibus</strong></span> <span class='ocrx_word' id='word_1_66' title='bbox 1157 1151 1303 1192; x_wconf 91' lang='lat' dir='ltr'><strong>unus</strong></span> <span class='ocrx_word' id='word_1_67' title='bbox 1345 1135 1448 1190; x_wconf 89' lang='lat' dir='ltr'><strong>iste</strong></span> <span class='ocrx_word' id='word_1_68' title='bbox 1473 1149 1594 1189; x_wconf 87' lang='lat' dir='ltr'><strong>esse</strong></span> <span class='ocrx_word' id='word_1_69' title='bbox 1631 1131 1858 1187; x_wconf 90' lang='lat' dir='ltr'><strong>omnino</strong></span> 
     </span>
    </p>
   </div>
   <div class='ocr_carea' id='block_1_10' title="bbox 278 1219 1851 1301">
    <p class='ocr_par' dir='ltr' id='par_1_10' title="bbox 278 1219 1851 1301">
     <span class='ocr_line' id='line_1_10' title="bbox 278 1219 1851 1301; baseline -0.011 -12"><span class='ocrx_word' id='word_1_70' title='bbox 278 1232 628 1290; x_wconf 80' lang='lat' dir='ltr'><strong>convincitur</strong></span> <span class='ocrx_word' id='word_1_71' title='bbox 649 1229 748 1301; x_wconf 89' lang='lat' dir='ltr'><strong>qui</strong></span> <span class='ocrx_word' id='word_1_72' title='bbox 782 1237 1028 1283; x_wconf 88' lang='lat' dir='ltr'><strong>sanctam</strong></span> <span class='ocrx_word' id='word_1_73' title='bbox 1053 1234 1110 1281; x_wconf 89' lang='lat' dir='ltr'><strong>et</strong></span> <span class='ocrx_word' id='word_1_74' title='bbox 1145 1223 1372 1280; x_wconf 77' lang='lat' dir='ltr'><strong>veritati</strong></span> <span class='ocrx_word' id='word_1_75' title='bbox 1416 1219 1851 1278; x_wconf 82' lang='lat' dir='ltr'><strong>convenientem</strong></span> 
     </span>
    </p>
   </div>
   <div class='ocr_carea' id='block_1_11' title="bbox 285 1309 1861 1398">
    <p class='ocr_par' dir='ltr' id='par_1_11' title="bbox 285 1309 1861 1398">
     <span class='ocr_line' id='line_1_11' title="bbox 285 1309 1861 1398; baseline -0.012 -16"><span class='ocrx_word' id='word_1_76' title='bbox 285 1327 632 1398; x_wconf 78' lang='lat' dir='ltr'><strong>Scytharum,</strong></span> <span class='ocrx_word' id='word_1_77' title='bbox 667 1323 784 1378; x_wconf 90' lang='lat' dir='ltr'><strong>imo</strong></span> <span class='ocrx_word' id='word_1_78' title='bbox 839 1320 1112 1374; x_wconf 79' lang='lat' dir='ltr'><strong>universae</strong></span> <span class='ocrx_word' id='word_1_79' title='bbox 1139 1315 1417 1378; x_wconf 81' lang='lat' dir='ltr'><strong>Ecclesiae,</strong></span> <span class='ocrx_word' id='word_1_80' title='bbox 1459 1309 1861 1383; x_wconf 86' lang='lat' dir='ltr'><strong>professionem</strong></span> 
     </span>
    </p>
   </div>
   <div class='ocr_carea' id='block_1_12' title="bbox 285 1399 1862 1474">
    <p class='ocr_par' dir='ltr' id='par_1_12' title="bbox 285 1399 1862 1474">
     <span class='ocr_line' id='line_1_12' title="bbox 285 1399 1862 1474; baseline -0.012 -3"><span class='ocrx_word' id='word_1_81' title='bbox 285 1419 439 1474; x_wconf 86' lang='lat' dir='ltr'><strong>virus</strong></span> <span class='ocrx_word' id='word_1_82' title='bbox 487 1415 714 1470; x_wconf 76' lang='lat' dir='ltr'><strong>noxium</strong></span> <span class='ocrx_word' id='word_1_83' title='bbox 772 1412 1106 1468; x_wconf 84' lang='lat' dir='ltr'><strong>arbitratur.</strong></span> <span class='ocrx_word' id='word_1_84' title='bbox 1158 1407 1272 1463; x_wconf 84' lang='lat' dir='ltr'><strong>Nec</strong></span> <span class='ocrx_word' id='word_1_85' title='bbox 1339 1403 1653 1466; x_wconf 86' lang='lat' dir='ltr'><strong>immerito;</strong></span> <span class='ocrx_word' id='word_1_86' title='bbox 1711 1399 1862 1454; x_wconf 80' lang='lat' dir='ltr'><strong>videt</strong></span> 
     </span>
    </p>
   </div>
   <div class='ocr_carea' id='block_1_13' title="bbox 285 1491 1862 1577">
    <p class='ocr_par' dir='ltr' id='par_1_13' title="bbox 285 1491 1862 1577">
     <span class='ocr_line' id='line_1_13' title="bbox 285 1491 1862 1577; baseline -0.011 -15"><span class='ocrx_word' id='word_1_87' title='bbox 285 1522 522 1577; x_wconf 83' lang='lat' dir='ltr'><strong>namque</strong></span> <span class='ocrx_word' id='word_1_88' title='bbox 567 1503 810 1576; x_wconf 72' lang='lat' dir='ltr'><strong>pr0prite</strong></span> <span class='ocrx_word' id='word_1_89' title='bbox 873 1499 1125 1572; x_wconf 88' lang='lat' dir='ltr'><strong>perﬁdiae</strong></span> <span class='ocrx_word' id='word_1_90' title='bbox 1174 1497 1480 1552; x_wconf 81' lang='lat' dir='ltr'><strong>hancesse</strong></span> <span class='ocrx_word' id='word_1_91' title='bbox 1527 1491 1862 1548; x_wconf 75' lang='lat' dir='ltr'><strong>sententiam</strong></span> 
     </span>
    </p>
   </div>
   <div class='ocr_carea' id='block_1_14' title="bbox 283 1586 1859 1668">
    <p class='ocr_par' dir='ltr' id='par_1_14' title="bbox 283 1586 1859 1668">
     <span class='ocr_line' id='line_1_14' title="bbox 283 1586 1859 1668; baseline -0.012 -11"><span class='ocrx_word' id='word_1_92' title='bbox 283 1601 407 1666; x_wconf 83' lang='lat' dir='ltr'><strong>sine</strong></span> <span class='ocrx_word' id='word_1_93' title='bbox 433 1599 605 1655; x_wconf 92' lang='lat' dir='ltr'><strong>dubio</strong></span> <span class='ocrx_word' id='word_1_94' title='bbox 634 1595 1092 1668; x_wconf 75' lang='lat' dir='ltr'><strong>peremptorium,</strong></span> <span class='ocrx_word' id='word_1_95' title='bbox 1125 1607 1248 1662; x_wconf 86' lang='lat' dir='ltr'><strong>quae</strong></span> <span class='ocrx_word' id='word_1_96' title='bbox 1272 1589 1496 1645; x_wconf 83' lang='lat' dir='ltr'><strong>illorum</strong></span> <span class='ocrx_word' id='word_1_97' title='bbox 1529 1586 1859 1649; x_wconf 86' lang='lat' dir='ltr'><strong>visceribus,</strong></span> 
     </span>
    </p>
   </div>
   <div class='ocr_carea' id='block_1_15' title="bbox 287 1676 1863 1762">
    <p class='ocr_par' dir='ltr' id='par_1_15' title="bbox 287 1676 1863 1762">
     <span class='ocr_line' id='line_1_15' title="bbox 287 1676 1863 1762; baseline -0.011 -16"><span class='ocrx_word' id='word_1_98' title='bbox 287 1707 430 1762; x_wconf 89' lang='lat' dir='ltr'><strong>quos</strong></span> <span class='ocrx_word' id='word_1_99' title='bbox 444 1690 632 1745; x_wconf 89' lang='lat' dir='ltr'><strong>divina</strong></span> <span class='ocrx_word' id='word_1_100' title='bbox 645 1687 888 1744; x_wconf 84' lang='lat' dir='ltr'><strong>custodit</strong></span> <span class='ocrx_word' id='word_1_101' title='bbox 909 1684 1104 1756; x_wconf 86' lang='lat' dir='ltr'><strong>gratia.</strong></span> <span class='ocrx_word' id='word_1_102' title='bbox 1130 1681 1255 1738; x_wconf 75' lang='lat' dir='ltr'><strong>ideo</strong></span> <span class='ocrx_word' id='word_1_103' title='bbox 1278 1694 1558 1750; x_wconf 85' lang='lat' dir='ltr'><strong>nunquam</strong></span> <span class='ocrx_word' id='word_1_104' title='bbox 1579 1676 1863 1742; x_wconf 70' lang='lat' dir='ltr'><strong>evellitur,</strong></span> 
     </span>
    </p>
   </div>
   <div class='ocr_carea' id='block_1_16' title="bbox 291 1767 1866 1851">
    <p class='ocr_par' dir='ltr' id='par_1_16' title="bbox 291 1767 1866 1851">
     <span class='ocr_line' id='line_1_16' title="bbox 291 1767 1866 1851; baseline -0.008 -17"><span class='ocrx_word' id='word_1_105' title='bbox 291 1781 422 1851; x_wconf 89' lang='lat' dir='ltr'><strong>quia</strong></span> <span class='ocrx_word' id='word_1_106' title='bbox 465 1781 586 1851; x_wconf 83' lang='lat' dir='ltr'><strong>ejus</strong></span> <span class='ocrx_word' id='word_1_107' title='bbox 613 1777 802 1835; x_wconf 88' lang='lat' dir='ltr'><strong>vitalis</strong></span> <span class='ocrx_word' id='word_1_108' title='bbox 826 1774 1122 1832; x_wconf 87' lang='lat' dir='ltr'><strong>suavitudo</strong></span> <span class='ocrx_word' id='word_1_109' title='bbox 1179 1773 1359 1830; x_wconf 85' lang='lat' dir='ltr'><strong>nutrit</strong></span> <span class='ocrx_word' id='word_1_110' title='bbox 1401 1781 1458 1826; x_wconf 91' lang='lat' dir='ltr'><strong>et</strong></span> <span class='ocrx_word' id='word_1_111' title='bbox 1502 1770 1650 1825; x_wconf 84' lang='lat' dir='ltr'><strong>fovet</strong></span> <span class='ocrx_word' id='word_1_112' title='bbox 1699 1767 1866 1823; x_wconf 83' lang='lat' dir='ltr'><strong>corda</strong></span> 
     </span>
    </p>
   </div>
   <div class='ocr_carea' id='block_1_17' title="bbox 291 1861 1867 1936">
    <p class='ocr_par' dir='ltr' id='par_1_17' title="bbox 291 1861 1867 1936">
     <span class='ocr_line' id='line_1_17' title="bbox 291 1861 1867 1936; baseline -0.009 -10"><span class='ocrx_word' id='word_1_113' title='bbox 291 1871 564 1936; x_wconf 81' lang='lat' dir='ltr'><strong>ﬁdelium.</strong></span> <span class='ocrx_word' id='word_1_114' title='bbox 597 1871 702 1926; x_wconf 73' lang='lat' dir='ltr'><strong>llic</strong></span> <span class='ocrx_word' id='word_1_115' title='bbox 724 1876 911 1924; x_wconf 90' lang='lat' dir='ltr'><strong>autem</strong></span> <span class='ocrx_word' id='word_1_116' title='bbox 943 1866 1155 1922; x_wconf 88' lang='lat' dir='ltr'><strong>idcirco</strong></span> <span class='ocrx_word' id='word_1_117' title='bbox 1183 1865 1502 1919; x_wconf 81' lang='lat' dir='ltr'><strong>nullatenus</strong></span> <span class='ocrx_word' id='word_1_118' title='bbox 1543 1861 1712 1932; x_wconf 81' lang='lat' dir='ltr'><strong>hujus</strong></span> <span class='ocrx_word' id='word_1_119' title='bbox 1739 1873 1867 1930; x_wconf 84' lang='lat' dir='ltr'><strong>gra-</strong></span> 
     </span>
    </p>
   </div>
   <div class='ocr_carea' id='block_1_18' title="bbox 293 1952 1867 2030">
    <p class='ocr_par' dir='ltr' id='par_1_18' title="bbox 293 1952 1867 2030">
     <span class='ocr_line' id='line_1_18' title="bbox 293 1952 1867 2030; baseline -0.009 -12"><span class='ocrx_word' id='word_1_120' title='bbox 293 1962 735 2018; x_wconf 87' lang='lat' dir='ltr'><strong>tiaesuavitndini</strong></span> <span class='ocrx_word' id='word_1_121' title='bbox 759 1959 1088 2030; x_wconf 86' lang='lat' dir='ltr'><strong>acquiescit,</strong></span> <span class='ocrx_word' id='word_1_122' title='bbox 1107 1957 1260 2026; x_wconf 84' lang='lat' dir='ltr'><strong>quia,</strong></span> <span class='ocrx_word' id='word_1_123' title='bbox 1287 1961 1431 2010; x_wconf 83' lang='lat' dir='ltr'><strong>srcut</strong></span> <span class='ocrx_word' id='word_1_124' title='bbox 1449 1953 1568 2023; x_wconf 83' lang='lat' dir='ltr'><strong>ipse</strong></span> <span class='ocrx_word' id='word_1_125' title='bbox 1585 1952 1693 2016; x_wconf 90' lang='lat' dir='ltr'><strong>ait,</strong></span> <span class='ocrx_word' id='word_1_126' title='bbox 1722 1965 1867 2005; x_wconf 83' lang='lat' dir='ltr'><strong>nun-</strong></span> 
     </span>
    </p>
   </div>
   <div class='ocr_carea' id='block_1_19' title="bbox 292 2043 1872 2124">
    <p class='ocr_par' dir='ltr' id='par_1_19' title="bbox 292 2043 1872 2124">
     <span class='ocr_line' id='line_1_19' title="bbox 292 2043 1872 2124; baseline -0.011 -14"><span class='ocrx_word' id='word_1_127' title='bbox 292 2070 460 2124; x_wconf 87' lang='lat' dir='ltr'><strong>quam</strong></span> <span class='ocrx_word' id='word_1_128' title='bbox 479 2054 619 2109; x_wconf 90' lang='lat' dir='ltr'><strong>male</strong></span> <span class='ocrx_word' id='word_1_129' title='bbox 643 2052 750 2109; x_wconf 91' lang='lat' dir='ltr'><strong>sibi</strong></span> <span class='ocrx_word' id='word_1_130' title='bbox 767 2050 993 2105; x_wconf 89' lang='lat' dir='ltr'><strong>credula</strong></span> <span class='ocrx_word' id='word_1_131' title='bbox 1017 2047 1188 2102; x_wconf 88' lang='lat' dir='ltr'><strong>corda</strong></span> <span class='ocrx_word' id='word_1_132' title='bbox 1208 2044 1458 2100; x_wconf 80' lang='lat' dir='ltr'><strong>veritatis</strong></span> <span class='ocrx_word' id='word_1_133' title='bbox 1487 2043 1872 2110; x_wconf 87' lang='lat' dir='ltr'><strong>obtemperant</strong></span> 
     </span>
    </p>
   </div>
   <div class='ocr_carea' id='block_1_20' title="bbox 291 2132 1872 2212">
    <p class='ocr_par' dir='ltr' id='par_1_20' title="bbox 291 2132 1872 2212">
     <span class='ocr_line' id='line_1_20' title="bbox 291 2132 1872 2212; baseline -0.011 -11"><span class='ocrx_word' id='word_1_134' title='bbox 291 2145 591 2211; x_wconf 79' lang='lat' dir='ltr'><strong>institutis,</strong></span> <span class='ocrx_word' id='word_1_135' title='bbox 611 2157 896 2212; x_wconf 88' lang='lat' dir='ltr'><strong>nunquam</strong></span> <span class='ocrx_word' id='word_1_136' title='bbox 919 2139 1107 2194; x_wconf 84' lang='lat' dir='ltr'><strong>induit</strong></span> <span class='ocrx_word' id='word_1_137' title='bbox 1135 2135 1472 2192; x_wconf 73' lang='lat' dir='ltr'><strong>obedientite</strong></span> <span class='ocrx_word' id='word_1_138' title='bbox 1502 2132 1872 2187; x_wconf 75' lang='lat' dir='ltr'><strong>humilitatem</strong></span> 
     </span>
    </p>
   </div>
   <div class='ocr_carea' id='block_1_21' title="bbox 295 2220 1874 2306">
    <p class='ocr_par' dir='ltr' id='par_1_21' title="bbox 295 2220 1874 2306">
     <span class='ocr_line' id='line_1_21' title="bbox 295 2220 1874 2306; baseline -0.011 -15"><span class='ocrx_word' id='word_1_139' title='bbox 295 2235 658 2306; x_wconf 84' lang='lat' dir='ltr'><strong>opinionibus</strong></span> <span class='ocrx_word' id='word_1_140' title='bbox 673 2233 791 2289; x_wconf 89' lang='lat' dir='ltr'><strong>suis</strong></span> <span class='ocrx_word' id='word_1_141' title='bbox 815 2231 1018 2286; x_wconf 88' lang='lat' dir='ltr'><strong>vallata</strong></span> <span class='ocrx_word' id='word_1_142' title='bbox 1042 2225 1491 2299; x_wconf 61' lang='lat' dir='ltr'><strong>superbiallnde</strong></span> <span class='ocrx_word' id='word_1_143' title='bbox 1512 2239 1629 2278; x_wconf 75' lang='lat' dir='ltr'><strong>non</strong></span> <span class='ocrx_word' id='word_1_144' title='bbox 1647 2224 1758 2294; x_wconf 91' lang='lat' dir='ltr'><strong>jam</strong></span> <span class='ocrx_word' id='word_1_145' title='bbox 1793 2220 1874 2275; x_wconf 86' lang='lat' dir='ltr'><strong>illi</strong></span> 
     </span>
    </p>
   </div>
   <div class='ocr_carea' id='block_1_22' title="bbox 293 2316 1874 2396">
    <p class='ocr_par' dir='ltr' id='par_1_22' title="bbox 293 2316 1874 2396">
     <span class='ocr_line' id='line_1_22' title="bbox 293 2316 1874 2396; baseline -0.008 -16"><span class='ocrx_word' id='word_1_146' title='bbox 293 2326 390 2396; x_wconf 89' lang='lat' dir='ltr'><strong>qui</strong></span> <span class='ocrx_word' id='word_1_147' title='bbox 406 2327 718 2382; x_wconf 67' lang='lat' dir='ltr'><strong>htereticam</strong></span> <span class='ocrx_word' id='word_1_148' title='bbox 747 2337 937 2394; x_wconf 86' lang='lat' dir='ltr'><strong>pacem</strong></span> <span class='ocrx_word' id='word_1_149' title='bbox 959 2321 1259 2392; x_wconf 90' lang='lat' dir='ltr'><strong>refugiunt,</strong></span> <span class='ocrx_word' id='word_1_150' title='bbox 1279 2319 1378 2374; x_wconf 88' lang='lat' dir='ltr'><strong>sed</strong></span> <span class='ocrx_word' id='word_1_151' title='bbox 1401 2319 1505 2372; x_wconf 88' lang='lat' dir='ltr'><strong>iste</strong></span> <span class='ocrx_word' id='word_1_152' title='bbox 1538 2316 1723 2388; x_wconf 90' lang='lat' dir='ltr'><strong>potius</strong></span> <span class='ocrx_word' id='word_1_153' title='bbox 1739 2329 1874 2370; x_wconf 88' lang='lat' dir='ltr'><strong>con-</strong></span> 
     </span>
    </p>
   </div>
   <div class='ocr_carea' id='block_1_23' title="bbox 293 2406 1864 2481">
    <p class='ocr_par' dir='ltr' id='par_1_23' title="bbox 293 2406 1864 2481">
     <span class='ocr_line' id='line_1_23' title="bbox 293 2406 1864 2481; baseline -0.008 -10"><span class='ocrx_word' id='word_1_154' title='bbox 293 2417 607 2472; x_wconf 82' lang='lat' dir='ltr'><strong>tentionum</strong></span> <span class='ocrx_word' id='word_1_155' title='bbox 629 2416 870 2471; x_wconf 87' lang='lat' dir='ltr'><strong>stimulis</strong></span> <span class='ocrx_word' id='word_1_156' title='bbox 909 2420 1166 2470; x_wconf 91' lang='lat' dir='ltr'><strong>assuetus</strong></span> <span class='ocrx_word' id='word_1_157' title='bbox 1183 2410 1414 2481; x_wconf 89' lang='lat' dir='ltr'><strong>penitus</strong></span> <span class='ocrx_word' id='word_1_158' title='bbox 1445 2406 1864 2478; x_wconf 83' lang='lat' dir='ltr'><strong>comprobatur,</strong></span> 
     </span>
    </p>
   </div>
   <div class='ocr_carea' id='block_1_24' title="bbox 293 2497 1872 2576">
    <p class='ocr_par' dir='ltr' id='par_1_24' title="bbox 293 2497 1872 2576">
     <span class='ocr_line' id='line_1_24' title="bbox 293 2497 1872 2576; baseline -0.006 -16"><span class='ocrx_word' id='word_1_159' title='bbox 293 2507 385 2576; x_wconf 78' lang='lat' dir='ltr'><strong>qui</strong></span> <span class='ocrx_word' id='word_1_160' title='bbox 407 2507 623 2562; x_wconf 88' lang='lat' dir='ltr'><strong>veritati</strong></span> <span class='ocrx_word' id='word_1_161' title='bbox 649 2506 814 2576; x_wconf 88' lang='lat' dir='ltr'><strong>impie</strong></span> <span class='ocrx_word' id='word_1_162' title='bbox 837 2505 1124 2568; x_wconf 89' lang='lat' dir='ltr'><strong>resistens,</strong></span> <span class='ocrx_word' id='word_1_163' title='bbox 1145 2517 1176 2557; x_wconf 89' lang='lat' dir='ltr'><strong>a</strong></span> <span class='ocrx_word' id='word_1_164' title='bbox 1205 2501 1478 2556; x_wconf 88' lang='lat' dir='ltr'><strong>catholica</strong></span> <span class='ocrx_word' id='word_1_165' title='bbox 1503 2513 1637 2570; x_wconf 89' lang='lat' dir='ltr'><strong>pace</strong></span> <span class='ocrx_word' id='word_1_166' title='bbox 1651 2497 1872 2552; x_wconf 87' lang='lat' dir='ltr'><strong>dissen-</strong></span> 
     </span>
    </p>
   </div>
   <div class='ocr_carea' id='block_1_25' title="bbox 294 2587 1872 2662">
    <p class='ocr_par' dir='ltr' id='par_1_25' title="bbox 294 2587 1872 2662">
     <span class='ocr_line' id='line_1_25' title="bbox 294 2587 1872 2662; baseline -0.007 -12"><span class='ocrx_word' id='word_1_167' title='bbox 294 2594 380 2650; x_wconf 90' lang='lat' dir='ltr'><strong>tit.</strong></span> <span class='ocrx_word' id='word_1_168' title='bbox 414 2594 531 2652; x_wconf 86' lang='lat' dir='ltr'><strong>Nec</strong></span> <span class='ocrx_word' id='word_1_169' title='bbox 591 2594 851 2650; x_wconf 88' lang='lat' dir='ltr'><strong>mandata</strong></span> <span class='ocrx_word' id='word_1_170' title='bbox 875 2592 1086 2650; x_wconf 90' lang='lat' dir='ltr'><strong>Christi</strong></span> <span class='ocrx_word' id='word_1_171' title='bbox 1116 2591 1429 2662; x_wconf 81' lang='lat' dir='ltr'><strong>negligant,</strong></span> <span class='ocrx_word' id='word_1_172' title='bbox 1483 2589 1631 2644; x_wconf 84' lang='lat' dir='ltr'><strong>sicut</strong></span> <span class='ocrx_word' id='word_1_173' title='bbox 1679 2587 1872 2655; x_wconf 84' lang='lat' dir='ltr'><strong>inique</strong></span> 
     </span>
    </p>
   </div>
   <div class='ocr_carea' id='block_1_26' title="bbox 289 2679 1871 2756">
    <p class='ocr_par' dir='ltr' id='par_1_26' title="bbox 289 2679 1871 2756">
     <span class='ocr_line' id='line_1_26' title="bbox 289 2679 1871 2756; baseline -0.006 -15"><span class='ocrx_word' id='word_1_174' title='bbox 289 2685 638 2756; x_wconf 82' lang='lat' dir='ltr'><strong>obloquitur,</strong></span> <span class='ocrx_word' id='word_1_175' title='bbox 665 2686 762 2742; x_wconf 88' lang='lat' dir='ltr'><strong>sed</strong></span> <span class='ocrx_word' id='word_1_176' title='bbox 785 2685 1013 2741; x_wconf 90' lang='lat' dir='ltr'><strong>omnino</strong></span> <span class='ocrx_word' id='word_1_177' title='bbox 1035 2684 1376 2745; x_wconf 86' lang='lat' dir='ltr'><strong>custodiunt,</strong></span> <span class='ocrx_word' id='word_1_178' title='bbox 1437 2681 1535 2752; x_wconf 89' lang='lat' dir='ltr'><strong>qui</strong></span> <span class='ocrx_word' id='word_1_179' title='bbox 1575 2695 1685 2735; x_wconf 89' lang='lat' dir='ltr'><strong>non</strong></span> <span class='ocrx_word' id='word_1_180' title='bbox 1713 2679 1871 2743; x_wconf 72' lang='lat' dir='ltr'><strong>falsa,</strong></span> 
     </span>
    </p>
   </div>
   <div class='ocr_carea' id='block_1_27' title="bbox 293 2771 1878 2848">
    <p class='ocr_par' dir='ltr' id='par_1_27' title="bbox 293 2771 1878 2848">
     <span class='ocr_line' id='line_1_27' title="bbox 293 2771 1878 2848; baseline -0.005 -16"><span class='ocrx_word' id='word_1_181' title='bbox 293 2776 392 2832; x_wconf 86' lang='lat' dir='ltr'><strong>sed</strong></span> <span class='ocrx_word' id='word_1_182' title='bbox 459 2794 593 2835; x_wconf 85' lang='lat' dir='ltr'><strong>vera</strong></span> <span class='ocrx_word' id='word_1_183' title='bbox 653 2785 917 2833; x_wconf 79' lang='lat' dir='ltr'><strong>exercent</strong></span> <span class='ocrx_word' id='word_1_184' title='bbox 944 2789 1047 2846; x_wconf 86' lang='lat' dir='ltr'><strong>pro</strong></span> <span class='ocrx_word' id='word_1_185' title='bbox 1082 2775 1356 2848; x_wconf 86' lang='lat' dir='ltr'><strong>catholica</strong></span> <span class='ocrx_word' id='word_1_186' title='bbox 1395 2771 1664 2843; x_wconf 82' lang='lat' dir='ltr'><strong>religione</strong></span> <span class='ocrx_word' id='word_1_187' title='bbox 1696 2781 1878 2825; x_wconf 81' lang='lat' dir='ltr'><strong>certa-</strong></span> 
     </span>
    </p>
   </div>
   <div class='ocr_carea' id='block_1_28' title="bbox 297 2865 1872 2934">
    <p class='ocr_par' dir='ltr' id='par_1_28' title="bbox 297 2865 1872 2934">
     <span class='ocr_line' id='line_1_28' title="bbox 297 2865 1872 2934; baseline -0.006 -12"><span class='ocrx_word' id='word_1_188' title='bbox 297 2869 480 2934; x_wconf 74' lang='lat' dir='ltr'><strong>mina,</strong></span> <span class='ocrx_word' id='word_1_189' title='bbox 509 2867 700 2928; x_wconf 80' lang='lat' dir='ltr'><strong>Adhuc</strong></span> <span class='ocrx_word' id='word_1_190' title='bbox 723 2868 838 2923; x_wconf 92' lang='lat' dir='ltr'><strong>odii</strong></span> <span class='ocrx_word' id='word_1_191' title='bbox 875 2869 962 2922; x_wconf 90' lang='lat' dir='ltr'><strong>sui</strong></span> <span class='ocrx_word' id='word_1_192' title='bbox 995 2880 1213 2922; x_wconf 89' lang='lat' dir='ltr'><strong>veneno</strong></span> <span class='ocrx_word' id='word_1_193' title='bbox 1259 2865 1516 2921; x_wconf 83' lang='lat' dir='ltr'><strong>turbatus</strong></span> <span class='ocrx_word' id='word_1_194' title='bbox 1538 2900 1553 2925; x_wconf 90' lang='lat'><strong>,</strong></span> <span class='ocrx_word' id='word_1_195' title='bbox 1594 2875 1872 2930; x_wconf 88' lang='lat' dir='ltr'><strong>nunquam</strong></span> 
     </span>
    </p>
   </div>
   <div class='ocr_carea' id='block_1_29' title="bbox 295 2955 1876 3030">
    <p class='ocr_par' dir='ltr' id='par_1_29' title="bbox 295 2955 1876 3030">
     <span class='ocr_line' id='line_1_29' title="bbox 295 2955 1876 3030; baseline -0.006 -15"><span class='ocrx_word' id='word_1_196' title='bbox 295 2960 514 3016; x_wconf 86' lang='lat' dir='ltr'><strong>charita</strong></span> <span class='ocrx_word' id='word_1_197' title='bbox 524 2971 632 3015; x_wconf 91' lang='lat' dir='ltr'><strong>tem</strong></span> <span class='ocrx_word' id='word_1_198' title='bbox 649 2975 794 3015; x_wconf 86' lang='lat' dir='ltr'><strong>novo</strong></span> <span class='ocrx_word' id='word_1_199' title='bbox 815 2967 1091 3030; x_wconf 77' lang='lat' dir='ltr'><strong>praecepto</strong></span> <span class='ocrx_word' id='word_1_200' title='bbox 1107 2955 1572 3019; x_wconf 86' lang='lat' dir='ltr'><strong>commendatam,</strong></span> <span class='ocrx_word' id='word_1_201' title='bbox 1592 2965 1876 3023; x_wconf 88' lang='lat' dir='ltr'><strong>nunquam</strong></span> 
     </span>
    </p>
   </div>
   <div class='ocr_carea' id='block_1_30' title="bbox 295 3045 1878 3120">
    <p class='ocr_par' dir='ltr' id='par_1_30' title="bbox 295 3045 1878 3120">
     <span class='ocr_line' id='line_1_30' title="bbox 295 3045 1878 3120; baseline -0.006 -14"><span class='ocrx_word' id='word_1_202' title='bbox 295 3066 490 3120; x_wconf 88' lang='lat' dir='ltr'><strong>pacem</strong></span> <span class='ocrx_word' id='word_1_203' title='bbox 516 3051 804 3106; x_wconf 90' lang='lat' dir='ltr'><strong>Dominico</strong></span> <span class='ocrx_word' id='word_1_204' title='bbox 836 3051 1084 3107; x_wconf 90' lang='lat' dir='ltr'><strong>discessu</strong></span> <span class='ocrx_word' id='word_1_205' title='bbox 1118 3049 1367 3104; x_wconf 87' lang='lat' dir='ltr'><strong>relictam</strong></span> <span class='ocrx_word' id='word_1_206' title='bbox 1393 3045 1536 3117; x_wconf 91' lang='lat' dir='ltr'><strong>apud</strong></span> <span class='ocrx_word' id='word_1_207' title='bbox 1549 3045 1878 3116; x_wconf 84' lang='lat' dir='ltr'><strong>Scytharum</strong></span> 
     </span>
    </p>
   </div>
   <div class='ocr_carea' id='block_1_31' title="bbox 297 3135 1878 3212">
    <p class='ocr_par' dir='ltr' id='par_1_31' title="bbox 297 3135 1878 3212">
     <span class='ocr_line' id='line_1_31' title="bbox 297 3135 1878 3212; baseline -0.004 -16"><span class='ocrx_word' id='word_1_208' title='bbox 297 3142 604 3198; x_wconf 88' lang='lat' dir='ltr'><strong>monachos</strong></span> <span class='ocrx_word' id='word_1_209' title='bbox 654 3157 802 3209; x_wconf 87' lang='lat' dir='ltr'><strong>esse,</strong></span> <span class='ocrx_word' id='word_1_210' title='bbox 846 3140 1244 3212; x_wconf 89' lang='lat' dir='ltr'><strong>conqueritur:</strong></span> <span class='ocrx_word' id='word_1_211' title='bbox 1277 3139 1412 3209; x_wconf 88' lang='lat' dir='ltr'><strong>quia</strong></span> <span class='ocrx_word' id='word_1_212' title='bbox 1459 3152 1559 3193; x_wconf 89' lang='lat' dir='ltr'><strong>eos</strong></span> <span class='ocrx_word' id='word_1_213' title='bbox 1612 3135 1878 3206; x_wconf 88' lang='lat' dir='ltr'><strong>prospicit</strong></span> 
     </span>
    </p>
   </div>
   <div class='ocr_carea' id='block_1_32' title="bbox 1955 669 3528 747">
    <p class='ocr_par' dir='ltr' id='par_1_32' title="bbox 1955 669 3528 747">
     <span class='ocr_line' id='line_1_32' title="bbox 1955 669 3528 747; baseline 0.005 -21"><span class='ocrx_word' id='word_1_214' title='bbox 1955 669 2120 740; x_wconf 88' lang='lat' dir='ltr'><strong>Verbi</strong></span> <span class='ocrx_word' id='word_1_215' title='bbox 2151 669 2206 725; x_wconf 91' lang='lat' dir='ltr'><strong>in</strong></span> <span class='ocrx_word' id='word_1_216' title='bbox 2251 687 2310 726; x_wconf 88' lang='lat' dir='ltr'><strong>se</strong></span> <span class='ocrx_word' id='word_1_217' title='bbox 2338 671 2645 728; x_wconf 88' lang='lat' dir='ltr'><strong>habitantis</strong></span> <span class='ocrx_word' id='word_1_218' title='bbox 2679 689 2972 744; x_wconf 89' lang='lat' dir='ltr'><strong>personam</strong></span> <span class='ocrx_word' id='word_1_219' title='bbox 3014 675 3242 744; x_wconf 88' lang='lat' dir='ltr'><strong>habeat,</strong></span> <span class='ocrx_word' id='word_1_220' title='bbox 3291 693 3414 747; x_wconf 85' lang='lat' dir='ltr'><strong>quae</strong></span> <span class='ocrx_word' id='word_1_221' title='bbox 3440 681 3528 734; x_wconf 78' lang='lat' dir='ltr'><strong>est</strong></span> 
     </span>
    </p>
   </div>
   <div class='ocr_carea' id='block_1_33' title="bbox 1957 760 3530 837">
    <p class='ocr_par' dir='ltr' id='par_1_33' title="bbox 1957 760 3530 837">
     <span class='ocr_line' id='line_1_33' title="bbox 1957 760 3530 837; baseline 0.006 -23"><span class='ocrx_word' id='word_1_222' title='bbox 1957 775 2066 814; x_wconf 89' lang='lat' dir='ltr'><strong>una</strong></span> <span class='ocrx_word' id='word_1_223' title='bbox 2099 774 2168 815; x_wconf 74' lang='lat' dir='ltr'><strong>ex</strong></span> <span class='ocrx_word' id='word_1_224' title='bbox 2197 760 2493 828; x_wconf 89' lang='lat' dir='ltr'><strong>Trinitate,</strong></span> <span class='ocrx_word' id='word_1_225' title='bbox 2523 764 2721 834; x_wconf 79' lang='lat' dir='ltr'><strong>utjam</strong></span> <span class='ocrx_word' id='word_1_226' title='bbox 2755 765 2837 820; x_wconf 84' lang='lat' dir='ltr'><strong>sic</strong></span> <span class='ocrx_word' id='word_1_227' title='bbox 2873 765 3118 822; x_wconf 87' lang='lat' dir='ltr'><strong>vicarius</strong></span> <span class='ocrx_word' id='word_1_228' title='bbox 3166 767 3530 837; x_wconf 87' lang='lat' dir='ltr'><strong>quodammo-</strong></span> 
     </span>
    </p>
   </div>
   <div class='ocr_carea' id='block_1_34' title="bbox 1955 849 3532 926">
    <p class='ocr_par' dir='ltr' id='par_1_34' title="bbox 1955 849 3532 926">
     <span class='ocr_line' id='line_1_34' title="bbox 1955 849 3532 926; baseline 0.007 -22"><span class='ocrx_word' id='word_1_229' title='bbox 1955 849 2030 904; x_wconf 91' lang='lat' dir='ltr'><strong>do</strong></span> <span class='ocrx_word' id='word_1_230' title='bbox 2065 850 2179 905; x_wconf 88' lang='lat' dir='ltr'><strong>sive</strong></span> <span class='ocrx_word' id='word_1_231' title='bbox 2209 851 2468 908; x_wconf 88' lang='lat' dir='ltr'><strong>minister</strong></span> <span class='ocrx_word' id='word_1_232' title='bbox 2511 855 2585 908; x_wconf 90' lang='lat' dir='ltr'><strong>sit</strong></span> <span class='ocrx_word' id='word_1_233' title='bbox 2609 853 2708 910; x_wconf 88' lang='lat' dir='ltr'><strong>Dei</strong></span> <span class='ocrx_word' id='word_1_234' title='bbox 2733 855 2902 912; x_wconf 81' lang='lat' dir='ltr'><strong>Verbi</strong></span> <span class='ocrx_word' id='word_1_235' title='bbox 2951 856 3229 926; x_wconf 87' lang='lat' dir='ltr'><strong>Christus,</strong></span> <span class='ocrx_word' id='word_1_236' title='bbox 3283 875 3398 914; x_wconf 89' lang='lat' dir='ltr'><strong>non</strong></span> <span class='ocrx_word' id='word_1_237' title='bbox 3430 875 3532 915; x_wconf 85' lang='lat' dir='ltr'><strong>au-</strong></span> 
     </span>
    </p>
   </div>
   <div class='ocr_carea' id='block_1_35' title="bbox 1961 944 3529 1022">
    <p class='ocr_par' dir='ltr' id='par_1_35' title="bbox 1961 944 3529 1022">
     <span class='ocr_line' id='line_1_35' title="bbox 1961 944 3529 1022; baseline 0.006 -26"><span class='ocrx_word' id='word_1_238' title='bbox 1961 950 2066 998; x_wconf 92' lang='lat' dir='ltr'><strong>tem</strong></span> <span class='ocrx_word' id='word_1_239' title='bbox 2100 944 2221 1013; x_wconf 89' lang='lat' dir='ltr'><strong>ipse</strong></span> <span class='ocrx_word' id='word_1_240' title='bbox 2257 944 2409 999; x_wconf 88' lang='lat' dir='ltr'><strong>Deus</strong></span> <span class='ocrx_word' id='word_1_241' title='bbox 2445 945 2691 1001; x_wconf 85' lang='lat' dir='ltr'><strong>Verbum</strong></span> <span class='ocrx_word' id='word_1_242' title='bbox 2725 948 2798 1002; x_wconf 86' lang='lat' dir='ltr'><strong>sit</strong></span> <span class='ocrx_word' id='word_1_243' title='bbox 2845 948 3136 1006; x_wconf 87' lang='lat' dir='ltr'><strong>Christus:</strong></span> <span class='ocrx_word' id='word_1_244' title='bbox 3167 951 3318 1022; x_wconf 91' lang='lat' dir='ltr'><strong>quod</strong></span> <span class='ocrx_word' id='word_1_245' title='bbox 3361 966 3529 1022; x_wconf 89' lang='lat' dir='ltr'><strong>quam</strong></span> 
     </span>
    </p>
   </div>
   <div class='ocr_carea' id='block_1_36' title="bbox 1957 1033 3532 1112">
    <p class='ocr_par' dir='ltr' id='par_1_36' title="bbox 1957 1033 3532 1112">
     <span class='ocr_line' id='line_1_36' title="bbox 1957 1033 3532 1112; baseline 0.006 -24"><span class='ocrx_word' id='word_1_246' title='bbox 1957 1033 2032 1088; x_wconf 92' lang='lat' dir='ltr'><strong>sit</strong></span> <span class='ocrx_word' id='word_1_247' title='bbox 2062 1033 2315 1105; x_wconf 90' lang='lat' dir='ltr'><strong>impium,</strong></span> <span class='ocrx_word' id='word_1_248' title='bbox 2365 1037 2535 1093; x_wconf 91' lang='lat' dir='ltr'><strong>etiam</strong></span> <span class='ocrx_word' id='word_1_249' title='bbox 2589 1039 2698 1109; x_wconf 88' lang='lat' dir='ltr'><strong>ipsi</strong></span> <span class='ocrx_word' id='word_1_250' title='bbox 2747 1039 2844 1110; x_wconf 91' lang='lat' dir='ltr'><strong>qui</strong></span> <span class='ocrx_word' id='word_1_251' title='bbox 2893 1042 3002 1097; x_wconf 90' lang='lat' dir='ltr'><strong>hoc</strong></span> <span class='ocrx_word' id='word_1_252' title='bbox 3047 1051 3328 1112; x_wconf 87' lang='lat' dir='ltr'><strong>asserunt,</strong></span> <span class='ocrx_word' id='word_1_253' title='bbox 3362 1043 3532 1100; x_wconf 85' lang='lat' dir='ltr'><strong>credo</strong></span> 
     </span>
    </p>
   </div>
   <div class='ocr_carea' id='block_1_37' title="bbox 1954 1124 3534 1205">
    <p class='ocr_par' dir='ltr' id='par_1_37' title="bbox 1954 1124 3534 1205">
     <span class='ocr_line' id='line_1_37' title="bbox 1954 1124 3534 1205; baseline 0.007 -26"><span class='ocrx_word' id='word_1_254' title='bbox 1954 1124 2433 1184; x_wconf 88' lang='lat' dir='ltr'><strong>animadvertunt.</strong></span> <span class='ocrx_word' id='word_1_255' title='bbox 2467 1130 2581 1185; x_wconf 87' lang='lat' dir='ltr'><strong>Hac</strong></span> <span class='ocrx_word' id='word_1_256' title='bbox 2603 1131 2850 1202; x_wconf 89' lang='lat' dir='ltr'><strong>denique</strong></span> <span class='ocrx_word' id='word_1_257' title='bbox 2881 1133 3187 1191; x_wconf 83' lang='lat' dir='ltr'><strong>calliditate</strong></span> <span class='ocrx_word' id='word_1_258' title='bbox 3211 1150 3379 1190; x_wconf 90' lang='lat' dir='ltr'><strong>unam</strong></span> <span class='ocrx_word' id='word_1_259' title='bbox 3409 1135 3534 1205; x_wconf 90' lang='lat' dir='ltr'><strong>qui-</strong></span> 
     </span>
    </p>
   </div>
   <div class='ocr_carea' id='block_1_38' title="bbox 1959 1217 3530 1293">
    <p class='ocr_par' dir='ltr' id='par_1_38' title="bbox 1959 1217 3530 1293">
     <span class='ocr_line' id='line_1_38' title="bbox 1959 1217 3530 1293; baseline 0.006 -21"><span class='ocrx_word' id='word_1_260' title='bbox 1959 1217 2085 1273; x_wconf 90' lang='lat' dir='ltr'><strong>dem</strong></span> <span class='ocrx_word' id='word_1_261' title='bbox 2123 1234 2417 1290; x_wconf 88' lang='lat' dir='ltr'><strong>personam</strong></span> <span class='ocrx_word' id='word_1_262' title='bbox 2461 1221 2753 1280; x_wconf 83' lang='lat' dir='ltr'><strong>Christum</strong></span> <span class='ocrx_word' id='word_1_263' title='bbox 2815 1224 3062 1282; x_wconf 87' lang='lat' dir='ltr'><strong>fatentur</strong></span> <span class='ocrx_word' id='word_1_264' title='bbox 3105 1242 3173 1283; x_wconf 82' lang='lat' dir='ltr'><strong>ex</strong></span> <span class='ocrx_word' id='word_1_265' title='bbox 3232 1229 3530 1293; x_wconf 88' lang='lat' dir='ltr'><strong>Trinitate,</strong></span> 
     </span>
    </p>
   </div>
   <div class='ocr_carea' id='block_1_39' title="bbox 1958 1309 3534 1392">
    <p class='ocr_par' dir='ltr' id='par_1_39' title="bbox 1958 1309 3534 1392">
     <span class='ocr_line' id='line_1_39' title="bbox 1958 1309 3534 1392; baseline 0.008 -33"><span class='ocrx_word' id='word_1_266' title='bbox 1958 1320 2134 1360; x_wconf 86' lang='lat' dir='ltr'><strong>unum</strong></span> <span class='ocrx_word' id='word_1_267' title='bbox 2155 1316 2345 1363; x_wconf 86' lang='lat' dir='ltr'><strong>autem</strong></span> <span class='ocrx_word' id='word_1_268' title='bbox 2376 1323 2447 1364; x_wconf 82' lang='lat' dir='ltr'><strong>ex</strong></span> <span class='ocrx_word' id='word_1_269' title='bbox 2470 1309 2743 1367; x_wconf 90' lang='lat' dir='ltr'><strong>Trinitate</strong></span> <span class='ocrx_word' id='word_1_270' title='bbox 2770 1327 2900 1368; x_wconf 90' lang='lat' dir='ltr'><strong>eum</strong></span> <span class='ocrx_word' id='word_1_271' title='bbox 2925 1315 3127 1369; x_wconf 87' lang='lat' dir='ltr'><strong>nolunt</strong></span> <span class='ocrx_word' id='word_1_272' title='bbox 3151 1315 3378 1384; x_wconf 85' lang='lat' dir='ltr'><strong>penitus</strong></span> <span class='ocrx_word' id='word_1_273' title='bbox 3397 1329 3534 1392; x_wconf 69' lang='lat' dir='ltr'><strong>coq-</strong></span> 
     </span>
    </p>
   </div>
   <div class='ocr_carea' id='block_1_40' title="bbox 1963 1395 3536 1477">
    <p class='ocr_par' dir='ltr' id='par_1_40' title="bbox 1963 1395 3536 1477">
     <span class='ocr_line' id='line_1_40' title="bbox 1963 1395 3536 1477; baseline 0.007 -26"><span class='ocrx_word' id='word_1_274' title='bbox 1963 1395 2131 1453; x_wconf 88' lang='lat' dir='ltr'><strong>ﬁteri.</strong></span> <span class='ocrx_word' id='word_1_275' title='bbox 2161 1398 2267 1464; x_wconf 92' lang='lat' dir='ltr'><strong>Qui</strong></span> <span class='ocrx_word' id='word_1_276' title='bbox 2304 1409 2492 1456; x_wconf 90' lang='lat' dir='ltr'><strong>autem</strong></span> <span class='ocrx_word' id='word_1_277' title='bbox 2527 1417 2639 1457; x_wconf 91' lang='lat' dir='ltr'><strong>non</strong></span> <span class='ocrx_word' id='word_1_278' title='bbox 2671 1403 2770 1459; x_wconf 90' lang='lat' dir='ltr'><strong>Dei</strong></span> <span class='ocrx_word' id='word_1_279' title='bbox 2816 1405 2988 1463; x_wconf 87' lang='lat' dir='ltr'><strong>Verbi</strong></span> <span class='ocrx_word' id='word_1_280' title='bbox 3031 1421 3328 1477; x_wconf 89' lang='lat' dir='ltr'><strong>personam</strong></span> <span class='ocrx_word' id='word_1_281' title='bbox 3370 1406 3536 1462; x_wconf 89' lang='lat' dir='ltr'><strong>Chri-</strong></span> 
     </span>
    </p>
   </div>
   <div class='ocr_carea' id='block_1_41' title="bbox 1961 1491 3532 1568">
    <p class='ocr_par' dir='ltr' id='par_1_41' title="bbox 1961 1491 3532 1568">
     <span class='ocr_line' id='line_1_41' title="bbox 1961 1491 3532 1568; baseline 0.006 -24"><span class='ocrx_word' id='word_1_282' title='bbox 1961 1497 2108 1544; x_wconf 86' lang='lat' dir='ltr'><strong>stum</strong></span> <span class='ocrx_word' id='word_1_283' title='bbox 2147 1491 2352 1547; x_wconf 88' lang='lat' dir='ltr'><strong>habere</strong></span> <span class='ocrx_word' id='word_1_284' title='bbox 2384 1491 2650 1560; x_wconf 84' lang='lat' dir='ltr'><strong>fatentur,</strong></span> <span class='ocrx_word' id='word_1_285' title='bbox 2697 1496 2796 1552; x_wconf 90' lang='lat' dir='ltr'><strong>sed</strong></span> <span class='ocrx_word' id='word_1_286' title='bbox 2859 1498 3041 1568; x_wconf 85' lang='lat' dir='ltr'><strong>ipsum</strong></span> <span class='ocrx_word' id='word_1_287' title='bbox 3069 1499 3242 1554; x_wconf 91' lang='lat' dir='ltr'><strong>Deum</strong></span> <span class='ocrx_word' id='word_1_288' title='bbox 3285 1498 3532 1556; x_wconf 88' lang='lat' dir='ltr'><strong>Verbum</strong></span> 
     </span>
    </p>
   </div>
   <div class='ocr_carea' id='block_1_42' title="bbox 1949 1579 3536 1662">
    <p class='ocr_par' dir='ltr' id='par_1_42' title="bbox 1949 1579 3536 1662">
     <span class='ocr_line' id='line_1_42' title="bbox 1949 1579 3536 1662; baseline 0.008 -28"><span class='ocrx_word' id='word_1_289' title='bbox 1949 1579 2245 1636; x_wconf 86' lang='lat' dir='ltr'><strong>&#39;Christum</strong></span> <span class='ocrx_word' id='word_1_290' title='bbox 2273 1583 2512 1640; x_wconf 84' lang='lat' dir='ltr'><strong>credunt</strong></span> <span class='ocrx_word' id='word_1_291' title='bbox 2536 1593 2592 1640; x_wconf 89' lang='lat' dir='ltr'><strong>et</strong></span> <span class='ocrx_word' id='word_1_292' title='bbox 2620 1588 2982 1656; x_wconf 83' lang='lat' dir='ltr'><strong>conﬁtentur,</strong></span> <span class='ocrx_word' id='word_1_293' title='bbox 3024 1591 3170 1646; x_wconf 87' lang='lat' dir='ltr'><strong>sicut</strong></span> <span class='ocrx_word' id='word_1_294' title='bbox 3205 1607 3370 1646; x_wconf 89' lang='lat' dir='ltr'><strong>unam</strong></span> <span class='ocrx_word' id='word_1_295' title='bbox 3401 1608 3536 1662; x_wconf 90' lang='lat' dir='ltr'><strong>per-</strong></span> 
     </span>
    </p>
   </div>
   <div class='ocr_carea' id='block_1_43' title="bbox 1961 1669 3539 1750">
    <p class='ocr_par' dir='ltr' id='par_1_43' title="bbox 1961 1669 3539 1750">
     <span class='ocr_line' id='line_1_43' title="bbox 1961 1669 3539 1750; baseline 0.008 -27"><span class='ocrx_word' id='word_1_296' title='bbox 1961 1683 2156 1723; x_wconf 87' lang='lat' dir='ltr'><strong>sonam</strong></span> <span class='ocrx_word' id='word_1_297' title='bbox 2203 1685 2272 1726; x_wconf 80' lang='lat' dir='ltr'><strong>ex</strong></span> <span class='ocrx_word' id='word_1_298' title='bbox 2294 1669 2592 1738; x_wconf 89' lang='lat' dir='ltr'><strong>Trinitate,</strong></span> <span class='ocrx_word' id='word_1_299' title='bbox 2623 1675 2698 1730; x_wconf 85' lang='lat' dir='ltr'><strong>ita</strong></span> <span class='ocrx_word' id='word_1_300' title='bbox 2725 1683 2783 1730; x_wconf 90' lang='lat' dir='ltr'><strong>et</strong></span> <span class='ocrx_word' id='word_1_301' title='bbox 2802 1692 2972 1731; x_wconf 91' lang='lat' dir='ltr'><strong>unum</strong></span> <span class='ocrx_word' id='word_1_302' title='bbox 3004 1693 3070 1733; x_wconf 76' lang='lat' dir='ltr'><strong>ex</strong></span> <span class='ocrx_word' id='word_1_303' title='bbox 3095 1671 3367 1735; x_wconf 85' lang='lat' dir='ltr'><strong>Trinitate</strong></span> <span class='ocrx_word' id='word_1_304' title='bbox 3396 1693 3539 1750; x_wconf 54' lang='lat' dir='ltr'><strong>praes</strong></span> 
     </span>
    </p>
   </div>
   <div class='ocr_carea' id='block_1_44' title="bbox 1961 1760 3541 1832">
    <p class='ocr_par' dir='ltr' id='par_1_44' title="bbox 1961 1760 3541 1832">
     <span class='ocr_line' id='line_1_44' title="bbox 1961 1760 3541 1832; baseline 0.008 -18"><span class='ocrx_word' id='word_1_305' title='bbox 1961 1760 2478 1818; x_wconf 87' lang='lat' dir='ltr'><strong>dicantChristum.</strong></span> <span class='ocrx_word' id='word_1_306' title='bbox 2509 1764 2650 1832; x_wconf 85' lang='lat' dir='ltr'><strong>Quia</strong></span> <span class='ocrx_word' id='word_1_307' title='bbox 2701 1767 2749 1822; x_wconf 86' lang='lat' dir='ltr'><strong>si</strong></span> <span class='ocrx_word' id='word_1_308' title='bbox 2780 1767 2928 1824; x_wconf 89' lang='lat' dir='ltr'><strong>Deus</strong></span> <span class='ocrx_word' id='word_1_309' title='bbox 2957 1770 3198 1824; x_wconf 87' lang='lat' dir='ltr'><strong>Verbum</strong></span> <span class='ocrx_word' id='word_1_310' title='bbox 3243 1780 3330 1826; x_wconf 92' lang='lat' dir='ltr'><strong>est</strong></span> <span class='ocrx_word' id='word_1_311' title='bbox 3379 1770 3541 1827; x_wconf 80' lang='lat' dir='ltr'><strong>Chri-</strong></span> 
     </span>
    </p>
   </div>
   <div class='ocr_carea' id='block_1_45' title="bbox 1968 1852 3541 1927">
    <p class='ocr_par' dir='ltr' id='par_1_45' title="bbox 1968 1852 3541 1927">
     <span class='ocr_line' id='line_1_45' title="bbox 1968 1852 3541 1927; baseline 0.008 -21"><span class='ocrx_word' id='word_1_312' title='bbox 1968 1859 2108 1917; x_wconf 90' lang='lat' dir='ltr'><strong>stus,</strong></span> <span class='ocrx_word' id='word_1_313' title='bbox 2146 1861 2204 1908; x_wconf 91' lang='lat' dir='ltr'><strong>et</strong></span> <span class='ocrx_word' id='word_1_314' title='bbox 2250 1852 2508 1912; x_wconf 78' lang='lat' dir='ltr'><strong>Christus</strong></span> <span class='ocrx_word' id='word_1_315' title='bbox 2564 1857 2710 1914; x_wconf 85' lang='lat' dir='ltr'><strong>Deus</strong></span> <span class='ocrx_word' id='word_1_316' title='bbox 2747 1859 3017 1927; x_wconf 86' lang='lat' dir='ltr'><strong>Verbum,</strong></span> <span class='ocrx_word' id='word_1_317' title='bbox 3059 1861 3209 1917; x_wconf 88' lang='lat' dir='ltr'><strong>sicut</strong></span> <span class='ocrx_word' id='word_1_318' title='bbox 3265 1864 3541 1919; x_wconf 82' lang='lat' dir='ltr'><strong>catholica</strong></span> 
     </span>
    </p>
   </div>
   <div class='ocr_carea' id='block_1_46' title="bbox 1969 1943 3542 2015">
    <p class='ocr_par' dir='ltr' id='par_1_46' title="bbox 1969 1943 3542 2015">
     <span class='ocr_line' id='line_1_46' title="bbox 1969 1943 3542 2015; baseline 0.008 -20"><span class='ocrx_word' id='word_1_319' title='bbox 1969 1943 2148 1997; x_wconf 87' lang='lat' dir='ltr'><strong>credit</strong></span> <span class='ocrx_word' id='word_1_320' title='bbox 2169 1943 2403 2011; x_wconf 88' lang='lat' dir='ltr'><strong>sanitas,</strong></span> <span class='ocrx_word' id='word_1_321' title='bbox 2429 1949 2712 2015; x_wconf 85' lang='lat' dir='ltr'><strong>quomodo</strong></span> <span class='ocrx_word' id='word_1_322' title='bbox 2734 1965 2852 2004; x_wconf 88' lang='lat' dir='ltr'><strong>non</strong></span> <span class='ocrx_word' id='word_1_323' title='bbox 2879 1960 2967 2006; x_wconf 90' lang='lat' dir='ltr'><strong>est</strong></span> <span class='ocrx_word' id='word_1_324' title='bbox 3009 1950 3268 2007; x_wconf 87' lang='lat' dir='ltr'><strong>Christus</strong></span> <span class='ocrx_word' id='word_1_325' title='bbox 3302 1967 3449 2008; x_wconf 90' lang='lat' dir='ltr'><strong>unus</strong></span> <span class='ocrx_word' id='word_1_326' title='bbox 3473 1967 3542 2009; x_wconf 74' lang='lat' dir='ltr'><strong>ex</strong></span> 
     </span>
    </p>
   </div>
   <div class='ocr_carea' id='block_1_47' title="bbox 1969 2029 3542 2108">
    <p class='ocr_par' dir='ltr' id='par_1_47' title="bbox 1969 2029 3542 2108">
     <span class='ocr_line' id='line_1_47' title="bbox 1969 2029 3542 2108; baseline 0.01 -21"><span class='ocrx_word' id='word_1_327' title='bbox 1969 2029 2266 2100; x_wconf 83' lang='lat' dir='ltr'><strong>Trinitate,</strong></span> <span class='ocrx_word' id='word_1_328' title='bbox 2315 2037 2360 2090; x_wconf 89' lang='lat' dir='ltr'><strong>si</strong></span> <span class='ocrx_word' id='word_1_329' title='bbox 2413 2053 2522 2092; x_wconf 88' lang='lat' dir='ltr'><strong>una</strong></span> <span class='ocrx_word' id='word_1_330' title='bbox 2581 2055 2816 2108; x_wconf 89' lang='lat' dir='ltr'><strong>persona</strong></span> <span class='ocrx_word' id='word_1_331' title='bbox 2876 2051 2962 2098; x_wconf 86' lang='lat' dir='ltr'><strong>est</strong></span> <span class='ocrx_word' id='word_1_332' title='bbox 2991 2043 3136 2098; x_wconf 90' lang='lat' dir='ltr'><strong>Deus</strong></span> <span class='ocrx_word' id='word_1_333' title='bbox 3184 2044 3428 2100; x_wconf 85' lang='lat' dir='ltr'><strong>Verbum</strong></span> <span class='ocrx_word' id='word_1_334' title='bbox 3473 2055 3542 2102; x_wconf 79' lang='lat' dir='ltr'><strong>ex</strong></span> 
     </span>
    </p>
   </div>
   <div class='ocr_carea' id='block_1_48' title="bbox 1974 2121 3542 2192">
    <p class='ocr_par' dir='ltr' id='par_1_48' title="bbox 1974 2121 3542 2192">
     <span class='ocr_line' id='line_1_48' title="bbox 1974 2121 3542 2192; baseline 0.009 -15"><span class='ocrx_word' id='word_1_335' title='bbox 1974 2121 2289 2180; x_wconf 83' lang='lat' dir='ltr'><strong>Trinitate?</strong></span> <span class='ocrx_word' id='word_1_336' title='bbox 2318 2125 2434 2182; x_wconf 84' lang='lat' dir='ltr'><strong>Nisi</strong></span> <span class='ocrx_word' id='word_1_337' title='bbox 2460 2128 2605 2183; x_wconf 87' lang='lat' dir='ltr'><strong>forte</strong></span> <span class='ocrx_word' id='word_1_338' title='bbox 2633 2127 2809 2186; x_wconf 86' lang='lat' dir='ltr'><strong>Deum</strong></span> <span class='ocrx_word' id='word_1_339' title='bbox 2843 2133 3088 2188; x_wconf 80' lang='lat' dir='ltr'><strong>Verbum</strong></span> <span class='ocrx_word' id='word_1_340' title='bbox 3121 2135 3237 2190; x_wconf 83' lang='lat' dir='ltr'><strong>sive</strong></span> <span class='ocrx_word' id='word_1_341' title='bbox 3256 2134 3542 2192; x_wconf 85' lang='lat' dir='ltr'><strong>Christum</strong></span> 
     </span>
    </p>
   </div>
   <div class='ocr_carea' id='block_1_49' title="bbox 1973 2213 3544 2291">
    <p class='ocr_par' dir='ltr' id='par_1_49' title="bbox 1973 2213 3544 2291">
     <span class='ocr_line' id='line_1_49' title="bbox 1973 2213 3544 2291; baseline 0.011 -25"><span class='ocrx_word' id='word_1_342' title='bbox 1973 2213 2187 2284; x_wconf 87' lang='lat' dir='ltr'><strong>aliquid</strong></span> <span class='ocrx_word' id='word_1_343' title='bbox 2240 2227 2440 2284; x_wconf 60' lang='lat' dir='ltr'><strong>praeter</strong></span> <span class='ocrx_word' id='word_1_344' title='bbox 2493 2221 2770 2276; x_wconf 85' lang='lat' dir='ltr'><strong>natura-lis</strong></span> <span class='ocrx_word' id='word_1_345' title='bbox 2820 2235 3076 2291; x_wconf 67' lang='lat' dir='ltr'><strong>persona:</strong></span> <span class='ocrx_word' id='word_1_346' title='bbox 3114 2235 3372 2280; x_wconf 86' lang='lat' dir='ltr'><strong>asserunt</strong></span> <span class='ocrx_word' id='word_1_347' title='bbox 3419 2237 3544 2283; x_wconf 88' lang='lat' dir='ltr'><strong>esse</strong></span> 
     </span>
    </p>
   </div>
   <div class='ocr_carea' id='block_1_50' title="bbox 1971 2303 3548 2380">
    <p class='ocr_par' dir='ltr' id='par_1_50' title="bbox 1971 2303 3548 2380">
     <span class='ocr_line' id='line_1_50' title="bbox 1971 2303 3548 2380; baseline 0.008 -25"><span class='ocrx_word' id='word_1_348' title='bbox 1971 2303 2328 2370; x_wconf 88' lang='lat' dir='ltr'><strong>vocabulum,</strong></span> <span class='ocrx_word' id='word_1_349' title='bbox 2359 2305 2510 2374; x_wconf 90' lang='lat' dir='ltr'><strong>quod</strong></span> <span class='ocrx_word' id='word_1_350' title='bbox 2529 2305 2698 2363; x_wconf 89' lang='lat' dir='ltr'><strong>credo</strong></span> <span class='ocrx_word' id='word_1_351' title='bbox 2733 2309 2925 2364; x_wconf 90' lang='lat' dir='ltr'><strong>nullus</strong></span> <span class='ocrx_word' id='word_1_352' title='bbox 2957 2325 3200 2380; x_wconf 86' lang='lat' dir='ltr'><strong>unquam</strong></span> <span class='ocrx_word' id='word_1_353' title='bbox 3239 2327 3409 2366; x_wconf 88' lang='lat' dir='ltr'><strong>ausus</strong></span> <span class='ocrx_word' id='word_1_354' title='bbox 3440 2312 3548 2368; x_wconf 88' lang='lat' dir='ltr'><strong>fuit</strong></span> 
     </span>
    </p>
   </div>
   <div class='ocr_carea' id='block_1_51' title="bbox 1970 2389 3544 2457">
    <p class='ocr_par' dir='ltr' id='par_1_51' title="bbox 1970 2389 3544 2457">
     <span class='ocr_line' id='line_1_51' title="bbox 1970 2389 3544 2457; baseline 0.009 -14"><span class='ocrx_word' id='word_1_355' title='bbox 1970 2389 2362 2446; x_wconf 74' lang='lat' dir='ltr'><strong>haereticorum</strong></span> <span class='ocrx_word' id='word_1_356' title='bbox 2421 2393 2631 2450; x_wconf 89' lang='lat' dir='ltr'><strong>dicere.</strong></span> <span class='ocrx_word' id='word_1_357' title='bbox 2700 2395 2758 2452; x_wconf 91' lang='lat' dir='ltr'><strong>Si</strong></span> <span class='ocrx_word' id='word_1_358' title='bbox 2818 2405 3005 2452; x_wconf 89' lang='lat' dir='ltr'><strong>autem</strong></span> <span class='ocrx_word' id='word_1_359' title='bbox 3070 2399 3244 2454; x_wconf 88' lang='lat' dir='ltr'><strong>Deum</strong></span> <span class='ocrx_word' id='word_1_360' title='bbox 3301 2401 3544 2457; x_wconf 85' lang='lat' dir='ltr'><strong>Verbum</strong></span> 
     </span>
    </p>
   </div>
   <div class='ocr_carea' id='block_1_52' title="bbox 1969 2483 3546 2566">
    <p class='ocr_par' dir='ltr' id='par_1_52' title="bbox 1969 2483 3546 2566">
     <span class='ocr_line' id='line_1_52' title="bbox 1969 2483 3546 2566; baseline 0.008 -28"><span class='ocrx_word' id='word_1_361' title='bbox 1969 2483 2088 2538; x_wconf 88' lang='lat' dir='ltr'><strong>sive</strong></span> <span class='ocrx_word' id='word_1_362' title='bbox 2115 2483 2396 2540; x_wconf 87' lang='lat' dir='ltr'><strong>Christum</strong></span> <span class='ocrx_word' id='word_1_363' title='bbox 2421 2503 2534 2542; x_wconf 90' lang='lat' dir='ltr'><strong>non</strong></span> <span class='ocrx_word' id='word_1_364' title='bbox 2555 2488 2706 2544; x_wconf 89' lang='lat' dir='ltr'><strong>aliud</strong></span> <span class='ocrx_word' id='word_1_365' title='bbox 2735 2491 2966 2560; x_wconf 89' lang='lat' dir='ltr'><strong>aliquid,</strong></span> <span class='ocrx_word' id='word_1_366' title='bbox 2999 2491 3097 2546; x_wconf 87' lang='lat' dir='ltr'><strong>sed</strong></span> <span class='ocrx_word' id='word_1_367' title='bbox 3125 2493 3400 2549; x_wconf 88' lang='lat' dir='ltr'><strong>naturalis</strong></span> <span class='ocrx_word' id='word_1_368' title='bbox 3417 2509 3546 2566; x_wconf 89' lang='lat' dir='ltr'><strong>per-</strong></span> 
     </span>
    </p>
   </div>
   <div class='ocr_carea' id='block_1_53' title="bbox 1970 2576 3544 2654">
    <p class='ocr_par' dir='ltr' id='par_1_53' title="bbox 1970 2576 3544 2654">
     <span class='ocr_line' id='line_1_53' title="bbox 1970 2576 3544 2654; baseline 0.008 -26"><span class='ocrx_word' id='word_1_369' title='bbox 1970 2587 2120 2630; x_wconf 70' lang='lat' dir='ltr'><strong>sona:</strong></span> <span class='ocrx_word' id='word_1_370' title='bbox 2170 2576 2508 2633; x_wconf 88' lang='lat' dir='ltr'><strong>vocabulum</strong></span> <span class='ocrx_word' id='word_1_371' title='bbox 2550 2594 2673 2636; x_wconf 87' lang='lat' dir='ltr'><strong>esse</strong></span> <span class='ocrx_word' id='word_1_372' title='bbox 2721 2580 3062 2654; x_wconf 68' lang='lat' dir='ltr'><strong>intelligunt,</strong></span> <span class='ocrx_word' id='word_1_373' title='bbox 3097 2585 3380 2653; x_wconf 89' lang='lat' dir='ltr'><strong>quomodo</strong></span> <span class='ocrx_word' id='word_1_374' title='bbox 3429 2601 3544 2642; x_wconf 84' lang='lat' dir='ltr'><strong>non</strong></span> 
     </span>
    </p>
   </div>
   <div class='ocr_carea' id='block_1_54' title="bbox 1967 2665 3546 2737">
    <p class='ocr_par' dir='ltr' id='par_1_54' title="bbox 1967 2665 3546 2737">
     <span class='ocr_line' id='line_1_54' title="bbox 1967 2665 3546 2737; baseline 0.006 -16"><span class='ocrx_word' id='word_1_375' title='bbox 1967 2673 2057 2721; x_wconf 83' lang='lat' dir='ltr'><strong>est</strong></span> <span class='ocrx_word' id='word_1_376' title='bbox 2075 2665 2332 2723; x_wconf 87' lang='lat' dir='ltr'><strong>Christus</strong></span> <span class='ocrx_word' id='word_1_377' title='bbox 2393 2685 2538 2724; x_wconf 91' lang='lat' dir='ltr'><strong>unus</strong></span> <span class='ocrx_word' id='word_1_378' title='bbox 2564 2685 2634 2725; x_wconf 76' lang='lat' dir='ltr'><strong>ex</strong></span> <span class='ocrx_word' id='word_1_379' title='bbox 2675 2671 2968 2737; x_wconf 89' lang='lat' dir='ltr'><strong>Trinitate,</strong></span> <span class='ocrx_word' id='word_1_380' title='bbox 3016 2675 3064 2728; x_wconf 84' lang='lat' dir='ltr'><strong>si</strong></span> <span class='ocrx_word' id='word_1_381' title='bbox 3099 2689 3216 2729; x_wconf 73' lang='lat' dir='ltr'><strong>una</strong></span> <span class='ocrx_word' id='word_1_382' title='bbox 3270 2675 3546 2732; x_wconf 83' lang='lat' dir='ltr'><strong>naturalis</strong></span> 
     </span>
    </p>
   </div>
   <div class='ocr_carea' id='block_1_55' title="bbox 1970 2761 3547 2828">
    <p class='ocr_par' dir='ltr' id='par_1_55' title="bbox 1970 2761 3547 2828">
     <span class='ocr_line' id='line_1_55' title="bbox 1970 2761 3547 2828; baseline 0.008 -17"><span class='ocrx_word' id='word_1_383' title='bbox 1970 2772 2208 2828; x_wconf 89' lang='lat' dir='ltr'><strong>persona</strong></span> <span class='ocrx_word' id='word_1_384' title='bbox 2259 2767 2348 2815; x_wconf 91' lang='lat' dir='ltr'><strong>est</strong></span> <span class='ocrx_word' id='word_1_385' title='bbox 2396 2761 2548 2816; x_wconf 87' lang='lat' dir='ltr'><strong>idem</strong></span> <span class='ocrx_word' id='word_1_386' title='bbox 2593 2761 2852 2819; x_wconf 86' lang='lat' dir='ltr'><strong>Christus</strong></span> <span class='ocrx_word' id='word_1_387' title='bbox 2891 2779 2962 2819; x_wconf 81' lang='lat' dir='ltr'><strong>ex</strong></span> <span class='ocrx_word' id='word_1_388' title='bbox 2997 2765 3438 2823; x_wconf 82' lang='lat' dir='ltr'><strong>Trinitate?Sed</strong></span> <span class='ocrx_word' id='word_1_389' title='bbox 3485 2767 3547 2824; x_wconf 82' lang='lat' dir='ltr'><strong>in</strong></span> 
     </span>
    </p>
   </div>
   <div class='ocr_carea' id='block_1_56' title="bbox 1971 2850 3548 2930">
    <p class='ocr_par' dir='ltr' id='par_1_56' title="bbox 1971 2850 3548 2930">
     <span class='ocr_line' id='line_1_56' title="bbox 1971 2850 3548 2930; baseline 0.007 -26"><span class='ocrx_word' id='word_1_390' title='bbox 1971 2850 2061 2905; x_wconf 88' lang='lat' dir='ltr'><strong>his</strong></span> <span class='ocrx_word' id='word_1_391' title='bbox 2100 2851 2350 2908; x_wconf 90' lang='lat' dir='ltr'><strong>tenebris</strong></span> <span class='ocrx_word' id='word_1_392' title='bbox 2410 2853 2536 2910; x_wconf 89' lang='lat' dir='ltr'><strong>ideo</strong></span> <span class='ocrx_word' id='word_1_393' title='bbox 2590 2855 2986 2924; x_wconf 89' lang='lat' dir='ltr'><strong>devolvuntur,</strong></span> <span class='ocrx_word' id='word_1_394' title='bbox 3047 2861 3179 2930; x_wconf 91' lang='lat' dir='ltr'><strong>quia</strong></span> <span class='ocrx_word' id='word_1_395' title='bbox 3232 2875 3346 2915; x_wconf 88' lang='lat' dir='ltr'><strong>non</strong></span> <span class='ocrx_word' id='word_1_396' title='bbox 3393 2861 3548 2930; x_wconf 79' lang='lat' dir='ltr'><strong>iuxta</strong></span> 
     </span>
    </p>
   </div>
   <div class='ocr_carea' id='block_1_57' title="bbox 1973 2943 3548 3022">
    <p class='ocr_par' dir='ltr' id='par_1_57' title="bbox 1973 2943 3548 3022">
     <span class='ocr_line' id='line_1_57' title="bbox 1973 2943 3548 3022; baseline 0.006 -24"><span class='ocrx_word' id='word_1_397' title='bbox 1973 2943 2347 3013; x_wconf 86' lang='lat' dir='ltr'><strong>compositum</strong></span> <span class='ocrx_word' id='word_1_398' title='bbox 2375 2945 2552 3000; x_wconf 87' lang='lat' dir='ltr'><strong>Deum</strong></span> <span class='ocrx_word' id='word_1_399' title='bbox 2586 2949 2852 3014; x_wconf 89' lang='lat' dir='ltr'><strong>Verbum,</strong></span> <span class='ocrx_word' id='word_1_400' title='bbox 2903 2960 2960 3006; x_wconf 91' lang='lat' dir='ltr'><strong>et</strong></span> <span class='ocrx_word' id='word_1_401' title='bbox 3009 2952 3080 3006; x_wconf 89' lang='lat' dir='ltr'><strong>ab</strong></span> <span class='ocrx_word' id='word_1_402' title='bbox 3112 2965 3179 3007; x_wconf 92' lang='lat' dir='ltr'><strong>eo</strong></span> <span class='ocrx_word' id='word_1_403' title='bbox 3232 2959 3548 3022; x_wconf 84' lang='lat' dir='ltr'><strong>susceptam</strong></span> 
     </span>
    </p>
   </div>
   <div class='ocr_carea' id='block_1_58' title="bbox 1974 3037 3551 3114">
    <p class='ocr_par' dir='ltr' id='par_1_58' title="bbox 1974 3037 3551 3114">
     <span class='ocr_line' id='line_1_58' title="bbox 1974 3037 3551 3114; baseline 0.005 -24"><span class='ocrx_word' id='word_1_404' title='bbox 1974 3046 2226 3091; x_wconf 86' lang='lat' dir='ltr'><strong>naturam</strong></span> <span class='ocrx_word' id='word_1_405' title='bbox 2240 3037 2564 3105; x_wconf 82' lang='lat' dir='ltr'><strong>humanam,</strong></span> <span class='ocrx_word' id='word_1_406' title='bbox 2579 3055 2752 3095; x_wconf 87' lang='lat' dir='ltr'><strong>unum</strong></span> <span class='ocrx_word' id='word_1_407' title='bbox 2780 3041 3102 3114; x_wconf 84' lang='lat' dir='ltr'><strong>intelligunt</strong></span> <span class='ocrx_word' id='word_1_408' title='bbox 3115 3042 3428 3110; x_wconf 89' lang='lat' dir='ltr'><strong>Christum,</strong></span> <span class='ocrx_word' id='word_1_409' title='bbox 3450 3037 3551 3098; x_wconf 87' lang='lat' dir='ltr'><strong>sed</strong></span> 
     </span>
    </p>
   </div>
   <div class='ocr_carea' id='block_1_59' title="bbox 1969 3129 3552 3206">
    <p class='ocr_par' dir='ltr' id='par_1_59' title="bbox 1969 3129 3552 3206">
     <span class='ocr_line' id='line_1_59' title="bbox 1969 3129 3552 3206; baseline 0.006 -23"><span class='ocrx_word' id='word_1_410' title='bbox 1969 3130 2126 3202; x_wconf 84' lang='lat' dir='ltr'><strong>juxta</strong></span> <span class='ocrx_word' id='word_1_411' title='bbox 2141 3129 2370 3186; x_wconf 87' lang='lat' dir='ltr'><strong>alterius</strong></span> <span class='ocrx_word' id='word_1_412' title='bbox 2397 3132 2453 3187; x_wconf 92' lang='lat' dir='ltr'><strong>in</strong></span> <span class='ocrx_word' id='word_1_413' title='bbox 2469 3133 2645 3189; x_wconf 88' lang='lat' dir='ltr'><strong>altero</strong></span> <span class='ocrx_word' id='word_1_414' title='bbox 2662 3133 3088 3203; x_wconf 88' lang='lat' dir='ltr'><strong>habitationem,</strong></span> <span class='ocrx_word' id='word_1_415' title='bbox 3111 3135 3260 3192; x_wconf 84' lang='lat' dir='ltr'><strong>sicut</strong></span> <span class='ocrx_word' id='word_1_416' title='bbox 3288 3136 3552 3206; x_wconf 81' lang='lat' dir='ltr'><strong>superius</strong></span> 
     </span>
    </p>
   </div>
   <div class='ocr_carea' id='block_1_60' title="bbox 287 3219 3552 3312">
    <p class='ocr_par' dir='ltr' id='par_1_60' title="bbox 287 3219 3552 3312">
     <span class='ocr_line' id='line_1_60' title="bbox 287 3219 3552 3312; baseline -0.002 -25"><span class='ocrx_word' id='word_1_417' title='bbox 287 3249 404 3304; x_wconf 77' lang='lat' dir='ltr'><strong>pro</strong></span> <span class='ocrx_word' id='word_1_418' title='bbox 433 3235 552 3290; x_wconf 77' lang='lat' dir='ltr'><strong>zelo</strong></span> <span class='ocrx_word' id='word_1_419' title='bbox 570 3233 858 3288; x_wconf 67' lang='lat' dir='ltr'><strong>catholicae</strong></span> <span class='ocrx_word' id='word_1_420' title='bbox 876 3231 999 3288; x_wconf 90' lang='lat' dir='ltr'><strong>ﬁdei</strong></span> <span class='ocrx_word' id='word_1_421' title='bbox 1028 3247 1140 3286; x_wconf 90' lang='lat' dir='ltr'><strong>non</strong></span> <span class='ocrx_word' id='word_1_422' title='bbox 1167 3231 1434 3296; x_wconf 89' lang='lat' dir='ltr'><strong>ﬁdelium,</strong></span> <span class='ocrx_word' id='word_1_423' title='bbox 1455 3229 1552 3284; x_wconf 89' lang='lat' dir='ltr'><strong>sed</strong></span> <span class='ocrx_word' id='word_1_424' title='bbox 1568 3228 1873 3284; x_wconf 88' lang='lat' dir='ltr'><strong>inﬁdelium</strong></span> <span class='ocrx_word' id='word_1_425' title='bbox 1901 3249 1947 3312; x_wconf 69' lang='grc' dir='ltr'>ρ</span> <span class='ocrx_word' id='word_1_426' title='bbox 1976 3219 2289 3290; x_wconf 52' lang='lat' dir='ltr'><strong>docuimus</strong></span> <span class='ocrx_word' id='word_1_427' title='bbox 2319 3223 2436 3278; x_wconf 80' lang='lat' dir='ltr'><strong>sive</strong></span> <span class='ocrx_word' id='word_1_428' title='bbox 2475 3225 2780 3281; x_wconf 82' lang='lat' dir='ltr'><strong>secundum</strong></span> <span class='ocrx_word' id='word_1_429' title='bbox 2801 3225 3037 3282; x_wconf 80' lang='lat' dir='ltr'><strong>duarum</strong></span> <span class='ocrx_word' id='word_1_430' title='bbox 3064 3236 3432 3297; x_wconf 79' lang='lat' dir='ltr'><strong>personarum</strong></span> <span class='ocrx_word' id='word_1_431' title='bbox 3458 3241 3552 3284; x_wconf 60' lang='lat' dir='ltr'><strong>sos</strong></span> 
     </span>
    </p>
   </div>
   <div class='ocr_carea' id='block_1_61' title="bbox 291 3320 1874 3396">
    <p class='ocr_par' dir='ltr' id='par_1_61' title="bbox 291 3320 1874 3396">
     <span class='ocr_line' id='line_1_61' title="bbox 291 3320 1874 3396; baseline -0.004 -16"><span class='ocrx_word' id='word_1_432' title='bbox 291 3323 599 3396; x_wconf 69' lang='lat' dir='ltr'><strong>vigilanter</strong></span> <span class='ocrx_word' id='word_1_433' title='bbox 652 3339 754 3395; x_wconf 90' lang='lat' dir='ltr'><strong>per</strong></span> <span class='ocrx_word' id='word_1_434' title='bbox 807 3324 903 3380; x_wconf 87' lang='lat' dir='ltr'><strong>Dei</strong></span> <span class='ocrx_word' id='word_1_435' title='bbox 961 3322 1194 3394; x_wconf 75' lang='lat' dir='ltr'><strong>gratiam</strong></span> <span class='ocrx_word' id='word_1_436' title='bbox 1242 3321 1524 3378; x_wconf 88' lang='lat' dir='ltr'><strong>declinare</strong></span> <span class='ocrx_word' id='word_1_437' title='bbox 1573 3320 1874 3376; x_wconf 87' lang='lat' dir='ltr'><strong>consortia.</strong></span> 
     </span>
    </p>
   </div>
   <div class='ocr_carea' id='block_1_62' title="bbox 292 3411 1876 3486">
    <p class='ocr_par' dir='ltr' id='par_1_62' title="bbox 292 3411 1876 3486">
     <span class='ocr_line' id='line_1_62' title="bbox 292 3411 1876 3486; baseline -0.003 -15"><span class='ocrx_word' id='word_1_438' title='bbox 292 3412 548 3471; x_wconf 78' lang='lat' dir='ltr'><strong>Eosdem</strong></span> <span class='ocrx_word' id='word_1_439' title='bbox 575 3431 684 3470; x_wconf 89' lang='lat' dir='ltr'><strong>una</strong></span> <span class='ocrx_word' id='word_1_440' title='bbox 715 3415 1024 3486; x_wconf 87' lang='lat' dir='ltr'><strong>pertinacis</strong></span> <span class='ocrx_word' id='word_1_441' title='bbox 1055 3413 1329 3486; x_wconf 90' lang='lat' dir='ltr'><strong>propositi</strong></span> <span class='ocrx_word' id='word_1_442' title='bbox 1369 3427 1502 3468; x_wconf 88' lang='lat' dir='ltr'><strong>cura</strong></span> <span class='ocrx_word' id='word_1_443' title='bbox 1543 3411 1766 3468; x_wconf 89' lang='lat' dir='ltr'><strong>deditos</strong></span> <span class='ocrx_word' id='word_1_444' title='bbox 1786 3426 1876 3466; x_wconf 92' lang='lat' dir='ltr'><strong>ra-</strong></span> 
     </span>
    </p>
   </div>
   <div class='ocr_carea' id='block_1_63' title="bbox 291 3503 1880 3578">
    <p class='ocr_par' dir='ltr' id='par_1_63' title="bbox 291 3503 1880 3578">
     <span class='ocr_line' id='line_1_63' title="bbox 291 3503 1880 3578; baseline -0.001 -16"><span class='ocrx_word' id='word_1_445' title='bbox 291 3507 449 3562; x_wconf 54' lang='lat' dir='ltr'><strong>:tioui</strong></span> <span class='ocrx_word' id='word_1_446' title='bbox 481 3507 622 3563; x_wconf 85' lang='lat' dir='ltr'><strong>velle</strong></span> <span class='ocrx_word' id='word_1_447' title='bbox 667 3507 971 3578; x_wconf 89' lang='lat' dir='ltr'><strong>imperare,</strong></span> <span class='ocrx_word' id='word_1_448' title='bbox 1003 3520 1113 3560; x_wconf 90' lang='lat' dir='ltr'><strong>non</strong></span> <span class='ocrx_word' id='word_1_449' title='bbox 1163 3505 1370 3561; x_wconf 89' lang='lat' dir='ltr'><strong>cedere</strong></span> <span class='ocrx_word' id='word_1_450' title='bbox 1406 3503 1762 3574; x_wconf 89' lang='lat' dir='ltr'><strong>impudenter</strong></span> <span class='ocrx_word' id='word_1_451' title='bbox 1784 3518 1880 3560; x_wconf 85' lang='lat' dir='ltr'><strong>ac-</strong></span> 
     </span>
    </p>
   </div>
   <div class='ocr_carea' id='block_1_64' title="bbox 275 3582 1880 3667">
    <p class='ocr_par' dir='ltr' id='par_1_64' title="bbox 275 3582 1880 3667">
     <span class='ocr_line' id='line_1_64' title="bbox 275 3582 1880 3667; baseline -0.003 -13"><span class='ocrx_word' id='word_1_452' title='bbox 275 3582 488 3664; x_wconf 29' lang='lat' dir='ltr'><strong>I‘eusat,</strong></span> <span class='ocrx_word' id='word_1_453' title='bbox 521 3613 649 3654; x_wconf 87' lang='lat' dir='ltr'><strong>cum</strong></span> <span class='ocrx_word' id='word_1_454' title='bbox 682 3583 782 3654; x_wconf 86' lang='lat' dir='ltr'><strong>eos</strong></span> <span class='ocrx_word' id='word_1_455' title='bbox 835 3597 1044 3654; x_wconf 87' lang='lat' dir='ltr'><strong>veritas</strong></span> <span class='ocrx_word' id='word_1_456' title='bbox 1066 3597 1184 3652; x_wconf 85' lang='lat' dir='ltr'><strong>suis</strong></span> <span class='ocrx_word' id='word_1_457' title='bbox 1210 3595 1439 3667; x_wconf 88' lang='lat' dir='ltr'><strong>penitus</strong></span> <span class='ocrx_word' id='word_1_458' title='bbox 1481 3595 1752 3665; x_wconf 88' lang='lat' dir='ltr'><strong>approbat</strong></span> <span class='ocrx_word' id='word_1_459' title='bbox 1791 3609 1880 3649; x_wconf 89' lang='lat' dir='ltr'><strong>ra-</strong></span> 
     </span>
    </p>
   </div>
   <div class='ocr_carea' id='block_1_65' title="bbox 293 3683 1881 3760">
    <p class='ocr_par' dir='ltr' id='par_1_65' title="bbox 293 3683 1881 3760">
     <span class='ocr_line' id='line_1_65' title="bbox 293 3683 1881 3760; baseline -0.002 -18"><span class='ocrx_word' id='word_1_460' title='bbox 293 3687 562 3744; x_wconf 58' lang='lat' dir='ltr'><strong>tionibus</strong></span> <span class='ocrx_word' id='word_1_461' title='bbox 592 3690 896 3760; x_wconf 89' lang='lat' dir='ltr'><strong>subjectos.</strong></span> <span class='ocrx_word' id='word_1_462' title='bbox 931 3688 1016 3742; x_wconf 79' lang='lat' dir='ltr'><strong>An</strong></span> <span class='ocrx_word' id='word_1_463' title='bbox 1047 3686 1192 3742; x_wconf 90' lang='lat' dir='ltr'><strong>forte</strong></span> <span class='ocrx_word' id='word_1_464' title='bbox 1241 3687 1369 3742; x_wconf 90' lang='lat' dir='ltr'><strong>illos</strong></span> <span class='ocrx_word' id='word_1_465' title='bbox 1419 3683 1629 3740; x_wconf 85' lang='lat' dir='ltr'><strong>rationi</strong></span> <span class='ocrx_word' id='word_1_466' title='bbox 1659 3683 1881 3747; x_wconf 88' lang='lat' dir='ltr'><strong>cedere,</strong></span> 
     </span>
    </p>
   </div>
   <div class='ocr_carea' id='block_1_66' title="bbox 295 3776 1882 3850">
    <p class='ocr_par' dir='ltr' id='par_1_66' title="bbox 295 3776 1882 3850">
     <span class='ocr_line' id='line_1_66' title="bbox 295 3776 1882 3850; baseline -0.004 -15"><span class='ocrx_word' id='word_1_467' title='bbox 295 3793 424 3835; x_wconf 68' lang='lat' dir='ltr'><strong>non</strong></span> <span class='ocrx_word' id='word_1_468' title='bbox 458 3779 732 3850; x_wconf 83' lang='lat' dir='ltr'><strong>imperare</strong></span> <span class='ocrx_word' id='word_1_469' title='bbox 763 3779 1004 3847; x_wconf 72' lang='lat' dir='ltr'><strong>iudicat,</strong></span> <span class='ocrx_word' id='word_1_470' title='bbox 1039 3777 1136 3847; x_wconf 92' lang='lat' dir='ltr'><strong>qui</strong></span> <span class='ocrx_word' id='word_1_471' title='bbox 1170 3776 1456 3833; x_wconf 85' lang='lat' dir='ltr'><strong>Christum</strong></span> <span class='ocrx_word' id='word_1_472' title='bbox 1487 3788 1656 3829; x_wconf 92' lang='lat' dir='ltr'><strong>uuam</strong></span> <span class='ocrx_word' id='word_1_473' title='bbox 1686 3787 1882 3844; x_wconf 60' lang='lat' dir='ltr'><strong>persoo</strong></span> 
     </span>
    </p>
   </div>
   <div class='ocr_carea' id='block_1_67' title="bbox 300 3863 1882 3939">
    <p class='ocr_par' dir='ltr' id='par_1_67' title="bbox 300 3863 1882 3939">
     <span class='ocr_line' id='line_1_67' title="bbox 300 3863 1882 3939; baseline -0.004 -15"><span class='ocrx_word' id='word_1_474' title='bbox 300 3883 439 3924; x_wconf 81' lang='lat' dir='ltr'><strong>nam</strong></span> <span class='ocrx_word' id='word_1_475' title='bbox 494 3867 723 3939; x_wconf 88' lang='lat' dir='ltr'><strong>quidem</strong></span> <span class='ocrx_word' id='word_1_476' title='bbox 766 3881 834 3922; x_wconf 83' lang='lat' dir='ltr'><strong>ex</strong></span> <span class='ocrx_word' id='word_1_477' title='bbox 887 3863 1185 3931; x_wconf 89' lang='lat' dir='ltr'><strong>Trinitate,</strong></span> <span class='ocrx_word' id='word_1_478' title='bbox 1219 3880 1330 3920; x_wconf 91' lang='lat' dir='ltr'><strong>non</strong></span> <span class='ocrx_word' id='word_1_479' title='bbox 1381 3871 1570 3920; x_wconf 90' lang='lat' dir='ltr'><strong>autem</strong></span> <span class='ocrx_word' id='word_1_480' title='bbox 1604 3877 1774 3918; x_wconf 87' lang='lat' dir='ltr'><strong>unum</strong></span> <span class='ocrx_word' id='word_1_481' title='bbox 1815 3878 1882 3918; x_wconf 69' lang='lat' dir='ltr'><strong>ex</strong></span> 
     </span>
    </p>
   </div>
   <div class='ocr_carea' id='block_1_68' title="bbox 296 3951 1883 4024">
    <p class='ocr_par' dir='ltr' id='par_1_68' title="bbox 296 3951 1883 4024">
     <span class='ocr_line' id='line_1_68' title="bbox 296 3951 1883 4024; baseline -0.004 -10"><span class='ocrx_word' id='word_1_482' title='bbox 296 3953 586 4014; x_wconf 59' lang='lat' dir='ltr'><strong>&quot;Trinitate</strong></span> <span class='ocrx_word' id='word_1_483' title='bbox 639 3971 764 4014; x_wconf 90' lang='lat' dir='ltr'><strong>esse</strong></span> <span class='ocrx_word' id='word_1_484' title='bbox 796 3954 1083 4011; x_wconf 79' lang='lat' dir='ltr'><strong>fatentur?</strong></span> <span class='ocrx_word' id='word_1_485' title='bbox 1129 3953 1237 4010; x_wconf 90' lang='lat' dir='ltr'><strong>Sed</strong></span> <span class='ocrx_word' id='word_1_486' title='bbox 1297 3954 1355 4009; x_wconf 91' lang='lat' dir='ltr'><strong>hi</strong></span> <span class='ocrx_word' id='word_1_487' title='bbox 1414 3953 1510 4024; x_wconf 90' lang='lat' dir='ltr'><strong>qui</strong></span> <span class='ocrx_word' id='word_1_488' title='bbox 1541 3953 1649 4008; x_wconf 89' lang='lat' dir='ltr'><strong>hoc</strong></span> <span class='ocrx_word' id='word_1_489' title='bbox 1687 3951 1883 4008; x_wconf 91' lang='lat' dir='ltr'><strong>dicunt</strong></span> 
     </span>
    </p>
   </div>
   <div class='ocr_carea' id='block_1_69' title="bbox 296 4040 1882 4120">
    <p class='ocr_par' dir='ltr' id='par_1_69' title="bbox 296 4040 1882 4120">
     <span class='ocr_line' id='line_1_69' title="bbox 296 4040 1882 4120; baseline -0.003 -17"><span class='ocrx_word' id='word_1_490' title='bbox 296 4047 498 4120; x_wconf 81' lang='lat' dir='ltr'><strong>potius</strong></span> <span class='ocrx_word' id='word_1_491' title='bbox 525 4044 726 4102; x_wconf 89' lang='lat' dir='ltr'><strong>rationi</strong></span> <span class='ocrx_word' id='word_1_492' title='bbox 753 4045 898 4100; x_wconf 87' lang='lat' dir='ltr'><strong>velle</strong></span> <span class='ocrx_word' id='word_1_493' title='bbox 913 4043 1214 4114; x_wconf 85' lang='lat' dir='ltr'><strong>imperare,</strong></span> <span class='ocrx_word' id='word_1_494' title='bbox 1243 4057 1359 4098; x_wconf 88' lang='lat' dir='ltr'><strong>non</strong></span> <span class='ocrx_word' id='word_1_495' title='bbox 1378 4042 1634 4110; x_wconf 86' lang='lat' dir='ltr'><strong>credere,</strong></span> <span class='ocrx_word' id='word_1_496' title='bbox 1657 4040 1882 4112; x_wconf 87' lang='lat' dir='ltr'><strong>penitus</strong></span> 
     </span>
    </p>
   </div>
   <div class='ocr_carea' id='block_1_70' title="bbox 296 4133 1880 4204">
    <p class='ocr_par' dir='ltr' id='par_1_70' title="bbox 296 4133 1880 4204">
     <span class='ocr_line' id='line_1_70' title="bbox 296 4133 1880 4204; baseline -0.005 -9"><span class='ocrx_word' id='word_1_497' title='bbox 296 4141 743 4195; x_wconf 79' lang='lat' dir='ltr'><strong>convincuntur.</strong></span> <span class='ocrx_word' id='word_1_498' title='bbox 783 4135 923 4204; x_wconf 86' lang='lat' dir='ltr'><strong>Quis</strong></span> <span class='ocrx_word' id='word_1_499' title='bbox 940 4136 1093 4192; x_wconf 90' lang='lat' dir='ltr'><strong>enim</strong></span> <span class='ocrx_word' id='word_1_500' title='bbox 1125 4145 1234 4190; x_wconf 91' lang='lat' dir='ltr'><strong>tam</strong></span> <span class='ocrx_word' id='word_1_501' title='bbox 1261 4135 1470 4191; x_wconf 88' lang='lat' dir='ltr'><strong>stultus</strong></span> <span class='ocrx_word' id='word_1_502' title='bbox 1497 4143 1555 4190; x_wconf 91' lang='lat' dir='ltr'><strong>et</strong></span> <span class='ocrx_word' id='word_1_503' title='bbox 1583 4148 1783 4190; x_wconf 85' lang='lat' dir='ltr'><strong>vecors</strong></span> <span class='ocrx_word' id='word_1_504' title='bbox 1808 4133 1880 4189; x_wconf 92' lang='lat' dir='ltr'><strong>sit</strong></span> 
     </span>
    </p>
   </div>
   <div class='ocr_carea' id='block_1_71' title="bbox 293 4226 1879 4301">
    <p class='ocr_par' dir='ltr' id='par_1_71' title="bbox 293 4226 1879 4301">
     <span class='ocr_line' id='line_1_71' title="bbox 293 4226 1879 4301; baseline -0.004 -14"><span class='ocrx_word' id='word_1_505' title='bbox 293 4231 402 4301; x_wconf 85' lang='lat' dir='ltr'><strong>qui</strong></span> <span class='ocrx_word' id='word_1_506' title='bbox 429 4229 618 4286; x_wconf 89' lang='lat' dir='ltr'><strong>dicere</strong></span> <span class='ocrx_word' id='word_1_507' title='bbox 649 4227 874 4292; x_wconf 87' lang='lat' dir='ltr'><strong>audeat,</strong></span> <span class='ocrx_word' id='word_1_508' title='bbox 893 4226 1129 4282; x_wconf 91' lang='lat' dir='ltr'><strong>Paulum</strong></span> <span class='ocrx_word' id='word_1_509' title='bbox 1159 4242 1228 4282; x_wconf 80' lang='lat' dir='ltr'><strong>ex</strong></span> <span class='ocrx_word' id='word_1_510' title='bbox 1254 4226 1528 4296; x_wconf 89' lang='lat' dir='ltr'><strong>apostolis</strong></span> <span class='ocrx_word' id='word_1_511' title='bbox 1557 4239 1726 4279; x_wconf 91' lang='lat' dir='ltr'><strong>unam</strong></span> <span class='ocrx_word' id='word_1_512' title='bbox 1757 4239 1879 4280; x_wconf 88' lang='lat' dir='ltr'><strong>esse</strong></span> 
     </span>
    </p>
   </div>
   <div class='ocr_carea' id='block_1_72' title="bbox 193 4314 1880 4396">
    <p class='ocr_par' dir='ltr' id='par_1_72' title="bbox 193 4314 1880 4396">
     <span class='ocr_line' id='line_1_72' title="bbox 193 4314 1880 4396; baseline -0.004 -19"><span class='ocrx_word' id='word_1_513' title='bbox 193 4387 204 4396; x_wconf 88' lang='lat'>_</span> <span class='ocrx_word' id='word_1_514' title='bbox 301 4321 624 4391; x_wconf 75' lang='lat' dir='ltr'><strong>personam,</strong></span> <span class='ocrx_word' id='word_1_515' title='bbox 642 4333 753 4374; x_wconf 89' lang='lat' dir='ltr'><strong>non</strong></span> <span class='ocrx_word' id='word_1_516' title='bbox 777 4324 968 4372; x_wconf 88' lang='lat' dir='ltr'><strong>autem</strong></span> <span class='ocrx_word' id='word_1_517' title='bbox 1001 4331 1176 4372; x_wconf 90' lang='lat' dir='ltr'><strong>unum</strong></span> <span class='ocrx_word' id='word_1_518' title='bbox 1198 4330 1322 4372; x_wconf 89' lang='lat' dir='ltr'><strong>esse</strong></span> <span class='ocrx_word' id='word_1_519' title='bbox 1349 4331 1417 4371; x_wconf 78' lang='lat' dir='ltr'><strong>ex</strong></span> <span class='ocrx_word' id='word_1_520' title='bbox 1443 4315 1713 4386; x_wconf 86' lang='lat' dir='ltr'><strong>apostolis</strong></span> <span class='ocrx_word' id='word_1_521' title='bbox 1736 4314 1880 4370; x_wconf 86' lang='lat' dir='ltr'><strong>Pau-</strong></span> 
     </span>
    </p>
   </div>
   <div class='ocr_carea' id='block_1_73' title="bbox 281 4407 1878 4481">
    <p class='ocr_par' dir='ltr' id='par_1_73' title="bbox 281 4407 1878 4481">
     <span class='ocr_line' id='line_1_73' title="bbox 281 4407 1878 4481; baseline -0.004 -13"><span class='ocrx_word' id='word_1_522' title='bbox 281 4411 459 4468; x_wconf 65' lang='lat' dir='ltr'><strong>alum?</strong></span> <span class='ocrx_word' id='word_1_523' title='bbox 509 4409 645 4466; x_wconf 88' lang='lat' dir='ltr'><strong>Loci</strong></span> <span class='ocrx_word' id='word_1_524' title='bbox 675 4410 1068 4480; x_wconf 87' lang='lat' dir='ltr'><strong>opportunitas</strong></span> <span class='ocrx_word' id='word_1_525' title='bbox 1095 4410 1268 4481; x_wconf 79' lang='lat' dir='ltr'><strong>exigit</strong></span> <span class='ocrx_word' id='word_1_526' title='bbox 1305 4415 1368 4464; x_wconf 88' lang='lat' dir='ltr'><strong>ut</strong></span> <span class='ocrx_word' id='word_1_527' title='bbox 1405 4407 1878 4462; x_wconf 86' lang='lat' dir='ltr'><strong>demoustretura</strong></span> 
     </span>
    </p>
   </div>
   <div class='ocr_carea' id='block_1_74' title="bbox 303 4497 1880 4572">
    <p class='ocr_par' dir='ltr' id='par_1_74' title="bbox 303 4497 1880 4572">
     <span class='ocr_line' id='line_1_74' title="bbox 303 4497 1880 4572; baseline -0.001 -18"><span class='ocrx_word' id='word_1_528' title='bbox 303 4499 471 4556; x_wconf 85' lang='lat' dir='ltr'><strong>nobis</strong></span> <span class='ocrx_word' id='word_1_529' title='bbox 518 4499 760 4572; x_wconf 86' lang='lat' dir='ltr'><strong>qualiter</strong></span> <span class='ocrx_word' id='word_1_530' title='bbox 792 4507 848 4556; x_wconf 91' lang='lat' dir='ltr'><strong>et</strong></span> <span class='ocrx_word' id='word_1_531' title='bbox 885 4517 988 4556; x_wconf 89' lang='lat' dir='ltr'><strong>cur</strong></span> <span class='ocrx_word' id='word_1_532' title='bbox 1042 4499 1326 4566; x_wconf 73' lang='lat' dir='ltr'><strong>haeretici,</strong></span> <span class='ocrx_word' id='word_1_533' title='bbox 1383 4513 1452 4554; x_wconf 79' lang='lat' dir='ltr'><strong>ex</strong></span> <span class='ocrx_word' id='word_1_534' title='bbox 1481 4497 1691 4568; x_wconf 89' lang='lat' dir='ltr'><strong>quibus</strong></span> <span class='ocrx_word' id='word_1_535' title='bbox 1727 4511 1880 4553; x_wconf 87' lang='lat' dir='ltr'><strong>unus</strong></span> 
     </span>
    </p>
   </div>
   <div class='ocr_carea' id='block_1_75' title="bbox 1978 3313 3554 3388">
    <p class='ocr_par' dir='ltr' id='par_1_75' title="bbox 1978 3313 3554 3388">
     <span class='ocr_line' id='line_1_75' title="bbox 1978 3313 3554 3388; baseline 0.003 -20"><span class='ocrx_word' id='word_1_536' title='bbox 1978 3313 2176 3368; x_wconf 88' lang='lat' dir='ltr'><strong>cialem</strong></span> <span class='ocrx_word' id='word_1_537' title='bbox 2235 3313 2549 3370; x_wconf 88' lang='lat' dir='ltr'><strong>unitiouem</strong></span> <span class='ocrx_word' id='word_1_538' title='bbox 2608 3331 2710 3386; x_wconf 90' lang='lat' dir='ltr'><strong>per</strong></span> <span class='ocrx_word' id='word_1_539' title='bbox 2753 3317 2985 3388; x_wconf 75' lang='lat' dir='ltr'><strong>gratiam</strong></span> <span class='ocrx_word' id='word_1_540' title='bbox 3037 3333 3205 3373; x_wconf 87' lang='lat' dir='ltr'><strong>unam</strong></span> <span class='ocrx_word' id='word_1_541' title='bbox 3257 3331 3554 3388; x_wconf 85' lang='lat' dir='ltr'><strong>personam</strong></span> 
     </span>
    </p>
   </div>
   <div class='ocr_carea' id='block_1_76' title="bbox 1981 3403 3555 3478">
    <p class='ocr_par' dir='ltr' id='par_1_76' title="bbox 1981 3403 3555 3478">
     <span class='ocr_line' id='line_1_76' title="bbox 1981 3403 3555 3478; baseline 0.004 -20"><span class='ocrx_word' id='word_1_542' title='bbox 1981 3403 2320 3476; x_wconf 87' lang='lat' dir='ltr'><strong>intelligunt;</strong></span> <span class='ocrx_word' id='word_1_543' title='bbox 2339 3405 2644 3461; x_wconf 89' lang='lat' dir='ltr'><strong>secundum</strong></span> <span class='ocrx_word' id='word_1_544' title='bbox 2670 3407 2804 3462; x_wconf 91' lang='lat' dir='ltr'><strong>illud</strong></span> <span class='ocrx_word' id='word_1_545' title='bbox 2833 3410 2982 3478; x_wconf 90' lang='lat' dir='ltr'><strong>quod</strong></span> <span class='ocrx_word' id='word_1_546' title='bbox 3003 3409 3060 3464; x_wconf 89' lang='lat' dir='ltr'><strong>in</strong></span> <span class='ocrx_word' id='word_1_547' title='bbox 3077 3408 3311 3464; x_wconf 81' lang='lat' dir='ltr'><strong>Actibus</strong></span> <span class='ocrx_word' id='word_1_548' title='bbox 3332 3415 3555 3478; x_wconf 88' lang='lat' dir='ltr'><strong>aposto-</strong></span> 
     </span>
    </p>
   </div>
   <div class='ocr_carea' id='block_1_77' title="bbox 1980 3495 3554 3571">
    <p class='ocr_par' dir='ltr' id='par_1_77' title="bbox 1980 3495 3554 3571">
     <span class='ocr_line' id='line_1_77' title="bbox 1980 3495 3554 3571; baseline 0.004 -22"><span class='ocrx_word' id='word_1_549' title='bbox 1980 3495 2158 3550; x_wconf 89' lang='lat' dir='ltr'><strong>lorum</strong></span> <span class='ocrx_word' id='word_1_550' title='bbox 2177 3507 2406 3567; x_wconf 89' lang='lat' dir='ltr'><strong>propter</strong></span> <span class='ocrx_word' id='word_1_551' title='bbox 2424 3500 2756 3556; x_wconf 89' lang='lat' dir='ltr'><strong>concordem</strong></span> <span class='ocrx_word' id='word_1_552' title='bbox 2770 3501 3116 3557; x_wconf 86' lang='lat' dir='ltr'><strong>voluntatem</strong></span> <span class='ocrx_word' id='word_1_553' title='bbox 3129 3499 3554 3571; x_wconf 86' lang='lat' dir='ltr'><strong>legitur‘multo-</strong></span> 
     </span>
    </p>
   </div>
   <div class='ocr_carea' id='block_1_78' title="bbox 1984 3585 3554 3657">
    <p class='ocr_par' dir='ltr' id='par_1_78' title="bbox 1984 3585 3554 3657">
     <span class='ocr_line' id='line_1_78' title="bbox 1984 3585 3554 3657; baseline 0.005 -18"><span class='ocrx_word' id='word_1_554' title='bbox 1984 3601 2107 3640; x_wconf 90' lang='lat' dir='ltr'><strong>rum</strong></span> <span class='ocrx_word' id='word_1_555' title='bbox 2119 3587 2520 3657; x_wconf 86' lang='lat' dir='ltr'><strong>discipulorum</strong></span> <span class='ocrx_word' id='word_1_556' title='bbox 2535 3593 2707 3645; x_wconf 85' lang='lat' dir='ltr'><strong>unum</strong></span> <span class='ocrx_word' id='word_1_557' title='bbox 2720 3603 2954 3648; x_wconf 85' lang='lat' dir='ltr'><strong>essecor</strong></span> <span class='ocrx_word' id='word_1_558' title='bbox 2975 3601 3032 3648; x_wconf 90' lang='lat' dir='ltr'><strong>et</strong></span> <span class='ocrx_word' id='word_1_559' title='bbox 3047 3605 3212 3648; x_wconf 88' lang='lat' dir='ltr'><strong>unam</strong></span> <span class='ocrx_word' id='word_1_560' title='bbox 3225 3591 3468 3647; x_wconf 87' lang='lat' dir='ltr'><strong>animam</strong></span> <span class='ocrx_word' id='word_1_561' title='bbox 3482 3585 3554 3647; x_wconf 77' lang='lat'><strong>“.</strong></span> 
     </span>
    </p>
   </div>
   <div class='ocr_carea' id='block_1_79' title="bbox 2057 3675 3558 3753">
    <p class='ocr_par' dir='ltr' id='par_1_79' title="bbox 2057 3675 3558 3753">
     <span class='ocr_line' id='line_1_79' title="bbox 2057 3675 3558 3753; baseline 0.005 -21"><span class='ocrx_word' id='word_1_562' title='bbox 2057 3675 2164 3732; x_wconf 91' lang='lat' dir='ltr'><strong>Sed</strong></span> <span class='ocrx_word' id='word_1_563' title='bbox 2189 3677 2301 3748; x_wconf 88' lang='lat' dir='ltr'><strong>jam</strong></span> <span class='ocrx_word' id='word_1_564' title='bbox 2325 3679 2471 3748; x_wconf 91' lang='lat' dir='ltr'><strong>quod</strong></span> <span class='ocrx_word' id='word_1_565' title='bbox 2490 3681 2765 3750; x_wconf 90' lang='lat' dir='ltr'><strong>sequitur,</strong></span> <span class='ocrx_word' id='word_1_566' title='bbox 2793 3683 3104 3739; x_wconf 84' lang='lat' dir='ltr'><strong>videamus.</strong></span> <span class='ocrx_word' id='word_1_567' title='bbox 3137 3702 3156 3734; x_wconf 75' lang='grc' dir='ltr'>ι</span> <span class='ocrx_word' id='word_1_568' title='bbox 3195 3682 3558 3753; x_wconf 47' lang='lat' dir='ltr'><strong>Contemptus</strong></span> 
     </span>
    </p>
   </div>
   <div class='ocr_carea' id='block_1_80' title="bbox 1985 3769 3556 3843">
    <p class='ocr_par' dir='ltr' id='par_1_80' title="bbox 1985 3769 3556 3843">
     <span class='ocr_line' id='line_1_80' title="bbox 1985 3769 3556 3843; baseline 0.006 -24"><span class='ocrx_word' id='word_1_569' title='bbox 1985 3781 2094 3834; x_wconf 88' lang='lat' dir='ltr'><strong>res,</strong></span> <span class='ocrx_word' id='word_1_570' title='bbox 2119 3769 2216 3835; x_wconf 90' lang='lat' dir='ltr'><strong>ait,</strong></span> <span class='ocrx_word' id='word_1_571' title='bbox 2275 3769 2663 3828; x_wconf 88' lang='lat' dir='ltr'><strong>auctoritatum</strong></span> <span class='ocrx_word' id='word_1_572' title='bbox 2717 3779 2990 3838; x_wconf 88' lang='lat' dir='ltr'><strong>veterum,</strong></span> <span class='ocrx_word' id='word_1_573' title='bbox 3028 3783 3294 3828; x_wconf 86' lang='lat' dir='ltr'><strong>novarum</strong></span> <span class='ocrx_word' id='word_1_574' title='bbox 3363 3769 3556 3843; x_wconf 84' lang='lat' dir='ltr'><strong>cupidi</strong></span> 
     </span>
    </p>
   </div>
   <div class='ocr_carea' id='block_1_81' title="bbox 1984 3859 3552 3934">
    <p class='ocr_par' dir='ltr' id='par_1_81' title="bbox 1984 3859 3552 3934">
     <span class='ocr_line' id='line_1_81' title="bbox 1984 3859 3552 3934; baseline 0.003 -19"><span class='ocrx_word' id='word_1_575' title='bbox 1984 3859 2374 3932; x_wconf 84' lang='lat' dir='ltr'><strong>quaestionum,</strong></span> <span class='ocrx_word' id='word_1_576' title='bbox 2399 3861 2569 3917; x_wconf 89' lang='lat' dir='ltr'><strong>solam</strong></span> <span class='ocrx_word' id='word_1_577' title='bbox 2597 3871 2854 3933; x_wconf 89' lang='lat' dir='ltr'><strong>putantes</strong></span> <span class='ocrx_word' id='word_1_578' title='bbox 2885 3864 3131 3920; x_wconf 60' lang='lat' dir='ltr'><strong>scientiae</strong></span> <span class='ocrx_word' id='word_1_579' title='bbox 3154 3871 3360 3920; x_wconf 85' lang='lat' dir='ltr'><strong>rectam</strong></span> <span class='ocrx_word' id='word_1_580' title='bbox 3383 3863 3552 3934; x_wconf 83' lang='lat' dir='ltr'><strong>viam,</strong></span> 
     </span>
    </p>
   </div>
   <div class='ocr_carea' id='block_1_82' title="bbox 1982 3951 3554 4026">
    <p class='ocr_par' dir='ltr' id='par_1_82' title="bbox 1982 3951 3554 4026">
     <span class='ocr_line' id='line_1_82' title="bbox 1982 3951 3554 4026; baseline 0.004 -20"><span class='ocrx_word' id='word_1_581' title='bbox 1982 3951 2233 4022; x_wconf 87' lang='lat' dir='ltr'><strong>qualibet</strong></span> <span class='ocrx_word' id='word_1_582' title='bbox 2258 3960 2572 4024; x_wconf 87' lang='lat' dir='ltr'><strong>susceptam</strong></span> <span class='ocrx_word' id='word_1_583' title='bbox 2604 3952 2870 4010; x_wconf 87' lang='lat' dir='ltr'><strong>facilitate</strong></span> <span class='ocrx_word' id='word_1_584' title='bbox 2897 3955 3342 4012; x_wconf 63' lang='lat' dir='ltr'><strong>sententiam-i0</strong></span> <span class='ocrx_word' id='word_1_585' title='bbox 3365 3955 3554 4026; x_wconf 68' lang='lat' dir='ltr'><strong>impu~</strong></span> 
     </span>
    </p>
   </div>
   <div class='ocr_carea' id='block_1_83' title="bbox 1983 4041 3554 4118">
    <p class='ocr_par' dir='ltr' id='par_1_83' title="bbox 1983 4041 3554 4118">
     <span class='ocr_line' id='line_1_83' title="bbox 1983 4041 3554 4118; baseline 0.003 -21"><span class='ocrx_word' id='word_1_586' title='bbox 1983 4041 2124 4098; x_wconf 91' lang='lat' dir='ltr'><strong>dens</strong></span> <span class='ocrx_word' id='word_1_587' title='bbox 2151 4050 2210 4097; x_wconf 91' lang='lat' dir='ltr'><strong>et</strong></span> <span class='ocrx_word' id='word_1_588' title='bbox 2254 4044 2424 4098; x_wconf 89' lang='lat' dir='ltr'><strong>stulta</strong></span> <span class='ocrx_word' id='word_1_589' title='bbox 2473 4043 2865 4100; x_wconf 65' lang='lat' dir='ltr'><strong>haereticorum</strong></span> <span class='ocrx_word' id='word_1_590' title='bbox 2919 4046 3226 4112; x_wconf 86' lang='lat' dir='ltr'><strong>temeritas,</strong></span> <span class='ocrx_word' id='word_1_591' title='bbox 3273 4061 3397 4118; x_wconf 75' lang='lat' dir='ltr'><strong>qua:</strong></span> <span class='ocrx_word' id='word_1_592' title='bbox 3446 4041 3554 4104; x_wconf 76' lang='lat' dir='ltr'><strong>sub</strong></span> 
     </span>
    </p>
   </div>
   <div class='ocr_carea' id='block_1_84' title="bbox 1981 4133 3554 4208">
    <p class='ocr_par' dir='ltr' id='par_1_84' title="bbox 1981 4133 3554 4208">
     <span class='ocr_line' id='line_1_84' title="bbox 1981 4133 3554 4208; baseline 0.004 -18"><span class='ocrx_word' id='word_1_593' title='bbox 1981 4134 2168 4205; x_wconf 87' lang='lat' dir='ltr'><strong>specie</strong></span> <span class='ocrx_word' id='word_1_594' title='bbox 2188 4133 2410 4205; x_wconf 83' lang='lat' dir='ltr'><strong>pietatis</strong></span> <span class='ocrx_word' id='word_1_595' title='bbox 2431 4135 2776 4208; x_wconf 89' lang='lat' dir='ltr'><strong>impietatem</strong></span> <span class='ocrx_word' id='word_1_596' title='bbox 2810 4147 3046 4194; x_wconf 88' lang='lat' dir='ltr'><strong>conatur</strong></span> <span class='ocrx_word' id='word_1_597' title='bbox 3085 4146 3338 4196; x_wconf 87' lang='lat' dir='ltr'><strong>astruere</strong></span> <span class='ocrx_word' id='word_1_598' title='bbox 3381 4141 3394 4194; x_wconf 86' lang='lat' dir='ltr'><strong>l</strong></span> <span class='ocrx_word' id='word_1_599' title='bbox 3429 4139 3554 4196; x_wconf 81' lang='lat' dir='ltr'><strong>Non</strong></span> 
     </span>
    </p>
   </div>
   <div class='ocr_carea' id='block_1_85' title="bbox 1979 4227 3549 4307">
    <p class='ocr_par' dir='ltr' id='par_1_85' title="bbox 1979 4227 3549 4307">
     <span class='ocr_line' id='line_1_85' title="bbox 1979 4227 3549 4307; baseline 0.003 -25"><span class='ocrx_word' id='word_1_600' title='bbox 1979 4227 2128 4282; x_wconf 88' lang='lat' dir='ltr'><strong>enim</strong></span> <span class='ocrx_word' id='word_1_601' title='bbox 2151 4233 2365 4296; x_wconf 89' lang='lat' dir='ltr'><strong>putant,</strong></span> <span class='ocrx_word' id='word_1_602' title='bbox 2378 4235 2440 4282; x_wconf 89' lang='lat' dir='ltr'><strong>ut</strong></span> <span class='ocrx_word' id='word_1_603' title='bbox 2463 4228 2566 4295; x_wconf 86' lang='lat' dir='ltr'><strong>ais,</strong></span> <span class='ocrx_word' id='word_1_604' title='bbox 2589 4243 2624 4283; x_wconf 92' lang='grc' dir='ltr'>ο</span> <span class='ocrx_word' id='word_1_605' title='bbox 2653 4228 2844 4285; x_wconf 78' lang='lat' dir='ltr'><strong>infelix</strong></span> <span class='ocrx_word' id='word_1_606' title='bbox 2887 4229 3120 4300; x_wconf 90' lang='lat' dir='ltr'><strong>perﬁdia</strong></span> <span class='ocrx_word' id='word_1_607' title='bbox 3149 4232 3163 4284; x_wconf 77' lang='grc' dir='ltr'><strong><em>ι</em></strong></span> <span class='ocrx_word' id='word_1_608' title='bbox 3189 4230 3288 4286; x_wconf 82' lang='lat' dir='ltr'><strong>sed</strong></span> <span class='ocrx_word' id='word_1_609' title='bbox 3318 4229 3549 4307; x_wconf 73' lang='lat' dir='ltr'><strong>omnino</strong></span> 
     </span>
    </p>
   </div>
   <div class='ocr_carea' id='block_1_86' title="bbox 1981 4319 3554 4396">
    <p class='ocr_par' dir='ltr' id='par_1_86' title="bbox 1981 4319 3554 4396">
     <span class='ocr_line' id='line_1_86' title="bbox 1981 4319 3554 4396; baseline 0.003 -23"><span class='ocrx_word' id='word_1_610' title='bbox 1981 4327 2189 4396; x_wconf 80' lang='lat' dir='ltr'><strong>rectam</strong></span> <span class='ocrx_word' id='word_1_611' title='bbox 2214 4319 2450 4375; x_wconf 90' lang='lat' dir='ltr'><strong>credunt</strong></span> <span class='ocrx_word' id='word_1_612' title='bbox 2471 4335 2595 4376; x_wconf 89' lang='lat' dir='ltr'><strong>esse</strong></span> <span class='ocrx_word' id='word_1_613' title='bbox 2617 4322 2907 4376; x_wconf 86' lang='lat' dir='ltr'><strong>sententiae</strong></span> <span class='ocrx_word' id='word_1_614' title='bbox 2929 4321 3096 4384; x_wconf 83' lang='lat' dir='ltr'><strong>viam,</strong></span> <span class='ocrx_word' id='word_1_615' title='bbox 3123 4321 3219 4390; x_wconf 90' lang='lat' dir='ltr'><strong>qui</strong></span> <span class='ocrx_word' id='word_1_616' title='bbox 3269 4320 3554 4377; x_wconf 83' lang='lat' dir='ltr'><strong>Christum</strong></span> 
     </span>
    </p>
   </div>
   <div class='ocr_carea' id='block_1_87' title="bbox 1982 4403 3555 4475">
    <p class='ocr_par' dir='ltr' id='par_1_87' title="bbox 1982 4403 3555 4475">
     <span class='ocr_line' id='line_1_87' title="bbox 1982 4403 3555 4475; baseline 0.002 -10"><span class='ocrx_word' id='word_1_617' title='bbox 1982 4409 2159 4465; x_wconf 87' lang='lat' dir='ltr'><strong>Deum</strong></span> <span class='ocrx_word' id='word_1_618' title='bbox 2187 4408 2454 4475; x_wconf 89' lang='lat' dir='ltr'><strong>Verbum,</strong></span> <span class='ocrx_word' id='word_1_619' title='bbox 2486 4418 2544 4464; x_wconf 89' lang='lat' dir='ltr'><strong>et</strong></span> <span class='ocrx_word' id='word_1_620' title='bbox 2591 4410 2664 4465; x_wconf 92' lang='lat' dir='ltr'><strong>ob</strong></span> <span class='ocrx_word' id='word_1_621' title='bbox 2693 4410 2802 4465; x_wconf 89' lang='lat' dir='ltr'><strong>hoc</strong></span> <span class='ocrx_word' id='word_1_622' title='bbox 2832 4411 3004 4465; x_wconf 85' lang='lat' dir='ltr'><strong>unum</strong></span> <span class='ocrx_word' id='word_1_623' title='bbox 3035 4409 3284 4466; x_wconf 82' lang='lat' dir='ltr'><strong>fatentur</strong></span> <span class='ocrx_word' id='word_1_624' title='bbox 3311 4427 3390 4475; x_wconf 51' lang='lat' dir='ltr'><strong>ex,</strong></span> <span class='ocrx_word' id='word_1_625' title='bbox 3433 4403 3555 4467; x_wconf 62' lang='lat' dir='ltr'><strong>Tria</strong></span> 
     </span>
    </p>
   </div>
   <div class='ocr_carea' id='block_1_88' title="bbox 1981 4498 3556 4572">
    <p class='ocr_par' dir='ltr' id='par_1_88' title="bbox 1981 4498 3556 4572">
     <span class='ocr_line' id='line_1_88' title="bbox 1981 4498 3556 4572; baseline 0.001 -17"><span class='ocrx_word' id='word_1_626' title='bbox 1981 4500 2182 4555; x_wconf 87' lang='lat' dir='ltr'><strong>nitate.</strong></span> <span class='ocrx_word' id='word_1_627' title='bbox 2210 4498 2327 4562; x_wconf 75' lang='lat' dir='ltr'><strong>Nec</strong></span> <span class='ocrx_word' id='word_1_628' title='bbox 2383 4507 2824 4570; x_wconf 86' lang='lat' dir='ltr'><strong>contemptores,</strong></span> <span class='ocrx_word' id='word_1_629' title='bbox 2848 4501 2946 4558; x_wconf 89' lang='lat' dir='ltr'><strong>sed</strong></span> <span class='ocrx_word' id='word_1_630' title='bbox 2973 4501 3160 4572; x_wconf 89' lang='lat' dir='ltr'><strong>potius</strong></span> <span class='ocrx_word' id='word_1_631' title='bbox 3194 4509 3556 4558; x_wconf 74' lang='lat' dir='ltr'><strong>ve&#39;neratores</strong></span> 
     </span>
    </p>
   </div>
   <div class='ocr_carea' id='block_1_89' title="bbox 303 4583 3558 4665">
    <p class='ocr_par' dir='ltr' id='par_1_89' title="bbox 303 4583 3558 4665">
     <span class='ocr_line' id='line_1_89' title="bbox 303 4583 3558 4665; baseline 0.001 -21"><span class='ocrx_word' id='word_1_632' title='bbox 303 4589 630 4658; x_wconf 88' lang='lat' dir='ltr'><strong>Dioscorus,</strong></span> <span class='ocrx_word' id='word_1_633' title='bbox 659 4605 826 4646; x_wconf 85' lang='lat' dir='ltr'><strong>unam</strong></span> <span class='ocrx_word' id='word_1_634' title='bbox 852 4604 1150 4662; x_wconf 86' lang='lat' dir='ltr'><strong>personam</strong></span> <span class='ocrx_word' id='word_1_635' title='bbox 1183 4587 1476 4646; x_wconf 89' lang='lat' dir='ltr'><strong>Christum</strong></span> <span class='ocrx_word' id='word_1_636' title='bbox 1510 4587 1881 4658; x_wconf 85' lang='lat' dir='ltr'><strong>praedicantes</strong></span> <span class='ocrx_word' id='word_1_637' title='bbox 1911 4583 1956 4640; x_wconf 92' lang='lat' dir='ltr'><strong>D</strong></span> <span class='ocrx_word' id='word_1_638' title='bbox 1983 4589 2380 4645; x_wconf 85' lang='lat' dir='ltr'><strong>auctoritatum</strong></span> <span class='ocrx_word' id='word_1_639' title='bbox 2444 4597 2696 4648; x_wconf 87' lang='lat' dir='ltr'><strong>veterum</strong></span> <span class='ocrx_word' id='word_1_640' title='bbox 2765 4592 3204 4664; x_wconf 83' lang='lat' dir='ltr'><strong>comprobantur</strong></span> <span class='ocrx_word' id='word_1_641' title='bbox 3264 4593 3360 4665; x_wconf 91' lang='lat' dir='ltr'><strong>qui</strong></span> <span class='ocrx_word' id='word_1_642' title='bbox 3413 4591 3558 4647; x_wconf 83' lang='lat' dir='ltr'><strong>hanc</strong></span> 
     </span>
    </p>
   </div>
   <div class='ocr_carea' id='block_1_90' title="bbox 303 4677 1885 4750">
    <p class='ocr_par' dir='ltr' id='par_1_90' title="bbox 303 4677 1885 4750">
     <span class='ocr_line' id='line_1_90' title="bbox 303 4677 1885 4750; baseline 0.001 -15"><span class='ocrx_word' id='word_1_643' title='bbox 303 4694 375 4735; x_wconf 78' lang='lat' dir='ltr'><strong>ex</strong></span> <span class='ocrx_word' id='word_1_644' title='bbox 405 4679 702 4750; x_wconf 82' lang='lat' dir='ltr'><strong>Trinitate,</strong></span> <span class='ocrx_word' id='word_1_645' title='bbox 739 4699 910 4738; x_wconf 89' lang='lat' dir='ltr'><strong>unum</strong></span> <span class='ocrx_word' id='word_1_646' title='bbox 942 4698 1012 4739; x_wconf 80' lang='lat' dir='ltr'><strong>ex</strong></span> <span class='ocrx_word' id='word_1_647' title='bbox 1029 4677 1306 4738; x_wconf 79' lang='lat' dir='ltr'><strong>Trinitate</strong></span> <span class='ocrx_word' id='word_1_648' title='bbox 1320 4679 1606 4737; x_wconf 90' lang='lat' dir='ltr'><strong>Christum</strong></span> <span class='ocrx_word' id='word_1_649' title='bbox 1625 4678 1885 4736; x_wconf 89' lang='lat' dir='ltr'><strong>conﬁteri</strong></span> 
     </span>
    </p>
   </div>
   <div class='ocr_carea' id='block_1_91' title="bbox 302 4770 1882 4846">
    <p class='ocr_par' dir='ltr' id='par_1_91' title="bbox 302 4770 1882 4846">
     <span class='ocr_line' id='line_1_91' title="bbox 302 4770 1882 4846; baseline 0.002 -21"><span class='ocrx_word' id='word_1_650' title='bbox 302 4770 626 4828; x_wconf 80' lang='lat' dir='ltr'><strong>nullatenus</strong></span> <span class='ocrx_word' id='word_1_651' title='bbox 649 4775 1033 4846; x_wconf 83' lang='lat' dir='ltr'><strong>acquiescant.</strong></span> <span class='ocrx_word' id='word_1_652' title='bbox 1054 4773 1355 4831; x_wconf 86' lang='lat' dir='ltr'><strong>Personam</strong></span> <span class='ocrx_word' id='word_1_653' title='bbox 1384 4773 1556 4845; x_wconf 85' lang='lat' dir='ltr'><strong>igitur</strong></span> <span class='ocrx_word' id='word_1_654' title='bbox 1580 4773 1679 4830; x_wconf 90' lang='lat' dir='ltr'><strong>Dei</strong></span> <span class='ocrx_word' id='word_1_655' title='bbox 1713 4772 1882 4830; x_wconf 91' lang='lat' dir='ltr'><strong>Verbi</strong></span> 
     </span>
    </p>
   </div>
   <div class='ocr_carea' id='block_1_92' title="bbox 289 4857 1884 4936">
    <p class='ocr_par' dir='ltr' id='par_1_92' title="bbox 289 4857 1884 4936">
     <span class='ocr_line' id='line_1_92' title="bbox 289 4857 1884 4936; baseline 0.004 -20"><span class='ocrx_word' id='word_1_656' title='bbox 289 4857 516 4920; x_wconf 71' lang='lat' dir='ltr'><strong>habere</strong></span> <span class='ocrx_word' id='word_1_657' title='bbox 543 4876 804 4922; x_wconf 87' lang='lat' dir='ltr'><strong>asserunt</strong></span> <span class='ocrx_word' id='word_1_658' title='bbox 849 4866 1163 4935; x_wconf 90' lang='lat' dir='ltr'><strong>Christum,</strong></span> <span class='ocrx_word' id='word_1_659' title='bbox 1201 4881 1320 4922; x_wconf 91' lang='lat' dir='ltr'><strong>non</strong></span> <span class='ocrx_word' id='word_1_660' title='bbox 1361 4875 1548 4922; x_wconf 90' lang='lat' dir='ltr'><strong>autem</strong></span> <span class='ocrx_word' id='word_1_661' title='bbox 1581 4865 1732 4936; x_wconf 89' lang='lat' dir='ltr'><strong>quod</strong></span> <span class='ocrx_word' id='word_1_662' title='bbox 1764 4867 1884 4936; x_wconf 88' lang='lat' dir='ltr'><strong>ipse</strong></span> 
     </span>
    </p>
   </div>
   <div class='ocr_carea' id='block_1_93' title="bbox 289 4949 1882 5031">
    <p class='ocr_par' dir='ltr' id='par_1_93' title="bbox 289 4949 1882 5031">
     <span class='ocr_line' id='line_1_93' title="bbox 289 4949 1882 5031; baseline 0.005 -23"><span class='ocrx_word' id='word_1_663' title='bbox 289 4949 458 5012; x_wconf 55' lang='lat' dir='ltr'><strong>&#39;Deus</strong></span> <span class='ocrx_word' id='word_1_664' title='bbox 485 4955 731 5012; x_wconf 88' lang='lat' dir='ltr'><strong>Verbum</strong></span> <span class='ocrx_word' id='word_1_665' title='bbox 767 4958 842 5014; x_wconf 89' lang='lat' dir='ltr'><strong>sit</strong></span> <span class='ocrx_word' id='word_1_666' title='bbox 887 4958 1168 5025; x_wconf 89' lang='lat' dir='ltr'><strong>Christus,</strong></span> <span class='ocrx_word' id='word_1_667' title='bbox 1233 4959 1382 5015; x_wconf 88' lang='lat' dir='ltr'><strong>sicut</strong></span> <span class='ocrx_word' id='word_1_668' title='bbox 1429 4974 1732 5031; x_wconf 87' lang='lat' dir='ltr'><strong>personam</strong></span> <span class='ocrx_word' id='word_1_669' title='bbox 1783 4959 1882 5016; x_wconf 90' lang='lat' dir='ltr'><strong>Dei</strong></span> 
     </span>
    </p>
   </div>
   <div class='ocr_carea' id='block_1_94' title="bbox 293 5043 1883 5121">
    <p class='ocr_par' dir='ltr' id='par_1_94' title="bbox 293 5043 1883 5121">
     <span class='ocr_line' id='line_1_94' title="bbox 293 5043 1883 5121; baseline 0.008 -25"><span class='ocrx_word' id='word_1_670' title='bbox 293 5043 608 5099; x_wconf 80' lang='lat' dir='ltr'><strong>&quot;videbatur</strong></span> <span class='ocrx_word' id='word_1_671' title='bbox 653 5045 858 5104; x_wconf 89' lang='lat' dir='ltr'><strong>habere</strong></span> <span class='ocrx_word' id='word_1_672' title='bbox 881 5047 1040 5121; x_wconf 64' lang='grc'><strong>542</strong></span> <span class='ocrx_word' id='word_1_673' title='bbox 1075 5049 1384 5121; x_wconf 90' lang='lat' dir='ltr'><strong>propheta,</strong></span> <span class='ocrx_word' id='word_1_674' title='bbox 1435 5051 1534 5121; x_wconf 91' lang='lat' dir='ltr'><strong>qui</strong></span> <span class='ocrx_word' id='word_1_675' title='bbox 1570 5050 1793 5107; x_wconf 89' lang='lat' dir='ltr'><strong>dicebat</strong></span> <span class='ocrx_word' id='word_1_676' title='bbox 1813 5051 1883 5108; x_wconf 90' lang='lat' dir='ltr'><strong>ad</strong></span> 
     </span>
    </p>
   </div>
   <div class='ocr_carea' id='block_1_95' title="bbox 305 5131 1886 5222">
    <p class='ocr_par' dir='ltr' id='par_1_95' title="bbox 305 5131 1886 5222">
     <span class='ocr_line' id='line_1_95' title="bbox 305 5131 1886 5222; baseline 0.006 -36"><span class='ocrx_word' id='word_1_677' title='bbox 305 5131 576 5188; x_wconf 79' lang='lat' dir='ltr'><strong>lsraelem</strong></span> <span class='ocrx_word' id='word_1_678' title='bbox 599 5151 612 5186; x_wconf 90' lang='lat'><strong>:</strong></span> <span class='ocrx_word' id='word_1_679' title='bbox 637 5135 795 5200; x_wconf 82' lang='lat' dir='ltr'><strong>Audi,</strong></span> <span class='ocrx_word' id='word_1_680' title='bbox 825 5138 1054 5221; x_wconf 57' lang='lat' dir='ltr'><strong>papulas</strong></span> <span class='ocrx_word' id='word_1_681' title='bbox 1085 5155 1254 5222; x_wconf 69' lang='lat' dir='ltr'><strong>meus,</strong></span> <span class='ocrx_word' id='word_1_682' title='bbox 1287 5149 1337 5194; x_wconf 86' lang='lat' dir='ltr'><strong>et</strong></span> <span class='ocrx_word' id='word_1_683' title='bbox 1357 5139 1573 5212; x_wconf 82' lang='lat' dir='ltr'><strong>loquar,</strong></span> <span class='ocrx_word' id='word_1_684' title='bbox 1601 5139 1812 5208; x_wconf 80' lang='lat' dir='ltr'><strong>Israel;</strong></span> <span class='ocrx_word' id='word_1_685' title='bbox 1835 5150 1886 5198; x_wconf 82' lang='lat' dir='ltr'><strong>et</strong></span> 
     </span>
    </p>
   </div>
   <div class='ocr_carea' id='block_1_96' title="bbox 305 5223 1886 5305">
    <p class='ocr_par' dir='ltr' id='par_1_96' title="bbox 305 5223 1886 5305">
     <span class='ocr_line' id='line_1_96' title="bbox 305 5223 1886 5305; baseline 0.009 -29"><span class='ocrx_word' id='word_1_686' title='bbox 305 5223 638 5293; x_wconf 75' lang='lat' dir='ltr'><strong>testiﬁcabor</strong></span> <span class='ocrx_word' id='word_1_687' title='bbox 693 5225 829 5280; x_wconf 76' lang='lat' dir='ltr'><strong>tibi:</strong></span> <span class='ocrx_word' id='word_1_688' title='bbox 863 5227 1003 5283; x_wconf 72' lang='lat' dir='ltr'><strong>Deus</strong></span> <span class='ocrx_word' id='word_1_689' title='bbox 1032 5227 1168 5285; x_wconf 75' lang='lat' dir='ltr'><strong>Deus</strong></span> <span class='ocrx_word' id='word_1_690' title='bbox 1219 5242 1339 5287; x_wconf 79' lang='lat' dir='ltr'><strong>tuus</strong></span> <span class='ocrx_word' id='word_1_691' title='bbox 1384 5249 1504 5288; x_wconf 77' lang='lat' dir='ltr'><strong>sum</strong></span> <span class='ocrx_word' id='word_1_692' title='bbox 1527 5249 1620 5305; x_wconf 80' lang='lat' dir='ltr'><strong>ego</strong></span> <span class='ocrx_word' id='word_1_693' title='bbox 1650 5235 1720 5300; x_wconf 81' lang='grc'><strong>³⁷,</strong></span> <span class='ocrx_word' id='word_1_694' title='bbox 1759 5250 1886 5299; x_wconf 84' lang='lat' dir='ltr'><strong>cum</strong></span> 
     </span>
    </p>
   </div>
   <div class='ocr_carea' id='block_1_97' title="bbox 306 5321 1882 5398">
    <p class='ocr_par' dir='ltr' id='par_1_97' title="bbox 306 5321 1882 5398">
     <span class='ocr_line' id='line_1_97' title="bbox 306 5321 1882 5398; baseline 0.004 -22"><span class='ocrx_word' id='word_1_695' title='bbox 306 5329 501 5376; x_wconf 67' lang='lat' dir='ltr'><strong>tamen</strong></span> <span class='ocrx_word' id='word_1_696' title='bbox 537 5334 664 5374; x_wconf 79' lang='lat' dir='ltr'><strong>non</strong></span> <span class='ocrx_word' id='word_1_697' title='bbox 685 5327 835 5376; x_wconf 88' lang='lat' dir='ltr'><strong>esset</strong></span> <span class='ocrx_word' id='word_1_698' title='bbox 873 5321 991 5392; x_wconf 90' lang='lat' dir='ltr'><strong>ipse</strong></span> <span class='ocrx_word' id='word_1_699' title='bbox 1017 5322 1187 5390; x_wconf 89' lang='lat' dir='ltr'><strong>Deus,</strong></span> <span class='ocrx_word' id='word_1_700' title='bbox 1229 5326 1326 5381; x_wconf 88' lang='lat' dir='ltr'><strong>sed</strong></span> <span class='ocrx_word' id='word_1_701' title='bbox 1358 5326 1448 5382; x_wconf 92' lang='lat' dir='ltr'><strong>ille</strong></span> <span class='ocrx_word' id='word_1_702' title='bbox 1477 5327 1572 5398; x_wconf 91' lang='lat' dir='ltr'><strong>qui</strong></span> <span class='ocrx_word' id='word_1_703' title='bbox 1601 5328 1720 5383; x_wconf 70' lang='lat' dir='ltr'><strong>haac</strong></span> <span class='ocrx_word' id='word_1_704' title='bbox 1747 5343 1882 5384; x_wconf 92' lang='lat' dir='ltr'><strong>con-</strong></span> 
     </span>
    </p>
   </div>
   <div class='ocr_carea' id='block_1_98' title="bbox 307 5406 1909 5490">
    <p class='ocr_par' dir='ltr' id='par_1_98' title="bbox 307 5406 1909 5490">
     <span class='ocr_line' id='line_1_98' title="bbox 307 5406 1909 5490; baseline 0.009 -28"><span class='ocrx_word' id='word_1_705' title='bbox 307 5409 628 5481; x_wconf 79' lang='lat' dir='ltr'><strong>testabatur</strong></span> <span class='ocrx_word' id='word_1_706' title='bbox 656 5409 826 5466; x_wconf 89' lang='lat' dir='ltr'><strong>Israel</strong></span> <span class='ocrx_word' id='word_1_707' title='bbox 858 5426 960 5481; x_wconf 89' lang='lat' dir='ltr'><strong>per</strong></span> <span class='ocrx_word' id='word_1_708' title='bbox 1003 5428 1154 5478; x_wconf 91' lang='lat' dir='ltr'><strong>eum,</strong></span> <span class='ocrx_word' id='word_1_709' title='bbox 1197 5425 1254 5470; x_wconf 91' lang='lat' dir='ltr'><strong>et</strong></span> <span class='ocrx_word' id='word_1_710' title='bbox 1311 5424 1514 5484; x_wconf 90' lang='lat' dir='ltr'><strong>tamen,</strong></span> <span class='ocrx_word' id='word_1_711' title='bbox 1551 5419 1709 5488; x_wconf 90' lang='lat' dir='ltr'><strong>quasi</strong></span> <span class='ocrx_word' id='word_1_712' title='bbox 1762 5406 1909 5490; x_wconf 25' lang='lat' dir='ltr'><strong>ipse.</strong></span> 
     </span>
    </p>
   </div>
   <div class='ocr_carea' id='block_1_99' title="bbox 303 5501 1886 5582">
    <p class='ocr_par' dir='ltr' id='par_1_99' title="bbox 303 5501 1886 5582">
     <span class='ocr_line' id='line_1_99' title="bbox 303 5501 1886 5582; baseline 0.007 -27"><span class='ocrx_word' id='word_1_713' title='bbox 303 5509 464 5557; x_wconf 77' lang='lat' dir='ltr'><strong>esset</strong></span> <span class='ocrx_word' id='word_1_714' title='bbox 488 5501 640 5556; x_wconf 88' lang='lat' dir='ltr'><strong>Deus</strong></span> <span class='ocrx_word' id='word_1_715' title='bbox 679 5501 934 5558; x_wconf 88' lang='lat' dir='ltr'><strong>dicebat:</strong></span> <span class='ocrx_word' id='word_1_716' title='bbox 977 5501 1120 5558; x_wconf 80' lang='lat' dir='ltr'><strong>Deus</strong></span> <span class='ocrx_word' id='word_1_717' title='bbox 1149 5505 1290 5560; x_wconf 82' lang='lat' dir='ltr'><strong>Deus</strong></span> <span class='ocrx_word' id='word_1_718' title='bbox 1331 5517 1450 5563; x_wconf 80' lang='lat' dir='ltr'><strong>tuus</strong></span> <span class='ocrx_word' id='word_1_719' title='bbox 1475 5526 1594 5564; x_wconf 79' lang='lat' dir='ltr'><strong>sum</strong></span> <span class='ocrx_word' id='word_1_720' title='bbox 1633 5526 1748 5582; x_wconf 84' lang='lat' dir='ltr'><strong>ego.</strong></span> <span class='ocrx_word' id='word_1_721' title='bbox 1788 5510 1886 5566; x_wconf 88' lang='lat' dir='ltr'><strong>Se-</strong></span> 
     </span>
    </p>
   </div>
   <div class='ocr_carea' id='block_1_100' title="bbox 307 5591 1885 5673">
    <p class='ocr_par' dir='ltr' id='par_1_100' title="bbox 307 5591 1885 5673">
     <span class='ocr_line' id='line_1_100' title="bbox 307 5591 1885 5673; baseline 0.008 -25"><span class='ocrx_word' id='word_1_722' title='bbox 307 5592 564 5648; x_wconf 80' lang='lat' dir='ltr'><strong>cundum</strong></span> <span class='ocrx_word' id='word_1_723' title='bbox 591 5591 742 5648; x_wconf 90' lang='lat' dir='ltr'><strong>hunc</strong></span> <span class='ocrx_word' id='word_1_724' title='bbox 765 5610 898 5667; x_wconf 84' lang='lat' dir='ltr'><strong>ergo</strong></span> <span class='ocrx_word' id='word_1_725' title='bbox 920 5597 1148 5651; x_wconf 88' lang='lat' dir='ltr'><strong>modum</strong></span> <span class='ocrx_word' id='word_1_726' title='bbox 1172 5596 1456 5656; x_wconf 90' lang='lat' dir='ltr'><strong>Christum</strong></span> <span class='ocrx_word' id='word_1_727' title='bbox 1490 5619 1655 5658; x_wconf 89' lang='lat' dir='ltr'><strong>unam</strong></span> <span class='ocrx_word' id='word_1_728' title='bbox 1687 5618 1885 5673; x_wconf 81' lang='lat' dir='ltr'><strong>perso-</strong></span> 
     </span>
    </p>
   </div>
   <div class='ocr_carea' id='block_1_101' title="bbox 225 5682 1885 5762">
    <p class='ocr_par' dir='ltr' id='par_1_101' title="bbox 225 5682 1885 5762">
     <span class='ocr_line' id='line_1_101' title="bbox 225 5682 1885 5762; baseline 0.009 -29"><span class='ocrx_word' id='word_1_729' title='bbox 225 5745 232 5752; x_wconf 86' lang='lat'><strong>_</strong></span> <span class='ocrx_word' id='word_1_730' title='bbox 311 5693 441 5736; x_wconf 78' lang='lat' dir='ltr'><strong>nam</strong></span> <span class='ocrx_word' id='word_1_731' title='bbox 471 5682 1004 5741; x_wconf 81' lang='lat' dir='ltr'><strong>asserunthaeretici</strong></span> <span class='ocrx_word' id='word_1_732' title='bbox 1037 5700 1162 5742; x_wconf 89' lang='lat' dir='ltr'><strong>esse</strong></span> <span class='ocrx_word' id='word_1_733' title='bbox 1189 5701 1256 5741; x_wconf 81' lang='lat' dir='ltr'><strong>ex</strong></span> <span class='ocrx_word' id='word_1_734' title='bbox 1275 5685 1570 5756; x_wconf 86' lang='lat' dir='ltr'><strong>Trinitate,</strong></span> <span class='ocrx_word' id='word_1_735' title='bbox 1599 5707 1712 5747; x_wconf 91' lang='lat' dir='ltr'><strong>non</strong></span> <span class='ocrx_word' id='word_1_736' title='bbox 1734 5691 1885 5762; x_wconf 86' lang='lat' dir='ltr'><strong>quod</strong></span> 
     </span>
    </p>
   </div>
   <div class='ocr_carea' id='block_1_102' title="bbox 382 5837 1886 5933">
    <p class='ocr_par' dir='ltr' id='par_1_102' title="bbox 382 5837 1886 5933">
     <span class='ocr_line' id='line_1_102' title="bbox 382 5837 1886 5933; baseline 0.009 -24"><span class='ocrx_word' id='word_1_737' title='bbox 382 5855 506 5910; x_wconf 70' lang='grc' dir='ltr'><strong>που</strong></span> <span class='ocrx_word' id='word_1_738' title='bbox 531 5853 664 5914; x_wconf 90' lang='lat' dir='ltr'><strong>Cor.</strong></span> <span class='ocrx_word' id='word_1_739' title='bbox 691 5873 748 5924; x_wconf 80' lang='grc' dir='ltr'><strong>ιι,</strong></span> <span class='ocrx_word' id='word_1_740' title='bbox 785 5858 872 5914; x_wconf 84' lang='lat' dir='ltr'><strong>l6.</strong></span> <span class='ocrx_word' id='word_1_741' title='bbox 944 5861 986 5893; x_wconf 71' lang='grc' dir='ltr'><strong>’τ</strong></span> <span class='ocrx_word' id='word_1_742' title='bbox 1015 5860 1324 5928; x_wconf 78' lang='lat' dir='ltr'><strong>Psal.mx,</strong></span> <span class='ocrx_word' id='word_1_743' title='bbox 1347 5861 1398 5916; x_wconf 89' lang='lat'><strong>7.</strong></span> <span class='ocrx_word' id='word_1_744' title='bbox 1474 5837 1759 5933; x_wconf 55' lang='lat' dir='ltr'><strong>&quot;Acan,</strong></span> <span class='ocrx_word' id='word_1_745' title='bbox 1796 5866 1886 5922; x_wconf 75' lang='lat'><strong>52.</strong></span> 
     </span>
    </p>
   </div>
   <div class='ocr_carea' id='block_1_103' title="bbox 1955 4675 3558 4750">
    <p class='ocr_par' dir='ltr' id='par_1_103' title="bbox 1955 4675 3558 4750">
     <span class='ocr_line' id='line_1_103' title="bbox 1955 4675 3558 4750; baseline 0.002 -15"><span class='ocrx_word' id='word_1_746' title='bbox 1955 4675 2234 4736; x_wconf 86' lang='lat' dir='ltr'><strong>’sanctam</strong></span> <span class='ocrx_word' id='word_1_747' title='bbox 2260 4688 2317 4736; x_wconf 93' lang='lat' dir='ltr'><strong>et</strong></span> <span class='ocrx_word' id='word_1_748' title='bbox 2339 4681 2510 4740; x_wconf 90' lang='lat' dir='ltr'><strong>totius</strong></span> <span class='ocrx_word' id='word_1_749' title='bbox 2550 4683 2816 4740; x_wconf 72' lang='lat' dir='ltr'><strong>Ecclesiae</strong></span> <span class='ocrx_word' id='word_1_750' title='bbox 2837 4683 3198 4750; x_wconf 85' lang='lat' dir='ltr'><strong>sententiam,</strong></span> <span class='ocrx_word' id='word_1_751' title='bbox 3233 4698 3378 4750; x_wconf 83' lang='lat' dir='ltr'><strong>non,</strong></span> <span class='ocrx_word' id='word_1_752' title='bbox 3407 4682 3558 4738; x_wconf 67' lang='lat' dir='ltr'><strong>Sicut</strong></span> 
     </span>
    </p>
   </div>
   <div class='ocr_carea' id='block_1_104' title="bbox 1983 4775 3554 4848">
    <p class='ocr_par' dir='ltr' id='par_1_104' title="bbox 1983 4775 3554 4848">
     <span class='ocr_line' id='line_1_104' title="bbox 1983 4775 3554 4848; baseline -0.001 -17"><span class='ocrx_word' id='word_1_753' title='bbox 1983 4785 2046 4832; x_wconf 85' lang='lat' dir='ltr'><strong>tu</strong></span> <span class='ocrx_word' id='word_1_754' title='bbox 2089 4783 2297 4830; x_wconf 89' lang='lat' dir='ltr'><strong>temere</strong></span> <span class='ocrx_word' id='word_1_755' title='bbox 2326 4775 2860 4848; x_wconf 87' lang='lat' dir='ltr'><strong>insultas,qualibet</strong></span> <span class='ocrx_word' id='word_1_756' title='bbox 2904 4776 3172 4834; x_wconf 89' lang='lat' dir='ltr'><strong>facilitate</strong></span> <span class='ocrx_word' id='word_1_757' title='bbox 3218 4782 3554 4846; x_wconf 85' lang='lat' dir='ltr'><strong>susceptam,</strong></span> 
     </span>
    </p>
   </div>
   <div class='ocr_carea' id='block_1_105' title="bbox 1980 4865 3555 4942">
    <p class='ocr_par' dir='ltr' id='par_1_105' title="bbox 1980 4865 3555 4942">
     <span class='ocr_line' id='line_1_105' title="bbox 1980 4865 3555 4942; baseline -0.001 -18"><span class='ocrx_word' id='word_1_758' title='bbox 1980 4865 2080 4924; x_wconf 87' lang='lat' dir='ltr'><strong>sed</strong></span> <span class='ocrx_word' id='word_1_759' title='bbox 2119 4869 2278 4940; x_wconf 77' lang='lat' dir='ltr'><strong>juxta</strong></span> <span class='ocrx_word' id='word_1_760' title='bbox 2329 4869 2652 4926; x_wconf 86' lang='lat' dir='ltr'><strong>divinorum</strong></span> <span class='ocrx_word' id='word_1_761' title='bbox 2700 4871 3068 4942; x_wconf 89' lang='lat' dir='ltr'><strong>Eloquiorum</strong></span> <span class='ocrx_word' id='word_1_762' title='bbox 3127 4879 3184 4928; x_wconf 89' lang='lat' dir='ltr'><strong>et</strong></span> <span class='ocrx_word' id='word_1_763' title='bbox 3235 4877 3555 4927; x_wconf 62' lang='lat' dir='ltr'><strong>sanctorum;</strong></span> 
     </span>
    </p>
   </div>
   <div class='ocr_carea' id='block_1_106' title="bbox 1983 4959 3558 5020">
    <p class='ocr_par' dir='ltr' id='par_1_106' title="bbox 1983 4959 3558 5020">
     <span class='ocr_line' id='line_1_106' title="bbox 1983 4959 3558 5020; baseline -0.001 -4"><span class='ocrx_word' id='word_1_764' title='bbox 1983 4959 2210 5016; x_wconf 86' lang='lat' dir='ltr'><strong>Patrum</strong></span> <span class='ocrx_word' id='word_1_765' title='bbox 2261 4961 2618 5018; x_wconf 88' lang='lat' dir='ltr'><strong>traditionem</strong></span> <span class='ocrx_word' id='word_1_766' title='bbox 2655 4961 2903 5019; x_wconf 84' lang='lat' dir='ltr'><strong>ﬁdeliter</strong></span> <span class='ocrx_word' id='word_1_767' title='bbox 2929 4961 3294 5020; x_wconf 87' lang='lat' dir='ltr'><strong>conﬁtentur.</strong></span> <span class='ocrx_word' id='word_1_768' title='bbox 3327 4961 3400 5018; x_wconf 84' lang='lat' dir='ltr'><strong>Et</strong></span> <span class='ocrx_word' id='word_1_769' title='bbox 3429 4959 3558 5016; x_wconf 80' lang='lat' dir='ltr'><strong>ideo</strong></span> 
     </span>
    </p>
   </div>
   <div class='ocr_carea' id='block_1_107' title="bbox 1985 5051 3558 5126">
    <p class='ocr_par' dir='ltr' id='par_1_107' title="bbox 1985 5051 3558 5126">
     <span class='ocr_line' id='line_1_107' title="bbox 1985 5051 3558 5126; baseline 0 -18"><span class='ocrx_word' id='word_1_770' title='bbox 1985 5067 2100 5108; x_wconf 88' lang='lat' dir='ltr'><strong>non</strong></span> <span class='ocrx_word' id='word_1_771' title='bbox 2120 5051 2222 5118; x_wconf 92' lang='lat' dir='ltr'><strong>illi,</strong></span> <span class='ocrx_word' id='word_1_772' title='bbox 2250 5053 2350 5108; x_wconf 89' lang='lat' dir='ltr'><strong>sed</strong></span> <span class='ocrx_word' id='word_1_773' title='bbox 2380 5061 2438 5108; x_wconf 89' lang='lat' dir='ltr'><strong>tu</strong></span> <span class='ocrx_word' id='word_1_774' title='bbox 2489 5054 2678 5124; x_wconf 88' lang='lat' dir='ltr'><strong>potius</strong></span> <span class='ocrx_word' id='word_1_775' title='bbox 2701 5069 2975 5110; x_wconf 87' lang='lat' dir='ltr'><strong>novarum</strong></span> <span class='ocrx_word' id='word_1_776' title='bbox 3009 5055 3250 5125; x_wconf 85' lang='lat' dir='ltr'><strong>cupidus</strong></span> <span class='ocrx_word' id='word_1_777' title='bbox 3291 5053 3558 5126; x_wconf 63' lang='lat' dir='ltr'><strong>quastio-</strong></span> 
     </span>
    </p>
   </div>
   <div class='ocr_carea' id='block_1_108' title="bbox 1985 5144 3565 5218">
    <p class='ocr_par' dir='ltr' id='par_1_108' title="bbox 1985 5144 3565 5218">
     <span class='ocr_line' id='line_1_108' title="bbox 1985 5144 3565 5218; baseline -0.002 -18"><span class='ocrx_word' id='word_1_778' title='bbox 1985 5159 2123 5200; x_wconf 89' lang='lat' dir='ltr'><strong>num</strong></span> <span class='ocrx_word' id='word_1_779' title='bbox 2166 5145 2464 5218; x_wconf 86' lang='lat' dir='ltr'><strong>detegeris,</strong></span> <span class='ocrx_word' id='word_1_780' title='bbox 2517 5145 2613 5217; x_wconf 89' lang='lat' dir='ltr'><strong>qui</strong></span> <span class='ocrx_word' id='word_1_781' title='bbox 2662 5145 2836 5203; x_wconf 90' lang='lat' dir='ltr'><strong>Deum</strong></span> <span class='ocrx_word' id='word_1_782' title='bbox 2867 5144 3152 5202; x_wconf 86' lang='lat' dir='ltr'><strong>Christum</strong></span> <span class='ocrx_word' id='word_1_783' title='bbox 3210 5154 3472 5218; x_wconf 83' lang='lat' dir='ltr'><strong>quartum</strong></span> <span class='ocrx_word' id='word_1_784' title='bbox 3503 5148 3565 5198; x_wconf 83' lang='lat' dir='ltr'><strong>et</strong></span> 
     </span>
    </p>
   </div>
   <div class='ocr_carea' id='block_1_109' title="bbox 1985 5223 3621 5294">
    <p class='ocr_par' dir='ltr' id='par_1_109' title="bbox 1985 5223 3621 5294">
     <span class='ocr_line' id='line_1_109' title="bbox 1985 5223 3621 5294; baseline -0.001 -4"><span class='ocrx_word' id='word_1_785' title='bbox 1985 5234 2228 5292; x_wconf 87' lang='lat' dir='ltr'><strong>alienum</strong></span> <span class='ocrx_word' id='word_1_786' title='bbox 2264 5251 2296 5292; x_wconf 91' lang='lat' dir='ltr'><strong>a</strong></span> <span class='ocrx_word' id='word_1_787' title='bbox 2331 5244 2522 5292; x_wconf 81' lang='lat' dir='ltr'><strong>sancta</strong></span> <span class='ocrx_word' id='word_1_788' title='bbox 2580 5246 2639 5293; x_wconf 90' lang='lat' dir='ltr'><strong>et</strong></span> <span class='ocrx_word' id='word_1_789' title='bbox 2697 5235 2986 5292; x_wconf 87' lang='lat' dir='ltr'><strong>individua</strong></span> <span class='ocrx_word' id='word_1_790' title='bbox 3023 5235 3297 5294; x_wconf 85' lang='lat' dir='ltr'><strong>Trinitate</strong></span> <span class='ocrx_word' id='word_1_791' title='bbox 3339 5232 3564 5291; x_wconf 70' lang='lat' dir='ltr'><strong>conaris</strong></span> <span class='ocrx_word' id='word_1_792' title='bbox 3613 5223 3621 5231; x_wconf 80' lang='grc'><em>’</em></span> 
     </span>
    </p>
   </div>
   <div class='ocr_carea' id='block_1_110' title="bbox 1986 5322 3563 5400">
    <p class='ocr_par' dir='ltr' id='par_1_110' title="bbox 1986 5322 3563 5400">
     <span class='ocr_line' id='line_1_110' title="bbox 1986 5322 3563 5400; baseline -0.005 -16"><span class='ocrx_word' id='word_1_793' title='bbox 1986 5343 2257 5395; x_wconf 87' lang='lat' dir='ltr'><strong>asserere,</strong></span> <span class='ocrx_word' id='word_1_794' title='bbox 2294 5329 2443 5400; x_wconf 87' lang='lat' dir='ltr'><strong>quod</strong></span> <span class='ocrx_word' id='word_1_795' title='bbox 2480 5329 2668 5384; x_wconf 89' lang='lat' dir='ltr'><strong>nullus</strong></span> <span class='ocrx_word' id='word_1_796' title='bbox 2697 5345 2964 5400; x_wconf 85' lang='lat' dir='ltr'><strong>unquam,</strong></span> <span class='ocrx_word' id='word_1_797' title='bbox 2995 5340 3196 5400; x_wconf 73' lang='lat' dir='ltr'><strong>praeter</strong></span> <span class='ocrx_word' id='word_1_798' title='bbox 3240 5322 3563 5384; x_wconf 82' lang='lat' dir='ltr'><strong>Nestorium</strong></span> 
     </span>
    </p>
   </div>
   <div class='ocr_carea' id='block_1_111' title="bbox 1985 5414 3562 5492">
    <p class='ocr_par' dir='ltr' id='par_1_111' title="bbox 1985 5414 3562 5492">
     <span class='ocr_line' id='line_1_111' title="bbox 1985 5414 3562 5492; baseline -0.003 -17"><span class='ocrx_word' id='word_1_799' title='bbox 1985 5419 2282 5490; x_wconf 90' lang='lat' dir='ltr'><strong>sociosque</strong></span> <span class='ocrx_word' id='word_1_800' title='bbox 2309 5421 2449 5490; x_wconf 82' lang='lat' dir='ltr'><strong>ejus,</strong></span> <span class='ocrx_word' id='word_1_801' title='bbox 2489 5419 2796 5492; x_wconf 87' lang='lat' dir='ltr'><strong>praedicare</strong></span> <span class='ocrx_word' id='word_1_802' title='bbox 2833 5421 2890 5476; x_wconf 89' lang='lat' dir='ltr'><strong>in</strong></span> <span class='ocrx_word' id='word_1_803' title='bbox 2941 5419 3190 5476; x_wconf 89' lang='lat' dir='ltr'><strong>Ecclesia</strong></span> <span class='ocrx_word' id='word_1_804' title='bbox 3243 5414 3562 5480; x_wconf 69' lang='lat' dir='ltr'><strong>usurpavit.</strong></span> 
     </span>
    </p>
   </div>
   <div class='ocr_carea' id='block_1_112' title="bbox 1986 5507 3562 5581">
    <p class='ocr_par' dir='ltr' id='par_1_112' title="bbox 1986 5507 3562 5581">
     <span class='ocr_line' id='line_1_112' title="bbox 1986 5507 3562 5581; baseline -0.004 -15"><span class='ocrx_word' id='word_1_805' title='bbox 1986 5525 2152 5580; x_wconf 91' lang='lat' dir='ltr'><strong>quem</strong></span> <span class='ocrx_word' id='word_1_806' title='bbox 2183 5511 2314 5566; x_wconf 91' lang='lat' dir='ltr'><strong>talia</strong></span> <span class='ocrx_word' id='word_1_807' title='bbox 2349 5509 2828 5581; x_wconf 86' lang='lat' dir='ltr'><strong>blasphemantem</strong></span> <span class='ocrx_word' id='word_1_808' title='bbox 2887 5521 2919 5564; x_wconf 89' lang='lat' dir='ltr'><strong>a</strong></span> <span class='ocrx_word' id='word_1_809' title='bbox 3013 5507 3262 5564; x_wconf 86' lang='lat' dir='ltr'><strong>ﬁdelium</strong></span> <span class='ocrx_word' id='word_1_810' title='bbox 3303 5509 3562 5559; x_wconf 61' lang='lat' dir='ltr'><strong>numero.</strong></span> 
     </span>
    </p>
   </div>
   <div class='ocr_carea' id='block_1_113' title="bbox 1985 5582 3566 5667">
    <p class='ocr_par' dir='ltr' id='par_1_113' title="bbox 1985 5582 3566 5667">
     <span class='ocr_line' id='line_1_113' title="bbox 1985 5582 3566 5667; baseline -0.015 -10"><span class='ocrx_word' id='word_1_811' title='bbox 1985 5617 2100 5657; x_wconf 89' lang='lat' dir='ltr'><strong>non</strong></span> <span class='ocrx_word' id='word_1_812' title='bbox 2126 5601 2430 5667; x_wconf 85' lang='lat' dir='ltr'><strong>immerito,</strong></span> <span class='ocrx_word' id='word_1_813' title='bbox 2459 5609 2782 5658; x_wconf 87' lang='lat' dir='ltr'><strong>sanctorum</strong></span> <span class='ocrx_word' id='word_1_814' title='bbox 2804 5602 3036 5657; x_wconf 87' lang='lat' dir='ltr'><strong>Patrum</strong></span> <span class='ocrx_word' id='word_1_815' title='bbox 3093 5591 3330 5652; x_wconf 74' lang='lat' dir='ltr'><strong>exclusit</strong></span> <span class='ocrx_word' id='word_1_816' title='bbox 3359 5593 3418 5641; x_wconf 88' lang='lat' dir='ltr'><strong>et</strong></span> <span class='ocrx_word' id='word_1_817' title='bbox 3459 5582 3566 5636; x_wconf 39' lang='lat' dir='ltr'><strong>abs</strong></span> 
     </span>
    </p>
   </div>
   <div class='ocr_carea' id='block_1_114' title="bbox 1979 5671 3589 5765">
    <p class='ocr_par' dir='ltr' id='par_1_114' title="bbox 1979 5671 3589 5765">
     <span class='ocr_line' id='line_1_114' title="bbox 1979 5671 3589 5765; baseline -0.013 -16"><span class='ocrx_word' id='word_1_818' title='bbox 1979 5692 2118 5764; x_wconf 85' lang='lat' dir='ltr'><strong>jecit</strong></span> <span class='ocrx_word' id='word_1_819' title='bbox 2163 5692 2492 5749; x_wconf 88' lang='lat' dir='ltr'><strong>auctoritas.</strong></span> <span class='ocrx_word' id='word_1_820' title='bbox 2533 5694 2848 5763; x_wconf 75' lang='lat' dir='ltr'><strong>Exaggeras</strong></span> <span class='ocrx_word' id='word_1_821' title='bbox 2877 5704 3012 5744; x_wconf 89' lang='lat' dir='ltr'><strong>sane</strong></span> <span class='ocrx_word' id='word_1_822' title='bbox 3057 5685 3241 5740; x_wconf 90' lang='lat' dir='ltr'><strong>adhuc</strong></span> <span class='ocrx_word' id='word_1_823' title='bbox 3267 5719 3280 5742; x_wconf 91' lang='lat'><strong>,</strong></span> <span class='ocrx_word' id='word_1_824' title='bbox 3315 5683 3373 5730; x_wconf 86' lang='lat' dir='ltr'><strong>et</strong></span> <span class='ocrx_word' id='word_1_825' title='bbox 3421 5671 3589 5765; x_wconf 48' lang='lat' dir='ltr'><strong>dicit</strong></span> 
     </span>
    </p>
   </div>
   <div class='ocr_carea' id='block_1_115' title="bbox 3890 1948 3904 2478">
    <p class='ocr_par' dir='ltr' id='par_1_115' title="bbox 3890 1948 3902 2425">
     <span class='ocr_line' id='line_1_115' title="bbox 3890 1948 3899 2023; baseline 0 0"><span class='ocrx_word' id='word_1_826' title='bbox 3890 1948 3899 2023; x_wconf 67' lang='grc' dir='ltr'><strong>Ξ</strong></span> 
     </span>
     <span class='ocr_line' id='line_1_116' title="bbox 3891 2034 3899 2067; baseline 0 0"><span class='ocrx_word' id='word_1_827' title='bbox 3891 2034 3899 2067; x_wconf 85' lang='grc' dir='ltr'><strong>Ι</strong></span> 
     </span>
     <span class='ocr_line' id='line_1_117' title="bbox 3891 2082 3899 2101; baseline 0 0"><span class='ocrx_word' id='word_1_828' title='bbox 3891 2082 3899 2101; x_wconf 71' lang='grc' dir='ltr'>ι</span> 
     </span>
     <span class='ocr_line' id='line_1_118' title="bbox 3891 2118 3900 2155; baseline 0 0"><span class='ocrx_word' id='word_1_829' title='bbox 3891 2118 3900 2155; x_wconf 78' lang='grc'><strong>1</strong></span> 
     </span>
     <span class='ocr_line' id='line_1_119' title="bbox 3893 2194 3900 2235; baseline 0 0"><span class='ocrx_word' id='word_1_830' title='bbox 3893 2194 3900 2235; x_wconf 81' lang='grc'><strong>1</strong></span> 
     </span>
     <span class='ocr_line' id='line_1_120' title="bbox 3893 2242 3900 2365; baseline 0 0"><span class='ocrx_word' id='word_1_831' title='bbox 3893 2242 3900 2365; x_wconf 73' lang='grc' dir='ltr'>ἓ</span> 
     </span>
     <span class='ocr_line' id='line_1_121' title="bbox 3893 2398 3902 2425; baseline 0 0"><span class='ocrx_word' id='word_1_832' title='bbox 3893 2398 3902 2425; x_wconf 81' lang='grc'><strong>1</strong></span> 
     </span>
    </p>
   </div>
  </div>
