3952 6136
361 309 464 376 103

1599 303 1917 364 JOANXIS
1954 289 2333 365 mxumi

3510 283 3615 366 tot

355 418 584 475 eosdem
628 413 932 468 monachos
973 406 1489 480 eousque'tumoris
1542 410 1738 474 elatos,
1791 420 1848 462 ut
1877 409 1943 464 ad
1976 413 2019 468 Δ
2047 412 2312 481 primerc.
2344 433 2361 463 ι
2401 411 2505 466 Sed
2535 427 2565 466 a
2601 427 2710 481 quo
2745 427 2964 475 errore,
2999 427 3028 466 a
3061 427 3169 482 qua
3199 411 3496 468 insolentia
3520 427 3619 469 vo-

355 507 656 566 arbitrium
689 521 852 560 suum
883 503 1180 572 utriusque
1210 501 1364 556 orbis
1403 506 1603 570 putent
1653 499 1933 554 inclinan-

357 604 489 659 dum
513 600 809 672 judicium.
869 597 982 652 Nec
1005 597 1061 650 in
1092 607 1327 648 numero
1371 591 1618 646 ﬁdelium
1663 591 1938 662 deputent

358 705 654 761 sequacem
691 689 1008 744 traditionis
1035 696 1304 756 paterme,
1336 701 1503 755 quem
1533 699 1645 739 suae
1698 685 1940 739 viderint

358 783 586 840 credere
611 781 758 835 nolle
810 778 1124 834 sententiae.
1159 777 1242 831 Tu
1282 777 1390 832 hoc
1422 785 1557 832 tunc
1593 793 1722 832 vere
1753 777 1822 832 de
1854 776 1938 833 eis

359 891 663 938 assereres,
693 873 739 928 si
773 887 968 927 eorum
1003 870 1338 926 sententiam
1362 869 1700 925 contrariam
1747 870 1940 924 catho-

359 969 485 1026 licis
499 982 692 1040 posses
717 965 1070 1036 dogmatibus
1095 963 1503 1034 approbare.At
1527 979 1658 1017 vero
1688 978 1812 1018 cum
1835 963 1941 1018 hoc

359 1062 513 1115 nulla
546 1059 732 1114 valeas
762 1058 977 1111 ratione
1037 1055 1295 1120 educere,
1339 1053 1529 1124 inique
1554 1054 1783 1108 omnino
1817 1063 1940 1106 lan-

363 1161 554 1222 topere
579 1158 771 1204 contra
809 1164 907 1202 eos
943 1147 1250 1211 inveheris,
1304 1147 1398 1216 qui
1431 1147 1588 1217 juxta
1619 1152 1940 1200 sanctorum

363 1241 590 1295 Patrum
622 1239 980 1294 traditionem
1007 1237 1316 1302 Christum,
1347 1252 1512 1306 quem
1555 1250 1722 1306 super
1755 1235 1941 1290 omnia

359 1331 535 1386 Deum
567 1337 801 1384 testatur
849 1329 1150 1399 Apostolus
1178 1329 1243 1392 ’9,
1276 1344 1447 1382 unum
1498 1327 1840 1382 conﬁtentur
1869 1342 1939 1380 ex

363 1432 552 1478 sancta
577 1431 634 1478 et
653 1423 821 1476 unius
841 1424 1101 1477 essentia:
1125 1421 1423 1498 Trinitate.
1442 1420 1689 1486 Quorum
1717 1430 1942 1474 senten-

365 1514 460 1569 tiis
490 1530 602 1568 non
661 1529 935 1583 sequaces
982 1521 1232 1583 paternae
1285 1511 1622 1577 traditionis,
1672 1511 1770 1565 sed
1797 1510 1876 1564 illi
1910 1525 1941 1564 a

364 1620 602 1659 numero
653 1604 901 1659 ﬁdelium
947 1603 1346 1668 excluduntur,
1400 1602 1497 1672 qui
1539 1616 1775 1666 eorum,
1829 1602 1941 1656 imo

366 1697 538 1752 totius
590 1698 879 1764 Ecclesiae,
925 1696 1266 1752 confessioni
1320 1696 1600 1750 exsistunt
1653 1693 1936 1749 contrarii.

363 1788 484 1844 Jarn
516 1804 647 1843 vero
666 1789 719 1842 in
749 1789 1226 1859 consequentibus
1241 1788 1370 1860 quis
1393 1803 1505 1842 non
1527 1787 1714 1842 videat
1738 1797 1948 1858 quanta

368 1895 468 1936 eos
490 1881 732 1950 repletus
763 1881 1040 1936 dementia
1070 1881 1322 1936 laceres?
1358 1899 1378 1932 ε
1415 1879 1814 1948 Docti,inquis,
1839 1879 1949 1932 cri-

389 1973 538 2026 mina
557 1988 764 2038 serere,
794 1971 1265 2027 obtrectationum
1328 1975 1544 2026 venen'a
1590 1984 1946 2039 componere,

365 2060 641 2131 integrum
682 2061 944 2116 Ecclesiae
969 2076 1175 2132 corpus
1192 2060 1409 2126 odisse,
1443 2059 1748 2116 seditiones
1769 2068 1950 2115 strue-

368 2168 450 2219 re,
485 2153 749 2209 invidiam
819 2154 1119 2222 concitare,
1179 2161 1235 2209 et
1281 2168 1384 2224 pro
1431 2151 1749 2208 obedientia
1804 2153 1950 2224 (quae

369 2245 425 2299 in
461 2246 740 2301 coenobiis
783 2247 1160 2318 principatum
1191 2245 1462 2316 regularis
1514 2253 1668 2300 tenet
1699 2243 1950 2314 discipli-

365 2339 475 2410 nae)
546 2339 982 2394 obstinationem
1033 2338 1340 2409 pertinacis
1371 2353 1559 2393 amare
1607 2337 1938 2408 superbia.»

369 2429 509 2486 Cum
543 2430 662 2486 haec
693 2446 808 2485 non
859 2431 970 2486 nisi
1003 2431 1072 2485 de
1106 2430 1218 2485 illis
1251 2445 1398 2498 vero,
1419 2438 1477 2485 et
1516 2439 1668 2485 certo
1700 2430 1949 2486 Omnium

369 2520 1023 2594 asseverenturjudicio,
1052 2521 1150 2591 qui
1189 2519 1442 2576 tenebris
1458 2519 1686 2576 nefandi
1737 2521 1950 2577 erroris

367 2612 557 2667 caecati
589 2612 882 2668 catholica
906 2611 1133 2667 veritati
1171 2611 1466 2678 resistunt,
1517 2620 1866 2683 quapropter
1893 2621 1948 2668 te

367 2704 556 2774 potius
579 2705 996 2760 criminatorem
1031 2712 1088 2760 et
1121 2703 1584 2769 obtrectatorem,
1613 2703 1949 2760 seditiosum

368 2811 592 2866 quoque
615 2804 672 2852 et
691 2796 942 2852 invidum
977 2803 1146 2866 atque
1167 2805 1472 2852 amatorem
1511 2796 1813 2866 pertinacis
1853 2811 1949 2852 su-

364 2887 578 2958 perbiae
599 2897 656 2943 et
697 2887 1138 2954 inobedientem,
1177 2903 1290 2943 non
1323 2887 1602 2943 humanus
1643 2904 1822 2955 error,
1851 2887 1950 2944 sed

370 2981 488 3050 ipsa
520 2981 726 3036 veritas
758 2981 966 3051 prodit,
996 2982 1120 3053 ejus
1153 2988 1205 3036 te
1245 2979 1534 3036 inimicum
1561 2996 1684 3036 esse
1711 2997 1822 3036 non
1843 2981 1949 3037 du-

2045 503 2175 558 stris
2227 503 2497 566 monitis,
2561 511 2860 572 vestraque
2911 503 3340 558 mansuetudine
3389 505 3472 558 vel
3517 518 3618 558 au-

2043 601 2306 652 ctoritate
2376 598 2607 652 minime
2687 612 2785 654 eos
2873 595 3246 666 comprimere
3336 595 3620 666 potueris,

2045 693 2372 747 nullatenus
2431 691 2722 761 exprimis.
2752 689 2912 756 Quod
2968 690 3094 744 ideo
3137 689 3335 744 callide
3379 697 3623 758 praeter-

2043 785 2244 851 mittis,
2287 801 2356 840 nc
2401 785 2510 839 hoc
2555 784 2800 847 faciens,
2845 783 3200 850 temetipsum
3241 780 3532 851 profanum
3567 789 3620 836 et

2045 879 2280 948 impium
2309 878 2554 948 detegas.
2589 878 2680 942 Et,
2711 892 2744 932 ο
2781 876 2992 932 invicta
3021 875 3247 940 veritas,
3287 891 3408 944 qua:
3458 883 3626 930 aemu-

2043 973 2227 1026 lorum
2265 969 2704 1024 obtrectationes
2765 967 2822 1021 in
2859 967 3192 1021 famulorum
3240 972 3457 1019 tuorum
3487 979 3626 1019 con-

2045 1061 2223 1116 vertis
2249 1061 2479 1132 gloriam
2522 1062 2537 1115 ι
2575 1061 2869 1128 Nunquam
2919 1057 3140 1113 etenim
3181 1071 3327 1123 reor,
3369 1053 3623 1126 quamvis

2044 1151 2312 1207 laudandi
2374 1151 2586 1206 ﬁdeles'
2625 1149 2898 1220 cupidus,
2971 1147 3040 1202 ad
3100 1162 3293 1202 eorum
3347 1145 3622 1216 praeconia

2045 1241 2532 1298 constantiushaic
2559 1241 2748 1296 dicere
2794 1239 3092 1310 potuisses,
3134 1251 3258 1308 quae
3291 1253 3440 1292 nunc
3463 1235 3623 1305 quasi

2048 1333 2108 1388 in
2137 1332 2606 1402 vituperationem
2638 1331 3269 1392 monachorum,contra
3298 1341 3438 1394 quos
3459 1339 3624 1395 agere

2043 1422 2277 1487 videris,
2313 1420 2714 1490 conscripsisse
2735 1427 2786 1475 te
2820 1419 3024 1474 credis.
3049 1417 3187 1472 Nam
3209 1414 3488 1486 quomodo
3513 1427 3622 1468 non

2048 1515 2106 1570 in
2144 1529 2343 1570 eorum
2376 1513 2620 1578 laudem,
2651 1520 2709 1568 et
2763 1511 2832 1566 ad
2871 1520 3022 1566 tuam
3067 1508 3456 1566 confusionem
3508 1506 3626 1560 haec

2047 1606 2338 1676 scripsisse
2367 1605 2644 1660 veraciter
2679 1602 3077 1676 intelligendus
3100 1615 3183 1667 es,
3228 1601 3326 1671 qui
3360 1615 3471 1655 non
3510 1613 3626 1652 mo-

2047 1698 2205 1764 nitis,
2257 1712 2369 1752 non
2407 1694 2860 1758 mansuetudine,
2917 1709 3033 1764 non
3062 1692 3399 1750 auctoritate
3428 1705 3525 1744 eos
3555 1687 3626 1742 ad

2047 1761 2200 1844 tuam
2247 1787 2579 1857 pravitatem
2637 1784 2888 1854 potuisse
2940 1761 3304 1852 detorqueri,
3375 1778 3625 1849 propriis

2049 1879 2333 1937 attestaris
2367 1876 2806 1933 assertionibus?
2847 1875 3008 1930 Nune
3027 1875 3140 1946 jam
3171 1870 3464 1942 sequentia
3490 1884 3625 1923 con-

2050 1969 2347 2026 sideranda
2377 1975 2529 2035 sunt,
2559 1968 2652 2023 ubi
2676 1982 2937 2038 perverso
2967 1966 3165 2022 ordine
3195 1981 3262 2020 ea
3293 1979 3416 2034 quae
3438 1963 3628 2019 Romae

2049 2069 2244 2118 contra
2269 2062 2418 2132 ipsos
2440 2068 2564 2116 acta
2599 2066 2728 2115 sunt
2763 2057 3072 2115 monachos
3115 2057 3384 2128 dirigens,
3427 2060 3630 2110 cuncta

2050 2152 2319 2208 mentitus
2349 2167 2462 2207 es.¢
2502 2152 2564 2208 In
2585 2150 2895 2222 publicum,
2918 2148 3128 2219 inquis,
3157 2163 3336 2218 usque
3369 2145 3630 2216 prodiere

2040 2254 2412 2310 conventum,
2439 2253 2498 2300 et
2523 2243 2594 2298 ad
2652 2243 3076 2298 concussionem
3107 2241 3320 2313 quietis
3362 2239 3515 2295 circa
3542 2250 3630 2294 re-

2051 2349 2182 2406 gum
2211 2335 2378 2390 etiam
2405 2342 2620 2390 statuas
2654 2334 3044 2398 inclamantes,
3073 2341 3132 2389 et
3173 2333 3283 2388 nisi
3319 2331 3500 2387 ﬁdelis
3531 2345 3632 2401 po-

2050 2428 2169 2499 puli
2212 2427 2530 2483 constantia
2577 2427 2898 2494 restitisset,
2944 2443 3048 2498 per
3083 2425 3373 2481 diabolicae
3409 2423 3625 2481 semina

2052 2518 2290 2574 nefanda
2329 2519 2556 2575 zizaniaa
2585 2519 2732 2590 apud
2749 2535 2854 2576 eos
2885 2519 3300 2574 dissensionem
3337 2524 3394 2572 et
3415 2515 3629 2572 discor-

2050 2612 2197 2668 diam
2245 2613 2704 2678 commovissem,
2753 2627 2854 2684 per
2897 2629 3039 2684 quos
3093 2611 3376 2684 adjutorio
3399 2609 3499 2666 Dei
3557 2609 3628 2664 de

2051 2706 2278 2776 regione
2309 2720 2502 2760 eorum
2527 2711 2612 2760 est
2632 2704 2790 2774 pulsa
2822 2704 3114 2760 dissensio.
3145 2721 3168 2757 ι

2121 2797 2170 2854 0
2195 2800 2336 2854 mi-ra
2366 2798 2711 2854 furiosorum
2741 2798 2984 2864 carcitas,
3011 2807 3068 2853 et
3094 2811 3126 2852 a
3153 2796 3390 2853 veritate
3423 2794 3632 2850 aliena-

2047 2901 2237 2946 tarum
2281 2889 2554 2946 mentium
2608 2889 2910 2945 criminosa
2961 2887 3180 2944 fallacia
3216 2887 3448 2957 lNeque
3478 2885 3630 2940 enim

2051 2985 2135 3041 fas
2166 2994 2251 3041 est
2279 2995 2390 3040 tam
2415 2992 2608 3056 aperte
2633 2999 2794 3056 posse
2833 2984 3060 3038 mentiri
3093 2983 3254 3037 Rom.
3286 2981 3630 3052 episcopum.

372 3073 528 3128 bium
557 3083 664 3139 est,
699 3073 842 3129 sicut
873 3073 1132 3145 superius
1167 3088 1313 3144 saepe
1345 3073 1727 3144 probavimus.
1749 3074 1952 3130 Levius
1977 3097 2021 3156 ο
2051 3077 2200 3134 Bene
2230 3085 2447 3134 certum
2477 3086 2564 3132 est
2584 3077 2848 3133 omnibus
2871 3077 3062 3132 Romae
3085 3075 3436 3146 degentibus,
3481 3071 3631 3144 quod

371 3167 578 3222 etenim
610 3175 697 3222 est
725 3166 1026 3238 cujuslibet
1058 3165 1303 3220 hominis
1335 3181 1500 3236 quam
1535 3165 1633 3220 Dei
1685 3181 1806 3221 esse
1843 3167 1954 3221 cri-

372 3257 723 3312 minatorem.
773 3257 1000 3311 Annon
1034 3263 1120 3312 est
1166 3256 1438 3312 adversus
1487 3256 1665 3312 Deum
1722 3257 1954 3312 crimina

371 3365 584 3414 serere,
615 3358 673 3405 et
726 3349 1195 3405 obtrectationum
1236 3364 1450 3404 venena
1495 3363 1854 3418 componere,
1885 3349 1954 3404 de

371 3453 440 3494 eo
469 3455 592 3508 qua:
622 3438 757 3494 falsa
783 3447 913 3494 sunt
943 3437 1272 3508 praedicare,
1333 3439 1802 3508 adversariosque
1833 3441 1955 3511 ejus

372 3526 710 3584 defendere?
744 3527 903 3594 Quis'
933 3535 1120 3583 autem
1157 3536 1270 3583 tam
1308 3529 1516 3584 stultus
1561 3537 1618 3584 et
1659 3529 1833 3584 hebes
1857 3529 1950 3596 sit,

371 3619 470 3688 qui
494 3634 605 3674 non
634 3635 764 3675 eum
802 3619 1248 3686 inobedientem,
1289 3620 1593 3690 superbum
1622 3629 1679 3675 et
1709 3622 1956 3692 pertina-

371 3725 493 3766 cem
516 3711 753 3782 judieet,
779 3727 944 3781 quem
970 3711 1125 3766 videt
1168 3711 1225 3765 in
1271 3713 1502 3781 proprio
1530 3727 1730 3767 errore
1775 3713 1956 3768 obsti-

374 3807 504 3854 nate
555 3800 896 3868 persistere,
955 3808 1016 3853 et
1069 3799 1368 3854 catholicis
1407 3801 1556 3855 nolle
1599 3801 1956 3872 dogmatibus

375 3890 613 3945 cedere?
645 3891 756 3945 Aut
784 3891 911 3960 quis
959 3907 1073 3946 non
1135 3906 1265 3946 eum
1295 3891 1484 3960 potius
1515 3900 1673 3947 certo
1725 3899 1783 3948 et
1820 3907 1957 3948 vero

367 3983 584 4054 judicio
609 3983 918 4039 seditiones
945 3993 1188 4046 struere,
1240 3993 1299 4040 et
1356 3985 1625 4040 invidiam
1671 3987 1956 4041 concitare

370 4081 590 4145 arguat,
616 4089 783 4143 quem
804 4075 1076 4146 perspicit
1109 4077 1379 4132 adversus
1399 4075 1717 4132 Catholicos
1766 4077 1956 4147 iniqua

377 4165 615 4220 dilatare
649 4165 971 4222 mendacia?
991 4168 1279 4234 Quomodo
1301 4176 1488 4223 autem
1537 4183 1648 4223 non
1681 4169 1956 4240 integrum

375 4257 644 4315 Ecclesia:
678 4273 885 4328 corpus
911 4260 1098 4316 odisse
1124 4261 1206 4315 illi
1244 4259 1742 4332 potiusjudicandi
1801 4269 1952 4330 sunt,

375 4350 471 4419 qui
503 4350 750 4421 perfidia:
781 4367 895 4406 suae
917 4367 1136 4408 venena
1163 4353 1220 4407 in
1241 4353 1364 4424 ejus
1410 4351 1659 4407 membra
1680 4361 1958 4408 conantur

2057 3169 2159 3240 ipsi
2193 3170 2452 3225 monachi
2484 3169 2552 3225 de
2605 3169 2696 3224 his
2725 3184 2849 3240 quat
2897 3167 3044 3223 circa
3089 3182 3148 3223 se
3177 3174 3299 3222 acta
3321 3173 3474 3232 sunt,
3519 3171 3632 3219 tam

2055 3269 2364 3314 memorato
2389 3259 2654 3330 episeOpo
2684 3274 2850 3329 quam
2892 3257 3062 3312 etiam
3104 3255 3480 3321 senatoribus,
3528 3267 3635 3309 nec

2053 3365 2168 3404 non
2195 3350 2470 3404 universae
2522 3350 2785 3404 Ecclesiae
2841 3347 3068 3418 scriptis
3117 3355 3432 3403 contestata
3479 3351 3632 3399 sunt.

2055 3439 2306 3494 Humana
2328 3453 2570 3508 namque
2603 3437 2909 3493 tentatione
2937 3445 3252 3508 praeventus
3284 3434 3432 3490 idem
3465 3433 3631 3488 Rom.

2046 3531 2568 3601 'episcopus,utpote
2585 3530 2936 3586 mortalitatis
2952 3529 3131 3584 adhuc
3153 3526 3373 3584 sarcina
3389 3537 3635 3598 praegra-

2054 3629 2217 3677 vatus
2236 3664 2250 3688 ,
2273 3629 2566 3693 postquam
2590 3623 2860 3693 comperit
2889 3621 3096 3677 reverti
3147 3620 3500 3685 Dioscorum,
3537 3630 3636 3673 vo-

2053 3715 2178 3771 lens
2209 3715 2261 3770 ei
2291 3724 2556 3785 praestare
2589 3714 2696 3769 hoc
2720 3713 3084 3778 beneficium,
3117 3727 3192 3766 ne
3223 3711 3281 3765 in
3310 3709 3537 3780 publico
3565 3705 3634 3762 a‘b

2050 3806 2266 3863 eisdem
2329 3807 2617 3862 monachis
2681 3813 3011 3876 argueretur
3062 3801 3396 3865 haereticus,
3449 3797 3636 3854 missis

2057 3898 2448 3954 defensoribus
2487 3912 2617 3952 cum
2676 3897 2884 3968 ingenti
2916 3895 3186 3951 violentia
3237 3903 3336 3948 eos
3371 3891 3446 3947 ab
3495 3889 3636 3946 urbe

2058 3981 2236 4051 Roma
2273 3993 2461 4048 subito
2510 3993 2664 4047 exire
2723 3991 3017 4062 compulit,
3049 4000 3366 4061 quanquam
3431 3985 3635 4058 saepius
3731 4024 3736 4028 -

2056 4084 2284 4156 publice
2302 4093 2358 4140 et
2388 4084 2672 4156 privatim,
2691 4093 2802 4138 tam
2834 4084 2895 4138 in
2921 4091 3206 4138 conventu
3251 4077 3634 4135 ecclesiastico

2049 4191 2222 4247 quam
2246 4177 2413 4232 etiam
2439 4176 2690 4232 omnium
2715 4184 3060 4240 senatorum,
3087 4174 3171 4228 eis
3197 4171 3462 4227 veniente
3499 4169 3636 4224 Dio-

2059 4284 2220 4326 scoro
2269 4268 2612 4323 audientiam
2663 4267 2797 4323 dare
2831 4275 2980 4322 esset
3007 4264 3314 4336 pollicitus.
3357 4261 3464 4332 Qui
3508 4268 3636 4316 cum

2034 4361 2129 4416 .ab
2157 4360 2294 4431 ipsis
2315 4359 2711 4415 defensoribus
2733 4358 2926 4430 egredi
2975 4365 3332 4430 urgerentur,
3365 4347 3638 4424 compulsi

372 4442 712 4508 ditl‘undere,
770 4459 947 4512 eaque
979 4459 1011 4496 a
1043 4445 1268 4514 propria
1295 4454 1353 4499 et
1401 4444 1698 4500 salutifera
1732 4447 1952 4516 profes-
1984 4429 2030 4486 Ῑ)
2058 4429 2193 4508 sunt
2221 4453 2278 4507 in
2302 4452 2442 4508 locis
2476 4451 2721 4522 publicis
2759 4429 3024 4522 populum
3050 4429 3380 4512 contestari,
3419 4460 3490 4500 ne
3513 4449 3638 4513 Ροεε

372 4536 528 4592 sione
563 4536 856 4592 avertere?
881 4535 1031 4606 quod
1065 4543 1118 4591 te
1147 4544 1205 4590 et
1227 4551 1423 4592 omnes
1445 4538 1543 4607 qui
1577 4537 1680 4592 tibi
1707 4554 1946 4595 consen-

375 4627 524 4682 tiunt
567 4627 799 4698 implere
842 4628 989 4682 velle
1051 4641 1164 4681 non
1199 4627 1434 4682 dubium
1469 4637 1574 4694 est,
1627 4631 1722 4700 qui
1755 4632 1954 4689 callida

377 4719 844 4788 tergiversatione
898 4718 1182 4773 Christum
1233 4719 1438 4772 Filium
1473 4737 1646 4775 unum
1686 4739 1798 4778 non
1833 4740 1957 4780 esse

377 4823 447 4863 ex
480 4808 753 4864 Trinitate
790 4809 1098 4879 praedicare
1140 4809 1504 4866 contenditis.
1562 4812 1815 4870 Monacbi
1860 4833 1959 4872 au-

379 4909 514 4965 tem,
551 4916 694 4970 quos
733 4900 921 4971 inique
949 4902 1181 4968 laceras,
1212 4903 1282 4957 'in
1316 4910 1534 4958 tantum
1582 4906 1653 4960 ab
1695 4907 1802 4964 hoc
1840 4913 1956 4964 cri-

379 4992 532 5048 mine
568 4993 738 5048 alieni
763 5005 914 5062 sunt,
950 5004 1013 5051 ut
1041 5013 1330 5067 nunquam
1359 5013 1460 5068 per
1512 4999 1611 5054 Dei
1657 5002 1895 5070 gratiam
1925 5021 1955 5060 a

379 5085 656 5141 catholica
683 5089 1076 5144 communione
1111 5089 1497 5157 discesserint,
1527 5092 1660 5148 licet
1705 5095 1774 5149 ad
1814 5103 1954 5152 tem-

320 5180 326 5188 '
383 5193 508 5250 pus,
560 5181 827 5236 nonnulla
882 5183 1127 5237 secunda
1155 5182 1211 5238 in
1251 5182 1496 5239 Orientis
1529 5186 1780 5256 partibus
1811 5198 1958 5257 orta,

381 5269 832 5328 Occidentalibus
862 5273 1130 5330 Ecclesiis
1156 5277 1721 5334 communicaverint.

451 5362 650 5418 Adhuc
685 5378 818 5419 sane
849 5381 961 5419 non
1007 5365 1394 5433 confunderis,
1455 5369 1554 5424 sed
1591 5371 1960 5440 impudentis-

383 5455 521 5510 sima
541 5455 726 5511 fronte
759 5457 1015 5526 sequeris
1039 5459 1292 5514 etdicis:
1326 5461 1485 5515 «Non
1523 5462 1809 5532 potuimus
1835 5465 1961 5523 illos

381 5545 633 5611 monitis,
667 5561 776 5600 non
809 5549 1259 5616 mansuetudine,
1292 5567 1400 5607 non
1427 5553 1762 5612 auctoritate
1799 5573 1958 5614 com-

460 5715 504 5744 ”
525 5721 682 5778 Rom.
711 5740 786 5791 ιι,
809 5725 860 5780 5.

2057 4561 2218 4601 suum
2236 4545 2540 4601 discessum
2573 4545 2717 4600 clam
2748 4559 2846 4600 eos
2878 4543 3180 4611 recessisse
3220 4539 3474 4594 fautores
3503 4533 3640 4591 Dio-

2057 4638 2206 4693 scori
2249 4637 2395 4708 apud
2439 4637 2744 4694 Ecclesiam
2799 4635 3176 4700 difl‘amarent,
3230 4633 3382 4688 unde
3427 4631 3637 4686 factum

2057 4741 2142 4786 est
2172 4740 2232 4786 ut
2260 4731 2458 4786 saltem
2493 4730 2577 4786 eis
2631 4745 2802 4800 parva
2831 4728 3026 4783 dilatio
3063 4735 3441 4798 praestaretur,
3465 4739 3640 4795 quan-

2059 4816 2156 4872 diu
2185 4831 2244 4872 se
2279 4817 2483 4872 exinde
2511 4818 2701 4889 egredi
2731 4825 3129 4888 praepararent,
3181 4816 3286 4871 sub
3334 4830 3446 4886 quo
3498 4821 3640 4868 tem-
3716 4809 3729 4816 ”

2063 4923 2197 4978 pore
2221 4907 2468 4977 scriptis,
2497 4907 2683 4962 omnia
2729 4923 2853 4978 qua:
2897 4907 2955 4962 in
3001 4906 3161 4978 55.3
3200 4921 3259 4961 se
3304 4915 3454 4975 gesta
3487 4919 3640 4968 sunt,

2064 4998 2301 5053 facultas
2329 4999 2458 5054 data
2516 5007 2602 5055 est
2641 4998 3017 5055 contestandi.
3069 4997 3230 5064 Quod
3277 5006 3461 5051 tamen
3494 5010 3642 5050 nunc

2063 5107 2230 5162 quam
2261 5091 2441 5146 facere
2463 5091 2799 5162 potuissent,
2837 5091 2941 5146 nisi
2973 5091 3078 5147 hoc
3112 5091 3194 5146 eis
3225 5089 3511 5144 Romanus
3537 5102 3644 5157 po-

2065 5187 2229 5258 pulus
2270 5185 2639 5256 praestitisset,
2673 5185 2800 5255 qui,
2829 5186 2962 5240 licet
3007 5200 3109 5256 pro
3141 5184 3222 5240 eis
3251 5183 3479 5239 minime
3515 5196 3648 5252 pro-

2065 5277 2353 5343 clamaret,
2382 5276 2502 5346 ipsa
2528 5284 2710 5330 tamen
2740 5292 2838 5330 sua
2886 5277 3051 5331 tacita
3077 5272 3522 5329 murmuratione
3549 5271 3648 5326 de-

2064 5371 2344 5436 fensores,
2400 5369 2497 5438 qui
2563 5384 2662 5424 eos
2707 5367 2910 5424 exinde
2959 5367 3148 5438 egredi
3204 5363 3644 5436 compellebant,

2065 5461 2384 5526 deterrens,
2420 5460 2552 5516 fecit
2580 5469 2640 5515 ut
2687 5476 2882 5515 eorum
2914 5459 3159 5514 violenta
3210 5455 3465 5527 expulsio
3523 5448 3649 5507 uni-

2064 5573 2238 5614 versa:
2284 5556 2545 5613 Ecclesiae
2592 5557 2982 5654 innotesceret.
3036 5554 3157 5610 Non
3208 5567 3344 5624 ergo
3401 5549 3486 5622 (ut
3541 5547 3648 5604 iste

3167 5687 3218 5705 α
