3952 6136
257 320 363 388 105

1145 317 1247 380 AD
1279 316 1711 382 EPISTOLAM
1746 315 2169 382 HORMISDIE
2207 315 2648 384 RESPONSIG.

3418 319 3522 388 106

262 431 546 505 mentitur)
589 430 853 505 populus,
903 431 1002 488 sed
1045 430 1370 491 defensores
1405 433 1693 500 Ecclesia,
1745 447 1843 490 eos
1869 436 1918 495 Α
1943 430 2102 500 Quod
2128 443 2312 490 autem
2345 449 2474 493 sero
2497 451 2556 492 se
2575 433 2844 506 probasse
2870 433 3096 503 fatetur,
3123 435 3232 492 hoc
3280 437 3518 508 Aposto-

261 525 464 586 exinde
516 523 711 596 egredi
762 523 1179 595 compulerunt.
1213 524 1406 597 Neque
1443 525 1596 582 enim
1643 536 1842 598 sponte

261 636 359 677 sua
387 620 444 675 in
477 616 708 690 publico
764 616 1116 688 prodierunt,
1145 627 1210 675 ut
1255 619 1459 676 merito
1505 620 1576 675 ad
1607 634 1842 677 concus-

261 712 472 770 sionem
499 708 726 780 quietis,
774 708 891 763 sive
940 709 1019 763 ad
1053 709 1495 782 dissipationem,
1537 719 1596 766 et
1631 710 1844 766 discor-

260 804 408 860 diam
434 800 1039 869 commovendam,’,hoc
1072 817 1168 859 eos
1192 803 1389 860 fecisse
1421 804 1659 875 quilibet
1691 811 1843 860 recte

262 895 620 969 dijudicaret,
654 893 754 950 sed
789 894 1063 960 violenter
1085 894 1152 949 ad
1181 895 1287 951 hoc
1318 902 1451 951 sunt
1473 895 1663 952 venire
1687 910 1841 952 com-

263 987 429 1060 pulsi.
472 985 613 1042 Nam
659 983 735 1040 ita
761 983 878 1040 hac
942 999 1003 1040 se
1053 984 1288 1052 habere,
1345 987 1518 1042 etiam
1569 1001 1640 1042 ex
1663 987 1844 1058 ipsius

263 1078 424 1134 istius
487 1075 679 1131 verbis
740 1075 905 1130 facile
948 1074 1278 1144 edocemur,
1317 1077 1526 1147 quibus
1555 1092 1653 1132 eos
1695 1077 1844 1132 circa

264 1185 454 1242 regum
502 1175 718 1224 statuas
767 1169 971 1224 asserit
1024 1167 1376 1234 inclamasse,
1423 1169 1577 1241 quod
1623 1169 1843 1235 nullus,

262 1263 367 1318 nisi
385 1261 486 1332 qui
506 1259 914 1316 violentissime
941 1261 1292 1325 molestatur,
1327 1259 1511 1316 facere
1561 1259 1846 1330 compelli-

263 1352 660 1421 tur.Quamvis
685 1368 798 1408 non
835 1352 997 1422 quasi
1034 1352 1199 1423 regia
1240 1352 1532 1423 potestatis
1576 1352 1843 1408 auxilium

261 1447 574 1518 ﬂagitantes
643 1445 812 1516 (sicut
879 1444 1124 1499 haretici
1179 1444 1457 1516 jactitant)
1513 1460 1659 1515 sape
1708 1442 1845 1499 dicti

262 1537 523 1593 monachi
569 1536 713 1590 circa
770 1550 962 1606 regum
1014 1543 1224 1590 statuas
1264 1535 1706 1601 inclamaverint,
1747 1533 1846 1590 sed

261 1639 564 1702 postquam
595 1645 627 1683 a
663 1629 788 1683 loco
836 1627 1310 1698 quemadmodum
1355 1637 1708 1700 acceperant,
1743 1643 1848 1698 pro

265 1722 531 1779 mandato
554 1719 804 1790 ejusdem
830 1720 1068 1774 Romani
1099 1721 1346 1791 episcopi
1371 1719 1844 1791 fuerantexpulsi,

264 1815 320 1870 in
346 1813 581 1884 publico
617 1812 1009 1867 consistentes.
1041 1812 1142 1868 Ubi
1175 1829 1306 1869 casu
1339 1828 1531 1884 regum
1575 1813 1850 1884 imagines

263 1907 510 1970 fuerant,
545 1903 690 1974 quod
735 1903 995 1973 petitioni
1025 1920 1139 1960 sua
1168 1905 1456 1961 audientia
1473 1905 1850 1975 denegaretur

263 1998 473 2071 populo
505 1995 802 2051 contestati
833 2005 984 2052 sunt.
1007 1995 1121 2051 Cur
1153 2011 1283 2066 ergo
1323 1997 1406 2053 eis
1453 1995 1633 2052 ﬁdelis
1657 1994 1852 2067 populi

263 2089 601 2154 constantia,
640 2097 702 2143 ut
729 2088 834 2143 iste
875 2087 1035 2153 dicit,
1087 2089 1400 2154 resisteret,
1452 2103 1595 2159 quos
1629 2087 1855 2143 videbat

263 2198 362 2255 pro
403 2181 514 2236 sibi
538 2180 752 2252 ingesta
779 2179 1044 2236 violentia
1066 2195 1397 2252 progressos
1435 2181 1501 2235 ad
1525 2179 1853 2250 publicum?

262 2273 357 2328 sed
379 2288 569 2342 neque
621 2271 706 2327 eis
755 2271 940 2342 aliqua
973 2271 1082 2328 fuit
1117 2272 1172 2327 in
1223 2273 1452 2342 publico
1496 2271 1850 2343 disceptatio,

264 2372 324 2419 ut
357 2364 568 2419 merito
589 2372 951 2434 exasperatus
988 2366 1264 2436 populus,
1300 2379 1398 2420 eos
1423 2379 1459 2420 a
1495 2364 1611 2420 suis
1661 2364 1852 2436 expel-

263 2453 408 2511 leret
447 2453 793 2525 regionibus.

331 2548 543 2604 Verum
556 2547 604 2602 si
628 2546 958 2619 diligentius
979 2547 1098 2603 hac
1123 2548 1287 2604 istius
1313 2547 1486 2604 verba
1505 2546 1850 2612 consideres,

264 2637 521 2694 invenies
564 2653 694 2692 eum
749 2637 921 2693 etiam
984 2639 1296 2694 Romanum
1370 2639 1636 2710 populum
1685 2655 1852 2710 quem

264 2727 491 2783 ﬁdelem
519 2730 740 2794 asserit,
803 2743 916 2786 non
949 2730 1130 2784 solum
1158 2737 1221 2784 ut
1269 2727 1605 2794 violentum,
1635 2742 1856 2784 verum-

265 2821 460 2886 etiam,
489 2828 553 2875 nt
582 2820 909 2877 hareticum
938 2837 1226 2878 accusare.
1256 2823 1394 2878 Nam
1418 2822 1466 2877 si
1498 2821 1568 2878 de
1595 2822 1691 2880 illa
1723 2837 1852 2879 sen-

267 2911 468 2979 tentia,
501 2928 669 2984 quam
703 2913 963 2969 universa
991 2914 1087 2970 Dei
1115 2923 1267 2970 tenet
1301 2924 1358 2970 et
1386 2913 1636 2971 defendit
1656 2914 1853 2971 Eccle-

267 3001 368 3068 sia,
417 3003 710 3060 monachis
754 3004 810 3059 in
839 3005 1067 3075 publico
1113 3005 1549 3078 disputantibus,
1587 3006 1694 3062 hoc
1741 3013 1849 3072 est,

1948 523 2064 578 lum
2108 526 2435 596 prophetica
2468 541 2604 583 voce
2660 526 2870 584 dixisse
2921 543 3035 583 non
3067 538 3156 584 est
3197 531 3426 598 mirum,
3471 529 3522 587 si

1946 615 2218 672 hactenus
2239 619 2424 675 surdis
2447 621 2682 676 auribus
2713 621 2972 677 eumdem
2995 620 3246 678 .audierit
3278 621 3522 693 Aposto-

1945 707 2060 762 lum
2087 707 2195 764 hoc
2241 710 2494 779 quotidie
2522 711 2576 766 in
2617 712 2865 769 Ecclesia
2908 713 3262 781 elamamem,
3310 715 3406 784 qui
3451 729 3524 768 ne

1944 813 2095 855 nunc
2143 800 2372 870 quidem
2429 801 2546 856 vim
2593 803 2912 872 apostolica
2968 804 3258 860 sententia
3304 803 3526 860 intelle—
3588 837 3593 858 ς

1945 889 2092 945 xisse
2113 891 2488 947 convincitur.
2519 893 2774 950 Ecclesia
2794 903 2977 951 autem
2995 896 3100 951 Dei
3127 896 3214 951 bis
3236 895 3368 951 olim
3402 910 3526 950 mo-

1949 977 2085 1032 nitis
2110 981 2468 1048 pramunita,
2517 981 2700 1038 sciens
2721 999 3006 1054 nunquam
3032 985 3325 1042 hareticos
3361 1001 3526 1058 posse

1957 1069 2266 1140 quiescere,
2300 1073 2594 1146 vigilanter
2631 1090 3173 1145 occurrens,.eor.um
3221 1075 3389 1134 falsas
3419 1078 3548 1157 de-.

1947 1164 2114 1220 struit
2143 1167 2500 1222 assertiones.
3325 1209 3328 1212 ~

2015 1255 2148 1312 Post
2171 1256 2289 1313 hac
2307 1258 2530 1314 tandem
2552 1259 2786 1317 satiatus
2801 1261 3152 1328 nec'babens,
3170 1261 3359 1328 crede,
3377 1261 3527 1332 quod

1947 1346 2216 1404 adversus
2243 1349 2470 1406 eosdem
2523 1353 2826 1410 monachos
2873 1369 2974 1410 sua
3014 1354 3120 1410 sibi
3152 1354 3368 1411 fallacia
3394 1371 3528 1427 sug-

1949 1447 2126 1510 gerat,
2155 1441 2406 1514 adjungit
2435 1441 2628 1499 dicens
2655 1460 2670 1497 :
2697 1443 2824 1500 Hac
2855 1444 2980 1501 ideo
3016 1446 3302 1503 dilectioni
3329 1457 3528 1505 vestra

1950 1531 2245 1588 indicanda
2268 1534 2374 1589 sub
2399 1535 2690 1591 occasione
2722 1537 3023 1604 credimus,
3058 1555 3129 1595 ne
3154 1539 3200 1596 si
3229 1539 3362 1596 illuc
3403 1541 3528 1598 fue-

1949 1624 2062 1678 rint
2101 1625 2243 1680 forte
2283 1625 2475 1692 delati,
2507 1627 2827 1698 ignorantes
2875 1629 3346 1700 quemadmodum
3379 1648 3440 1689 se
3470 1634 3529 1689 in

1959 1715 2212 1772 Romana
2244 1717 2385 1774 urbe
2413 1719 2725 1790 gesserint,
2767 1720 2954 1792 aliqua
2975 1722 3272 1779 verborum
3294 1724 3532 1781 simula-

1949 1807 2102 1866 tione
2116 1810 2330 1881 aliquos
2352 1811 2568 1883 possint
2583 1812 2858 1884 decipere.
2879 1814 2982 1883 Qui
3000 1832 3131 1873 vere
3146 1817 3228 1874 sci
3237 1833 3295 1873 re
3313 1817 3534 1875 deside-

1949 1909 2056 1966 rat,
2078 1916 2145 1956 ex
2175 1917 2366 1957 eorum
2393 1904 2898 1962 contestationibus
2919 1922 3063 1977 quas
3085 1908 3360 1964 ineadem
3391 1910 3534 1966 urbe

1949 1993 2090 2049 locis
2120 1995 2361 2064 publicis
2382 1993 2714 2060 deﬁxerunt,
2753 1997 2928 2069 magis
2948 2009 3233 2070 agnoscet,
3256 2016 3423 2072 quam
3464 2018 3534 2060 ex

1951 2085 2116 2142 istius
2161 2087 2404 2158 scriptis,
2437 2089 2532 2160 qui
2577 2105 2690 2145 non
2726 2098 2811 2146 est
2861 2106 3052 2147 eorum
3078 2101 3314 2160 tantum,
3349 2095 3445 2151 sed
3476 2102 3535 2152 et

1953 2179 2124 2234 totius
2150 2179 2410 2236 Ecclesia
2445 2180 2704 2238 inimicus
2733 2184 3074 2255 agnoscitur.
3104 2185 3245 2240 Nam
3274 2196 3332 2243 et
3359 2188 3536 2258 ipsius

1952 2269 2212 2326 Romana
2263 2271 2544 2340 Ecclesia,
2594 2275 2756 2345 cujus
2789 2290 2848 2330 se
2879 2276 3036 2345 quasi
3067 2276 3417 2335 defensorem
3452 2281 3534 2336 si-

1953 2362 2148 2426 mulat,
2180 2363 2236 2418 in
2267 2371 2480 2420 tantum
2508 2364 3213 2437 adversariusdenotatur,
3242 2379 3304 2426 ut
3336 2369 3383 2426 si
3411 2385 3534 2428 me-

1953 2453 2150 2507 morati
2194 2455 2474 2521 monachi,
2500 2471 2641 2526 quos
2677 2458 2838 2528 quasi
2873 2457 3057 2515 eidem
3079 2459 3351 2517 Ecclesia
3395 2478 3536 2519 con-

1954 2545 2157 2601 trarios
2183 2544 2445 2613 astimat,
2492 2547 2685 2618 inique
2713 2548 2984 2605 adversus
3010 2565 3133 2606 eam
3169 2549 3228 2606 in
3275 2551 3366 2609 his
3403 2569 3534 2625 par-

1954 2636 2107 2692 tibus
2157 2637 2341 2708 aliqua
2386 2637 2595 2710 fingere
2648 2639 2982 2706 voluissent,
3030 2657 3317 2713 nunquam
3365 2645 3535 2701 credo

1953 2727 2034 2784 ita
2057 2729 2305 2800 ejusdem
2323 2731 2586 2788 Ecclesia
2603 2731 2769 2788 ﬁdem
2795 2731 3064 2806 derogare
3081 2736 3533 2806 praevaluissent,

1954 2820 2422 2890 quemadmodum
2459 2823 2582 2890 iste,
2607 2824 2786 2895 quiex
2807 2841 3045 2896 persona
3070 2827 3246 2898 ipsius
3270 2829 3538 2896 Ecclesia

1955 2910 2083 2966 ideo
2105 2909 2292 2982 inique
2305 2927 2402 2968 eos
2413 2913 2690 2968 obtrectat
2705 2923 2761 2970 et
2779 2915 3010 2981 lacerat,
3031 2915 3327 2990 quiajuxta
3346 2919 3537 2979 divina

1956 3001 2270 3073 eloquia,et
2294 3012 2610 3060 sanctorum
2630 3005 2856 3060 Patrum
2891 3007 3223 3066 traditiones
3251 3009 3533 3070 Christum

268 3116 376 3172 qua
413 3098 677 3155 Christus
718 3099 894 3156 Filius
953 3102 1052 3156 Dei
1115 3117 1262 3158 unus
1317 3117 1440 3158 esse
1491 3101 1740 3157 creditur
1785 3117 1854 3156 ex
1879 3114 1924 3175 α
1958 3094 2160 3150 Filium
2183 3095 2488 3166 Dei,quem
2528 3097 2584 3152 in
2629 3099 2845 3155 duabus
2878 3100 3098 3157 naturis
3126 3104 3536 3172 essentialiter,

269 3200 467 3247 sancta
495 3199 553 3246 et
603 3189 881 3246 ineﬂabili
931 3191 1230 3257 Trinitate,
1274 3193 1561 3248 Romanus
1614 3193 1858 3263 populus

271 3285 523 3352 resistit;
558 3285 669 3356 jam
687 3300 800 3339 non
829 3291 1041 3339 tantum
1073 3285 1199 3351 iste,
1224 3284 1321 3356 qui
1341 3285 1554 3341 erroris
1591 3285 1678 3340 sui
1707 3294 1859 3340 tene-

270 3373 391 3430 bris
419 3383 753 3438 excacatus,
779 3371 1068 3428 diabolica
1100 3373 1311 3429 semina
1357 3373 1590 3430 nefanda
1631 3373 1858 3429 zizania

278 3465 427 3520 hanc
501 3472 752 3520 sanctam
802 3465 1137 3521 sententiam
1207 3465 1432 3533 asserit,
1493 3466 1856 3521 verumetiam

271 3553 456 3610 omnis
479 3553 802 3609 antedictus
834 3555 1084 3626 populus
1117 3554 1420 3611 hareticus
1450 3555 1620 3628 (quod
1655 3556 1855 3626 absit!)

272 3661 394 3703 esse
450 3645 826 3702 convincitur.
888 3647 944 3703 Si
993 3655 1179 3703 autem
1235 3663 1413 3719 usque
1445 3649 1516 3704 ad
1545 3649 1729 3705 amuli
1771 3648 1857 3706 sui

273 3739 624 3809 prasentiam
681 3739 892 3795 eisdem
960 3740 1251 3797 monachis
1312 3741 1520 3797 ibidem
1587 3741 1858 3797 remorari

274 3833 614 3898 volentibus,
648 3847 760 3904 quo
806 3831 929 3904 ipso
970 3841 1249 3904 prasente
1269 3847 1436 3890 causa
1463 3847 1658 3890 eorum
1697 3848 1859 3905 aquo

272 3924 470 3980 ordine
505 3924 932 3992 terminaretur,
976 3925 1218 3996 populus
1272 3927 1506 3993 restitit,
1532 3925 1760 3991 stultus,
1801 3933 1859 3980 et

273 4014 502 4088 iniquus
522 4024 644 4074 erat
673 4015 822 4073 idem
872 4019 1135 4088 populus,
1188 4019 1286 4090 qui
1333 4018 1681 4075 audientiam
1724 4020 1854 4091 jure

273 4104 601 4175 petentibus
626 4104 926 4176 denegavit
947 4120 1155 4176 eosque
1169 4121 1201 4162 a
1221 4107 1339 4164 suis
1359 4108 1635 4164 violenter
1652 4108 1858 4178 repulit

274 4196 623 4268 regionibus.
650 4196 773 4253 Huc
793 4198 1097 4254 attendant
1122 4207 1180 4255 et
1216 4199 1632 4262 confundantur
1675 4199 1734 4256 bi
1758 4199 1856 4273 qui

272 4289 476 4346 exinde
495 4305 595 4348 eos
626 4289 798 4347 fuisse
814 4290 1092 4361 iactitant.

340 4380 510 4436 Nunc
539 4395 664 4451 qua
717 4380 832 4436 sint
882 4380 1176 4451 sequentia
1217 4379 1529 4436 videamus.
1581 4380 1738 4446 Sero,
1779 4380 1858 4436 in-

273 4471 418 4542 quit,
439 4471 805 4542 probavimns
826 4471 1159 4544 prophetica
1184 4471 1506 4541 Apostolum
1525 4487 1662 4528 voce
1684 4472 1858 4528 dixis-

273 4575 332 4618 se
361 4563 413 4596 ³⁸
447 4561 506 4616 in
550 4562 876 4620 novissimis
917 4564 1120 4620 diebus
1160 4562 1372 4619 instare
1403 4573 1656 4633 tempora
1705 4563 1856 4634 peri-

273 4653 467 4708 culosa
525 4661 586 4710 et
637 4653 782 4710 fore.
829 4655 1084 4712 homines
1134 4655 1221 4712 sui
1267 4664 1486 4712 tantum
1540 4664 1856 4724 amatores,

275 4745 550 4802 habentes
599 4746 832 4802 formam
880 4747 1130 4818 pietatis,
1185 4747 1452 4804 virtutem
1500 4757 1685 4804 autem
1737 4749 1858 4820 ejus

275 4835 639 4907 abnegantes,
655 4843 713 4892 et
736 4835 812 4891 ita
843 4851 964 4892 esse
994 4836 1352 4906 vitandos._Si
1375 4836 1610 4893 formam
1633 4837 1859 4908 pietatis

275 4941 385 4982 non
414 4928 682 4983 virtutem
725 4925 1050 5000 judicantur
1096 4927 1326 4994 habere,
1357 4927 1454 5000 qui
1491 4927 1729 4983 fideliter
1758 4941 1854 4982 ca-

274 5015 500 5074 tholicis
543 5017 903 5089 dogmatibus
957 5019 1354 5089 acquiescunt:
1416 5027 1628 5091 quanto
1681 5019 1856 5088 magis

275 5123 382 5163 nec
407 5108 587 5179 ipsam
610 5109 845 5164 formam
876 5109 1102 5180 pietatis
1141 5109 1372 5175 habere,
1420 5111 1518 5166 sed
1565 5111 1857 5169 evidenter

264 5199 428 5271 impii
441 5200 733 5272 judicandi
758 5210 911 5267 sunt,
925 5202 1021 5273 qui
1039 5201 1325 5258 Christum
1349 5202 1550 5259 Filium
1564 5203 1664 5259 Dei
1682 5217 1855 5259 unum

275 5307 398 5349 esse
419 5301 627 5364 negant
672 5308 740 5348 ex
760 5301 953 5349 sancta
976 5302 1034 5348 et
1069 5293 1310 5349 terribili
1355 5294 1670 5350 Trinitate?
1697 5294 1858 5351 Unde

277 5398 388 5440 non
427 5375 536 5448 illi,
590 5383 690 5440 sed
735 5383 828 5440 isti
863 5383 1052 5455 potius
1083 5383 1170 5442 sui
1218 5393 1518 5450 amatores,
1550 5393 1609 5442 et
1640 5385 1857 5441 vitandi

274 5470 429 5543 juxta
457 5469 786 5541 Apostolum
811 5471 1103 5528 verissime
1121 5470 1453 5539 edocentur,
1485 5473 1582 5544 qui
1611 5471 1857 5545 propriis

279 5561 494 5637 decepti
515 5562 900 5636 opinionibus,
926 5565 1200 5621 resistunt
1227 5563 1590 5635 apertissima
1607 5563 1855 5621 veritati.

351 5741 449 5798 ³⁸11
469 5745 614 5802 Tim.
635 5761 719 5812 ιιι,
748 5747 867 5810 1-5.
963 5746 1004 5779 ⁸¹
1032 5747 1227 5803 Matth.
1251 5764 1308 5814 v,
1336 5747 1425 5803 il.
1500 5748 1543 5781 ³²
1567 5748 1734 5805 Prov.
1760 5747 1953 5848 x355.

671 5840 942 5905 Ριτιιοι.
985 5841 1104 5906 Gn.
1146 5841 1503 5908 LXXXVI.

1961 3187 2078 3244 sive
2093 3188 2246 3260 juxta
2260 3189 2720 3260 compositionem
2737 3190 3007 3248 unitionis
3043 3201 3099 3248 et
3124 3193 3541 3251 inconfusionis

1959 3279 2124 3336 docet
2138 3278 2276 3335 fides
2291 3279 2586 3346 catholica,
2606 3281 3041 3349 confitentur,et
3063 3283 3174 3342 illis
3186 3285 3410 3355 quidem
3437 3286 3541 3342 hu-

1952 3371 2299 3444 jus’falsitas,
2357 3388 2470 3429 non
2493 3374 2670 3430 solum
2690 3374 2905 3430 auferet
2932 3376 3096 3442 nihil,
3123 3393 3317 3433 verum
3366 3378 3538 3435 etiam

1957 3461 2186 3517 multam
2212 3477 2367 3531 spem
2391 3462 2752 3518 beatitudinis
2770 3463 3008 3529 confert,
3027 3464 3264 3521 Domino
3278 3465 3500 3523 dicente
3522 3482 3538 3520 :

1957 3552 2112 3609 Beati
2136 3554 2260 3608 estis
2295 3571 2415 3608 cum
2441 3569 2530 3609 eos
2559 3555 2994 3626 exprobraverint
3049 3557 3310 3623 homines,
3339 3569 3388 3612 et
3420 3574 3543 3630 per-

1957 3644 2120 3699 secuti
2149 3643 2366 3714 fuerint,
2402 3653 2451 3698 et
2477 3645 2709 3699 dixerint
2756 3661 2910 3699 omne
2944 3646 3164 3702 verbum
3199 3646 3404 3704 malum
3439 3651 3542 3704 ad-

1958 3750 2138 3790 versus
2158 3749 2248 3789 vos
2282 3736 2590 3790 mentientes
2614 3743 2830 3807 prapter
2856 3752 2939 3792 me
2961 3735 3028 3803 ⁸¹,
3051 3735 3160 3793 sibi
3187 3747 3376 3794 autem
3415 3753 3546 3811 per-

1959 3833 2179 3896 petuam
2198 3825 2319 3881 sine
2341 3825 2512 3881 dubio
2527 3826 2766 3883 contulit
2787 3837 3022 3884 mortem
3039 3830 3190 3902 quia
3207 3828 3378 3900 falsus
3395 3833 3543 3886 testis

1958 3933 2064 3972 non
2095 3918 2198 3972 erit
2222 3918 2514 3990 impunitus
2541 3919 2608 3974 ³³.
2645 3916 2744 3975 His
2769 3917 2846 3976 ita
2877 3919 3073 3985 ﬁnitis.
3134 3921 3309 3980 multa
3333 3931 3392 3980 et
3425 3937 3542 3980 non

1958 4009 2275 4067 necessaria
2302 4009 2371 4066 de
2404 4010 2565 4068 libris
2586 4010 2774 4070 Fausti
2796 4013 3085 4084 cujusdam
3113 4013 3258 4071 Galli
3290 4016 3542 4091 episcopi

1959 4102 2016 4158 in
2045 4102 2516 4174 consequentibus
2541 4103 2814 4173 loquitur,
2859 4119 2965 4160 nec
3001 4104 3076 4161 ad
3107 4105 3167 4162 id
3214 4108 3366 4177 quod
3391 4124 3546 4180 qua-

1959 4191 2123 4256 ritur.
2165 4192 2532 4265 respondens,
2581 4193 2680 4249 sed
2731 4193 2840 4249 alia
2893 4195 3089 4251 nescio
3149 4212 3277 4266 qua
3319 4197 3389 4253 ad
3424 4213 3543 4256 rem

1959 4299 2075 4340 non
2101 4282 2436 4356 pertinentia
2486 4283 2638 4338 inani
2687 4291 2746 4339 et
2771 4284 2990 4355 prolixo
3029 4301 3288 4344 sermone
3313 4288 3541 4362 digerit.

1963 4375 2102 4431 Nam
2131 4388 2259 4430 cum
2287 4372 2358 4429 de
2396 4371 2533 4444 ipsis
2559 4373 2739 4440 libris,
2770 4389 2884 4430 non
2930 4382 3120 4432 utram
3154 4376 3374 4450 legendi
3403 4381 3541 4448 sint.

1887 4434 1935 4495 θ
1961 4463 2060 4522 sed
2117 4473 2307 4520 utrum
2351 4434 2468 4521 sint
2505 4434 2793 4532 catholici,
2833 4475 3094 4524 vertatur
3125 4434 3384 4541 quastio,

1957 4568 2073 4612 non
2100 4554 2170 4611 de
2194 4554 2333 4626 ipsis
2364 4553 2502 4626 quid
2523 4554 2879 4612 sentiendum
2910 4557 3006 4624 sit,
3032 4557 3132 4615 sed
3159 4573 3259 4616 eos
3286 4560 3542 4632 quamvis

1958 4663 2071 4705 non
2092 4649 2421 4706 auctoritate
2443 4648 2760 4716 habendos,
2788 4658 2974 4710 tamen
3001 4650 3267 4723 legendos
3297 4667 3422 4716 esse
3437 4655 3540 4730 de-

1959 4741 2159 4798 cernit.
2200 4741 2623 4808 Verumtamen,
2674 4740 2806 4813 quia
2834 4757 2932 4799 eos
2959 4742 3138 4802 libros
3161 4759 3303 4816 quos
3341 4747 3542 4806 beatus

1962 4835 2312 4906 Augustinus
2346 4833 2644 4904 episcopus
2661 4833 2734 4890 ad
2765 4834 3039 4890 Hilarium
3070 4837 3296 4908 scripsit
3321 4847 3380 4894 et
3409 4840 3544 4896 Pro-

1966 4939 2192 4996 sperum
2229 4923 2286 4980 in
2335 4925 2445 4981 line
2480 4925 2650 4997 hujus
2679 4924 2930 4996 epistola
2963 4926 3271 4986 Romanam
3305 4924 3542 4988 tetitatur

1963 5017 2247 5088 suscipere
2262 5016 2587 5085 Ecclesiam.
2607 5027 2672 5076 et
2693 5017 2828 5089 quid
2851 5017 2921 5075 de
2949 5018 3129 5092 gratia
3149 5021 3270 5088 Dei,
3286 5031 3346 5080 et
3365 5022 3544 5080 libero

1964 5108 2211 5165 humano
2239 5108 2474 5165 arbitrio
2498 5109 2692 5166 eadem
2713 5117 2900 5168 teneat
2948 5121 3009 5172 et
3045 5121 3230 5170 servet
3271 5111 3541 5183 Ecclesia,

1963 5213 2033 5254 ex
2067 5197 2202 5270 ipsis
2229 5197 2393 5255 libris
2419 5198 2646 5255 abunde
2676 5214 2840 5271 posse
2873 5199 3006 5257 sciri
3031 5203 3256 5271 asserit,
3279 5203 3550 5261 omitten-

1966 5300 2052 5348 tes
2090 5305 2158 5347 ea
2202 5305 2326 5362 qua
2372 5289 2653 5361 superﬂue
2707 5300 2766 5347 et
2811 5293 3028 5363 prolixe
3072 5294 3129 5350 in
3184 5293 3302 5365 ipsa
3332 5295 3560 5370 digesta_

1965 5384 2274 5454 probantur
2297 5383 2555 5455 epistola,
2589 5385 2930 5442 conveniens
2959 5386 3175 5443 credidi
3208 5387 3394 5460 aliqua
3431 5397 3546 5445 tam

1963 5476 2035 5533 de
2065 5476 2257 5532 Fausti
2299 5491 2466 5546 quam
2501 5475 2569 5532 de
2606 5475 2912 5533 antedictis
2951 5476 3110 5534 libris
3135 5479 3383 5551 ejusdem
3414 5471 3561 5534 san-1'

1965 5566 2038 5624 eti
2082 5566 2393 5641 Augustini
2449 5576 2604 5626 certa
2644 5567 2886 5641 capitula
2926 5569 3264 5642 decerpere,
3326 5577 3384 5627 et
3412 5564 3562 5632 hulst

3072 5833 3111 5893 ι
