3952 6136
371 266 471 332 107

1605 265 1934 336 JOANNIS
1972 267 2358 338 ΜΑΧΕΝΤΙΙ

3537 265 3640 331 108

365 387 559 432 nostro
588 375 860 448 opusculo
885 375 1152 440 inserere,
1182 380 1246 430 u‘t
1287 344 1412 429 cum
1450 371 1516 428 in
1556 374 1712 429 brevi
1745 375 1945 434 collata
1975 383 2020 443 Α
2118 375 2370 446 Denique
2411 383 2536 446 post
2583 373 2866 446 aliquanta
2912 373 3124 445 quteibi
3175 373 3246 430 de
3289 372 3449 430 initio
3483 371 3648 442 ﬁdei,

366 467 432 524 ad
460 465 700 522 invicem
733 464 1016 522 contraria
1046 463 1152 521 sibi
1183 471 1404 533 reperta
1432 462 1669 527 fuerint,
1701 454 1944 518 'eviden-

320 555 448 614 ’..er
480 559 708 626 clareat,
738 558 916 614 libros
966 554 1153 612 Fausti
1199 569 1322 610 esse
1368 553 1687 610 haereticos.
1739 553 1946 624 Sicque

324 697 340 714 ν
365 649 776 706 confundantur
800 663 1016 712 omnes,
1063 646 1159 716 qui
1192 661 1291 702 eos
1338 645 1612 702 hactenus
1641 643 1949 700 defendunt

310 718 342 757 ³”
366 743 690 800 catholicos.
721 740 971 808 Quorum
1017 740 1282 810 princeps
1325 747 1382 794 et
1437 744 1635 793 auctor
1681 744 1769 794 est
1821 752 1950 808 pos-

311 835 326 848 ’
363 847 552 888 sessor
585 829 880 885 Africanus
897 829 1224 900 episcopus,
1251 828 1298 882 si
1329 835 1515 882 tamen
1541 827 1598 882 in
1642 827 1750 884 hac
1789 835 1949 898 parte

305 913 316 992 ’ς
366 940 480 980 non
511 923 678 994 hujus
710 929 935 992 reputat
965 921 1330 986 sententiam,
1367 921 1550 992 cujus,
1593 927 1658 974 ut
1691 917 1951 975 Christus

368 1015 540 1072 Filius
565 1015 666 1070 Dei
697 1015 835 1080 vivi,
877 1011 974 1084 qui
1021 1027 1128 1084 pro
1163 1013 1408 1067 humana
1461 1013 1643 1068 salute
1679 1011 1738 1066 in
1777 1025 1949 1066 carne

364 1118 450 1166 est
477 1107 780 1166 cruciﬁxus
811 1122 958 1162 unus
988 1113 1228 1178 negetur
1251 1119 1322 1160 ex
1355 1104 1656 1172 Trinitate,
1693 1119 1951 1178 magnam

365 1200 630 1273 praedicat
656 1199 1076 1256 auctoritatem.
1100 1198 1210 1254 Sed
1242 1205 1543 1268 antequam
1575 1198 1692 1268 ipsa
1725 1213 1755 1253 a
1786 1197 1953 1254 nobis

365 1293 686 1348 inserantur
706 1290 972 1362 capitula,
1017 1289 1154 1360 quid
1193 1289 1396 1345 beatus
1441 1288 1784 1360 Augustinus
1817 1288 1954 1358 ipsis

365 1383 525 1441 libris
553 1383 817 1440 defendat
845 1390 902 1438 et
941 1389 1172 1446 statuat,
1227 1379 1364 1450 quid
1407 1396 1440 1437 e
1491 1388 1685 1437 contra
1713 1380 1954 1437 Faustus

360 1478 424 1532 in
451 1477 567 1532 suis
598 1483 834 1531 conetur
877 1483 1158 1540 astruere,
1207 1471 1458 1528 breviter
1490 1473 1765 1528 lectorem
1813 1487 1956 1544 prm-

356 1583 594 1624 ~mon~ere
627 1565 1010 1622 necessarium
1033 1563 1269 1630 credidi,
1300 1579 1413 1636 quo
1447 1564 1611 1622 facile
1639 1579 1835 1626 eorum
1871 1564 1956 1620 in-

321 1682 326 1686 ·
355 1660 649 1717 .tentiones
678 1660 1004 1716 discernere
1036 1658 1240 1714 valeat.

2047 467 2198 538 quod
2228 467 2392 524 nobis
2419 468 2524 544 nisi
2551 468 2796 539 desuper
2848 467 2970 523 dari
3008 467 3338 523 certissimis
3367 465 3640 538 approbat

2045 554 2419 625 documentis,
2453 559 2797 631 exprobrans
2845 557 2998 615 hunc
3049 574 3274 615 sensum
3305 599 3322 625 ,
3379 556 3550 620 infert
3579 567 3639 614 et

2047 646 2230 703 dicit:
2276 647 2488 704 Nolens
2542 665 2678 721 ergo
2733 657 2843 706 tam
2887 649 3052 706 claris
3094 647 3426 706 testimoniis
3472 663 3639 720 repu-

2047 755 2236 812 gnare,
2285 749 2342 797 et
2388 751 2570 797 tamen
2623 741 2816 798 volens
2875 755 2907 798 a
2956 743 3140 813 seipso
3167 742 3272 798 sibi
3321 751 3443 799 esse
3487 743 3638 812 quod

2048 833 2250 899 credit,
2285 833 2443 904 quasi
2474 835 2762 904 componit
2793 833 2960 888 homo
2993 850 3119 890 cum
3155 835 3288 901 Deo,
3327 843 3388 891 ut
3418 843 3638 906 partem

2049 923 2158 980 sibi
2189 923 2316 981 fidei
2353 925 2620 994 vindicet,
2669 934 2834 998 atque
2867 926 2946 982 illi
2971 934 3182 997 partem
3217 928 3496 998 relinquat
3531 945 3546 982 :
3581 932 3641 983 et

2049 1014 2200 1085 quod
2229 1026 2314 1072 est
2341 1017 2564 1083 elatius,
2604 1017 2842 1088 primam
2877 1017 3009 1082 sibi,
3041 1028 3370 1088 sequentem
3403 1019 3502 1073 dat
3529 1019 3631 1086 illi,

2048 1115 2106 1162 et
2134 1107 2194 1162 in
2223 1123 2291 1164 eo
2313 1109 2462 1179 quod
2485 1123 2607 1164 esse
2635 1108 2786 1164 dicat
2810 1107 3102 1163 amborum
3125 1109 3366 1178 primum
3392 1123 3452 1164 se
3483 1108 3634 1173 facit,

2049 1197 2426 1269 posteriorem
2478 1201 2676 1255 Deum.
2710 1197 2822 1255 Sed
2859 1197 3096 1254 Faustus
3136 1199 3418 1271 (inquiunt
3449 1199 3505 1254 hi
3543 1201 3638 1270 qui

2051 1306 2178 1346 eum
2195 1293 2530 1348 catholicum
2556 1299 2829 1348 conantur
2850 1291 3202 1359 defendere),
3220 1292 3430 1362 primas
3451 1297 3638 1362 partes

2051 1398 2166 1438 non
2200 1383 2435 1448 homini,
2485 1384 2583 1440 sed
2609 1384 2800 1456 gratim
2835 1383 2935 1439 Dei
2968 1384 3184 1438 tribuit.
3218 1383 3358 1439 Nam
3393 1383 3450 1439 in
3479 1393 3638 1440 sexto

2051 1463 2301 1551 ejusdem
2325 1477 2457 1532 libri
2481 1478 2664 1548 capite
2702 1491 2827 1531 cum
2859 1475 3109 1546 Apostoli
3148 1477 3480 1532 sententiam
3518 1475 3638 1531 dis-

2051 1577 2284 1636 sereret,
2321 1571 2397 1626 ita
2427 1571 2508 1625 ait
2545 1587 2560 1624 :
2594 1569 2782 1627 Gratia
2807 1567 2925 1636 Dei,
2962 1609 2977 1634 ,
3007 1568 3210 1638 inquit,
3242 1585 3360 1624 sum
3395 1569 3470 1635 id,
3499 1571 3640 1641 quod

2050 1679 2170 1717 sum
2205 1661 2271 1717 “.
2325 1661 2542 1718 Primas
2583 1669 2771 1733 partes
2823 1661 2925 1715 soli
2955 1661 3157 1731 gratia:
3205 1659 3297 1728 pie
3350 1659 3640 1730 subjectus

433 1752 612 1824 Igitur
657 1750 808 1806 idem
859 1757 1086 1806 sanctus
1124 1747 1472 1821 Augustinus
1517 1747 1594 1803 ita
1643 1747 1951 1806 humanum
1981 1743 2025 1806 Β
2053 1753 2305 1820 ascribit,
2335 1754 2520 1810 media
2550 1769 2784 1825 qumque
2817 1751 3030 1808 laboris
3065 1753 3386 1822 magisterio
3416 1760 3474 1806 et
3496 1750 3638 1807 ohe-

359 1843 664 1900 arbitrium
708 1843 948 1900 liberum
985 1842 1173 1908 docet,
1205 1850 1266 1898 ut
1298 1840 1656 1908 illuminatio,
1687 1843 1869 1898 virtus
1889 1849 1948 1898 et

367 1938 518 1992 salus
552 1936 696 1992 illia
722 1935 951 1992 Christo
980 1944 1038 1991 et
1073 1951 1177 2006 per
1204 1933 1488 1990 Christum
1527 1941 1586 1990 et
1625 1949 1752 1990 cum
1783 1933 1950 1991 Chri-

367 2039 455 2086 εῑο
487 2029 580 2086 sit.
612 2027 852 2085 Faustus
877 2042 1014 2084 vero
1041 2027 1118 2083 ita
1163 2027 1404 2084 liberum
1445 2025 1824 2084 Christianum
1863 2041 1954 2082 ar-

366 2123 597 2178 bitrium
630 2121 834 2177 docere
867 2129 1125 2187 conatus,
1162 2126 1226 2174 ut
1260 2120 1618 2186 illuminatio,
1653 2121 1856 2187 virtus,
1894 2128 1954 2176 et

373 2215 542 2280 salus,
566 2225 680 2270 non
713 2228 746 2268 a
775 2211 1020 2279 Christo,
1059 2211 1159 2268 sed
1189 2219 1390 2268 natura
1415 2212 1510 2268 sit.
1536 2213 1606 2268 Et
1633 2221 1696 2268 ut
1723 2212 1952 2284 planum

362 2307 468 2362 .fiat
533 2306 686 2378 quod
731 2305 992 2372 dicimus,
1036 2305 1132 2361 ille
1186 2320 1292 2362 nos
1330 2304 1708 2372 Christianos,
1760 2305 1955 2362 fideles

357 2407 536 2468 atque
563 2395 892 2452 obedientes
918 2395 1033 2452 Deo
1055 2395 1359 2451 salubriter
1396 2411 1498 2466 per
1529 2396 1764 2468 gratiam
1784 2397 1955 2452 Chri-

372 2489 466 2555 sti,
527 2504 692 2559 quam
747 2487 913 2544 nobis
959 2502 1062 2558 per
1111 2485 1522 2544 Incarnationis
1565 2505 1682 2545 suae
1725 2489 1957 2546 donavit

359 2581 715 2652 praesentiam
735 2623 750 2648 ,
782 2595 906 2638 esse
931 2579 1127 2637 definit
1157 2597 1172 2634 :
1203 2579 1333 2648 iste,
1360 2581 1516 2653 juxta
1543 2580 1956 2651 profanacom-

365 2684 556 2730 menta
580 2673 785 2746 Pelagii
810 2673 1142 2728 naturaliter
1173 2687 1298 2729 esse
1339 2672 1628 2729 discernit.
1679 2673 1955 2730 Refutans

364 2781 611 2838 namque
640 2766 837 2823 callide
861 2766 1110 2838 ejusdem
1143 2765 1350 2837 Pelagii
1401 2781 1651 2835 sensum,
1705 2773 1763 2823 et
1794 2765 1954 2838 quasi

363 2852 741 2930 erprobrans,
797 2859 949 2931 quod
1003 2857 1234 2916 omnino
1271 2857 1482 2915 Christi
1509 2859 1800 2933 negaverit
1833 2877 1958 2933 gra-

357 2952 529 3017 tiam,
591 2967 810 3008 necnon
845 2960 904 3007 et
938 2950 1083 3012 illos,
1142 2949 1238 3020 qui
1291 2951 1461 3007 nullis
1507 2952 1956 3023 praecedentibus

375 3041 598 3099 meritis
641 3045 798 3116 juxta
838 3041 1164 3114 Apostolum
1199 3041 1448 3113 'gratiam
1497 3043 1598 3098 Dei
1635 3043 1957 3103 hominibus

373 3135 494 3191 dari
524 3135 770 3192 fatentur
802 3135 868 3201 ",
903 3136 1024 3206 ipse
1055 3133 1210 3204 quasi
1246 3134 1694 3204 sapientissnmus
1727 3142 1786 3191 et
1823 3151 1958 3206 pru-

373 3227 734 3284 dentissimus
763 3241 944 3283 novus
978 3241 1136 3282 nova:
1179 3225 1470 3298 pravitatis
1504 3227 1792 3297 apostolus
1816 3242 1946 3298 gra-

376 3318 506 3375 tiam
541 3317 639 3374 Bei
666 3317 972 3374 secundum
1009 3317 1268 3372 meritum
1295 3300 1435 3371 fidei
1480 3324 1539 3371 et
1597 3315 1808 3371 laboris
1851 3314 1954 3376 dae

377 3409 462 3476 ri,
497 3407 698 3464 nititur
746 3408 1008 3474 educere,
1067 3413 1131 3462 ut
1176 3407 1292 3479 jam
1345 3406 1430 3462 sic
1475 3406 1573 3461 Dei
1614 3406 1794 3478 gratia
1841 3420 1954 3461 non

376 3501 448 3556 sit
512 3501 710 3572 gratia.
769 3499 908 3556 Nam
970 3515 1098 3555 cum
1169 3515 1335 3554 nemo
1383 3498 1615 3554 obediat
1676 3499 1798 3554 sive
1868 3499 1952 3554 la-

375 3586 536 3650 boret
575 3593 684 3650 nisi
717 3593 933 3659 volens,
993 3608 1158 3650 nemo
1199 3593 1358 3660 velit,
1407 3591 1518 3648 nisi
1553 3593 1751 3649 scierit
1800 3591 1952 3664 quod

365 3683 427 3737 ei
457 3683 757 3739 conveniat
794 3683 1074 3751 laborare,
1123 3683 1228 3740 istc
1267 3691 1397 3754 post
1437 3684 1730 3740 scientiam
1771 3693 1830 3741 et
1858 3701 1956 3741 vo—

374 3773 644 3828 luntatem
677 3789 776 3829 seu
807 3775 1188 3831 obedientiam
1222 3776 1468 3831 humano
1499 3775 1677 3845 labqri
1703 3775 1955 3848 adjungit

363 3864 571 3936 «gratiae
617 3863 980 3936 adiutorium,
1044 3871 1134 3920 ut.
1162 3865 1426 3922 videlicet
1473 3849 1648 3937 gratia
1701 3876 1760 3921 et
1796 3865 1955 3921 labor

375 3955 678 4022 humanus,
735 3955 895 4026 cujus
943 3953 1377 4026 possibilitatem
1425 3971 1540 4012 non
1573 3971 1674 4027 per
1703 3953 1954 4012 eamdem

372 4043 636 4115 gratiam,
691 4033 790 4098 sed
819 4042 1154 4099 naturaliter
1187 4043 1369 4106 inesse
1419 4044 1678 4100 omnibus
1728 4044 1952 4114 asserit,

369 4134 587 4206 pariter
623 4136 844 4203 sociati,
896 4137 1112 4220 reliqua
1162 4136 1454 4220 perficiant
1489 4153 1680 4210 opera,
1747 4148 1805 4194 et
1847 4135 1955 4195 hoc

374 4227 601 4299 quidem
629 4243 689 4284 se
724 4221 1024 4298 pollicetur
1060 4219 1382 4286 defendere.
1405 4219 1610 4286 'Postea
1641 4239 1828 4304 autem
1851 4231 1956 4287 im-

376 4335 592 4378 memor
627 4321 716 4377 sui
747 4319 1040 4400 promissi,
1086 4331 1259 4378 totam
1290 4323 1513 4394 plenius
1546 4323 1778 4396 gratiam
1823 4339 1954 4380 eva-

1981 3085 2027 3143 Ο

2051 1843 2281 1902 dientia:
2312 1845 2876 1916 deputat,utrumque
2907 1845 2964 1899 in
3009 1843 3490 1900 consummatione
3519 1857 3641 1898 mo-

2049 1931 2276 1989 deratus
2303 1933 2536 2004 gratiam
2557 1931 2922 2002 laboremque
2947 1931 3257 2002 conjungit.
3312 1931 3436 1986 Non
3461 1930 3636 1998 dicit,

2050 2025 2168 2097 Ego
2188 2026 2309 2082 sine
2339 2025 2542 2098 gratia,
2570 2033 2666 2081 aut
2689 2025 2868 2108 gratia
2894 2025 3014 2080 sine
3043 2037 3150 2086 me,
3179 2023 3276 2078 sed
3327 2023 3517 2080 Gratia
3540 2023 3639 2078 Dei

2051 2134 2256 2174 mecum
2277 2119 2341 2174 ³⁸.
2362 2118 2468 2174 Sed
2484 2118 2736 2190 gratiam,
2761 2115 2850 2172 cui
2881 2117 2990 2170 hoc
3021 2115 3148 2171 loco
3164 2115 3401 2171 Faustus
3430 2115 3641 2185 primas

2049 2219 2234 2282 partes
2265 2211 2480 2278 tribuit,
2507 2227 2620 2267 non
2643 2212 2764 2265 eam
2791 2225 2914 2280 quae
2939 2225 3039 2280 per
3064 2207 3334 2280 Spiritum
3369 2218 3629 2265 sanctum

2051 2302 2134 2368 ﬁt,
2168 2312 2231 2360 ut
2256 2305 2503 2361 Verbum
2528 2304 2628 2360 Dei
2663 2303 2980 2359 forinsecus
3013 2301 3294 2356 intbnanti
3342 2317 3636 2358 assensum

2050 2396 2416 2467 praebeamus,
2449 2405 2509 2451 et
2535 2395 2868 2450 obedientes
2887 2393 3196 2450 elliciamur
3229 2435 3244 2460 ,
3290 2393 3387 2450 sed
3430 2395 3637 2465 praedi-

2051 2487 2327 2542 cationem
2353 2485 2669 2542 divinorum
2714 2485 2918 2541 asserit
2972 2484 3358 2555 eloquiorum,
3392 2494 3454 2540 ut
3482 2485 3642 2542 vide-

2049 2577 2183 2633 licet
2217 2577 2410 2649 gratia:
2454 2579 2528 2634 sit
2577 2577 2727 2648 quod
2759 2577 2922 2632 nobis
2963 2575 3149 2632 divina
3183 2578 3404 2648 eloquia
3432 2579 3640 2649 praedi-

2051 2678 2250 2726 cantur
2275 2686 2290 2724 :
2322 2678 2574 2726 nostrum
2614 2677 2803 2724 autem
2825 2669 2916 2736 sit,
2939 2677 2999 2724 ut
3028 2669 3636 2740 eidem'praedicationi

2055 2764 2490 2820 consentiamus.
2529 2763 2779 2834 Denique
2821 2763 2878 2818 in
2919 2761 3102 2834 capite
3134 2763 3408 2835 vigesimo
3439 2773 3639 2818 octavo

2054 2853 2302 2926 ejusdem
2327 2853 2458 2910 libri
2493 2855 2661 2926 primi
2712 2855 2999 2911 disserens
3037 2855 3382 2911 Dominicam
3413 2865 3642 2912 senten-

2056 2945 2216 3013 tiam,
2247 2961 2357 3016 qua
2391 2945 2472 3000 ait
2503 2962 2517 2999 :
2548 2945 2716 3001 Nemo
2746 2948 2885 3000 venit
2921 2947 2992 3001 ad
3015 2964 3097 3001 me
3125 2949 3228 3002 nisi
3269 2945 3431 3002 Pater
3461 2956 3638 3004 attra-

2055 3037 2196 3091 xerit
2255 3052 2374 3090 eum
2413 3037 2480 3102 ³⁸,
2517 3037 2592 3092 ita
2629 3037 2776 3093 inter
2830 3045 3030 3092 cmtera
3073 3037 3342 3108 loquitur.
3397 3036 3635 3105 Clamat,

2059 3127 2263 3198 inquit,
2297 3129 2578 3196 voluntas,
2619 3129 2750 3200 quia
2787 3129 2902 3185 sola
2950 3146 3052 3202 per
3099 3145 3158 3185 se
3207 3131 3414 3184 elevari
3457 3129 3640 3186 nescit

2056 3219 2374 3276 infirmitas.
2438 3221 2520 3276 lta
2573 3221 2842 3278 Dominus
2893 3222 3127 3276 attrahit
3184 3221 3634 3288 desiderantem,

2055 3311 2222 3383 erigit
2253 3311 2622 3367 adnitentem.
2670 3313 2814 3380 Quid
2837 3323 2926 3368 est
2951 3320 3136 3368 autem
3171 3313 3480 3376 attrahere,
3525 3311 3638 3368 nisi

2056 3403 2404 3474 praedicare,
2454 3404 2564 3459 nisi
2621 3403 2968 3474 Scripturam
3017 3405 3501 3476 consolationibus
3543 3417 3641 3460 e1-

2057 3495 2266 3562 citare,
2328 3497 2810 3568 increpationibus
2873 3497 3206 3563 deterrere,
3267 3497 3639 3553 desideranda

2055 3603 2387 3660 proponere,
2421 3589 2705 3646 intentare
2738 3589 3058 3654 metuenda,
3101 3589 3374 3662 judicium
3403 3591 3639 3646 commi-

2054 3680 2200 3746 nari,
2236 3681 2525 3750 prmmium
2557 3679 2848 3751 polliceri?
2879 3680 3036 3746 Quod
3071 3681 3116 3734 si
3144 3682 3262 3735 sola
3285 3678 3634 3752 praedicatio,

2055 3771 2200 3829 sicut
2246 3773 2350 3828 iste
2385 3774 2734 3846 vult,gratia
2781 3773 2879 3828 Dei
2933 3775 3213 3830 credenda
3240 3781 3345 3839 est,
3381 3791 3504 3845 quae
3537 3787 3639 3846 per

2053 3863 2242 3918 Jesum
2270 3861 2559 3920 Christum
2611 3864 2758 3920 facta
2787 3873 2912 3932 est;
2957 3881 3096 3938 ergo
3133 3868 3248 3938 jam
3285 3881 3398 3920 non
3441 3865 3638 3922 Salva-

2058 3963 2168 4022 tor,
2205 3944 2300 4012 sed
2351 3955 2684 4028 praedicator
2739 3957 3130 4013 tantummodo
3177 3959 3324 4014 idem
3370 3959 3516 4014 Deus
3562 3944 3630 4013 et

2054 4046 2324 4106 Dominus
2361 4045 2554 4106 noster
2581 4050 2743 4106 Jesus
2774 4047 3054 4116 Christus,
3085 4049 3260 4122 (quod
3280 4047 3489 4120 absit!)
3512 4063 3638 4104 ere-

2055 4141 2274 4197 dendus
2305 4150 2410 4197 est.
2741 4216 2746 4220 l
2825 4208 2828 4212 ,
3219 4213 3224 4220 ι
3271 4131 3275 4134 ’
3619 4146 3627 4159 ⁸

2127 4232 2237 4290 Sed
2283 4231 2436 4289 hunc
2466 4233 2746 4290 nefarium
2781 4235 2906 4307 ejus
2940 4251 3164 4294 sensum
3205 4235 3280 4290 ita
3329 4232 3636 4304 exprobrat

2053 4335 2112 4382 et
2141 4325 2350 4382 refutat
2384 4327 2584 4383 beatus
2629 4329 2998 4398 Augustinus,
3056 4317 3304 4397 denique
3339 4343 3465 4380 mox
3503 4331 3634 4396 post

375 4425 542 4468 cuare
581 4411 953 4477 convincitur,
981 4412 1223 4484 denique
1245 4413 1646 4474 inPraefatione
1665 4433 1765 4472 sua
1803 4417 1950 4472 inter
1979 4421 2026 4484 υ
2051 4413 2202 4475 illam
2238 4417 2597 4484 sententiam,
2643 4419 2806 4490 cujus
2837 4417 3097 4488 superius
3123 4415 3360 4471 fecimus
3398 4415 3634 4470 mentio-

367 4511 574 4559 caa‘tera
622 4504 698 4558 ita
729 4503 978 4574 loquitur
1018 4522 1032 4558 :
1061 4505 1322 4561 Studium
1365 4505 1592 4580 (inquit)
1642 4500 1956 4579 asserenda;
2051 4525 2202 4574 nem,
2241 4509 2494 4580 sequi-tur
2527 4517 2584 4564 et
2605 4509 2744 4566 dicit
2773 4528 2785 4564 :
2817 4507 2938 4564 Non
2965 4509 3047 4564 sic
3075 4509 3201 4578 pius
3238 4518 3408 4578 atque
3435 4505 3623 4562 humi-

375 4595 564 4666 gratite
587 4601 968 4665 competenter
998 4603 1055 4650 et
1081 4597 1386 4656 salubriter
1407 4600 1666 4671 suscipit,
1697 4601 1794 4673 qui
1815 4582 1952 4658 obel
2053 4597 2124 4656 lis
2155 4599 2352 4656 doctor
2404 4601 2496 4656 ille
2535 4599 2790 4672 sapiebat
2837 4599 3202 4672 (Cyprianum
3250 4599 3634 4654 beatissimum

375 4685 641 4741 dientiam
662 4685 853 4742 famuli
881 4687 1062 4742 labori
1095 4687 1369 4762 adjungit.

2053 4689 2278 4762 loquor)
2304 4691 2399 4762 qui
2423 4689 2562 4746 dicit
2587 4691 2643 4745 in
2677 4691 2832 4746 nullo
2867 4689 3240 4760 gloriandum,
3269 4687 3492 4761 quando
3522 4705 3628 4765 no-

442 4775 513 4831 Et
551 4775 752 4832 lterum
783 4777 838 4832 in
867 4777 1046 4848 capite
1090 4778 1316 4850 lprimi
1355 4779 1486 4836 libri
1517 4797 1530 4832 :
1565 4779 1622 4836 Si
1647 4797 1780 4852 ergo
1827 4796 1956 4853 par—
2056 4791 2236 4838 stram
2289 4783 2430 4838 nihil
2481 4784 2577 4839 sit.
2627 4782 2788 4850 Quod
2842 4791 2903 4837 ut
2957 4782 3326 4848 ostenderet,
3378 4781 3638 4836 adhibuit

294 4897 302 4924 ι.
371 4869 547 4932 tibus,
586 4869 789 4940 inquit,
831 4871 1209 4940 proprietates
1234 4887 1364 4927 suas
1413 4872 1638 4950 reddas,
1683 4883 1740 4929 et
1791 4873 1956 4930 Chri-

317 4971 323 5002 ί
375 4967 522 5014 stum
542 4955 717 5014 Deum
741 4967 798 5016 et
830 4960 1114 5017 hominem
1149 4959 1347 5016 credas
1377 4967 1686 5027 etasseras,
1721 4959 1953 5034 perinde

373 5059 461 5106 est
498 5064 564 5105 ac
610 5050 656 5106 si
697 5051 929 5122 gratiam
976 5067 1103 5108 cum
1141 5051 1342 5109 iabore
1368 5051 1732 5124 'conjungas,
1775 5063 1832 5109 ct
1883 5053 1953 5110 ab

371 5141 651 5213 adjutorio
681 5141 780 5198 Dei
821 5151 1081 5198 conatum
1123 5141 1371 5200 hominis
1395 5157 1507 5198 non
1555 5143 1812 5212 repellas.
1847 5141 1950 5198 Cui

375 5229 670 5287 assertionl
699 5230 756 5285 in
777 5229 960 5302 primo
1010 5245 1207 5286 eorum
1258 5231 1399 5287 libro
1433 5243 1574 5302 quos
1621 5246 1790 5302 supra
1834 5245 1952 5286 me-

375 5324 618 5380 moravit
647 5323 724 5379 ita
749 5321 1083 5378 contradicit
1099 5321 1263 5396 5M
1287 5324 1650 5396 Augustinus,
1671 5333 1733 5380 ut
1752 5323 1951 5380 credas

375 5431 504 5473 eum
547 5425 680 5474 tunc
730 5415 954 5472 nonnisi
995 5418 1420 5490 contrascripta
1468 5417 1660 5474 Fausti
1713 5434 1949 5490 respon-

375 5525 529 5567 aere.

2061 4873 2385 4942 Apostolum
2435 4881 2632 4928 testem
2687 4873 2970 4928 dicentem
3018 4889 3032 4926 :
3079 4870 3219 4938 Quid
3249 4883 3423 4926 autem
3475 4871 3636 4926 habes

2059 4965 2198 5037 quod
2227 4983 2332 5020 non
2360 4966 2650 5037 accepisti?
2668 4965 2714 5019 si
2745 4976 2924 5018 autem
2949 4967 3217 5035 accepisti,
3239 4963 3364 5036 quid
3385 4965 3634 5036 gloriaris

2061 5056 2214 5126 quasi
2259 5072 2362 5108 non
2421 5051 2940 5126 acceperis"?Quo
2993 5056 3278 5126 praecipuo
3309 5051 3633 5110 testimonio

2057 5146 2225 5200 etiam
2266 5145 2384 5216 ipse
2413 5145 2708 5201 convictus
2732 5161 2878 5212 sum,
2911 5160 3036 5200 cum
3069 5145 3330 5200 similiter
3363 5159 3634 5210 errarem,

2058 5246 2258 5309 putans
2281 5237 2590 5308 fidem,qua
2623 5237 2678 5292 in
2713 5237 2890 5293 Deum
2923 5237 3224 5299 credimus,
3254 5250 3364 5289 non
3396 5227 3518 5289 esse
3536 5223 3636 5289 (ἰοὶ

2057 5345 2190 5388 num
2212 5329 2330 5394 Dei,
2359 5329 2456 5384 sed
2493 5345 2524 5384 a
2550 5329 2714 5385 nobis
2734 5345 2856 5387 esse
2881 5329 2938 5384 in
2964 5327 3146 5394 nobis,
3165 5335 3222 5383 et
3247 5342 3346 5396 per
3368 5327 3514 5381 illam
3532 5341 3637 5383 nos

2059 5417 2356 5492 impetrare
2375 5419 2470 5475 Dei
2491 5417 2634 5475 dona
2657 5415 2860 5497 quibus
2876 5428 3272 5490 temperanter,
3293 5427 3352 5472 et
3379 5419 3550 5489 iuste,
3577 5419 3655 5497 et,

2058 5513 2149 5588 pie
2187 5512 2438 5568 vivamus
2462 5513 2518 5568 in
2545 5513 2650 5569 hoc
2684 5494 2909 5569 saculo.
2931 5510 3124 5582 Neque
3151 5509 3303 5567 enim
3330 5507 3494 5566 fidem
3527 5494 3654 5581 ραι]

447 5687 492 5720 ⁸³
513 5687 671 5744 Rom.
695 5703 771 5757 ιι,
789 5686 824 5746 6
851 5679 1004 5761 seqq.
1082 5689 1167 5744 ³⁸1
1195 5687 1322 5745 Cor.
1347 5705 1435 5756 xv,
1463 5689 1546 5746 l0.
1624 5689 1673 5722 ⁸⁵
1694 5689 1835 5746 ibid.
1914 5691 1952 5724 ⁸⁴

2054 5705 2143 5745 an.
2164 5706 2243 5758 vr,
2267 5691 2356 5747 44.
2434 5691 2523 5747 ³⁷1
2552 5688 2680 5748 Cor.
2704 5708 2777 5758 tv,
2803 5691 2854 5745 7.
