3904 6144
244 301 249 305 ’
277 336 378 405 109

1170 334 1262 392 AD
1297 326 1733 409 EPlS’l‘OLAM
1773 326 2198 389 IIORMISD/E
2238 329 2683 411 BESPONSIIOD

3436 314 3557 397 ‘no

274 449 459 510 tabam
497 444 601 515 Dei
650 443 825 517 gratia
864 424 1197 513 praeveniri,
1245 450 1303 494 ut
1346 456 1449 511 per
1493 439 1645 495 illam
1692 439 1856 495 nobis
1883 444 1930 498 Α
1958 449 2215 503 asserunt,
2249 440 2459 496 donum
2494 455 2618 517 esse
2655 438 3028 521 credulitatis,
3048 440 3136 513 ita
3171 410 3321 499 inter
3353 430 3552 499 émicra

273 541 503 598 daretur
531 537 680 611 quod
715 535 929 591 utiliter
960 549 1323 615 posceremus
1348 573 1364 599 ,
1403 532 1692 615 nisi‘qu‘ia
1729 547 1851 587 cre-
1954 530 2213 602 loquitur
2262 550 2275 587 :
2487 532 2656 597 dicis,
2701 531 2914 609 inquit,
2948 533 3087 613 quia
3133 548 3247 605 non
3296 537 3555 599 omnibus

274 634 407 691 dere
437 646 549 686 non
577 642 892 701 possemus,
924 627 1108 684 sinon
1134 613 1476 697 praecederet
1507 611 1850 695 praeconium

276 724 568 790 veritatis.
615 722 688 778 Ut
733 728 923 777 autem
979 719 1288 790 praedicata
1344 717 1510 774 nobis
1555 716 1859 787 Evangelia

273 815 743 879 consentiremus,
774 821 1033 879 nostrum
1078 825 1202 871 esse
1230 810 1526 880 proprium
1545 849 1560 875 ,
1613 816 1671 864 et
1698 807 1862 863 nobis

273 925 336 966 ex
368 907 533 965 nobis
575 920 703 963 esse
757 903 1096 960 arbitrabar.
1147 900 1325 969 Quem
1374 915 1559 955 meum
1602 915 1861 956 errorem

271 999 541 1067 nonnulla
572 994 852 1068 opuscula
900 1010 1022 1061 mea
1070 984 1364 1060 indicant,
1407 1000 1538 1049 ante
1563 992 1854 1064 episcopa-

271 1100 386 1149 tum
416 1106 605 1146 meum
626 1089 895 1167 scripta;
928 1086 1036 1142 iste
1068 1101 1323 1142 errorem
1352 1085 1516 1152 dicit,
1550 1085 1713 1140 ﬁdem
1744 1098 1857 1139 non

271 1183 366 1240 Dei
395 1182 607 1238 donum
637 1180 896 1246 credere,
921 1178 1017 1235 sed
1043 1194 1075 1233 a
1099 1177 1261 1234 nobis
1284 1193 1407 1234 esse
1432 1177 1491 1232 in
1518 1176 1699 1232 nobis.
1724 1175 1868 1230 Fau-

273 1282 390 1330 stus
421 1279 614 1345 autem
649 1286 767 1325 non
798 1268 897 1325 Dei
932 1268 1173 1333 donum,
1207 1265 1305 1323 sed
1343 1282 1374 1322 a
1416 1266 1580 1322 nobis
1616 1266 1673 1321 in
1706 1263 1868 1320 nobis

269 1381 389 1423 esse
427 1362 1002 1420 aﬁirmareconatur.
1026 1359 1091 1414 In
1127 1358 1310 1430 capite
1348 1372 1590 1427 namque
1630 1354 1869 1427 septimo

270 1456 395 1518 tibri
436 1454 607 1527 primi
646 1467 939 1526 exponens
978 1450 1115 1506 illud
1154 1449 1403 1522 Apostoli
1446 1465 1466 1525 ,ι
1510 1448 1699 1506 Gratia
1734 1444 1871 1502 salvi

274 1535 397 1607 facti
439 1548 565 1602 estis
611 1544 932 1618 per‘ﬁdem,
962 1552 1012 1598 et
1055 1545 1149 1598 hoc
1185 1558 1293 1598 non
1330 1558 1394 1598 ea:
1436 1541 1613 1603 vobis,
1649 1542 1738 1595 sed
1775 1539 1873 1595 Dei

265 1642 471 1696 donum
501 1646 579 1693 est
601 1634 673 1702 ³⁸,
698 1644 824 1707 post
853 1634 1134 1704 aliquanta
1164 1631 1419 1702 sequitur
1448 1649 1462 1684 :
1493 1630 1757 1701 Tempus,
1784 1627 1874 1682 in-

313 1729 425 1794 uit,
453 1726 648 1800 gratiae
676 1742 787 1798 quo
821 1724 1093 1797 redempti
1126 1737 1350 1789 sumus,
1383 1723 1642 1777 meritum
1688 1717 1874 1775 homi-

313 1744 425 1794 uit,
453 1744 648 1800 gratiae
676 1744 787 1798 quo
821 1744 1093 1797 reaempu
1126 1744 1350 1789 sumus,
1384 1744 1642 1777 meritum
1689 1744 1872 1775 ιιυιιιι-

274 1744 362 1919 ὣς
392 1835 509 1874 non
541 1817 902 1889 exspectavit,
932 1832 1102 1887 opera
1136 1830 1249 1870 non
1280 1814 1560 1885 quasivit,
1592 1808 1712 1868 sola
1741 1810 1872 1867 ﬁdei

281 1905 483 1969 nostra:
528 1911 827 1967 devotione
853 1916 1155 1965 contentus
1177 1905 1304 1961 fuit.
1325 1906 1397 1961 Et
1420 1912 1614 1960 contra
1648 1911 1874 1959 sanctus

284 2003 627 2077 Augustinus
672 2002 822 2056 inter
864 1999 1028 2055 initia
1067 1996 1333 2054 antedicti
1367 1996 1531 2067 primi
1565 1994 1694 2050 libri
1729 1994 1815 2049 sui
1855 2010 1872 2049 :

282 2097 389 2154 Sed
427 2111 600 2161 nunc,
634 2094 835 2164 inquit,
865 2090 990 2146 istis
1035 2086 1488 2160 respondendum
1525 2101 1648 2142 esse
1681 2083 1870 2152 video,

282 2190 376 2261 qui
408 2188 600 2243 divina
634 2182 973 2248 testimonia,
1004 2196 1126 2253 quae
1158 2180 1227 2236 de
1260 2179 1366 2235 hac
1400 2194 1460 2233 re
1492 2177 1872 2242 adhibuimus,

281 2279 348 2334 ad
381 2280 489 2334 hoc
520 2277 716 2333 dicunt
744 2276 950 2339 valere,
977 2281 1042 2328 ut
1074 2271 1417 2336 noverimus,
1445 2284 1513 2325 ex
1547 2269 1713 2324 nobis
1750 2268 1875 2339 qui-

281 2371 406 2428 dem
453 2383 561 2425 nos
608 2368 819 2425 habere
863 2352 1038 2436 ipsam
1088 2362 1287 2430 ﬁdem,
1328 2362 1427 2418 sed
1468 2361 1876 2417 incrementum

281 2452 400 2532 ejus
436 2475 508 2514 ex
545 2457 684 2522 Deo,
717 2462 979 2525 tanquam
1017 2450 1157 2509 ﬁdes
1189 2467 1305 2507 non
1327 2440 1412 2507 ‘ab
1452 2451 1573 2523 ipso
1611 2450 1873 2517 donetur,

271 2552 374 2609 sed
404 2551 475 2608 ab
499 2550 623 2622 ipso
649 2554 831 2605 tamen
858 2554 1123 2619 augeatur
1146 2545 1206 2601 in
1230 2544 1414 2610 nobis,
1436 2558 1504 2599 eo
1528 2544 1736 2599 merito
1760 2559 1876 2614 quo

274 2645 450 2715 coepit
477 2660 510 2699 a
540 2642 728 2698 nobis.
756 2641 882 2696 Non
912 2656 1044 2711 ergo
1075 2637 1361 2696 reccditur
1386 2637 1456 2692 ab
1481 2652 1545 2693 ea
1575 2637 1873 2703 sententia,

275 2752 443 2808 quam
470 2733 730 2805 Pelagius
764 2731 881 2804 ipse
912 2732 969 2786 in
999 2730 1301 2801 episcopali
1319 2727 1532 2801 judicio
1558 2727 1873 2793 Palaestino,

277 2829 426 2884 sicut
468 2826 670 2882 eadem
711 2832 866 2896 gesta
909 2831 1212 2887 testantur,
1249 2822 1514 2877 damnare
1557 2821 1878 2892 compulsus

284 2928 385 2977 est.
407 2919 601 2976 Gratia
623 2915 724 2972 Dei
749 2916 1055 2972 secundum
1083 2913 1284 2968 merita
1307 2921 1495 2968 nostra
1521 2921 1709 2983 posset
1731 2912 1875 2978 dari,

1902 1779 1947 1836 B

1960 624 2144 692 detur,
2194 624 2291 681 sed
2327 624 2538 682 donum
2578 625 2654 680 sit
2689 626 2984 696 personale
3023 625 3322 695 credulitas
3354 635 3414 683 et
3445 614 3557 701 illis

1962 724 2179 772 tantum
2218 714 2453 771 credere
2491 725 2774 789 suppetat,
2804 717 3013 787 quibus
3049 717 3197 773 Deus
3238 712 3556 793 specialiter

1962 811 2190 868 donavit
2233 823 2297 867 ut
2341 811 2659 883 crederent.
2697 812 2821 866 Non
2865 813 2942 867 ita
2988 819 3092 868 est.
3130 811 3389 868 Nondum
3434 828 3557 868 eam

1962 901 2231 979 Dominus
2266 902 2441 979 etiam
2469 901 2540 958 ab
2572 900 2880 975 incredulis
2912 903 3106 973 exigit,
3138 904 3400 960 omnibus
3431 920 3554 960 eam

1965 993 2230 1050 insertam
2273 1007 2395 1050 esse
2437 992 2811 1050 demonstrat.
2848 991 2954 1049 Cui
2997 1003 3187 1051 autem
3232 997 3401 1051 etiam
3442 997 3561 1068 ipsa

1966 1092 2186 1139 naturae
2222 1083 2342 1154 lege
2403 1097 2519 1138 non
2583 1089 2848 1152 suppetat
2906 1082 3171 1148 credere,
3222 1085 3445 1155 quando
3502 1094 3563 1141 et

1968 1176 2247 1232 daemones
2280 1175 2546 1240 credunt,
2577 1182 2634 1231 et
2665 1174 3139 1230 contremiscunt?
3173 1175 3275 1231 Hic
3300 1178 3413 1248 jam
3448 1193 3563 1233 non

1968 1267 2279 1337 Augustino
2318 1275 2556 1332 tantum,
2587 1281 2782 1321 verum
2821 1265 2991 1320 etiam
3030 1266 3298 1335 Apostolo
3335 1266 3563 1321 omnino

1970 1360 2209 1416 Faustus
2261 1359 2578 1416 contrarius
2628 1357 2992 1431 approbatur.
3040 1358 3179 1413 Nam
3233 1372 3360 1414 cum
3415 1357 3564 1413 idem

1970 1450 2269 1523 Apostolus
2297 1451 2445 1507 dicat
2470 1449 2619 1506 :Non
2651 1451 2794 1505 enim
2826 1450 3064 1504 omnium
3094 1458 3171 1504 est
3199 1448 3330 1516 ﬁdes
3351 1447 3419 1515 ‘°,
3452 1448 3564 1506 iste

1974 1543 2235 1600 omnibus
2270 1558 2394 1601 eam
2430 1543 2766 1598 naturaliter
2802 1540 2941 1596 dicit
2978 1556 3100 1597 esse
3126 1540 3425 1597 insertam.
3457 1540 3564 1598 Cui

1975 1637 2024 1693 si
2071 1636 2482 1708 acquiescatur,
2518 1650 2633 1691 non
2683 1635 2862 1690 solum
2912 1633 3162 1690 haeretici
3206 1643 3263 1690 et
3306 1626 3564 1705 gentiles,

1976 1746 2170 1787 verum
2205 1730 2371 1787 etiam
2404 1728 2686 1785 daemones
2718 1726 2911 1783 ﬁdeles
2942 1740 3064 1782 esse
3099 1726 3362 1782 credendi
3391 1734 3562 1781 sunt:

1975 1823 2107 1895 quia
2152 1822 2211 1878 in
2254 1836 2366 1896 quo
2412 1828 2501 1877 est
2546 1818 2716 1886 ﬁdes,
2748 1816 2993 1874 inﬁdelis
3042 1816 3153 1873 dici
3204 1816 3356 1872 nullo
3401 1822 3566 1887 pacto

1950 1974 1957 1983 ,
1973 1921 2180 1986 potest.

2047 2003 2156 2060 Sed
2187 2003 2353 2076 longe
2387 2002 2549 2058 aliter
2574 2008 2801 2058 sanctus
2825 1999 3173 2072 Augustinus
3200 2000 3271 2057 ad
3294 1998 3568 2058 Hilarium

1956 2082 2229 2152 scribens
2262 2102 2320 2151 et
2354 2095 2713 2165 Prosperum,
2742 2091 2930 2159 docet,
2959 2091 3055 2163 qui
3096 2107 3207 2148 non
3239 2102 3465 2149 tantum
3504 2102 3569 2149 ut

1977 2187 2220 2244 ﬁdeliter
2244 2203 2565 2260 operemur,
2586 2201 2781 2241 verum
2810 2184 2980 2241 etiam
3011 2185 3186 2256 ipsam
3212 2184 3375 2241 ﬁdem
3395 2202 3425 2241 a
3453 2187 3569 2241 Deo

1975 2280 2143 2336 nobis
2177 2278 2401 2343 donari,
2431 2279 2578 2333 sicut
2610 2275 2872 2348 superius
2905 2275 3252 2341 edocuimus,
3283 2277 3342 2331 in
3371 2275 3569 2332 eodem

1975 2372 2120 2428 libro
2161 2372 2385 2444 penitus
2427 2377 2787 2441 protestatur,
2820 2367 2898 2423 ita
2942 2367 3137 2422 dicens
3183 2385 3197 2421 :
3247 2365 3571 2425 Cavendum

1976 2473 2096 2531 est,
2138 2464 2343 2521 fratres
2384 2462 2574 2519 dilecti
2625 2478 2658 2517 a
2705 2462 2856 2527 Deo,
2896 2475 2970 2531 ne
3018 2460 3186 2516 homo
3233 2476 3293 2516 se
3344 2461 3573 2518 extollat

1976 2557 2248 2613 adversus
2278 2557 2454 2613 Deum
2488 2570 2617 2610 cum
2649 2569 2708 2610 se
2739 2552 2875 2609 dicit
2901 2552 3107 2621 facere,
3131 2553 3283 2623 quod
3314 2553 3572 2624 promisit

1976 2651 2145 2706 Deus.
2167 2649 2362 2705 Nonne
2388 2647 2527 2704 ﬁdes
2552 2647 2800 2719 gentium
2828 2647 3104 2719 promissa
3124 2654 3211 2701 est
3235 2645 3492 2712 Abrahae,
3513 2649 3573 2704 et

1976 2740 2071 2798 ille
2100 2741 2239 2797 dans
2268 2740 2501 2811 gloriam
2527 2739 2643 2795 Deo
2670 2737 2992 2812 plenissime
3018 2738 3276 2804 credidit,
3304 2738 3571 2810 quoniam

1978 2848 2102 2904 quae
2127 2832 2403 2904 promisit,
2428 2840 2628 2902 potens
2654 2838 2738 2886 est
2761 2829 3189 2903 ctfacereﬂpse
3213 2831 3381 2903 igitur
3406 2814 3572 2889 iidem

1978 2926 2229 2998 gentium
2260 2910 2415 2988 facit,
2441 2923 2538 2993 qui
2566 2931 2765 2994 potens
2793 2930 2879 2977 est
2905 2921 3087 2979 facere
3113 2923 3262 2994 quod
3287 2925 3569 2994 promisit.

285 3011 329 3069 Si
374 3026 491 3066 non
538 3009 817 3080 pertineat
863 3006 933 3061 ad
984 3006 1215 3079 gratiam
1269 3005 1403 3069 Dei:
1444 3005 1593 3076 (μιοά
1645 3004 1877 3059 credere
1979 3014 2158 3071 Porro
2188 3012 2236 3068 si
2265 3012 2414 3068 Deus
2442 3004 2897 3082 operatur'ﬁdem
2932 3020 3202 3078 nostram,
3231 3013 3374 3069 miro
3404 3013 3574 3077 modo

287 3104 578 3173 coepimus,
603 3100 702 3157 sed
737 3098 877 3155 illud
910 3098 1099 3169 potius
1132 3097 1282 3168 quod
1319 3104 1547 3168 pr0pter
1573 3096 1678 3152 hoc
1712 3096 1876 3151 nobis

1978 3120 2148 3178 agens
2185 3104 2242 3159 in
2279 3103 2486 3173 nostris
2522 3101 2790 3175 cordibus
2830 3111 2891 3158 ut
2924 3103 3221 3161 credamus
3261 3121 3276 3160 :
3315 3105 3572 3177 nunquid

258 3195 533 3260 'additur,
567 3201 630 3248 ut
670 3193 893 3263 plenius
939 3190 1355 3262 perfectiusque
1404 3188 1696 3244 credamtrs

288 3300 387 3356 per
420 3285 529 3340 hoc
564 3284 721 3339 initia
755 3283 887 3339 ﬁdei
923 3290 1132 3338 nostrae
1169 3282 1389 3355 priores
1421 3282 1617 3335 damus
1652 3282 1787 3345 Deo,
1818 3288 1880 3333 ut

260 3362 637 3432 iretribuatur
682 3374 846 3431 nobis
885 3374 1331 3444 supplementum
1376 3373 1524 3443 ejus,
1561 3378 1617 3425 et
1657 3370 1703 3424 si
1743 3368 1878 3439 quid

286 3469 440 3526 aliud
482 3469 724 3549 ﬁdeliter
761 3466 1155 3539 prospicimus.
1559 3466 1563 3472 ’

361 3561 473 3616 Sed
514 3569 708 3616 contra
740 3561 861 3616 haec
894 3574 997 3612 cur
1028 3573 1142 3611 non
1176 3556 1362 3626 potius
1397 3553 1659 3608 audimus
1698 3572 1710 3605 :
1751 3551 1881 3617 Quis

296 3654 446 3724 prior
473 3653 613 3707 dedit
642 3655 710 3717 ei,
733 3659 781 3707 et
812 3652 1134 3704 retribuetur
1162 3647 1267 3712 illi,
1292 3648 1543 3717 quoniam
1578 3660 1641 3698 ex
1674 3647 1807 3716 ipso,
1834 3649 1883 3695 et

296 3761 390 3815 per
420 3745 616 3814 ipsum,
645 3753 694 3798 et
723 3743 781 3795 in
811 3742 924 3811 ipso
956 3747 1082 3795 sunt
1098 3740 1277 3792 omnia
1296 3738 1382 3790 ”?
1405 3737 1472 3791 Et
1566 3736 1745 3807 ipsum
1778 3735 1882 3808 igi-

294 3850 388 3895 tur
419 3836 640 3892 initium
673 3834 799 3890 ﬁdei
837 3841 1040 3888 nostra:
1071 3848 1140 3888 ex
1170 3847 1279 3900 quo
1308 3829 1415 3884 nisi
1447 3845 1513 3884 ex
1543 3829 1662 3899 ipso
1697 3837 1755 3884 ct
1783 3843 1884 3899 per

294 3930 500 4015 ipsum,
519 3928 659 4015 etin
685 3927 807 4015 ipso
833 3936 964 4011 sunt
988 3924 1202 4007 omnia?
1216 3923 1351 4007 Quis
1377 3931 1560 3999 autem
1586 3921 1883 3997 dicat'eum

280 3998 390 4096 qui
414 3998 538 4094 jam
556 3998 730 4091 coepii
756 4004 987 4075 credere
1015 4016 1086 4071 ab
1111 3998 1211 4072 illo
1241 3998 1301 4071 in
1318 3998 1489 4087 quem
1518 4015 1774 4081 credidit,
1800 4016 1880 4071 nil

294 4112 531 4168 mereri?
564 4110 722 4168 Unde
755 4108 838 4175 ﬁt,
864 4118 925 4164 ut
954 4108 1068 4179 jam
1104 4107 1354 4163 credenti
1393 4118 1591 4162 caetera
1627 4105 1884 4161 dicantur

292 4203 423 4259 addi
468 4200 849 4260 retributione
882 4199 1098 4260 divina.
1154 4213 1223 4253 ac
1267 4212 1369 4268 per
1412 4196 1523 4252 hoc
1562 4195 1959 4268 gratiamin...

294 4299 604 4355 secundum
638 4295 838 4351 merita
870 4302 1061 4349 nostra
1094 4291 1248 4356 dari,
1278 4288 1429 4361 quod
1462 4289 1741 4361 objectum
1776 4288 1883 4345 sibi

234 4440 241 4443 _
295 4391 572 4463 Pelagius,
598 4404 672 4444 ne
702 4388 1063 4443 damnaretur
1087 4385 1230 4454 ipse,
1259 4383 1573 4463 ἀιιιῃηειγίιξ
1608 4396 1631 4456 τι
1676 4400 1687 4411 .
1726 4397 1750 4461 ῖς

1748 3206 1762 3241 =
1812 3204 1878 3243 ac
1978 3196 2340 3254 metuendum
2363 3203 2471 3271 est,
2494 3210 2564 3251 ne
2594 3202 2770 3253 totum
2798 3194 2980 3252 facere
3005 3211 3116 3261 non
3132 3196 3342 3266 possit,
3363 3204 3421 3263 et
3445 3196 3573 3261 ideo

1978 3289 2088 3345 sibi
2124 3288 2292 3363 homo
2323 3288 2529 3359 primas
2561 3287 2683 3359 ejus
2721 3286 2969 3359 vindicat
2994 3296 3205 3358 partes,
3235 3295 3297 3342 ut
3325 3287 3570 3343 novissi-
3654 3327 3658 3330 ι

1981 3394 2101 3435 mas
2140 3378 2211 3435 ab
2250 3379 2346 3434 illo
2384 3378 2637 3450 accipere
2676 3378 2995 3435 mereatur?
3034 3370 3231 3433 Videte
3270 3375 3316 3432 si
3360 3377 3573 3448 aliquid

1983 3478 2179 3539 agatur
2207 3467 2315 3524 isto
2351 3468 2549 3534 modo,
2580 3469 2688 3524 nisi
2722 3477 2786 3524 ut
2815 3468 2995 3540 gratia
3030 3468 3337 3525 secundum
3374 3468 3574 3525 merita

1984 3568 2176 3615 nostra
2216 3560 2383 3615 detur
2426 3559 2678 3631 quolibet
2718 3559 2906 3629 modo,
2935 3576 3000 3616 ac
3041 3560 3087 3616 si
3130 3561 3308 3632 gratia
3348 3576 3460 3617 non
3501 3559 3575 3618 sit

1985 3650 2181 3723 gratia.
2226 3649 2499 3707 Redditur
2544 3664 2782 3720 namque
2832 3649 2942 3721 hoc
2987 3659 3150 3722 pacto
3193 3651 3414 3721 debita,
3460 3667 3572 3708 non

1986 3741 2228 3797 donatur
2259 3740 2452 3812 gratis.
2480 3741 2654 3795 Datur
2682 3740 2832 3795 enim
2866 3741 3150 3820 credenti,
3183 3751 3245 3799 ut
3273 3760 3304 3817 a
3334 3743 3573 3801 Domino

1986 3835 2103 3904 ipsa
2132 3833 2268 3889 ﬁdes
2298 3841 2586 3902 augeatur,
2618 3832 2775 3889 et‘sit
2805 3849 3019 3889 merces
3049 3835 3179 3890 ﬁdei
3210 3843 3407 3905 (δωρεᾶ
3436 3835 3574 3892 ﬁdcs

1984 3935 2168 3997 aucta.
2197 3926 2311 3985 Nec
2337 3926 2645 3995 attenditur
2673 3941 2798 3993 Qum
2826 3927 2939 3983 hoc
2963 3926 3191 3992 dicitur,
3219 3943 3334 3985 non
3368 3943 3572 3985 secun-

1984 4020 2118 4074 dum
2146 4018 2402 4090 gratiam,
2430 4019 2528 4074 sed
2560 4019 2862 4074 secundum
2890 4019 3138 4075 debitum
3170 4021 3330 4076 istam
3359 4036 3574 4077 merce-

1985 4112 2109 4167 dem
2149 4110 2503 4166 credentibus
2540 4110 2823 4180 imputari.
2856 4109 2969 4166 Cur
3007 4119 3191 4166 autem
3232 4127 3347 4166 non
3392 4120 3572 4168 totum

1985 4202 2269 4257 tribuatur
2290 4201 2524 4265 homini»,
2547 4209 2610 4254 ut
2631 4201 2729 4270 qui
2754 4201 2864 4254 sibi
2893 4201 3073 4270 potuit
3101 4202 3399 4257 instituere
3423 4204 3574 4273 quod

1987 4308 2101 4348 non
2146 4293 2410 4356 habebat,
2449 4293 2568 4362 ipse
2611 4292 2758 4361 quod
2811 4292 3076 4356 instituit,
3110 4303 3308 4363 augeat
3347 4297 3577 4353 omnino

1830 4396 1841 4421 ε
1888 4394 2118 4469 ίὲπψε
2132 4381 2318 4457 virgo,
2348 4381 2458 4435 nisi
2489 4380 2616 4450 quia
2647 4380 2834 4434 resisti
2867 4395 2980 4434 non
3016 4389 3199 4451 potest
3227 4382 3432 4439 divinis
3457 4400 3577 4440 ma-

371 4440 1165 4549 S-eji—II‘au—svtusﬁquiﬂsuperius
1194 4440 1414 4529 dixerat
1447 4491 1460 4527 :
1491 4440 1741 4543 Tempus

1990 4440 2239 4531 1ιῆεὲὶὶθῖ
2252 4440 2602 4537 testimoniis,
2635 4471 2837 4542 quibus
2870 4480 2932 4527 et
2968 4440 3105 4528 ﬁdes
3146 4473 3316 4543 (unde
3353 4475 3580 4546 pietatis

302 4575 392 4631 tia:
411 4589 523 4645 quo
552 4570 828 4641 redempti
858 4583 1070 4631 sumus,
1097 4566 1297 4621 merita
1326 4565 1619 4620 hominum
1650 4580 1761 4620 non
1791 4580 1890 4621 ex-
1986 4565 2279 4621 exordium
2330 4564 2594 4645 sumitur)
2618 4640 2623 4645 .
2644 4562 2851 4617 donum
2900 4562 2999 4616 Dei
3046 4577 3168 4619 esse
3215 4573 3576 4625 monstratur.

301 4638 593 4734 ερθοῖῖᾶνὶῐτ
614 4638 783 4731 0P3":a
806 4658 1034 4731 Ρθηὶωε
1058 4652 1172 4733 ιὲρη
1198 4648 1475 4730 Ηῦἓηθίῖίτν
1497 4650 1593 4725 5ξά
1619 4656 1734 4715 εθιιι
1758 4646 1903 4725 Ιὶᾶεῖ
1987 4646 2169 4724 Quﬂle.
2197 4646 2463 4725 esttillllﬂ.
2488 4638 2707 4722 δίωὶαά.
2732 4653 3013 4727 nitidique
3057 4654 3202 4711 Deus
3232 4660 3462 4729 partitus
3501 4668 3582 4715 est

303 4765 507 4812 nostra:
550 4753 851 4810 devotione
906 4760 1208 4807 contentus
1252 4748 1392 4811 fuit;
1416 4762 1541 4803 mox
1587 4748 1645 4802 in
1693 4748 1889 4804 eodem
1990 4748 2591 4818 mensuramﬁclci“.Et
2624 4746 2759 4800 illud
2794 4765 2806 4801 :
2844 4745 2960 4801 Paa:
2988 4745 3240 4815 fratribus
3269 4756 3318 4801 et
3345 4748 3581 4803 clraritas

303 4848 507 4918 capite,
531 4852 660 4915 post
690 4843 974 4913 paululum
1006 4843 1277 4912 sequitur,
1307 4855 1579 4910 suamque
1610 4840 1731 4911 ipse
1757 4854 1888 4895 sen-
1908 4846 1921 4853 ‘
1992 4856 2111 4897 cum
2132 4839 2242 4908 ﬁde
2274 4857 2308 4893 τι
2342 4838 2449 4893 Deo
2481 4839 2672 4901 Patre,
2705 4845 2755 4892 et
2778 4836 3012 4892 Domino
3038 4836 3166 4893 Iesu
3191 4836 3403 4894 Christo
3426 4837 3493 4905 “,
3524 4847 3581 4895 et

305 4940 536 5015 tentiam
557 4936 853 5015 destruens
874 4934 1019 5005 sicut
1042 4933 1228 5011 ﬁdem,
1252 4933 1327 4989 ita
1355 4933 1523 5009 etiam
1554 4948 1722 5015 opera
1747 4932 1915 5015 dicit_
1960 5012 1965 5015 Δ
1996 4940 2193 5011 cetera
2221 4931 2374 5005 talia.
2522 5008 2530 5015 ἱ
3464 4992 3467 4995 ν

304 5030 373 5084 ad
419 5006 721 5111 hominem.
744 5016 1030 5095 pertinere
1081 5020 1094 5078 ἐ
1143 5006 1301 5103 Sicut
1346 5006 1529 5099 enim,
1567 5014 1780 5095 inquit,
1814 5011 1915 5079 ad”
1958 5012 1966 5023 ’
2032 5006 2137 5104 ,Ει
2157 5006 2350 5078 rursus
2375 5008 2530 5076 idem.
2556 5018 3578 5105 beatusdugustinus-postaliquanta:

305 5094 1114 5193 Deum'largitioimunerandi,
1144 5098 1217 5185 ita
1250 5114 1317 5170 ad
1346 5096 1632 5197 hominem
1648 5094 1886 5173 devotio
1956 5184 1965 5197 τ
1998 5099 2309 5197 Utrumque
2337 5111 2487 5193 enim
2520 5094 2773 5193 nostrum
2806 5120 2913 5179 est,
2945 5094 3148 5183 inquit,
3178 5100 3410 5185 propter
3437 5112 3586 5169 arbi-

311 5188 542 5291 respicit
580 5196 935 5291 inquirendi.
982 5206 1095 5275 Sed.
1137 5200 1299 5291 dices
1332 5188 1523 5291 ﬁdem
1552 5208 1730 5280 ipsam
1779 5222 1892 5263 non
1956 5188 1965 5197 ’
2001 5196 2170 5262 trium
2192 5188 2521 5291 voluntatis,
2546 5211 2601 5257 et
2624 5188 2921 5275 utrumque
2954 5210 3139 5261 tamen
3162 5204 3351 5262 datum
3379 5212 3466 5283 est
3487 5220 3588 5281 per

312 5278 791 5373 omnibusuposse~
817 5305 1153 5379 competere.
1179 5288 1299 5379 Non
1332 5286 1561 5367 mirum,
1589 5297 1636 5353 si
1679 5296 1893 5353 homini
2001 5284 2268 5368 Spiritum
2295 5295 2426 5361 ﬁdei
2450 5302 2506 5349 et
2530 5274 2847 5350 charitatis.
2869 5295 3057 5367 Neque
3084 5295 3234 5352 enim
3264 5274 3587 5355 solachari-

311 5398 383 5453 ad
408 5408 575 5467 quem
604 5392 844 5471 denegas
869 5382 1037 5461 opera
1066 5374 1372 5458 pertinere,
1396 5389 1565 5445 etiam
1592 5389 1756 5446 ﬁdem
1782 5396 1898 5444 stu-
2003 5405 2107 5455 tas,
2136 5387 2232 5444 sed
2260 5389 2404 5466 sicut
2433 5386 2701 5467 scriptum
2724 5395 2830 5452 est,
2856 5387 3103 5460 charitas
3132 5400 3258 5441 cum
3288 5384 3394 5438 ﬁde
3418 5397 3451 5435 a
3477 5382 3590 5436 Deo

313 5462 451 5545 deas
482 5466 769 5554 derogare.
805 5481 1024 5536 Rursus
1059 5477 1115 5532 in
1147 5477 1327 5555 capite
1358 5480 1602 5551 ejusdem
1637 5480 1772 5537 libri
1804 5495 1894 5547 xv,
2006 5480 2167 5536 Patre
2202 5486 2259 5534 et
2285 5462 2523 5533 Domino
2553 5477 2687 5532 Jesu
2718 5475 2963 5533 Christo.
2995 5477 3303 5532 Evacuans
3350 5484 3589 5547 namque

317 5570 489 5653 agens
535 5564 728 5628 contra
771 5585 869 5635 eos
910 5568 1007 5642 qui
1051 5568 1166 5625 non
1206 5571 1480 5641 generale,
1513 5572 1610 5628 sed
1657 5570 1900 5644 speciale
2005 5573 2213 5628 donum
2240 5569 2340 5625 Dei
2372 5569 2628 5633 Faustus,
2655 5582 2934 5647 omneque
2965 5554 3126 5645 545
3159 5562 3348 5633 gratia:
3373 5557 3590 5629 adjuto-

393 5752 442 5787 ³⁸
460 5750 670 5822 Ephes.
692 5767 750 5818 ιι,
775 5749 827 5805 8.
861 5744 903 5779 "
917 5742 1077 5802 Βοῦν
1097 5743 1278 5814 “.55,
1293 5743 1381 5803 36.
1413 5746 1459 5783 “
1476 5747 1526 5806 ll
1548 5746 1747 5807 Thess.
1772 5763 1851 5815 ιιι,
1872 5745 1890 5801 1

1977 5745 2050 5822 ἰι
2077 5747 2241 5803 ηοω,
2266 5760 2361 5812 χιι,
2386 5742 2442 5797 3,
2520 5741 2563 5773 ⁸³
2584 5736 2791 5810 Ephes.
2814 5730 2888 5803 x11,
2907 5736 2999 5793 25.
3078 5716 3079 5719 Ἴ
3146 5734 3153 5745 ’
