3952 6136
307 4991 325 5035 t

313 269 425 338 ‘lll
1584 259 1905 320 JOANNIS
1931 253 2323 320 MAXENTII
3503 243 3609 310 112

306 386 490 451 “rium,
526 396 655 438 mox
693 379 754 437 ln
797 376 1121 450 praefatione
1162 389 1264 430 sua
1308 369 1910 436 misericordiamDei,
1942 375 1988 434 Δ
2016 376 2258 440 sumpta,
2284 381 2384 438 pro
2431 364 2674 420 humano
2719 376 2922 434 genere
2965 359 3147 416 mori?
3191 356 3301 416 Sed
3353 357 3607 429 nunquid
3661 363 3680 383 '

311 485 428 549 qua
469 474 643 546 gratis
675 471 1065 546 justifieamur,
1117 465 1340 524 nonnisi
1400 463 1508 520 fide
1546 471 1604 519 et
1640 461 1906 533 operibus
2005 461 2310 534 Apostolus
2340 457 2540 524 tacuit,
2586 456 2736 512 unde
2764 452 2957 510 Enoch
2992 462 3048 510 et
3074 450 3191 508 Noe
3231 451 3350 506 Deo
3389 450 3608 521 placere

319 542 747 646 promerendam
774 566 976 622 docere
998 561 1220 628 nititur,
1245 558 1483 615 dicens:
1513 554 1908 612 Asserenti-bus
2008 560 2338 626 potuerunt.
2382 550 2618 607 dicens:
2666 547 2794 604 Fide
2834 547 3019 602 Enoch
3063 542 3359 600 translatus
3407 551 3504 605 est,
3543 556 3610 595 ne

321 631 508 729 uobis,
535 659 685 734 quod
714 658 818 727 Dei
833 654 1240 720 misericordia,
1272 651 1382 710 fide
1399 659 1456 707 et
1480 649 1745 721 operibus
1776 663 1908 719 pro-
2009 648 2206 703 videret
2243 653 2486 710 mortem,
2522 650 2573 699 et
2610 658 2715 698 non
2751 639 3137 703 inveniebatur,
3163 638 3290 708 quia
3332 631 3609 700 transtuli;

325 753 592 811 tuerenda
625 763 732 818 cst,
761 750 1091 808 catholicam
1120 761 1313 802 vocem
1346 745 1416 801 ad
1444 743 1651 814 Pelagii
1684 755 1909 797 sensum
2013 739 2167 793 illum
2211 735 2397 792 Deus?
2423 736 2563 791 Ante
2606 730 3019 788 translationem
3063 731 3204 784 enim
3254 726 3612 782 testimonium

327 843 687 901 discretionis
719 840 944 896 nescius
975 837 1212 910 quilibet
1241 833 1539 907 adjudicet.
1569 832 1725 889 Unde
1763 839 1820 886 et
1854 830 1911 884 in
2012 832 2234 886 habebat
2258 821 2778 902 placuisseDeo“;et
2796 823 3012 893 reliqua
3040 839 3055 876 :
3081 820 3208 875 Fide
3229 819 3339 874 Noe
3361 833 3612 889 respousa

329 939 472 992 libro
532 934 829 990 undecimo
885 947 984 1002 per
1041 929 1346 984 naturalem
1405 927 1650 997 vigorem
1707 924 1914 993 absque
2015 931 2249 994 accepto,
2274 921 2338 974 de
2375 921 2456 975 his
2489 933 2609 990 quae
2642 915 2814 973 adhuc
2855 929 2962 968 non
3005 911 3341 977 uidebantur,
3376 916 3612 964 metuens

327 1028 517 1100 gratiae
545 1025 824 1100 adiutorio
855 1001 1061 1078 multos
1086 1036 1198 1076 non
1231 1019 1409 1075 solum
1451 1025 1578 1072 ante
1615 1015 1914 1070 adventum
2018 1016 2220 1087 aptavit
2253 1029 2435 1069 arcam
2464 1013 2521 1066 in
2543 1008 2776 1065 salutem
2797 1007 2983 1061 domus
3002 1019 3136 1068 sua,
3162 1019 3256 1075 per
3275 1019 3438 1074 quam
3461 1001 3616 1054 dam-

333 1097 575 1189 Domini,
606 1097 801 1177 verum
837 1119 1002 1174 étiam
1036 1125 1093 1172 et
1126 1124 1257 1171 ante
1290 1115 1469 1185 legem
1501 1112 1701 1167 littera:
1736 1109 1913 1166 salva-
2020 1110 2167 1170 navit
2189 1107 2464 1172 mundum,
2487 1112 2538 1158 et
2555 1103 2784 1175 justitiaz
2801 1115 2917 1172 quae
2936 1114 3031 1171 per
3044 1097 3203 1168 ﬁdem
3219 1104 3315 1162 est,
3348 1097 3510 1150 heres
3539 1104 3614 1148 est

322 1229 442 1282 ‘tos,
467 1186 631 1285 atque
667 1213 736 1269 ad
772 1213 996 1283 plenam
1033 1209 1220 1266 cordis
1252 1207 1550 1279 puritatem
1586 1202 1919 1274 perfectam-
2020 1205 2292 1261 institutus
2315 1202 2382 1256 “.
2406 1199 2596 1256 Fidem
2621 1194 2920 1268 Apostolus
2947 1207 3059 1247 non
3081 1189 3362 1246 utdelirat
3383 1186 3616 1243 Faustus

335 1325 444 1379 (ille
483 1307 754 1380 ,ἱιιεῑὶῑίειηι
797 1302 1143 1376 Pervenisse.
1175 1301 1318 1356 ﬁlios
1358 1299 1458 1355 D81
1495 1296 1614 1352 ﬁeri
1651 1293 1921 1350 meruisse
2023 1297 2341 1370 generalem
2385 1293 2482 1349 sed
2515 1290 2810 1364 specialem
2843 1288 3025 1351 docet,
3048 1285 3239 1340 dicens
3271 1301 3284 1337 :
3320 1282 3440 1338 Non
3468 1281 3618 1335 enim

321 1401 689 1473 impudenter
727 1406 784 1455 et
823 1395 1138 1468 procaciter
1176 1399 1482 1450 asseverat.

406 1492 659 1562 Denique
690 1491 747 1546 in
781 1501 928 1542 nono
961 1485 1142 1557 capite
1171 1481 1421 1554 ejusdem
1450 1479 1605 1546 libri,
1644 1478 1790 1534 inter
1817 1491 1928 1532 ca:-

324 1597 481 1657 1era,
512 1581 649 1638 dicit
681 1598 693 1634 :
724 1579 863 1635 Cum
902 1577 1159 1632 homines
1199 1575 1273 1630 ita
1304 1572 1511 1630 fuerint
1536 1571 1606 1628 ad
1630 1569 1926 1640 imaginem

337 1686 396 1734 et
435 1671 860 1731 similitudinem
898 1669 997 1733 Dei
1045 1665 1284 1740 praediti,
1312 1672 1376 1719 ut
1417 1663 1576 1719 multi
1616 1662 1784 1718 etiam
1828 1660 1930 1716 filii

338 1768 438 1825 Dei
468 1765 782 1823 meruerint
809 1761 1140 1833 nuncupari,
1173 1759 1262 1815 vel
1299 1756 1491 1828 paucis
1517 1754 1700 1811 adhuc
1739 1767 1934 1832 exem-I

311 1860 450 1934 'plis
471 1858 858 1932 praestringere
880 1869 984 1910 nos
1014 1859 1254 1924 oportet,
1277 1849 1470 1921 quanti
1490 1857 1618 1905 ante
1635 1848 1815 1919 legem
1833 1846 1943 1914 lit-3

341 1963 496 2016 terae,
530 1947 821 2004 erudiente
867 1944 987 2015 lege
1034 1952 1248 1998 naturae
1293 1955 1416 2011 quae
1444 1938 1620 2011 prima
1661 1941 1744 2007 (ut
1784 1934 1942 2028 dixi:

333 2041 488 2114 mus)
521 2039 695 2113 gratia
725 2037 824 2093 Dei
856 2046 943 2092 est
971 2043 1033 2092 ut
1061 2033 1334 2090 vestibula
1378 2031 1576 2087 salutis
1616 2027 1927 2084 intraverit.

337 2132 414 2188 Et
446 2132 646 2186 iterum
695 2132 821 2198 post
862 2137 1037 2196 pauca
1066 2139 1079 2176 :
1108 2120 1265 2178 Unde
1297 2119 1512 2185 Enorh,
1563 2117 1767 2188 inquit,
1802 2131 1932 2171 cum

344 2225 458 2278 Deo
489 2219 797 2283 ambulare,
830 2216 918 2271 vel
949 2217 1062 2270 Deo
1092 2215 1311 2284 placere
1343 2211 1633 2282 potuisset,
1665 2209 1771 2265 nisi
1803 2224 1933 2265 eum

345 2316 436 2371 lex
469 2310 781 2370 visceribus
811 2308 994 2363 infusa
1026 2314 1240 2381 secreto
1273 2302 1589 2375 magisterio
1621 2301 1932 2356 illuminas-

348 2415 453 2471 set,
487 2406 544 2460 in
578 2412 789 2458 tantum
820 2411 884 2456 ut
913 2399 1052 2454 nihil
1085 2407 1374 2452 terrenum
1417 2395 1659 2466 sapiens,
1699 2393 1934 2449 mirabi-

349 2499 478 2552 liter
511 2511 544 2552 a
575 2505 745 2559 terra,
792 2493 905 2548 Deo
943 2497 1279 2554 assumente,
1315 2487 1642 2558 raperetur?
1675 2484 1781 2553 Qui
1807 2499 1944 2562 cum.

351 2590 480 2644 fidei
515 2587 715 2642 merito
764 2585 819 2639 in
859 2582 1038 2655 prima
1085 2579 1271 2636 saeculi
1317 2579 1468 2634 illius
1509 2585 1670 2634 aetate
1707 2585 1936 2632 caeteros

2024 1388 2273 1445 omnium
2296 1394 2382 1443 est
2409 1384 2753 1454 fides;neque
2775 1380 3104 1437 naturaliter
3126 1375 3388 1432 omnibus
3413 1375 3614 1438 inesse,

2027 1480 2124 1538 sed
2145 1495 2177 1537 a
2201 1480 2315 1536 Deo
2337 1476 2559 1544 donari,
2580 1475 2676 1547 qui
2695 1482 2959 1546 operatur
2979 1469 3164 1528 omnia
3191 1469 3248 1523 in
3271 1467 3529 1522 omnibus
3543 1464 3616 1520 .“.

2029 1574 2187 1631 Sicut
2221 1581 2280 1629 et
2308 1570 2442 1627 alibi
2481 1568 2630 1625 idem
2658 1566 2960 1639 Apostolus
2983 1564 3139 1628 dicit,
3171 1561 3307 1617 illud
3342 1557 3491 1631 quod
3524 1573 3616 1613 su~

2030 1667 2222 1739 perius
2251 1661 2604 1721 beatissimus
2645 1659 2832 1732 posuit
2866 1656 3208 1728 Augustinus
3236 1671 3250 1708 :
3282 1653 3399 1708 Pas:
3434 1651 3621 1723 fratri-

2035 1760 2130 1815 bus
2164 1768 2215 1812 et
2244 1757 2478 1811 charitas
2502 1770 2621 1808 cum
2649 1752 2754 1822 ﬁde
2777 1769 2810 1806 a
2831 1750 2941 1806 Deo
2964 1749 3148 1814 Patre,
3176 1753 3224 1799 et
3247 1743 3471 1799 Domino
3495 1741 3624 1795 Iesu

2037 1851 2246 1908 Christo
2272 1850 2340 1905 ".
2367 1849 2490 1905 Non
2512 1860 2644 1917 ergo
2673 1859 2771 1916 per
2789 1843 2966 1913 legem
2990 1848 3225 1902 naturae,
3251 1835 3345 1891 sed
3378 1849 3476 1905 per
3502 1847 3625 1903 gra-

2039 1942 2168 1997 tiam
2197 1954 2391 1995 omnes
2434 1935 2610 1992 sancti
2639 1942 2768 1990 ante
2797 1932 3096 1987 adventum
3124 1927 3340 1984 Domini
3364 1927 3475 1980 Deo
3505 1925 3624 1994 pla-

2039 2041 2294 2091 cuerunt.
2329 2028 2649 2086 Secundum
2683 2026 2740 2081 id
2780 2024 2930 2097 quod
2961 2031 3018 2079 et
3049 2019 3403 2077 beatissimus
3431 2018 3627 2073 Petrus

2041 2129 2098 2184 in
2154 2125 2386 2182 Actibus
2427 2131 2662 2180 testatur
2701 2118 3116 2190 Apostolorum,
3157 2114 3350 2169 dicens
3391 2128 3405 2166 :
3449 2108 3627 2166 Nolite

2031 2221 2228 2291 jugum
2261 2219 2531 2287 imponere
2571 2229 2730 2284 super
2767 2211 2988 2265 ceruices
3039 2203 3440 2276 discipulorum,
3489 2199 3630 2272 quod

2042 2327 2208 2382 neque
2237 2325 2352 2374 nos,
2379 2322 2546 2378 neque
2573 2312 2750 2377 patres
2781 2302 2947 2357 nostri
2972 2307 3188 2372 portare
3213 2298 3502 2370 potuimus,
3538 2293 3632 2348 sed

2042 2419 2137 2476 per
2165 2401 2399 2474 gratiam
2427 2397 2624 2454 Christi
2659 2410 2936 2467 speramus
2964 2391 3101 2448 salvi
3129 2389 3248 2460 ﬁeri
3285 2386 3632 2460 quemadmo-

2043 2497 2169 2551 dum
2199 2503 2249 2549 et
2277 2491 2360 2548 illi
2384 2492 2450 2547 ".
2483 2491 2587 2546 Eat
2614 2503 2763 2543 nunc
2791 2487 3105 2550 Possessor,
3129 2491 3186 2538 et
3210 2481 3393 2536 adhuc
3421 2481 3476 2534 in
3509 2495 3633 2551 per-

2042 2587 2188 2644 nicie
2217 2583 2464 2657 propria,
2505 2590 2564 2637 et
2613 2595 2806 2637 eorum
2849 2579 2944 2649 qui
2978 2577 3096 2633 sibi
3123 2575 3497 2637 consentiunt,
3532 2572 3632 2626 de-

346 2681 654 2746 antecelmr
690 2677 854 2733 ﬁdem
883 2676 1060 2746 ipsam
1089 2689 1215 2729 cum
1241 2673 1360 2744 ῙθΒθ
1386 2679 1596 2726 natura?
1625 2668 1732 2724 Sibi
1763 2668 1954 2734 ιΐειάίη
2043 2675 2233 2731 fendat
2279 2671 2466 2729 Fausti
2509 2670 2682 2726 libros
2735 2669 3058 2734 catholicos,
3104 2681 3247 2737 quos
3288 2681 3402 2720 non
3453 2663 3633 2718 solum

353 2787 463 2828 tam
508 2771 678 2827 fuisse
722 2767 1034 2841 perdocuit.
1087 2766 1158 2821 Et
1202 2765 1404 2821 iterum
1442 2773 1567 2834 post
1611 2760 1890 2832 aliquanta
1919 2777 1948 2813 :-

347 2865 581 2934 Qualem
613 2870 1011 2933 quantamque,
1052 2856 1253 2928 inquit,
1302 2855 1481 2926 legem
1517 2853 1697 2924 prima
1733 2850 1952 2934 condi--

352 2923 506 3009 tione
539 2923 866 3022 susceperit,
893 2923 1146 3017 perfecta
1167 2943 1337 2999 etiam
1363 2923 1481 2998 Noe
1511 2923 1940 3014 justitia’decla-

354 3044 519 3108 ravit,
567 3042 662 3114 qui
707 3039 986 3112 generalia
1022 3037 1152 3094 fidei
1198 3035 1345 3092 dona
1389 3033 1616 3106 speciali
1666 3034 1724 3088 in
1755 3031 1940 3089 studio

351 3139 626 3192 virtutum
662 3142 903 3190 sectator
927 3129 1191 3186 excoluit.
1222 3128 1282 3184 Si
1309 3127 1614 3184 secundum
1642 3127 1809 3199 hujus
1834 3126 1940 3183 im-

356 3228 512 3298 pium
545 3239 790 3290 sensum,
819 3231 876 3280 et
905 3221 1092 3278 Enoch
1135 3220 1287 3277 omni
1315 3219 1448 3276 faece
1480 3229 1701 3276 terrena
1733 3217 1791 3273 in
1819 3225 1942 3273 tan-

358 3331 474 3375 tum
508 3316 734 3390 purgari
765 3314 948 3388 potuit
989 3329 1090 3385 per
1130 3321 1343 3368 natura:
1389 3311 1658 3384 vigorem,
1710 3319 1772 3366 ut
1803 3307 1944 3365 nihil

335 3425 642 3468 *terrenum
689 3415 931 3482 saperet,
967 3417 1025 3465 et
1066 3407 1183 3464 Noe
1225 3406 1294 3462 ad
1335 3405 1634 3478 perfectam
1672 3404 1946 3476 justitiam

335 3501 697 3577 iperveniret,
717 3516 840 3573 ergo
854 3499 1090 3558 Christus
1105 3499 1273 3572 gratis
1303 3506 1542 3552 mortuus
1559 3505 1635 3552 est
1649 3495 1718 3552 “.
1739 3496 1799 3554 Si
1814 3510 1944 3552 eum

335 3613 462 3669 -—per
489 3606 703 3652 naturae
727 3596 974 3668 vigorem
1002 3592 1187 3650 carnis
1214 3592 1485 3664 sapientia
1514 3592 1659 3664 (quae
1691 3591 1805 3647 Deo
1837 3590 1947 3645 ini-

361 3687 504 3743 mica
557 3689 662 3757 est)
693 3686 912 3758 plenius
959 3698 1264 3756 expurgare
1316 3683 1533 3754 potuit,
1594 3692 1652 3738 et
1703 3682 1949 3753 perfecta

337 3777 578 3849 {iustitia
607 3779 933 3851 adimplere,
957 3777 1091 3848 quid
1113 3791 1340 3834 necesse
1363 3783 1485 3833 erat
1502 3775 1636 3842 Deo,
1665 3790 1831 3832 carne
1859 3789 1948 3832 as-

428 3955 492 3990 "“
522 3954 700 4012 Galat.
729 3965 791 4019 n,
828 3950 892 4005 2|
906 3989 921 4004 .

346 4025 569 4082 *“Act.
607 4040 698 4089 sv.
741 4021 828 4088 to,
874 4020 964 4077 ﬂ.

1033 3948 1081 3982 “
1117 3947 1284 4006 Hebr.
1317 3961 1394 4019 si,
1428 3947 1484 4004 5.
1589 3942 1641 3978 “
1673 3941 1810 4002 ibid.
1844 3938 1898 3998 ‘l.

2045 2764 2616 2838 scriptissanctissimi
2635 2762 2740 2817 viri
2756 2761 3072 2831 Augustini,
3089 2773 3280 2814 verum
3299 2758 3465 2812 etiam
3483 2770 3634 2810 sum-

2045 2875 2263 2915 morum
2297 2866 2354 2913 et
2397 2857 2806 2927 praecipuorum
2844 2852 3051 2908 Christi
3094 2849 3472 2921 apostolorum
3503 2862 3634 2903 sen-

2032 2952 2238 3032 ttentiis
2269 2949 2578 3006 contrarios
2607 2947 2829 3019 penitus
2862 2945 3068 3000 veritas
3102 2943 3296 3014 docet,
3342 2942 3486 2998 sicut
3527 2939 3636 2995 hoc

2046 3027 2172 3102 loco
2206 3042 2498 3100 manifesta
2527 3040 2742 3095 ratione
2771 3036 3146 3109 probavimus.
3177 3035 3315 3091 Nam
3359 3027 3486 3090 ideo
3515 3047 3639 3089 cer-

2045 3149 2130 3196 tas
2157 3136 2460 3194 sententias
2505 3143 2612 3189 tam
2655 3148 2723 3188 ex
2771 3131 3093 3203 praefatione
3126 3143 3383 3186 errorum
3423 3124 3635 3191 Fausti,

2045 3243 2212 3300 quam
2251 3227 2422 3282 etiam
2463 3240 2532 3280 ex
2575 3222 2803 3294 capituli
2852 3220 3022 3293 primi
3060 3229 3118 3276 et
3161 3219 3382 3290 septimi
3431 3216 3639 3289 prioris

2044 3321 2177 3378 libri
2210 3319 2484 3384 inserere,
2515 3316 2624 3371 hoc
2655 3316 2779 3371 loco
2819 3314 3194 3370 necessarium
3234 3308 3580 3367 consideravi
3619 3324 3636 3363 :

2046 3413 2177 3484 quia
2223 3426 2282 3468 se
2327 3408 2479 3466 idem
2519 3408 2812 3464 Possessor
2843 3407 2917 3462 ita
2947 3407 3088 3463 solet
3118 3404 3316 3460 callide
3347 3415 3638 3468 excusare,

2051 3504 2200 3576 quod
2225 3519 2334 3560 non
2365 3502 2606 3575 amplius
2637 3501 2747 3558 nisi
2777 3509 2903 3557 octo
2928 3499 3166 3570 capitula
3196 3497 3328 3553 libri
3368 3494 3531 3567 primi
3556 3493 3644 3549 le-

2053 3598 2214 3670 gerit,
2247 3607 2309 3652 ut
2351 3597 2433 3654 sic
2473 3595 2669 3652 saltem
2711 3592 2974 3650 confusus
3000 3588 3298 3662 aliquando
3327 3587 3642 3659 resipiscat,

2055 3704 2120 3745 ea
2148 3705 2271 3761 quae
2296 3687 2526 3760 proprio
2559 3701 2657 3743 ore
2687 3685 2889 3758 legisse
2910 3699 2970 3741 se
2990 3683 3210 3749 asserit,
3240 3680 3514 3737 catholica
3540 3694 3636 3735 ne.

2054 3776 2204 3834 fario
2240 3791 2410 3833 ausus
2447 3773 2830 3847 pronuntiare.

1991 3938 2040 3974 “
2066 3937 2113 3995 ll
2140 3938 2343 4003 Thess.
2369 3956 2451 4008 Ill,
2476 3938 2540 4009 2;
2573 3939 2621 3998 ll
2651 3939 2779 3999 Cor.
2823 3954 2923 4008 xu,
2966 3938 3052 4006 6.,
3095 3939 3148 3973 "
3173 3937 3380 4012 Ephes.
3409 3952 3488 4009 vr,
3525 3938 3624 3998 23.

377 4189 3620 4254 Wwa-

1657 4381 2376 4523 EJUSDEM

1034 4632 1518 4731 CONTRA
1583 4629 2280 4730 ACEPHALOS
2365 4627 2988 4724 LIBELLUS.

449 4969 749 5032 Catholica
804 4967 931 5025 ﬁdei
978 4965 1333 5041 professione
1379 4966 1624 5027 breviter
1669 4964 1923 5038 exposita
1945 5003 1965 5033 ,
1989 4965 2046 5029 ι)
2069 4973 2195 5036 post
2229 4959 2626 5018 adunationern
2667 4959 2727 5015 in
2758 4954 2982 5015 Christo
3012 4961 3213 5010 natura
3253 4959 3362 5022 est,
3391 4963 3526 5023 ergo
3552 4962 3657 5005 nec

377 5065 662 5140 pergimus
703 5077 854 5117 nunc
883 5061 1109 5119 illorum
1143 5061 1481 5134 respondere
1523 5058 1966 5140 definitionibus,

383 5127 665 5230 quivlapsu
690 5150 992 5208 miserabili
1020 5127 1370 5218 corruentes,
1399 5149 1559 5206 novis
1582 5157 1642 5205 et
1675 5127 1968 5230 exquisitis

375 5228 960 5321 argumentationibus
995 5241 1270 5298 nefarium
1299 5241 1497 5314 dogma
1527 5239 1735 5298 Christi
1773 5228 1969 5295 Eccle-

383 5342 482 5400 siis
516 5337 822 5394 moliuntur
861 5334 1087 5402 inferre,
1118 5345 1176 5392 et
1189 5335 1372 5391 ‘Deum
1404 5343 1462 5392 et
1491 5334 1797 5400 hominem,
1829 5331 1971 5388 Ver-

381 5436 520 5492 ‘bum
565 5440 623 5486 et
651 5440 876 5486 carnem
910 5425 1268 5492 conﬁtentes,
1316 5442 1482 5482 unam
1516 5435 1644 5498 post
1682 5423 1973 5481 adunatio-

387 5540 518 5582 nem
543 5523 600 5578 in
621 5521 846 5579 Christo
872 5525 1149 5583 naturam,
1182 5517 1348 5573 stulte
1390 5518 1558 5574 nimis
1586 5517 1974 5590 impudenter-

389 5633 498 5690 que
520 5624 792 5674 conantur
820 5623 1088 5679 astruere,
1117 5611 1272 5683 quia,
1290 5611 1568 5683 inquiunt,
1595 5628 1705 5669 non
1730 5628 1852 5669 esse
1880 5627 1978 5667 na-

394 5719 574 5767 turam
617 5713 737 5767 sine
777 5720 1039 5781 persona,
1089 5704 1295 5775 quibus
1335 5705 1707 5776 respondetur
1765 5705 1824 5760 Si
1867 5719 1976 5759 una

2070 5054 2336 5115 adunatio
2355 5052 2538 5109 carnis
2557 5051 2701 5109 facta
2723 5057 2810 5107 est
2839 5066 2854 5104 :
2877 5045 3026 5119 quod
3048 5046 3096 5103 si
3117 5043 3453 5103 coadunatio
3475 5041 3661 5100 carnis

2073 5146 2218 5202 facta
2250 5161 2364 5201 non
2391 5152 2500 5210 est,
2540 5157 2643 5198 cur
2684 5139 3042 5197 adunationis
3087 5136 3149 5192 fit
3179 5133 3500 5192 mentiolsi
3527 5148 3664 5189 vero

2075 5237 2340 5295 adunatio
2367 5234 2552 5292 carnis
2579 5233 2725 5290 facta
2756 5240 2864 5299 est,
2894 5231 3008 5304 jam
3035 5244 3151 5286 non
3195 5234 3411 5284 tantum
3447 5224 3662 5290 divina,

2075 5330 2174 5386 sed
2201 5338 2259 5387 et
2297 5326 2485 5384 carnis
2514 5333 2714 5382 natura
2747 5324 2806 5380 in
2830 5323 3052 5380 Christo
3077 5329 3184 5388 est,
3219 5317 3344 5374 dua:
3370 5317 3538 5389 igitur
3563 5331 3666 5370 na-

2076 5435 2217 5481 tura:
2265 5422 2388 5480 sine
2435 5419 2546 5475 ulla
2596 5417 2945 5475 dubitatione
2989 5422 3115 5486 post
3163 5409 3556 5466 adunationem
3607 5406 3664 5462 in

2076 5516 2298 5574 Christo
2325 5522 2474 5571 sunt.
2523 5512 2582 5569 Si
2627 5521 2814 5569 autem
2855 5505 3192 5564 adunatione
3234 5502 3403 5570 facta,
3450 5515 3581 5566 una,
3611 5509 3684 5556 et'

2080 5610 2196 5666 sola
2231 5614 2418 5664 manet
2452 5606 2508 5661 in
2533 5604 2755 5662 Christo
2794 5600 3076 5665 divinitas,
3103 5612 3238 5670 ergo
3271 5605 3384 5652 nun
3413 5589 3674 5664 simplex,

2081 5701 2178 5756 sed
2218 5698 2522 5770 composita
2567 5695 2957 5769 passibilisque
2987 5701 3071 5750 est
3102 5689 3296 5750 eadem
3314 5683 3489 5762 Verbi
3525 5681 3672 5739 divi-
