3952 6136
302 328 418 397 113

1331 333 1634 398 CONTRA
1671 334 2108 398 ACEPHALOS
2140 336 2530 402 LIBELLUS.

3469 337 3526 403 ιί
3539 335 3595 400 ἱῖ

301 446 470 504 nitas.
498 441 638 512 Quia
665 440 942 516 quidquid"
963 457 1033 502 ex
1059 441 1398 502 ad’unatione
1426 446 1729 504 subsistere
1761 461 1882 504 cre-
1911 452 1957 509 Α
1985 461 2116 505 vare
2149 461 2452 520 personas;
2481 450 2611 522 quia
2645 449 2889 508 Verbum
2912 457 2969 508 et
2998 466 3220 508 carnem
3251 450 3416 508 etiam
3446 461 3594 524 post-

300 536 477 604 ditur,
495 535 817 593 nullatenus
836 534 1144 594 secundum
1167 536 1484 604 veritatem,
1507 539 1734 611 proprie
1756 539 1889 596 sim-

301 631 431 704 plex
457 640 563 700 est,
588 630 687 689 sed
724 631 950 689 omnino
979 633 1346 705 compositum
1378 633 1731 708 intelligitur.
1772 632 1890 691 Hoc

302 732 490 782 autem
532 723 606 781 de
636 723 756 781 sola
800 721 1090 780 divinitate
1127 723 1337 782 Christi
1384 728 1592 784 sentire
1623 726 1891 800 probatur

303 828 431 871 esse
471 812 850 885 sacrilegium.
898 811 1092 869 Restat
1136 827 1269 886 ergo
1331 821 1394 870 nt
1436 814 1723 881 adunatio,
1768 829 1892 886 quae

264 911 271 917 ‘
305 906 767 978 compositionem
789 903 944 970 facit,
968 903 1205 976 refugiat
1241 905 1672 978 simplicitatem,
1700 921 1892 963 susce-

304 997 663 1068 ptionemque
691 995 883 1068 procul
905 995 1079 1052 dubio
1097 1011 1129 1052 a
1151 997 1294 1054 Filio
1322 997 1422 1054 Dei
1451 997 1706 1054 humana:
1731 1005 1894 1054 natu-

305 1103 382 1143 re
405 1086 698 1159 signiﬁcet.
723 1087 794 1144 Et
823 1087 949 1144 ideo
971 1096 1189 1152 constat
1216 1087 1376 1154 duas,
1403 1087 1460 1144 id
1497 1097 1604 1153 εει,
1634 1088 1896 1144 divinita-

307 1177 380 1236 tis
405 1188 466 1236 et
497 1177 884 1246 humanitatis,
916 1178 975 1235 in
1004 1178 1148 1236 Filio
1187 1179 1288 1237 Dei
1335 1185 1462 1251 post
1503 1179 1894 1235 adunationem

305 1285 430 1328 esse
461 1281 710 1338 naturas,
738 1285 807 1328 ex
833 1271 1042 1345 quibus
1084 1277 1142 1328 et
1170 1271 1229 1328 in
1268 1271 1472 1344 quibus
1503 1271 1758 1330 subsistit
1787 1287 1897 1330 una

306 1370 366 1421 et
406 1361 706 1434 singularis
736 1361 942 1420 Christi
976 1379 1238 1436 persona.

379 1453 614 1522 Rursus,
648 1454 695 1511 si
730 1463 857 1527 post
881 1455 1274 1513 adunationem
1303 1471 1410 1514 una
1440 1465 1639 1515 natura
1669 1456 1727 1514 in
1755 1455 1898 1516 Filio

310 1543 408 1601 Dei
431 1545 745 1616 proﬁtenda
765 1555 872 1614 est,
892 1555 989 1604 aut
1009 1547 1329 1606 humanitas
1343 1549 1458 1606 sola
1473 1549 1534 1606 in
1549 1547 1774 1606 Christo
1785 1555 1896 1616 est,

312 1643 409 1691 aut
427 1645 582 1692 certe
603 1637 721 1693 sola
751 1637 1033 1696 divinitas.
1057 1640 1192 1696 item
1212 1639 1260 1698 si
1278 1655 1390 1697 non
1418 1649 1506 1698 est
1536 1648 1755 1705 natura,
1778 1638 1899 1696 sine

313 1741 576 1798 persona,
603 1729 780 1786 multo
801 1731 976 1803 magis
1003 1746 1240 1803 persona
1266 1747 1378 1789 non
1406 1739 1588 1804 potest
1613 1747 1736 1790 esse
1777 1733 1900 1790 sine

313 1826 539 1874 natura.
557 1818 616 1876 Si
642 1835 776 1894 ergo
796 1832 1012 1880 nonest
1034 1831 1235 1880 natura
1263 1824 1385 1880 sine
1417 1839 1676 1895 persona,
1699 1834 1756 1881 et
1772 1840 1902 1896 per-

313 1923 449 1966 sona
485 1926 601 1968 non
641 1921 726 1970 est
772 1915 892 1972 sine
936 1925 1158 1983 natura,
1192 1925 1306 1974 tres
1333 1931 1468 1989 ergo
1513 1925 1646 1974 sunt
1690 1926 1902 1974 naturae

315 1996 644 2068 divinitatis,
665 2017 777 2059 non
793 2019 924 2062 una.
947 2003 1088 2074 Quia
1117 2014 1233 2064 tres
1262 2015 1394 2064 sunt
1420 2006 1540 2064 sine
1570 2007 1740 2064 dubio
1765 2009 1901 2065 sub-

313 2091 585 2149 sistentiae
627 2093 746 2152 sive
781 2112 1070 2168 persona,
1106 2099 1288 2156 Patris
1327 2109 1385 2156 et
1412 2099 1538 2156 Filii
1578 2109 1634 2156 et
1662 2099 1904 2172 Spiritus

313 2184 519 2240 sancti.
550 2183 657 2242 Sed
688 2186 795 2243 hoc
829 2189 924 2261 qui
951 2188 1147 2247 dicunt
1176 2191 1401 2248 Arianis
1437 2192 1666 2248 omnino
1692 2192 1904 2249 socian-

315 2282 426 2340 tur,
457 2283 521 2332 et
550 2277 670 2347 pari
701 2280 916 2336 cautela
945 2282 1173 2338 cavendi
1214 2293 1365 2349 sunt,
1389 2283 1520 2354 quia
1560 2283 1815 2339 similiter
1839 2292 1904 2340 ut

316 2365 395 2421 illi
420 2367 815 2439 blasphemare
849 2381 1178 2430 noscuntur.
1212 2373 1532 2442 Quaeramus
1561 2385 1745 2431 tamen
1769 2376 1904 2447 quid

314 2458 421 2513 sibi
448 2461 574 2515 vult
606 2461 846 2534 adiectio
876 2463 968 2519 illa
1010 2464 1345 2536 signiﬁcare,
1381 2481 1507 2522 cum
1536 2467 1748 2533 dicunt,
1781 2478 1906 2538 post

317 2547 736 2608 adunationem.
764 2553 963 2610 Utrum
1009 2555 1141 2626 quia
1171 2563 1301 2612 ante
1346 2555 1739 2615 adunationem
1781 2559 1906 2616 duae

269 2667 273 2670 λ
321 2641 376 2696 in
396 2641 626 2700 Christo
652 2653 865 2702 naturae
888 2644 1138 2714 fuerunt,
1164 2655 1222 2703 et
1248 2647 1376 2704 ideo
1396 2648 1590 2706 dicunt
1618 2661 1743 2722 post
1765 2651 1905 2708 adu-

323 2734 627 2801 nationem,
659 2752 729 2792 an
759 2745 816 2792 et
859 2745 988 2794 ante
1017 2739 1408 2796 adunationem
1439 2757 1604 2797 unam
1637 2743 1906 2813 proﬁten-

325 2832 413 2878 tur
445 2825 624 2882 fuisse
654 2827 708 2882 in
739 2826 964 2884 Christo
995 2832 1289 2886 naturam?
1313 2831 1471 2900 Quod
1514 2834 1560 2889 si
1603 2842 1730 2891 ante
1765 2837 1906 2890 adu-

325 2914 608 2970 nationem
638 2932 805 2973 unam
853 2916 1024 2975 fuisse
1064 2920 1279 2987 dicunt,
1311 2922 1654 2994 superﬂuum
1684 2927 1910 2983 omnino

327 3013 426 3072 est,
480 3015 608 3077 post
638 3007 1028 3065 adunationem
1072 3011 1280 3078 dicere,
1311 3014 1439 3084 quia
1484 3030 1702 3087 semper
1743 3033 1910 3074 unam

327 3095 832 3190 secundumﬂipsos
869 3109 1086 3156 constat
1118 3102 1288 3159 fuisse
1329 3113 1386 3159 et
1417 3120 1537 3161 esse
1587 3107 1641 3160 in
1688 3106 1911 3165 Christo
1937 3131 1982 3190 ε

329 3195 605 3242 naturam.
634 3189 840 3244 Verum
871 3190 916 3246 si
947 3191 1023 3247 ita
1052 3202 1157 3261 εει,
1188 3195 1416 3252 omnino
1443 3196 1714 3254 fallaciter
1735 3199 1804 3256 ab
1826 3202 1930 3257 eis

329 3278 494 3332 etiam
540 3279 750 3334 mentio
778 3281 1132 3342 adunationis
1161 3285 1414 3342 aﬁ‘ertur.
1444 3286 1604 3355 Quia,
1637 3290 1682 3346 si
1713 3307 1821 3346 una
1853 3302 1910 3349 et

331 3377 455 3426 ante
481 3378 540 3426 et
572 3382 699 3442 post
723 3375 927 3430 mansit
955 3376 1012 3431 in
1038 3377 1260 3435 Christo
1301 3390 1520 3448 natura,
1551 3383 1703 3438 nulla
1726 3385 1908 3440 omni—

332 3460 496 3515 modo
529 3460 670 3518 facta
704 3472 788 3520 est
821 3465 1106 3534 adunatio,
1131 3470 1260 3541 quia
1286 3471 1682 3530 adunationem
1713 3490 1780 3531 ex
1822 3477 1912 3532 di-

332 3565 616 3608 versarnm
648 3569 837 3611 rerum
872 3561 1088 3616 naturis
1115 3559 1254 3627 ﬁeri,
1284 3577 1448 3618 nemo
1476 3573 1562 3619 est
1586 3565 1682 3635 qui
1714 3567 1908 3623 nescit.

335 3638 388 3696 Si
426 3651 611 3698 autem
645 3645 784 3702 duas
817 3658 944 3704 ante
969 3649 1363 3708 adunationem
1396 3651 1566 3709 fuisse
1599 3662 1822 3712 naturas
1854 3656 1912 3711 in

333 3728 552 3791 Christo
587 3735 850 3804 dixerint,
883 3738 1023 3797 duas
1063 3741 1230 3797 etiam
1251 3742 1370 3798 sine
1399 3742 1571 3799 dubio
1613 3752 1741 3800 ante
1773 3745 1913 3802 adu-

335 3823 613 3881 nationem
664 3827 850 3884 dicere
900 3831 1308 3888 convincuntur
1358 3832 1416 3888 in
1464 3831 1685 3890 Christo
1742 3835 1914 3894 fuisse

335 3926 617 3985 personas,
667 3919 819 3990 quia,
869 3922 1177 3978 secundum
1229 3924 1401 3994 ipsos,
1437 3941 1548 3982 non
1585 3935 1672 3983 est
1714 3936 1913 3985 natura

337 4008 452 4063 sine
486 4025 747 4082 persona.
797 4012 956 4081 Quod
1007 4031 1134 4071 cum
1167 4017 1381 4086 dicunt,
1416 4019 1542 4090 quis
1559 4034 1658 4076 eos
1701 4021 1916 4077 nesciat

335 4099 674 4159 Nestoriana:
705 4105 951 4176 perﬁdia
982 4107 1153 4179 (quod
1184 4107 1424 4181 fugiunt)
1449 4111 1662 4182 laqueis
1690 4127 1915 4184 compe-

335 4191 464 4260 diri,
501 4195 598 4266 qui
638 4196 920 4254 hominem
948 4198 1172 4269 plenum
1207 4199 1342 4264 Deo,
1370 4216 1483 4256 non
1514 4202 1688 4258 Deum
1731 4203 1909 4259 bomi-

336 4299 462 4341 nem
496 4286 704 4344 factum
746 4289 1052 4360 praedicare
1085 4291 1513 4348 convincuntur.
1544 4293 1682 4349 Item
1717 4294 1765 4350 si
1802 4309 1914 4349 non

337 4387 420 4432 est
449 4389 647 4435 natura
669 4381 788 4437 sine
823 4396 1084 4452 persona,
1119 4397 1428 4454 quaeramus
1457 4384 1526 4440 ab
1554 4384 1638 4441 eis
1673 4403 1686 4440 :
1717 4385 1914 4444 Utrum

1987 534 2381 596 adunationem
2424 538 2480 595 in
2505 538 2727 596 Christo
2757 555 2958 612 negare
2993 555 3105 596 non
3133 549 3390 612 possunt,
3427 557 3596 612 quo-e

1989 640 2112 680 rnm
2135 625 2383 685 diversas
2401 643 2524 685 esse
2552 638 2780 685 naturas
2802 629 2992 685 nullus
3013 629 3250 698 ignorat.
3274 626 3387 684 Sed
3407 628 3570 694 duas,
3597 674 3600 677 .

1989 714 2270 788 inquiunt,
2318 718 2445 775 ideo
2489 733 2602 775 non
2650 720 2854 778 debere
2903 721 3014 778 dici
3068 722 3125 777 in
3177 720 3398 778 Christo
3447 727 3580 789 post

1989 809 2382 867 adunationem
2428 811 2668 868 fatemur
2700 827 2824 870 esse
2865 823 3113 880 naturas,
3151 814 3281 884 quia
3321 812 3435 868 duo
3466 826 3578 867 nu-

1992 915 2181 957 merus
2206 917 2330 958 esse
2372 917 2485 958 non
2533 912 2714 975 potest
2757 903 3049 972 indivisus,
3103 921 3230 961 cum
3264 901 3572 960 secundum

1991 989 2308 1057 veritatem,
2337 993 2522 1050 omnis
2548 1009 2816 1050 numerus
2850 994 3111 1050 divisioni
3144 995 3414 1067 subiacet.
3446 993 3588 1049 Haec
3620 993 3625 998 ’
3679 1001 3689 1022 -'

1993 1090 2053 1138 et
2086 1083 2404 1158 huiusmodi
2433 1086 2576 1144 solet
2603 1102 2798 1144 eorum
2824 1088 3304 1160 impudentissima
3344 1085 3575 1144 catholi-

1995 1189 2117 1232 cam
2137 1176 2429 1234 veritatem
2451 1177 2821 1253 argumentari
2850 1181 3083 1238 vanitas.
3108 1180 3179 1237 Et
3196 1179 3433 1251 primum
3454 1178 3576 1248 qui-

1995 1266 2124 1324 dem
2153 1283 2266 1326 non
2304 1285 2407 1342 per
2447 1286 2508 1328 se
2538 1272 2742 1344 ipsum,
2773 1272 2873 1332 sed
2902 1271 2962 1329 in
3000 1287 3191 1329 rerum
3222 1271 3436 1328 naturis
3459 1285 3578 1326 om—

1995 1371 2127 1415 nem
2186 1359 2490 1419 subsistere
2533 1377 2826 1421 numerum
2891 1361 3304 1420 evidentissima
3363 1362 3579 1417 ratione

1999 1445 2284 1505 docemur.
2315 1448 2546 1517 Deinde,
2581 1450 2628 1508 si
2668 1452 2987 1508 nullatenns
3013 1467 3079 1508 ea
3119 1465 3242 1523 quae
3271 1449 3576 1507 secundum

1999 1539 2210 1610 aliquid
2245 1540 2638 1598 discernuntur
2689 1552 2748 1599 et
2787 1552 3193 1608 numerantur,
3244 1552 3476 1614 possunt
3520 1541 3577 1597 in

2000 1629 2214 1687 unitate
2237 1629 2562 1700 subsistere,
2593 1647 2802 1704 quaero,
2829 1642 2885 1690 et
2909 1632 3071 1689 Pater
3099 1640 3154 1689 et
3184 1632 3354 1688 Filius
3373 1640 3430 1688 et
3457 1631 3581 1702 Spi-

2002 1717 2145 1775 ritus
2175 1729 2418 1788 sanctus,
2443 1722 2540 1792 qui
2575 1737 2685 1779 non
2719 1722 2922 1793 reipsa,
2952 1722 3048 1780 sed
3102 1720 3433 1794 cognitione.
3461 1730 3582 1777 tan-

2004 1818 2119 1866 tum
2147 1811 2218 1867 ab
2242 1811 2478 1870 invicem
2505 1812 2916 1882 discernuntur,
2947 1814 3227 1886 quomodo
3256 1829 3368 1870 non
3398 1814 3454 1870 in
3498 1812 3556 1869 di

2001 1901 2236 1968 visione,
2271 1903 2368 1959 sed
2395 1904 2454 1958 in
2487 1913 2701 1961 naturae
2729 1905 2940 1960 unitate
2970 1904 3304 1960 subsistant?

2073 1992 2231 2060 Quod
2259 1995 2302 2050 si
2333 1993 2392 2049 bi
2420 2003 2535 2051 tres
2569 2011 2740 2051 unum
2775 2003 2924 2062 sunt,
2967 2005 3025 2051 et
3056 2009 3417 2066 personarum
3460 2009 3585 2050 sua-

2003 2103 2127 2142 rum
2176 2087 2539 2158 proprietates
2591 2076 2828 2158 integras
2875 2094 2932 2141 et
2977 2085 3249 2156 perfectas
3295 2085 3583 2142 inconfuse

2003 2177 2344 2247 custodiunt,
2372 2193 2475 2235 nec
2518 2179 2574 2234 in
2606 2178 2901 2245 divisione,
2935 2177 3030 2234 sed
3061 2179 3119 2232 in
3157 2178 3370 2234 unitate
3403 2175 3586 2233 subsi-

2003 2277 2178 2337 stunt,
2224 2278 2416 2337 restat,
2468 2279 2532 2327 ut
2570 2271 2683 2343 iam
2727 2285 2838 2327 non
2873 2269 3060 2326 omnia
3106 2284 3228 2340 quae
3277 2267 3581 2324 secundum

2005 2361 2377 2434 cognitionem
2415 2369 2770 2419 numerantes
2811 2361 3200 2426 discernimus,
3224 2359 3390 2416 etiam
3417 2359 3583 2415 rebus

2006 2453 2161 2526 ipsis,
2189 2452 2398 2509 nefarie
2441 2452 2773 2508 dividamus.
2817 2452 2956 2519 Quia
3005 2467 3108 2507 nec
3144 2466 3272 2506 cum
3314 2451 3500 2506 carnis
3528 2459 3593 2505 et.

2006 2545 2202 2600 anima:
2247 2544 2385 2600 duas
2433 2545 2852 2616 pronuntiamus
2913 2542 3274 2614 diversasque
3334 2553 3582 2603 naturas.

2007 2652 2179 2692 unum
2202 2636 2481 2692 hominem
2509 2637 2564 2692 in
2587 2635 2700 2691 duo
2723 2636 3041 2702 dividimus,
3070 2650 3235 2706 quem
3259 2650 3369 2690 non
3395 2634 3594 2699 rebus,

2007 2729 2102 2786 sed
2169 2730 2484 2800 cognitione
2546 2729 2936 2785 discernimus.
3013 2728 3273 2799 Alioquin
3335 2726 3587 2782 dividant

2007 2821 2190 2892 primo
2223 2821 2270 2876 si
2302 2829 2551 2892 possunt,
2580 2837 2691 2877 non
2735 2821 2911 2876 solum
2955 2819 3254 2887 intellectu,
3285 2819 3380 2875 sed
3420 2819 3587 2874 etiam

2011 2914 2202 2980 rebus,
2233 2930 2262 2970 a
2285 2915 2580 2985 Splendore
2607 2915 2871 2980 colorem,
2899 2922 2956 2971 et
2993 2913 3233 2969 calorem
3259 2928 3288 2968 a
3317 2913 3590 2984 sole;tunc

2012 3021 2202 3061 eorum
2233 3006 2436 3076 poterit
2463 3005 2581 3061 haec
2614 3006 2780 3061 stulta
2815 3005 3088 3062 sententia
3120 3004 3374 3060 stabiliri.

2083 3101 2239 3168 Quod
2273 3103 2321 3158 si
2353 3100 2533 3157 facere
2556 3110 2858 3172 nequeunt,
2883 3099 3083 3156 cedant
3111 3098 3353 3162 veritati,
3377 3106 3434 3154 et
3454 3097 3599 3152 duas

2015 3193 2304 3248 nobiscum
2336 3193 2392 3249 in
2417 3192 2640 3254 Christo
2673 3192 3037 3264 profiteantur
3068 3205 3192 3246 esse
3219 3199 3465 3262 naturas,
3497 3189 3600 3259 qui-

2015 3301 2110 3342 eas
2136 3277 2247 3341 non
2284 3285 2451 3342 rebus
2483 3286 2615 3357 ipsis
2647 3286 2968 3352 dividimus,
3004 3283 3101 3340 sed
3133 3282 3446 3354 cognitione
3469 3288 3594 3335 tan-

2018 3389 2136 3436 tum
2177 3379 2546 3436 discernimus
2590 3388 2646 3436 et
2692 3381 3014 3451 probamus.
3050 3377 3108 3433 Si
3157 3391 3288 3432 vero
3309 3374 3551 3430 dixerint
3577 3393 3597 3428 τ

2020 3469 2176 3524 Sicut
2205 3483 2272 3524 ex
2303 3469 2482 3524 anima
2517 3478 2573 3525 et
2600 3485 2766 3524 carne
2793 3485 2901 3524 una
2928 3469 3168 3522 humana
3197 3474 3391 3520 natura
3420 3463 3596 3520 conﬁ-

2019 3559 2185 3627 citur,
2221 3576 2343 3632 quae
2375 3560 2662 3631 singulari,
2692 3576 2802 3616 nou
2846 3560 3048 3631 plurali
3084 3574 3317 3616 numero
3345 3574 3595 3629 pronun-

2021 3654 2208 3720 tiatur,
2245 3653 2320 3709 ita
2351 3669 2420 3708 ex
2448 3653 2737 3710 divinitate
2763 3662 2818 3710 et
2844 3652 3185 3708 humanitate
3210 3667 3319 3706 una
3345 3651 3485 3706 facta
3513 3661 3598 3706 est

2019 3744 2224 3802 Christi
2265 3754 2488 3802 natura.
2535 3745 2722 3802 Primo
2755 3747 2979 3816 quidem
3013 3745 3119 3802 hoc
3137 3743 3442 3816 exemplum
3459 3743 3598 3800 Filio

2020 3837 2119 3894 Dei
2173 3839 2400 3894 minime
2444 3837 2702 3895 existimo
2752 3836 3086 3903 convenire,
3127 3836 3216 3892 cui
3263 3834 3599 3892 subsisteudi

2021 3947 2184 3988 causa
2208 3946 2338 3988 caro
2359 3947 2472 3987 non
2496 3931 2619 3987 fuit.
2650 3929 2863 4002 Quippe
2884 3930 2981 4001 qui
3007 3937 3136 3986 ante
3165 3929 3365 3985 saecula
3387 3945 3416 3983 a
3440 3929 3602 3984 Patre

2021 4033 2186 4081 natus
2210 4025 2266 4082 in
2305 4025 2532 4095 prepria
2576 4038 2810 4093 persona
2853 4021 3380 4078 incommutabiliter
3417 4019 3601 4076 subsi-

2022 4118 2152 4183 stit,
2202 4117 2299 4174 sed
2347 4133 2475 4173 cum
2513 4117 2755 4172 Verbum
2790 4129 2922 4170 caro
2968 4114 3160 4178 fieret,
3210 4111 3605 4168 misericordiae

2023 4208 2149 4266 fuit.
2189 4209 2440 4266 Animam
2486 4218 2668 4266 autem
2721 4211 3019 4265 humanam
3070 4215 3196 4263 ante
3232 4220 3452 4262 carnem
3501 4204 3603 4259 ali-

2022 4301 2151 4356 cubi
2182 4301 2506 4366 subsistere,
2533 4308 2592 4356 et
2628 4300 2978 4372 postmodum
3009 4299 3165 4354 carni
3211 4297 3405 4364 inseri,
3438 4312 3606 4352 nemo

2021 4405 2192 4448 ausus
2217 4399 2302 4446 est
2325 4390 2615 4446 afﬁrmare.
2648 4389 2790 4446 Sane
2815 4390 2944 4462 quia
2970 4388 3122 4444 nulla
3149 4402 3238 4443 res
3261 4387 3374 4443 sive
3407 4400 3605 4442 natura

337 4481 460 4543 post
481 4473 874 4531 adunationem
897 4475 1064 4532 Verbi
1091 4483 1149 4531 et
1179 4476 1362 4532 carnis
1391 4476 1450 4531 in
1478 4476 1699 4534 Christo
1729 4477 1917 4535 dicant
1945 4483 1994 4540 D
2019 4489 2125 4547 est,
2161 4495 2284 4552 qua:
2315 4495 2427 4536 non
2451 4479 2676 4550 proprio
2704 4479 3010 4552 appelletur
3037 4477 3282 4544 nomine,
3317 4475 3483 4532 unius
3508 4491 3606 4531 na-

340 4563 475 4630 duas
515 4581 638 4622 esse
664 4576 914 4635 naturas,
943 4583 1015 4623 an
1041 4569 1335 4640 denegent.
1370 4568 1528 4635 Quod
1558 4569 1603 4625 si
1634 4570 1720 4626 vel
1746 4570 1915 4627 Verbi

341 4656 420 4710 vel
445 4657 634 4712 carnis
656 4659 952 4714 essentiam
979 4659 1037 4715 in
1066 4658 1291 4716 Christo
1321 4661 1662 4731 negaverint,
1694 4670 1790 4716 aut
1824 4662 1923 4719 Ju-

341 4745 582 4804 dazorum
617 4749 890 4821 impietati
919 4751 1145 4807 omnino
1169 4752 1436 4825 iungendi
1465 4760 1596 4808 sunt
1626 4752 1723 4823 qui
1754 4751 1919 4810 Chri-

341 4848 485 4894 stum
515 4855 720 4911 purum
768 4841 1053 4899 hominem
1097 4842 1267 4901 fuisse
1313 4853 1590 4910 asserunt,
1621 4853 1718 4900 aut
1749 4844 1922 4900 Mani-

341 4930 622 4988 chatorum
649 4933 956 5006 sacrilegiis
978 4935 1324 5006 cozequandi,
1352 4935 1447 5008 qui
1468 4936 1655 4992 carnis
1678 4935 1734 4991 in
1758 4935 1921 4992 Chri-

344 5026 427 5075 sto
455 5029 660 5094 negant
683 5023 980 5080 essentiam
1007 5026 1095 5081 vel
1122 5033 1404 5081 naturam.
1449 5024 1504 5082 Si
1535 5041 1666 5082 vero
1699 5034 1756 5082 et
1781 5027 1920 5084 Ver-

344 5110 472 5168 bum
502 5128 726 5171 carnem
755 5131 879 5173 esse
920 5117 979 5174 in
1012 5117 1232 5174 Christo
1263 5117 1527 5183 dixerint,
1558 5119 1698 5176 duas
1725 5120 1920 5191 utique

344 5205 607 5262 cssentias
635 5207 794 5264 inviti
815 5207 1161 5265 diversarum
1187 5218 1509 5268 naturarum
1539 5211 1786 5281 ipsorum
1824 5229 1923 5269 no-

346 5293 553 5350 minum
601 5295 922 5354 testimonio
973 5299 1335 5369 profitentur,
1381 5300 1510 5372 quia
1568 5317 1676 5356 non
1729 5302 1924 5359 eadem

346 5393 476 5440 sunt
497 5386 719 5444 nomina
741 5387 910 5444 Verbi
934 5396 992 5445 et
1008 5389 1229 5456 carnis;
1250 5405 1378 5446 nam
1410 5391 1653 5448 Verbum
1682 5392 1923 5449 Verbum

346 5482 450 5540 est,
487 5485 542 5531 et
567 5492 697 5534 caro
728 5493 859 5535 caro
885 5487 991 5536 εει.
1038 5480 1241 5536 Verum
1283 5481 1412 5551 quia
1445 5483 1641 5537 nolunt
1668 5498 1791 5540 esse
1825 5501 1924 5541 na-

349 5573 525 5622 turam
573 5569 693 5625 sine
738 5585 996 5641 persona,
1025 5570 1188 5646 546
1219 5573 1411 5644 procul
1445 5572 1616 5630 dubio
1639 5574 1808 5630 etiam
1843 5574 1926 5632 sic

351 5663 652 5720 secundum
699 5665 844 5722 hanc
889 5667 1112 5722 stultam
1170 5674 1226 5722 et
1273 5665 1496 5740 impiam
1546 5669 1923 5727 definitionem

329 5765 524 5822 altam,
551 5755 654 5826 ipsi
688 5757 874 5828 potius
905 5757 1041 5814 duas
1082 5758 1367 5816 invenient
1399 5759 1450 5815 in
1493 5759 1711 5818 Christo
1742 5779 1924 5820 asser-

2026 4581 2164 4630 turte
2189 4587 2353 4645 quam
2377 4588 2447 4628 ex
2474 4571 2747 4628 Trinitate
2785 4580 2845 4627 et
2876 4570 3221 4627 humanitate
3260 4568 3458 4624 factam
3485 4583 3605 4623 esse

2025 4661 2388 4727 contendunt,
2415 4677 2617 4718 nomen
2641 4661 2897 4717 doceant.
2922 4659 2992 4718 At
3009 4659 3057 4716 si
3081 4659 3359 4716 voluerint
3382 4657 3563 4713 dicere
3594 4674 3610 4714 :

2026 4755 2269 4811 Verbum
2298 4749 2671 4820 incarnatum,
2695 4753 2812 4810 sive
2841 4768 3005 4808 unam
3035 4761 3289 4808 naturam
3313 4750 3411 4805 Dei
3438 4749 3603 4806 Verbi

2026 4846 2390 4913 incarnatam,
2434 4861 2504 4903 eo
2537 4847 2657 4918 ipso
2687 4860 2800 4918 quo
2829 4845 2939 4901 hoc
2966 4844 3179 4910 dicunt,
3229 4843 3367 4899 duas
3411 4839 3607 4913 procul

2027 4939 2196 4995 dubio
2219 4938 2410 4995 dicere
2429 4938 2841 4994 convincuntur
2870 4936 2927 4993 in
2946 4934 3172 4993 Christo
3195 4941 3446 4998 naturas,
3472 4932 3610 4987 dua-

2029 5044 2286 5102 rumque,
2315 5045 2429 5085 non
2460 5027 2625 5084 unius
2666 5026 2892 5084 nomina
2925 5034 3270 5089 naturarum,
3303 5025 3424 5096 eius
3449 5021 3607 5078 vides
3646 5049 3649 5064 ς

2025 5122 2179 5188 licet,
2210 5123 2304 5195 qui
2339 5123 2656 5179 incarnatus
2685 5127 2790 5187 est,
2827 5115 2884 5176 id
2923 5127 3014 5178 est
3039 5117 3208 5176 Verbi
3252 5118 3372 5185 Dei,
3401 5125 3461 5173 et
3489 5118 3613 5191 eius

2027 5233 2152 5289 quae
2179 5215 2248 5272 ab
2280 5215 2401 5288 ipso
2425 5223 2704 5286 assumpta
2733 5221 2840 5280 εει,
2866 5212 2923 5271 id
2954 5220 3060 5280 est,
3091 5212 3294 5269 carnis.
3325 5212 3447 5268 Non
3477 5225 3611 5281 ergo

2029 5306 2136 5362 hoc
2180 5303 2349 5361 unius
2386 5301 2466 5361 rei
2509 5318 2712 5360 nomen
2742 5311 2849 5370 est,
2880 5301 3028 5374 quod
3061 5302 3142 5360 sic
3169 5315 3484 5372 expressam
3525 5301 3611 5354 si-

2030 5397 2436 5470 gniﬁcationem
2463 5396 2698 5452 duarum
2724 5394 3179 5464 diversarumque
3205 5394 3484 5448 unitarum
3509 5390 3612 5446 do-
3668 5391 3679 5453 ζ

2030 5495 2153 5546 ceat
2195 5496 2543 5551 naturarum,
2575 5483 3040 5558 quemadmodum
3078 5498 3203 5544 cum
3250 5482 3480 5546 dicitur,
3507 5481 3613 5535 hu-

2031 5595 2192 5638 mana
2222 5589 2437 5647 natura,
2472 5593 2636 5651 quam
2670 5593 2739 5636 ex
2771 5576 2990 5633 duabus
3021 5591 3118 5632 seu
3158 5571 3366 5650 potius,
3394 5571 3450 5628 in
3481 5572 3618 5629 dua-

2032 5673 2136 5727 bus
2182 5667 2528 5742 diverSisque
2575 5669 2809 5735 naturis,
2844 5667 2900 5724 id
2949 5676 3054 5733 est,
3101 5663 3285 5720 carnis
3331 5673 3392 5722 et
3420 5665 3621 5721 animze

2032 5760 2335 5820 subsistere
2388 5777 2552 5818 nemo
2607 5759 2857 5828 dubitat,
2905 5755 3004 5815 sed
3056 5754 3520 5827 quemadmodum
3572 5754 3622 5814 si
