3952 6136
290 278 395 345 115

1545 278 1871 345 IOANNIS
1911 276 2301 341 MAXENTII

3454 265 3569 335 116.

285 395 523 467 dicatur,
556 396 740 453 anima
789 397 1092 466 incarnata,
1127 398 1243 454 sive
1288 412 1398 453 una
1444 403 1641 451 natura
1671 395 1867 451 animae
1896 403 1951 465 Α,
1976 392 2285 465 appelletur
2337 388 2818 463 signiﬁcationem.
2872 386 3153 447 Christum
3207 392 3387 442 autem
3445 399 3558 439 non

286 489 603 544 incarnatae.
631 489 702 544 Et
724 489 1079 547 ideo‘nomen
1106 499 1318 546 natura
1350 487 1538 555 unius,
1565 504 1687 558 quas
1726 487 1870 542 divi-

283 575 498 645 nitatis,
552 588 610 651 et
651 580 1031 649 humanitatis,
1077 595 1393 652 expressam
1447 581 1622 653 possit
1663 579 1873 635 habere

286 667 768 751 signiﬁcationem,
797 671 997 728 docere
1027 681 1319 744 coguntur.
1556 708 1559 709 ν
1648 714 1651 723 μ
1695 656 1698 661 ἢ
1848 672 1887 745 ί

355 759 561 829 Verum
592 762 638 817 si
669 763 725 818 in
756 771 968 819 tantum
1000 763 1527 837 desipuerint,quod
1542 762 1728 820 dicant
1752 777 1873 819 eam

285 847 496 907 Christi
523 866 645 907 esse
665 859 944 931 naturam,
969 869 1163 909 rursus
1186 853 1255 909 ab
1283 854 1365 911 eis
1388 854 1674 926 quatritur,
1699 851 1887 923 qualis,

289 942 384 998 illa
414 944 505 1000 sit.
540 942 678 1012 Quia
707 942 966 1002 Christus
1002 962 1114 1002 non
1145 948 1379 1013 naturae,
1415 944 1510 1003 sed
1542 944 1877 1016 operationis

290 1035 407 1088 sive
434 1030 764 1101 eﬁicieutiae,
793 1035 848 1090 id
872 1045 978 1102 est,
1003 1036 1284 1094 unctionis
1310 1052 1511 1109 nomen
1540 1046 1643 1102 est,
1672 1048 1728 1092 et
1751 1036 1877 1091 ideo

290 1124 475 1181 adhuc
500 1137 878 1196 coarctantur,
897 1137 960 1183 ut
980 1128 1129 1185 illius
1157 1138 1369 1185 naturae
1393 1127 1884 1205 singularis,quam

292 1224 419 1287 post
466 1216 858 1293 adunationem
912 1219 969 1295 in
1012 1216 1233 1277 Christo
1277 1236 1400 1276 esse
1429 1220 1642 1287 volunt,
1683 1234 1889 1285 nomen

297 1305 553 1363 doceant.
812 1292 815 1293 ν
935 1292 955 1313 ’“
1154 1304 1183 1313 ”
1572 1312 1575 1315 ’

370 1395 508 1465 Quia
539 1399 691 1455 nulla
736 1370 818 1457 rei
865 1410 1063 1459 natura
1110 1410 1216 1470 est,
1252 1418 1375 1474 qua:
1419 1380 1531 1458 non
1560 1384 1793 1473 proprio
1831 1406 1890 1454 et

1976 500 2099 541 esse
2124 492 2591 555 uaturaecnomen,
2621 481 2718 547 sed
2747 479 3049 545 unctionis,
3074 487 3130 534 et
3153 466 3221 533 ei
3256 475 3383 542 hoc,
3410 473 3560 546 quod

1978 574 2139 645 multi
2164 570 2369 631 Christi
2401 573 2532 651 dicti
2567 582 2695 639 sunt
2722 573 3004 651 inVetere
3033 571 3410 651 Testamento,
3441 581 3558 621 ma-

1977 644 2238 720 nifestum
2276 658 2384 718 est.
2416 644 2768 743 Quapropter
2788 644 3115 747 autnomen
3158 659 3309 716 illius
3328 648 3577 735 linaturas

1980 758 2168 824 unius,
2219 756 2369 828 quod
2404 752 2474 811 ab
2518 756 2602 812 eis
2642 752 3263 838 rectissimesquteritur
3307 750 3564 816 doceant,

1980 857 2077 905 aut
2103 849 2149 905 si
2170 839 2289 904 hoc
2315 847 2497 904 facere
2525 847 2752 919 minime
2782 855 3015 918 possunt
3041 844 3191 920 (quia
3222 841 3451 900 omnino
3482 849 3575 919 est

1982 938 2345 1012 impossibile)
2378 938 2515 996 duas
2546 956 2659 996 non
2687 923 2966 1021 ante,-sed
2999 944 3123 1009 post
3150 934 3564 1000 adunationem,

1982 1038 2039 1084 et
2065 1028 2348 1100 deinceps,
2392 1043 2610 1099 semper
2639 1026 3108 1104 indissolubiliter,
3126 1031 3435 1087 manentes,
3463 1037 3565 1077 na-

1984 1130 2137 1176 turas
2179 1121 2237 1176 in
2279 1136 2389 1175 una
2424 1119 2632 1177 Christi
2683 1134 2964 1193 persona,
2990 1124 3175 1188 spreta
3224 1113 3431 1171 erroris
3479 1113 3569 1169 sui

1984 1213 2239 1285 caligine,
2273 1210 2522 1287 profiteri
2563 1227 2675 1279 non
2713 1217 2981 1284 metuant,
3016 1224 3089 1264 ne
3135 1215 3230 1262 aut
3268 1207 3569 1263 humanam

1986 1314 2203 1361 tantum
2233 1317 2359 1359 cum
2389 1304 2613 1372 Judaais,
2645 1312 2741 1359 aut
2769 1303 3012 1358 divinam
3044 1308 3259 1367 tantum
3296 1290 3422 1354 cum
3458 1294 3569 1351 Ma-

1987 1398 2218 1453 nichaeis
2253 1394 2599 1463 conﬁtentes,
2636 1394 2705 1450 ab
2740 1393 2903 1449 unica
2929 1401 2987 1448 et
3012 1391 3297 1448 Catholica
3325 1385 3568 1445 damnati

303 1486 570 1561 singulari
623 1492 849 1548 nomine
905 1492 1213 1550 secundum
1278 1493 1574 1566 specialem
1628 1489 1891 1548 videlicet
1989 1498 2166 1549 matre
2195 1486 2463 1554 Ecclesia,
2494 1486 2552 1542 in
2588 1495 2918 1560 perpetuum
2943 1485 3283 1543 crucientur.

312 1670 3556 1710 Μ

1359 1846 1874 1943 JOANNIS
1936 1843 2538 1937 MAXENTII

647 2060 1307 2198 DIALOGI
1400 2057 2045 2197 CONTRA
2144 2054 3253 2193 NESTORIANOS

1579 2303 1694 2367 AD
1736 2266 2178 2367 THEOPHIL
2186 2299 2329 2363 ΠΜ.

1742 2595 2126 2654 ΡΒᾸΞΓΑΤΙΟ.

362 2717 422 2774 Si
462 2714 523 2777 in
560 2714 672 2774 hoc
698 2714 900 2773 saeculo
937 2720 1125 2785 posset
1153 2711 1279 2769 ﬁnis
1307 2726 1430 2769 esse
1468 2710 1766 2776 mendacii,
1800 2719 2053 2766 maneret
2082 2710 2275 2782 utique
2300 2712 2490 2783 quieta
2516 2712 2726 2770 Christi
2753 2715 3021 2784 Ecclesia,
3048 2719 3146 2774 sed
3182 2718 3310 2790 quia
3346 2718 3578 2777 inextri-

301 2807 483 2866 cabile
511 2806 918 2879 quodammodo
951 2806 1156 2863 malum
1190 2821 1475 2877 nunquam
1505 2805 1712 2862 desinit
1733 2804 1977 2860 humana
2006 2803 2173 2860 corda
2198 2807 2439 2876 pulsare,
2466 2815 2631 2879 atque
2663 2810 2968 2881 inopinatis
3012 2812 3356 2884 argumentis
3412 2812 3577 2869 ﬁdem

302 2901 615 2972 inquietare
648 2898 998 2963 catholicam,
1033 2914 1261 2955 necesse
1296 2907 1385 2955 est
1416 2898 1784 2956 sectatoribus
1814 2899 2064 2954 veritatis
2099 2898 2400 2969 prudenter
2430 2902 2705 2972 captiosas
2746 2904 2868 2975 eius
2896 2905 3205 2961 sententias
3247 2907 3576 2975 praevidere.

301 2992 698 3064 sapienterque
740 2991 1018 3062 detegere,
1054 2993 1410 3063 prolatasque
1452 2992 1508 3046 in
1553 2990 1797 3047 medium
1841 2990 2041 3045 malleo
2067 2992 2317 3047 veritatis
2347 2993 2632 3059 cohibere,
2662 3000 2719 3050 ct
2764 3011 2939 3066 usque
2979 2996 3047 3051 ad
3089 2996 3417 3053 eﬁ‘usioncm
3449 3015 3579 3055 san-

301 3084 488 3157 guinis
520 3096 716 3140 contra
752 3099 848 3140 eas
876 3101 978 3156 pro
1020 3085 1257 3141 veritate
1301 3091 1535 3140 certare.
1571 3082 1880 3138 Praesertim
1914 3099 2040 3162 cum
2071 3082 2361 3154 Scriptura
2405 3085 2594 3141 divina
2638 3095 2860 3142 moneat
2886 3095 2944 3142 et
2969 3087 3116 3142 dicat
3147 3104 3160 3141 :
3191 3108 3221 3138 α
3249 3090 3329 3144 Ne
3356 3078 3581 3160 confun-

302 3179 452 3234 daris
486 3177 631 3248 loqui
663 3178 878 3233 uerbum
906 3195 1003 3250 pro
1032 3180 1218 3233 anima
1247 3188 1361 3244 tua,
1396 3187 1445 3232 et
1472 3194 1569 3249 pro
1598 3178 1822 3231 veritate
1849 3185 1995 3231 certa
2022 3194 2185 3249 usque
2206 3179 2276 3233 ad
2304 3188 2528 3235 mortem
2559 3182 2626 3236 ".
2675 3201 2695 3234 ι
2731 3182 3003 3239 Similiter
3034 3192 3091 3238 et
3115 3181 3409 3253 Apostolus
3442 3196 3583 3252 quo-

301 3276 564 3332 rumdam
602 3276 874 3332 denotans
918 3275 1273 3331 timiditatem
1304 3291 1319 3328 ε
1352 3273 1622 3340 Nondum,
1658 3273 1861 3343 inquit,
1897 3286 2061 3344 usque
2104 3273 2176 3327 ad
2205 3274 2521 3345 sanguinem
2568 3279 2836 3334 restitistis
2880 3280 3129 3335 adversus
3164 3286 3435 3350 peccatum
3467 3276 3583 3333 aer-

304 3378 481 3426 tantes
509 3370 576 3426 '°.
613 3371 1004 3426 Resistendum
1035 3370 1224 3441 igitur,
1255 3384 1360 3425 nec
1386 3369 1614 3424 omnino
1647 3374 1733 3422 est
1760 3366 2098 3437 parcendum
2128 3367 2428 3436 haereticis,
2470 3371 2824 3430 conﬁdentes-
2840 3372 2899 3428 in
2937 3373 3031 3428 tali
3059 3371 3279 3443 negotio
3310 3370 3586 3427 sermonis

304 3467 522 3537 copiam
564 3465 794 3522 minime
835 3466 1171 3523 defuturam.
1201 3465 1338 3520 Nam
1370 3465 1417 3520 si
1447 3463 1517 3520 ad
1548 3462 1941 3520 confutandam
1982 3464 2270 3535 prophetae
2313 3465 2689 3537 insipientiam
2730 3482 2793 3523 os
2836 3466 3009 3523 asina:
3034 3466 3252 3537 aperuit
3280 3466 3348 3531 δι,
3375 3473 3584 3536 quanto

302 3561 484 3632 magis
513 3576 613 3617 cor
644 3560 826 3617 ﬁdelis
853 3576 1104 3618 reserare
1129 3560 1472 3634 dignabitur,
1512 3568 1575 3615 ut
1610 3558 1954 3631 perﬁdorum
1996 3558 2278 3615 dementia
2317 3560 2671 3617 confutetur?
2692 3561 3040 3633 Quapropter
3067 3560 3328 3632 quoniam
3354 3558 3484 3614 olim
3525 3557 3584 3612 in

305 3653 498 3711 radice
523 3655 769 3725 pravitas
800 3655 1127 3712 Nestoriaua
1157 3656 1437 3720 damnata,
1470 3670 1622 3711 nunc
1649 3669 1845 3709 rursus
1872 3654 2119 3710 vivacior
2159 3656 2396 3727 assurgit
2432 3655 2860 3727 quodammodo,
2888 3656 3210 3726 callidisque
3239 3653 3583 3727 syllogismo-

304 3760 432 3801 rum
462 3745 804 3816 argumentis
829 3744 1096 3801 adversus
1121 3747 1238 3816 ipsa
1275 3744 1563 3801 catholicae
1605 3743 1734 3798 ﬁdei
1763 3741 2126 3798 fundamenta
2154 3744 2446 3810 dimicans,
2480 3746 2582 3801 sub
2616 3744 2874 3817 religiosa
2903 3744 3351 3816 pronuntiatione
3381 3743 3583 3799 verbo-

306 3851 435 3893 rum
464 3837 789 3909 religionem
818 3837 1112 3909 profanare
1144 3838 1452 3903 contendit,
1480 3837 1796 3892 necessario
1825 3836 2060 3901 credidi,
2096 3837 2172 3890 mi
2206 3837 2535 3909 Theophile,
2572 3839 2680 3894 tuis
2722 3840 2945 3912 adjutus
2973 3839 3256 3910 precibus,
3284 3838 3582 3906 occultum,

307 3942 367 3991 et
396 3933 501 3991 sub
529 3932 720 3989 verbis
758 3932 1060 3991 Catholicis
1098 3933 1383 3998 latentem,
1417 3946 1614 3987 eorum
1649 3930 1881 4001 impium
1913 3930 2154 4002 prodere
2203 3932 2573 3999 intellectum,
2605 3941 2881 4004 quatenus
2911 3933 3164 3991 detectus
3205 3942 3262 3990 et
3290 3934 3585 3990 denotatus

308 4029 408 4087 ﬁat
434 4029 652 4086 cunctis
673 4029 881 4101 ubique
907 4029 1255 4101 perspicuus.
1291 4027 1471 4100 Agens
1499 4027 1663 4083 simul
1696 4027 2087 4082 etiam'contra
2119 4043 2236 4093 eos,
2263 4028 2359 4099 qui
2393 4028 2525 4084 licet
2550 4027 2835 4084 Christum
2861 4029 3157 4085 Dominum
3190 4029 3581 4095 conﬁteantur,

308 4131 496 4180 tamen
538 4123 728 4179 nescio
771 4115 881 4195 qua
929 4138 1124 4178 rursus
1171 4121 1385 4179 inducti
1433 4119 1820 4194 perversitate,
1855 4118 2138 4177 declinant
2188 4136 2320 4177 eum
2364 4135 2537 4177 unum
2574 4121 2827 4178 conﬁteri
2874 4137 2942 4178 ex
2976 4131 3166 4179 sancta
3212 4130 3270 4178 et
3297 4120 3583 4177 individua

309 4215 608 4273 Trinitate.
641 4215 798 4297 Quod
843 4217 1099 4273 nolentes
1134 4229 1419 4282 asserere,
1451 4214 1577 4285 quis
1619 4227 1718 4268 eos
1762 4228 1875 4269 non
1910 4212 2180 4285 intelligat
2210 4213 2334 4270 aliis
2379 4212 2569 4270 'verbis
2614 4213 2857 4286 idipsum
2905 4230 3112 4287 negare
3154 4213 3302 4297 quod
3354 4213 3583 4295 dicunt,

308 4306 562 4378 nihilque
588 4308 738 4364 aliud
770 4307 1055 4365 Christum
1084 4308 1192 4366 nisi
1221 4316 1546 4365 extraneum
1572 4323 1603 4362 a
1632 4304 1905 4361 Trinitate
1927 4312 1987 4361 et
2009 4303 2167 4376 juxta
2202 4304 2459 4373 ArianOs,
2494 4305 2723 4362 credere
2764 4305 2932 4378 impie
2962 4306 3318 4363 creaturam?
3349 4304 3406 4360 Si
3436 4304 3584 4361 enim

309 4410 480 4457 verus
501 4409 586 4457 est
612 4401 759 4457 Deus
798 4401 945 4458 sicut
988 4408 1096 4467 est,
1140 4409 1238 4457 aut
1270 4400 1514 4456 Trinitas
1553 4408 1659 4470 est,
1704 4409 1801 4455 aut
1828 4414 1974 4455 unus
2009 4414 2079 4455 ex
2112 4384 2409 4455 Trinitate.
2445 4398 2553 4455 Sed
2583 4400 2716 4470 quia
2747 4409 2918 4457 totam
2944 4401 3272 4458 Trinitatem
3301 4398 3583 4456 Christum

310 4492 543 4549 credere
569 4492 916 4569 sacrilegium
941 4503 1046 4559 est,
1074 4502 1247 4551 restat
1275 4503 1336 4550 ut
1359 4511 1503 4551 unus
1528 4495 1601 4551 sit
1625 4495 1772 4551 Deus
1797 4494 2052 4552 Christus
2077 4509 2147 4551 ex
2175 4493 2611 4552 Trinitate.‘Nisi
2642 4495 2785 4553 forte
2814 4497 2987 4553 alium
3016 4511 3144 4553 eum
3173 4495 3349 4551 Deum
3379 4502 3586 4566 praeter

310 4581 640 4644 Trinitatem
663 4600 785 4642 esse
807 4586 1165 4653 contendant,
1188 4586 1338 4657 quod
1366 4603 1478 4643 non
1503 4586 1936 4656 Catholicorum,
1962 4586 2059 4645 sed
2088 4588 2514 4644 Manichaeorum
2546 4598 2633 4645 est
2668 4584 2980 4661 proprium,
3010 4588 3107 4661 qui
3138 4588 3279 4643 duos
3306 4586 3442 4643 deos
3476 4584 3584 4641 sibi

311 4675 623 4731 contrarios
668 4675 1047 4731 introducunt.
1088 4676 1306 4732 Placuit
1346 4677 1514 4749 igitur
1562 4679 1666 4734 sub
1708 4693 1945 4750 persona
1995 4678 2392 4752 interrogantis
2438 4680 2708 4746 haeretici,
2758 4688 2817 4734 et
2851 4677 3110 4734 catholici
3156 4675 3582 4749 respondentis,

312 4767 599 4838 explicare
638 4767 804 4840 hujus
851 4776 1059 4824 nostrae
1099 4768 1489 4841 disputationis
1537 4772 1889 4843 opusculum,
1941 4787 2055 4844 quo
2105 4771 2326 4830 facilius
2373 4773 2751 4846 objectionum
2804 4770 3083 4829 absolutio
3125 4770 3434 4845 legentibus
3463 4767 3584 4824 elu-

315 4872 521 4918 cescat.

390 4981 436 5014 δ’
467 4978 640 5038 Eoeli.
672 4997 748 5049 tv,
777 4981 866 5038 ⁵55.
942 4981 988 5015 ⁵⁸
1022 4981 1325 5051 Hebr..xu,
1358 4983 1413 5038 4.
1496 4984 1541 5015 ἰ
1575 4982 1742 5039 Num.
1779 4999 1911 5050 un,
1941 4981 2036 5041 28.

760 5112 767 5124 ι
1044 5110 1093 5121 φο

1889 5148 2552 5158 —-—————
2825 5146 3534 5156 ——-——

1398 5222 1403 5227 ’
1505 5270 1873 5359 [ΛΒΕΒ
1944 5269 2437 5361 PRIMUS.

702 5501 1046 5563 CAPITULA
1082 5504 1266 5562 LIBRI
1302 5504 1514 5563 PRlMl.

329 5592 371 5648 Ι.
417 5594 491 5651 De
542 5596 696 5655 modo
733 5596 1105 5670 appellationis
1155 5599 1451 5664 Theotocce,
1512 5599 1605 5653 hoc
1648 5606 1756 5662 est,
1802 5597 1903 5655 Dei

396 5694 688 5753 Cenitricis.

2007 5509 2073 5566 ll.
2107 5506 2259 5576 Quod
2290 5506 2576 5563 Theotocon
2605 5505 2838 5562 Iueretiei
2865 5504 3075 5561 beatam
3103 5502 3365 5576 Virginem
3391 5490 3481 5559 ita
3499 5500 3589 5574 {a-

2079 5608 2314 5666 teantur,
2347 5616 2453 5654 non
2506 5600 2631 5671 quia
2671 5598 2841 5654 Deum
2890 5595 3181 5654 secundum
3230 5612 3465 5665 carnem,
3495 5592 3593 5651 sed

2077 5694 2201 5763 quia
2232 5690 2636 5766 hominem_Deo
2667 5691 2873 5748 unitum
2903 5690 3165 5765 genuerit.
