3904 6144
293 289 394 350 117

1159 281 1362 342 DIAL.
1398 243 1701 340 CONTRA
1727 273 2284 338 NESTORIANOS.
2319 297 2393 310 -
2430 270 2666 358 ΗΒΑ.

3462 240 3584 317 fle:

291 393 379 454 ili.
414 392 568 462 Quod
603 391 816 450 initium
856 391 976 449 dari
1018 389 1130 447 Deo
1167 389 1334 448 Verbo
1379 405 1444 446 ea:
1491 389 1691 460 femina
1721 385 1885 442 stulte
1912 387 1961 446 Α
1987 385 2078 442 lX.
2109 385 2260 452 Quod
2287 386 2383 441 hoc
2413 354 2624 438 tantum
2661 378 2862 434 distare
2897 389 2930 429 α
2977 371 3255 443 PrOphetis
3299 341 3580 425 Christum

361 487 780 553 calumnientur,
804 487 886 541 his
913 485 1005 557 qui
1033 500 1156 540 uere
1185 493 1237 541 et
1268 484 1492 556 proprie
1507 481 1676 538 Deum
1699 495 1885 536 secun-

361 580 491 636 dum
517 595 732 634 carnem
752 587 950 634 natum
979 593 1044 634 ea:
1070 577 1270 648 femina
1305 575 1640 642 confitentur.

297 668 383 728 iV.
415 667 567 736 Quod
590 667 784 724 callide
812 678 862 724 et
889 683 1134 741 peruerse
1160 683 1280 722 eam
1318 675 1547 724 matrem
1575 663 1886 719 humanita-

311 781 318 790 ε
363 763 432 818 tis
473 760 771 834 afﬁrmem.
1377 748 1379 750 ’

2055 481 2217 552 impie
2246 481 2541 550 fateantur,
2582 474 2794 546 quinon
2820 471 2889 526 sit
2922 475 3082 524 natus
3109 480 3173 519 es:
3203 464 3401 518 semine
3443 461 3565 524 uiri,

2057 575 2297 648 quamvis
2349 589 2456 627 non
2495 577 2611 643 post
2661 565 3158 638 conformationem,
3216 557 3309 615 sed
3361 557 3417 610 in
3450 556 3567 626 ipsa

2056 646 2498 739 conformatione,
2519 661 2726 719 Christo
2741 666 2919 714 tamen
2933 655 3103 712 D‘eum
3120 646 3568 708 Verbumunitum

2056 761 2236 831 inique
2259 754 2604 814 contendant.

301 853 358 908 ν·
389 828 539 919 Ωιιοᾶ
585 869 652 908 ex
690 852 811 922 illis
855 839 1410 924 euangelicis-vocibus
1443 863 1562 922 qua:
1598 849 1668 904 ad
1695 833 1890 925 Ioseph
1987 852 2055 912 Χ.
2098 828 2247 920 Quod
2273 849 2408 908 sicut
2439 845 2574 902 duas
2597 849 2846 906 naturas,
2873 841 2950 894 ita
2971 843 3027 891 et
3049 831 3428 922 subsistentias
3469 828 3570 884 sive

359 939 627 1016 Sponsum
655 952 859 999 sancta:
881 943 1114 1015 Virginis
1130 943 1286 1014 factm
1309 942 1574 1014 leguntur,
1597 958 1699 996 non
1721 935 1890 996 Deum

360 1013 554 1125 fortem
603 1035 899 1089 secundum
945 1013 1267 1118 Frophetdm
1309 1013 1378 1100 “,
1417 1031 1507 1088 sed
1539 1047 1735 1104 purum
1765 1013 1902 1085 tan:

361 1111 496 1194 tum,
526 1127 622 1198 qui
649 1133 872 1200 prapter
897 1141 1040 1193 eum,
1068 1111 1156 1180 cui
1184 1128 1330 1182 uniri
1359 1127 1571 1192 meruit,
1612 1125 1751 1179 Deus
1777 1124 1894 1198 [or-3

315 1224 324 1230 '
361 1219 428 1274 tis
463 1217 697 1286 dicatur,
734 1216 828 1273 sed
861 1218 1060 1288 femina
1095 1232 1284 1273 natum
1325 1204 1589 1272 conentur.
1629 1223 1890 1271 astruere.

2059 959 2316 1016 personas
2347 942 2405 995 in
2435 934 2644 994 Christo
2673 934 2974 1006 fateantur.

1990 1009 2085 1093 Χιζ
2112 1035 2264 1102 Quod
2296 1037 2628 1100 assumptum
2653 1044 2686 1082 a
2712 1023 2846 1088 Deo,
2870 1037 2978 1076 non
2994 1018 3166 1074 Deum
3192 1017 3393 1086 factum
3412 1009 3572 1065 homi-

2063 1143 2182 1184 nem
2203 1123 2444 1197 perue'rse
2461 1125 2730 1184 asserunt,
2748 1123 2798 1170 et
2829 1111 2970 1186 quod
2987 1113 3163 1182 ipsum
3189 1105 3452 1185 deﬁniant
3482 1119 3576 1158 na-

2066 1229 2247 1274 turam
2263 1231 2374 1270 esse
2395 1213 2534 1286 quod
2568 1225 2800 1282 persona
2830 1213 2930 1261 est.

305 1311 382 1370 Vl.
429 1311 590 1386 547
627 1311 704 1366 De
733 1328 795 1366 eo
827 1313 968 1383 quod
997 1313 1259 1382 scriptum
1305 1319 1383 1365 est
1412 1320 1472 1365 :t
1505 1304 1658 1374 Quod
1697 1315 1887 1362 natum

2056 1313 2114 1369 ll.
2159 1309 2310 1380 Quod
2348 1307 2463 1366 alia
2493 1313 2618 1362 sunt
2647 1303 2870 1376 prapria
2903 1298 3142 1384 nomina.
3162 1303 3488 1351 naturarum
3534 1299 3580 1346 et

365 1416 445 1460 est
476 1406 541 1459 de
571 1402 758 1469 carne,
781 1412 907 1459 caro
945 1412 1061 1460 est:
1097 1401 1238 1472 quod
1277 1413 1462 1459 natum
1503 1411 1580 1458 est
1613 1401 1677 1456 de
1701 1399 1895 1474 spiritu
1997 1375 2391 1477 ρενεοηᾨειφιω
2421 1397 2630 1454 nullam
2650 1375 2855 1467 faciant
2878 1375 3250 1462 ᾳιιίεειὶοηέηι,
3293 1384 3404 1440 alia
3443 1399 3580 1438 com.

319 1507 328 1516 '
365 1499 590 1568 spiritus
613 1505 692 1551 est
723 1497 791 1552 ⁸⁸.
835 1515 854 1550 ι

2071 1481 2270 1557 munia
2286 1509 2404 1566 qum
2430 1494 2492 1550 in,
2511 1489 2854 1562 quaestionem
2883 1481 3122 1538 veniant.

311 1591 412 1648 Vl].
438 1590 514 1644 De
531 1607 590 1645 eo
607 1591 750 1662 quod
773 1607 880 1644 non
905 1589 1073 1644 Deum
1100 1589 1324 1660 factum;
1341 1590 1433 1644 sed
1447 1588 1715 1646 Christum
1728 1589 1898 1645 Deum
2001 1590 2145 1648 Xlll.
2187 1587 2326 1654 Quid
2369 1587 2509 1641 inter
2541 1589 2768 1637 naturas
2819 1577 2974 1631 distet
2996 1581 3156 1645 atque
3200 1583 3482 1642 personam
3539 1570 3594 1620 et

375 1685 582 1754 factum
613 1683 810 1739 callide
846 1685 1106 1754 fatentur.

2074 1682 2215 1756 quod
2232 1697 2337 1734 non
2367 1678 2538 1734 omnis
2562 1675 2632 1729 sit
2664 1678 2862 1727 natura
2893 1681 3148 1740 persona.

310 1735 442 1834 “ll.
477 1775 634 1842 Quod
693 1793 802 1832 non
1093 1735 1200 1831 sed
1248 1775 1512 1846 dignitate
1567 1781 1621 1830 et
1657 1773 1898 1830 unitione
1929 1735 1974 1796 Β
1999 1735 2139 1846 lilii.
2156 1735 2318 1840 Quod
2358 1777 2409 1824 et
2451 1767 2622 1822 Deum
2656 1765 2855 1836 factum
2891 1735 3178 1820 nominem,
3227 1760 3278 1807 et
3303 1756 3598 1846 secundum

371 1867 552 1922 Deum
575 1866 739 1922 stulte
784 1873 1032 1923 asserunt
1061 1865 1332 1922 Christum
1367 1882 1385 1920 :
1411 1865 1474 1920 ob
1497 1865 1552 1920 id
1597 1865 1738 1936 quod
1764 1867 1900 1920 scri-

381 1965 538 2028 ptum
559 1967 636 2012 est
664 1960 721 2013 in
753 1959 966 2013 Actibus
1001 1955 1402 2027 Apostolorum,
1455 1954 1616 2009 Petro
1647 1955 1716 2008 ad
1772 1953 1906 2010 Coro

384 2049 592 2106 actium
615 2050 824 2106 dicente
849 2050 874 2104 7
897 2048 1039 2116 Quia
1065 2047 1208 2105 Deus
1229 2055 1345 2102 erat
1371 2063 1490 2102 cum
1509 2044 1606 2100 illo
1639 2045 1706 2098 “.

2073 1866 2407 1921 nativitatem
2432 1858 2530 1914 Dei
2555 1856 2709 1913 Verbi
2739 1855 2903 1926 juxta
2938 1863 3158 1906 carnem
3202 1841 3434 1901 Atratini
3483 1848 3590 1899 ore

2078 1957 2202 2011 dere
2239 1953 2593 2008 detestantur.

1636 2269 2292 2332 INTERLOCUTORES.

1363 2385 1591 2448 NEST
1588 2381 1856 2447 ORIAN
1861 2381 1976 2458 US,
2024 2381 2126 2444 CA
2137 2374 2574 2442 THOLICUS.

828 2511 1057 2568 CAPUT
1091 2509 1383 2568 PRIMUM.

2016 2505 2288 2576 scriptum
2334 2503 2444 2576 est)
2471 2501 2730 2556 hilariter
2769 2497 2889 2569 ipsa
2935 2493 3145 2552 veritas
3168 2489 3451 2556 intimare,
3480 2502 3607 2546 cum

387 2591 900 2682 NESTOilIANlJS.
969 2603 1118 2659 Olim
1157 2610 1214 2658 te
1256 2592 1579 2656 nostrorum
1629 2599 1914 2656 dictorum
2019 2597 2090 2652 ad
2115 2595 2594 2666 investigationem
2640 2590 2728 2647 sui
2749 2584 3162 2659 disputantium
3199 2589 3422 2639 mentes
3475 2579 3605 2636 sim-

319 2697 564 2754 audiens
609 2695 1247 2766 infamatorem,sseplus
1299 2691 1639 2746 incitabatur
1673 2691 1895 2744 animus

323 2803 511 2848 tecum
561 2788 632 2845 de
695 2788 900 2844 divina:
965 2784 1398 2856 dispensationis
1450 2783 1784 2852 conquirere
1833 2797 1922 2836 sa—

331 2892 638 2939 cramento.
698 2881 865 2936 Nune
918 2893 1054 2936 vero
1107 2885 1426 2948 opportuno
1483 2875 1608 2930 loco
1669 2881 1727 2929 et
1779 2883 1922 2928 tem-

2023 2690 2156 2762 plici
2210 2689 2418 2744 viderit
2473 2685 2788 2742 intentione
2839 2677 3197 2753 pertendere.
3257 2676 3381 2736 Erit
3445 2671 3606 2745 igitur

2023 2783 2223 2854 procul
2256 2781 2428 2837 dubio
2460 2786 2667 2834 nostra!
2693 2773 3092 2846 disputationis
3119 2770 3441 2826 fructuosus
3467 2765 3610 2832 linis,

2028 2875 2075 2932 si
2122 2871 2290 2930 modo
2341 2872 2556 2928 furiosa
2617 2867 2906 2926 contentio
2955 2865 3355 2922 submoventur
3411 2873 3444 2914 e
3503 2871 3611 2912 me-

331 2987 466 3044 pore
497 2981 592 3028 tua
632 2971 797 3026 nobis
824 2986 856 3025 a
883 2969 998 3025 Deo
1047 2967 1252 3023 donata
1283 2963 1604 3034 praesentia,
1628 2961 1790 3017 valde
1821 2961 1923 3016 de-
1953 3027 2002 3044 Δ
2031 2965 2145 3022 dio.
2549 3008 2555 3013 .

337 3027 546 3130 itidem,
571 3073 636 3120 ut
659 3069 991 3134 pmsentem
1011 3074 1230 3132 argutiis,
1257 3027 1346 3112 οἶιί
1371 3055 1716 3111 absentium!
1743 3051 1930 3124 ςαξοϐ·
1949 3027 2005 3094 c
2101 3056 2167 3112 N.
2205 3055 2325 3111 Mea
2350 3059 2500 3110 certe
2525 3051 2646 3107 haec
2675 3057 2764 3106 est
2785 3047 3018 3104 omnino
3044 3041 3286 3100 intentio
3307 3081 3322 3106 ,
3351 3038 3400 3094 si
3435 3045 3614 3093 tam

337 3161 422 3216 eis
453 3159 778 3215 detrahere.

410 3249 866 3308 CATHOLICUS.
903 3248 1009 3316 Qui
1039 3262 1098 3304 se
1129 3257 1242 3301 non
1272 3241 1572 3308 mendacii,
1597 3238 1930 3296 sedverita-

341 3343 417 3401 tis
447 3344 680 3400 exhibet
703 3349 1060 3405 sectatorem,
1087 3339 1274 3394 nullus
1302 3343 1557 3391 movetur
1589 3330 1933 3389 mussitatio-

339 3435 514 3490 uibus
545 3434 935 3504 querulorum.
974 3431 1148 3502 Cujus
1167 3436 1355 3484 autem
1379 3426 1602 3482 animus
1626 3423 1701 3480 de
1725 3437 1827 3478 sua
1851 3427 1938 3478 est

347 3523 589 3582 falsitate
615 3525 897 3588 conscius,
926 3522 1059 3577 licet
1077 3534 1244 3574 nemo
1284 3517 1354 3572 de
1381 3531 1450 3571 eo
1493 3523 1784 3584 queratur.
1817 3525 1940 3566 sus-

349 3613 634 3686 picionum
663 3621 852 3668 tamen
879 3609 1124 3667 stimulis
1151 3607 1500 3677 inquietatur
1525 3601 1770 3659 assidue.
1789 3600 1940 3657 Nihil

351 3711 541 3762 autem
595 3702 973 3776 prudentibus
1023 3699 1230 3763 aufert,
1291 3697 1404 3751 imo
1457 3694 1645 3765 potius
1699 3690 1937 3756 confert,

353 3796 592 3852 mendax
619 3791 908 3849 infamatio
939 3789 1357 3864 malevolorum.
1394 3783 1451 3841 Si
1487 3785 1636 3839 enim
1664 3781 1940 3838 veraciter

242 3928 248 3933 ο
352 3889 482 3960 quis
503 3887 577 3944 de
612 3885 820 3942 talibus
855 3880 1310 3954 reprehenditur,
1341 3873 1710 3948 corrigendus
1729 3881 1846 3938 est,
1869 3887 1938 3929 ne

353 3982 592 4040 ulterius
609 3977 1046 4050 reprehendant,
1070 3976 1116 4031 si
1137 3973 1508 4038 mendaciter,
1526 3967 1938 4026 condemnandi

351 4082 484 4132 sunt
511 4073 697 4144 potius
724 4079 783 4126 et
805 4067 1048 4125 delendi.
1077 4065 1430 4138 Quapropter
1449 4063 1518 4129 si,
1549 4070 1611 4118 ut
1634 4062 1752 4132 ipse
1787 4061 1938 4116 aesti-

343 4179 506 4231 mas,
555 4171 784 4219 tuarum
839 4175 963 4216 sum
1017 4173 1122 4230 ego
1176 4156 1475 4213 infamatur
1520 4153 1895 4210 assertionum
1920 4192 1936 4216 ,

351 4273 454 4330 age
481 4271 635 4312 nunc
676 4255 824 4311 sicut
857 4249 1213 4316 desiderasti,
1259 4257 1317 4304 et
1345 4257 1404 4304 te
1455 4255 1789 4303 sectatorem
1840 4257 1939 4298 ve-

2033 3155 2093 3204 et
2119 3154 2177 3200 tu
2209 3142 2427 3216 placido
2444 3141 2630 3196 animo
2651 3137 2793 3196 meis
2821 3129 3358 3206 interrogationibus
3384 3127 3614 3200 dignum

2035 3235 2261 3293 duxeris
2293 3232 2656 3305 respondere.

2104 3328 2165 3384 C.
2189 3328 2348 3382 Move
2378 3325 2528 3396 quod
2553 3325 2657 3390 vis,
2697 3331 2760 3378 ut
2777 3323 2892 3394 jam
2919 3317 3212 3376 videamus
3233 3330 3300 3374 ea
3323 3329 3449 3387 quae
3476 3329 3510 3371 ι
3533 3325 3614 3372 me

2039 3421 2184 3476 scire
2212 3419 2518 3474 desideres.

2107 3509 2174 3565 N.
2222 3509 2360 3564 Volo
2393 3507 2623 3576 ,igitur,
2669 3513 2732 3562 ut
2777 3503 2916 3560 mihi
2963 3503 3194 3574 planum
3245 3499 3436 3566 facias,
3489 3513 3626 3569 quo-

2041 3617 2171 3658 nam
2195 3599 2360 3656 modo
2378 3615 2411 3654 a
2425 3598 2583 3654 vobis
2603 3597 2766 3653 beata
2787 3593 2951 3666 Virgo
2973 3593 3282 3664 appellatur
3293 3592 3619 3666 Theotocos,

2043 3693 2152 3749 hoc
2172 3700 2278 3756 cst,
2316 3689 2416 3746 Dei
2443 3687 2719 3754 Genitrix,
2751 3700 2920 3758 quam
2950 3691 3168 3741 constat
3216 3683 3476 3756 genuisse
3501 3683 3622 3740 Em.

2041 3785 2376 3842 manuelem.

2109 3875 2172 3934 ο.
2213 3876 2336 3947 Ipsa
2393 3857 2626 3946 prorsus
2661 3882 2770 3930 tua:
2820 3870 3278 3944 interrogationis
3328 3869 3621 3942 principia,

2040 3969 2184 4025 duos
2205 3977 2258 4024 te
2291 3967 2436 4023 ﬁlios
2457 3964 2689 4022 credere
2721 3963 3097 4022 manifestam.

2107 4061 2174 4118 N.
2199 4059 2350 4126 Noli,
2387 4073 2589 4131 quaeso-
2617 4067 2694 4126 te,
2715 4065 3020 4129 antequam
3063 4071 3316 4114 meorum
3351 4054 3620 4112 dictorum

2041 4153 2316 4225 rationem
2345 4152 2644 4224 diligenter
2678 4150 2973 4217 discutias,
2997 4147 3364 4206 calumniosis
3395 4161 3486 4203 me
3523 4147 3612 4202 ἰων

2042 4254 2236 4318 petere
2269 4244 2526 4300 vocibus.

353 4326 540 4422 ritatis
562 4343 886 4408 ostendens,
919 4348 1196 4398 tne-tuum
1229 4337 1588 4395 falsissimum
1621 4341 1758 4392 nota
1779 4345 1944 4391 που·
1975 4357 2026 4416 ο
2121 4337 2188 4394 C.
2213 4335 2390 4392 Nemo
2416 4342 2568 4388 recte
2625 4330 2733 4388 sibi
2762 4328 2956 4386 inferri
2997 4327 3332 4386 calumniam
3377 4326 3626 4400 queritur

358 4448 598 4494 saturem
607 4479 621 4492 .

429 4527 498 4584 N.
535 4527 958 4598 Relinquentes,
1016 4525 1069 4582 si
1097 4524 1299 4598 placet,
1328 4522 1456 4587 iga,
1487 4535 1555 4576 ea
1593 4516 1948 4590 proferamus

364 4619 716 4685 discutienda
737 4619 794 4674 in
826 4617 1094 4684 medium,
1127 4631 1250 4688 quae
1274 4613 1664 4684 unusquisque
1693 4621 1949 4671 nostrum

364 4711 605 4782 simplici
655 4720 863 4776 mente,
908 4707 1213 4777 Cathplicis
1243 4704 1462 4778 iudicat
1485 4705 1788 4760 convenire
1817 4704 1954 4780 dog-

366 4805 632 4870 matibus,
661 4819 732 4859 ne
758 4803 818 4859 in
841 4802 932 4858 his
955 4817 1081 4876 qua:
1099 4799 1169 4866 ad
1195 4813 1312 4856 rem
1347 4812 1458 4854 non
1487 4797 1778 4870 pertinent
1809 4805 1951 4854 tem-

366 4914 472 4973 pus
493 4884 790 4954 videamur
821 4895 1172 4965 expendisse.
1221 4971 1225 4973 _
1372 4879 1374 4884 ’
1523 4954 1531 4962 _

435 4989 502 5046 C.
528 4987 815 5059 Optimum
838 4988 1062 5058 quidem
1085 4971 1226 5042 mihi
1241 4994 1300 5042 et
1317 4985 1488 5041 nimis
1505 4977 1748 5057 gratum,
1769 4997 1954 5042 semo-

369 5080 446 5138 tis
464 5077 738 5136 conviciis
769 5065 986 5148 semper
1007 5077 1078 5132 de
1094 5075 1333 5134 veritate
1361 5075 1721 5146 conquirere.

441 5167 512 5225 N.
534 5166 730 5238 Solent
759 5165 976 5238 injuriae
999 5167 1110 5223 illis
1135 5173 1400 5237 praestare
1442 5162 1794 5236 suil‘ragium,
1831 5162 1958 5232 qui-

375 5258 482 5315 bus
513 5254 767 5312 studium
811 5262 897 5310 est
928 5270 1042 5311 non
1076 5255 1148 5311 de
1178 5255 1437 5322 veritate,
1468 5258 1567 5313 sed
1589 5319 1592 5323 ,
1617 5255 1688 5312 de
1733 5253 1960 5326 propria

375 5349 602 5424 gloriari
627 5347 885 5404 victoria.
917 5346 980 5402 In
1008 5347 1096 5402 his
1119 5355 1326 5414 autem,
1359 5347 1455 5422 qui
1495 5355 1613 5404 tota
1649 5343 1961 5402 intentione

2051 4441 2218 4499 quem
2248 4439 2358 4478 non
2389 4421 2590 4487 aliena,
2619 4418 2715 4476 sed
2743 4433 2843 4475 sua
2885 4417 3073 4490 potius
3130 4417 3492 4490 redarguunt.
3527 4417 3628 4474 Ve-

2051 4531 2177 4574 rum
2205 4514 2252 4570 si
2273 4528 2376 4586 ego
2403 4508 2864 4582 interrogationis
2901 4517 3009 4564 tua:
3031 4507 3367 4564 sententiam
3404 4505 3631 4562 minime

2051 4585 2365 4678 intelligere
2392 4602 2572 4676 potui,
2597 4603 2802 4674 deputo
2826 4602 2935 4658 hoc
2977 4589 3295 4670 imperitiae,
3333 4585 3634 4654 dummodo

2053 4705 2115 4756 tu
2135 4697 2376 4756 lucidius
2395 4695 2672 4768 explices,
2700 4693 2796 4766 qui
2835 4693 3062 4749 modum
3096 4688 3165 4746 de
3195 4689 3489 4748 Theotocos
3534 4703 3638 4768 ap-

2052 4790 2354 4864 pellatione
2404 4765 2631 4862 planum
2686 4765 2791 4844 tibi
2843 4785 2964 4842 ﬁeri
3013 4783 3268 4856 ﬂagitans
3322 4765 3638 4854 subjecisli,

2053 4897 2220 4954 quam
2249 4887 2467 4938 constat
2495 4881 2759 4952 genuisse
2778 4875 3219 4934 Emmanuelem.
3261 4874 3318 4932 Si
3342 4875 3489 4954 enim
3517 4890 3632 4929 mo-

2057 4947 2189 5030 dum
2225 4947 2614 5044 appellationis
2667 4969 2968 5026 Theotocos
3006 4947 3416 5038 perquirentes,
3471 4965 3638 5036 etiam

2055 5065 2494 5130 Emmanuelem,
2517 5077 2684 5135 quem
2727 5069 2922 5116 natum
2947 5058 3135 5116 dixisti
3165 5073 3235 5113 ex
3249 5057 3498 5128 Virgine,
3541 5055 3636 5110 Dei

2058 5156 2260 5214 Filium
2291 5154 2573 5220 crederes,
2599 5152 2882 5212 suil‘iceret
2927 5140 3136 5216 dicere,
3185 5164 3428 5228 quonam
3462 5139 3638 5228 modo

2059 5249 2373 5306 Theotocos
2394 5249 2552 5312 beata
2569 5247 2735 5319 Virgo
2753 5245 3065 5318 appelletur
3081 5259 3114 5298 a
3131 5227 3639 5310 vobisAdjiéiendo

2054 5351 2268 5408 autem,
2310 5356 2494 5412 quam,
2523 5347 2743 5397 constat
2767 5325 3033 5414 genuisse.
3063 5331 3502 5414 Emmanuelem,
3547 5325 3650 5407 dp—

377 5441 618 5514 cupiunt
643 5438 714 5494 de
747 5447 1028 5510 comperta
1071 5438 1306 5510 veritate
1343 5408 1603 5510 gaudere,
1623 5439 1810 5495 locum
1844 5442 1964 5493 haec
2061 5434 2251 5502 cuisti,
2287 5408 2434 5490 sicut
2461 5408 2626 5489 datur
2657 5408 2920 5500 intelligi,
2961 5408 3378 5510 Emmanuelem
3433 5430 3546 5470 non
3580 5423 3650 5479 te

369 5533 610 5607 penitus
631 5545 745 5586 non
769 5529 997 5588 habent.

442 5620 731 5694 C._Facile
754 5622 895 5678 solet
918 5623 974 5677 in
1007 5619 1444 5692 disputationum
1465 5623 1682 5678 semitis
1700 5628 1770 5678 se
1799 5620 1966 5692 (sicut

459 5737 508 5771 δ’
529 5735 687 5794 Psal.

782 5735 966 5806 μηδ.
1041 5737 1270 5819 f'Joan.
1325 5751 1401 5804 ιιι,
1427 5738 1478 5794 6.
1554 5739 1844 5814 "Act,.x,
1885 5736 1911 5790 l
1967 5749 2124 5808 seqq.

2063 5529 2267 5604 Filium
2291 5525 2389 5582 Dei
2411 5523 2668 5581 credere.
3229 5597 3273 5604 __
3537 5592 3552 5604 _
3581 5564 3591 5580 .

2135 5619 2204 5674 N.
2241 5617 2539 5686 Nunquam
2579 5627 2705 5685 ego,
2761 5617 2826 5668 ut
2868 5617 2927 5666 tu
2960 5603 3188 5668 asseris,
3229 5592 3646 5678 Emmanuelcm

3613 5795 3646 5808 -
