3952 6136
235 625 250 730 l

598 186 747 224 ντί(

311 233 417 301 119

1553 249 1588 310 J
1592 248 1800 309 OANN
1801 249 1874 309 IS
1910 249 2298 315 MAXENTII—

3475 259 3582 328 120

307 348 414 451 nisi
441 347 642 451 Filium
659 349 760 410 Dei
782 353 1133 451 credidi_,_sed
1155 356 1296 414 scire
1316 357 1480 451 cupio
1491 359 1739 451 modum,
1763 375 1899 430 qua-
1927 365 1974 424 Α
2002 378 2167 422 causa
2197 383 2326 425 vere
2347 378 2404 426 et
2419 372 2646 444 praprie
2665 388 2790 434 esse
2803 375 3232 451 creditus“
3243 375 3579 436 Theotocos.

304 437 434 494 liter
465 439 776 500 Theotoeos
805 443 964 501 beata
989 446 1155 518 Virgo
1177 447 1487 518 appelletur
1520 463 1551 502 a
1585 449 1762 505 vobis.

375 528 438 588 C.
491 530 549 587 Si
597 532 946 602 Emmanuel,
988 553 1154 608 quem
1191 544 1435 594 natume
1472 536 1636 593 beata
1655 537 1895 609 Virgine-

305 620 616 687 confiteris,
644 621 974 690 FiliusEDeia
1005 631 1057 678 te
1069 638 1288 694 semper
1306 631 1398 680 est
1413 625 1683 692 creditus,
1708 624 1883 681 Fili'us

245 713 252 754 ί
304 723 491 768 autem
522 713 619 768 Dei
652 729 764 768 non
787 722 872 769 est
895 714 1000 770 nisi
1029 714 1198 781 Deus,
1218 724 1370 772 recte
1392 717 1623 773 omnino
1647 732 1679 772 a
1717 716 1883 774 nobis

244 837 252 866 ὁ

244 896 254 940 l

229 1136 250 1167 Ι

245 786 253 866 ξ
305 804 467 860 beata
494 803 663 876 Virgo
689 803 938 860 creditur
965 804 1304 862 Theotocos.

376 892 444 947 Ν.
467 891 592 948 Cito
609 893 906 964 proposita
924 895 1246 965 quastionis
1267 896 1544 954 rationem
1570 906 1625 957 te
1641 897 1882 955 aestimas

304 983 631 1055 csplicasse,
682 985 843 1056 quasi
892 1001 1006 1042 non
1036 987 1150 1043 sint
1192 989 1449 1056 ulterius,
1478 1005 1602 1061 qua
1661 989 1732 1046 de
1778 989 1884 1046 hac

304 1075 614 1145 quastione
647 1085 994 1147 quarantur.

373 1165 436 1222 C.
466 1166 568 1223 Dic
587 1182 708 1240 age,
745 1167 1005 1239 quidvis,
1049 1184 1157 1227 nec
1185 1170 1324 1227 ullas
1351 1170 1634 1228 dilationis
1654 1170 1883 1242 patiaris

303 1258 606 1328 angustias.

373 1348 441 1404 N.
493 1348 759 1416 Quamvis
806 1351 1128 1409 Theotocon
1172 1353 1389 1410 beatam
1427 1355 1707 1427 Virginem
1746 1368 1884 1410 con-

303 1439 449 1497 ﬁteri
497 1457 602 1499 nec
655 1457 758 1515 ego
790 1444 1077 1517 refugiam,
1106 1461 1216 1502 non
1257 1455 1439 1503 tamen
1483 1446 1631 1517 quod
1683 1447 1880 1513 Deum,

300 1532 401 1589 sed
432 1534 566 1604 quia
594 1535 876 1591 hominem
926 1539 1206 1609 genuerit,
1233 1539 1349 1594 Deo
1370 1538 1611 1604 unitum,
1674 1535 1883 1596 idcirco

299 1638 425 1680 eam
445 1625 714 1683 conﬁteor
743 1627 1089 1685 Theotocon.

2055 457 2137 512 Ν...
2173 459 2232 514 Si
2286 462 2463 518 Deum
2506 476 2708 524 natura
2753 469 2949 541 genuit
2978 469 3143 527 beata
3171 471 3341 544 Virgo
3379 471 3574 537 Maria,

1979 545 2098 618 jam
2127 563 2238 604 non
2259 553 2469 621 carnis,
2502 556 2600 612 sed
2629 568 2716 614 est
2750 561 2992 632 genitrix
3017 563 3410 631 divinitatis;et
3431 579 3569 634 quo-

1979 636 2148 693 modo
2194 655 2309 696 non
2353 641 2529 700 Deum
2564 646 2812 704 Verbum
2856 653 3164 710 secundum
3199 652 3581 724 divinitatem,

1979 743 2104 799 qua
2126 730 2204 786 illi
2221 746 2347 788 cum
2367 734 2531 792 Patre
2553 741 2864 797 communis
2886 749 2995 811 est,
3019 743 3324 800 secundum
3347 759 3575 803 carnem

1981 834 2110 878 cum
2139 832 2332 879 natum
2349 840 2418 882 ex
2445 826 2662 900 virgine
2685 829 3030 902 pradicatis?

2051 909 2114 966 C.
2155 911 2276 968 Non
2315 923 2402 972 est
2468 915 2778 976 divinitatis
2827 919 3103 989 Genitrix,
3146 921 3296 979 sicut
3351 931 3412 978 tu
3469 936 3574 978 nos

1981 1001 2213 1060 credere
2242 1013 2522 1074 autumas,
2556 1010 2814 1080 quamvis
2843 1028 2970 1070 vere
2999 1023 3057 1070 et
3088 1015 3316 1085 pmprie
3373 1013 3448 1070 sit
3471 1013 3571 1070 Dei

1979 1092 2253 1163 Genitrix,
2277 1097 2409 1168 quia
2441 1115 2555 1154 non
2570 1099 2917 1159 divinitatem
2937 1104 3038 1160 Dei
3054 1104 3245 1181 Verbi,
3265 1105 3360 1161 sed
3393 1104 3568 1162 Deum

1980 1186 2229 1244 Verbum
2255 1205 2323 1246 ex
2347 1205 2409 1248 se
2430 1191 2714 1250 hominem
2737 1194 2966 1265 factum,
2994 1196 3142 1254 sicut
3163 1197 3422 1270 superius
3446 1198 3567 1254 dic-

1982 1287 2101 1334 tum
2128 1288 2236 1347 est,
2263 1282 2474 1352 genuit.

2050 1370 2118 1427 N.
2146 1370 2205 1428 Si
2236 1387 2364 1429 vere
2387 1383 2444 1431 et
2470 1377 2698 1448 proprie
2723 1378 2900 1436 Deum
2918 1388 3109 1438 natum
3131 1397 3201 1438 ex
3216 1380 3443 1453 Virgine
3468 1381 3568 1437 de-

1973 1461 2250 1531 .derimus,
2271 1481 2467 1523 vereor
2486 1469 2572 1524 ne'
2594 1469 2716 1526 sine
2737 1469 2899 1528 initio
2912 1473 3061 1531 Deus
3077 1473 3322 1530 Verbum
3345 1472 3564 1529 initium

1983 1556 2188 1615 habere
2215 1558 2558 1632 intelligatur
2578 1576 2644 1617 ex
2671 1561 2895 1620 femina.

2634 1671 2787 1729 CAP.
2816 1673 2906 1731 IV.

2059 1781 2124 1838 C.
2144 1781 2214 1838 Et
2239 1798 2340 1839 cur
2361 1783 2474 1841 non
2503 1784 2704 1841 demus
2717 1785 2769 1841 ei
2793 1800 2864 1842 ex
2891 1786 3096 1844 femina
3113 1789 3419 1844 secundum
3445 1805 3567 1847 car-

376 1853 441 1911 C-
488 1853 679 1912 Paw“
728 1857 957 1914 οωηίηο
985 1856 1132 1928 (ιυοά
1163 1857 1436 1913 hactenus
1487 1854 1796 1928 ιθεεδθιιιτ·
1829 1844 1888 1910 Si
1990 1884 2119 1927 nem
2149 1873 2395 1940 initium,
2420 1874 2514 1945 qui
2533 1883 2620 1931 est
2647 1873 2952 1932 secundum
2975 1877 3324 1934 divinitatem
3342 1895 3373 1934 a
3398 1844 3564 1936 Patre

298 1945 448 2000 enim
471 1960 582 2001 non
603 1947 798 2014 Deum,
828 1945 924 2003 sed
954 1947 1233 2002 hominem
1251 1947 1366 2003 Deo
1454 1947 1672 2002 unitum
1699 1944 1888 2018 genuit
1990 1963 2111 2019 sine
2139 1963 2346 2020 ίηίιίοιρ

298 2047 492 2092 sancta
529 2038 699 2112 Virgo
721 2040 914 2107 Maria,
939 2048 1024 2096 est
1052 2041 1171 2096 sine
1192 2039 1364 2097 dubio
1378 2034 1532 2112 juxta
1566 2047 1622 2094 te
1639 2037 1882 2093 Anthro-

294 2137 548 2198 potocos,
585 2130 692 2187 hoc
712 2139 818 2199 est,
850 2131 1092 2189 hominis
1125 2133 1387 2208 geniqtrix,
1413 2147 1528 2187 non
1550 2129 1881 2186 Theotocos.

2057 2053 2126 2114 N.
2149 2053 2439 2122 Quomodo
2465 2059 2771 2115 secundum
2801 2075 3024 2115 carnem
3054 2059 3262 2116 habere
3290 2059 3512 2115 initium
3529 2076 3562 2117 a

1989 2154 2042 2201 te
2074 2144 2280 2202 dicitur
2308 2148 2377 2214 is,
2401 2150 2496 2219 qui
2527 2159 2612 2206 est
2633 2167 2665 2207 a
2686 2153 2848 2207 Patre
2870 2152 2990 2208 sine
3035 2152 3219 2218 initio,
3253 2167 3365 2207 non
3400 2152 3562 2208 intel-

241 2251 244 2254 '
295 2220 418 2289 QUO
447 2238 580 2295 ergo
603 2224 769 2281 modo
816 2224 1139 2281 Thcotocon
1177 2225 1428 2281 eamdem
1452 2221 1722 2294 virginem
1758 2235 1874 2292 pro-

2008 2236 2118 2308 igo,
2141 2248 2330 2294 utrum
2361 2240 2455 2310 qui
2479 2244 2562 2298 ais
2583 2243 2680 2312 qui
2710 2258 2741 2298 a
2779 2243 2942 2300 Patre
2993 2253 3079 2299 est
3107 2244 3228 2300 sine
3276 2244 3457 2310 initio,
3491 2260 3562 2301 ex

293 2311 508 2381 literis,.
530 2329 694 2384 quam
719 2329 829 2369 non
854 2315 1050 2382 Deum,
1083 2314 1181 2370 sed
1203 2313 1483 2369 hominem
1503 2310 1882 2367 tantummodo

293 2403 566 2475 pradicas
584 2404 882 2476 genuisse?

365 2495 434 2553 N.
477 2497 738 2554 Unitione
789 2497 996 2553 factum
1041 2503 1148 2563 est,
1177 2504 1237 2550 ut
1274 2495 1322 2552 is
1367 2497 1464 2568 qui
1501 2512 1570 2552 ex
1614 2511 1679 2552 ea
1715 2502 1880 2551 natus

294 2597 406 2655 est,
436 2590 585 2645 Deus
607 2589 938 2660 appelletur,
995 2596 1225 2659 propter
1271 2588 1447 2643 Deum
1486 2587 1752 2644 videlicet
1785 2586 1876 2641 cui

297 2681 472 2746 uniri,
500 2696 781 2759 unamque
811 2696 938 2736 cum
975 2695 1044 2736 eo
1083 2679 1435 2752 dignitatem,
1464 2689 1523 2735 et
1569 2677 1876 2734 auctorita-

296 2781 412 2846 tgm
449 2773 655 2830 habere
683 2773 1013 2843 promeruit.

365 2863 854 2936 C..Appellatione
905 2879 1039 2937 ergo
1084 2873 1298 2921 tantum
1349 2871 1406 2919 et
1455 2862 1723 2935 dignitate
1755 2859 1874 2915 sive

294 2954 548 3023 honore,
569 2971 680 3012 non
736 2971 868 3012 vere
892 2965 948 3013 et
977 2957 1203 3028 proprie
1263 2956 1426 3011 beata
1452 2954 1619 3024 Virgo
1669 2960 1756 3008 est
1781 2965 1872 3007 se-

1983 2329 2274 2387 divinitate
2304 2332 2361 2388 in
2395 2348 2620 2389 carnem
2643 2351 2861 2402 versus,
2898 2336 3119 2392 dicatur
3143 2338 3423 2408 accepisse
3447 2336 3560 2392 ini-

1983 2421 2160 2477 tium?
2183 2423 2268 2480 An
2307 2424 2436 2496 quia
2464 2434 2586 2481 erat
2612 2427 2732 2484 sine
2761 2427 2944 2497 initio,
3004 2440 3228 2500 accepta
3257 2444 3426 2485 carne
3469 2428 3558 2484 di-

1980 2523 2138 2571 catur
2162 2516 2368 2576 habere
2392 2517 2647 2574 initium?

2047 2605 2108 2661 C.
2138 2606 2198 2661 In
2221 2622 2443 2662 carnem
2497 2610 2749 2664 converti
2775 2610 3219 2667 inconvertibilis
3249 2611 3398 2666 Deus
3435 2625 3557 2666 om-

1977 2696 2112 2750 nino
2142 2711 2255 2751 non
2284 2703 2490 2766 potest,
2515 2697 2612 2752 sed
2643 2713 2876 2754 manens
2921 2699 3090 2765 Deus,
3128 2699 3185 2753 in
3210 2698 3434 2770 propria
3463 2699 3554 2754 di-

1975 2785 2207 2841 vinitate
2270 2785 2574 2856 perfectus,
2631 2788 2791 2843 carni
2842 2796 2901 2844 et
2947 2790 3144 2845 anima
3185 2789 3440 2845 rationali
3491 2805 3554 2845 se

1978 2878 2197 2944 uniens,
2235 2879 2407 2951 capit
2437 2893 2561 2935 esse
2590 2879 2758 2935 homo
2794 2880 2942 2950 quod
2971 2889 3133 2936 antea
3166 2897 3281 2936 non
3325 2891 3464 2946 erat,
3496 2886 3554 2934 et

1974 2971 2080 3028 hac
2113 2971 2326 3028 ratione
2357 2972 2662 3028 secundum
2692 2987 2914 3028 carnem
2941 2971 3148 3028 dicitur
3174 2972 3386 3028 habere
3446 2970 3555 3026 ini-

295 3045 542 3103 cundum
577 3061 682 3101 vos
705 3045 1042 3112 Theotocos,
1090 3061 1214 3117 qua
1241 3059 1355 3101 non
1376 3058 1508 3100 vere
1555 3049 1610 3097 ct
1648 3039 1872 3113 proprie

2004 3062 2116 3118 ium
2147 3063 2216 3128 is,
2242 3063 2340 3134 qui
2366 3071 2452 3120 est
2502 3081 2532 3119 a
2558 3065 2721 3120 Patre
2752 3065 2872 3120 sine
2898 3064 3011 3120 ullo
3033 3063 3218 3119 initio.

296 3140 493 3211 genuit
515 3139 1070 3196 secundum-carnem
1104 3139 1278 3195 Deum
1321 3136 1585 3201 Verbum,
1618 3133 1716 3190 sed
1769 3132 1874 3188 ho-

296 3231 529 3296 minm,
559 3230 650 3286 cui
682 3231 987 3301 praestitum
1012 3239 1098 3287 est
1123 3230 1193 3286 ab
1222 3245 1320 3294 eo,
1348 3229 1438 3284 cui
1469 3225 1617 3283 uniri
1644 3225 1872 3290 meruit,

299 3330 363 3378 ut
389 3322 981 3395 Deus.dicatur~,.quod
1014 3337 1128 3378 non
1155 3329 1261 3378 est.

947 3433 1101 3490 CAP.
1138 3433 1229 3490 Ill.

367 3551 436 3614 Ν.
485 3550 757 3618 Quoniam
795 3550 910 3608 hoc
923 3559 1030 3618 est,
1065 3551 1213 3623 quod
1245 3563 1349 3606 nos
1376 3546 1536 3605 valde
1565 3553 1872 3620 permovet,

297 3661 368 3702 eo
410 3645 729 3716 quod‘vere
761 3654 817 3701 et
852 3644 1081 3718 proprie
1126 3645 1301 3701 Deum
1341 3650 1536 3699 natum
1573 3657 1644 3698 ex
1667 3641 1875 3698 femina

297 3741 632 3814 pradicetis,
668 3750 833 3812 atque
870 3741 942 3796 ob
970 3741 1078 3796 hoc
1108 3755 1238 3796 vere
1283 3748 1341 3795 et
1392 3738 1618 3809 proprie
1658 3737 1875 3793 beatam

295 3833 584 3906 Virginem
631 3833 730 3888 Dei
764 3832 1046 3888 fateamini
1093 3831 1454 3900 Genitricem,
1510 3844 1719 3902 quaro,
1779 3828 1876 3900 qui

297 3937 431 3978 vere
458 3929 526 3978 et'
542 3919 765 3992 praprie
785 3929 1030 3992 generet,
1058 3928 1245 3976 utrum
1275 3919 1546 3990 ejusdem,
1573 3921 1732 3991 cujus
1757 3920 1877 3992 ipse

200 4047 206 4052 -
300 4025 408 4084 est,
440 4032 510 4072 an
539 4015 772 4072 alterius
794 4015 1092 4087 cujuslibet
1118 4016 1443 4072 substantia
1464 4016 1724 4087 generet?

370 4103 436 4162 C.
489 4103 694 4176 lhepta'
733 4103 900 4160 nimis
955 4113 1012 4161 et
1069 4105 1221 4162 fatua
1294 4105 1696 4177 interrogatio,
1751 4105 1878 4177 quis

298 4197 460 4265 enim-
475 4195 778 4269 aliquando
798 4196 992 4254 aliena
1013 4204 1309 4270 generator
1330 4196 1577 4254 creditur
1598 4212 1719 4255 esse
1740 4197 1876 4254 sub-

299 4288 518 4344 stantia
529 4288 554 4342 ?

2045 3159 2112 3216 Ν.
2144 3159 2414 3227 Quoniam
2448 3161 2516 3216 de
2539 3160 2771 3216 summis
2803 3167 2860 3216 et
2888 3159 3184 3232 pracipuis
3209 3158 3378 3214 rebus
3404 3171 3554 3228 qua-

1975 3255 2084 3312 stio
2110 3253 2370 3320 vertitur,
2406 3269 2595 3324 quaso
2626 3263 2690 3309 ut
2709 3253 2984 3325 patienter
3011 3252 3081 3308 de
3123 3252 3213 3307 his
3234 3266 3359 3322 qua
3394 3266 3426 3304 a
3460 3264 3548 3304 me

1974 3355 2304 3419 quaeruntur
2348 3346 2706 3416 respondeas.
2762 3346 2949 3402 Necte
2983 3353 3240 3400 moveant
3289 3359 3389 3406 ea,
3429 3358 3553 3412 qua

1974 3439 2080 3494 tibi
2142 3437 2416 3503 fortassis,
2452 3445 2748 3509 antequam
2803 3437 3098 3510 intelligas,
3128 3435 3392 3492 videntur
3428 3449 3551 3490 esse

1973 3532 2275 3588 contraria.
3111 3517 3116 3523 ’

2046 3623 2108 3680 C.
2145 3623 2238 3680 Sic
2283 3638 2372 3678 me
2422 3622 2492 3678 de
2539 3621 2806 3693 patientia
2835 3634 3176 3685 commones,
3239 3618 3396 3690 quasi
3446 3616 3551 3672 ha-

1975 3724 2170 3773 ctenus
2201 3713 2556 3786 impatienter
2583 3713 2696 3770 tuis
2738 3711 3128 3784 responderim
3162 3709 3553 3781 interrogatio-

1975 3807 2163 3862 nibus.

1973 3900 2006 3970 ε
2041 3900 2108 3956 Ν.
2134 3899 2254 3955 Νοη
2285 3897 2499 3968 utique,
2523 3895 2618 3952 sed
2649 3904 2713 3951 ut
2753 3896 2970 3965 incepta
2999 3893 3230 3950 lenitate
3266 3899 3320 3948 te
3373 3890 3552 3947 conti-

1975 4007 2131 4057 neas,
2164 4005 2384 4046 moneo.

2044 4083 2106 4140 C.
2134 4083 2233 4139 Dei
2264 4083 2371 4138 hoc
2399 4081 2607 4137 donum
2625 4089 2731 4136 est.

2045 4177 2112 4232 N.
2141 4174 2435 4230 Dominum
2479 4180 2734 4229 nostrum
2779 4169 2970 4227 Jesum
2997 4167 3281 4225 Christum
3319 4178 3428 4219 una
3479 4177 3549 4218 an

1975 4268 2190 4325 duabus
2219 4263 2548 4322 substantiis
2581 4262 2904 4320 conﬁteris?

367 4378 437 4436 Ν.
470 4379 528 4436 Si
559 4378 772 4435 fatuum
792 4388 849 4435 et
864 4379 1112 4452 ineptum
1151 4377 1391 4452 iudicas,
1431 4379 1660 4437 credere
1675 4394 1872 4452 quem-

2044 4359 2107 4418 C.
2163 4359 2226 4414 In
2259 4357 2476 4414 duabus
2511 4355 2708 4428 procul
2742 4353 2947 4423 dubio,
2988 4351 3085 4410 sed
3135 4347 3396 4416 naturali,
3435 4363 3548 4404 non

299 4486 464 4544 quam
490 4447 1092 4544 alienageneratorem
1123 4447 1245 4528 esse
1276 4472 1625 4538 substantia,
1657 4447 1876 4529 constat
1976 4447 2254 4523 Persona“
2287 4447 2659 4504 οοηνθηῑίοιιθ
2692 4447 2887 4500 “nilis-

298 4579 433 4638 ergo
449 4565 624 4622 Deum
643 4562 910 4631 Verbum,
937 4579 1048 4619 non
1073 4563 1144 4619 de
1169 4572 1366 4632 matre,
1414 4564 1512 4621 sed
1544 4573 1702 4636 patre
1743 4581 1877 4622 vere

297 4664 358 4713 et
387 4656 613 4728 proprie
640 4664 1129 4727 generatum,cum
1159 4671 1271 4727 quo
1299 4655 1380 4712 illi
1411 4665 1497 4712 est
1526 4673 1634 4713 una
1653 4656 1875 4713 eadem-

298 4759 411 4819 que
437 4744 1049 4816 substantia-.Alioqui’n
1075 4745 1183 4801 erit
1208 4745 1405 4816 procul
1422 4745 1616 4812 dubio,
1631 4747 1874 4803 consub-

2632 4559 2786 4617 CAP.
2812 4559 2878 4615 V.

2043 4675 2109 4732 N.
2132 4672 2381 4730 Necdum
2411 4672 2686 4738 absoluta,
2715 4671 2784 4728 de
2815 4685 2924 4742 qua
2973 4670 3176 4742 agitur,
3224 4666 3548 4740 quastione,

1971 4779 2346 4837 prapropere,
2387 4762 2443 4818 in
2460 4763 2624 4818 aliam
2651 4761 2976 4834 prorupisti,
3003 4760 3101 4817 sed
3127 4759 3296 4815 dilata
3327 4756 3548 4814 interim

298 4837 581 4897 διθηιίθιίε
623 4845 804 4894 male?
838 4835 1082 4928 Domini,
1125 4851 1238 4893 Ποη
1266 4836 1450 4893 “lum
1489 4837 1604 4892 Deo
1649 4837 1832 4895 τοτδο
1855 4879 1870 4906 υ
1972 4835 2335 4928 inquisitione
2358 4853 2428 4912 de
2454 4854 2694 4910 naturali
2726 4853 2999 4919 unitione,
3033 4851 3308 4918 absolute,
3336 4863 3546 4921 quaso,

300 4942 469 4999 quem
492 4941 626 4983 vere
648 4933 706 4982 et
736 4926 957 4998 proprie
980 4928 1138 4999 juxta
1193 4942 1294 4985 vos
1321 4929 1571 4986 creditur
1592 4930 1870 5002 genuisse.

300 5033 500 5074 verum
521 5018 690 5074 etiam
705 5018 820 5074 Deo
841 5019 1015 5087 Patri,
1039 5019 1130 5076 cui
1148 5019 1294 5077 idem
1319 5021 1468 5078 Deus
1483 5023 1724 5078 Verbum
1742 5038 1876 5079 con-

301 5107 694 5166 substantialis
715 5108 953 5166 exsistit.

376 5199 441 5259 C.
465 5199 1005 5260 Consubstantialem
1031 5204 1242 5278 Virgini
1267 5206 1440 5263 Deum
1463 5207 1726 5272 Verbum,
1762 5205 1874 5265 non

300 5292 611 5354 secundum
634 5293 1145 5367 divinitatem,qua
1165 5297 1244 5352 illi
1277 5299 1720 5370 una-eademque
1749 5315 1877 5355 cum

302 5385 466 5441 Patre
492 5391 600 5452 est,
648 5385 749 5443 sed
780 5385 1090 5444 secundum
1117 5403 1344 5446 carnem
1394 5391 1490 5461 qui
1519 5407 1630 5446 non
1677 5393 1878 5460 credit,

302 5476 521 5534 alienus
547 5492 579 5533 a
602 5475 732 5534 ﬁde.
763 5477 906 5536 Sane
952 5479 1082 5552 quia
1117 5496 1229 5536 non
1249 5480 1888 5554 homincm‘quemlihet‘,

303 5567 402 5639 qui
430 5584 543 5627 non
567 5569 642 5628 sit
673 5579 871 5629 natura
891 5572 1060 5641 Deus,
1088 5575 1186 5632 sed
1219 5576 1393 5632 Deum
1423 5579 1665 5635 Verbum
1694 5580 1876 5636 incar-

1976 4947 2315 5021 respondeas
2357 4964 2372 5002 :
2412 4947 2613 5006 Utrum
2659 4933 2962 5011 Christum,
3018 4959 3184 5015 quem
3227 4943 3286 4998 in
3332 4940 3550 4996 duabus

1975 5039 2192 5096 naturis
2219 5038 2510 5096 confessus
2535 5054 2618 5107 es,
2643 5054 2710 5095 ex
2735 5039 2897 5096 Patre
2921 5045 3158 5101 tantum,
3196 5049 3266 5091 an
3283 5032 3450 5089 etiam
3484 5046 3551 5086 ex

1976 5131 2149 5188 Matre
2177 5138 2369 5187 natum
2391 5145 2606 5187 asseras
2619 5130 2666 5185 ?.

2047 5221 2109 5279 C.
2146 5222 2217 5278 Et
2259 5237 2329 5279 ex
2371 5222 2535 5278 Patre
2585 5228 2645 5278 et
2671 5237 2741 5278 ex
2767 5219 2939 5277 Matre
2963 5234 3137 5284 unum
3182 5212 3552 5284 eumdemque

1979 5312 2263 5370 Christum
2293 5321 2483 5368 natum
2515 5326 2637 5368 esse
2669 5310 2962 5368 conﬁteor.

2051 5403 2118 5458 Ν.
2143 5401 2269 5458 Alio
2302 5402 2467 5458 modo
2509 5417 2580 5459 ex
2606 5401 2815 5468 Matre,
2856 5401 2966 5458 alio
2993 5415 3062 5457 ex
3087 5397 3284 5456 Patre?
3319 5411 3388 5451 an
3439 5407 3551 5450 uno

1979 5492 2485 5564 eodemque'modo
2516 5507 2585 5550 ex
2613 5493 2780 5549 Patre
2797 5501 2855 5550 et
2885 5507 2954 5548 ex
2981 5491 3184 5548 Matre?

2048 5584 2110 5640 C.
2149 5584 2272 5640 Alio
2318 5584 2510 5657 procul
2563 5584 2734 5642 dubio
2758 5600 2827 5642 ex
2873 5583 3060 5651 Patre,
3113 5581 3225 5639 alio
3274 5576 3441 5637 modo
3485 5591 3551 5635 cx

307 5666 601 5729 natum,et
631 5678 717 5740 ,οι
756 5679 816 5722 se
844 5665 1127 5725 hominem
1157 5667 1363 5726 factum
1409 5670 1620 5744 genuit,
1671 5673 1773 5730 hac
1808 5673 1879 5729 de
1978 5677 2184 5733 Matre.

1791 5775 1895 5789 ,νοο-
