3904 6144
358 365 462 436 121

1224 371 1424 434 DIAL.
1491 366 1815 436 CONTRA'
1831 371 2386 435 NESTORIANOS.
2422 395 2492 431 --.-
2516 370 2669 435 LIB.
2696 366 2753 434 Ῐ.

3515 363 3617 432 122

420 482 490 542 Ν.
520 484 835 544 Secundum
864 500 1031 558 quem
1068 485 1294 544 modum
1334 503 1405 544 ex
1453 488 1641 557 Patre,
1698 486 1817 545 sive
1860 502 1929 544 ex
1957 494 2006 553 Α
2100 490 2169 548 Ν.
2205 490 2629 559 lllanlmirum,
2650 504 2777 563 qua
2800 488 2872 546 ad
2906 484 3114 560 Ioseph
3136 483 3196 545 in
3228 483 3616 543 somnisfacta

353 575 528 633 Matre
555 591 688 633 eum
715 577 921 634 asseris
948 580 1174 634 natum?

294 650 301 657 ’
421 666 818 726 C.Secundum
845 669 1194 728 divinitatem
1221 670 1449 745 quidem
1470 688 1541 730 ex
1562 673 1925 740 Patre,eumo

354 761 480 818 dem
508 762 814 819 secundum
841 761 1245 819 humanitatem
1273 780 1345 821 ex
1370 763 1565 834 Matre.

424 853 492 908 N.
524 852 639 910 Cur
671 868 805 926 ergo
832 870 964 911 vere
995 863 1054 911 et
1100 856 1330 927 proprie
1356 856 1457 913 Dei
1483 854 1738 913 Genitrix
1766 870 1799 910 a
1825 869 1927 911 vo-

354 942 443 999 bis
474 943 650 1000 Mater
699 944 919 1003 Domini
945 946 1301 1017 praedicatur,
1332 955 1392 1003 et
1421 962 1534 1004 non
1564 947 1754 1019 magis
1778 946 1928 1001 illius

352 1044 587 1101 naturae,
618 1036 780 1108 cujus
812 1045 870 1094 et
907 1037 1082 1095 Mater
1121 1048 1226 1104 est,
1260 1040 1352 1096 cui
1404 1039 1507 1096 Dei
1546 1038 1718 1096 Verbi
1746 1038 1930 1094 unitio

351 1124 668 1183 divinitatis
699 1144 814 1185 sum
837 1130 1077 1187 contulit
1095 1130 1428 1187 vocabulum
1460 1139 1519 1187 et
1561 1129 1888 1202 dignitatem
1906 1128 1942 1183 ?'

350 1214 658 1286 Cujusnam
689 1219 874 1276 credis
894 1229 1148 1277 naturam
1199 1222 1348 1278 hanc
1386 1236 1512 1280 esse
1540 1220 1928 1289 humanitatis,

353 1322 523 1378 quam
548 1325 683 1366 vere
708 1319 766 1367 et
791 1312 1018 1384 proprie
1047 1312 1133 1369 vis
1158 1328 1284 1370 esse
1313 1329 1381 1370 ex
1420 1312 1687 1386 Virginei
1717 1371 1723 1379 ,

425 1401 495 1456 Ν.
521 1401 724 1458 Procul
757 1402 930 1459 dubio
955 1403 1180 1461 Domini
1207 1405 1439 1463 Christi.

424 1490 488 1547 C.
521 1490 807 1550 Christum
833 1494 969 1566 quid
995 1511 1118 1553 esse
1144 1496 1382 1555 deﬁnis?

426 1580 496 1638 N.
527 1583 703 1641 Deum
728 1594 787 1641 et
810 1585 1118 1645 hominem.

426 1672 494 1729 C.
518 1675 619 1732 Dei
648 1692 781 1748 ergo
808 1686 865 1733 et
888 1678 1136 1736 hominis
1162 1679 1304 1737 facta
1330 1688 1417 1739 est
1450 1690 1651 1738 natura
1691 1681 1786 1738 illa
1826 1681 1936 1737 hu-

358 1767 648 1825 manitatis
671 1785 837 1843 quam
861 1787 993 1829 vere
1020 1783 1079 1830 et
1098 1774 1322 1847 proprie
1356 1776 1506 1848 .dicis
1539 1791 1662 1833 esse
1711 1791 1780 1833 ex
1805 1775 1933 1831 Vir-

358 1858 528 1932 giae?

428 1948 499 2004 N.
523 1949 662 2017 Quis
690 1950 798 2008 hoc
818 1952 1079 2012 dubitet?

429 2035 493 2093 C.
529 2039 598 2095 Et
629 2043 909 2112 quomodo
936 2056 1055 2100 non
1077 2053 1164 2101 est
1184 2045 1488 2103 absurdum
1515 2049 1744 2106 credere
1762 2049 1940 2107 Deum

361 2136 423 2184 et
448 2127 734 2187 hominem
755 2149 822 2188 ex
854 2134 1080 2207 Virgine
1124 2145 1385 2194 naturam
1419 2142 1787 2212 assumpsisse
1831 2143 1941 2199 hu-

367 2223 632 2276 manam?
654 2222 813 2289 Quod
841 2226 888 2281 si
915 2226 1064 2283 Deus
1089 2236 1147 2284 et
1167 2228 1338 2285 homo
1370 2245 1439 2287 ex
1449 2230 1675 2303 Virgine
1696 2234 1946 2292 creditur

355 2309 517 2382 juxta
553 2328 652 2370 vos
688 2324 942 2373 naturam
989 2322 1357 2392 assumpsisse
1413 2323 1736 2392 humanam,
1791 2329 1942 2387 unde

357 2412 659 2475 antequam
689 2421 759 2468 ex
785 2408 1013 2481 Virgine
1039 2403 1191 2468 Deus
1210 2423 1525 2470 assumeret
1547 2426 1806 2473 naturam
1832 2419 1940 2475 hu-

355 2510 601 2564 manam,
632 2498 815 2557 factus
851 2501 1019 2558 homo
1058 2504 1377 2562 credendus
1408 2516 1517 2572 est,
1546 2518 1611 2565 ut
1652 2510 1736 2566 sic
1792 2512 1940 2569 Deus

353 2595 413 2644 et
442 2589 611 2645 homo
641 2592 903 2650 credatur
926 2596 1293 2667 assumpsisse
1324 2612 1394 2654 ex
1417 2600 1649 2673 Virgine
1678 2611 1937 2660 naturam

354 2678 678 2739 humanam.

425 2776 495 2832 N.
528 2776 698 2833 Miror
732 2787 787 2834 te
814 2788 927 2835 tam
957 2789 1166 2839 temere
1186 2781 1373 2840 ridere
1406 2784 1476 2841 de
1498 2786 1759 2844 veritate.

422 2865 488 2923 C.
523 2867 852 2926 Nullatenus
875 2885 979 2942 ego
995 2873 1291 2929 veritatem
1316 2873 1550 2940 irrideo,
1576 2876 1675 2932 sed
1704 2891 1939 2948 respon-

351 2954 535 3014 sionis
583 2964 692 3014 tua:
747 2959 1152 3019 absurditatem
1182 2964 1475 3021 verissima
1527 2965 1744 3023 ratione
1773 2982 1935 3023 coar-

351 3065 492 3121 guo.

420 3140 830 3217 N.Oﬁ‘enderis
880 3148 963 3215 (ut
1018 3147 1157 3203 mihi
1185 3147 1430 3221 videtur)
1474 3164 1604 3207 cum
1649 3150 1933 3211 Christum

351 3233 533 3290 Deum
563 3235 725 3291 audis
745 3244 803 3291 et
825 3237 1132 3293 hominem.

425 3322 491 3379 C.
525 3324 649 3379 Non
703 3341 791 3380 me
826 3327 1061 3383 oﬂ‘endit
1089 3326 1376 3384 Christum
1423 3329 1601 3387 Deum
1654 3331 1851 3390 audire
1881 3341 1938 3390 et

355 3412 665 3481 hominem,
696 3416 792 3472 sed
825 3426 875 3473 te
903 3418 1157 3485 oﬂ‘eudit,
1193 3420 1290 3490 qui
1321 3419 1608 3477 Christum
1653 3423 1938 3481 hominem

355 3503 565 3561 factum
586 3522 698 3562 non
733 3508 936 3563 credis.
972 3508 1113 3564 Nam
1138 3526 1266 3565 cum
1288 3528 1392 3584 ego
1425 3528 1600 3568 unum
1649 3515 1939 3573 eumdem-

356 3611 468 3666 que
487 3598 761 3668 genitum,
786 3610 845 3655 et
864 3617 932 3656 ex
955 3602 1117 3658 Patre
1142 3604 1453 3658 secundum
1492 3604 1861 3672 divinitatem,
1883 3614 1942 3661 et

356 3700 426 3741 ex
451 3685 623 3741 Matre
660 3688 969 3745 secundum
1000 3691 1428 3756 humanitatem,
1466 3689 1796 3761 simpliciter
1830 3694 1941 3748 tuis

359 3775 898 3847 interrogationibus
943 3780 1382 3855 respondissem,
1415 3788 1474 3835 tu
1519 3782 1695 3836 Deum
1739 3797 1806 3837 ex
1836 3783 1939 3838 Pa-

360 3875 471 3932 tre,
527 3866 816 3923 hominem
864 3883 999 3924 vero
1048 3884 1118 3924 ex
1164 3869 1337 3924 Matre
1384 3870 1580 3926 volens
1616 3872 1935 3942 ostendere,

358 3956 521 4027 quasi
554 3971 625 4012 ex
652 3959 1016 4029 consequenti
1043 3960 1259 4015 ratione
1294 3962 1605 4028 concludis,
1641 3972 1698 4018 et
1732 3964 1935 4022 docere

355 4046 578 4113 niteris,
607 4062 722 4103 non
752 4048 960 4105 debere
1010 4065 1143 4107 vere
1182 4060 1241 4106 et
1277 4052 1504 4122 proprie
1551 4053 1771 4109 beatam
1808 4055 1936 4111 Vir-

354 4139 542 4212 ginem
569 4139 668 4195 Dei
729 4139 960 4197 credere
1005 4140 1370 4210 Genitricem,
1407 4143 1506 4200 sed
1558 4153 1774 4202 naturae
1829 4148 1935 4203 hu-

354 4247 535 4288 mana:
560 4232 724 4304 cujus
755 4242 933 4288 mater
963 4242 1069 4290 est.
1095 4234 1153 4291 Si
1202 4235 1373 4307 igitur
1411 4237 1562 4293 Deus
1590 4239 1826 4294 verbum
1863 4256 1934 4297 ex

354 4324 622 4379 maternis
648 4323 961 4380 visceribus
991 4339 1216 4381 carnem
1236 4342 1550 4393 assumens,
1570 4331 1932 4402 semetipsum

356 4411 618 4471 formavit
636 4414 945 4484 hominem,
984 4432 1100 4472 non
1122 4418 1353 4474 alterius
1382 4420 1501 4475 sine
1535 4420 1707 4475 dubio
1735 4431 1933 4478 natura

2032 581 2317 656 leguntur.
2360 617 2364 620 ~

2687 672 2841 731 CAP.
2869 670 2957 730 Vl.

2102 759 2166 818 C.
2196 760 2267 818 Et
2295 761 2433 833 quid
2461 762 2573 818 tale
2605 760 2821 819 dictum
2850 760 2922 818 ad
2959 774 3091 818 eum
3120 755 3369 832 legitur?

2104 852 2171 910 N.
2206 852 2371 922 Tolle,
2406 854 2610 926 inquit,
2637 871 2863 927 puerum
2883 861 2934 910 et
2981 860 3211 908 matrem
3235 849 3371 923 ejus,
3413 855 3465 905 et
3495 849 3617 921 fuge

2034 946 2092 1000 in
2125 944 2457 1018 ﬁgyplum;
2487 947 2730 1018 futurum
2756 952 2833 1002 est
2853 944 3015 1012 enim,
3044 951 3105 999 ut
3130 943 3363 1001 Herodes
3406 947 3616 1013 qucrat

2035 1037 2257 1108 perdere
2283 1054 2512 1109 puerum
2540 1039 2609 1095 ⁸³.
2628 1037 2702 1096 Ει
2724 1052 2955 1094 rursus:
2983 1036 3235 1107 Defuncti
3256 1042 3380 1090 sunt
3413 1046 3616 1097 omnes,

2035 1127 2127 1199 qui
2154 1128 2462 1199 quaerebant
2514 1132 2757 1186 animum
2804 1128 2955 1201 pueri
2979 1128 3050 1182 ".
3097 1125 3491 1197 Nunquidnam
3527 1121 3617 1177 di-

2037 1231 2189 1278 ctum
2223 1232 2309 1280 est
2336 1240 2350 1278 :
2377 1223 2643 1281 Del‘uncti
2707 1230 2859 1290 sunt,
2894 1221 2991 1294 qui
3019 1219 3345 1292 quarebant
3372 1218 3620 1274 animam

2036 1311 2180 1369 Dei?
2226 1320 2367 1371 aut:
2406 1313 2564 1371 Tolle
2615 1314 2792 1371 Deum
2826 1321 2886 1370 et
2918 1313 3045 1384 iuge
3072 1310 3130 1367 in
3163 1306 3501 1381 Egyptum?
3528 1305 3619 1363 vel

2040 1414 2194 1462 certe
2216 1406 2470 1463 futurum
2503 1414 2613 1475 est,
2639 1416 2703 1463 ut
2736 1405 2989 1463 Herodes
3009 1411 3223 1477 quaerat
3265 1402 3444 1458 Deum
3485 1415 3619 1471 per-

2040 1493 2212 1550 dere?
2232 1493 2354 1562 Quo
2387 1495 2521 1568 quid
2548 1505 2733 1568 potest
2753 1510 2878 1552 esse
2907 1493 3179 1565 iniquius,
3209 1503 3378 1563 quam
3412 1495 3476 1545 ut
3498 1501 3621 1545 cre-

2040 1588 2208 1645 datur
2235 1589 2386 1648 Deus
2408 1599 2637 1663 propter
2667 1589 2957 1647 hominem
2976 1586 3183 1659 fugisse
3210 1584 3269 1639 in
3291 1578 3622 1654 Egyptum?

2041 1678 2200 1736 Unde
2253 1680 2609 1736 manifestum
2667 1688 2776 1747 est,
2829 1676 2990 1735 vanis
3041 1670 3622 1748 argumentationibus

2042 1779 2241 1828 contra
2270 1771 2592 1828 divinorum
2623 1771 2976 1842 eloquiorum
3004 1766 3315 1825 sententias
3334 1762 3616 1824 laborare,

1968 1845 2018 1909 Β
2043 1862 2137 1932 qui
2191 1878 2449 1935 puerum,
2476 1864 2532 1920 id
2575 1872 2680 1931 est,
2711 1862 2992 1918 hominem
3020 1860 3226 1916 docent
3252 1871 3405 1921 eum,
3449 1864 3619 1922 quem

2040 1962 2103 2011 tu
2124 1956 2303 2013 Deum
2335 1963 2537 2011 natura
2570 1955 2793 2010 conaris
2823 1962 3093 2009 astruere.

2114 2048 2333 2105 C.Dum
2359 2049 2524 2104 nimis
2542 2048 2794 2102 intentus
2812 2060 2874 2101 es
2894 2045 2953 2099 in
2976 2043 3066 2098 his
3087 2041 3389 2111 Scriptum
3414 2035 3623 2091 divinat

2041 2132 2301 2207 vocibus,
2323 2156 2464 2211 quas
2487 2141 2599 2196 tuis
2627 2149 2790 2209 putas
2818 2143 3135 2207 competere
3156 2132 3437 2204 partibus,
3465 2137 3621 2185 caete-

2043 2246 2134 2287 ras
2156 2231 2380 2302 penitus
2409 2229 2672 2300 despicis.
2703 2228 2786 2283 An
2826 2226 2969 2281 forte
2998 2223 3127 2279 vilis
3154 2222 3257 2279 tibi
3286 2227 3346 2275 et
3367 2226 3621 2275 contem-

2042 2322 2230 2378 nenda
2249 2320 2470 2377 videtur
2492 2319 2711 2377 Veteris
2741 2317 3082 2374 Testamenti
3105 2313 3429 2377 auctoritas,
3466 2325 3589 2380 quae

2040 2429 2300 2484 puerum,
2329 2428 2494 2482 quem
2521 2420 2578 2467 tu
2597 2412 2772 2466 Deum
2802 2409 3065 2480 denegas,
3089 2406 3262 2461 Deum
3293 2399 3622 2467 l‘ortem,do—

2040 2505 2377 2560 minatorem
2399 2502 2703 2573 praedicat?
2720 2501 2916 2557 Nonne
2942 2497 3219 2554 clamabat
3254 2495 3347 2549 ille
3376 2490 3619 2563 prophe-

2040 2605 2222 2654 tarum
2252 2594 2494 2651 eximius
2518 2594 2712 2658 Isaias,
2733 2592 2963 2647 dicens:
2995 2588 3137 2644 Puer
3173 2594 3332 2640 natus
3350 2591 3426 2638 est
3447 2582 3616 2646 nobis,

2039 2696 2090 2742 et
2118 2686 2265 2756 ﬁlius
2297 2686 2455 2740 datus
2480 2694 2556 2739 est
2591 2683 2761 2748 nobis,
2806 2682 2957 2752 cujus
2987 2686 3219 2751 potestas
3271 2677 3329 2730 in
3385 2671 3617 2728 humeris

2039 2782 2182 2853 ejus,
2216 2790 2264 2834 et
2284 2780 2558 2834 vocabitur
2588 2778 2769 2848 magni
2799 2773 3008 2831 consilii
3059 2769 3304 2842 angelus,
3332 2765 3621 2822 admirabi‘

2039 2875 2127 2943 lis,
2152 2876 2509 2940 consiliarius,
2556 2872 2696 2928 Deus
2734 2872 2918 2943 fortis,
2953 2869 3308 2930 Dominatar,
3363 2863 3619 2931 Princeps

2036 2969 2206 3040 pacis,
2228 2968 2393 3023 Pater
2422 2966 2590 3036 futuri
2645 2962 2828 3018 seculi
2857 2962 2945 3016 ⁵⁸⁸.
2973 2957 3236 3029 Nunquid
3270 2957 3388 3011 haec
3420 2963 3476 3010 te
3516 2967 3621 3007 nc-

2034 3059 2180 3115 scire
2212 3058 2477 3114 credibile
2497 3056 2625 3112 est?
2654 3054 2772 3111 Nisi
2802 3053 2950 3109 forte
2975 3050 3313 3108 contrariam
3344 3046 3458 3103 illis
3495 3060 3527 3100 a
3563 3051 3619 3100 te

2036 3150 2271 3222 prolatis
2307 3147 2643 3220 evangelicis
2662 3143 3009 3203 testimoniis
3061 3141 3347 3213 prophetae
3390 3144 3618 3195 senten-

2038 3238 2170 3295 tiam
2184 3238 2443 3310 .judicas?

2108 3330 2176 3385 N.
2218 3330 2339 3385 Non
2365 3343 2471 3400 ego
2504 3326 2842 3383 contrariam
2889 3323 3086 3397 judico
3164 3316 3500 3389 evangelicis
3537 3322 3620 3370 te-

2038 3424 2321 3483 stimoniis
2357 3423 2644 3493 prophetae
2701 3420 3059 3482 sententiam,
3098 3414 3195 3471 sed
3226 3412 3326 3468 tibi
3382 3410 3490 3465 hoc
3534 3409 3617 3463 vi.

2039 3517 2224 3582 detur,
2258 3516 2354 3585 qui
2371 3513 2608 3569 necdum
2631 3528 2827 3568 eorum
2872 3509 3222 3565 intellectum
3269 3501 3490 3572 assequi
3519 3516 3618 3571 po-

2040 3611 2219 3666 tuisti.
2243 3607 2479 3662 Attende
2510 3607 2705 3677 igitur,
2729 3605 2776 3661 si
2808 3607 2915 3669 vis,
2951 3599 3288 3673 prophetica:
3319 3594 3612 3652 sententia;

2040 3716 2070 3756 a
2097 3710 2148 3757 te
2168 3699 2393 3770 prolatae
2424 3696 2783 3768 purissimum
2815 3693 3185 3755 intellectum,
3203 3696 3260 3745 et
3283 3687 3431 3752 vide,
3449 3700 3616 3755 quam

2038 3809 2152 3849 non
2194 3792 2269 3847 sit
2316 3790 2523 3845 nostris
2570 3785 2855 3844 contraria
2904 3780 3341 3846 assertionibus;
3373 3776 3617 3846 denique

2037 3898 2274 3956 puerum
2323 3890 2533 3947 natum,
2556 3887 2613 3935 et
2666 3878 2840 3934 illium
2895 3876 3085 3932 datum
3127 3872 3398 3946 propheta
3430 3866 3615 3925 vocari

2035 3971 2263 4043 quidem
2309 3971 2507 4035 Deum,
2533 3983 2644 4024 non
2678 3976 2866 4023 autem
2897 3980 3023 4022 esse
3054 3971 3330 4021 testatur:
3356 3960 3426 4016 Et
3454 3975 3615 4014 voca-

2035 4064 2195 4126 bitur,
2234 4063 2436 4132 inquit,
2490 4061 2672 4132 magni
2712 4058 2918 4114 consilii
2968 4055 3215 4128 angelus,
3259 4048 3613 4114 admirabilis,

2033 4155 2391 4219 consiliarius,
2420 4153 2563 4209 Deus
2591 4154 2766 4224 fortis.
2816 4151 3009 4221 NeQue
3061 4147 3212 4204 enim
3259 4145 3447 4200 omnia
3490 4156 3615 4212 quae

2031 4256 2321 4313 vocantur,
2358 4246 2624 4302 continuo
2647 4244 2815 4299 etiam
2855 4240 3164 4297 vocationis
3216 4251 3331 4293 suae
3357 4233 3615 4290 obtinent

2031 4339 2459 4411 proprietatem.
2491 4335 2742 4405 Denique
2785 4335 2936 4389 Deus
2979 4328 3479 4399 vocatus'Moyses,
3517 4324 3613 4380 sed

2032 4430 2354 4485 nullatenus
2388 4424 2702 4481 vocationis
2752 4422 2919 4493 hujus
2956 4420 3212 4476 obtinere
3238 4416 3489 4473 creditur
3515 4428 3613 4468 ve-

355 4505 722 4563 humanitatis
738 4516 1025 4579 assumpta
1053 4525 1123 4565 ex
1147 4510 1396 4581 Virgine,
1434 4510 1543 4565 nisi
1595 4511 1748 4567 illius
1789 4512 1932 4569 facta
1959 4532 2013 4593 ι)
2038 4519 2281 4573 ritatem.
2311 4514 2413 4571 llic
2459 4515 2747 4578 docemur,
2790 4525 2906 4566 non
2942 4504 3079 4566 esse
3123 4521 3361 4579 puerum
3415 4510 3613 4559 natura

356 4606 463 4664 est,
494 4599 590 4668 qui
620 4614 680 4656 se
706 4613 775 4657 ex
807 4600 927 4671 ipsa
946 4600 1230 4671 [formavit
1264 4601 1572 4668 hominem,
1615 4612 1675 4659 et
1722 4602 1934 4662 idcirco
2034 4609 2232 4673 Deum,
2267 4606 2367 4663 sed
2391 4612 2620 4677 propter
2655 4604 2831 4659 Deum
2861 4600 2959 4673 qui
2984 4600 3036 4657 ei
3069 4598 3262 4655 unitus
3282 4606 3389 4663 est,
3439 4594 3614 4650 Deum

358 4700 490 4742 vere
530 4696 588 4743 et
619 4688 843 4760 proprie
876 4689 1195 4746 secundum
1252 4705 1481 4748 carnem
1544 4702 1737 4751 sancta
1764 4693 1934 4767 Virgo

358 4776 459 4833 Dei
485 4776 739 4835 Genitrix
759 4780 1028 4849 creditur,
1054 4782 1188 4852 quia
1211 4798 1324 4838 non
1348 4782 1499 4839 Deus
1532 4783 1590 4839 in
1610 4785 1796 4842 carnis
1835 4801 1934 4842 na-

361 4875 542 4924 turam
562 4885 868 4927 conversus
884 4879 993 4938 est,
1038 4882 1102 4928 ut
1123 4887 1235 4928 non
1262 4881 1415 4929 esset
1438 4874 1588 4931 Deus
1626 4875 1724 4947 qui
1768 4884 1934 4933 natus

357 4969 464 5025 est,
493 4960 592 5018 sed
631 4977 863 5018 manens
897 4962 1064 5029 Deus,
1092 4962 1258 5019 homo
1289 4964 1468 5020 factus
1487 4972 1546 5021 et
1571 4975 1738 5022 natus
1761 4975 1867 5023 est.

426 5053 496 5107 N.
527 5051 763 5108 Sursum
793 5067 859 5108 ac
891 5053 1154 5110 deorsum
1198 5054 1341 5110 nihil
1387 5055 1539 5111 aliud
1587 5058 1803 5113 moliris
1844 5057 1931 5131 (ut

359 5142 577 5214 video),
608 5142 717 5199 nisi
761 5151 823 5199 ut
856 5144 1029 5199 Deum
1064 5156 1265 5203 natura
1309 5146 1515 5203 doceas
1564 5163 1713 5217 eum,
1756 5167 1923 5222 quem

358 5230 528 5303 Virgo
579 5231 745 5286 enixa
773 5240 891 5287 est:
922 5232 1018 5289 sed
1068 5235 1169 5293 tibi
1207 5251 1312 5307 pro
1355 5252 1443 5293 me
1493 5254 1659 5295 voces
1701 5240 1932 5297 obviant

357 5323 711 5396 evangelica),
743 5338 871 5394 quae
898 5324 1207 5382 nullatenus
1224 5328 1553 5398 permittunt
1585 5330 1759 5388 Deum
1790 5347 1933 5403 prae-

360 5412 547 5472 dicare
574 5430 730 5483 eum,
765 5412 866 5486 qui
887 5427 958 5470 ex
987 5413 1213 5488 Virgine
1238 5426 1407 5475 natus
1432 5429 1539 5477 est.

424 5501 491 5561 C.
523 5502 593 5559 Et
613 5518 872 5577 quasnam
890 5501 1000 5560 illa
1014 5518 1182 5561 voces
1203 5512 1353 5573 sunt,
1378 5521 1502 5579 qua
1520 5524 1609 5570 me
1630 5509 1932 5583 prohibent

365 5591 536 5651 Deum
559 5607 629 5649 ex
656 5589 885 5663 Virgine
912 5598 1101 5647 ustum
1139 5590 1488 5663 praedicare?

431 5760 475 5791 ⁸⁸
511 5757 705 5814 Matth.
740 5772 799 5821 ιι,
838 5755 924 5814 i3.
1002 5757 1051 5790 “
1075 5757 1203 5815 ibid.
1235 5758 1327 5815 20.
1402 5757 1471 5793 '°‘
1498 5759 1599 5818 lsa.
1634 5778 1708 5831 ix,
1740 5764 1794 5820 9.

2032 4715 2066 4755 a
2099 4698 2370 4771 propheta
2396 4696 2607 4753 vocari.

2102 4790 2165 4847 C.
2196 4789 2456 4861 Impietas
2488 4786 2783 4844 manifesta
2809 4802 2824 4841 :
2854 4782 3165 4842 secundum
3189 4782 3343 4836 hunc
3372 4792 3611 4849 namque

2031 4879 2400 4951 expositionis
2435 4887 2545 4937 tum
2593 4893 2845 4944 sensum,
2899 4891 3032 4948 ergo
3065 4882 3124 4930 et
3171 4871 3321 4943 quod
3376 4869 3610 4935 dicitur,

2034 4987 2176 5043 puer
2208 4971 2704 5028 natusnullatenus
2736 4966 3182 5026 substantialiter
3211 4962 3611 5036 intelligendus

2032 5071 2121 5119 est
2156 5070 2353 5118 natus:
2383 5061 2513 5133 quia
2543 5061 2589 5116 si
2633 5061 2782 5116 Deus
2806 5057 2967 5114 fortis
2995 5056 3143 5112 idem
3189 5071 3353 5127 puer,
3396 5052 3545 5125 quod
3579 5066 3610 5107 a

2035 5153 2305 5224 propheta
2333 5160 2589 5218 vocatur,
2617 5149 2773 5223 juxta
2798 5157 2851 5205 te
2880 5147 3321 5205 substantialiter
3353 5161 3467 5201 non
3495 5152 3610 5208 est,

2035 5242 2166 5314 quia
2192 5249 2250 5297 et
2286 5240 2501 5312 Moyses
2534 5246 2786 5303 vocatur,
2815 5244 2878 5292 ut
2932 5238 3035 5302 ais,
3072 5237 3239 5300 Deus,
3288 5233 3439 5305 quod
3474 5232 3612 5288 sub-

2027 5332 2365 5406 stantialiter
2393 5347 2505 5387 non
2538 5339 2662 5387 est:
2698 5344 2834 5401 ergo
2887 5336 2945 5383 et
2999 5327 3148 5399 quod
3179 5326 3409 5389 dicitur,
3445 5326 3609 5391 zpuer

2030 5430 2217 5490 natus,
2266 5437 2379 5477 non
2434 5428 2521 5476 est
2569 5418 3011 5475 substantialiter
3042 5424 3229 5480 natus,
3273 5414 3403 5483 quia
3446 5408 3610 5464 mults

2028 5510 2293 5567 dicuntur
2319 5508 2496 5576 nasci,
2526 5508 2625 5579 qui
2659 5515 2844 5563 tamen
2874 5504 3320 5563 substantialiter
3368 5512 3480 5553 non
3504 5509 3609 5548 na-

2031 5611 2283 5669 scuntur,
2312 5599 2654 5659 sicuthabes
2684 5616 2697 5653 :
2734 5596 2972 5670 Populus
3009 5596 3102 5669 qui
3149 5595 3417 5650 nascetur,
3453 5597 3615 5653 quem
