3952 6136
322 304 429 373 123
1390 312 1400 365 ξ

1547 299 2316 368 ΙΟΑΝΝῚΕΗΑΧΕΝΤΙΙ
2352 334 2353 337 η

3478 290 3598 366 494

315 419 444 492 fecit
470 416 727 477 Domitius
744 416 817 481 λιτ.
840 416 920 497 εει
942 414 1255 489 Apostolus
1266 413 1343 473 ad
1358 429 1485 483 eos,
1518 417 1619 488 qui
1644 417 1912 489 iamsub-
1936 421 1984 481 Α
2008 415 2186 472 dubio
2208 417 2361 473 Dens
2384 420 2471 471 est
2509 422 2733 479 tmctns,
2756 421 2819 469 et
2835 428 2948 469 non
2966 426 3111 484 puer
3134 408 3297 471 Jebat
3313 414 3594 479 Christus.

318 512 658 571 stantialiter
695 511 1073 567 exsistebant:
1104 509 1244 564 Nam
1282 509 1329 563 si
1364 509 1543 563 decem
1583 509 1786 578 millia,
1820 511 1908 565 in—

322 606 464 678 quit,
519 603 930 676 paedagogorum
980 601 1239 665 labentis
1257 600 1314 654 in
1367 599 1602 667 Christo,
1653 602 1745 657 sed
1802 618 1910 657 non

322 694 518 752 multos
540 702 740 766 patres.
766 692 986 751 Nuntia
1017 690 1231 751 Cittin
1272 690 1409 748 Iesu:
1437 706 1531 764 per
1546 692 1911 766 'Euangelium

317 804 419 859 ego
470 803 562 845 vos
594 786 761 856 genui
805 784 873 839 σε.
902 782 1208 843 Contendit
1248 784 1522 856 denique
1550 787 1670 843 hac
1706 791 1911 842 vestra

322 876 712 947 interpretatio
759 874 933 937 etiam
964 874 1334 946 illud,un
1378 877 1574 939 omnis
1626 879 1907 934 catholica

321 969 572 1027 Ecclesia
612 966 932 1033 conﬁtetur,
962 967 1166 1025 Filium
1194 968 1299 1027 Dei
1358 969 1537 1026 Deum
1563 977 1781 1025 natum
1833 970 1903 1033 de

324 1061 493 1117 Patre
522 1051 991 1130 substantialiter,
1057 1058 1261 1118 falsum
1291 1059 1519 1127 docere,
1553 1064 1625 1116 et'
1650 1077 1781 1117 eum
1827 1064 1912 1119 A-

323 1151 721 1209 rianisnatum
750 1150 981 1220 quidem
1013 1149 1084 1206 de
1103 1151 1265 1211 Patre
1302 1152 1511 1208 dicere
1540 1152 1776 1218 :Filium,
1810 1152 1910 1209 sed

324 1257 447 1301 non
502 1240 951 1305 substantialiter
1007 1241 1080 1305 de
1121 1256 1192 1299 eo
1250 1250 1467 1301 natum.
1503 1243 1575 1300 Et
1608 1243 1753 1299 unde
1794 1244 1910 1316 iam

325 1332 774 1395 substantialiter
806 1342 974 1399 natus
998 1332 1264 1393 credatur
1287 1334 1434 1393 Deus
1462 1349 1624 1405 puer,
1667 1336 1765 1406 qui
1807 1351 1916 1392 nec

328 1427 402 1483 de
429 1439 606 1483 matre
634 1440 737 1482 nec
777 1425 847 1481 de
878 1433 1056 1501 patre
1105 1427 1416 1483 secundum
1440 1438 1541 1484 vos
1584 1428 1917 1500 intelligitur

324 1518 774 1579 substantialiter
790 1518 993 1574 natus?

400 1611 470 1667 N.
498 1610 645 1675 Noli,
680 1626 869 1680 quaeso
920 1618 996 1679 te,
1037 1609 1099 1669 in
1127 1612 1496 1681 supervacuis
1540 1622 1768 1684 tempus
1813 1629 1913 1669 ex-

329 1700 598 1773 pendere.
646 1702 759 1759 Nos
820 1701 971 1758 enim
1012 1704 1195 1759 Deum
1253 1704 1475 1773 Filium,
1528 1705 1915 1761 abominantes

332 1791 680 1862 impietatem
752 1792 897 1859 Arii,
962 1794 1415 1851 substantialiter
1442 1804 1637 1851 natum
1682 1812 1751 1852 ex
1798 1797 1914 1852 Deo

332 1881 496 1937 Patre
533 1883 819 1938 credimus
851 1894 909 1939 et
952 1884 1345 1953 praedicamus,
1376 1894 1433 1941 et
1456 1892 1916 1957 puerumnatum

330 1988 404 2030 ex
429 1973 652 2044 Virgine
676 1975 1123 2032 substantialiter
1175 1976 1297 2032 sine
1347 1977 1518 2050 dubio
1565 1980 1916 2044 conﬁtemur,

334 2080 498 2134 quem
533 2065 701 2121 etiam
754 2074 985 2137 propter
1010 2082 1138 2122 eum
1168 2068 1263 2138 qui
1325 2068 1378 2123 ei
1418 2070 1613 2126 unitus
1663 2079 1772 2136 est,
1833 2085 1919 2126 se—

330 2164 569 2226 quentes
598 2157 950 2228 prophetam,
988 2158 1228 2217 dicimus
1254 2161 1452 2217 Deum.

400 2243 462 2301 C.
486 2244 584 2300 Est
613 2261 746 2317 ergo
778 2262 919 2316 puer
949 2262 1061 2304 non
1078 2257 1279 2304 natura
1304 2249 1474 2315 Deus,
1513 2249 1612 2306 sed
1631 2250 1919 2308 vocatione

330 2335 478 2392 sicut
513 2335 767 2409 Moyses?

402 2428 470 2482 Ν.
545 2427 602 2483 Si
647 2443 760 2484 non
795 2430 1088 2486 vocatione
1133 2439 1193 2487 et
1237 2430 1531 2502 dignitate,
1572 2433 1668 2489 sed
1721 2442 1921 2491 natura

331 2518 480 2575 Deus
496 2527 583 2575 est
598 2534 759 2589 puer,
775 2528 872 2574 aut
900 2521 1438 2579 consubstantialem
1461 2523 1627 2596 55.9
1640 2526 1757 2582 Deo
1770 2523 1923 2581 Patri

333 2609 518 2666 credis
544 2625 796 2677 carnem,
813 2620 909 2666 aut
932 2627 1173 2682 puerum
1192 2622 1385 2670 natum
1400 2614 1470 2671 de
1486 2615 1711 2688 Virgine
1736 2617 1924 2674 incor-

334 2715 569 2772 poreum
607 2700 926 2759 conﬁteris.

405 2790 469 2850 C.
497 2793 579 2849 Tu
608 2809 845 2864 puerum
881 2794 1277 2866 incorporeum
1304 2813 1418 2854 non
1473 2799 1709 2856 credere
1754 2809 1924 2857 antu-

335 2899 477 2951 mas,
511 2900 615 2941 nos
647 2901 679 2941 e
703 2897 895 2953 contra
928 2888 1105 2943 Deum
1132 2888 1235 2945 tibi
1279 2903 1506 2947 carnem
1539 2891 1748 2948 factum
1766 2894 1925 2964 juxta

336 2976 626 3048 Evangelii
674 2978 1013 3035 sententiam
1047 2981 1438 3050 praedicamus,
1496 2982 1659 3055 cujus
1699 2998 1926 3039 carnem

337 3083 454 3124 non
479 3069 593 3124 Deo
613 3069 786 3137 Patri,
818 3070 917 3127 sed
964 3072 1131 3128 matri
1167 3074 1925 3130 consubstantialem'credi-

338 3175 484 3216 mus.
547 3160 903 3217 Divinitatem
955 3176 1092 3218 vero
1116 3178 1232 3219 non
1272 3164 1460 3228 matri,
1494 3164 1589 3220 sed
1627 3165 1742 3221 Deo
1773 3164 1923 3220 Patri

340 3251 879 3308 consubstantialem
900 3251 1168 3310 fatemur.

410 3343 483 3399 N.
514 3343 743 3399 Varium
800 3345 1097 3415 quemdam
1144 3354 1204 3402 et
1260 3347 1551 3405 diversum
1600 3349 1925 3407 assertionis

343 3445 453 3492 tua:
485 3448 736 3505 sensum,
766 3435 933 3494 modo
973 3437 1437 3506 confundentem,
1490 3440 1661 3497 modo
1710 3442 1925 3499 discer-

338 3537 570 3585 nentem
597 3537 848 3596 naturas,
886 3547 1117 3603 prorsus
1155 3532 1466 3604 intelligere
1511 3550 1623 3590 non
1670 3550 1919 3605 possum.

334 3622 407 3678 'Si
427 3622 597 3694 igitur
627 3622 979 3680 divinitatem
1009 3624 1186 3692 Patri,
1237 3640 1467 3683 carnem
1519 3643 1654 3683 vero
1679 3629 1925 3686 consub-

332 3715 661 3773 'stantialem
691 3716 964 3788 praedicas
997 3719 1192 3786 matri,
1245 3721 1529 3794 quomodo
1564 3736 1752 3777 sanam
1782 3722 1928 3781 hanc

338 3815 669 3863 naturarum
699 3808 1048 3866 confundens
1076 3810 1497 3880 discretionem,
1538 3830 1733 3871 rursus
1751 3816 1926 3872 Deum

336 3912 574 3954 carnem
592 3896 803 3954 factum
830 3899 1060 3967 asseris,
1101 3916 1231 3958 cum
1266 3902 1342 3958 sit
1376 3903 1525 3960 Deus
1553 3920 1666 3961 non
1698 3920 1925 3978 corpus,

338 3989 448 4047 sed
483 3990 750 4061 Spiritus,
778 3992 1015 4049 Domino
1045 3992 1300 4049 dicente:
1324 3994 1466 4051 Deus
1491 3994 1723 4067 Spiritus
1764 4006 1840 4053 est
1857 3998 1929 4053 σιτ

412 4080 476 4137 C.
507 4082 710 4138 Veram
733 4092 1064 4141 naturarum
1097 4086 1528 4144 conventionem
1556 4088 1656 4145 Dei
1679 4090 1847 4153 Verbi
1872 4100 1931 4147 et

339 4170 535 4228 carnis
581 4170 845 4241 fatentes,
901 4180 1014 4231 nun
1064 4175 1482 4245 contundimus,
1528 4178 1627 4236 sed
1680 4180 1927 4249 unimus,

342 4261 481 4331 quia
527 4277 640 4319 non
680 4262 743 4318 in
790 4279 1017 4344 carnem
1059 4281 1309 4336 versum,
1358 4268 1458 4326 sed
1499 4271 1656 4327 carni
1687 4269 1928 4337 unitum,

343 4350 556 4408 tactum
578 4352 865 4411 hominem
886 4355 1273 4426 praedicamus.

2012 507 2213 578 Sicque
2244 508 2357 578 jam
2413 520 2527 561 non
2570 504 2828 560 Christus
2883 505 3063 562 factus
3124 507 3379 564 creditur
3427 511 3594 578 Deus,

2009 597 2107 654 sed
2140 597 2287 653 Deus
2317 597 2473 667 iuxta
2502 610 2603 651 vos
2620 595 2806 651 factus
2838 595 3183 667 intelligitur
3216 596 3506 665 Christus,
3541 610 3599 658 et

2010 688 2655 758 mentiuntur-discipuli
2684 689 2740 742 in
2768 688 3006 745 Actibus
3053 691 3458 760 apostolorum,
3485 707 3598 750 non

2010 780 2215 845 Deum,
2268 778 2364 835 sed
2406 785 2643 850 merum
2700 779 2897 837 Jesum
2945 787 3175 835 unctum
3238 780 3600 840 testiﬁcantes

2010 882 2181 941 atque
2211 870 2498 926 dicentes:
2524 868 2895 925 Camenarum
2926 870 3087 927 enim
3139 886 3260 926 uere
3298 874 3354 926 in
3388 874 3601 928 civitate

2008 965 2125 1019 ista
2138 963 2421 1018 adversum
2447 969 2692 1018 sanctum
2750 974 2979 1033 puerum
3030 970 3182 1017 tuum
3210 960 3419 1031 Iesum,
3445 980 3600 1037 quem

2008 1056 2233 1120 tinxisti,
2264 1053 2500 1109 Herodes
2547 1063 2598 1107 et
2626 1052 2843 1108 Pontius
2864 1051 3074 1109 Pilatus
3104 1055 3173 1108 σί.
3409 1050 3433 1081 ’λ

2014 1182 2045 1207 ”
2083 1190 2144 1247 C.
2174 1178 2299 1246 Non
2352 1176 2750 1253 confundimus
2796 1188 3126 1246 naturarum
3180 1191 3602 1258 diversitatem,

2013 1287 2158 1342 sicut
2188 1274 2573 1356 superiustibi
2606 1268 2941 1357 responsum
2968 1295 3078 1342 est.
3136 1287 3279 1354 Quia
3311 1303 3416 1345 nec
3451 1287 3602 1342 divi-

2012 1376 2245 1431 nitatem
2274 1373 2443 1429 Verbi
2504 1373 2567 1429 i'n
2632 1382 2891 1429 naturam
2934 1364 3217 1430 credimus
3279 1389 3603 1430 conversam

2015 1471 2336 1532 humanam,
2361 1482 2466 1522 nec
2491 1468 2688 1522 rursus
2709 1451 3014 1522 humanam
3046 1467 3102 1522 in
3149 1456 3458 1523 divinitatis
3488 1482 3608 1521 mu-

2016 1569 2186 1616 tatam
2219 1560 2519 1617 essentiam
2568 1558 2961 1630 praedicamus,
3003 1570 3390 1621 verumtamen
3437 1558 3605 1621 Chri-

2016 1660 2161 1707 stum
2186 1656 2400 1714 non,ut
2433 1654 2489 1703 tu
2524 1649 2750 1714 asseris,
2799 1646 2970 1704 Deum
3004 1647 3235 1717 factum,
3283 1648 3381 1705 sed
3407 1642 3605 1709 'Deum

1945 1764 1987 1827 β
2015 1740 2222 1798 factum
2251 1740 2540 1803 Christum
2582 1739 2752 1811 (quod
2786 1732 2889 1795 tibi
2916 1738 3197 1809 diSplicet)
3243 1739 3602 1827 conﬁtemur.

2018 1833 2158 1901 Quia
2189 1848 2301 1887 non
2335 1848 2462 1887 cum
2504 1848 2716 1902 pauper
2735 1841 2917 1904 esset,
2966 1830 3124 1886 dives
3151 1831 3332 1886 factus
3365 1824 3468 1907 est,
3496 1830 3607 1885 sed

2019 1940 2144 1980 cum
2168 1924 2323 1979 dives
2355 1929 2524 1986 esset,
2563 1939 2776 1993 pauper
2802 1924 2983 1978 factus
3030 1931 3138 1988 est,
3172 1933 3235 1979 ut
3271 1938 3373 1978 nos
3407 1910 3611 1995 divites

2018 2013 2229 2069 faceret
2254 2015 2325 2070 θ’.
2356 2012 2471 2068 Νεε
2494 2014 2642 2068 enim
2669 2029 2795 2068 cum
2828 2021 2977 2068 esset
3001 2014 3059 2068 in
3084 2015 3267 2069 forma
3295 2014 3460 2078 servi,
3494 2014 3610 2069 for-

2019 2119 2165 2159 mam
2195 2103 2294 2159 Dei
2328 2101 2562 2173 accepit,
2591 2099 2689 2157 sed
2720 2117 2848 2157 cum
2882 2112 3028 2157 esset
3058 2103 3112 2157 in
3131 2100 3306 2157 forma
3337 2102 3458 2169 Dei,
3492 2102 3610 2161 ior-

2020 2212 2165 2252 mam
2189 2196 2335 2252 servi
2359 2194 2573 2265 accepit
2594 2194 2660 2250 ⁸³.
2677 2192 2951 2250 Similiter
2977 2192 3146 2249 etiam
3168 2208 3274 2248 nec
3309 2209 3435 2248 cum
3462 2200 3612 2249 esset

2021 2304 2173 2355 caro,
2205 2288 2450 2347 Verbum
2473 2286 2814 2351 estfactum,
2852 2285 2950 2342 sed
2999 2301 3127 2341 cum
3165 2292 3314 2340 esset
3338 2282 3607 2351 Verbum,

2022 2396 2173 2438 caro
2340 2380 2546 2437 factum
2581 2388 2669 2435 est
2700 2378 2768 2434 “.
2795 2377 2954 2446 Quod
2975 2367 3160 2435 autem
3190 2376 3340 2433 dicis
3368 2394 3380 2432 :
3414 2378 3472 2434 Si
3507 2394 3613 2434 na-

2020 2473 2149 2527 tura
2179 2478 2265 2528 cst
2297 2472 2446 2527 Deus
2478 2487 2640 2542 puer,
2684 2476 2849 2525 natus
2878 2469 2947 2526 de
2984 2468 3236 2543 Virgine,
3280 2466 3483 2525 fallunt
3529 2468 3614 2527 tli-

2018 2564 2226 2635 scipuli
2282 2565 2340 2619 in
2395 2562 2628 2619 Actibus
2652 2552 3057 2633 apostolorum,
3102 2578 3217 2617 non
3268 2560 3467 2626 Deum,
3512 2552 3612 2615 sed

2023 2670 2264 2728 puerum
2312 2654 2502 2711 Iesum
2553 2662 2788 2721 unctum
2840 2652 3204 2708 testiﬁcantes
3267 2650 3334 2707 ".
3376 2649 3503 2708 Non
3532 2646 3612 2705 illi

2024 2745 2245 2811 fallunt,
2276 2743 2376 2800 sed
2410 2751 2471 2799 tu
2504 2743 2694 2814 potius
2720 2741 2954 2806 falleris,
2982 2741 3081 2813 “qui
3105 2739 3280 2797 Deum
3302 2739 3614 2797 secundum

2026 2851 2250 2893 carnem
2300 2842 2532 2890 unctum
2564 2846 2679 2888 non
2712 2820 2999 2905 intelligis.
3064 2831 3202 2889 Nam
3257 2830 3303 2887 si
3335 2844 3614 2886 noncon-

2028 2928 2220 2993 trario,
2254 2926 2352 2983 sed
2396 2932 2511 2982 uno
2560 2926 2765 2996 spiritu
2816 2914 3126 2995 discipulos
3179 2926 3236 2981 et
3288 2924 3616 2995 prophetam

2027 3017 2212 3093 credis
2232 3017 2468 3079 locutos,
2504 3015 2634 3070 audi
2676 3015 3008 3087 prophetam
3046 3016 3218 3070 Deum
3241 3012 3471 3093 unctum
3493 3028 3616 3068 ma-

1952 3091 1999 3157 C
2030 3088 2231 3163 nifeste
2257 3106 2554 3161 docentem
2581 3111 2748 3175 atque
2777 3102 3085 3159 dicentem:
3115 3101 3273 3158 Sedes
3300 3088 3431 3165 tua,
3455 3100 3613 3165 Deus,

2028 3203 2087 3255 in
2110 3197 2366 3254 swculum
2381 3196 2584 3263 seaculi,
2614 3197 2766 3267 virga
2796 3194 3084 3267 aequitatis,
3130 3193 3280 3264 virga
3319 3191 3468 3262 regni
3516 3188 3614 3246 tui.

2029 3288 2591 3361 Dilext'sti‘justitiam,
2639 3294 2688 3340 et
2721 3286 2878 3340 odisti
2923 3285 3288 3356 iniquitatem,
3316 3288 3617 3353 'prop‘tcrea

2028 3389 2188 3441 unxit
2212 3394 2261 3441 te
2279 3384 2440 3453 Deus,
2460 3382 2600 3439 Deus
2620 3389 2764 3447 tuus,
2785 3379 2899 3435 oleo
2919 3378 3120 3435 latitia:
3140 3393 3252 3449 pra:
3274 3375 3618 3448 participibus

2032 3480 2135 3534 tuis
2167 3479 2234 3532 “.
2279 3476 2420 3533 "inc
2478 3473 2769 3532 evidenter
2820 3479 3055 3542 apparet
3112 3484 3227 3525 non
3280 3467 3448 3522 alium
3493 3482 3618 3523 esse

2031 3580 2264 3627 unctum
2294 3582 2534 3639 puerum
2565 3565 2776 3631 Jesum,
2808 3563 2918 3618 nisi
2950 3563 3149 3629 Deum,
3177 3574 3283 3616 nec
3308 3559 3617 3614 essealium

2028 3662 2207 3719 Deum
2232 3669 2486 3727 unctum,
2518 3658 2629 3715 nisi
2690 3671 2928 3729 puerum
2957 3650 3172 3720 Jes’um,
3208 3653 3255 3708 si
3290 3660 3473 3707 tamen
3506 3666 3619 3705 non

2032 3755 2193 3819 duos,
2219 3753 2317 3809 sed
2343 3765 2517 3807 unum
2544 3749 2829 3806 Christum
2881 3747 3183 3820 pr0phclas
3234 3751 3292 3801 et
3336 3742 3620 3814 apostolos

2032 3845 2367 3916 praedicasse
2397 3858 2511 3898 non
2545 3839 2793 3896 dubitas.

2104 3982 2173 4039 N.
2201 3982 2351 4039 Duos
2374 3978 2632 4036 Christus
2649 3968 3022 4049 praedicantes
3053 3973 3282 4029 omnino
3303 3970 3616 4034 abominor,

2033 4073 2166 4146 quia
2208 4086 2323 4129 uno
2355 4069 2563 4141 spiritu
2606 4067 2939 4141 prophetam
2987 4074 3045 4122 et
3083 4064 3365 4136 apostolos
3404 4062 3622 4117 locutos

2035 4182 2158 4225 esse
2183 4180 2296 4222 non
2329 4163 2573 4234 ambigo,
2598 4160 2700 4221 sed
2733 4169 2787 4218 te
2818 4158 3098 4215 contraria
3145 4156 3480 4212 sentientem
3529 4167 3621 4209 re-

2035 4263 2193 4329 puto,
2223 4254 2352 4325 quia
2375 4252 2535 4325 quasi
2564 4267 2633 4308 ex
2662 4249 2955 4322 propheta:
2980 4246 3280 4312 sententia,
3305 4261 3433 4300 eum
3456 4258 3620 4314 quem

2036 4351 2161 4422 ipse
2235 4355 2468 4404 unctum
2521 4345 2812 4417 praedicas,
2867 4345 3047 4400 Deum
3122 4348 3331 4396 natura
3398 4336 3624 4394 conaris

416 4445 484 4501 N.
543 4445 685 4503 Cum
722 4448 1067 4517 Deusdicat,
1120 4451 1259 4522 quod
1306 4451 1372 4507 ds
1394 4466 1556 4508 carne
1611 4461 1801 4508 natum
1829 4461 1927 4521 est,
1958 4448 2307 4512 Dastruere.
2361 4442 2502 4498 Nam
2548 4455 2677 4497 cum
2731 4438 3005 4511 propheta
3058 4449 3188 4491 eum
3237 4433 3414 4487 Deum
3446 4431 3624 4486 aDeo

341 4552 478 4591 caro
516 4545 617 4605 est,
680 4539 820 4611 quod
879 4549 1060 4596 autem
1119 4550 1307 4599 natum
1354 4550 1432 4597 est
1477 4544 1542 4598 de
1582 4545 1796 4614 spiritu,
1819 4545 1933 4615 spi-

346 4630 487 4684 ritus
538 4639 614 4686 est
645 4632 720 4689 ⁸⁸,
777 4632 1061 4703 quomodo
1095 4648 1334 4705 puerum
1367 4640 1564 4691 natum
1619 4651 1689 4692 ex
1720 4635 1933 4693 femina

345 4737 465 4778 non
499 4723 778 4791 unitione,
806 4724 902 4780 sed
930 4734 1132 4780 natura
1153 4725 1332 4781 Deum
1371 4726 1623 4783 asseris?

414 4815 486 4872 C.
513 4814 655 4883 Quia
678 4831 793 4871 non
826 4823 913 4871 est
936 4815 1078 4872 alter
1114 4824 1280 4873 natus
1321 4816 1391 4873 de
1428 4831 1597 4874 came
1638 4818 1938 4875 carnaliter

344 4923 504 4974 caro,
526 4907 636 4964 nisi
662 4907 755 4963 ille
781 4908 877 4979 qui
895 4908 967 4965 de
1001 4907 1204 4980 spiritu
1231 4907 1604 4980 spiritualiter
1645 4918 1815 4965 natus
1849 4918 1937 4967 est

346 5000 604 5069 spiritus.
628 4999 847 5056 idcirco
889 5000 1134 5072 denique
1166 5017 1237 5057 ex
1258 5001 1477 5059 duabus
1517 5011 1574 5065 et
1612 5002 1673 5058 in
1713 5002 1937 5059 duabus

349 5093 572 5147 naturis
630 5084 908 5148 unitis‘et
966 5093 1303 5162 inconfusis,
1342 5094 1525 5150 Deum
1579 5093 1681 5151 Dei
1732 5094 1936 5157 Filium

350 5181 744 5251 praedicamus.

428 5274 503 5329 N.’
529 5274 639 5331 Sed
671 5274 868 5330 harum
898 5284 1228 5333 naturarum
1275 5277 1657 5335 diversitatem
1700 5278 1941 5335 confun-

352 5367 466 5427 dis,
497 5366 671 5423 Deum
707 5374 906 5423 natura
932 5367 1242 5438 praedicans
1272 5384 1423 5436 eum,
1441 5369 1539 5442 qui
1564 5370 1817 5426 unitione
1838 5370 1939 5428 Dei

358 5460 526 5516 Verbi
562 5462 714 5516 Deus
743 5459 969 5516 dicitur.
1004 5458 1144 5516 Nam
1179 5462 1225 5519 si
1256 5476 1369 5519 non
1403 5463 1679 5530 unitione;
1708 5463 1805 5519 sed
1832 5477 1938 5518 na-

358 5558 485 5606 tura
512 5552 661 5607 Deus
707 5560 815 5619 est,
863 5552 959 5623 qui
991 5551 1062 5608 de
1114 5553 1341 5625 Virgine
1392 5561 1557 5610 natus
1598 5561 1706 5618 est,
1740 5554 1934 5624 procul

434 5687 477 5718 "
508 5685 651 5742 Psal.
698 5703 809 5753 ιιι,
864 5686 956 5743 52.
1029 5686 1120 5741 ⁸⁸1
1157 5686 1284 5743 Cor.
1311 5690 1491 5750 Iv,l5.
1539 5689 1763 5745 "Joan.
1795 5687 1922 5750 mi

2063 5687 2108 5719 ⁶⁶
2142 5686 2299 5741 Joan.
2332 5701 2411 5749 tu,
2434 5684 2486 5739 6.
2561 5682 2602 5715 "
2628 5682 2752 5753 Act.
2778 5697 2852 5753 tv,
2874 5679 2966 5734 27.

2032 4546 2262 4595 unctum
2299 4535 2584 4608 praedicet,
2634 4546 2807 4604 quem
2855 4539 2915 4587 et
2958 4526 3264 4600 participes
3308 4526 3477 4582 docet
3525 4525 3626 4579 ba-

2031 4630 2190 4697 bere,
2225 4638 2285 4686 tu
2314 4638 2516 4684 natura
2536 4627 2735 4690 Deum,
2756 4623 2853 4695 qui
2880 4622 3100 4677 nullum
3122 4619 3295 4674 habet
3315 4615 3621 4674 secundum

2034 4731 2292 4779 naturam
2331 4727 2493 4777 Suam
2509 4717 2866 4790 participem,
2894 4721 3125 4770 unctum
3156 4709 3622 4768 docere'conclu-

2035 4816 2145 4884 dis,
2175 4831 2302 4873 cum
2324 4816 2475 4871 Deus
2502 4828 2618 4869 non
2647 4811 2820 4867 habet
2844 4808 3077 4864 omnino
3105 4805 3435 4877 participes,
3477 4803 3625 4858 sicut

2036 4924 2147 4965 non
2174 4907 2345 4963 habet
2371 4906 2595 4969 fratres,
2620 4902 2721 4959 sed
2765 4901 2862 4957 ille
2894 4898 3129 4955 docetur
3155 4897 3363 4953 habere
3393 4890 3624 4965 partici-

2036 5016 2156 5074 pes,
2191 4999 2262 5056 de
2289 5013 2403 5069 quo
2435 4998 2513 5053 ait
2539 4996 2879 5067 Apostolus:
2930 4993 3071 5059 Quia
3109 5005 3231 5062 ergo
3276 4989 3433 5060 pueri
3477 5002 3647 5067 σοπη-⁸

2039 5072 2442 5147 ittuuicaverttnt
2466 5090 2623 5145 carni
2645 5096 2697 5143 et
2719 5085 2991 5157 sanguini,
3029 5092 3079 5139 et
3108 5086 3223 5155 ipse
3258 5072 3679 5163 communica-g.

1973 5215 1976 5218 ~
2036 5189 2109 5243 sit
2143 5185 2330 5241 iisdem
2353 5183 2419 5238 ".
2460 5183 2531 5237 Et
2589 5181 2687 5251 qui
2735 5177 2913 5236 dixit:
2940 5176 3188 5232 Narrabo
3242 5174 3645 5263 nauten'nutm1

2039 5277 2300 5350 fratribus
2348 5275 2499 5341 meis,
2528 5274 2584 5328 in
2621 5272 2794 5327 media
2858 5269 3109 5326 Ecclesiae
3164 5266 3397 5321 laudabo
3451 5262 3622 5319 te".

2045 5366 2204 5424 Unde
2239 5364 2529 5421 evidenter
2553 5369 2805 5433 apparet,
2827 5372 2943 5418 non
2970 5362 3207 5423 natura,
3240 5353 3340 5410 sed
3370 5352 3626 5409 ﬁnitione

2042 5460 2217 5516 Deum
2270 5464 2394 5514 esse
2410 5468 2577 5521 eum,
2614 5464 2778 5525 quem
2808 5462 2925 5524 prae
2978 5443 3344 5520 participibus
3392 5442 3624 5502 unctum

2044 5551 2313 5624 propheta
2345 5552 2603 5605 testatur.
3120 5554 3126 5563 ο
3296 5544 3303 5551 -
3356 5556 3365 5567 .
3504 5558 3525 5563 η,

3061 5677 3191 5731 6"Il
3234 5676 3366 5730 Cor.
3425 5688 3540 5733 vm,
3568 5657 3648 5722 9.‘

358 5754 411 5786 “
441 5738 678 5821 puis...
699 5738 982 5822 ἶὶῗϐῘἿι
1019 5738 1283 5827 latini},
1308 5738 1512 5813 ἱίἶἼι
1543 5738 1762 5826 seu“;
1795 5738 1922 5815 3⁷έῖ

2044 5738 2374 5823 malim,
2398 5738 2536 5823 τε.
2615 5738 2667 5785 ⁸⁷7
2693 5738 2859 5807 ιιοιπζ
2894 5748 3065 5815 11,”,
3118 5746 3186 5777 “⁶⁸
3208 5746 3355 5803 Psal.
3391 5760 3499 5808 xxi,
3530 5738 3620 5796 23.
