3904 6144
282 283 387 365 12's
1214 293 1412 354 DIAL.
1447 291 1748 354 CONTRA
1782 290 2337 355 Niss'roumnos.
2364 317 2435 330 -—
2468 292 2621 354 LIB.
2902 338 2911 345 ρ
3446 280 3550 351 126

346 413 413 473 Β.
444 412 736 483 Quomodo
760 427 880 479 eos,
930 412 1027 483 qui
1063 411 1206 471 duos
1232 409 1488 467 Christos
1526 408 1858 481 praedicant,
1888 412 1937 471 Δ
1960 409 2164 479 Ioseph
2186 409 2472 466 credimus
2490 407 2742 464 manium
2762 406 3140 468 salvatorem,
3170 404 3290 461 sed
3336 405 3548 462 incom-

278 488 586 562 abominari
617 513 671 562 te
700 504 927 568 asseris,
964 518 1095 561 cum
1120 512 1181 560 tu
1212 502 1357 560 duos
1385 503 1533 559 ﬁlios
1567 500 1869 559 manifeste
1963 500 2293 570 parabiliter
2361 500 2842 556 excellentior-em.
2891 497 3032 564 Quia
3077 497 3335 567 quamvis
3372 496 3555 553 fueris

278 595 582 668 pradicare
605 595 999 652 convinceris?
1479 642 1483 647 .
1574 644 1580 649 .
1963 592 2113 648 Deus
2139 607 2269 648 cum
2296 592 2430 658 illis,
2474 607 2587 650 non
2641 589 2976 646 tamen'sine
3010 586 3126 643 xviri
3173 585 3412 653 semine,
3446 586 3548 644 sed

346 688 417 749 Ν.
442 687 639 757 Ειιιώὶ
668 688 879 749 audisti
905 703 995 744 me
1030 687 1174 743 duos
1202 686 1347 743 illius
1379 685 1723 758 praedicare?
1964 685 2091 741 nati
2108 695 2239 740 sunt
2292 684 2415 755 lege
2469 688 2706 738 natura.
2748 678 3246 737 Christus-autem
3274 672 3549 734 Dominus

349 778 411 837 C.
442 780 501 835 1n
524 794 592 835 eo
623 794 756 835 cum
779 778 948 845 dicis,
973 794 1086 833 non
1112 783 1515 832 eum-unctum
1534 774 1633 845 qui
1658 783 1863 831 natura
1965 790 2114 831 novo
2161 773 2683 830 nativitatistntodo
2704 780 2785 828 ex
2813 772 3263 843 Spiritu‘snctov
3289 776 3348 823 et
3376 767 3553 823 Merit

278 878 364 927 est
390 871 553 936 Deus,
579 869 680 927 sed
703 884 835 927 eum
868 870 963 943 qui
986 885 1041 929 ,a
1078 868 1354 939 propheta
1384 858 1618 927 docetur
1642 866 1871 924 habere
1963 865 2191 938 Virgine
2246 873 2412 920 natus
2438 871 2546 929 est,
2589 873 2759 933 atque
2806 863 2864 916 in
2913 861 3033 931 ipsa
3075 863 3307 931 prorsus
3339 857 3551 913 forma-

277 958 576 1031 participes
617 960 718 1032 qui
749 961 1016 1017 unctione
1045 958 1147 1015 Dei
1185 957 1396 1015 dicitur
1422 958 1590 1015 Deus.
1608 976 1620 1012 ἡ
1965 959 2117 1014 tione
2144 957 2406 1014 Christus
2436 965 2522 1012 est
2558 955 2764 1011 factus.
2804 980 2807 985 ‹
2964 982 2969 985 -
3002 970 3005 975 ·
3073 970 3081 991 ε

345 1046 413 1103 Ν.
445 1048 566 1103 Non
593 1048 762 1114 duos,
800 1057 863 1103 ut
890 1057 946 1103 tu
977 1057 1252 1111 autumas,
1276 1046 1373 1103 sed
1415 1062 1587 1107 unum
1618 1044 1877 1116 prmdico.
2033 1048 2096 1105 C.
2129 1049 2188 1104 Si
2221 1063 2335 1104 non
2366 1047 2737 1104 estChristus
2766 1043 3005 1116 inqualis
3025 1044 3214 1113 neque
3228 1038 3549 1114 prophetis,

282 1136 482 1205 tilium,
516 1138 648 1210 quia
682 1148 743 1195 et
775 1141 903 1217 eius
918 1138 1234 1211 quinatura
1252 1139 1397 1194 Deus
1426 1147 1533 1205 est,
1559 1145 1614 1192 et
1628 1139 1753 1208 eius
1769 1137 1864 1207 qui
1966 1151 2064 1198 aut
2115 1142 2343 1212 Ioseph,
2386 1149 2491 1196 aut
2525 1140 2761 1196 cuilibet
2790 1144 3181 1201 sanctorum,
3214 1135 3340 1190 serit
3397 1142 3555 1191 certe

278 1230 544 1309 unctione
594 1230 695 1287 Dei
726 1230 872 1287 Deus
902 1239 1010 1298 est,
1064 1246 1230 1286 unam
1260 1229 1370 1293 lilii
1403 1229 1869 1301 appellationem.
1961 1237 2119 1307 quta
2152 1249 2258 1290 nos
2298 1231 2764 1303 aqualis'Joanni
2819 1226 3085 1299 Baptista
3132 1226 3246 1282 v'el’
3272 1226 3553 1291 meme,

279 1335 555 1392 unamque
598 1323 870 1394 proﬁteor
899 1321 1249 1394 dignitatem.
1290 1321 1448 1388 Quod
1478 1332 1667 1377 autem
1690 1320 1740 1385 is
1767 1318 1867 1390 qui
1966 1327 2064 1398 qui
2114 1326 2174 1382 in
2218 1323 2738 1397 ipsimi-iulatione
2782 1316 3351 1384 -ςῃηοιίθαιὶιέιπιι,’
3405 1318 3557 1374 sicut

278 1422 491 1489 unctus
506 1422 612 1480 est,
648 1431 766 1486 non
792 1424 1019 1481 natura,
1039 1415 1139 1471 sed
1175 1413 1427 1470 unitione
1454 1414 1553 1470 Dei
1580 1413 1731 1469 Deus
1756 1419 1864 1479 est,
1967 1421 2107 1477 dicit
2124 1419 2369 1475 θεημιά
2403 1417 2701 1475 ,ιρι-ειηξιω
2746 1432 2763 1469 ε
2795 1414 3123 1486 priami...“
3179 1419 3229 1466 re
3262 1398 3555 1483 formam

278 1504 411 1561 audi
449 1506 676 1563 beatum
703 1508 926 1563 Petrum
956 1507 1270 1578 apostolum
1290 1500 1577 1562 dicentem
1621 1503 1691 1560 ad
1724 1503 1867 1561 Cor-
1967 1517 2025 1570 in
2080 1523 2232 1569 αισι-ο
2274 1513 2395 1567 noui
2439 1519 2527 1577 te,
2569 1519 2621 1564 et
2657 1509 2976 1580 priusquam
3037 1505 3233 1559 etim.
3271 1500 3338 1557 de
3390 1502 3557 1559 vulva

278 1597 520 1654 nelium:
554 1598 1035 1675 Verbum,inquit,
1069 1599 1211 1654 misit
1245 1590 1373 1669 ﬁliis
1418 1596 1614 1664 Israel,
1645 1612 1867 1651 annun-

1996 1605 2297 1675 anctiﬁcavi
2336 1611 2387 1657 te
2416 1605 2505 1656 ⁷⁸⁸.
3554 1612 3559 1615 ·

281 1688 424 1742 tians
448 1706 634 1760 pacem
674 1707 767 1762 per
813 1690 999 1746 Iesum
1034 1689 1329 1755 Christum,
1371 1691 1451 1745 hic
1502 1697 1581 1745 est-
1628 1689 1867 1744 omnium
1896 1752 1945 1767 ἠ
2035 1697 2105 1753 Ν,
2139 1696 2262 1753 Non
2277 1705 2363 1751 es;
2384 1692 2896 1763 Christusaquaiis
2921 1691 2979 1745 'm
3008 1688 3174 1747 vulva
3230 1685 3559 1743 muniﬁca;

279 1777 561 1836 Dominus.
628 1781 725 1841 Vos
772 1783 916 1837 scitis
940 1782 1083 1853 quod
1136 1781 1336 1853 factum
1380 1791 1457 1836 est
1505 1780 1731 1837 Verbum
1772 1797 1868 1852 per
1897 1777 1943 1809 ⁸³
1968 1790 2063 1858 tis,
2106 1792 2238 1861 quia
2268 1788 2360 1844 isti
2384 1788 2613 1859 quidem
2667 1787 2724 1841 in
2757 1784 2927 1840 vulva
2964 1781 3421 1845 sanctiﬁcantur,
3457 1779 3554 1835 illo

282 1872 588 1927 uniuersam
615 1874 885 1943 Iudaeam,
911 1875 1169 1945 incipiens
1193 1893 1227 1928 a
1258 1872 1487 1928 Galilwa
1521 1882 1639 1943 post
1690 1872 1870 1942 bapti-

1993 1898 2105 1938 rero
2132 1881 2191 1936 in
2226 1878 2670 1936 conformatione
2702 1875 2764 1929 ﬁt
2799 1874 3077 1930 Christus.
3116 1872 3188 1927 Et
3209 1871 3301 1926 isti
3327 1870 3557 1941 quidem

283 1977 460 2016 smum
477 1966 620 2035 quod
636 1967 945 2037 praedicavit
977 1965 1233 2028 Joannes,
1283 1964 1466 2018 Iesum
1504 1982 1537 2018 a
1578 1964 1868 2030 Nazareth,
1972 1972 2369 2045 particular-em
2422 1968 2714 2038 accipiunt
2742 1965 3003 2036 gratiam,
3042 1963 3137 2018 ille
3171 1972 3306 2018 vero
3353 1962 3557 2032 plenus

286 2052 550 2120 quomodo
590 2054 742 2106 unxit
784 2069 903 2105 eum
952 2051 1094 2105 Deus
1136 2050 1341 2121 Spiritu
1371 2058 1556 2105 sancto
1580 2051 1871 2135 et/pirtute,
1974 2073 2060 2120 εει
2091 2063 2293 2135 grana,
2321 2068 2517 2131 ηιροιθ
2543 2058 2879 2130 unigenitus
2899 2057 3023 2111 Dei.

286 2145 379 2213 qui
403 2145 715 2213 pertransiit
762 2143 1136 2213 benefaciendo
1183 2152 1234 2196 et
1277 2143 1521 2197 sanando
1558 2158 1737 2196 omnes
1782 2158 1874 2213 op-
2042 2153 2411 2211 achrisium
2440 2151 2631 2221 inipsa
2646 2148 3090 2205 conformatione
3118 2145 3558 2214 factum,quem-

286 2251 493 2305 pressos
519 2254 551 2289 a
587 2236 817 2301 diabolo,
862 2237 1122 2314 quoniam
1147 2234 1291 2288 Deus
1324 2243 1442 2289 erat
1493 2227 1614 2287 c‘um
1655 2232 1750 2287 illo
1804 2233 1870 2287 ⁸³.

1993 2262 2102 2302 iam
2151 2245 2378 2300 modum
2423 2242 2596 2307 dicas,
2626 2256 2737 2296 non
2793 2239 3069 2309 intelligo,
3127 2237 3254 2293 ideo
3306 2236 3434 2306 quis
3484 2234 3559 2291 sit

285 2318 419 2376 Sine
442 2321 616 2378 dubio
654 2338 908 2378 noncum
943 2323 1079 2389 Deo,
1100 2322 1197 2378 sed
1225 2322 1505 2395 cumJJesu
1542 2322 1871 2378 aNazareth
1973 2339 2231 2396 Christus
2280 2336 2375 2407 qui
2433 2335 2491 2390 in
2545 2334 2665 2404 ipsa
2730 2330 3179 2388 conformatione
3226 2329 3416 2384 tactus
3470 2333 3562 2383 est

282 2421 456 2469 uncto
490 2422 547 2469 et
591 2413 805 2485 Spiritu
846 2423 1063 2481 sancto,
1097 2422 1154 2469 et
1201 2414 1410 2470 virtute
1444 2415 1592 2472 Deus
1615 2431 1740 2471 esse
1772 2430 1871 2471 co-
1973 2430 2253 2493 αιιι-ίεωε,
2282 2426 2579 2482 evidenter
2605 2423 2860 2478 ostende.

280 2506 592 2578 gnoscitur.
618 2508 754 2564 Nam
775 2507 1059 2579 quomodo
1087 2523 1200 2563 non
1238 2516 1325 2564 est
1367 2508 1598 2577 impium
1638 2516 1871 2564 unctum
2046 2521 2209 2592 550
2236 2520 2304 2575 Ν,
2364 2517 2624 2575 Christus
2676 2524 2763 2572 est
2818 2512 3140 2584 unigenitus
3164 2511 3356 2583 procul
3384 2510 3563 2568 dubio

282 2594 513 2650 credere
546 2606 748 2651 natura
814 2596 1014 2661 Deum,
1042 2597 1133 2652 cui
1186 2596 1307 2653 sine
1338 2597 1513 2652 dubio
1542 2598 1694 2652 nulla
1727 2597 1872 2653 valet
1974 2612 2173 2669 pan-is,
3080 2636 3083 2641 »

281 2695 487 2740 natura
519 2687 824 2744 resistere?
853 2688 952 2744 sed
978 2688 1073 2744 ille
1094 2689 1344 2760 ungitur,
1377 2688 1474 2759 qui
1507 2696 1630 2744 erat
1652 2688 1870 2760 praelia-
2043 2704 2106 2760 ε,
2137 2702 2296 2770 Quod
2354 2701 2627 2756 hactenus
2666 2699 3119 2770 impugnaveras,
3154 2710 3303 2751 nunc
3332 2688 3405 2750 ab
3427 2686 3562 2765 ipsa

284 2780 447 2830 ῑυτυδ
470 2785 666 2830 contra
696 2776 1005 2854 diabomm-
1197 2784 1199 2786 ’
1973 2796 2210 2851 veritate
2250 2801 2503 2854 coactus,
2533 2790 2670 2844 licet
2721 2786 2945 2851 nolens,
2976 2786 3274 2842 confessus
3302 2801 3382 2841 es.
3420 2785 3562 2841 Nam

353 2864 416 2921 Co
467 2867 709 2924 Versum
761 2869 988 2941 (Illide
1037 2869 1232 2926 fraude
1291 2872 1723 2943 argumentaris,
1771 2872 1871 2929 58d
1976 2884 2074 2955 qui
2139 2883 2314 2937 Deum
2352 2880 2561 2934 factum
2597 2878 2884 2939 Christum
2943 2877 3216 2931 hactenus
3261 2876 3451 2931 dicere
3473 2890 3564 2931 re-

279 2958 606 3017 nullatenus
633 2978 664 3016 a
698 2962 937 3019 duorum
972 2961 1214 3020 ﬁliorum
1267 2965 1662 3036 praedicatione
1686 2966 1873 3023 disce-
1976 2975 2214 3038 nuebas,
2252 2987 2407 3027 nunc
2432 2971 2567 3026 licet
2596 2967 2905 3025 secundum
2953 2982 3180 3023 carnem
3216 2979 3387 3038 neges
3419 2982 3451 3022 a
3474 2981 3565 3023 se-

281 3047 391 3104 (Ῐίεο
442 3048 584 3107 Nam
627 3052 675 3108 Si
711 3054 872 3109 JBSUS
904 3070 936 3110 a
988 3054 1286 3123 Nazareni.
1322 3073 1488 3129 quem
1524 3062 1684 3114 unxit
1724 3060 1872 3116 Deus
1896 3076 1942 3138 ο
1974 3068 2210 3139 metipso
2244 3066 2565 3127 formatum,
2608 3071 2795 3117 tamen
2855 3061 2911 3115 in
2951 3060 3069 3130 ipsa
3106 3056 3308 3115 confer
3324 3059 3563 3115 natione

281 3141 493 3213 Spiritu
533 3155 728 3203 sancto
760 3158 818 3204 et
842 3151 1075 3216 virtute,
1103 3166 1217 3206 non
1237 3160 1325 3207 est
1351 3152 1522 3218 Deus,
1550 3161 1613 3207 ut
1642 3153 1869 3219 asseris,
1973 3164 2148 3219 Deum
2170 3161 2376 3216 factum
2405 3158 2701 3215 Christum
2738 3154 3031 3211 confessus
3058 3169 3138 3210 es.

281 3249 449 3304 ψιειη
482 3238 658 3292 Deum
713 3242 981 3311 Ρτεείιίοιὶι
1023 3243 1293 3312 Propheta
1346 3245 1666 3301 venientem
1712 3261 1745 3300 a
1780 3245 1874 3300 Li-
2042 3256 2109 3312 N.
2139 3253 2473 3310 Nullatenus
2528 3266 2617 3306 me
2645 3256 2812 3319 putes
2856 3246 2968 3302 tuis
3000 3244 3406 3301 calliditatihus
3452 3244 3567 3299 cir-

280 3327 452 3395 bano,
480 3332 708 3388 dicens:
744 3334 885 3390 Deus
912 3354 944 3391 a
971 3335 1172 3391 Libano
1211 3338 1405 3405 veniet,
1455 3344 1506 3392 et
1543 3347 1762 3394 sanctus
1808 3338 1874 3392 de
1975 3351 2358 3407 cumvemum,
2385 3352 2488 3412 ego
2514 3339 2664 3407 enim
2692 3338 2749 3392 in
2778 3338 2901 3407 ipsa
2948 3334 3401 3390 conformatione
3434 3331 3571 3389 ideo

288 3430 470 3477 monte
499 3426 745 3481 umbroso
782 3436 831 3482 et
877 3425 1248 3482 condenso"‘?
1269 3428 1546 3496 Nazareth
1593 3428 1748 3485 enim
1802 3428 1875 3484 ad
1975 3434 2092 3490 dixi
2125 3432 2478 3502 unigenitum
2534 3426 2820 3483 Christum
2852 3425 3087 3491 factum,
3109 3424 3243 3494 quia
3273 3423 3377 3493 ipsi
3428 3438 3569 3478 cons

287 3513 456 3571 istius
476 3519 684 3573 montis
714 3519 959 3574 radicem
986 3519 1042 3574 in
1062 3519 1315 3590 partibus
1331 3518 1569 3575 Galilaeaa
1596 3520 1876 3591 hodieque
1977 3521 2303 3579 formationi
2331 3518 2517 3576 carnis
2560 3517 2738 3573 Deum
2801 3516 3051 3571 Verbum
3089 3514 3260 3570 credo
3319 3515 3572 3587 conjun~

287 3617 661 3672 monstratur,
688 3610 786 3664 ubi
807 3611 958 3665 Deus
1006 3610 1170 3665 Jesus
1201 3608 1483 3681 Christus,
1526 3626 1693 3679 quem
1745 3627 1878 3681 pro-
1978 3624 2150 3671 ctum.

285 3698 463 3769 pheta
515 3700 736 3756 venisse
775 3716 807 3755 a
855 3700 1072 3756 Libano
1100 3701 1375 3771 praedixit,
1410 3702 1716 3757 secundum
1761 3718 1880 3759 car-

285 3804 419 3843 nem
451 3789 661 3844 nutriri
687 3789 949 3860 dignatus
978 3798 1083 3845 est.
1124 3791 1285 3856 Quod
1315 3798 1502 3847 autem
1539 3791 1736 3848 niteris
1775 3809 1877 3864 ap-

285 3878 557 3949 probare,
585 3894 693 3935 non
718 3895 860 3943 ~esse
890 3889 1089 3936 natura
1116 3881 1291 3937 Deum
1341 3882 1534 3938 Jesum
1567 3883 1874 3951 Christum,

283 3972 385 4028 sed
416 3974 625 4028 unione
683 3973 783 4029 Dei
814 3981 871 4030 et
921 3973 1212 4045 dignitate,
1240 3990 1306 4031 ex
1351 3991 1422 4033 eo
1463 3976 1614 4048 quod
1663 3977 1875 4033 dictum

282 4073 410 4122 est:
449 4065 596 4122 Deus
635 4076 753 4122 erat
786 4083 907 4122 cum
937 4066 1034 4123 illo
1065 4068 1147 4136 7°;
1186 4068 1362 4137 miror
1399 4078 1455 4126 te
1478 4069 1744 4126 eumdem
1762 4070 1875 4126 Do-

283 4158 504 4214 minum
543 4174 655 4214 non
691 4159 890 4217 audire
928 4158 1756 4225 dicentemzmnonsumsotus.
1782 4163 1877 4219 sed
1976 4166 2403 4225 subsistentiam
2473 4163 2573 4219 Dei
2634 4160 2803 4219 Verbi
2865 4158 3216 4215 demonstrat
3264 4164 3560 4213 “nexam.

285 4248 458 4306 Pater
518 4258 723 4306 mecum
752 4258 829 4306 est
870 4252 939 4306 “.
964 4251 1063 4308 Est
1093 4266 1230 4324 ergo
1282 4264 1486 4310 natura
1533 4254 1683 4310 Deus
1708 4255 1875 4314 Iesus
1975 4259 2136 4318 Unde
2178 4274 2294 4313 non
2318 4258 2433 4327 jam
2462 4269 2655 4317 unam,
2685 4250 2798 4306 sed
2844 4249 2985 4303 duas
3011 4246 3412 4303 subsistentias
3443 4248 3569 4304 sive

286 4340 605 4401 Christusa
632 4344 932 4411 Nazaretb,
966 4345 1113 4402 sicut
1144 4360 1177 4400 a
1224 4347 1503 4417 propheta
1547 4345 1873 4412 didicimus,
1905 4411 1944 4422 Α
1977 4365 2249 4422 personas
2293 4346 2395 4401 Dei
2449 4342 2618 4400 Verbi
2668 4338 2975 4403 ineat-nati,
3021 4346 3080 4392 et
3130 4336 3377 4391 hominis
3427 4337 3565 4393 facti

288 4443 345 4491 et
369 4446 459 4492 est
483 4438 632 4494 Deus
664 4453 791 4494 cum
829 4438 928 4495 illo
950 4438 1078 4495 sine
1110 4411 1283 4494 dubio
1316 4411 1503 4494 Dater.
1532 4437 1749 4495 Idcirco
1774 4411 1863 4499 de
1905 4411 1951 4468 θ
1978 4411 2211 4497 credere
2242 4439 2570 4494 denotatur.
2598 4433 2766 4489 Fides
2791 4440 2979 4486 autem
3002 4428 3279 4486 catholica
3308 4444 3418 4484 non
3446 4428 3568 4498 ipsa

286 4530 462 4599 nique
480 4531 729 4587 omnium
757 4531 1033 4588 Dominus
1084 4530 1260 4602 ipsius
1285 4530 1538 4602 Apostoii
1559 4546 1696 4588 voce
1719 4548 1880 4588 mon-
1978 4531 2443 4593 conformatione,
2497 4534 2559 4583 ut
2609 4522 2941 4587 tu-asseris,
2994 4520 3098 4578 sed
3143 4519 3328 4590 ipsum
3390 4519 3574 4575 Deum

289 4628 525 4677 stratur.
562 4622 824 4695 Alioquin
856 4625 905 4680 si
933 4623 1007 4681 ob
1042 4622 1120 4689 id,
1153 4622 1305 4695 quod
1332 4623 1543 4680 dictum
1571 4632 1684 4680 est:
1738 4622 1879 4679 Erat
1975 4624 2222 4682 Verbum
2272 4618 2582 4678 secundum
2633 4630 2883 4678 carnem,
2939 4628 2969 4668 a
2998 4609 3308 4680 semetipso
3351 4609 3567 4666 forma-

294 4708 436 4767 Deus
460 4728 579 4766 eum
601 4712 716 4781 illo,
743 4730 854 4791 non
874 4714 1040 4771 Pater
1063 4728 1193 4769 cum
1217 4713 1380 4782 Filio,
1411 4713 1513 4770 sed
1538 4715 1690 4771 Deus
1703 4714 1881 4772 Filius
1941 4719 1945 4722 ‘
1981 4728 2122 4783 tum,
2153 4714 2475 4784 factumque
2526 4710 2832 4775 hominem,
2864 4706 3020 4764 salva
3077 4701 3389 4763 divinitatis
3440 4703 3575 4776 ejus

288 4821 421 4863 cum
477 4808 612 4866 Jesu
665 4809 895 4867 Christo
952 4826 1078 4868 esse
1137 4811 1542 4883 intelligendus
1590 4819 1699 4877 est,
1751 4820 1880 4869 erat
1982 4807 2298 4867 substantia
2327 4803 2650 4865 conﬁtetur.
3456 4840 3461 4847 .

288 4899 686 4969 proculdubio
711 4902 973 4958 omnibus
1001 4902 1292 4974 prophetis
1318 4902 1568 4974 aequalis,
1606 4902 1703 4959 vel
1721 4910 1877 4961 certe
2050 4901 2120 4958 N.
2146 4899 2296 4968 Quid
2316 4899 2490 4968 igitur
2514 4894 2735 4967 negasti
2756 4893 3071 4956 subsistere
3094 4890 3269 4946 Deum
3294 4889 3571 4947 Verbum?

285 4990 497 5061 Joseph
527 4991 642 5048 lilio
674 4992 867 5058 Iacob,
884 4994 1015 5063 quia
1034 5002 1092 5049 et
1113 4993 1184 5051 de
1205 5010 1273 5050 eo
1298 4995 1570 5066 scriptum
1599 5003 1753 5057 erat:
1796 4995 1887 5050 Et

287 5091 413 5139 erat
441 5083 584 5140 Deus
638 5082 967 5140 cumino".
997 5085 1107 5156 Ipsi
1152 5101 1376 5157 quoque
1423 5087 1597 5145 Jacob
1645 5087 1875 5158 proﬁci-

286 5181 471 5237 scenti
502 5180 567 5237 in
611 5178 857 5247 Charan,
895 5178 1035 5235 dicit
1080 5181 1260 5238 Deus:
1297 5182 1405 5239 Ero
1458 5191 1627 5241 tecum
1653 5186 1793 5241 sicut
1824 5191 1877 5239 et

288 5289 415 5327 cum
430 5283 589 5347 patre
616 5281 709 5329 tuo
746 5271 813 5328 τ’.
836 5271 912 5328 Ει
951 5272 1079 5330 ideo
1110 5274 1279 5331 nimis
1305 5285 1392 5333 est
1417 5277 1649 5349 impium
1680 5277 1891 5334 δειναί-σι

291 5375 477 5421 torem
501 5365 760 5423 omnium
792 5378 1018 5435 aequare
1043 5366 1294 5422 salutis.

362 5455 756 5528 N.£qualem
789 5470 974 5527 neque
1005 5455 1318 5527 prophetis,
1352 5474 1537 5533 neque
1584 5460 1758 5519 Jacob'
1778 5467 1876 5516 aut

2048 3705 2113 3761 C.
2139 3703 2245 3771 Qui
2280 3702 2387 3774 ipsi
2421 3697 2851 3757 conformatioui
2879 3697 3065 3753 carnis
3090 3698 3268 3754 Deum
3313 3697 3567 3755 Verbum

1978 3798 2134 3854 carni
2154 3795 2292 3851 dicit
2315 3794 2662 3866 adjunctum,
2686 3807 2798 3846 non
2835 3791 2901 3862 in
2918 3791 3143 3860 propria
3172 3790 3567 3859 subsistentia,

1978 3890 2098 3946 sine
2141 3888 2387 3960 persona
2416 3888 2588 3943 Deum
2628 3884 2877 3942 Verbum
2910 3883 3211 3940 humanam
3242 3884 3409 3940 docet
3432 3900 3561 3939 sus-

1982 3984 2205 4055 cepisse
2259 3989 2547 4043 naturam,
2597 3979 2697 4035 sed
2752 3977 3136 4042 subsistentia:
3181 3978 3388 4043 carnis,
3436 3992 3570 4048 quas

1976 4078 2112 4134 dum
2167 4075 2225 4130 in
2258 4073 2642 4130 membrorum
2700 4067 3565 4134 extendebaturJiueamentis,

1981 4995 2090 5051 hoc
2115 4994 2267 5051 enim
2288 4990 2440 5063 cogit
2490 4987 2732 5059 intelligi
2757 4985 2897 5041 illud
2931 4984 3083 5055 quod
3126 4982 3290 5048 dicis,
3324 4982 3575 5054 ipsum-0

1979 5088 2282 5159 semetipso
2341 5086 2667 5149 formatum,
2708 5079 3135 5155 hominemque.
3164 5077 3401 5142 factum;
3432 5075 3573 5133 licel

1980 5182 2181 5239 callide
2214 5182 2275 5237 in
2306 5173 2933 5247 consequentibusrboc
2977 5172 3127 5234 idem
3165 5169 3406 5236 factum,
3442 5167 3573 5224 sine

1980 5290 2097 5332 sua:
2110 5257 2427 5329 diriiiitatis
2448 5266 2827 5325 diminutione
2850 5264 3181 5322 conﬁrmes.
3438 5300 3445 5309 .

2048 5365 2113 5423 C.
2141 5363 2309 5421 Nullo
2329 5372 2564 5433 prorsus
2587 5356 2777 5415 modo.
2799 5357 2978 5415 Deum
3000 5353 3250 5413 Verbum
3280 5365 3407 5420 ego
3436 5345 3567 5402 sub-

1982 5458 2186 5515 sistere
2213 5454 2451 5527 denogo.

374 5623 421 5657 ιο
449 5624 574 5678 Λα,
608 5633 666 5683 χ,
696 5614 884 5673 36.38.
988 5608 1296 5683 “'_Habac.
1325 5614 1483 5683 111,3.
1582 5617 1630 5651 "°
1671 5616 1793 5673 Act.
1825 5630 1878 5683 ι,

1993 5660 1994 5665 ,
2091 5608 2604 5676 “Joan.xv1,32.
2704 5607 2751 5639 τ’
2779 5606 2916 5665 Gen.
2949 5572 3243 5667 “1:13.23
3341 5595 3558 5655 παθη.

299 5710 469 5765 xxxv,
504 5690 593 5747 12.
651 5681 966 5741 "'Jﬂ'em-
1001 5697 1041 5751 ι»
1065 5681 1119 5737 5-
1393 5681 1398 5683 ν
1474 5748 1481 5755 η
1866 5681 1872 5683 ⁵
1901 5746 1949 5757 ...
2042 5750 2046 5753 .
2492 5752 2495 5753 ν
2638 5746 2643 5751 η

1515 5744 1621 5757 I‘-L-‘.
1644 5750 1651 5756 -
1901 5746 1949 5757 σο.

3599 5446 3607 5511 ἑ
