3952 6136
1454 208 1538 257 ε.

1192 256 1293 277 πη,

260 312 398 382 ’12⁸1

1580 271 1904 371 tOANNIs
1936 308 2320 373 nanum

3461 306 3563 371 128

362 432 434 489 Ν.
477 425 623 498 Quid
677 424 747 485 de
777 440 946 485 carne
976 424 1095 485 sive
1135 424 1206 484 de
1257 434 1373 483 tota
1406 425 1581 483 sentis
1617 426 1879 483 humani.
1906 431 1956 492 Α
1983 428 2097 484 Deo
2129 427 2315 484 Verbo
2331 434 2645 497 susceptam
2683 423 2892 481 auditis
2933 433 3188 480 naturam
3238 424 3559 495 humanam,

291 521 448 581 tate?

363 614 429 671 C.
454 612 525 669 Et
548 611 726 683 ipsam
749 610 872 667 sine
894 604 1067 666 dubio
1087 621 1313 665 manere
1340 608 1630 679 proﬁteor.

365 702 437 761 N.
464 702 605 761 Cum
626 716 759 775 ergo
792 698 1105 757 subsistere
1143 698 1322 755 Deum
1344 698 1590 757 Verbum
1612 709 1672 755 et
1696 696 1879 754 homi-

299 810 428 852 nem
468 792 635 861 dicis,
673 806 779 848 cur
810 804 1001 858 unam,
1048 796 1109 847 et
1143 804 1260 846 non
1298 788 1440 846 duas
1489 788 1883 847 subsistentias

301 884 440 958 proli
447 884 583 942 teris
596 884 622 938 ἲ

367 977 433 1035 C.
484 975 628 1046 Quia
677 990 796 1033 non
844 971 1067 1031 homini
1091 973 1208 1046 jam
1251 972 1309 1030 in
1341 972 1575 1045 propria
1628 970 1879 1029 manenti

301 1065 662 1128 subsistentia
712 1066 891 1122 Deum
937 1065 1181 1123 Verbum
1249 1064 1420 1122 credo
1468 1063 1689 1121 unitum
1718 1103 1735 1130 ,
1784 1072 1884 1119 aut

300 1163 499 1221 saltem
519 1158 679 1220 carni
702 1159 957 1217 formata
976 1167 1036 1217 et
1063 1159 1343 1227 animata,
1366 1174 1469 1231 per
1496 1173 1665 1230 quam
1695 1157 1887 1230 cujus-

302 1254 444 1313 libet
474 1252 726 1311 hominis
790 1250 1124 1321 intelligitur
1164 1267 1289 1309 esse
1314 1266 1577 1324 persona,
1620 1249 1720 1307 sed
1747 1249 1885 1306 sub-

304 1344 622 1404 sistentiam
645 1342 765 1401 sive
790 1357 1090 1415 personam
1120 1342 1221 1399 Dei
1242 1341 1438 1409 Verbi,
1470 1351 1730 1397 naturam
1762 1356 1888 1397 sus-

307 1437 523 1510 cepisse
559 1436 883 1503 humanam,
907 1450 1031 1505 qua
1070 1450 1357 1505 nunquam
1388 1434 1545 1490 velut
1572 1432 1887 1490 communis

307 1538 511 1602 prater
529 1527 724 1599 {Deum
771 1526 1020 1585 Verbum
1075 1526 1354 1591 subsistit,
1403 1525 1502 1583 sed
1549 1541 1652 1596 per
1701 1525 1887 1596 ipsum

307 1631 450 1688 orta,
470 1629 528 1677 et
556 1619 626 1677 ab
650 1635 719 1677 eo
743 1626 1025 1688 suscepta,
1055 1616 1235 1689 ipsius
1260 1616 1414 1674 facta
1451 1616 1695 1689 pr0pria
1720 1624 1888 1672 natu-

308 1728 385 1770 ra
407 1720 516 1781 est,
540 1719 840 1783 manetque
871 1726 985 1767 non
1019 1710 1076 1765 in
1103 1726 1223 1777 sua,
1258 1710 1355 1766 sed
1384 1710 1441 1765 in
1471 1726 1540 1767 eo
1562 1725 1595 1766 a
1624 1725 1737 1780 quo
1761 1723 1890 1766 sus-

304 1810 468 1874 cepta
516 1811 625 1869 est,
675 1801 784 1857 hoc
833 1808 950 1867 est,
993 1800 1092 1856 Dei
1146 1799 1316 1855 Verbi
1355 1800 1721 1856 subsistentia
1768 1799 1889 1855 sive

305 1909 547 1967 persona
582 1912 596 1950 :
629 1902 687 1951 et
712 1893 840 1950 ideo
862 1909 975 1949 non
1035 1900 1169 1949 sunt
1214 1892 1339 1948 dua
1363 1891 1758 1957 subsistentia,
1791 1889 1889 1946 sed

304 1987 548 2043 duarum
581 1995 937 2051 naturarum,
964 1983 1133 2041 Verbi
1162 1981 1424 2040 videlicet
1440 1992 1501 2039 et
1544 1983 1753 2050 carnis,
1781 1998 1891 2037 una

304 2077 672 2136 subsistentia
699 2077 818 2133 sive
843 2091 1086 2148 persona
1119 2085 1227 2132 est.

378 2169 447 2225 N.
480 2169 625 2241 Ergo
643 2168 888 2224 humana
924 2175 1129 2222 natura
1155 2166 1423 2224 divinitas
1454 2167 1600 2224 facta
1625 2167 1752 2224 est?

378 2261 442 2319 C.
494 2258 611 2317 Hoc
660 2262 859 2317 saltem
909 2260 1252 2333 cogitatione
1300 2260 1576 2331 recipere,
1630 2266 1893 2315 extrema

309 2353 582 2425 probatur
611 2352 893 2409 amentia.

380 2444 449 2499 N.
474 2443 767 2511 Quomodo
814 2458 917 2514 ego
952 2441 1237 2513 propriam
1275 2440 1375 2498 Dei
1420 2441 1589 2497 Verbi
1634 2448 1892 2498 naturam

314 2536 613 2591 humanam
645 2535 789 2590 dicis
823 2533 1119 2590 etl'ectam?

383 2627 446 2683 C.
474 2626 615 2694 Quia
657 2642 772 2684 non
796 2637 884 2685 est
909 2627 1147 2701 alicujus
1186 2626 1423 2684 alterius
1456 2626 1564 2683 nisi
1600 2627 1698 2683 Dei
1728 2625 1895 2683 Verbi

317 2719 560 2776 hominis
590 2717 743 2775 facti.

387 2811 456 2867 N.
480 2810 706 2866 Factum
757 2809 1230 2881 quemadmodum
1284 2809 1491 2865 asseris
1515 2810 1692 2865 Deum
1718 2808 1901 2864 homi-

318 2918 471 2968 nem,
497 2909 559 2957 ut
585 2915 710 2957 eum
739 2910 1004 2973 tanquam
1046 2916 1382 2958 conversum
1446 2902 1503 2956 in
1564 2902 1899 2957 hominem?

317 3009 389 3049 an
433 3001 662 3064 pr0pter
713 3000 1040 3064 susceptum
1086 2993 1155 3049 ab
1207 3007 1277 3050 eo
1340 2992 1627 3048 hominem
1688 2991 1899 3048 iactum

319 3085 493 3140 Deum
516 3084 798 3140 hominem
826 3085 1136 3156 pradicas?

1979 529 2276 589 personam
2324 514 2397 571 ab
2434 529 2524 580 eo,
2584 514 2692 570 hoc
2712 522 2820 581 est,
2865 514 3174 583 hominem,
3220 523 3559 587 susceptam,

1979 624 2091 665 non
2123 606 2383 665 eumdem
2409 607 2615 665 factum
2637 606 2925 662 hominem
2953 606 3206 663 creditis.
3230 604 3373 664 Hinc
3392 609 3561 664 etiam
3666 595 3672 601 ’

1978 715 2087 758 nec
2105 715 2259 767 vere,
2289 715 2396 756 nec
2437 699 2668 772 proprie
2719 698 2940 755 beatam
2970 699 3279 771 Virginem,
3324 699 3424 755 Dei
3469 714 3563 755 ac-

1980 791 2273 864 quiescitis
2312 790 2547 848 credere
2589 789 2954 855 Genitrieem,
3011 791 3147 861 quia
3195 805 3307 846 non
3376 791 3554 847 Deum

1981 883 2228 942 Verbum
2254 880 2788 939 incommutabiliter
2814 894 2883 937 ex
2935 880 3058 953 ejus
3107 880 3426 938 visceribus
3455 882 3559 938 ho-

1983 977 2192 1034 minem
2236 975 2467 1042 t‘actum,
2502 972 2603 1031 sed
2646 972 2932 1031 hominem
2975 972 3090 1030 Deo
3124 973 3344 1031 unitum
3376 991 3447 1031 ex
3490 991 3555 1032 ea

1982 1066 2212 1125 creditis
2232 1074 2449 1123 natum.

2054 1161 2123 1218 N.
2145 1158 2287 1228 Quia
2336 1174 2440 1217 nos
2475 1158 2757 1216 invalidos
2788 1159 2979 1234 arguis
3008 1160 3079 1219 ad
3123 1160 3564 1219 discernendum

1982 1252 2119 1325 quid
2167 1251 2317 1308 inter
2352 1259 2613 1308 naturam
2666 1253 2762 1320 sit,
2816 1261 2876 1308 et
2924 1268 3225 1325 personam
3250 1294 3267 1321 ,
3306 1254 3447 1310 doce
3498 1262 3560 1310 tu

1983 1353 2240 1403 naturam
2266 1360 2394 1402 esse
2436 1344 2559 1402 sine
2612 1359 2880 1416 persona:
2917 1354 3015 1402 aut
3048 1362 3171 1418 qua
3220 1348 3438 1419 possint
3465 1362 3567 1403 na-

1985 1438 2128 1495 turis
2155 1438 2385 1509 proprie
2411 1437 2534 1495 sine
2565 1453 2800 1509 persona
2837 1438 3112 1496 vocabula
3131 1440 3409 1511 coaptari.

2053 1530 2118 1589 C.
2141 1530 2480 1587 Naturarum
2503 1539 2562 1587 et
2594 1545 2849 1603 persona
2869 1540 3002 1588 sunt
3033 1533 3265 1604 propria
3317 1540 3376 1588 et
3417 1548 3572 1589 com-

1987 1623 2180 1680 munia
2209 1623 2458 1689 nomina,
2490 1632 2549 1680 et
2572 1622 2801 1694 propria
2830 1623 3060 1694 quidem
3100 1624 3311 1679 nullam
3357 1623 3574 1680 faciunt

1990 1713 2380 1785 quastionem,
2429 1713 2746 1769 communia
2780 1728 2917 1770 vero
2952 1729 3077 1783 qua
3114 1729 3145 1769 a
3179 1714 3334 1769 falsis
3376 1714 3571 1770 docto-

1992 1808 2151 1864 ribus
2193 1806 2397 1864 callide
2439 1814 2881 1878 prasumnntur,
2919 1806 3165 1878 aliquam
3218 1805 3575 1878 simpliciori-

1991 1899 2098 1955 bus
2119 1897 2380 1954 nebulam
2411 1896 2718 1954 dubietatis
2749 1896 3074 1954 offundunt.

2059 1989 2127 2044 Ν.
2158 1988 2292 2055 Qua
2315 1995 2446 2043 sunt
2468 1987 2719 2055 nomina,
2769 2004 2893 2060 qua
2922 1997 3019 2045 aut
3043 1990 3283 2047 afferant
3312 1999 3410 2047 aut
3460 2007 3574 2048 non

1992 2080 2229 2137 afferant
2259 2077 2669 2149 quaestionem?

2061 2176 2124 2234 C.
2157 2176 2346 2233 Deitas
2372 2183 2524 2231 certe
2550 2183 2607 2230 et
2632 2172 2973 2239 humanitas,
3006 2187 3139 2228 caro
3180 2182 3240 2229 et
3283 2173 3570 2243 divinitas,

1992 2269 2222 2341 propria
2250 2254 2384 2325 sunt
2403 2266 2630 2323 nomina
2650 2275 2983 2322 naturarum
3010 2281 3023 2319 :
3049 2265 3290 2322 Verbum
3308 2280 3442 2320 vero
3459 2264 3577 2321 sive

1993 2362 2155 2419 Jesus
2183 2360 2463 2425 Christus,
2496 2368 2555 2415 et
2580 2359 2627 2415 si
2676 2374 2801 2429 qua
2840 2358 2971 2415 talia
3019 2358 3394 2429 reperiuntur,
3448 2372 3580 2429 pro-

1994 2454 2117 2527 pria
2145 2463 2275 2511 sunt
2293 2454 2519 2510 nomina
2541 2468 2818 2525 persona,
2848 2452 2995 2509 sicut
3036 2451 3241 2508 Paulus
3274 2461 3334 2507 et
3376 2452 3577 2527 Petrus

1996 2526 2258 2621 apostoli.
2282 2547 2382 2603 Dei
2412 2561 2549 2603 vero
2578 2555 2629 2602 el
2658 2546 2911 2602 hominis
2964 2555 3140 2602 totam
3164 2526 3459 2601 Trinitatis
3489 2544 3576 2600 di-

1997 2641 2286 2697 vinitatem
2319 2638 2594 2711 signiﬁcat
2632 2653 2833 2694 nomen
2858 2638 2981 2704 Dei,
3011 2639 3089 2694 ita
3126 2647 3183 2694 et
3213 2652 3579 2709 unamquam-

1996 2744 2107 2799 que
2138 2742 2433 2800 personam
2453 2742 2521 2782 ex
2538 2726 2836 2782 Trinitate.
2880 2728 3029 2783 Deus
3051 2729 3202 2783 enim
3228 2728 3415 2794 Pater,
3432 2729 3579 2783 Deus

1999 2820 2195 2885 Filius,
2246 2828 2302 2877 et
2328 2819 2478 2874 Deus
2534 2817 2781 2888 Spiritus
2842 2827 3093 2883 sanctus,
3143 2827 3201 2873 et
3250 2827 3364 2874 tota
3413 2820 3578 2875 simul

2000 2912 2247 2967 Trinitas
2266 2926 2412 2965 unus
2427 2910 2594 2965 Deus.
2632 2909 2850 2965 Rursus
2873 2910 3061 2975 homo,
3096 2910 3244 2965 sicut
3261 2925 3576 2980 personam,

2002 3004 2077 3059 ita
2105 3002 2379 3075 significat
2408 3010 2466 3058 et
2490 3010 2768 3057 naturam.
2793 3002 2951 3059 Unde
2979 3010 3035 3057 et
3060 3003 3318 3057 nonnulli
3381 3003 3582 3057 Patres

1925 3110 1971 3171 ρ
2003 3095 2205 3160 sancti,
2226 3110 2338 3150 non
2394 3092 2621 3164 quidem
2655 3092 2722 3148 ad
2751 3108 3083 3164 personam,
3127 3094 3278 3149 sicut
3324 3108 3446 3159 vos,
3482 3093 3582 3148 sed

386 3176 450 3233 Ο.
487 3176 601 3249 Ego
645 3193 676 3231 a
719 3176 835 3233 Deo
867 3183 1188 3248 susceptum
1241 3176 1527 3233 hominem
1578 3177 1900 3232 nullatenus

2013 3185 2070 3240 ad
2095 3191 2354 3239 naturam
2385 3182 2575 3254 potius
2600 3182 2987 3253 respicientes,
3043 3184 3331 3240 hominem
3360 3199 3580 3240 assum-

318 3270 507 3327 dicere
552 3270 758 3336 audeo,
794 3270 893 3326 sed
926 3269 1103 3326 Deum
1135 3270 1259 3326 sine
1292 3269 1665 3325 diminutione
1691 3268 1901 3323 divini-

320 3365 455 3419 tatis
483 3379 598 3420 sua
625 3362 833 3419 factum
870 3362 1157 3419 hominem
1175 3363 1375 3419 fateor.
1407 3363 1488 3419 Ne
1511 3363 1557 3418 si
1578 3370 1901 3431 susceptum

319 3476 352 3516 a
384 3461 500 3516 Deo
530 3459 818 3515 hominem
847 3446 1066 3525 dixero,
1109 3457 1250 3513 duas
1289 3456 1479 3512 videar
1522 3456 1579 3510 in
1632 3454 1772 3509 Filio
1803 3452 1901 3508 Dei

321 3551 628 3624 pradicare
655 3564 945 3620 personas,
976 3548 1108 3620 quia
1159 3557 1218 3603 et
1252 3554 1546 3617 susceptor
1582 3553 1903 3601 sanctorum

321 3653 487 3714 atque
511 3642 760 3698 ﬁdelium
797 3642 945 3698 Deus
977 3641 1207 3707 dicitur,
1245 3640 1555 3696 secundum
1592 3637 1729 3693 illud
1754 3635 1904 3709 quod

322 3733 380 3789 in
401 3733 573 3789 Exodi
604 3732 823 3789 cantico
869 3731 939 3787 ad
986 3747 1115 3789 eum
1148 3730 1393 3787 dicitur:
1435 3729 1667 3801 Adjutor
1707 3735 1756 3781 et
1783 3744 1905 3782 sus-

322 3834 503 3899 ceptor
560 3826 731 3896 factus
769 3834 845 3879 est
892 3825 1019 3879 mihi
1066 3825 1123 3878 in
1161 3822 1392 3878 salutem
1419 3824 1485 3877 ".
1536 3821 1730 3875 Melius
1771 3833 1907 3889 ergo

324 3927 412 3974 est
456 3926 783 3988 susceptam
831 3932 862 3972 a
914 3916 1049 3972 Deo‘
1084 3922 1343 3973 naturam
1391 3914 1692 3970 humanam
1740 3927 1906 3984 quam

326 4015 649 4078 susceptum
680 4006 965 4063 hominem
997 4006 1212 4064 dicere.

392 4100 461 4156 Ν.
492 4099 779 4171 Stupenda
803 4098 1059 4175 quadarn
1086 4102 1341 4159 meisate
1361 4098 1592 4154 auribus
1645 4097 1909 4170 ingerun-

330 4200 443 4260 tur,
472 4193 633 4266 quasi
660 4193 944 4251 diversum
972 4202 1161 4249 etnon
1200 4190 1440 4263 idipsum
1484 4191 1577 4258 sit,
1601 4190 1787 4247 dicere
1810 4192 1912 4246 ho-

330 4284 562 4350 minem,
590 4284 707 4340 sive
748 4290 1007 4338 naturam
1034 4282 1361 4347 humanam,
1397 4295 1525 4336 cum
1579 4280 1748 4336 homo
1795 4294 1911 4334 non

331 4375 406 4432 sit
428 4374 579 4437 aliud
612 4372 720 4429 nisi
748 4373 993 4428 humana
1022 4381 1245 4429 natura.

2003 3286 2159 3348 ptum
2176 3290 2207 3331 a
2239 3275 2353 3331 Deo
2372 3275 2559 3330 dicere
2579 3274 3034 3344 comprobantur.

2072 3368 2139 3424 Ν.
2164 3366 2457 3424 Assentior
2493 3367 2659 3436 plane
2684 3366 2772 3422 his
2790 3382 2914 3437 qua
2943 3384 2974 3422 a
3006 3376 3059 3423 te
3082 3369 3299 3438 prolata
3358 3376 3509 3433 sunt,
3537 3368 3585 3422 si

2005 3466 2189 3515 tamen
2214 3459 2429 3528 poteris
2453 3456 2645 3514 dicere
2679 3466 2938 3513 naturam
2974 3472 3097 3513 esse
3124 3458 3180 3513 in
3217 3472 3475 3529 persona.

2074 3550 2135 3607 C.
2171 3550 2383 3606 Natura
2442 3549 2708 3613 humana,
2746 3549 3003 3619 quamvis
3048 3557 3164 3604 tota
3220 3549 3277 3603 in
3321 3564 3589 3620 personas

2006 3643 2252 3714 singulas
2289 3642 2599 3707 derivetur,
2644 3655 2755 3695 non
2782 3649 2969 3695 tamen
2995 3640 3261 3710 qualibet
3307 3654 3416 3694 una
3462 3653 3589 3710 per-

2007 3748 2141 3789 sona
2167 3744 2262 3788 aut
2284 3724 2429 3787 unus
2456 3732 2646 3796 homo,
2677 3730 2732 3785 id
2758 3740 2866 3797 est,
2919 3730 3269 3795 individuus,
3318 3738 3431 3785 tota
3456 3743 3588 3799 pro-

2007 3824 2173 3880 batur
2200 3824 2552 3890 humanitas;
2600 3824 2849 3895 alioquin
2900 3838 3256 3893 nequaquam
3310 3821 3588 3878 innumeri

2008 3916 2266 3972 homines
2286 3916 2403 3971 sive
2442 3930 2700 3985 persona
2720 3915 2999 3986 generalis
3023 3915 3190 3986 hujus
3227 3913 3589 3970 humanitatis

2010 4009 2362 4066 exsisterent.
2412 4007 2765 4064 Discernitur
2818 4021 2952 4078 ergo
2993 4022 3025 4061 a
3078 4017 3279 4063 natura
3325 4020 3587 4077 persona,

2011 4103 2143 4174 quia
2178 4114 2431 4172 persona
2476 4114 2645 4155 unam
2699 4114 2816 4154 rem
2865 4099 3210 4155 individuam
3262 4108 3478 4165 natura
3517 4098 3593 4155 si-

2012 4191 2293 4265 gniﬁcant.
2351 4190 2561 4247 Natura
2609 4206 2745 4246 vero
2805 4204 3164 4246 communem
3232 4190 3592 4262 cognoscitur

2013 4283 2297 4340 declarare
2339 4282 2652 4347 materiam,
2682 4298 2751 4338 ex
2779 4299 2889 4353 qua
2921 4284 3177 4354 piurima
3203 4294 3431 4355 possent
3463 4299 3595 4355 per-

2015 4390 2164 4431 sona
2192 4372 2874 4445 subsistere.Quapropter
2898 4374 3079 4430 omnis
3100 4374 3323 4445 quidem
3344 4388 3588 4445 persona.

399 4466 462 4524 C-
518 4465 794 4524 Nimirum
838 4465 959 4521 hac
995 4466 1211 4522 erroris
1258 4465 1457 4532 νεειτῖ,
1512 4476 1569 4521 et
1613 4479 1727 4520 ηοιι
1780 4462 1911 4529 alia,
1937 4468 1990 4530 D
2016 4469 2182 4526 simul
2207 4478 2466 4525 naturam
2492 4468 2766 4535 continet,
2795 4485 2908 4525 non
2938 4478 3127 4525 autem
3170 4472 3354 4527 omnis
3396 4480 3596 4527 natura
3674 4460 3679 4465 ’

329 4575 499 4616 causa
522 4567 628 4615 est.
651 4558 790 4614 Nam
846 4556 979 4613 dum
1024 4572 1139 4613 non
1178 4557 1381 4614 valetis
1414 4557 1733 4613 discernere
1778 4553 1914 4626 quid

332 4653 481 4709 inter
505 4666 804 4723 personam
849 4649 925 4706 sit
972 4656 1032 4706 et
1080 4658 1379 4717 naturam,
1418 4650 1658 4721 idipsum
1702 4647 1914 4703 intelli-

333 4757 527 4821 gentes
552 4757 811 4803 naturam
838 4761 987 4812 esse,
1021 4746 1173 4818 quod
1215 4754 1273 4801 et
1302 4761 1618 4817 personam,
1648 4745 1759 4799 imo
1785 4743 1916 4799 nul-

332 4842 551 4897 latenus
575 4840 870 4898 credentes
897 4846 1157 4897 naturam
1180 4854 1303 4896 esse
1320 4855 1483 4912 posse
1509 4839 1629 4895 sine
1650 4852 1914 4908 persona,

332 4935 609 4993 vocabula
648 4949 903 5006 persona
939 4942 1380 5006 naturarumque
1427 4932 1795 4999 confunditis,
1854 4942 1915 4989 et

335 5026 476 5083 duas
496 5025 727 5082 omnino
776 5041 1071 5098 personas,
1129 5026 1279 5083 sicut
1305 5026 1446 5082 duas
1490 5032 1724 5080 naturas
1749 5022 1915 5079 unius

336 5119 466 5177 Filii
515 5118 637 5188 Dei,
662 5118 791 5176 sine
819 5118 995 5176 dubio
1028 5118 1369 5191 pradicatis.
1400 5118 1538 5175 Nam
1589 5132 1720 5174 cum
1740 5118 1916 5172 Deum

335 5211 584 5268 Verbum
615 5219 807 5267 natum
849 5226 920 5267 ex
960 5210 1193 5283 Virgine
1227 5209 1536 5267 secundum
1585 5224 1808 5267 carnem
1836 5206 1921 5263 di-

332 5301 542 5368 cimus,
573 5300 884 5357 divinitatis
903 5300 1028 5373 ejus
1055 5308 1316 5357 naturam
1338 5298 1630 5356 aestimatis
1668 5313 1771 5355 nos
1817 5312 1923 5354 na-

337 5406 452 5456 tam
506 5413 576 5454 ex
624 5396 854 5469 Virgine
890 5396 1218 5469 praedicare.
1259 5397 1467 5453 Verum
1502 5395 1550 5452 si
1604 5394 1735 5460 hoc,
1769 5393 1919 5465 quod

2015 4576 2311 4633 personam
2335 4575 2493 4631 aque
2538 4560 2971 4630 complectitur:
3014 4560 3266 4632 alioquin
3301 4560 3448 4618 sicut
3485 4569 3597 4617 tres

2016 4667 2308 4725 personas,
2341 4652 2416 4707 ita
2440 4661 2497 4707 et
2525 4660 2640 4707 tres
2667 4658 2900 4706 naturas
2946 4660 3153 4707 sancta
3209 4661 3267 4707 et
3298 4650 3598 4708 inetl‘abilis

2015 4744 2167 4801 illius
2195 4744 2488 4800 Trinitatis
2518 4743 2796 4801 Catholici
2839 4743 3170 4800 faterentur.

2086 4838 2154 4893 Ν.
2183 4836 2616 4892 lnsubstantiam
2651 4835 2949 4907 quamdam
2975 4845 3034 4892 et
3065 4836 3294 4893 inanem
3344 4844 3599 4893 naturam

2020 4928 2157 4986 mihi
2202 4928 2417 4985 videris
2447 4943 2720 4991 asserere,
2751 4944 2915 4998 quam
2968 4929 3179 4985 nullam
3207 4929 3348 4986 dicis
3394 4930 3602 4985 habere

2019 5035 2335 5095 personam.

2094 5112 2160 5171 C.
2210 5112 2585 5170 lnsubstantia
2634 5128 2769 5184 ergo
2831 5111 2933 5168 tibi
2989 5112 3211 5169 videtur
3271 5129 3501 5169 summa
3547 5122 3607 5169 et

2023 5204 2609 5278 incomprehensibilis
2636 5204 2929 5261 Trinitatis
2963 5206 3204 5262 natura?
3224 5221 3349 5277 qua
3372 5220 3499 5261 cum
3532 5206 3608 5261 sit

2022 5315 2135 5356 una
2166 5306 2224 5355 et
2270 5298 2592 5371 singularis,
2638 5297 2696 5353 in
2728 5296 2910 5353 tribus
2940 5307 3124 5355 tamen
3177 5296 3437 5368 personis
3480 5311 3605 5352 eam

2021 5391 2328 5449 subsistere
2369 5390 2785 5448 Catholicorum
2840 5390 3073 5461 ambigit
3126 5405 3322 5445 nemo.
3372 5390 3604 5455 Verum,

335 5487 515 5555 absit,
552 5486 876 5544 crederetur
900 5502 930 5541 a
957 5486 1141 5553 nobis,
1183 5502 1293 5542 non
1316 5501 1444 5542 eum
1462 5483 1769 5543 secundum
1794 5499 1923 5540 car-
2024 5482 2153 5555 quia
2202 5497 2318 5538 non
2346 5482 2469 5539 sine
2527 5482 2738 5555 ingenti
2776 5480 3046 5553 periculo,
3085 5480 3153 5537 de
3198 5480 3462 5538 Creatorc
3505 5495 3608 5536 suo

340 5594 475 5637 nem
496 5589 688 5637 natum
715 5594 783 5636 ex
814 5570 1053 5651 Virgine
1091 5578 1412 5636 fateremur.
1463 5578 1701 5648 Rursus,
1729 5593 1855 5634 cum
1890 5592 1919 5632 a
2024 5576 2271 5648 disputat
2299 5585 2578 5645 creatura,
2598 5577 2643 5633 si
2671 5578 2872 5649 placet,
2909 5575 2977 5631 ad
3009 5582 3276 5634 nostram.
3326 5574 3378 5630 id
3410 5579 3516 5639 est,
3539 5568 3609 5627 ad

413 5733 468 5768 "
500 5731 671 5792 Exod.
714 5752 804 5803 xv,
839 5739 898 5795 2.

1688 5855 1705 5861 ι.
1738 5842 1837 5872 ὦ..
1982 5849 2001 5858 ο.
2028 5817 2244 5860 4......Li“.
