3904 6144
295 244 399 312 129

1200 240 1401 302 DIAL.
1435 235 1741 301 CONTRA
1781 206 2338 296 NES'l‘ORlANOS.
2368 258 2438 273 —
2475 235 2625 299 LlB.
2659 234 2765 300 tI.‘

3466 238 3570 304 130

292 373 552 421 naturam
608 367 962 417 transeamus
1010 355 1335 421 humanam,
1381 352 1453 409 de
1499 366 1632 423 qua,
1659 349 1708 407 si
1738 346 1876 420 quid
1911 352 1957 410 Δ
1991 352 2105 402 tur.
2138 344 2279 404 Cum
2308 356 2496 406 autem
2527 359 2668 406 nutu
2721 349 2821 407 Dei
2849 365 2953 422 per
2994 350 3199 410 seriem
3245 354 3571 427 generatio-

292 452 642 521 oﬂ‘ensionis,
662 450 811 524 quod
837 451 986 507 absit
1007 452 1019 504 ι
1041 446 1329 513 acciderit,
1362 445 1540 503 levius
1554 442 1881 508 aestimetur,

292 547 597 621 praecipue,
622 544 753 616 quia
803 550 863 599 et
904 542 976 598 de
1009 541 1131 613 ipsa
1156 552 1309 596 nunc
1338 537 1488 593 inter
1512 550 1618 593 nos
1647 533 1884 606 quaestio

292 640 618 704 ventilatur,
651 645 714 692 ut
736 635 892 702 inde,
920 640 1191 706 quantum
1238 629 1507 703 possibile
1541 626 1737 693 fuerit,
1761 625 1883 697 pla-

292 743 431 783 num
458 729 551 783 fiat
571 726 720 799 quod
740 725 1036 797 quaeritur,
1064 739 1136 781 ne
1161 722 1430 779 videlicet
1457 730 1680 785 natura,
1714 732 1882 789 quam

293 821 531 877 necdum
565 818 806 875 dicimus
839 817 897 873 in
925 832 1167 889 persona
1198 815 1529 882 subsistere,
1556 812 1882 869 insubstan-

293 915 368 970 tia
401 913 501 968 tibi
526 928 651 969 esse
681 912 959 967 videatur.

257 1023 268 1035 ·
362 1007 429 1063 Ν.
467 1006 608 1073 Fiat,
644 1014 706 1061 ut
737 1005 847 1071 vis,
882 1002 1047 1060 modo
1089 1012 1153 1059 ut
1183 1001 1516 1075 explicetur,
1545 998 1696 1073 qIIod
1725 1013 1879 1071 quae-

291 1086 456 1156 ritur.

363 1191 424 1248 C.
452 1191 675 1247 Natura:
704 1188 970 1260 qualitas,
1010 1203 1132 1260 qua:
1165 1187 1223 1244 in
1259 1186 1466 1242 multas
1491 1199 1760 1256 personas
1789 1198 1881 1238 tn-

292 1284 633 1355 dividuaque
692 1282 1052 1347 diﬂ‘unditur,
1113 1297 1224 1337 non
1284 1280 1387 1335 tibi
1430 1276 1882 1333 insubstantialis

290 1391 415 1432 esse
466 1375 746 1440 videatur,
817 1380 881 1427 ut
931 1371 1076 1427 nihil
1121 1371 1212 1427 sit.
1274 1369 1541 1440 Alioquin
1594 1365 1880 1439 quomodo

287 1466 519 1523 Creator
539 1465 791 1519 omnium
812 1471 1162 1529 naturarum,
1192 1460 1451 1516 universa
1479 1459 1625 1514 bona
1646 1466 1704 1513 et
1718 1456 1881 1512 valde

288 1557 438 1613 bona
471 1555 672 1611 fecisse
702 1555 1021 1611 credendus
1044 1553 1166 1608 est?
1198 1552 1417 1607 ldcirco
1447 1560 1633 1607 autem
1653 1557 1877 1614 natura,

289 1663 415 1719 quae
457 1646 775 1702 communis
824 1644 1084 1700 materiei
1119 1644 1231 1697 vim
1262 1643 1647 1713 rationemque
1697 1641 1882 1698 conti-

288 1747 409 1806 net,
444 1736 895 1794 insubstantialis
917 1751 949 1791 a
969 1735 1341 1791 crassioribus
1374 1723 1886 1791 mentibusmstima-

289 1837 407 1893 tur,
461 1844 531 1884 eo
587 1826 740 1898 quod
777 1827 963 1880 minus
1004 1825 1300 1881 attendunt
1349 1825 1582 1881 alterius
1626 1839 1881 1895 personae

291 1919 543 1975 nondum
568 1917 892 1988 apparentis
922 1916 1234 1982 materiam,
1267 1917 1499 1971 alteram
1528 1932 1650 1973 esse
1684 1932 1883 1987 perso-

292 2023 460 2063 nam:
494 2022 683 2077 quam,
718 2013 780 2060 ut
803 2005 942 2069 dixi,
980 2003 1234 2058 nondum
1273 2002 1345 2058 ad
1373 2004 1558 2059 lucem
1585 2006 1879 2075 prolatam,

294 2098 569 2155 naturalis
609 2097 860 2168 potentia
915 2094 1218 2165 perfectam
1245 2094 1301 2149 in
1335 2095 1551 2151 cunctis
1600 2095 1884 2151 membro-

294 2207 422 2248 rum
438 2188 850 2261 quodammodo
866 2188 1219 2253 lineamentis
1245 2188 1510 2244 ostendit.
1536 2188 1604 2244 Et
1628 2188 1755 2245 ideo
1771 2203 1883 2243 non

294 2284 439 2340 bene
488 2280 859 2337 substantiam
901 2280 1146 2335 aestimas
1193 2289 1251 2334 tu
1284 2290 1562 2349 naturam,
1616 2282 1740 2336 sine
1770 2296 1879 2351 qua

290 2373 447 2428 nulla
478 2378 663 2442 potest
714 2384 954 2440 persona
999 2369 1321 2426 subsistere.
1366 2371 1681 2427 Secundum
1737 2372 1881 2428 hanc

293 2464 573 2520 rationem
617 2462 788 2518 etiam
813 2462 883 2518 de
927 2462 1143 2520 vitiatis
1184 2464 1517 2535 corporibus
1561 2464 1880 2536 judicantes

295 2553 555 2609 dicimus.
611 2552 792 2606 Minus
839 2560 924 2607 est
953 2568 985 2608 a
1042 2562 1274 2619 natura,
1318 2569 1500 2625 neque
1541 2555 1691 2609 enim
1746 2556 1877 2626 quia

294 2643 456 2710 latet,
479 2652 577 2697 aut
602 2642 768 2709 nihil,
792 2651 889 2698 aut
917 2643 1241 2714 imperfecta
1268 2661 1392 2702 esse
1435 2647 1716 2703 credenda
1768 2657 1875 2716 est,

294 2735 391 2790 sed
423 2743 511 2790 est
540 2750 773 2806 prorsus
797 2736 883 2791 vis
908 2736 1012 2792 ista
1035 2738 1093 2793 in
1141 2739 1409 2832 membris
1446 2740 1675 2806 nostris,
1710 2750 1769 2796 et
1795 2741 1878 2797 la-

295 2834 375 2883 tet
407 2827 673 2898 perfecta,
706 2837 766 2884 et
806 2836 922 2884 tota
940 2827 1248 2885 secundum
1297 2832 1578 2902 propriam
1609 2833 1878 2888 rationem

293 2919 351 2973 in
382 2920 615 2974 materia
659 2920 911 2977 seminis.
944 2920 1081 2988 Quis
1125 2923 1275 2978 enim
1305 2924 1601 2994 parvulum
1640 2925 1879 2981 necdum

1987 454 2146 507 num,
2173 440 2260 497 vis
2295 442 2527 499 seminis
2550 443 2607 498 in
2637 442 2847 500 femina
2874 444 3048 502 fuerit
3067 446 3232 503 vulva
3252 447 3568 518 ,transfusa,

1984 539 2123 589 tunc
2151 533 2300 604 quod
2353 535 2565 592 latebat
2598 537 2656 593 in
2714 538 2981 595 membris
3030 540 3377 612 extenditur,
3420 541 3570 600 etin

1984 642 2225 699 persona
2254 630 2483 700 propria
2538 630 2873 688 declaratur.
2905 631 3047 688 Huic
3091 633 3261 705 igitur
3309 634 3570 691 humanae

1984 729 2219 784 natum,
2257 736 2383 791 quae
2436 722 2712 793 generalis
2740 731 2797 779 et
2823 724 3135 781 communis
3175 733 3262 781 est
3305 725 3570 782 omnibus

1984 812 2328 880 hominibus,
2363 813 2484 869 sine
2514 830 2623 884 qua
2669 815 2824 870 nulla
2850 822 3034 886 potest
3059 815 3148 887 (ut
3194 817 3453 888 superius
3482 816 3571 872 di-

1983 904 2187 977 ximus)
2240 896 2482 978 persona
2532 908 2885 976 subsistere,
2942 909 3001 964 in
3054 920 3264 966 sanctae
3321 910 3569 984 Virginis

1982 1005 2165 1065 utero,
2197 1012 2321 1069 qua:
2352 996 2461 1054 fide
2490 999 2652 1070 plena
2671 999 2845 1055 Deum
2872 1001 3169 1071 concipere
3202 1003 3428 1070 meruit,
3474 1018 3563 1059 se‘

1986 1089 2286 1161 metipsum
2318 1090 2465 1146 Deus
2498 1090 2746 1148 Verbum
2779 1091 2946 1148 unire
2998 1092 3258 1163 dignatus
3280 1104 3384 1162 est,
3415 1103 3474 1151 et
3499 1109 3569 1150 ex

1982 1185 2216 1241 materia
2231 1184 2514 1241 viscerum
2535 1186 2657 1256 ejus
2677 1183 2889 1255 absque
2922 1184 3037 1239 ullo
3061 1185 3167 1240 viri
3190 1187 3401 1242 semine
3432 1202 3568 1258 pro-

1983 1276 2104 1346 pria
2136 1275 2388 1345 potentia
2417 1284 2475 1331 et
2501 1275 2708 1332 virtute
2741 1275 3131 1346 semetipsum,
3156 1276 3276 1332 sine
3312 1277 3425 1332 ulla
3456 1286 3570 1333 sta—

1982 1377 2073 1423 tus
2100 1368 2185 1423 sui
2210 1367 2609 1433 diminutione,
2634 1376 2788 1422 creat
2813 1367 3127 1423 secundum
3158 1383 3405 1434 carnem,
3434 1384 3555 1439 pro-

1982 1460 2099 1517 ficit
2118 1461 2174 1515 in
2201 1461 2488 1527 membris,
2514 1461 2576 1515 ﬁt
2598 1460 2789 1527 homo,
2821 1461 3124 1516 secundam
3145 1477 3245 1532 pro
3263 1470 3455 1517 nostra
3479 1478 3570 1517 sa-

1979 1551 2098 1608 lute
2127 1552 2366 1608 sustinet
2393 1551 2771 1619 nativitatem,
2808 1561 3094 1623 postremo
3128 1553 3334 1610 crescit
3355 1553 3408 1607 in
3430 1561 3568 1607 arta-

1981 1646 2055 1701 tis
2084 1655 2461 1719 augmentum.
2495 1645 2712 1702 Idcirco
2747 1660 2879 1701 vere
2900 1654 2957 1701 et
3004 1646 3229 1716 proprie
3257 1645 3567 1702 secundum

1983 1756 2206 1798 carnem
2241 1751 2409 1797 natus
2430 1749 2669 1797 asancta
2702 1740 2931 1811 Virgine
2968 1755 3000 1796 a
3028 1740 3336 1796 Catholicis
3368 1740 3570 1811 praedi-

1982 1843 2163 1891 catur.
2218 1833 2361 1890 Hinc
2414 1850 2544 1889 vere
2573 1841 2630 1889 et
2664 1831 2889 1903 proprie
2922 1832 3120 1889 eadem
3150 1841 3343 1889 sancta
3396 1832 3567 1904 Virgo

1983 1927 2081 1982 Dei
2107 1925 2360 1981 Genitrix
2385 1926 2657 1981 creditur.

2055 2018 2122 2073 N.
2150 2018 2354 2073 Totum
2385 2018 2537 2088 quod
2579 2020 2840 2090 superius
2867 2035 2897 2075 a
2937 2026 3013 2084 te,
3041 2017 3174 2073 licet
3200 2015 3448 2071 involute
3485 2024 3568 2070 ta-

1985 2125 2113 2165 men
2143 2109 2550 2177 rationabiliter
2569 2110 2770 2166 disseri
2795 2110 3112 2175 videbatur,
3150 2107 3434 2165 conclusio
3452 2108 3570 2162 haec

1983 2209 2231 2258 extrema
2260 2202 2533 2268 confudit,
2559 2217 2681 2273 qua
2714 2203 2889 2257 Deum
2935 2202 3221 2257 hominem
3271 2200 3477 2255 factum
3513 2207 3570 2255 et

1982 2294 2131 2365 quod
2162 2303 2247 2350 est
2280 2294 2716 2360 intolerabilius,
2762 2293 3067 2349 secundam
3096 2293 3193 2347 Dei
3219 2291 3390 2347 Verbi
3420 2291 3533 2346 nati
3554 2320 3568 2332 -

1980 2386 2212 2439 vitatem
2248 2383 2515 2439 audacter
2538 2370 2865 2453 expressit‘:
2898 2399 3024 2439 cum
3081 2382 3233 2437 nulla
3270 2396 3363 2436 res
3413 2380 3568 2435 nasci

1982 2476 2230 2534 secundo
2276 2475 2722 2533 substantialiter
2768 2483 2956 2545 queat.
2982 2473 3182 2529 Factus
3204 2479 3390 2526 autem
3421 2471 3568 2525 Deus

1982 2567 2171 2633 homo,
2203 2567 2484 2639 quomodo
2523 2582 2552 2621 a
2582 2575 2635 2622 te
2688 2565 3053 2638 prardicatur,
3102 2579 3226 2619 cum
3266 2562 3404 2618 illud
3446 2560 3565 2617 fieri

1982 2660 2210 2728 dicitur,
2243 2660 2394 2732 quod
2430 2660 2670 2716 necdum
2714 2667 2932 2715 exstare
2963 2657 3251 2721 videatur,
3282 2656 3372 2711 vel
3398 2670 3467 2710 ex
3498 2670 3566 2710 eo

1981 2753 2131 2824 quod
2161 2761 2247 2809 est
2286 2754 2344 2808 in
2383 2751 2523 2808 illud
2558 2750 2768 2823 aliquid
2800 2750 3043 2807 vertitur
3102 2756 3164 2804 ut
3193 2748 3415 2805 desinat
3443 2760 3566 2802 esse

1979 2843 2130 2916 quod
2159 2851 2279 2900 erat
2296 2843 2320 2897 ?

2053 2936 2116 2993 C.
2155 2936 2297 2992 Hinc
2342 2950 2541 3007 nempe
2601 2933 2893 2991 tremenda
2945 2940 3065 2995 est,
3100 2936 3157 2986 et
3185 2924 3564 2992 admirabilis,

293 3009 452 3083 551
487 3020 732 3067 utentem
763 3014 1004 3079 ratione,
1042 3016 1429 3087 imperfectam
1481 3026 1631 3074 recte
1656 3018 1950 3100 iudica-.6
1977 3028 2133 3101 juxta
2151 3042 2377 3083 carnem
2394 3026 2494 3083 Dei
2517 3026 2693 3082 nostri
2711 3022 2955 3080 secunda
2978 3020 3259 3085 nativitas,
3279 3031 3564 3088 magnum-

293 3104 377 3161 bi’t
408 3105 708 3161 humanam
756 3106 965 3162 habere
1023 3110 1317 3164 naturam?
1339 3110 1532 3183 Neque
1580 3113 1734 3168 enim
1774 3113 1874 3183 qui

294 3199 377 3253 uti
400 3213 503 3270 pro
529 3207 780 3271 tempore
804 3214 920 3256 non
954 3208 1141 3272 potest
1184 3202 1402 3258 ratione
1424 3243 1439 3270 ,
1491 3203 1619 3259 ideo
1660 3204 1875 3270 aliquid

294 3291 376 3347 illi
402 3290 598 3347 deesse
626 3291 957 3362 probabitur
984 3307 1016 3348 a
1047 3291 1371 3349 definitione
1422 3303 1635 3355 naturae
1675 3295 1876 3350 huma-

292 3397 407 3454 nae;
441 3382 746 3450 cum,sicut
796 3392 1017 3440 veteres
1047 3383 1409 3453 definierunt,
1450 3386 1593 3441 nihil
1620 3387 1692 3442 sit
1721 3386 1876 3442 aliud

293 3472 483 3540 homo,
509 3487 680 3544 quam
730 3472 936 3529 animal
962 3475 1242 3532 rationale
1300 3475 1558 3530 mortale.
1596 3475 1683 3530 An
1732 3475 1878 3531 forte
1925 3551 1931 3557 _

294 3565 523 3635 aliquis,
558 3564 691 3634 quia
712 3580 829 3620 non
852 3572 1089 3621 utuntur
1111 3565 1330 3637 parvuli
1390 3564 1630 3630 ratione,
1656 3564 1880 3619 irratio-

294 3653 508 3711 nabilia
535 3653 797 3710 animalia
817 3654 1056 3710 tentabit
1084 3670 1183 3711 eos
1211 3669 1481 3721 asserere,
1507 3668 1648 3725 quos
1683 3654 1877 3725 utique

294 3757 552 3819 tempore
586 3760 834 3818 congruo
861 3761 975 3804 non
1005 3746 1353 3803 extrinsecus
1379 3746 1682 3804 adveniens
1711 3746 1876 3814 ratio,

291 3840 393 3898 sed
410 3840 757 3913 intrinsecus,
778 3848 979 3895 natura
994 3837 1457 3895 subministrante
1473 3838 1709 3894 ditabit?
1726 3837 1876 3907 Qua-

290 3937 531 4006 pr0pter
552 3920 755 3986 natura
778 3930 1042 3996 humana,
1068 3944 1193 4001 qua:
1246 3930 1384 3986 latet
1410 3929 1468 3986 in
1509 3930 1740 3986 materia
1782 3945 1876 3986 se-

289 4023 482 4090 minis,
506 4036 618 4078 non
650 4031 748 4079 aut
775 4022 940 4091 nihil,
965 4031 1063 4079 aut
1088 4022 1410 4096 imperfecta
1438 4033 1544 4090 est,
1575 4031 1873 4096 antequam

288 4116 347 4173 in
372 4130 530 4172 suam
556 4114 997 4181 subsistentiam,
1030 4115 1146 4172 Deo
1170 4130 1240 4172 ex
1270 4114 1391 4188 ipsa
1417 4123 1645 4173 creante
1664 4114 1874 4171 forme-

293 4218 405 4276 tur,
446 4206 546 4264 sed
575 4207 805 4264 omnino
830 4205 1099 4279 perfecta,
1130 4206 1447 4278 secundum
1488 4221 1656 4278 quam
1696 4205 1873 4263 ratio-

290 4315 419 4358 nem
444 4308 503 4356 et
536 4299 673 4356 Levi
697 4311 826 4355 ante
856 4299 1037 4355 multa
1075 4309 1346 4372 tempora,
1401 4314 1569 4371 quam
1602 4298 1660 4355 in
1711 4306 1875 4355 utero

1932 3129 1937 3133 '
1978 3135 2088 3192 que
2136 3118 2359 3190 pietatis
2423 3119 2544 3173 sine
2595 3116 2763 3173 dubio
2812 3122 3222 3171 sacramentum
3270 3110 3563 3181 probatur,

1978 3211 2124 3282 quod
2150 3217 2385 3281 negatur
2406 3209 2477 3265 ab
2502 3207 2710 3279 impiis,
2743 3206 2875 3278 quia
2900 3220 3012 3262 non
3039 3212 3181 3269 erat,
3212 3200 3311 3258 sed
3326 3201 3422 3271 qui
3444 3209 3567 3255 erat

1977 3300 2227 3357 nascitur
2262 3318 2278 3356 :
2315 3314 2421 3354 nec
2453 3296 2763 3354 secundum
2789 3296 2845 3352 id
2874 3294 3024 3366 quod
3049 3301 3191 3360 erat,
3230 3292 3327 3348 sed
3360 3303 3565 3344 secun-

1978 3392 2111 3448 dum
2144 3391 2199 3446 id
2236 3391 2386 3462 quod
2420 3406 2535 3447 non
2562 3397 2717 3456 erat,
2754 3387 2981 3459 propria
3002 3382 3323 3457 dignatione
3356 3380 3563 3435 fortna-

1979 3495 2090 3542 tur.
2128 3485 2235 3552 Qui
2258 3484 2408 3540 enim
2451 3483 2781 3538 naturaliter
2808 3489 2931 3537 erat
2954 3480 3077 3536 sine
3112 3475 3275 3535 initio
3299 3482 3467 3532 natus
3494 3486 3562 3527 ex

1979 3585 2139 3648 patre
2167 3617 2181 3643 ,
2245 3574 2392 3631 idem
2435 3576 2556 3646 ipse
2599 3574 2657 3629 in
2696 3583 2951 3643 tempore
2992 3570 3326 3629 naturaliter
3372 3569 3564 3625 nasci-

1983 3679 2072 3725 tur
2118 3667 2281 3724 nobis
2335 3683 2405 3723 ex
2454 3677 2653 3724 matre.
2694 3665 2776 3723 lbi
2816 3664 3127 3722 secundum
3175 3662 3565 3735 divinitatem,

1979 3759 2072 3816 hic
2123 3758 2270 3816 idem
2304 3758 2423 3830 ipse
2472 3759 2640 3815 homo
2668 3773 2736 3813 ex
2781 3756 3009 3813 homine
3052 3755 3253 3821 factus,
3303 3754 3563 3812 similiter

1976 3866 2089 3908 non
2138 3851 2447 3908 secundum
2497 3850 2556 3907 id
2604 3850 2755 3922 quod
2792 3856 2935 3916 erat,
2998 3847 3098 3906 sed
3146 3847 3454 3905 secundum
3505 3844 3561 3903 id

1974 3943 2125 4015 quod
2152 3959 2267 4001 non
2296 3952 2437 4000 erat.
2469 3943 2607 4000 Nam
2630 3942 2778 3999 Deus
2834 3940 2933 4013 qui
2957 3946 3100 4003 erat,
3132 3939 3195 3996 fit
3222 3939 3411 4007 homo,
3439 3939 3562 3997 sine

1974 4035 2061 4093 sui
2088 4035 2474 4101 conversione,
2512 4032 2665 4105 quod
2694 4048 2807 4089 non
2835 4039 2982 4089 erat.
3004 4030 3161 4088 Valet
3185 4029 3372 4102 itaque
3396 4044 3564 4101 argu-

1973 4135 2225 4185 mentum
2253 4134 2351 4183 ate
2373 4125 2674 4197 prolatum,
2707 4123 2776 4180 ad
2796 4137 2926 4181 eum
2945 4120 3045 4194 qui
3072 4120 3283 4194 aliquid
3300 4120 3451 4192 quod
3476 4128 3562 4178 est

1974 4220 2283 4277 secundum
2303 4218 2360 4275 id
2376 4218 2527 4290 quod
2547 4224 2655 4282 est,
2682 4224 2781 4272 aut
2802 4213 2955 4271 nasci
2983 4212 3231 4269 secundo
3247 4211 3563 4276 contendit,

1976 4316 2075 4365 aut
2092 4306 2214 4365 ﬁeri
2247 4324 2261 4362 :
2293 4306 2364 4363 ad
2392 4320 2499 4361 nos
2526 4320 2662 4360 vero
2692 4303 2834 4359 nihil
2866 4301 3132 4374 pertinet,
3175 4300 3272 4374 qui
3312 4315 3427 4357 non
3472 4316 3563 4358 se.

290 4392 685 4460 seminantur.
717 4400 813 4449 aut
841 4392 1252 4465 conciperetur.
1305 4391 1364 4449 in
1423 4392 1634 4449 lumbis
1658 4392 1876 4464 positus
1902 4386 1952 4446 ι)
1978 4399 2227 4458 cundum
2261 4398 2320 4455 id
2353 4395 2505 4469 quod
2527 4403 2669 4462 erat,
2697 4402 2756 4451 et
2778 4402 2971 4451 natum
2992 4392 3239 4451 secundo
3269 4403 3329 4451 et
3353 4392 3564 4453 factum

291 4485 534 4543 Abrahae
551 4486 757 4557 legitur
796 4485 1132 4545 decimatus.
1162 4486 1330 4566 Nulla
1350 4493 1541 4543 autem
1572 4500 1664 4543 res
1686 4492 1873 4557 potest

294 4576 561 4633 decimari
606 4594 729 4649 quae
776 4593 890 4636 non
920 4588 1029 4636 est.
1054 4579 1167 4637 Res
1194 4593 1329 4651 ergo
1374 4578 1479 4635 ista
1504 4577 1626 4636 sive
1672 4583 1876 4634 natura

293 4684 422 4742 quae
448 4670 506 4726 in
535 4671 757 4729 occulto
780 4682 891 4739 est,
914 4670 1166 4743 quandiu
1191 4669 1536 4743 producatur
1559 4669 1632 4728 ad
1664 4669 1871 4737 lucem,

294 4762 454 4834 quasi
478 4763 536 4819 in
562 4763 873 4823 substantia
890 4780 923 4821 a
941 4765 1130 4821 minus
1152 4762 1595 4835 intelligentibus
1624 4762 1873 4819 aestima-

1979 4494 2155 4551 Deum
2185 4491 2468 4548 hominem
2482 4486 2871 4561 praedicamus.
2904 4485 3013 4544 Sed
3032 4486 3145 4558 jam
3177 4484 3343 4543 istius
3368 4485 3566 4557 dispu-

1977 4585 2229 4652 tationis,
2252 4584 2299 4641 si
2318 4582 2521 4657 placet,
2553 4581 2659 4637 iste
2691 4578 2766 4637 sit
2785 4578 2930 4636 finis.
2953 4577 3013 4634 Si
3030 4592 3142 4650 qua
3167 4592 3304 4635 vero
3325 4583 3561 4644 restant,

1976 4678 2047 4737 ab
2080 4675 2310 4735 alterius
2339 4669 2829 4735 sermocinationis
2854 4670 3212 4742 inquiruntur
3235 4667 3489 4727 exordio.

340 4937 3548 4983 Mm

1382 5120 1747 5215 LIBER
1817 5113 2476 5213 SECUNDUS.

634 5448 981 5510 CAPITULA
1017 5446 1198 5505 LIBRI
1226 5447 1537 5511 SECUNDI.

1967 5406 2031 5466 η.
2073 5407 2223 5475 Quod
2243 5422 2308 5462 ea:
2332 5405 2613 5462 divinitate
2638 5411 2689 5459 et
2712 5405 3045 5465 humanitate
3065 5404 3312 5464 Christus
3343 5416 3558 5471 compo-

2106 5500 2240 5555 situs
2278 5500 2551 5555 doceatur.

293 5593 334 5653 l’.
377 5592 453 5647 De
491 5587 739 5645 naturali
762 5589 953 5646 unione
984 5585 1082 5643 Dei
1126 5584 1277 5642 Verbi
1309 5587 1449 5658 facta
1489 5591 1559 5648 ad
1592 5578 1868 5664 propriam
1970 5590 2061 5659 lll.
2090 5591 2168 5646 De
2207 5608 2267 5645 eo
2312 5592 2455 5662 quod
2487 5592 2667 5643 dicunt
2717 5588 2946 5643 alterum
2993 5590 3050 5644 in
3094 5584 3296 5654 altera,
3326 5584 3427 5639 hoc
3454 5588 3559 5652 ω,

431 5698 676 5739 εαηειιι.

2111 5681 2279 5738 Deum
2316 5681 2533 5737 Verbum
2566 5678 2806 5736 habitare
2834 5680 2886 5733 in
2917 5677 3148 5736 Iconiu-

1913 5775 1981 5789 ..-
