3952 6136
304 294 404 362 131

299 413 390 470 IV.
426 408 504 468 De
529 383 598 466 eo
631 379 771 482 quod
797 387 1106 482 scriptum:
1138 426 1155 459 ι
1183 405 1381 462 Solvite
1413 405 1670 477 templum
1696 393 1812 468 hoc,
1835 410 1884 456 et
1915 410 1960 464 Α

477 506 535 560 in
555 505 730 566 triduo
753 504 1076 582 resuscitabo
1097 500 1234 557 illud
1253 501 1320 554 ⁷⁸.
1367 519 1402 576 »-

299 586 369 654 V.
408 594 560 664 Quod
593 583 843 668 perverso.
866 593 1234 664 intelligentia:
1255 607 1411 645 sensu
1434 590 1722 661 accipiant,
1754 590 1894 661 quod

441 688 700 758 scriptum
719 693 792 740 est
820 699 839 739 :
865 679 1010 761 {Nisi
1040 679 1492 751 manducaueritis
1517 693 1735 733 carnem
1769 676 1895 733 Filii

450 777 698 848 hominis,
730 791 836 828 non
865 772 1121 828 habebitis
1150 772 1313 826 vitam
1338 771 1397 825 in
1430 770 1654 826 vobis".
1691 787 1711 823 ι

307 866 396 924 Ἠ.
439 865 590 934 Quod
625 884 730 922 non
763 867 981 921 credant
1023 866 1186 920 vitam
1215 879 1325 918 esse
1361 879 1481 918 eum
1503 863 1596 936 qui
1637 880 1670 917 a
1693 860 1894 920 Iudaeis

514 967 591 1016 est
615 949 919 1030 cruciﬁxus.

301 1051 416 1108 VII.
456 1048 610 1118 Quod
637 1052 903 1108 hominem
930 1052 1329 1120 tantummodo,
1367 1067 1476 1107 non
1502 1049 1706 1118 Deum,
1737 1045 1898 1108 carne

423 1127 431 1132 ’
516 1144 830 1212 cruciﬁxum
855 1161 966 1199 esse
996 1144 1300 1214 fateantur.

303 1235 440 1290 VIII.
477 1235 555 1290 De
606 1252 665 1289 eo
717 1235 857 1306 quod
895 1237 1154 1308 scriptum
1191 1243 1299 1300 est.
1362 1254 1382 1288 ι
1413 1233 1675 1292 Dominus
1709 1233 1897 1310 gloria:

517 1325 803 1395 cruciﬁxus
821 1327 892 1380 ⁷⁷.
939 1346 959 1379 ι

305 1417 398 1473 IX.
440 1417 520 1473 De
551 1436 610 1473 eo
639 1419 778 1491 quod
811 1419 992 1474 dicunt
1023 1436 1042 1474 :
1069 1417 1336 1475 Christum
1351 1435 1570 1492 passum
1603 1435 1896 1488 carne,non

315 1506 319 1509 ’
522 1507 694 1562 Deum
736 1526 952 1582 passum
983 1525 1147 1563 carne
1192 1507 1436 1578 conﬁteri
1475 1507 1679 1562 debere.
1716 1505 1790 1562 Et
1834 1509 1898 1562 de

519 1616 578 1653 eo
627 1600 765 1672 quod
799 1601 1056 1670 scriptum
1099 1606 1177 1654 est
1215 1615 1234 1655 :
1277 1617 1296 1651 ι
1335 1598 1621 1662 Dominum
1671 1615 1794 1654 eum
1846 1606 1896 1654 et

519 1691 785 1747 Christum
813 1691 948 1746 Deus
977 1692 1096 1762 fecit
1110 1692 1179 1748 ⁷⁸.

305 1781 376 1840 X.
423 1783 499 1838 De
526 1785 840 1840 testimoniis
872 1785 1061 1856 quibus
1111 1801 1306 1856 purum
1351 1785 1618 1840 hominem
1649 1801 1770 1840 eum
1805 1786 1896 1858 qui
1930 1768 1971 1824 Β

483 1894 582 1949 pro
619 1887 803 1932 nostra
845 1877 1021 1932 salute
1050 1893 1239 1950 passus
1273 1885 1370 1944 est,
1404 1877 1777 1932 demonstrare
1810 1878 1896 1932 ni-

483 1981 690 2026 tantur.

304 2060 398 2118 XI.
425 2061 578 2129 Quod
595 2063 906 2118 nullatenus
919 2064 1079 2118 unius
1097 2062 1438 2136 ejusdemque
1458 2063 1752 2130 mirabilia,
1775 2081 1900 2136 pas-

514 2153 792 2224 sionesque
819 2154 1118 2223 fateantur.
1165 2151 1238 2206 Et
1267 2151 1331 2204 de
1371 2167 1432 2204 eo
1463 2151 1604 2222 quod
1639 2153 1898 2222 scriptum

520 2251 597 2298 est
641 2245 710 2300 ad
765 2243 1014 2299 Hebraeos
1041 2260 1061 2298 :
1093 2262 1111 2294 ι
1146 2241 1376 2296 Docebat
1413 2244 1553 2297 enim
1608 2258 1730 2296 eum
1771 2259 1900 2314 pro-

520 2347 640 2412 pter
692 2354 849 2409 quem
882 2340 1096 2403 omnia,
1149 2344 1200 2390 et
1229 2353 1324 2408 per
1361 2351 1517 2408 quem
1557 2338 1760 2403 omnia,
1807 2339 1901 2408 qui

523 2428 715 2484 multos
744 2427 902 2515 ﬁlios}
922 2432 979 2482 in
1007 2427 1238 2499 gloriam
1265 2427 1597 2492 adduxerat,
1630 2434 1899 2482 auctorem

521 2517 713 2574 salutis
743 2535 926 2572 eorum
959 2534 1053 2588 per
1076 2519 1347 2589 passiones
1375 2535 1746 2574 consummare
1771 2521 1838 2573 ".
1874 2540 1892 2572 ι

306 2609 425 2669 XII.
475 2610 550 2665 De
593 2627 652 2664 eo
689 2610 830 2682 quod
866 2608 1061 2664 callide
1112 2608 1306 2664 dicitur
1341 2610 1406 2665 ab
1451 2612 1572 2666 eis:
1612 2609 1751 2666 Caro
1803 2611 1902 2666 Dei

523 2704 683 2774 pass’a
715 2710 814 2766 est,
846 2701 983 2756 Deus
1009 2710 1188 2755 autem
1217 2718 1377 2756 carne
1414 2718 1606 2774 passus
1635 2719 1742 2757 non
1767 2711 1862 2758 est.

309 2795 446 2852 XIII.
489 2795 736 2862 Quaiiter
773 2796 940 2850 Deum
971 2797 1220 2868 proprias
1251 2797 1434 2851 carnis
1464 2811 1578 2850 sua:
1601 2797 1784 2868 fecisse
1811 2812 1902 2850 as-

551 2896 737 2943 serunt
763 2889 1060 2960 passiones.
1888 2881 1892 2886 ’

307 2975 447 3036 XIV.
489 2978 643 3046 Quod
671 2980 837 3036 Deum
865 2997 1084 3052 passum
1111 2997 1276 3036 carne
1314 2989 1580 3048 asserant,
1608 2981 1773 3038 Deum
1803 2999 1903 3038 au-

559 3081 662 3127 tem
701 3070 922 3128 Verbum
955 3091 1174 3146 passum
1217 3090 1382 3130 carne
1430 3072 1579 3130 nullo
1627 3073 1784 3130 modo
1818 3075 1903 3146 fa-

561 3171 797 3218 teantur.

309 3251 424 3308 XV.
468 3250 620 3319 Quod
655 3261 850 3325 negant
875 3251 1045 3308 Deum
1077 3269 1208 3317 esse,
1241 3253 1331 3324 qui
1361 3254 1500 3308 visus
1525 3261 1584 3306 et
1603 3261 1900 3308 contrecta-

525 3353 608 3398 tus
641 3353 692 3398 et
720 3361 906 3416 passus
947 3361 1108 3398 carne
1159 3352 1256 3410 est,
1295 3345 1357 3399 ob
1387 3344 1443 3398 id
1467 3343 1612 3416 quod
1644 3346 1901 3414 scriptum

520 3446 634 3492 est:
667 3458 686 3488 ‹
716 3435 886 3492 Deum
919 3453 1072 3492 nemo
1104 3439 1234 3492 vidit
1265 3438 1590 3510 unquam”.
1630 3455 1652 3493 ι

308 3523 449 3586 XVI.
491 3525 647 3594 Quod
679 3527 996 3595 Trinitatem
1032 3531 1089 3585 in
1114 3530 1321 3587 Christo
1352 3531 1596 3586 habitare
1633 3529 1798 3600 impie
1818 3545 1906 3584 as-

544 3630 748 3689 serant,
775 3629 826 3676 et
867 3623 929 3676 ob
954 3621 1010 3676 id
1039 3623 1296 3694 scriptum
1322 3631 1399 3676 est
1431 3638 1448 3676 :
1479 3640 1503 3673 ι
1534 3620 1672 3688 Quia
1703 3621 1759 3675 in
1789 3621 1903 3692 ipso

547 3713 754 3769 habitat
782 3715 954 3770 omnis
991 3711 1260 3787 plenitudo
1309 3713 1602 3770 divinitatis
1641 3727 1901 3784 corpora-

531 3802 653 3858 liter
671 3806 740 3859 ".
777 3825 796 3858 υ

310 3887 476 3972 XVII.
517 3892 670 3961 Quod
699 3899 956 3967 perverse
976 3895 1146 3950 Deum
1177 3893 1413 3962 Filium,
1454 3900 1561 3977 non
1595 3893 1766 3949 Deum
1793 3893 1904 3951 Pa-
2007 3970 2014 3976 _

549 3997 695 4040 .trem
714 3985 999 4065 in'Christo
1021 3987 1262 4042 habitare
1283 3997 1545 4051 asscrant,
1571 4003 1665 4058 per
1691 3987 1746 4040 id
1764 3987 1903 4058 quod

557 4081 814 4156 scriptum
839 4077 915 4134 est
947 4081 971 4135 ε’
993 4101 1010 4134 ‹
1037 4079 1178 4142 Deus
1203 4091 1318 4134 erat
1339 4082 1395 4134 in
1413 4079 1618 4136 Christo
1645 4080 1898 4134 mundum

557 4169 910 4226 reconcilians
938 4169 1038 4226 sibi
1053 4169 1120 4226 ⁸¹.
1161 4191 1179 4226 ι
1405 4166 1408 4170 ’

240 4271 246 4276 ·
304 4253 498 4314 XVIII.
539 4247 694 4328 Quod
725 4258 1140 4338 Christum,;non
1171 4255 1390 4348 carnem
1412 4261 1628 4348 Christi,
1657 4263 1690 4324 a
1711 4277 1898 4324 sancta

1929 4399 2042 4458 ιι..

1541 285 1549 292 ’
1575 287 1900 353 JOANNIS
1940 223 2322 350 ΜᾸΧΕΝΤΠ

3479 293 3583 352 132

2271 399 2531 456 Trinitate
2563 405 2798 454 creatum
2837 408 2886 454 et
2919 385 3288 458 resuscitatum
3319 385 3584 462 asserant'.

2279 492 2418 566 quod
2449 493 2574 548 dum
2609 493 2794 547 docere
2836 501 3102 548 conantur
3134 487 3299 565 juxta
3333 494 3584 562 Arianos,

2281 582 2552 640 Christum
2590 592 2894 640 creaturam
2925 585 3140 642 credere
3189 586 3592 656 deprehendun-

2286 687 2394 732 tur.
2412 673 2416 678 ’
2689 673 2705 754 '_
3263 727 3267 736 η
3561 681 3566 692 ·

2000 765 2146 823 XIX.
2187 765 2265 822 De
2297 785 2359 824 eo
2391 769 2530 841 quod
2575 769 2756 827 dicunt
2781 809 2795 835 ,
2825 768 3150 825 Homousion
3186 767 3452 834 dividere,
3510 775 3586 823 est

2241 855 2508 914 Christum
2538 859 2710 914 dicere
2730 861 2896 915 unum
2930 876 2992 915 ea:
3013 858 3056 914 Τ
3057 861 3292 916 rinitute.

2002 947 2122 1003 XX.
2145 947 2222 1004 De
2243 966 2304 1019 eo
2323 950 2462 1021 quod
2489 951 2661 1014 aiunt,
2687 948 2942 1021 quidquid
2966 965 3028 1004 es:
3058 948 3240 1021 aliquo
3260 966 3370 1005 esse
3393 951 3588 1006 dicitur

2213 1040 2447 1096 alterum
2495 1041 2724 1096 ostendit
2751 1057 2816 1096 ea:
2854 1039 3047 1106 altero,
3095 1049 3145 1096 e't
3173 1041 3290 1096 ideo
3320 1040 3587 1098 Christum

2215 1149 2323 1188 non
2375 1141 2578 1205 Oportet
2624 1151 2792 1188 unum
2844 1151 2910 1190 ea;
2955 1134 3213 1190 Trinitatc
3243 1136 3436 1208 fateri,
3495 1139 3589 1193 sed

2221 1243 2385 1284 unum
2423 1229 2480 1282 in
2497 1225 2756 1282 Trinitate
2785 1237 2833 1282 et
2868 1229 3208 1298 perversitate
3235 1229 3330 1283 hoc
3349 1229 3489 1284 idem
3523 1229 3588 1284 ab

2215 1321 2343 1391 ipsis
2367 1321 2625 1376 haereticis
2656 1327 2995 1376 memoretur.
3047 1307 3050 1310 ’
3173 1317 3177 1320 ’

2002 1404 2147 1474 XXI.
2187 1395 2342 1478 Quod
2384 1429 2550 1467 unam
2586 1413 2798 1484 quidem
2853 1429 3138 1483 personam
3193 1411 3459 1469 Christum
3525 1427 3589 1468 ea:

2221 1504 2475 1561 Trinitate
2496 1507 2788 1578 fateantur,
2823 1503 3090 1562 Christum
3114 1512 3293 1561 autem
3332 1521 3498 1560 unum
3527 1521 3590 1560 ea:

2224 1596 2486 1653 Trinitate
2535 1597 2698 1653 stulte
2745 1597 3022 1669 denegent.
3083 1597 3155 1653 Et
3187 1581 3328 1669 quod
3361 1614 3468 1652 non
3527 1613 3590 1652 ea:

2219 1690 2426 1746 duabus
2456 1692 2688 1754 naturis,
2717 1690 2811 1745 sed
2830 1707 2896 1745 eo:
2925 1689 3129 1744 duabus
3156 1690 3394 1762 personis
3424 1705 3590 1744 unam

2212 1794 2496 1849 personam
2538 1785 2754 1848 propter
2791 1793 2960 1832 unum
2987 1776 3112 1834 Filii
3149 1776 3484 1843 vocabulum,
3540 1785 3590 1832 et

2211 1865 2526 1938 dignitatem
2546 1871 2596 1919 et
2616 1867 2989 1921 auctoritatem
3009 1863 3280 1923 Christum
3299 1880 3412 1918 esse
3431 1865 3592 1936 impie

2213 1955 2605 2008 machinentur.

1999 2044 2171 2102 XXII.
2213 2045 2292 2102 De
2339 2061 2398 2100 eo
2427 2044 2569 2116 quod
2595 2051 2839 2100 asserunt
2889 2042 3025 2098 nihil
3058 2044 3166 2098 nos’
3195 2042 3464 2114 afﬁrmare
3494 2040 3588 2096 de-

2285 2138 2426 2202 bere,
2459 2137 2598 2208 quod
2625 2153 2732 2192 non
2769 2139 2827 2192 in
2851 2134 3143 2208 Scripturis
3169 2135 3436 2190 canonicis
3461 2149 3589 2188 con-

2285 2231 2505 2290 tinetur,
2527 2238 2576 2283 et
2597 2229 2662 2284 de
2687 2245 2791 2301 quo
2816 2227 3000 2284 dolose
3019 2227 3221 2292 dicant,
3246 2229 3359 2281 sine
3383 2224 3589 2282 Christo

2288 2322 2604 2378 Trinitatem
2623 2337 2729 2376 non
2763 2338 2874 2376 esse
2897 2337 2915 2376 :
2947 2329 2997 2374 et
3027 2319 3168 2392 quod
3193 2319 3381 2374 invicte
3405 2325 3590 2372 contra

2289 2426 2468 2464 omnes
2496 2425 2629 2482 pene
2652 2426 2835 2464 eorum
2851 2409 3112 2464 versutias
3135 2416 3438 2480 apponatur
3456 2405 3590 2460 illud

2294 2501 2436 2574 quod
2494 2503 2750 2572 scriptum
2795 2508 2920 2556 est:
2965 2519 2984 2552 α
3017 2498 3150 2554 Ecce
3196 2497 3372 2554 Adam
3418 2497 3590 2570 fastus

2287 2605 2363 2650 est
2395 2595 2550 2668 quasi
2575 2611 2710 2649 unus
2740 2610 2804 2649 eo:
2825 2591 3052 2648 nobis”.
3089 2611 3109 2644 ι

2005 2683 2198 2741 XXIII.
2247 2683 2326 2740 De
2378 2700 2436 2739 eo
2481 2685 2621 2756 quod
2654 2699 2718 2738 ea:
2761 2684 2891 2756 ipsis
2933 2683 3158 2755 quidam
3195 2681 3376 2736 dolose
3420 2680 3590 2736 Deum

2278 2783 2469 2830 natum
2492 2789 2555 2830 ea:
2580 2774 2778 2847 femina
2799 2773 2972 2828 dicere
2984 2771 3300 2838 videantur;
3323 2769 3590 2826 Christum

2290 2883 2416 2922 vero
2455 2883 2621 2920 unum
2649 2881 2714 2920 ea:
2765 2864 3024 2920 Trinitate
3053 2859 3362 2917 nullatenus
3391 2873 3596 2914 asseve-

2288 2965 2428 3026 rent,
2453 2967 2501 3012 et
2531 2957 2592 3012 de
2618 2973 2676 3012 eo
2722 2955 2864 3028 quod
2914 2956 3095 3009 dicunt
3125 2971 3142 3009 :
3178 2951 3390 3024 Sufﬁcit
3445 2951 3591 3006 nobis

2291 3051 2388 3106 hoc
2438 3049 2715 3120 conﬁteri,
2776 3049 2970 3105 nostris
3004 3045 3248 3102 volumus
3281 3047 3358 3100 uti
3397 3059 3583 3098 sermo-

2293 3146 2468 3200 nibus.

2007 3259 2198 3318 XXIV.
2240 3257 2392 3328 Quod
2413 3251 2605 3314 callide
2625 3255 2835 3312 dicatur
2855 3256 2918 3311 ab
2945 3259 3040 3320 eis,
3069 3256 3116 3310 si
3137 3253 3366 3325 idipsum
3377 3252 3589 3324 judica—

2303 3355 2370 3408 tis
2401 3368 2534 3418 esse,
2552 3351 2691 3424 quod
2708 3369 2742 3406 a
2762 3351 2902 3406 vobis
2929 3358 2978 3403 et
3009 3349 3154 3403 nobis
3175 3348 3367 3401 dicitur
3397 3363 3428 3428 :_
3450 3344 3582 3420 Quo-

2295 3441 2450 3498 modo
2483 3459 2578 3498 nos
2607 3451 2664 3497 ut
2709 3443 2980 3498 haereticos
3025 3438 3324 3504 aestimatis,
3353 3431 3480 3507 quia
3514 3452 3596 3490 ve-
3665 3448 3668 3450 ‘

2292 3537 2418 3592 stris
2442 3517 2686 3590 nolumus
2702 3535 2778 3587 uti
2799 3532 3154 3600 sermonibus,
3185 3547 3249 3584 ne
3271 3529 3595 3583 occasionem

2189 3690 2194 3698 ,
2295 3627 2417 3687 aliis
2443 3628 2700 3683 haereticis
2751 3624 3098 3697 prmbeamus.

2011 3719 2176 3778 XXV.
2216 3719 2295 3776 De
2325 3736 2384 3774 eo
2415 3720 2553 3792 quod
2607 3720 2785 3774 dicunt
2815 3735 2833 3772 :
2857 3715 3008 3795 Nihil
3059 3713 3290 3788 amplius
3329 3721 3594 3785 oportere,

2260 3813 2364 3876 nisi
2410 3811 2549 3882 quod
2573 3811 2742 3866 verbis
2769 3811 2959 3884 synodi
2987 3810 3305 3874 continetur,
3336 3820 3592 3890 asserere,

2122 3899 2148 3972 ’ν
2265 3888 2317 3958 et
2355 3886 2494 3974 quod
2527 3903 2799 3960 haereticos
2815 3886 3592 3974 judicent‘eos,quiconsimili-

2177 3975 2182 3985 ι
2264 4004 2366 4061 ter,
2397 3979 2456 4050 ut
2486 3997 2587 4067 ipsi
2609 3995 2946 4067 respondent,
2970 3979 3106 4049 duas
3135 3993 3344 4065 quidem
3371 3997 3596 4046 naturas

2258 4087 2426 4144 verbis
2447 4088 2568 4143 aliis
2604 4089 2860 4163 dicimus;
2884 4088 3070 4163 vestris
3095 4102 3218 4142 vero
3252 4083 3496 4161 nolumus
3517 4085 3594 4154 uti

2225 4166 2620 4250 sermonibus,
2672 4195 2738 4250 ne
2787 4157 2916 4234 aliis
2961 4177 3216 4235 haereticis
3267 4163 3594 4232 occasionem

2253 4272 2386 4330 dare
2414 4271 2712 4330 videamur.
2789 4325 2796 4334 ,
2961 4259 2967 4266 ’

1507 4545 1514 4641 ξ
1587 4531 2311 4637 ‘INTERLocqrones.
2551 4621 2556 4632 ι
2654 4613 2732 4624 __

1348 4651 2564 4774 inessunarssuag{curunozncas,
2637 4719 2678 4736 η

739 4823 900 4896 552
920 4823 1150 4884 CAPUT
1184 4827 1483 4888 PRIMUM.

1937 4837 1987 4897 D
2011 4837 2280 4912 arbitror)
2305 4841 2558 4896 creditur
2576 4819 2842 4906 alienum,
2865 4813 3059 4896 'Deum
3085 4837 3332 4897 Verbum
3363 4843 3588 4892 natura-

343 4953 351 4962 .
379 4911 896 4972 NESTORLANUS.
943 4917 1183 4974 Memini.
1200 4928 1262 4976 te
1279 4929 1344 4976 et
1378 4920 1442 4976 in
1933 4973 1969 4982 ..
2445 4930 2910 4990 unimanum
2931 4930 3182 4997 credere,
3207 4927 3468 5001 quoniam
3490 4927 3596 4984 hoc

303 5020 518 5072 mone,
561 5021 701 5062 .cum
741 5007 1038 5076 quaesitum
1083 5008 1317 5078 fuisset,
1359 5022 1551 5069 utrum
1595 5013 1653 5068 in
1688 5013 1908 5071 duabus

303 5095 533 5152 maturis
547 5095 1144 5168 Christum-crederes,
1175 5105 1908 5190 respondissem-Induit”,

303 5188 416 5244 sed
449 5187 692 5244 naturali
721 5192 1093 5248 conventione
1131 5193 1326 5251 unitis.
1362 5195 1522 5264 Quod
1549 5197 1678 5268 quia
1716 5187 1906 5255 subito
1935 5203 1945 5212 '

310 5279 374 5334 in
401 5279 634 5337 alterius
665 5281 992 5352 qumstionis
1015 5285 1276 5374 prorupit
1294 5287 1632 5361 indaginem,
1667 5290 1900 5346 dilatum
1942 5309 1978 5318 ·-

307 5379 403 5466 est
441 5372 537 5466 ibi‘
557 5373 628 5429 de
655 5389 724 5430 eo
753 5375 968 5448 aliquid
1000 5372 1275 5452 quaerere.
1300 5380 1462 5440 Nune
1481 5398 1614 5440 vero
1633 5385 1906 5466 quoniam

309 5462 486 5522 nimis
523 5459 780 5537 impium,
811 5474 869 5522 et
893 5467 1187 5527 catholicis
1215 5459 1900 5550 dogmatibustquantum

333 5645 435 5724 ‘__'_‘
458 5643 619 5724 Ioan.
644 5664 706 5717 tt,
726 5650 891 5724 “I9;
929 5649 1004 5724 ζ’
1018 5651 1194 5724 joan.
1221 5669 1307 5724 γι,
1341 5655 1430 5712 54.

289 5713 603 5812 "'Coloss.
637 5713 774 5787 11,93
848 5721 894 5755 ⁸¹
929 5719 975 5777 η
1006 5720 1136 5778 Cor.
1169 5739 1224 5791 v,
1251 5713 1340 5780 I9.
1415 5725 1464 5758 ⁸³
1499 5725 1638 5784 Gen.
1674 5713 1768 5794 7m,
1804 5713 1896 5784 22'.

1529 5655 1576 5690 '"
1605 5656 1626 5712 I
1657 5657 1790 5714 Cor.
1820 5674 1881 5725 Il,
1911 5659 1966 5716 8.

2008 5020 2176 5076 modo
2203 5031 2355 5078 recte
2376 5031 2567 5093 posset
2585 5021 2844 5094 intelligi,
2866 5021 2915 5078 si
2937 5022 3174 5093 placeat,
3207 5021 3468 5093 primitus
3511 5020 3593 5076 in-

1949 5113 2285 5185 ,sg'nirstur.
2337 5135 2399 5185 ,ι
2463 5135 2481 5180 ε

2047 5179 2532 5287 'CATHOCICUS.
2593 5204 2763 5260 Multa
2787 5204 3014 5276 quidem
3049 5205 3108 5261 in
3149 5204 3436 5276 superiore
3473 5219 3594 5260 ser-

2008 5308 2174 5350 mone
2196 5294 2554 5362 disserentes,
2573 5297 2787 5350 nullum
2811 5296 2955 5368 apud
2981 5305 3036 5352 te
3056 5297 3364 5368 profectum
3387 5295 3594 5352 habere

2008 5383 2311 5454 potuimus,
2343 5383 2476 5453 quia
2524 5400 2685 5441 mens
2729 5401 2842 5440 non
2873 5385 3056 5440 sanari
3099 5383 3196 5440 sed
3239 5385 3462 5441 vincere
3491 5401 3592 5440 cu-

2006 5475 2190 5547 piens,
2243 5488 2438 5533 aversa
2487 5476 2560 5532 ab
2605 5475 2698 5534 his
2739 5489 2865 5549 quae
2895 5477 3197 5546 dicuntur,
3244 5477 3317 5534 ad
3346 5476 3592 5533 nihilum

2063 5662 2110 5696 ’⁸
2140 5661 2262 5718 Act.
2301 5677 2364 5730 ιι,
2400 5662 2489 5718 36.

2593 5664 2641 5698 τ’
2671 5661 2843 5718 Ilcbr.
2877 5677 2938 5728 η.
2971 5661 3055 5718 10.
3158 5662 3204 5694 ⁸⁸
3234 5661 3394 5718 Ioan.
3431 5676 3468 5726 ι,
3503 5660 3586 5715 I8.
