3952 6136
321 283 431 350 133

1205 279 1408 342 DlAL-
1449 278 1749 340 CONTRA
1783 275 2334 341 NESTORIANOS.
2369 302 2437 313 ·-
2470 279 2618 342 LIB.
2655 279 2738 339 II.

3497 283 3604 349 131

317 397 470 456 aliud
503 395 726 454 intenta
747 403 860 458 est.
898 391 1006 450 nisi
1042 402 1104 448 ut
1149 391 1394 448 inveniat
1424 407 1438 444 :
1465 389 1617 461 quod
1655 404 1756 461 pro
1797 388 1914 445 suis
1940 392 1988 452 Α
2015 396 2111 442 aut
2147 388 2470 448 inconfusas
2498 400 2730 448 naturas
2773 391 2829 453 in
2859 392 3087 452 Christo
3123 397 3364 468 potestis
3381 397 3599 472 dicere,

315 490 569 562 partibus
605 488 938 562 eloquatur,
969 495 1311 560 quapropter
1352 483 1651 556 oportebat
1678 479 1906 554 quidem

315 561 460 640 imm
487 579 724 638 ulterius
755 561 939 634 tecum
979 575 1049 630 de
1073 591 1135 630 re
1169 589 1388 634 summa
1425 572 1766 644 disquirere.
1797 569 1906 626 Sed

316 691 391 730 ne
425 688 526 730 nos
547 672 676 736 hoc,
707 669 927 726 defectu
947 669 1134 740 potius
1162 666 1419 733 rationis,
1443 681 1611 738 quam
1637 663 1911 725 modestia

315 765 502 822 facere
531 765 798 828 mstimes,
846 761 1330 834 cogimurcontra
1369 757 1760 830 propositum,
1797 754 1910 814 tuis

314 853 732 928 oojectionibus
769 851 1134 924 respondere.
1165 850 1356 922 Itaque
1387 848 1580 909 dixisti
1621 845 1702 920 (ni
1722 844 1910 917 fallor)

316 947 495 1003 Deum
511 943 763 1001 Verbum
793 941 1129 998 naturaliter
1165 939 1423 996 humana:
1446 948 1661 994 natura;
1691 936 1911 994 unitum

317 1037 549 1094 credere
574 1076 591 1101 ,
641 1034 876 1106 impium
923 1048 1084 1098 esse,
1121 1040 1180 1090 et
1227 1031 1524 1096 catholicis
1557 1030 1912 1103 dogmatibus

317 1129 590 1191 alienum,
623 1132 967 1197 quaprOpter
1003 1139 1104 1180 cur
1126 1123 1232 1180 hoc
1258 1123 1566 1183 arbitratus
1581 1137 1668 1190 es,
1689 1121 1914 1193 planius

319 1228 373 1274 te
399 1218 666 1274 convenit
688 1217 994 1288 explicare.

283 1349 292 1362 .
392 1311 461 1366 N.
508 1309 790 1380 Quidquid
838 1309 899 1363 fit
925 1307 1282 1389 naturaliter,
1333 1321 1446 1362 non
1469 1307 1778 1373 voluntate,
1813 1307 1913 1366 sed

317 1402 658 1458 necessitate
706 1399 826 1456 ﬁeri
870 1399 1227 1471 intelligitur,
1267 1409 1325 1456 et
1350 1401 1476 1456 ideo
1506 1399 1554 1456 si
1584 1400 1915 1458 naturaliter

318 1494 470 1550 Deus
507 1493 750 1550 Verbum
799 1491 1040 1564 propriae
1067 1493 1225 1548 carni
1267 1493 1462 1548 unitus
1489 1501 1597 1558 est,
1646 1509 1760 1549 non
1797 1493 1914 1565 jam

321 1583 784 1650 misericorditer,
842 1583 941 1640 sed
986 1583 1233 1654 impulsu
1281 1584 1524 1642 naturali
1568 1584 1675 1640 hoc
1714 1584 1916 1642 fecisse

319 1673 640 1734 credendus
673 1683 780 1736 est.

309 1791 312 1794 ~
390 1767 453 1824 C.
484 1767 693 1824 Definis
739 1783 873 1839 ergo
917 1767 1179 1826 universa
1205 1782 1328 1839 quae
1353 1765 1684 1824 naturaliter
1701 1765 1908 1824 dicun-

311 4271 326 4366 1

323 1869 434 1926 tur,
457 1857 792 1915 necessitate
814 1858 932 1915 fieri
969 1875 1080 1916 non
1111 1859 1397 1922 voluntate
1421 1859 1445 1914 ἲ

384 1951 454 2006 Ν.
475 1950 594 2008 Hoc
613 1950 879 2014 arbitror,
899 1949 1140 2021 denique
1162 1951 1431 2018 esuriem,
1451 1949 1627 2013 sitim,
1651 1965 1906 2008 somnum

319 2059 430 2098 non
455 2043 768 2106 voluntate,
802 2041 899 2097 sed
935 2041 1184 2100 naturale
1222 2041 1508 2112 patimur;
1543 2042 1692 2112 quod
1721 2052 1908 2099 autem

319 2149 431 2188 non
462 2132 527 2188 ﬁt
549 2133 854 2196 voluntate,
879 2132 1090 2202 geritur
1115 2131 1235 2187 sine
1257 2131 1429 2187 dubio
1455 2132 1790 2190 necessitate
1810 2147 1912 2189 na-

320 2234 481 2304 tura}.
522 2224 650 2280 Haec
676 2241 799 2296 quae
839 2224 1001 2287 dicis.
1041 2223 1366 2293 compositte
1396 2233 1453 2280 et
1477 2225 1756 2294 passibilis
1803 2239 1906 2279 na-

319 2323 459 2370 tura:
491 2323 624 2370 sunt
664 2317 913 2384 propria,
949 2313 1276 2384 impassibili
1309 2321 1500 2369 autem
1526 2321 1584 2368 et
1615 2313 1909 2384 incompo-

320 2408 435 2463 sitas
491 2421 604 2461 non
651 2405 921 2461 estaliud
975 2405 1338 2478 naturaliter,
1396 2407 1546 2462 aliud
1595 2407 1908 2464 voluntarie

321 2497 608 2569 quidpiam
637 2496 839 2562 facere,
870 2495 965 2552 sed
1009 2511 1236 2567 prorsus
1263 2512 1436 2552 unum
1470 2505 1635 2568 atque
1669 2497 1908 2568 idipsum

322 2597 427 2644 est.
462 2588 605 2656 Quia
641 2587 718 2642 ibi
758 2603 871 2646 non
899 2587 1050 2642 aliud
1089 2595 1174 2643 est
1196 2595 1414 2655 natura,
1437 2588 1587 2644 aliud
1617 2589 1906 2656 voluntas,

323 2680 418 2736 sed
449 2691 650 2734 natura
670 2661 925 2734 voluntas
949 2688 1055 2742 est,
1087 2687 1143 2734 et
1169 2679 1426 2736 voluntas
1449 2689 1667 2736 natura.
1694 2681 1909 2737 idcirco

324 2771 470 2827 Deus
497 2771 764 2831 Verbum,
791 2769 883 2824 cui
913 2767 1064 2826 nulla
1097 2771 1354 2826 voluntas
1382 2779 1469 2827 est
1495 2771 1778 2838 accidens,
1813 2779 1911 2826 aut

325 2873 526 2920 natura
580 2861 883 2933 passibilis,
945 2875 1073 2918 cum
1125 2861 1331 2917 dicitur
1377 2863 1708 2919 naturaliter
1752 2862 1910 2918 carni

327 2955 540 3021 unitus,
576 2970 690 3009 non
711 2953 1062 3019 necessitate,
1089 2953 1187 3009 sed
1217 2953 1506 3009 voluntate
1535 2954 1784 3010 creditur
1805 2953 1910 3010 hoc

2009 481 2104 551 qui
2137 482 2422 539 Christum
2457 485 2824 556 compositum
2857 488 3180 558 praedicatis
3195 493 3228 544 2-

2079 572 2141 676 C.
2166 571 2348 719 fmus
2370 577 2740 648 compositum
2765 579 3024 650 possibile
3047 595 3117 638 an
3149 582 3490 655 impossibile
3510 600 3592 643 as-

2079 681 2150 719 1³18
2413 713 2418 718 .

2009 679 2150 722 seris

2029 816 2039 824 ,
2075 754 2148 820 Ν
2180 755 2428 816 Omnino
2461 760 2746 828 possibile.
3067 812 3073 818 .

2080 850 2142 914 C.
2173 849 2251 908 De
2285 865 2400 906 non
2437 853 2748 924 composito
2774 855 2910 925 quid
2935 857 3222 928 opinaris?

2079 942 2150 1000 N.
2183 941 2440 1004 Profecto
2474 943 2922 1016 impossibilitate
2951 951 3284 1008 subsistere.

2081 1033 2145 1092 C.
2199 1032 2486 1090 Christum
2548 1037 2870 1106 passibilem
2923 1055 2997 1095 an
3048 1041 3449 1112 impassibilem
3509 1059 3597 1101 as-

2013 1140 2178 1184 εθιιε.

2081 1217 2149 1272 Ν.
2179 1218 2310 1273 Post
2336 1219 2778 1276 incarnationem
2806 1239 3039 1294 prorsus
3064 1227 3408 1296 passibilem.

2081 1307 2144 1365 C.
2179 1306 2293 1364 Cur
2323 1323 2458 1381 ergo
2488 1308 2774 1368 Christum
2823 1315 3032 1370 Filium
3077 1317 3175 1372 Dei
3226 1319 3337 1374 vivi
3392 1321 3600 1393 refugis

2011 1401 2380 1472 compositum
2409 1401 2688 1468 confiteri,
2723 1419 2890 1474 quem
2937 1405 3058 1461 sine
3081 1406 3258 1464 dubio
3297 1409 3442 1466 dicis
3477 1428 3600 1470 esse

2014 1491 2341 1561 passibilem
2357 1492 2382 1546 ?

2084 1583 2151 1640 N.
2180 1583 2498 1640 Secundum
2530 1585 2958 1654 humanitatem,
2986 1588 3270 1658 videlicet,
3313 1591 3599 1651 Christum

2014 1677 2384 1747 compositum
2413 1677 2624 1742 fateor,
2677 1678 2810 1748 quia
2849 1689 2908 1734 et
2932 1682 3242 1736 secundum
3281 1682 3600 1742 humanita-

2013 1775 2124 1826 tem
2155 1781 2284 1822 eum
2326 1766 2648 1838 passibilem
2677 1767 2882 1833 credo,
2914 1769 3220 1825 secundum
3249 1771 3599 1829 divinitatem

2006 1868 2192 1914 autem
2213 1857 2660 1929 incompositum,
2677 1859 2805 1928 quia
2825 1870 2882 1916 et
2907 1861 3328 1931 impassibilem.

2076 1948 2140 2006 C.
2187 1948 2334 2017 Quid
2365 1949 2536 2019 igitur
2577 1964 2750 2004 unum
2793 1950 3168 2020 eamdemque
3198 1950 3391 2007 fateris
3419 1968 3487 2008 ex
3512 1952 3601 2008 di-

2007 2040 2242 2096 vinitate
2265 2050 2324 2096 et
2343 2040 2692 2096 humanitate
2710 2049 2837 2110 post
2855 2040 3296 2097 incarnationem
3322 2043 3596 2112 composi-

2009 2145 2150 2199 tum,
2184 2148 2351 2205 quem
2384 2140 2514 2187 ante
2553 2131 3001 2186 incarnationem
3032 2141 3252 2188 constat
3283 2132 3457 2189 fuisse
3511 2133 3602 2188 in-

2009 2228 2380 2300 compositum
2397 2227 2420 2280 ἳ

2087 2321 2154 2377 Ν,
2185 2320 2306 2376 Non
2335 2318 2616 2389 equidem,
2642 2317 2738 2374 sed
2765 2326 3110 2388 assumptum
3135 2317 3420 2376 hominem
3449 2335 3602 2376 com-

2009 2412 2252 2486 positum
2279 2410 2426 2475 dico.
2464 2426 2594 2466 eum
2623 2425 2756 2466 vero
2781 2424 2814 2464 a
2867 2425 2978 2480 quo
3019 2420 3342 2482 assumptus
3371 2424 3478 2479 est,
3519 2413 3602 2468 in-

2010 2503 2403 2574 compositum.

2081 2596 2144 2651 C.
2177 2596 2325 2650 Duos
2352 2594 2497 2650 filios
2530 2593 2726 2664 procul
2749 2592 2922 2649 dubio
2954 2593 3186 2650 credere
3213 2589 3604 2666 deprehende-

2011 2687 2292 2746 ristunum
2313 2685 2706 2757 compositum,
2739 2685 2976 2740 alterum
3031 2685 3487 2757 incompositum.

2081 2779 2148 2835 N.
2176 2779 2356 2850 Negas
2382 2793 2519 2848 ergo
2553 2787 2612 2832 tu
2645 2775 2961 2834 divinitatis
2990 2785 3250 2833 naturam
3287 2792 3416 2834 esse
3464 2778 3604 2833 sim-

2012 2869 2216 2940 plicem
2249 2877 2306 2922 et
2341 2867 2809 2936 incompositam?

2079 2958 2144 3016 C.
2171 2959 2337 3014 Nullo
2371 2958 2538 3014 modo
2573 2958 2682 3014 hoc
2705 2957 2938 3029 denego.

324 3048 544 3108 fecisse.
577 3047 839 3117 Alioquin
884 3063 1098 3144 quaero,
1142 3054 1334 3144 utrum
1363 3046 1694 3144 naturaliter
1733 3047 1908 3144 Deum
1939 3085 1982 3144 ρ
2085 3051 2151 3108 Ν.
2184 3051 2564 3122 Compositum
2605 3049 2800 3110 fateris
2838 3050 3145 3118 hominem,
3197 3066 3270 3107 an
3312 3051 3600 3123 incompo-

327 3137 524 3194 credas
556 3152 684 3192 esse
717 3152 787 3190 an
814 3134 1166 3190 voluntarie?
1197 3134 1254 3190 Si
1287 3134 1437 3190 enim
1481 3135 1792 3192 voluntarie
1825 3135 1912 3190 di-
1945 3134 1982 3144 ’
2019 3145 2212 3200 suum.

327 3229 498 3295 xeris,
535 3228 794 3300 sequitur
823 3237 882 3284 ut
915 3243 1031 3308 non
1063 3227 1134 3283 sit
1158 3227 1492 3284 naturaliter
1515 3227 1684 3282 Deus.
1716 3226 1775 3284 Si
1810 3242 1913 3284 au-

328 3336 434 3382 tem
459 3323 792 3380 naturaliter
823 3323 1008 3396 pergis
1031 3339 1301 3391 asserere,
1331 3324 1443 3380 erit
1463 3338 1595 3396 ergo
1623 3323 1781 3396 juxta
1814 3338 1916 3379 vos

327 3419 473 3474 Dcus
500 3411 853 3482 necessitate,
877 3433 1002 3492 non
1043 3417 1349 3482 voluntate,
1368 3415 1536 3488 quod
1556 3417 1625 3471 de
1648 3417 1763 3472 Deo
1787 3431 1914 3472 crev-

327 3510 455 3568 dere
489 3527 684 3582 magna
715 3509 1000 3580 dementia.
1029 3517 1131 3565 est.
1163 3509 1230 3566 Et
1259 3509 1385 3564 ideo
1403 3524 1516 3564 non
1544 3517 1629 3564 est
1657 3507 1912 3580 impium,

328 3617 428 3657 nec
468 3618 501 3657 a
545 3601 837 3657 catholicis
863 3599 1218 3674 dogmatibus
1246 3599 1527 3676 alienum,
1567 3599 1741 3656 Deum
1774 3600 1914 3676 Yor-

329 3695 459 3752 bum
504 3693 830 3749 naturaliter
858 3687 1099 3765 propriae
1127 3693 1279 3750 carni
1319 3674 1535 3748 unitum
1567 3674 1815 3760 credere,
1843 3691 1916 3748 ad

328 3783 718 3843 excludendos
758 3802 860 3842 eos
907 3785 1006 3857 qui
1055 3793 1311 3840 naturam
1363 3783 1744 3840 inviolabilem
1798 3799 1928 3848 non,

331 3880 565 3936 credunt
613 3863 944 3935 naturaliter
977 3877 1189 3946 unitam
1226 3885 1442 3934 natura:
1467 3877 1772 3954 ppassibili,
1815 3877 1927 3940 sed.

331 3987 578 4042 persona:
612 3971 802 4026 nescio
826 3971 986 4043 cujus
997 3969 1110 4042 jam
1143 3969 1387 4042 fcrmatas
1409 3971 1464 4026 in
1488 3979 1651 4026 utero
1673 3969 1916 4043 hominis

330 4041 504 4116 Deum
535 4049 843 4118 secundum
870 4041 1127 4134 gratiam.
1168 4061 1286 4115 sive
1325 4060 1630 4115 secundum
1668 4041 1913 4118 illustra-

331 4151 558 4219 tioncm,
591 4153 676 4210 vel
707 4161 860 4210 certe
874 4152 1232 4248 dilectionem
1262 4151 1510 4245 fatentur
1531 4153 1771 4214 unitum.

989 4285 1143 4348 CAP.
1188 4286 1254 4342 11.
1347 4312 1354 4324 ι

2085 3235 2148 3293 C.
2177 3234 2558 3307 Compositum
2589 3250 2838 3306 prorsus.

2083 3329 2156 3386 N.
2181 3327 2472 3398 Quomodo
2518 3342 2657 3398 ergo
2683 3343 2852 3400 negas
2896 3327 3181 3385 Christum
3231 3325 3602 3398 compositum

2013 3436 2160 3488 esse,
2189 3430 2247 3477 et
2280 3421 2738 3490 incompositum,
2767 3436 2936 3493 quem
2961 3420 3084 3476 sine
3111 3419 3290 3478 dubio
3327 3419 3500 3475 Deum
3543 3425 3604 3476 et

2015 3511 2302 3570 hominem
2329 3510 2656 3568 conﬁteris?
2677 3551 2744 3589 λ

2085 3599 2149 3657 C.
2184 3601 2360 3656 Deum
2399 3599 2626 3670 quidem
2675 3607 2732 3657 et
2761 3598 3042 3656 hominem
3068 3598 3271 3654 Filium
3297 3597 3394 3654 Dei
3425 3597 3602 3654 mnd-

2015 3701 2137 3753 teor
2166 3707 2296 3750 :eoa
2321 3701 2506 3750 autem
2542 3689 2639 3761 qui
2661 3705 2774 3747 non
2805 3691 3063 3748 eumdem
3086 3690 3374 3749 Christum
3399 3691 3602 3747 Filium

2015 3789 2114 3846 Dei
2169 3797 2230 3845 et
2285 3786 2718 3858 incompositum
2783 3795 2915 3843 ante
2981 3787 3430 3844 incarnationem
3459 3827 3476 3853 ,
3541 3795 3602 3843 et

2014 3889 2139 3951 post
2163 3879 2602 3944 incarnationem
2643 3878 3012 3938 comoositum
3057 3878 3400 3939 confitentur
3437 3876 3602 3934 valde

2013 3972 2246 4044 refugio.
3019 4029 3026 4034 ,

2084 4065 2152 4122 Ν.
2185 4063 2634 4135 Contractionem
2661 4062 2960 4134 quamdam
2989 4061 3200 4138 divinae
3221 4070 3442 4130 naturae
3458 4079 3597 4134 prae-

2015 4155 2202 4212 dicare
2241 4155 2614 4226 cognosceris,
2633 4153 2894 4209 eumdem
2918 4154 3132 4220 dicens,
3171 4161 3235 4209 et
3263 4162 3396 4210 ante
3417 4153 3601 4210 incar-

1927 4301 1936 4318 ,
2015 4245 2298 4302 nationem
2343 4244 2772 4314 incompositum
2806 4284 2821 4309 ,
2867 4250 2924 4298 et
2973 4253 3100 4314 post
3155 4243 3597 4300 incarnationem

2018 4335 2410 4408 compositum.
2437 4333 2726 4402 Quomodo
2755 4341 2944 4393 autem
2980 4341 3168 4404 pateat
3183 4334 3600 4392 incircumscri-

312 4476 318 4497 ,
397 4423 468 4479 N.‘
485 4417 955 4492 Compositionem
978 4411 1274 4491 quamdam
1302 4401 1362 4476 et
1379 4411 1760 4480 confusionem
1781 4422 1919 4480 mihi
1944 4403 2118 4502 ﬁpta
2148 4401 2212 4484 et
2239 4425 2450 4497 ubique
2468 4401 2695 4488 ﬁdimusa
2719 4401 3389 4501 natura'circumseriptae
3429 4436 3487 4482 et
3539 4425 3596 4486 in

331 4515 544 4571 videris
573 4512 928 4570 introducere
958 4519 1286 4570 naturarum
1306 4553 1322 4580 ,
1355 4513 1548 4594 dicens
1588 4516 1917 4596 naturaliter

332 4613 563 4662 naturas
587 4604 793 4659 unitas.

305 4683 312 4724 ³
397 4697 463 4754 C.
487 4695 750 4780 Quamvis
773 4709 843 4750 ex
864 4693 1156 4778 divinitate
1173 4706 1232 4754 et
1256 4697 1610 4782 humanitate
1623 4668 1796 4775 Deum
1811 4673 1936 4771 tio-3,

334 4805 508 4854 strum
539 4797 742 4876 Iesum
787 4785 1072 4874 Christum
1121 4797 1498 4876 compositum
1543 4799 1662 4857 sive
1693 4800 1936 4876 unitum‘

334 4905 451 4946 esse
481 4875 777 4954 fateamur,
794 4873 1187 4965 rconfusizonem
1219 4873 1412 4958 tamen
1444 4898 1771 4949 naturarum
1813 4873 1914 4964 pe-

333 4981 487 5040 nitus
515 4981 840 5072 refugimus,
871 4980 1010 5052 quia.
1051 4989 1316 5060 utrasque
1363 4992 1594 5040 naturas
1632 4984 1916 5072 credimus

337 5065 559 5130 manere
598 5066 896 5146 perfectas.
1003 5073 1010 5086 '
1275 5128 1282 5137 .
1504 5149 1507 5150 ν
1733 5141 1741 5150 ,
1845 5065 1854 5072 ⁸

402 5163 470 5220 Ν.
530 5161 876 5252 Compositio
943 5165 1227 5252 contraria
1273 5149 1620 5239 intelligitur
1661 5149 1936 5236 .nnitatin

337 5259 464 5328 quia
492 5266 587 5314 aut
607 5246 992 5330 confusionem
1009 5246 1313 5336 dicithaut
1328 5275 1442 5318 non
1458 5259 1912 5334 caretdivisione.

337 5347 582 5406 £dilicia
631 5346 875 5422 denique
924 5349 1133 5419 omnia,
1187 5366 1310 5425 quae
1339 5352 1743 5430 compositione
1782 5369 1916 5414 con-

339 5450 506 5510 stant,
540 5443 698 5498 nullo
741 5431 1035 5499 dubitante
1079 5444 1408 5507 solvuntur,
1449 5461 1516 5502 ea
1563 5462 1696 5503 vero
1729 5462 1854 5518 quae
1883 5463 1937 5508 ιι·

341 5533 717 5612 pigmentariis
737 5551 768 5589 a
788 5535 1024 5592 diversis
1041 5519 1462 5593 rerum'naturis
1483 5551 1914 5610 componuntur,
1931 5580 1938 5594 .

343 5613 567 5684 confusa
588 5629 645 5683 in
673 5643 733 5685 se
762 5626 916 5696 sunt,
948 5643 1055 5684 nec
1085 5628 1197 5683 ulla
1234 5644 1322 5685 res
1344 5645 1574 5700 prorsus
1603 5631 1659 5686 in
1692 5632 1776 5688 eis
1812 5633 1915 5689 ob-

345 5717 482 5776 tinet
517 5719 934 5791 proprietatem.
966 5717 1257 5786 Quomodo
1303 5735 1435 5792 ergo
1481 5736 1580 5776 vos
1627 5721 1918 5788 indivisas,

2015 4534 2190 4592 parvo
2225 4519 2348 4575 loco
2399 4516 2716 4598 constituta;
2744 4526 2958 4590 naturae
2982 4517 3287 4592 secundum
3317 4519 3599 4590 composi-

2017 4591 2224 4667 tionem
2255 4607 2426 4676 uniri,
2448 4607 2555 4664 nisi
2579 4591 2746 4676 forte,
2770 4617 2834 4664 ut
2865 4608 3001 4676 dixi,
3029 4618 3126 4666 aut
3142 4591 3452 4671 divinitatis
3468 4625 3603 4672 cou-

2017 4701 2346 4758 tractionem
2398 4709 2497 4756 aut
2554 4699 2740 4757 carnis
2781 4701 3164 4763 extensionetn
3196 4703 3399 4774 iactam
3429 4702 3598 4774 impie

2016 4793 2206 4851 fateris
2220 4795 2244 4850 ?
2598 4871 2605 4874 Α
2875 4867 2884 4874 ⁸

2084 4885 2147 4943 C.
2175 4884 2394 4958 Opinor
2417 4871 2753 4958 corpoream
2788 4894 2841 4941 te
2876 4871 3115 4964 credere
3139 4885 3386 4964 divinam
3405 4902 3596 4946 essen-

2015 4980 2172 5046 tiam;
2220 4993 2386 5051 quam
2437 4977 2604 5034 modo
2642 4977 2897 5034 contrahi
2936 4977 3008 5034 ad
3052 4955 3273 5036 carnem
3325 4956 3600 5060 aestimas,
3666 5029 3702 5052 ,,

1929 5131 1938 5144 ,
2014 5072 2181 5128 modo
2205 5063 2426 5128 extendi
2462 5086 2588 5128 cum
2618 5086 2785 5127 carne
2810 5070 3158 5141 pronuntias.
3173 5099 3185 5142 ι

2084 5164 2154 5221 Ν.
2187 5164 2349 5221 Absit
2368 5165 2482 5221 hoe
2501 5164 2571 5220 ab
2601 5163 2794 5219 animo
2805 5162 3140 5220 Christiano.
3167 5175 3173 5180 ‘

2083 5257 2151 5314 C.
2174 5257 2320 5326 Quid
2357 5272 2492 5330 ergo
2507 5257 2684 5314 sentis
2700 5249 2944 5312 divinam
2963 5263 3092 5314 esse'
3115 5260 3370 5314 naturam
3386 5257 3414 5312 ?

2083 5348 2154 5408 Ν.
2182 5349 2464 5420 Virtutem
2503 5349 2702 5422 procul
2729 5349 2910 5408 dubio
2943 5359 3231 5422 magnam,
3283 5359 3345 5406 et
3393 5347 3603 5420 ubique

2016 5447 2214 5496 totam.

2089 5533 2152 5592 C.
2199 5534 2395 5594 Totam
2441 5533 2650 5605 ubique
2703 5533 3016 5592 semiudum
3057 5539 3236 5590 toto
3283 5541 3408 5584 eam
3465 5527 3605 5586 dicis

2016 5627 2287 5685 exsistere
2309 5627 2334 5681 ἳ

2090 5719 2159 5776 Ν.
2187 5718 2310 5776 Νοιι
2356 5721 2550 5790 utique
2575 5717 2885 5777 secundum
2917 5723 3096 5772 totum
3129 5712 3341 5784 ubique
3375 5718 3484 5778 est,
3505 5709 3608 5768 sed
