  <div class='ocr_page' id='page_1' title='image "/cluster/home/n/w/nwhite01/storage/ocr_20150623/86 pt.1/mdp.39015028803867/075.png"; bbox 0 0 3952 6136; ppageno 0'>
   <div class='ocr_carea' id='block_1_1' title="bbox 239 230 435 299">
    <p class='ocr_par' dir='ltr' id='par_1_1' title="bbox 239 230 435 299">
     <span class='ocr_line' id='line_1_1' title="bbox 239 230 435 299; baseline -0.005 0"><span class='ocrx_word' id='word_1_1' title='bbox 239 230 347 299; x_wconf 80' lang='lat'><strong>135</strong></span> <span class='ocrx_word' id='word_1_2' title='bbox 412 254 435 273; x_wconf 78' lang='grc' dir='ltr'><strong><em>ο</em></strong></span> 
     </span>
    </p>
   </div>
   <div class='ocr_carea' id='block_1_2' title="bbox 1499 188 2239 278">
    <p class='ocr_par' dir='ltr' id='par_1_2' title="bbox 1499 188 2239 278">
     <span class='ocr_line' id='line_1_2' title="bbox 1499 188 2239 278; baseline -0.009 0"><span class='ocrx_word' id='word_1_3' title='bbox 1499 208 1821 278; x_wconf 78' lang='lat' dir='ltr'><strong>IOANNIS</strong></span> <span class='ocrx_word' id='word_1_4' title='bbox 1855 188 2239 272; x_wconf 74' lang='lat' dir='ltr'><strong>MAXENTII</strong></span> 
     </span>
    </p>
   </div>
   <div class='ocr_carea' id='block_1_3' title="bbox 3405 211 3509 280">
    <p class='ocr_par' dir='ltr' id='par_1_3' title="bbox 3405 211 3509 280">
     <span class='ocr_line' id='line_1_3' title="bbox 3405 211 3509 280; baseline 0.019 -2"><span class='ocrx_word' id='word_1_5' title='bbox 3405 211 3509 280; x_wconf 75' lang='lat'><strong>136</strong></span> 
     </span>
    </p>
   </div>
   <div class='ocr_carea' id='block_1_4' title="bbox 236 311 3508 405">
    <p class='ocr_par' dir='ltr' id='par_1_4' title="bbox 236 311 3508 405">
     <span class='ocr_line' id='line_1_4' title="bbox 236 311 3508 405; baseline -0.005 -6"><span class='ocrx_word' id='word_1_6' title='bbox 236 339 311 399; x_wconf 88' lang='lat' dir='ltr'><strong>ab</strong></span> <span class='ocrx_word' id='word_1_7' title='bbox 337 356 402 398; x_wconf 89' lang='lat' dir='ltr'><strong>ea</strong></span> <span class='ocrx_word' id='word_1_8' title='bbox 435 339 789 399; x_wconf 65' lang='lat' dir='ltr'><strong>rationabili:</strong></span> <span class='ocrx_word' id='word_1_9' title='bbox 817 340 979 398; x_wconf 91' lang='lat' dir='ltr'><strong>aliter</strong></span> <span class='ocrx_word' id='word_1_10' title='bbox 1001 379 1018 405; x_wconf 92' lang='lat'><strong>,</strong></span> <span class='ocrx_word' id='word_1_11' title='bbox 1066 333 1471 394; x_wconf 89' lang='lat' dir='ltr'><strong>irrationabilia</strong></span> <span class='ocrx_word' id='word_1_12' title='bbox 1509 330 1692 393; x_wconf 86' lang='lat' dir='ltr'><strong>aliter,</strong></span> <span class='ocrx_word' id='word_1_13' title='bbox 1729 311 1825 381; x_wconf 74' lang='lat' dir='ltr'><strong>aut</strong></span> <span class='ocrx_word' id='word_1_14' title='bbox 1852 325 1901 384; x_wconf 76' lang='grc' dir='ltr'><strong>Δ</strong></span> <span class='ocrx_word' id='word_1_15' title='bbox 1926 323 2048 390; x_wconf 89' lang='lat' dir='ltr'><strong>bra,</strong></span> <span class='ocrx_word' id='word_1_16' title='bbox 2086 341 2155 380; x_wconf 91' lang='lat' dir='ltr'><strong>an</strong></span> <span class='ocrx_word' id='word_1_17' title='bbox 2206 324 2475 396; x_wconf 82' lang='lat' dir='ltr'><strong>majorem</strong></span> <span class='ocrx_word' id='word_1_18' title='bbox 2508 322 2744 396; x_wconf 78' lang='lat' dir='ltr'><strong>quidem</strong></span> <span class='ocrx_word' id='word_1_19' title='bbox 2782 332 2999 395; x_wconf 90' lang='lat' dir='ltr'><strong>partem</strong></span> <span class='ocrx_word' id='word_1_20' title='bbox 3037 324 3163 395; x_wconf 76' lang='lat' dir='ltr'><strong>eius</strong></span> <span class='ocrx_word' id='word_1_21' title='bbox 3208 322 3265 378; x_wconf 91' lang='lat' dir='ltr'><strong>in</strong></span> <span class='ocrx_word' id='word_1_22' title='bbox 3297 327 3508 400; x_wconf 83' lang='lat' dir='ltr'><strong>majore</strong></span> 
     </span>
    </p>
   </div>
   <div class='ocr_carea' id='block_1_5' title="bbox 238 433 1258 491">
    <p class='ocr_par' dir='ltr' id='par_1_5' title="bbox 238 433 1258 491">
     <span class='ocr_line' id='line_1_5' title="bbox 238 433 1258 491; baseline -0.006 -1"><span class='ocrx_word' id='word_1_23' title='bbox 238 434 391 490; x_wconf 89' lang='lat' dir='ltr'><strong>omni</strong></span> <span class='ocrx_word' id='word_1_24' title='bbox 413 448 581 490; x_wconf 91' lang='lat' dir='ltr'><strong>sensu</strong></span> <span class='ocrx_word' id='word_1_25' title='bbox 597 435 843 491; x_wconf 73' lang='lat' dir='ltr'><strong>carentia</strong></span> <span class='ocrx_word' id='word_1_26' title='bbox 877 433 1258 490; x_wconf 72' lang='lat' dir='ltr'><strong>continentur.</strong></span> 
     </span>
    </p>
   </div>
   <div class='ocr_carea' id='block_1_6' title="bbox 308 514 1819 592">
    <p class='ocr_par' dir='ltr' id='par_1_6' title="bbox 308 514 1819 592">
     <span class='ocr_line' id='line_1_6' title="bbox 308 514 1819 592; baseline -0.007 -11"><span class='ocrx_word' id='word_1_27' title='bbox 308 525 373 581; x_wconf 95' lang='lat' dir='ltr'><strong>C.</strong></span> <span class='ocrx_word' id='word_1_28' title='bbox 404 524 544 582; x_wconf 87' lang='lat' dir='ltr'><strong>Tota</strong></span> <span class='ocrx_word' id='word_1_29' title='bbox 574 525 880 582; x_wconf 88' lang='lat' dir='ltr'><strong>secundum</strong></span> <span class='ocrx_word' id='word_1_30' title='bbox 912 533 1090 580; x_wconf 91' lang='lat' dir='ltr'><strong>totum</strong></span> <span class='ocrx_word' id='word_1_31' title='bbox 1116 523 1171 578; x_wconf 92' lang='lat' dir='ltr'><strong>in</strong></span> <span class='ocrx_word' id='word_1_32' title='bbox 1197 533 1535 592; x_wconf 92' lang='lat' dir='ltr'><strong>unoquoque</strong></span> <span class='ocrx_word' id='word_1_33' title='bbox 1559 514 1819 573; x_wconf 76' lang='lat' dir='ltr'><strong>rationali</strong></span> 
     </span>
    </p>
   </div>
   <div class='ocr_carea' id='block_1_7' title="bbox 239 612 1605 689">
    <p class='ocr_par' dir='ltr' id='par_1_7' title="bbox 239 612 1605 689">
     <span class='ocr_line' id='line_1_7' title="bbox 239 612 1605 689; baseline -0.01 -10"><span class='ocrx_word' id='word_1_34' title='bbox 239 621 490 687; x_wconf 84' lang='lat' dir='ltr'><strong>animali,</strong></span> <span class='ocrx_word' id='word_1_35' title='bbox 530 635 596 675; x_wconf 91' lang='lat' dir='ltr'><strong>ac</strong></span> <span class='ocrx_word' id='word_1_36' title='bbox 624 615 1034 689; x_wconf 87' lang='lat' dir='ltr'><strong>particulariter</strong></span> <span class='ocrx_word' id='word_1_37' title='bbox 1066 630 1190 671; x_wconf 91' lang='lat' dir='ltr'><strong>esse</strong></span> <span class='ocrx_word' id='word_1_38' title='bbox 1230 612 1605 684; x_wconf 82' lang='lat' dir='ltr'><strong>c&#39;Ognoscitur.</strong></span> 
     </span>
    </p>
   </div>
   <div class='ocr_carea' id='block_1_8' title="bbox 308 695 1811 763">
    <p class='ocr_par' dir='ltr' id='par_1_8' title="bbox 308 695 1811 763">
     <span class='ocr_line' id='line_1_8' title="bbox 308 695 1811 763; baseline -0.005 -4"><span class='ocrx_word' id='word_1_39' title='bbox 308 703 378 760; x_wconf 88' lang='lat' dir='ltr'><strong>N.</strong></span> <span class='ocrx_word' id='word_1_40' title='bbox 396 701 806 759; x_wconf 83' lang='lat' dir='ltr'><strong>Particulariter</strong></span> <span class='ocrx_word' id='word_1_41' title='bbox 818 705 967 755; x_wconf 84' lang='lat' dir='ltr'><strong>certe</strong></span> <span class='ocrx_word' id='word_1_42' title='bbox 986 697 1148 761; x_wconf 87' lang='lat' dir='ltr'><strong>inest,</strong></span> <span class='ocrx_word' id='word_1_43' title='bbox 1165 709 1274 752; x_wconf 90' lang='lat' dir='ltr'><strong>non</strong></span> <span class='ocrx_word' id='word_1_44' title='bbox 1291 695 1593 752; x_wconf 88' lang='lat' dir='ltr'><strong>secundum</strong></span> <span class='ocrx_word' id='word_1_45' title='bbox 1614 702 1811 763; x_wconf 89' lang='lat' dir='ltr'><strong>totum,</strong></span> 
     </span>
    </p>
   </div>
   <div class='ocr_carea' id='block_1_9' title="bbox 237 787 1706 867">
    <p class='ocr_par' dir='ltr' id='par_1_9' title="bbox 237 787 1706 867">
     <span class='ocr_line' id='line_1_9' title="bbox 237 787 1706 867; baseline -0.006 -15"><span class='ocrx_word' id='word_1_46' title='bbox 237 795 367 867; x_wconf 84' lang='lat' dir='ltr'><strong>quia</strong></span> <span class='ocrx_word' id='word_1_47' title='bbox 389 794 590 866; x_wconf 81' lang='lat' dir='ltr'><strong>singuli</strong></span> <span class='ocrx_word' id='word_1_48' title='bbox 611 792 813 864; x_wconf 79' lang='lat' dir='ltr'><strong>quique</strong></span> <span class='ocrx_word' id='word_1_49' title='bbox 834 789 903 847; x_wconf 91' lang='lat' dir='ltr'><strong>de</strong></span> <span class='ocrx_word' id='word_1_50' title='bbox 924 787 1261 860; x_wconf 88' lang='lat' dir='ltr'><strong>plenitudine</strong></span> <span class='ocrx_word' id='word_1_51' title='bbox 1275 789 1392 859; x_wconf 84' lang='lat' dir='ltr'><strong>ejus</strong></span> <span class='ocrx_word' id='word_1_52' title='bbox 1411 788 1706 860; x_wconf 78' lang='lat' dir='ltr'><strong>accipiunt.</strong></span> 
     </span>
    </p>
   </div>
   <div class='ocr_carea' id='block_1_10' title="bbox 311 888 1825 961">
    <p class='ocr_par' dir='ltr' id='par_1_10' title="bbox 311 888 1825 961">
     <span class='ocr_line' id='line_1_10' title="bbox 311 888 1825 961; baseline -0.003 -14"><span class='ocrx_word' id='word_1_53' title='bbox 311 889 379 947; x_wconf 94' lang='lat' dir='ltr'><strong>C.</strong></span> <span class='ocrx_word' id='word_1_54' title='bbox 408 889 695 957; x_wconf 86' lang='lat' dir='ltr'><strong>Quomodo</strong></span> <span class='ocrx_word' id='word_1_55' title='bbox 724 904 855 961; x_wconf 87' lang='lat' dir='ltr'><strong>ergo</strong></span> <span class='ocrx_word' id='word_1_56' title='bbox 899 888 1104 959; x_wconf 90' lang='lat' dir='ltr'><strong>ubique</strong></span> <span class='ocrx_word' id='word_1_57' title='bbox 1137 896 1253 944; x_wconf 91' lang='lat' dir='ltr'><strong>tota</strong></span> <span class='ocrx_word' id='word_1_58' title='bbox 1281 894 1388 951; x_wconf 90' lang='lat' dir='ltr'><strong>est,</strong></span> <span class='ocrx_word' id='word_1_59' title='bbox 1433 901 1558 957; x_wconf 63' lang='lat' dir='ltr'><strong>quae</strong></span> <span class='ocrx_word' id='word_1_60' title='bbox 1585 901 1698 941; x_wconf 91' lang='lat' dir='ltr'><strong>non</strong></span> <span class='ocrx_word' id='word_1_61' title='bbox 1738 893 1825 943; x_wconf 89' lang='lat' dir='ltr'><strong>est</strong></span> 
     </span>
    </p>
   </div>
   <div class='ocr_carea' id='block_1_11' title="bbox 242 977 1826 1053">
    <p class='ocr_par' dir='ltr' id='par_1_11' title="bbox 242 977 1826 1053">
     <span class='ocr_line' id='line_1_11' title="bbox 242 977 1826 1053; baseline -0.003 -16"><span class='ocrx_word' id='word_1_62' title='bbox 242 981 303 1037; x_wconf 89' lang='lat' dir='ltr'><strong>in</strong></span> <span class='ocrx_word' id='word_1_63' title='bbox 329 996 666 1053; x_wconf 91' lang='lat' dir='ltr'><strong>unoquoque</strong></span> <span class='ocrx_word' id='word_1_64' title='bbox 688 981 948 1036; x_wconf 78' lang='lat' dir='ltr'><strong>rationali</strong></span> <span class='ocrx_word' id='word_1_65' title='bbox 968 978 1197 1035; x_wconf 89' lang='lat' dir='ltr'><strong>animali</strong></span> <span class='ocrx_word' id='word_1_66' title='bbox 1228 979 1382 1035; x_wconf 83' lang='lat' dir='ltr'><strong>tota?</strong></span> <span class='ocrx_word' id='word_1_67' title='bbox 1404 977 1500 1034; x_wconf 91' lang='lat' dir='ltr'><strong>sed</strong></span> <span class='ocrx_word' id='word_1_68' title='bbox 1525 978 1826 1049; x_wconf 81' lang='lat' dir='ltr'><strong>particula-</strong></span> 
     </span>
    </p>
   </div>
   <div class='ocr_carea' id='block_1_12' title="bbox 241 1064 1829 1142">
    <p class='ocr_par' dir='ltr' id='par_1_12' title="bbox 241 1064 1829 1142">
     <span class='ocr_line' id='line_1_12' title="bbox 241 1064 1829 1142; baseline -0.003 -16"><span class='ocrx_word' id='word_1_69' title='bbox 241 1071 417 1127; x_wconf 85' lang='lat' dir='ltr'><strong>riter?</strong></span> <span class='ocrx_word' id='word_1_70' title='bbox 435 1080 493 1126; x_wconf 92' lang='lat' dir='ltr'><strong>et</strong></span> <span class='ocrx_word' id='word_1_71' title='bbox 520 1070 803 1141; x_wconf 90' lang='lat' dir='ltr'><strong>quomodo</strong></span> <span class='ocrx_word' id='word_1_72' title='bbox 836 1068 1266 1142; x_wconf 91' lang='lat' dir='ltr'><strong>particulariter,</strong></span> <span class='ocrx_word' id='word_1_73' title='bbox 1298 1082 1422 1139; x_wconf 74' lang='lat' dir='ltr'><strong>quae</strong></span> <span class='ocrx_word' id='word_1_74' title='bbox 1442 1064 1554 1123; x_wconf 89' lang='lat' dir='ltr'><strong>non</strong></span> <span class='ocrx_word' id='word_1_75' title='bbox 1594 1074 1681 1123; x_wconf 91' lang='lat' dir='ltr'><strong>est</strong></span> <span class='ocrx_word' id='word_1_76' title='bbox 1701 1081 1829 1122; x_wconf 87' lang='lat' dir='ltr'><strong>cor-</strong></span> 
     </span>
    </p>
   </div>
   <div class='ocr_carea' id='block_1_13' title="bbox 241 1160 799 1234">
    <p class='ocr_par' dir='ltr' id='par_1_13' title="bbox 241 1160 799 1234">
     <span class='ocr_line' id='line_1_13' title="bbox 241 1160 799 1234; baseline 0 -17"><span class='ocrx_word' id='word_1_77' title='bbox 241 1178 369 1234; x_wconf 90' lang='lat' dir='ltr'><strong>pus,</strong></span> <span class='ocrx_word' id='word_1_78' title='bbox 397 1161 495 1219; x_wconf 89' lang='lat' dir='ltr'><strong>sed</strong></span> <span class='ocrx_word' id='word_1_79' title='bbox 527 1160 799 1234; x_wconf 76' lang='lat' dir='ltr'><strong>spiritus?</strong></span> 
     </span>
    </p>
   </div>
   <div class='ocr_carea' id='block_1_14' title="bbox 314 1251 1823 1326">
    <p class='ocr_par' dir='ltr' id='par_1_14' title="bbox 314 1251 1823 1326">
     <span class='ocr_line' id='line_1_14' title="bbox 314 1251 1823 1326; baseline -0.002 -17"><span class='ocrx_word' id='word_1_80' title='bbox 314 1254 383 1309; x_wconf 87' lang='lat' dir='ltr'><strong>N.</strong></span> <span class='ocrx_word' id='word_1_81' title='bbox 417 1254 541 1325; x_wconf 85' lang='lat' dir='ltr'><strong>Ipsa</strong></span> <span class='ocrx_word' id='word_1_82' title='bbox 593 1253 821 1325; x_wconf 88' lang='lat' dir='ltr'><strong>quidem</strong></span> <span class='ocrx_word' id='word_1_83' title='bbox 854 1254 923 1310; x_wconf 89' lang='lat' dir='ltr'><strong>ad</strong></span> <span class='ocrx_word' id='word_1_84' title='bbox 951 1254 1187 1326; x_wconf 90' lang='lat' dir='ltr'><strong>seipsam</strong></span> <span class='ocrx_word' id='word_1_85' title='bbox 1219 1262 1365 1319; x_wconf 90' lang='lat' dir='ltr'><strong>tota,</strong></span> <span class='ocrx_word' id='word_1_86' title='bbox 1415 1261 1470 1308; x_wconf 91' lang='lat' dir='ltr'><strong>et</strong></span> <span class='ocrx_word' id='word_1_87' title='bbox 1518 1251 1823 1307; x_wconf 88' lang='lat' dir='ltr'><strong>secundum</strong></span> 
     </span>
    </p>
   </div>
   <div class='ocr_carea' id='block_1_15' title="bbox 245 1343 1826 1416">
    <p class='ocr_par' dir='ltr' id='par_1_15' title="bbox 245 1343 1826 1416">
     <span class='ocr_line' id='line_1_15' title="bbox 245 1343 1826 1416; baseline -0.001 -15"><span class='ocrx_word' id='word_1_88' title='bbox 245 1352 425 1402; x_wconf 90' lang='lat' dir='ltr'><strong>totum</strong></span> <span class='ocrx_word' id='word_1_89' title='bbox 463 1345 670 1415; x_wconf 92' lang='lat' dir='ltr'><strong>ubique</strong></span> <span class='ocrx_word' id='word_1_90' title='bbox 705 1353 825 1412; x_wconf 89' lang='lat' dir='ltr'><strong>est,</strong></span> <span class='ocrx_word' id='word_1_91' title='bbox 882 1354 1147 1416; x_wconf 86' lang='lat' dir='ltr'><strong>quantum</strong></span> <span class='ocrx_word' id='word_1_92' title='bbox 1190 1353 1372 1399; x_wconf 89' lang='lat' dir='ltr'><strong>autem</strong></span> <span class='ocrx_word' id='word_1_93' title='bbox 1407 1343 1476 1399; x_wconf 92' lang='lat' dir='ltr'><strong>ad</strong></span> <span class='ocrx_word' id='word_1_94' title='bbox 1518 1352 1826 1399; x_wconf 83' lang='lat' dir='ltr'><strong>creaturam</strong></span> 
     </span>
    </p>
   </div>
   <div class='ocr_carea' id='block_1_16' title="bbox 244 1433 1829 1506">
    <p class='ocr_par' dir='ltr' id='par_1_16' title="bbox 244 1433 1829 1506">
     <span class='ocr_line' id='line_1_16' title="bbox 244 1433 1829 1506; baseline -0.001 -16"><span class='ocrx_word' id='word_1_95' title='bbox 244 1434 510 1506; x_wconf 82' lang='lat' dir='ltr'><strong>pertinet,</strong></span> <span class='ocrx_word' id='word_1_96' title='bbox 535 1450 646 1489; x_wconf 92' lang='lat' dir='ltr'><strong>non</strong></span> <span class='ocrx_word' id='word_1_97' title='bbox 669 1434 866 1501; x_wconf 77' lang='lat' dir='ltr'><strong>eﬁicit,</strong></span> <span class='ocrx_word' id='word_1_98' title='bbox 894 1444 957 1489; x_wconf 94' lang='lat' dir='ltr'><strong>ut</strong></span> <span class='ocrx_word' id='word_1_99' title='bbox 990 1449 1112 1490; x_wconf 90' lang='lat' dir='ltr'><strong>eam</strong></span> <span class='ocrx_word' id='word_1_100' title='bbox 1145 1434 1415 1489; x_wconf 85' lang='lat' dir='ltr'><strong>rationale</strong></span> <span class='ocrx_word' id='word_1_101' title='bbox 1446 1433 1649 1488; x_wconf 87' lang='lat' dir='ltr'><strong>animal</strong></span> <span class='ocrx_word' id='word_1_102' title='bbox 1692 1433 1829 1489; x_wconf 88' lang='lat' dir='ltr'><strong>sibi-</strong></span> 
     </span>
    </p>
   </div>
   <div class='ocr_carea' id='block_1_17' title="bbox 246 1526 1827 1597">
    <p class='ocr_par' dir='ltr' id='par_1_17' title="bbox 246 1526 1827 1597">
     <span class='ocr_line' id='line_1_17' title="bbox 246 1526 1827 1597; baseline 0.002 -17"><span class='ocrx_word' id='word_1_103' title='bbox 246 1534 364 1581; x_wconf 88' lang='lat' dir='ltr'><strong>met</strong></span> <span class='ocrx_word' id='word_1_104' title='bbox 384 1527 581 1583; x_wconf 84' lang='lat' dir='ltr'><strong>adesse</strong></span> <span class='ocrx_word' id='word_1_105' title='bbox 603 1568 619 1595; x_wconf 92' lang='lat'><strong>,</strong></span> <span class='ocrx_word' id='word_1_106' title='bbox 664 1536 763 1582; x_wconf 87' lang='lat' dir='ltr'><strong>aut</strong></span> <span class='ocrx_word' id='word_1_107' title='bbox 806 1528 986 1584; x_wconf 89' lang='lat' dir='ltr'><strong>inesse</strong></span> <span class='ocrx_word' id='word_1_108' title='bbox 1020 1526 1244 1593; x_wconf 87' lang='lat' dir='ltr'><strong>sentiat,</strong></span> <span class='ocrx_word' id='word_1_109' title='bbox 1278 1526 1385 1582; x_wconf 90' lang='lat' dir='ltr'><strong>nisi</strong></span> <span class='ocrx_word' id='word_1_110' title='bbox 1416 1535 1684 1597; x_wconf 90' lang='lat' dir='ltr'><strong>quantum</strong></span> <span class='ocrx_word' id='word_1_111' title='bbox 1706 1526 1827 1597; x_wconf 88' lang='lat' dir='ltr'><strong>ipsa</strong></span> 
     </span>
    </p>
   </div>
   <div class='ocr_carea' id='block_1_18' title="bbox 248 1618 600 1675">
    <p class='ocr_par' dir='ltr' id='par_1_18' title="bbox 248 1618 600 1675">
     <span class='ocr_line' id='line_1_18' title="bbox 248 1618 600 1675; baseline 0 0"><span class='ocrx_word' id='word_1_112' title='bbox 248 1618 600 1675; x_wconf 88' lang='lat' dir='ltr'><strong>indicaverit.</strong></span> 
     </span>
    </p>
   </div>
   <div class='ocr_carea' id='block_1_19' title="bbox 1920 416 3086 483">
    <p class='ocr_par' dir='ltr' id='par_1_19' title="bbox 1920 416 3086 483">
     <span class='ocr_line' id='line_1_19' title="bbox 1920 416 3086 483; baseline 0.002 -11"><span class='ocrx_word' id='word_1_113' title='bbox 1920 418 2196 483; x_wconf 90' lang='lat' dir='ltr'><strong>membro,</strong></span> <span class='ocrx_word' id='word_1_114' title='bbox 2233 416 2508 473; x_wconf 87' lang='lat' dir='ltr'><strong>minorem</strong></span> <span class='ocrx_word' id='word_1_115' title='bbox 2542 432 2683 472; x_wconf 78' lang='lat' dir='ltr'><strong>vero</strong></span> <span class='ocrx_word' id='word_1_116' title='bbox 2732 417 2789 473; x_wconf 91' lang='lat' dir='ltr'><strong>in</strong></span> <span class='ocrx_word' id='word_1_117' title='bbox 2830 418 3086 475; x_wconf 72' lang='lat' dir='ltr'><strong>minore?</strong></span> 
     </span>
    </p>
   </div>
   <div class='ocr_carea' id='block_1_20' title="bbox 1991 508 3507 581">
    <p class='ocr_par' dir='ltr' id='par_1_20' title="bbox 1991 508 3507 581">
     <span class='ocr_line' id='line_1_20' title="bbox 1991 508 3507 581; baseline 0.003 -16"><span class='ocrx_word' id='word_1_118' title='bbox 1991 509 2059 565; x_wconf 86' lang='lat' dir='ltr'><strong>N.</strong></span> <span class='ocrx_word' id='word_1_119' title='bbox 2097 509 2292 565; x_wconf 85' lang='lat' dir='ltr'><strong>Totam</strong></span> <span class='ocrx_word' id='word_1_120' title='bbox 2340 508 2397 565; x_wconf 93' lang='lat' dir='ltr'><strong>in</strong></span> <span class='ocrx_word' id='word_1_121' title='bbox 2440 524 2780 581; x_wconf 91' lang='lat' dir='ltr'><strong>unoquoque</strong></span> <span class='ocrx_word' id='word_1_122' title='bbox 2821 509 3073 565; x_wconf 87' lang='lat' dir='ltr'><strong>membro</strong></span> <span class='ocrx_word' id='word_1_123' title='bbox 3120 510 3374 581; x_wconf 89' lang='lat' dir='ltr'><strong>corporis</strong></span> <span class='ocrx_word' id='word_1_124' title='bbox 3420 512 3507 569; x_wconf 87' lang='lat' dir='ltr'><strong>sui</strong></span> 
     </span>
    </p>
   </div>
   <div class='ocr_carea' id='block_1_21' title="bbox 1920 600 3509 674">
    <p class='ocr_par' dir='ltr' id='par_1_21' title="bbox 1920 600 3509 674">
     <span class='ocr_line' id='line_1_21' title="bbox 1920 600 3509 674; baseline 0.001 -17"><span class='ocrx_word' id='word_1_125' title='bbox 1920 616 2046 657; x_wconf 89' lang='lat' dir='ltr'><strong>eam</strong></span> <span class='ocrx_word' id='word_1_126' title='bbox 2071 616 2194 657; x_wconf 90' lang='lat' dir='ltr'><strong>esse</strong></span> <span class='ocrx_word' id='word_1_127' title='bbox 2221 601 2412 667; x_wconf 88' lang='lat' dir='ltr'><strong>credo,</strong></span> <span class='ocrx_word' id='word_1_128' title='bbox 2460 602 2619 673; x_wconf 87' lang='lat' dir='ltr'><strong>quia,</strong></span> <span class='ocrx_word' id='word_1_129' title='bbox 2646 600 2783 657; x_wconf 91' lang='lat' dir='ltr'><strong>licet</strong></span> <span class='ocrx_word' id='word_1_130' title='bbox 2810 600 2884 657; x_wconf 87' lang='lat' dir='ltr'><strong>sit</strong></span> <span class='ocrx_word' id='word_1_131' title='bbox 2907 601 3353 674; x_wconf 88' lang='lat' dir='ltr'><strong>circumscripta,</strong></span> <span class='ocrx_word' id='word_1_132' title='bbox 3379 617 3509 674; x_wconf 91' lang='lat' dir='ltr'><strong>par-</strong></span> 
     </span>
    </p>
   </div>
   <div class='ocr_carea' id='block_1_22' title="bbox 1922 691 3510 765">
    <p class='ocr_par' dir='ltr' id='par_1_22' title="bbox 1922 691 3510 765">
     <span class='ocr_line' id='line_1_22' title="bbox 1922 691 3510 765; baseline 0.001 -16"><span class='ocrx_word' id='word_1_133' title='bbox 1922 693 2074 750; x_wconf 86' lang='lat' dir='ltr'><strong>tibus</strong></span> <span class='ocrx_word' id='word_1_134' title='bbox 2100 702 2285 749; x_wconf 88' lang='lat' dir='ltr'><strong>tamen</strong></span> <span class='ocrx_word' id='word_1_135' title='bbox 2315 708 2439 749; x_wconf 90' lang='lat' dir='ltr'><strong>eam</strong></span> <span class='ocrx_word' id='word_1_136' title='bbox 2457 703 2730 750; x_wconf 79' lang='lat' dir='ltr'><strong>constare</strong></span> <span class='ocrx_word' id='word_1_137' title='bbox 2759 691 2914 749; x_wconf 90' lang='lat' dir='ltr'><strong>nullo</strong></span> <span class='ocrx_word' id='word_1_138' title='bbox 2939 693 3106 748; x_wconf 91' lang='lat' dir='ltr'><strong>modo</strong></span> <span class='ocrx_word' id='word_1_139' title='bbox 3133 694 3353 764; x_wconf 88' lang='lat' dir='ltr'><strong>opinor,</strong></span> <span class='ocrx_word' id='word_1_140' title='bbox 3379 694 3510 765; x_wconf 83' lang='lat' dir='ltr'><strong>quia</strong></span> 
     </span>
    </p>
   </div>
   <div class='ocr_carea' id='block_1_23' title="bbox 1922 784 3510 859">
    <p class='ocr_par' dir='ltr' id='par_1_23' title="bbox 1922 784 3510 859">
     <span class='ocr_line' id='line_1_23' title="bbox 1922 784 3510 859; baseline 0.003 -19"><span class='ocrx_word' id='word_1_141' title='bbox 1922 786 2198 842; x_wconf 86' lang='lat' dir='ltr'><strong>truncatis</strong></span> <span class='ocrx_word' id='word_1_142' title='bbox 2241 784 2511 844; x_wconf 84' lang='lat' dir='ltr'><strong>membris</strong></span> <span class='ocrx_word' id='word_1_143' title='bbox 2550 787 2847 858; x_wconf 85' lang='lat' dir='ltr'><strong>corporis,</strong></span> <span class='ocrx_word' id='word_1_144' title='bbox 2898 786 3018 858; x_wconf 88' lang='lat' dir='ltr'><strong>ipsa</strong></span> <span class='ocrx_word' id='word_1_145' title='bbox 3064 786 3278 859; x_wconf 88' lang='lat' dir='ltr'><strong>integra</strong></span> <span class='ocrx_word' id='word_1_146' title='bbox 3318 802 3510 859; x_wconf 88' lang='lat' dir='ltr'><strong>perse-</strong></span> 
     </span>
    </p>
   </div>
   <div class='ocr_carea' id='block_1_24' title="bbox 1924 884 2104 935">
    <p class='ocr_par' dir='ltr' id='par_1_24' title="bbox 1924 884 2104 935">
     <span class='ocr_line' id='line_1_24' title="bbox 1924 884 2104 935; baseline -0.006 -2"><span class='ocrx_word' id='word_1_147' title='bbox 1924 884 2104 935; x_wconf 87' lang='lat' dir='ltr'><strong>verat.</strong></span> 
     </span>
    </p>
   </div>
   <div class='ocr_carea' id='block_1_25' title="bbox 1993 969 3513 1044">
    <p class='ocr_par' dir='ltr' id='par_1_25' title="bbox 1993 969 3513 1044">
     <span class='ocr_line' id='line_1_25' title="bbox 1993 969 3513 1044; baseline 0 -17"><span class='ocrx_word' id='word_1_148' title='bbox 1993 969 2057 1027; x_wconf 94' lang='lat' dir='ltr'><strong>C.</strong></span> <span class='ocrx_word' id='word_1_149' title='bbox 2098 970 2157 1027; x_wconf 92' lang='lat' dir='ltr'><strong>Si</strong></span> <span class='ocrx_word' id='word_1_150' title='bbox 2184 985 2317 1042; x_wconf 89' lang='lat' dir='ltr'><strong>ergo</strong></span> <span class='ocrx_word' id='word_1_151' title='bbox 2351 970 2560 1038; x_wconf 90' lang='lat' dir='ltr'><strong>anima,</strong></span> <span class='ocrx_word' id='word_1_152' title='bbox 2598 986 2724 1042; x_wconf 67' lang='lat' dir='ltr'><strong>quae</strong></span> <span class='ocrx_word' id='word_1_153' title='bbox 2748 986 2861 1027; x_wconf 93' lang='lat' dir='ltr'><strong>non</strong></span> <span class='ocrx_word' id='word_1_154' title='bbox 2893 980 2979 1028; x_wconf 89' lang='lat' dir='ltr'><strong>est</strong></span> <span class='ocrx_word' id='word_1_155' title='bbox 3012 987 3238 1044; x_wconf 92' lang='lat' dir='ltr'><strong>corpus,</strong></span> <span class='ocrx_word' id='word_1_156' title='bbox 3271 970 3367 1027; x_wconf 88' lang='lat' dir='ltr'><strong>sed</strong></span> <span class='ocrx_word' id='word_1_157' title='bbox 3400 972 3513 1042; x_wconf 90' lang='lat' dir='ltr'><strong>spi-</strong></span> 
     </span>
    </p>
   </div>
   <div class='ocr_carea' id='block_1_26' title="bbox 1924 1062 3511 1135">
    <p class='ocr_par' dir='ltr' id='par_1_26' title="bbox 1924 1062 3511 1135">
     <span class='ocr_line' id='line_1_26' title="bbox 1924 1062 3511 1135; baseline 0.001 -18"><span class='ocrx_word' id='word_1_158' title='bbox 1924 1062 2088 1127; x_wconf 86' lang='lat' dir='ltr'><strong>ritus,</strong></span> <span class='ocrx_word' id='word_1_159' title='bbox 2114 1062 2270 1118; x_wconf 88' lang='lat' dir='ltr'><strong>carni</strong></span> <span class='ocrx_word' id='word_1_160' title='bbox 2288 1062 2594 1118; x_wconf 89' lang='lat' dir='ltr'><strong>secundum</strong></span> <span class='ocrx_word' id='word_1_161' title='bbox 2615 1063 3076 1135; x_wconf 90' lang='lat' dir='ltr'><strong>compositionem</strong></span> <span class='ocrx_word' id='word_1_162' title='bbox 3099 1063 3278 1128; x_wconf 90' lang='lat' dir='ltr'><strong>unita,</strong></span> <span class='ocrx_word' id='word_1_163' title='bbox 3301 1064 3511 1119; x_wconf 88' lang='lat' dir='ltr'><strong>nullam</strong></span> 
     </span>
    </p>
   </div>
   <div class='ocr_carea' id='block_1_27' title="bbox 1924 1153 3514 1222">
    <p class='ocr_par' dir='ltr' id='par_1_27' title="bbox 1924 1153 3514 1222">
     <span class='ocr_line' id='line_1_27' title="bbox 1924 1153 3514 1222; baseline 0.003 -15"><span class='ocrx_word' id='word_1_164' title='bbox 1924 1153 2365 1210; x_wconf 89' lang='lat' dir='ltr'><strong>contractionem</strong></span> <span class='ocrx_word' id='word_1_165' title='bbox 2395 1154 2454 1209; x_wconf 89' lang='lat' dir='ltr'><strong>in</strong></span> <span class='ocrx_word' id='word_1_166' title='bbox 2495 1156 2733 1222; x_wconf 89' lang='lat' dir='ltr'><strong>minore,</strong></span> <span class='ocrx_word' id='word_1_167' title='bbox 2762 1157 2972 1212; x_wconf 90' lang='lat' dir='ltr'><strong>nullam</strong></span> <span class='ocrx_word' id='word_1_168' title='bbox 3014 1155 3402 1211; x_wconf 85' lang='lat' dir='ltr'><strong>extensionem</strong></span> <span class='ocrx_word' id='word_1_169' title='bbox 3454 1158 3514 1212; x_wconf 90' lang='lat' dir='ltr'><strong>in</strong></span> 
     </span>
    </p>
   </div>
   <div class='ocr_carea' id='block_1_28' title="bbox 1924 1247 3509 1319">
    <p class='ocr_par' dir='ltr' id='par_1_28' title="bbox 1924 1247 3509 1319">
     <span class='ocr_line' id='line_1_28' title="bbox 1924 1247 3509 1319; baseline 0.001 -18"><span class='ocrx_word' id='word_1_170' title='bbox 1924 1247 2139 1319; x_wconf 87' lang='lat' dir='ltr'><strong>majore</strong></span> <span class='ocrx_word' id='word_1_171' title='bbox 2188 1247 2401 1317; x_wconf 88' lang='lat' dir='ltr'><strong>patitur</strong></span> <span class='ocrx_word' id='word_1_172' title='bbox 2446 1247 2721 1311; x_wconf 89' lang='lat' dir='ltr'><strong>membro,</strong></span> <span class='ocrx_word' id='word_1_173' title='bbox 2755 1248 2852 1304; x_wconf 89' lang='lat' dir='ltr'><strong>sed</strong></span> <span class='ocrx_word' id='word_1_174' title='bbox 2878 1249 2999 1304; x_wconf 88' lang='lat' dir='ltr'><strong>sine</strong></span> <span class='ocrx_word' id='word_1_175' title='bbox 3039 1248 3127 1303; x_wconf 92' lang='lat' dir='ltr'><strong>sui</strong></span> <span class='ocrx_word' id='word_1_176' title='bbox 3160 1247 3509 1314; x_wconf 82' lang='lat' dir='ltr'><strong>confusione,</strong></span> 
     </span>
    </p>
   </div>
   <div class='ocr_carea' id='block_1_29' title="bbox 1926 1338 3513 1410">
    <p class='ocr_par' dir='ltr' id='par_1_29' title="bbox 1926 1338 3513 1410">
     <span class='ocr_line' id='line_1_29' title="bbox 1926 1338 3513 1410; baseline 0.001 -17"><span class='ocrx_word' id='word_1_177' title='bbox 1926 1344 2042 1394; x_wconf 87' lang='lat' dir='ltr'><strong>tota</strong></span> <span class='ocrx_word' id='word_1_178' title='bbox 2084 1339 2139 1394; x_wconf 93' lang='lat' dir='ltr'><strong>in</strong></span> <span class='ocrx_word' id='word_1_179' title='bbox 2172 1340 2405 1410; x_wconf 85' lang='lat' dir='ltr'><strong>majore,</strong></span> <span class='ocrx_word' id='word_1_180' title='bbox 2440 1347 2556 1394; x_wconf 90' lang='lat' dir='ltr'><strong>tota</strong></span> <span class='ocrx_word' id='word_1_181' title='bbox 2582 1354 2705 1394; x_wconf 92' lang='lat' dir='ltr'><strong>esse</strong></span> <span class='ocrx_word' id='word_1_182' title='bbox 2740 1338 2995 1395; x_wconf 87' lang='lat' dir='ltr'><strong>creditur</strong></span> <span class='ocrx_word' id='word_1_183' title='bbox 3026 1340 3083 1395; x_wconf 91' lang='lat' dir='ltr'><strong>in</strong></span> <span class='ocrx_word' id='word_1_184' title='bbox 3110 1340 3327 1396; x_wconf 91' lang='lat' dir='ltr'><strong>minore</strong></span> <span class='ocrx_word' id='word_1_185' title='bbox 3360 1356 3374 1394; x_wconf 90' lang='lat'><strong>:</strong></span> <span class='ocrx_word' id='word_1_186' title='bbox 3402 1354 3513 1410; x_wconf 91' lang='lat' dir='ltr'><strong>quo</strong></span> 
     </span>
    </p>
   </div>
   <div class='ocr_carea' id='block_1_30' title="bbox 1925 1430 3513 1504">
    <p class='ocr_par' dir='ltr' id='par_1_30' title="bbox 1925 1430 3513 1504">
     <span class='ocr_line' id='line_1_30' title="bbox 1925 1430 3513 1504; baseline 0.003 -19"><span class='ocrx_word' id='word_1_187' title='bbox 1925 1439 2089 1500; x_wconf 89' lang='lat' dir='ltr'><strong>pacto</strong></span> <span class='ocrx_word' id='word_1_188' title='bbox 2125 1430 2391 1486; x_wconf 87' lang='lat' dir='ltr'><strong>divinitas</strong></span> <span class='ocrx_word' id='word_1_189' title='bbox 2411 1431 2509 1486; x_wconf 87' lang='lat' dir='ltr'><strong>Dei</strong></span> <span class='ocrx_word' id='word_1_190' title='bbox 2533 1430 2698 1487; x_wconf 83' lang='lat' dir='ltr'><strong>Verbi</strong></span> <span class='ocrx_word' id='word_1_191' title='bbox 2727 1431 3033 1487; x_wconf 90' lang='lat' dir='ltr'><strong>secundum</strong></span> <span class='ocrx_word' id='word_1_192' title='bbox 3054 1433 3513 1504; x_wconf 85' lang='lat' dir='ltr'><strong>compositionem</strong></span> 
     </span>
    </p>
   </div>
   <div class='ocr_carea' id='block_1_31' title="bbox 1926 1522 3514 1593">
    <p class='ocr_par' dir='ltr' id='par_1_31' title="bbox 1926 1522 3514 1593">
     <span class='ocr_line' id='line_1_31' title="bbox 1926 1522 3514 1593; baseline 0.002 -17"><span class='ocrx_word' id='word_1_193' title='bbox 1926 1522 2166 1593; x_wconf 66' lang='lat' dir='ltr'><strong>propriae</strong></span> <span class='ocrx_word' id='word_1_194' title='bbox 2201 1523 2355 1577; x_wconf 86' lang='lat' dir='ltr'><strong>carni</strong></span> <span class='ocrx_word' id='word_1_195' title='bbox 2406 1522 2583 1587; x_wconf 89' lang='lat' dir='ltr'><strong>unita,</strong></span> <span class='ocrx_word' id='word_1_196' title='bbox 2616 1523 3060 1579; x_wconf 88' lang='lat' dir='ltr'><strong>contractionem</strong></span> <span class='ocrx_word' id='word_1_197' title='bbox 3111 1533 3208 1578; x_wconf 92' lang='lat' dir='ltr'><strong>aut</strong></span> <span class='ocrx_word' id='word_1_198' title='bbox 3232 1525 3514 1583; x_wconf 87' lang='lat' dir='ltr'><strong>extensio-</strong></span> 
     </span>
    </p>
   </div>
   <div class='ocr_carea' id='block_1_32' title="bbox 1857 1612 3517 1714">
    <p class='ocr_par' dir='ltr' id='par_1_32' title="bbox 1857 1612 3517 1714">
     <span class='ocr_line' id='line_1_32' title="bbox 1857 1612 3517 1714; baseline 0.002 -46"><span class='ocrx_word' id='word_1_199' title='bbox 1857 1654 1902 1714; x_wconf 70' lang='grc' dir='ltr'><strong><em>Β</em></strong></span> <span class='ocrx_word' id='word_1_200' title='bbox 1928 1629 2055 1669; x_wconf 91' lang='lat' dir='ltr'><strong>nem</strong></span> <span class='ocrx_word' id='word_1_201' title='bbox 2102 1613 2220 1670; x_wconf 87' lang='lat' dir='ltr'><strong>sive</strong></span> <span class='ocrx_word' id='word_1_202' title='bbox 2261 1612 2644 1670; x_wconf 83' lang='lat' dir='ltr'><strong>confusionem</strong></span> <span class='ocrx_word' id='word_1_203' title='bbox 2694 1615 3027 1672; x_wconf 88' lang='lat' dir='ltr'><strong>sustinuisse</strong></span> <span class='ocrx_word' id='word_1_204' title='bbox 3074 1616 3356 1671; x_wconf 92' lang='lat' dir='ltr'><strong>credenda</strong></span> <span class='ocrx_word' id='word_1_205' title='bbox 3397 1616 3517 1672; x_wconf 81' lang='lat' dir='ltr'><strong>est?</strong></span> 
     </span>
    </p>
   </div>
   <div class='ocr_carea' id='block_1_33' title="bbox 316 1704 3514 1777">
    <p class='ocr_par' dir='ltr' id='par_1_33' title="bbox 316 1704 3514 1777">
     <span class='ocr_line' id='line_1_33' title="bbox 316 1704 3514 1777; baseline -0.001 -11"><span class='ocrx_word' id='word_1_206' title='bbox 316 1710 379 1767; x_wconf 89' lang='lat' dir='ltr'><strong>C.</strong></span> <span class='ocrx_word' id='word_1_207' title='bbox 400 1712 573 1767; x_wconf 89' lang='lat' dir='ltr'><strong>Deum</strong></span> <span class='ocrx_word' id='word_1_208' title='bbox 594 1712 832 1770; x_wconf 83' lang='lat' dir='ltr'><strong>Verbum</strong></span> <span class='ocrx_word' id='word_1_209' title='bbox 860 1713 917 1768; x_wconf 89' lang='lat' dir='ltr'><strong>in</strong></span> <span class='ocrx_word' id='word_1_210' title='bbox 936 1713 1091 1768; x_wconf 91' lang='lat' dir='ltr'><strong>nullo</strong></span> <span class='ocrx_word' id='word_1_211' title='bbox 1119 1711 1443 1770; x_wconf 86' lang='lat' dir='ltr'><strong>dissimilem</strong></span> <span class='ocrx_word' id='word_1_212' title='bbox 1461 1710 1611 1767; x_wconf 86' lang='lat' dir='ltr'><strong>Patri</strong></span> <span class='ocrx_word' id='word_1_213' title='bbox 1638 1722 1690 1766; x_wconf 89' lang='lat' dir='ltr'><strong>te</strong></span> <span class='ocrx_word' id='word_1_214' title='bbox 1706 1725 1828 1767; x_wconf 84' lang='lat' dir='ltr'><strong>cre-</strong></span> <span class='ocrx_word' id='word_1_215' title='bbox 1858 1704 1899 1714; x_wconf 86' lang='grc'><strong>“’</strong></span> <span class='ocrx_word' id='word_1_216' title='bbox 1928 1704 2196 1777; x_wconf 79' lang='lat' dir='ltr'><strong>Exemplo</strong></span> <span class='ocrx_word' id='word_1_217' title='bbox 2235 1705 2384 1762; x_wconf 88' lang='lat' dir='ltr'><strong>enim</strong></span> <span class='ocrx_word' id='word_1_218' title='bbox 2430 1706 2630 1762; x_wconf 82' lang='lat' dir='ltr'><strong>animae</strong></span> <span class='ocrx_word' id='word_1_219' title='bbox 2669 1706 2739 1761; x_wconf 92' lang='lat' dir='ltr'><strong>ad</strong></span> <span class='ocrx_word' id='word_1_220' title='bbox 2767 1722 2990 1762; x_wconf 90' lang='lat' dir='ltr'><strong>carnem</strong></span> <span class='ocrx_word' id='word_1_221' title='bbox 3036 1707 3193 1763; x_wconf 71' lang='lat' dir='ltr'><strong>factae</strong></span> <span class='ocrx_word' id='word_1_222' title='bbox 3221 1707 3514 1773; x_wconf 90' lang='lat' dir='ltr'><strong>unitionis,</strong></span> 
     </span>
    </p>
   </div>
   <div class='ocr_carea' id='block_1_34' title="bbox 245 1802 622 1875">
    <p class='ocr_par' dir='ltr' id='par_1_34' title="bbox 245 1802 622 1875">
     <span class='ocr_line' id='line_1_34' title="bbox 245 1802 622 1875; baseline -0.003 -16"><span class='ocrx_word' id='word_1_223' title='bbox 245 1802 381 1860; x_wconf 88' lang='lat' dir='ltr'><strong>dere</strong></span> <span class='ocrx_word' id='word_1_224' title='bbox 404 1805 622 1875; x_wconf 91' lang='lat' dir='ltr'><strong>opinor.</strong></span> 
     </span>
    </p>
   </div>
   <div class='ocr_carea' id='block_1_35' title="bbox 314 1893 1829 1959">
    <p class='ocr_par' dir='ltr' id='par_1_35' title="bbox 314 1893 1829 1959">
     <span class='ocr_line' id='line_1_35' title="bbox 314 1893 1829 1959; baseline 0 -11"><span class='ocrx_word' id='word_1_225' title='bbox 314 1893 383 1950; x_wconf 89' lang='lat' dir='ltr'><strong>N.</strong></span> <span class='ocrx_word' id='word_1_226' title='bbox 418 1894 752 1949; x_wconf 86' lang='lat' dir='ltr'><strong>Arianorum</strong></span> <span class='ocrx_word' id='word_1_227' title='bbox 782 1902 839 1951; x_wconf 92' lang='lat' dir='ltr'><strong>et</strong></span> <span class='ocrx_word' id='word_1_228' title='bbox 858 1894 1350 1959; x_wconf 84' lang='lat' dir='ltr'><strong>Eunomianorum,</strong></span> <span class='ocrx_word' id='word_1_229' title='bbox 1371 1909 1483 1949; x_wconf 90' lang='lat' dir='ltr'><strong>non</strong></span> <span class='ocrx_word' id='word_1_230' title='bbox 1513 1893 1829 1949; x_wconf 78' lang='lat' dir='ltr'><strong>Catholica-</strong></span> 
     </span>
    </p>
   </div>
   <div class='ocr_carea' id='block_1_36' title="bbox 246 1984 1830 2055">
    <p class='ocr_par' dir='ltr' id='par_1_36' title="bbox 246 1984 1830 2055">
     <span class='ocr_line' id='line_1_36' title="bbox 246 1984 1830 2055; baseline 0 -17"><span class='ocrx_word' id='word_1_231' title='bbox 246 2000 369 2039; x_wconf 89' lang='lat' dir='ltr'><strong>rum</strong></span> <span class='ocrx_word' id='word_1_232' title='bbox 395 1984 595 2055; x_wconf 89' lang='lat' dir='ltr'><strong>dogma</strong></span> <span class='ocrx_word' id='word_1_233' title='bbox 633 1993 738 2051; x_wconf 92' lang='lat' dir='ltr'><strong>est,</strong></span> <span class='ocrx_word' id='word_1_234' title='bbox 765 1986 1090 2041; x_wconf 79' lang='lat' dir='ltr'><strong>dissimilem</strong></span> <span class='ocrx_word' id='word_1_235' title='bbox 1125 1984 1276 2040; x_wconf 86' lang='lat' dir='ltr'><strong>Patri</strong></span> <span class='ocrx_word' id='word_1_236' title='bbox 1318 1984 1519 2040; x_wconf 86' lang='lat' dir='ltr'><strong>Filium</strong></span> <span class='ocrx_word' id='word_1_237' title='bbox 1566 1984 1623 2039; x_wconf 86' lang='lat' dir='ltr'><strong>in</strong></span> <span class='ocrx_word' id='word_1_238' title='bbox 1673 1990 1830 2055; x_wconf 84' lang='lat' dir='ltr'><strong>parte</strong></span> 
     </span>
    </p>
   </div>
   <div class='ocr_carea' id='block_1_37' title="bbox 245 2077 719 2146">
    <p class='ocr_par' dir='ltr' id='par_1_37' title="bbox 245 2077 719 2146">
     <span class='ocr_line' id='line_1_37' title="bbox 245 2077 719 2146; baseline 0 -14"><span class='ocrx_word' id='word_1_239' title='bbox 245 2077 430 2146; x_wconf 86' lang='lat' dir='ltr'><strong>aliqua</strong></span> <span class='ocrx_word' id='word_1_240' title='bbox 470 2078 719 2133; x_wconf 81' lang='lat' dir='ltr'><strong>credere.</strong></span> 
     </span>
    </p>
   </div>
   <div class='ocr_carea' id='block_1_38' title="bbox 315 2168 1830 2240">
    <p class='ocr_par' dir='ltr' id='par_1_38' title="bbox 315 2168 1830 2240">
     <span class='ocr_line' id='line_1_38' title="bbox 315 2168 1830 2240; baseline 0 -16"><span class='ocrx_word' id='word_1_241' title='bbox 315 2168 380 2224; x_wconf 92' lang='lat' dir='ltr'><strong>C.</strong></span> <span class='ocrx_word' id='word_1_242' title='bbox 414 2169 728 2225; x_wconf 82' lang='lat' dir='ltr'><strong>Perfectum</strong></span> <span class='ocrx_word' id='word_1_243' title='bbox 755 2171 928 2238; x_wconf 91' lang='lat' dir='ltr'><strong>enim,</strong></span> <span class='ocrx_word' id='word_1_244' title='bbox 957 2171 1104 2226; x_wconf 83' lang='lat' dir='ltr'><strong>sicut</strong></span> <span class='ocrx_word' id='word_1_245' title='bbox 1129 2179 1214 2225; x_wconf 89' lang='lat' dir='ltr'><strong>est</strong></span> <span class='ocrx_word' id='word_1_246' title='bbox 1245 2170 1395 2225; x_wconf 86' lang='lat' dir='ltr'><strong>Patri</strong></span> <span class='ocrx_word' id='word_1_247' title='bbox 1414 2170 1667 2240; x_wconf 70' lang='lat' dir='ltr'><strong>aequalis,</strong></span> <span class='ocrx_word' id='word_1_248' title='bbox 1694 2185 1830 2240; x_wconf 87' lang='lat' dir='ltr'><strong>pro-</strong></span> 
     </span>
    </p>
   </div>
   <div class='ocr_carea' id='block_1_39' title="bbox 246 2260 1831 2331">
    <p class='ocr_par' dir='ltr' id='par_1_39' title="bbox 246 2260 1831 2331">
     <span class='ocr_line' id='line_1_39' title="bbox 246 2260 1831 2331; baseline 0.001 -16"><span class='ocrx_word' id='word_1_249' title='bbox 246 2261 382 2331; x_wconf 62' lang='lat' dir='ltr'><strong>prie</strong></span> <span class='ocrx_word' id='word_1_250' title='bbox 412 2260 568 2315; x_wconf 91' lang='lat' dir='ltr'><strong>carni</strong></span> <span class='ocrx_word' id='word_1_251' title='bbox 619 2260 806 2316; x_wconf 89' lang='lat' dir='ltr'><strong>dicitis</strong></span> <span class='ocrx_word' id='word_1_252' title='bbox 853 2262 1099 2327; x_wconf 85' lang='lat' dir='ltr'><strong>unitum,</strong></span> <span class='ocrx_word' id='word_1_253' title='bbox 1141 2277 1213 2317; x_wconf 88' lang='lat' dir='ltr'><strong>an</strong></span> <span class='ocrx_word' id='word_1_254' title='bbox 1262 2261 1568 2317; x_wconf 88' lang='lat' dir='ltr'><strong>secundum</strong></span> <span class='ocrx_word' id='word_1_255' title='bbox 1618 2260 1831 2331; x_wconf 88' lang='lat' dir='ltr'><strong>aliquid</strong></span> 
     </span>
    </p>
   </div>
   <div class='ocr_carea' id='block_1_40' title="bbox 248 2349 1583 2420">
    <p class='ocr_par' dir='ltr' id='par_1_40' title="bbox 248 2349 1583 2420">
     <span class='ocr_line' id='line_1_40' title="bbox 248 2349 1583 2420; baseline 0 -16"><span class='ocrx_word' id='word_1_256' title='bbox 248 2350 491 2416; x_wconf 88' lang='lat' dir='ltr'><strong>unitum,</strong></span> <span class='ocrx_word' id='word_1_257' title='bbox 531 2357 588 2405; x_wconf 93' lang='lat' dir='ltr'><strong>et</strong></span> <span class='ocrx_word' id='word_1_258' title='bbox 610 2349 914 2405; x_wconf 91' lang='lat' dir='ltr'><strong>secundum</strong></span> <span class='ocrx_word' id='word_1_259' title='bbox 940 2350 1150 2420; x_wconf 90' lang='lat' dir='ltr'><strong>aliquid</strong></span> <span class='ocrx_word' id='word_1_260' title='bbox 1181 2366 1290 2405; x_wconf 92' lang='lat' dir='ltr'><strong>non</strong></span> <span class='ocrx_word' id='word_1_261' title='bbox 1323 2352 1583 2407; x_wconf 87' lang='lat' dir='ltr'><strong>unitum?</strong></span> 
     </span>
    </p>
   </div>
   <div class='ocr_carea' id='block_1_41' title="bbox 318 2441 1834 2514">
    <p class='ocr_par' dir='ltr' id='par_1_41' title="bbox 318 2441 1834 2514">
     <span class='ocr_line' id='line_1_41' title="bbox 318 2441 1834 2514; baseline 0 -17"><span class='ocrx_word' id='word_1_262' title='bbox 318 2442 387 2497; x_wconf 92' lang='lat' dir='ltr'><strong>N.</strong></span> <span class='ocrx_word' id='word_1_263' title='bbox 420 2442 628 2498; x_wconf 89' lang='lat' dir='ltr'><strong>Paulus</strong></span> <span class='ocrx_word' id='word_1_264' title='bbox 646 2441 859 2508; x_wconf 89' lang='lat' dir='ltr'><strong>docuit,</strong></span> <span class='ocrx_word' id='word_1_265' title='bbox 885 2442 950 2497; x_wconf 87' lang='lat' dir='ltr'><strong>In</strong></span> <span class='ocrx_word' id='word_1_266' title='bbox 972 2458 1074 2514; x_wconf 79' lang='lat' dir='ltr'><strong>quo</strong></span> <span class='ocrx_word' id='word_1_267' title='bbox 1101 2451 1225 2497; x_wconf 82' lang='lat' dir='ltr'><strong>sunt</strong></span> <span class='ocrx_word' id='word_1_268' title='bbox 1254 2459 1437 2498; x_wconf 84' lang='lat' dir='ltr'><strong>omnes</strong></span> <span class='ocrx_word' id='word_1_269' title='bbox 1464 2446 1713 2499; x_wconf 62' lang='lat' dir='ltr'><strong>thesauri</strong></span> <span class='ocrx_word' id='word_1_270' title='bbox 1744 2461 1834 2499; x_wconf 81' lang='lat' dir='ltr'><strong>sa-</strong></span> 
     </span>
    </p>
   </div>
   <div class='ocr_carea' id='block_1_42' title="bbox 248 2534 1200 2607">
    <p class='ocr_par' dir='ltr' id='par_1_42' title="bbox 248 2534 1200 2607">
     <span class='ocr_line' id='line_1_42' title="bbox 248 2534 1200 2607; baseline 0 -20"><span class='ocrx_word' id='word_1_271' title='bbox 248 2534 460 2607; x_wconf 73' lang='lat' dir='ltr'><strong>pientia:</strong></span> <span class='ocrx_word' id='word_1_272' title='bbox 481 2544 530 2588; x_wconf 86' lang='lat' dir='ltr'><strong>et</strong></span> <span class='ocrx_word' id='word_1_273' title='bbox 555 2534 787 2589; x_wconf 67' lang='lat' dir='ltr'><strong>scientiis</strong></span> <span class='ocrx_word' id='word_1_274' title='bbox 814 2534 1107 2588; x_wconf 76' lang='lat' dir='ltr'><strong>absconditi</strong></span> <span class='ocrx_word' id='word_1_275' title='bbox 1129 2534 1200 2596; x_wconf 75' lang='lat'><strong>&quot;.</strong></span> 
     </span>
    </p>
   </div>
   <div class='ocr_carea' id='block_1_43' title="bbox 319 2623 1836 2699">
    <p class='ocr_par' dir='ltr' id='par_1_43' title="bbox 319 2623 1836 2699">
     <span class='ocr_line' id='line_1_43' title="bbox 319 2623 1836 2699; baseline 0.003 -21"><span class='ocrx_word' id='word_1_276' title='bbox 319 2623 381 2679; x_wconf 92' lang='lat' dir='ltr'><strong>C.</strong></span> <span class='ocrx_word' id='word_1_277' title='bbox 413 2625 551 2680; x_wconf 92' lang='lat' dir='ltr'><strong>Tota</strong></span> <span class='ocrx_word' id='word_1_278' title='bbox 577 2639 713 2696; x_wconf 90' lang='lat' dir='ltr'><strong>ergo</strong></span> <span class='ocrx_word' id='word_1_279' title='bbox 742 2633 801 2681; x_wconf 92' lang='lat' dir='ltr'><strong>et</strong></span> <span class='ocrx_word' id='word_1_280' title='bbox 832 2625 1143 2682; x_wconf 90' lang='lat' dir='ltr'><strong>secundum</strong></span> <span class='ocrx_word' id='word_1_281' title='bbox 1177 2634 1378 2692; x_wconf 90' lang='lat' dir='ltr'><strong>totum,</strong></span> <span class='ocrx_word' id='word_1_282' title='bbox 1422 2636 1483 2680; x_wconf 90' lang='lat' dir='ltr'><strong>ut</strong></span> <span class='ocrx_word' id='word_1_283' title='bbox 1524 2634 1610 2681; x_wconf 91' lang='lat' dir='ltr'><strong>est</strong></span> <span class='ocrx_word' id='word_1_284' title='bbox 1649 2625 1836 2699; x_wconf 84' lang='lat' dir='ltr'><strong>perfe-</strong></span> 
     </span>
    </p>
   </div>
   <div class='ocr_carea' id='block_1_44' title="bbox 250 2714 1835 2789">
    <p class='ocr_par' dir='ltr' id='par_1_44' title="bbox 250 2714 1835 2789">
     <span class='ocr_line' id='line_1_44' title="bbox 250 2714 1835 2789; baseline 0.004 -19"><span class='ocrx_word' id='word_1_285' title='bbox 250 2724 340 2770; x_wconf 87' lang='lat' dir='ltr'><strong>cta</strong></span> <span class='ocrx_word' id='word_1_286' title='bbox 367 2714 463 2771; x_wconf 83' lang='lat' dir='ltr'><strong>Dei</strong></span> <span class='ocrx_word' id='word_1_287' title='bbox 497 2716 670 2772; x_wconf 80' lang='lat' dir='ltr'><strong>Verbi</strong></span> <span class='ocrx_word' id='word_1_288' title='bbox 720 2716 987 2774; x_wconf 86' lang='lat' dir='ltr'><strong>divinitas</strong></span> <span class='ocrx_word' id='word_1_289' title='bbox 1016 2717 1247 2789; x_wconf 79' lang='lat' dir='ltr'><strong>aequalis</strong></span> <span class='ocrx_word' id='word_1_290' title='bbox 1274 2718 1448 2783; x_wconf 83' lang='lat' dir='ltr'><strong>Patri,</strong></span> <span class='ocrx_word' id='word_1_291' title='bbox 1495 2719 1648 2775; x_wconf 87' lang='lat' dir='ltr'><strong>carni</strong></span> <span class='ocrx_word' id='word_1_292' title='bbox 1679 2720 1835 2777; x_wconf 74' lang='lat' dir='ltr'><strong>unita</strong></span> 
     </span>
    </p>
   </div>
   <div class='ocr_carea' id='block_1_45' title="bbox 247 2809 383 2865">
    <p class='ocr_par' dir='ltr' id='par_1_45' title="bbox 247 2809 383 2865">
     <span class='ocr_line' id='line_1_45' title="bbox 247 2809 383 2865; baseline 0.007 -1"><span class='ocrx_word' id='word_1_293' title='bbox 247 2816 339 2864; x_wconf 88' lang='lat' dir='ltr'><strong>est</strong></span> <span class='ocrx_word' id='word_1_294' title='bbox 358 2809 383 2865; x_wconf 73' lang='grc' dir='ltr'>τ</span> 
     </span>
    </p>
   </div>
   <div class='ocr_carea' id='block_1_46' title="bbox 321 2898 1411 2961">
    <p class='ocr_par' dir='ltr' id='par_1_46' title="bbox 321 2898 1411 2961">
     <span class='ocr_line' id='line_1_46' title="bbox 321 2898 1411 2961; baseline 0.006 -6"><span class='ocrx_word' id='word_1_295' title='bbox 321 2898 391 2957; x_wconf 87' lang='lat' dir='ltr'><strong>N.</strong></span> <span class='ocrx_word' id='word_1_296' title='bbox 422 2899 623 2956; x_wconf 87' lang='lat' dir='ltr'><strong>Nullus</strong></span> <span class='ocrx_word' id='word_1_297' title='bbox 656 2899 762 2956; x_wconf 92' lang='lat' dir='ltr'><strong>hoc</strong></span> <span class='ocrx_word' id='word_1_298' title='bbox 789 2900 1006 2959; x_wconf 91' lang='lat' dir='ltr'><strong>dubitat</strong></span> <span class='ocrx_word' id='word_1_299' title='bbox 1034 2902 1411 2961; x_wconf 86' lang='lat' dir='ltr'><strong>Christianus.</strong></span> 
     </span>
    </p>
   </div>
   <div class='ocr_carea' id='block_1_47' title="bbox 1928 1797 3515 1872">
    <p class='ocr_par' dir='ltr' id='par_1_47' title="bbox 1928 1797 3515 1872">
     <span class='ocr_line' id='line_1_47' title="bbox 1928 1797 3515 1872; baseline 0.001 -20"><span class='ocrx_word' id='word_1_300' title='bbox 1928 1812 2096 1868; x_wconf 90' lang='lat' dir='ltr'><strong>quam</strong></span> <span class='ocrx_word' id='word_1_301' title='bbox 2141 1797 2450 1854; x_wconf 90' lang='lat' dir='ltr'><strong>secundum</strong></span> <span class='ocrx_word' id='word_1_302' title='bbox 2490 1798 2949 1869; x_wconf 90' lang='lat' dir='ltr'><strong>compositionem</strong></span> <span class='ocrx_word' id='word_1_303' title='bbox 2974 1798 3096 1855; x_wconf 85' lang='lat' dir='ltr'><strong>ﬁeri</strong></span> <span class='ocrx_word' id='word_1_304' title='bbox 3133 1814 3247 1855; x_wconf 90' lang='lat' dir='ltr'><strong>non</strong></span> <span class='ocrx_word' id='word_1_305' title='bbox 3280 1801 3515 1872; x_wconf 77' lang='lat' dir='ltr'><strong>negasti,</strong></span> 
     </span>
    </p>
   </div>
   <div class='ocr_carea' id='block_1_48' title="bbox 1928 1889 3516 1949">
    <p class='ocr_par' dir='ltr' id='par_1_48' title="bbox 1928 1889 3516 1949">
     <span class='ocr_line' id='line_1_48' title="bbox 1928 1889 3516 1949; baseline 0.001 -2"><span class='ocrx_word' id='word_1_306' title='bbox 1928 1904 2122 1947; x_wconf 90' lang='lat' dir='ltr'><strong>omnes</strong></span> <span class='ocrx_word' id='word_1_307' title='bbox 2145 1889 2403 1947; x_wconf 90' lang='lat' dir='ltr'><strong>doctores</strong></span> <span class='ocrx_word' id='word_1_308' title='bbox 2420 1890 2679 1947; x_wconf 71' lang='lat' dir='ltr'><strong>Ecclesia:</strong></span> <span class='ocrx_word' id='word_1_309' title='bbox 2708 1899 2764 1945; x_wconf 89' lang='lat' dir='ltr'><strong>et</strong></span> <span class='ocrx_word' id='word_1_310' title='bbox 2795 1890 3042 1946; x_wconf 88' lang='lat' dir='ltr'><strong>illustres</strong></span> <span class='ocrx_word' id='word_1_311' title='bbox 3068 1890 3181 1945; x_wconf 89' lang='lat' dir='ltr'><strong>viri</strong></span> <span class='ocrx_word' id='word_1_312' title='bbox 3208 1891 3310 1947; x_wconf 88' lang='lat' dir='ltr'><strong>Dei</strong></span> <span class='ocrx_word' id='word_1_313' title='bbox 3347 1893 3516 1949; x_wconf 89' lang='lat' dir='ltr'><strong>Verbi</strong></span> 
     </span>
    </p>
   </div>
   <div class='ocr_carea' id='block_1_49' title="bbox 1927 1980 3517 2053">
    <p class='ocr_par' dir='ltr' id='par_1_49' title="bbox 1927 1980 3517 2053">
     <span class='ocr_line' id='line_1_49' title="bbox 1927 1980 3517 2053; baseline 0.003 -17"><span class='ocrx_word' id='word_1_314' title='bbox 1927 1981 1997 2037; x_wconf 89' lang='lat' dir='ltr'><strong>ad</strong></span> <span class='ocrx_word' id='word_1_315' title='bbox 2055 1980 2343 2053; x_wconf 83' lang='lat' dir='ltr'><strong>propriam</strong></span> <span class='ocrx_word' id='word_1_316' title='bbox 2394 1995 2620 2037; x_wconf 88' lang='lat' dir='ltr'><strong>carnem</strong></span> <span class='ocrx_word' id='word_1_317' title='bbox 2680 1980 2995 2037; x_wconf 88' lang='lat' dir='ltr'><strong>unitionem</strong></span> <span class='ocrx_word' id='word_1_318' title='bbox 3061 1980 3267 2037; x_wconf 78' lang='lat' dir='ltr'><strong>factam</strong></span> <span class='ocrx_word' id='word_1_319' title='bbox 3314 1982 3517 2040; x_wconf 82' lang='lat' dir='ltr'><strong>dooere</strong></span> 
     </span>
    </p>
   </div>
   <div class='ocr_carea' id='block_1_50' title="bbox 1939 2083 2958 2133">
    <p class='ocr_par' dir='ltr' id='par_1_50' title="bbox 1939 2083 2958 2133">
     <span class='ocr_line' id='line_1_50' title="bbox 1939 2083 2958 2133; baseline 0.001 -2"><span class='ocrx_word' id='word_1_320' title='bbox 1939 2085 2344 2133; x_wconf 85' lang='lat' dir='ltr'><strong>monstrantur.</strong></span> <span class='ocrx_word' id='word_1_321' title='bbox 2951 2083 2958 2089; x_wconf 84' lang='lat'>&#39;</span> 
     </span>
    </p>
   </div>
   <div class='ocr_carea' id='block_1_51' title="bbox 2002 2164 3516 2239">
    <p class='ocr_par' dir='ltr' id='par_1_51' title="bbox 2002 2164 3516 2239">
     <span class='ocr_line' id='line_1_51' title="bbox 2002 2164 3516 2239; baseline 0.003 -17"><span class='ocrx_word' id='word_1_322' title='bbox 2002 2168 2068 2222; x_wconf 89' lang='lat' dir='ltr'><strong>N.</strong></span> <span class='ocrx_word' id='word_1_323' title='bbox 2104 2167 2286 2224; x_wconf 89' lang='lat' dir='ltr'><strong>Omne</strong></span> <span class='ocrx_word' id='word_1_324' title='bbox 2330 2167 2703 2239; x_wconf 89' lang='lat' dir='ltr'><strong>compositum</strong></span> <span class='ocrx_word' id='word_1_325' title='bbox 2758 2164 3011 2238; x_wconf 87' lang='lat' dir='ltr'><strong>partibus</strong></span> <span class='ocrx_word' id='word_1_326' title='bbox 3056 2176 3312 2224; x_wconf 88' lang='lat' dir='ltr'><strong>constare</strong></span> <span class='ocrx_word' id='word_1_327' title='bbox 3400 2182 3516 2226; x_wconf 90' lang='lat' dir='ltr'><strong>non</strong></span> 
     </span>
    </p>
   </div>
   <div class='ocr_carea' id='block_1_52' title="bbox 1931 2259 3522 2330">
    <p class='ocr_par' dir='ltr' id='par_1_52' title="bbox 1931 2259 3522 2330">
     <span class='ocr_line' id='line_1_52' title="bbox 1931 2259 3522 2330; baseline -0.001 -15"><span class='ocrx_word' id='word_1_328' title='bbox 1931 2259 2166 2315; x_wconf 90' lang='lat' dir='ltr'><strong>dubium</strong></span> <span class='ocrx_word' id='word_1_329' title='bbox 2194 2267 2301 2324; x_wconf 92' lang='lat' dir='ltr'><strong>est,</strong></span> <span class='ocrx_word' id='word_1_330' title='bbox 2349 2275 2478 2330; x_wconf 89' lang='lat' dir='ltr'><strong>pars</strong></span> <span class='ocrx_word' id='word_1_331' title='bbox 2528 2267 2713 2314; x_wconf 88' lang='lat' dir='ltr'><strong>autem</strong></span> <span class='ocrx_word' id='word_1_332' title='bbox 2762 2259 2947 2314; x_wconf 88' lang='lat' dir='ltr'><strong>minus</strong></span> <span class='ocrx_word' id='word_1_333' title='bbox 2985 2266 3073 2314; x_wconf 92' lang='lat' dir='ltr'><strong>est</strong></span> <span class='ocrx_word' id='word_1_334' title='bbox 3104 2274 3268 2329; x_wconf 89' lang='lat' dir='ltr'><strong>quam</strong></span> <span class='ocrx_word' id='word_1_335' title='bbox 3317 2267 3522 2325; x_wconf 87' lang='lat' dir='ltr'><strong>totum;</strong></span> 
     </span>
    </p>
   </div>
   <div class='ocr_carea' id='block_1_53' title="bbox 1930 2349 3525 2422">
    <p class='ocr_par' dir='ltr' id='par_1_53' title="bbox 1930 2349 3525 2422">
     <span class='ocr_line' id='line_1_53' title="bbox 1930 2349 3525 2422; baseline -0.002 -14"><span class='ocrx_word' id='word_1_336' title='bbox 1930 2360 2018 2408; x_wconf 88' lang='lat' dir='ltr'><strong>est</strong></span> <span class='ocrx_word' id='word_1_337' title='bbox 2045 2366 2179 2422; x_wconf 92' lang='lat' dir='ltr'><strong>ergo</strong></span> <span class='ocrx_word' id='word_1_338' title='bbox 2224 2349 2370 2406; x_wconf 90' lang='lat' dir='ltr'><strong>Deus</strong></span> <span class='ocrx_word' id='word_1_339' title='bbox 2408 2350 2653 2406; x_wconf 86' lang='lat' dir='ltr'><strong>Verbum</strong></span> <span class='ocrx_word' id='word_1_340' title='bbox 2702 2365 2831 2421; x_wconf 89' lang='lat' dir='ltr'><strong>pars</strong></span> <span class='ocrx_word' id='word_1_341' title='bbox 2871 2349 3104 2418; x_wconf 89' lang='lat' dir='ltr'><strong>Christi,</strong></span> <span class='ocrx_word' id='word_1_342' title='bbox 3147 2366 3312 2421; x_wconf 91' lang='lat' dir='ltr'><strong>quem</strong></span> <span class='ocrx_word' id='word_1_343' title='bbox 3342 2366 3411 2406; x_wconf 88' lang='lat' dir='ltr'><strong>ex</strong></span> <span class='ocrx_word' id='word_1_344' title='bbox 3437 2350 3525 2406; x_wconf 86' lang='lat' dir='ltr'><strong>di-</strong></span> 
     </span>
    </p>
   </div>
   <div class='ocr_carea' id='block_1_54' title="bbox 1930 2438 3520 2513">
    <p class='ocr_par' dir='ltr' id='par_1_54' title="bbox 1930 2438 3520 2513">
     <span class='ocr_line' id='line_1_54' title="bbox 1930 2438 3520 2513; baseline 0.002 -16"><span class='ocrx_word' id='word_1_345' title='bbox 1930 2443 2163 2499; x_wconf 90' lang='lat' dir='ltr'><strong>vinitate</strong></span> <span class='ocrx_word' id='word_1_346' title='bbox 2196 2453 2255 2499; x_wconf 89' lang='lat' dir='ltr'><strong>et</strong></span> <span class='ocrx_word' id='word_1_347' title='bbox 2290 2444 2638 2499; x_wconf 87' lang='lat' dir='ltr'><strong>humanitate</strong></span> <span class='ocrx_word' id='word_1_348' title='bbox 2700 2444 3073 2513; x_wconf 90' lang='lat' dir='ltr'><strong>compositum</strong></span> <span class='ocrx_word' id='word_1_349' title='bbox 3125 2438 3362 2509; x_wconf 85' lang='lat' dir='ltr'><strong>asseris;</strong></span> <span class='ocrx_word' id='word_1_350' title='bbox 3386 2451 3443 2497; x_wconf 88' lang='lat' dir='ltr'><strong>et</strong></span> <span class='ocrx_word' id='word_1_351' title='bbox 3472 2445 3520 2500; x_wconf 90' lang='lat' dir='ltr'><strong>si</strong></span> 
     </span>
    </p>
   </div>
   <div class='ocr_carea' id='block_1_55' title="bbox 1932 2530 3519 2607">
    <p class='ocr_par' dir='ltr' id='par_1_55' title="bbox 1932 2530 3519 2607">
     <span class='ocr_line' id='line_1_55' title="bbox 1932 2530 3519 2607; baseline -0.003 -15"><span class='ocrx_word' id='word_1_352' title='bbox 1932 2537 2080 2593; x_wconf 89' lang='lat' dir='ltr'><strong>Deus</strong></span> <span class='ocrx_word' id='word_1_353' title='bbox 2123 2530 2371 2593; x_wconf 84' lang='lat' dir='ltr'><strong>Verbum</strong></span> <span class='ocrx_word' id='word_1_354' title='bbox 2407 2550 2538 2607; x_wconf 90' lang='lat' dir='ltr'><strong>pars</strong></span> <span class='ocrx_word' id='word_1_355' title='bbox 2579 2543 2669 2591; x_wconf 91' lang='lat' dir='ltr'><strong>est</strong></span> <span class='ocrx_word' id='word_1_356' title='bbox 2708 2533 2939 2602; x_wconf 91' lang='lat' dir='ltr'><strong>Christi,</strong></span> <span class='ocrx_word' id='word_1_357' title='bbox 2976 2542 3033 2590; x_wconf 91' lang='lat' dir='ltr'><strong>et</strong></span> <span class='ocrx_word' id='word_1_358' title='bbox 3085 2535 3232 2591; x_wconf 88' lang='lat' dir='ltr'><strong>Deus</strong></span> <span class='ocrx_word' id='word_1_359' title='bbox 3277 2534 3519 2589; x_wconf 87' lang='lat' dir='ltr'><strong>Verbum</strong></span> 
     </span>
    </p>
   </div>
   <div class='ocr_carea' id='block_1_56' title="bbox 1930 2624 3522 2700">
    <p class='ocr_par' dir='ltr' id='par_1_56' title="bbox 1930 2624 3522 2700">
     <span class='ocr_line' id='line_1_56' title="bbox 1930 2624 3522 2700; baseline -0.002 -17"><span class='ocrx_word' id='word_1_360' title='bbox 1930 2627 2085 2700; x_wconf 80' lang='lat' dir='ltr'><strong>juxta</strong></span> <span class='ocrx_word' id='word_1_361' title='bbox 2130 2642 2232 2684; x_wconf 89' lang='lat' dir='ltr'><strong>vos</strong></span> <span class='ocrx_word' id='word_1_362' title='bbox 2275 2627 2460 2683; x_wconf 92' lang='lat' dir='ltr'><strong>minor</strong></span> <span class='ocrx_word' id='word_1_363' title='bbox 2485 2627 2735 2693; x_wconf 90' lang='lat' dir='ltr'><strong>Christo,</strong></span> <span class='ocrx_word' id='word_1_364' title='bbox 2776 2626 2941 2698; x_wconf 83' lang='lat' dir='ltr'><strong>cujus</strong></span> <span class='ocrx_word' id='word_1_365' title='bbox 2968 2635 3027 2683; x_wconf 85' lang='lat' dir='ltr'><strong>et</strong></span> <span class='ocrx_word' id='word_1_366' title='bbox 3065 2641 3195 2698; x_wconf 88' lang='lat' dir='ltr'><strong>pars</strong></span> <span class='ocrx_word' id='word_1_367' title='bbox 3233 2633 3348 2692; x_wconf 82' lang='lat' dir='ltr'><strong>est;</strong></span> <span class='ocrx_word' id='word_1_368' title='bbox 3374 2624 3522 2696; x_wconf 93' lang='lat' dir='ltr'><strong>quod</strong></span> 
     </span>
    </p>
   </div>
   <div class='ocr_carea' id='block_1_57' title="bbox 1935 2717 3526 2791">
    <p class='ocr_par' dir='ltr' id='par_1_57' title="bbox 1935 2717 3526 2791">
     <span class='ocr_line' id='line_1_57' title="bbox 1935 2717 3526 2791; baseline -0.003 -15"><span class='ocrx_word' id='word_1_369' title='bbox 1935 2719 1986 2776; x_wconf 94' lang='lat' dir='ltr'><strong>si</strong></span> <span class='ocrx_word' id='word_1_370' title='bbox 2027 2735 2157 2791; x_wconf 90' lang='lat' dir='ltr'><strong>pars</strong></span> <span class='ocrx_word' id='word_1_371' title='bbox 2203 2718 2413 2776; x_wconf 87' lang='lat' dir='ltr'><strong>Christi</strong></span> <span class='ocrx_word' id='word_1_372' title='bbox 2453 2720 2600 2775; x_wconf 88' lang='lat' dir='ltr'><strong>Deus</strong></span> <span class='ocrx_word' id='word_1_373' title='bbox 2645 2727 2751 2786; x_wconf 90' lang='lat' dir='ltr'><strong>est,</strong></span> <span class='ocrx_word' id='word_1_374' title='bbox 2800 2718 3085 2790; x_wconf 90' lang='lat' dir='ltr'><strong>quomodo</strong></span> <span class='ocrx_word' id='word_1_375' title='bbox 3129 2719 3297 2784; x_wconf 91' lang='lat' dir='ltr'><strong>Deus,</strong></span> <span class='ocrx_word' id='word_1_376' title='bbox 3331 2717 3379 2774; x_wconf 91' lang='lat' dir='ltr'><strong>si</strong></span> <span class='ocrx_word' id='word_1_377' title='bbox 3418 2717 3526 2772; x_wconf 88' lang='lat' dir='ltr'><strong>im-</strong></span> 
     </span>
    </p>
   </div>
   <div class='ocr_carea' id='block_1_58' title="bbox 1936 2812 2382 2884">
    <p class='ocr_par' dir='ltr' id='par_1_58' title="bbox 1936 2812 2382 2884">
     <span class='ocr_line' id='line_1_58' title="bbox 1936 2812 2382 2884; baseline -0.004 -14"><span class='ocrx_word' id='word_1_378' title='bbox 1936 2812 2222 2884; x_wconf 86' lang='lat' dir='ltr'><strong>perfectus</strong></span> <span class='ocrx_word' id='word_1_379' title='bbox 2252 2813 2382 2869; x_wconf 79' lang='lat' dir='ltr'><strong>est?</strong></span> 
     </span>
    </p>
   </div>
   <div class='ocr_carea' id='block_1_59' title="bbox 2008 2901 3527 2975">
    <p class='ocr_par' dir='ltr' id='par_1_59' title="bbox 2008 2901 3527 2975">
     <span class='ocr_line' id='line_1_59' title="bbox 2008 2901 3527 2975; baseline -0.001 -15"><span class='ocrx_word' id='word_1_380' title='bbox 2008 2903 2070 2960; x_wconf 90' lang='lat' dir='ltr'><strong>C.</strong></span> <span class='ocrx_word' id='word_1_381' title='bbox 2110 2904 2229 2960; x_wconf 88' lang='lat' dir='ltr'><strong>Non</strong></span> <span class='ocrx_word' id='word_1_382' title='bbox 2258 2912 2344 2959; x_wconf 86' lang='lat' dir='ltr'><strong>est</strong></span> <span class='ocrx_word' id='word_1_383' title='bbox 2376 2903 2738 2975; x_wconf 88' lang='lat' dir='ltr'><strong>imperfectus</strong></span> <span class='ocrx_word' id='word_1_384' title='bbox 2765 2903 2918 2959; x_wconf 87' lang='lat' dir='ltr'><strong>Deus</strong></span> <span class='ocrx_word' id='word_1_385' title='bbox 2946 2902 3218 2969; x_wconf 86' lang='lat' dir='ltr'><strong>Verbum,</strong></span> <span class='ocrx_word' id='word_1_386' title='bbox 3252 2901 3383 2974; x_wconf 84' lang='lat' dir='ltr'><strong>quia</strong></span> <span class='ocrx_word' id='word_1_387' title='bbox 3414 2917 3527 2959; x_wconf 89' lang='lat' dir='ltr'><strong>non</strong></span> 
     </span>
    </p>
   </div>
   <div class='ocr_carea' id='block_1_60' title="bbox 315 2986 3530 3069">
    <p class='ocr_par' dir='ltr' id='par_1_60' title="bbox 315 2986 3530 3069">
     <span class='ocr_line' id='line_1_60' title="bbox 315 2986 3530 3069; baseline 0.001 -24"><span class='ocrx_word' id='word_1_388' title='bbox 315 2986 386 3045; x_wconf 87' lang='lat' dir='ltr'><strong>C.</strong></span> <span class='ocrx_word' id='word_1_389' title='bbox 443 2989 587 3056; x_wconf 86' lang='lat' dir='ltr'><strong>Quid</strong></span> <span class='ocrx_word' id='word_1_390' title='bbox 643 2989 814 3061; x_wconf 80' lang='lat' dir='ltr'><strong>igitur</strong></span> <span class='ocrx_word' id='word_1_391' title='bbox 881 2992 1321 3050; x_wconf 88' lang='lat' dir='ltr'><strong>contractionem</strong></span> <span class='ocrx_word' id='word_1_392' title='bbox 1391 2995 1723 3062; x_wconf 81' lang='lat' dir='ltr'><strong>divinitatis,</strong></span> <span class='ocrx_word' id='word_1_393' title='bbox 1765 3010 1837 3051; x_wconf 87' lang='lat' dir='ltr'><strong>an</strong></span> <span class='ocrx_word' id='word_1_394' title='bbox 1865 3005 1913 3069; x_wconf 71' lang='grc' dir='ltr'>ο</span> <span class='ocrx_word' id='word_1_395' title='bbox 1943 3002 2004 3053; x_wconf 80' lang='grc' dir='ltr'><strong>ιιι</strong></span> <span class='ocrx_word' id='word_1_396' title='bbox 2034 2996 2402 3067; x_wconf 86' lang='lat' dir='ltr'><strong>perﬁceretur</strong></span> <span class='ocrx_word' id='word_1_397' title='bbox 2429 2994 2810 3067; x_wconf 88' lang='lat' dir='ltr'><strong>assumptione</strong></span> <span class='ocrx_word' id='word_1_398' title='bbox 2834 2994 3297 3066; x_wconf 88' lang='lat' dir='ltr'><strong>carnisindiguit,</strong></span> <span class='ocrx_word' id='word_1_399' title='bbox 3333 2993 3428 3050; x_wconf 90' lang='lat' dir='ltr'><strong>sed</strong></span> <span class='ocrx_word' id='word_1_400' title='bbox 3468 3002 3530 3048; x_wconf 92' lang='lat' dir='ltr'><strong>ut</strong></span> 
     </span>
    </p>
   </div>
   <div class='ocr_carea' id='block_1_61' title="bbox 251 3080 1835 3159">
    <p class='ocr_par' dir='ltr' id='par_1_61' title="bbox 251 3080 1835 3159">
     <span class='ocr_line' id='line_1_61' title="bbox 251 3080 1835 3159; baseline 0.007 -25"><span class='ocrx_word' id='word_1_401' title='bbox 251 3080 639 3137; x_wconf 86' lang='lat' dir='ltr'><strong>extensionem</strong></span> <span class='ocrx_word' id='word_1_402' title='bbox 654 3082 840 3138; x_wconf 89' lang='lat' dir='ltr'><strong>carnis</strong></span> <span class='ocrx_word' id='word_1_403' title='bbox 871 3082 1313 3152; x_wconf 85' lang='lat' dir='ltr'><strong>factamasseris,</strong></span> <span class='ocrx_word' id='word_1_404' title='bbox 1339 3087 1468 3157; x_wconf 91' lang='lat' dir='ltr'><strong>quia</strong></span> <span class='ocrx_word' id='word_1_405' title='bbox 1493 3104 1604 3143; x_wconf 92' lang='lat' dir='ltr'><strong>non</strong></span> <span class='ocrx_word' id='word_1_406' title='bbox 1626 3096 1835 3159; x_wconf 89' lang='lat' dir='ltr'><strong>potest,</strong></span> 
     </span>
    </p>
   </div>
   <div class='ocr_carea' id='block_1_62' title="bbox 258 3172 1843 3249">
    <p class='ocr_par' dir='ltr' id='par_1_62' title="bbox 258 3172 1843 3249">
     <span class='ocr_line' id='line_1_62' title="bbox 258 3172 1843 3249; baseline 0.004 -22"><span class='ocrx_word' id='word_1_407' title='bbox 258 3181 323 3227; x_wconf 94' lang='lat' dir='ltr'><strong>ut</strong></span> <span class='ocrx_word' id='word_1_408' title='bbox 358 3172 522 3239; x_wconf 92' lang='lat' dir='ltr'><strong>dicis,</strong></span> <span class='ocrx_word' id='word_1_409' title='bbox 551 3173 1031 3247; x_wconf 88' lang='lat' dir='ltr'><strong>incircumscripta</strong></span> <span class='ocrx_word' id='word_1_410' title='bbox 1084 3185 1142 3233; x_wconf 90' lang='lat' dir='ltr'><strong>et</strong></span> <span class='ocrx_word' id='word_1_411' title='bbox 1184 3177 1391 3249; x_wconf 88' lang='lat' dir='ltr'><strong>ubique</strong></span> <span class='ocrx_word' id='word_1_412' title='bbox 1423 3178 1622 3235; x_wconf 76' lang='lat' dir='ltr'><strong>diﬂ’usa</strong></span> <span class='ocrx_word' id='word_1_413' title='bbox 1645 3189 1843 3235; x_wconf 91' lang='lat' dir='ltr'><strong>natura</strong></span> 
     </span>
    </p>
   </div>
   <div class='ocr_carea' id='block_1_63' title="bbox 257 3265 1844 3339">
    <p class='ocr_par' dir='ltr' id='par_1_63' title="bbox 257 3265 1844 3339">
     <span class='ocr_line' id='line_1_63' title="bbox 257 3265 1844 3339; baseline 0.004 -18"><span class='ocrx_word' id='word_1_414' title='bbox 257 3265 696 3339; x_wconf 74' lang='lat' dir='ltr'><strong>circumscripta:</strong></span> <span class='ocrx_word' id='word_1_415' title='bbox 719 3276 776 3321; x_wconf 90' lang='lat' dir='ltr'><strong>et</strong></span> <span class='ocrx_word' id='word_1_416' title='bbox 801 3283 975 3339; x_wconf 88' lang='lat' dir='ltr'><strong>parvo</strong></span> <span class='ocrx_word' id='word_1_417' title='bbox 1024 3270 1147 3325; x_wconf 92' lang='lat' dir='ltr'><strong>loco</strong></span> <span class='ocrx_word' id='word_1_418' title='bbox 1172 3270 1487 3327; x_wconf 86' lang='lat' dir='ltr'><strong>constitutae</strong></span> <span class='ocrx_word' id='word_1_419' title='bbox 1516 3280 1729 3328; x_wconf 74' lang='lat' dir='ltr'><strong>naturae</strong></span> <span class='ocrx_word' id='word_1_420' title='bbox 1755 3287 1844 3328; x_wconf 88' lang='lat' dir='ltr'><strong>se-</strong></span> 
     </span>
    </p>
   </div>
   <div class='ocr_carea' id='block_1_64' title="bbox 254 3357 1214 3430">
    <p class='ocr_par' dir='ltr' id='par_1_64' title="bbox 254 3357 1214 3430">
     <span class='ocr_line' id='line_1_64' title="bbox 254 3357 1214 3430; baseline 0.003 -17"><span class='ocrx_word' id='word_1_421' title='bbox 254 3357 503 3413; x_wconf 82' lang='lat' dir='ltr'><strong>cundum</strong></span> <span class='ocrx_word' id='word_1_422' title='bbox 530 3359 988 3430; x_wconf 89' lang='lat' dir='ltr'><strong>compositionem</strong></span> <span class='ocrx_word' id='word_1_423' title='bbox 1027 3361 1214 3417; x_wconf 85' lang='lat' dir='ltr'><strong>uniri?</strong></span> 
     </span>
    </p>
   </div>
   <div class='ocr_carea' id='block_1_65' title="bbox 328 3451 1847 3527">
    <p class='ocr_par' dir='ltr' id='par_1_65' title="bbox 328 3451 1847 3527">
     <span class='ocr_line' id='line_1_65' title="bbox 328 3451 1847 3527; baseline 0.005 -21"><span class='ocrx_word' id='word_1_424' title='bbox 328 3451 395 3506; x_wconf 88' lang='lat' dir='ltr'><strong>N.</strong></span> <span class='ocrx_word' id='word_1_425' title='bbox 410 3452 601 3523; x_wconf 88' lang='lat' dir='ltr'><strong>Neque</strong></span> <span class='ocrx_word' id='word_1_426' title='bbox 625 3461 837 3509; x_wconf 60' lang='lat' dir='ltr'><strong>natura;</strong></span> <span class='ocrx_word' id='word_1_427' title='bbox 855 3454 1314 3521; x_wconf 87' lang='lat' dir='ltr'><strong>contractionem,</strong></span> <span class='ocrx_word' id='word_1_428' title='bbox 1340 3471 1521 3527; x_wconf 91' lang='lat' dir='ltr'><strong>neque</strong></span> <span class='ocrx_word' id='word_1_429' title='bbox 1568 3456 1847 3513; x_wconf 86' lang='lat' dir='ltr'><strong>extensio-</strong></span> 
     </span>
    </p>
   </div>
   <div class='ocr_carea' id='block_1_66' title="bbox 258 3544 1846 3621">
    <p class='ocr_par' dir='ltr' id='par_1_66' title="bbox 258 3544 1846 3621">
     <span class='ocr_line' id='line_1_66' title="bbox 258 3544 1846 3621; baseline 0.004 -23"><span class='ocrx_word' id='word_1_430' title='bbox 258 3557 388 3599; x_wconf 87' lang='lat' dir='ltr'><strong>nem</strong></span> <span class='ocrx_word' id='word_1_431' title='bbox 411 3544 669 3601; x_wconf 73' lang='lat' dir='ltr'><strong>humanae</strong></span> <span class='ocrx_word' id='word_1_432' title='bbox 689 3546 891 3602; x_wconf 83' lang='lat' dir='ltr'><strong>factam</strong></span> <span class='ocrx_word' id='word_1_433' title='bbox 915 3562 1126 3614; x_wconf 88' lang='lat' dir='ltr'><strong>assero,</strong></span> <span class='ocrx_word' id='word_1_434' title='bbox 1173 3548 1305 3619; x_wconf 89' lang='lat' dir='ltr'><strong>quia</strong></span> <span class='ocrx_word' id='word_1_435' title='bbox 1336 3548 1445 3603; x_wconf 90' lang='lat' dir='ltr'><strong>hoc</strong></span> <span class='ocrx_word' id='word_1_436' title='bbox 1464 3550 1688 3621; x_wconf 91' lang='lat' dir='ltr'><strong>proprie</strong></span> <span class='ocrx_word' id='word_1_437' title='bbox 1717 3565 1846 3606; x_wconf 85' lang='lat' dir='ltr'><strong>cor-</strong></span> 
     </span>
    </p>
   </div>
   <div class='ocr_carea' id='block_1_67' title="bbox 260 3639 1849 3712">
    <p class='ocr_par' dir='ltr' id='par_1_67' title="bbox 260 3639 1849 3712">
     <span class='ocr_line' id='line_1_67' title="bbox 260 3639 1849 3712; baseline 0.005 -22"><span class='ocrx_word' id='word_1_438' title='bbox 260 3649 464 3707; x_wconf 85' lang='lat' dir='ltr'><strong>porum</strong></span> <span class='ocrx_word' id='word_1_439' title='bbox 508 3646 614 3703; x_wconf 88' lang='lat' dir='ltr'><strong>est,</strong></span> <span class='ocrx_word' id='word_1_440' title='bbox 669 3654 784 3693; x_wconf 91' lang='lat' dir='ltr'><strong>non</strong></span> <span class='ocrx_word' id='word_1_441' title='bbox 826 3648 1017 3697; x_wconf 89' lang='lat' dir='ltr'><strong>autem</strong></span> <span class='ocrx_word' id='word_1_442' title='bbox 1053 3639 1287 3711; x_wconf 91' lang='lat' dir='ltr'><strong>spiritus</strong></span> <span class='ocrx_word' id='word_1_443' title='bbox 1336 3650 1394 3696; x_wconf 90' lang='lat' dir='ltr'><strong>et</strong></span> <span class='ocrx_word' id='word_1_444' title='bbox 1438 3640 1685 3707; x_wconf 87' lang='lat' dir='ltr'><strong>virtutis,</strong></span> <span class='ocrx_word' id='word_1_445' title='bbox 1724 3656 1849 3712; x_wconf 63' lang='lat' dir='ltr'><strong>qua</strong></span> 
     </span>
    </p>
   </div>
   <div class='ocr_carea' id='block_1_68' title="bbox 260 3726 1846 3801">
    <p class='ocr_par' dir='ltr' id='par_1_68' title="bbox 260 3726 1846 3801">
     <span class='ocr_line' id='line_1_68' title="bbox 260 3726 1846 3801; baseline 0.004 -21"><span class='ocrx_word' id='word_1_446' title='bbox 260 3726 420 3781; x_wconf 87' lang='lat' dir='ltr'><strong>carni</strong></span> <span class='ocrx_word' id='word_1_447' title='bbox 450 3727 599 3781; x_wconf 92' lang='lat' dir='ltr'><strong>uniri</strong></span> <span class='ocrx_word' id='word_1_448' title='bbox 630 3728 937 3783; x_wconf 89' lang='lat' dir='ltr'><strong>secundum</strong></span> <span class='ocrx_word' id='word_1_449' title='bbox 984 3729 1444 3799; x_wconf 89' lang='lat' dir='ltr'><strong>compositionem</strong></span> <span class='ocrx_word' id='word_1_450' title='bbox 1490 3746 1603 3785; x_wconf 91' lang='lat' dir='ltr'><strong>non</strong></span> <span class='ocrx_word' id='word_1_451' title='bbox 1641 3740 1846 3801; x_wconf 89' lang='lat' dir='ltr'><strong>potest,</strong></span> 
     </span>
    </p>
   </div>
   <div class='ocr_carea' id='block_1_69' title="bbox 260 3817 1848 3892">
    <p class='ocr_par' dir='ltr' id='par_1_69' title="bbox 260 3817 1848 3892">
     <span class='ocr_line' id='line_1_69' title="bbox 260 3817 1848 3892; baseline 0.003 -17"><span class='ocrx_word' id='word_1_452' title='bbox 260 3818 569 3889; x_wconf 59' lang='lat' dir='ltr'><strong>prasertim</strong></span> <span class='ocrx_word' id='word_1_453' title='bbox 589 3817 749 3890; x_wconf 76' lang='lat'><strong>553</strong></span> <span class='ocrx_word' id='word_1_454' title='bbox 771 3833 899 3874; x_wconf 89' lang='lat' dir='ltr'><strong>cum</strong></span> <span class='ocrx_word' id='word_1_455' title='bbox 922 3819 1424 3892; x_wconf 87' lang='lat' dir='ltr'><strong>incircumscripta,</strong></span> <span class='ocrx_word' id='word_1_456' title='bbox 1444 3831 1506 3876; x_wconf 90' lang='lat' dir='ltr'><strong>ut</strong></span> <span class='ocrx_word' id='word_1_457' title='bbox 1519 3821 1657 3890; x_wconf 86' lang='lat' dir='ltr'><strong>dixi,</strong></span> <span class='ocrx_word' id='word_1_458' title='bbox 1680 3822 1848 3879; x_wconf 87' lang='lat' dir='ltr'><strong>Verbi</strong></span> 
     </span>
    </p>
   </div>
   <div class='ocr_carea' id='block_1_70' title="bbox 264 3909 1191 3977">
    <p class='ocr_par' dir='ltr' id='par_1_70' title="bbox 264 3909 1191 3977">
     <span class='ocr_line' id='line_1_70' title="bbox 264 3909 1191 3977; baseline -0.001 -10"><span class='ocrx_word' id='word_1_459' title='bbox 264 3909 554 3977; x_wconf 86' lang='lat' dir='ltr'><strong>divinitas,</strong></span> <span class='ocrx_word' id='word_1_460' title='bbox 582 3920 641 3967; x_wconf 91' lang='lat' dir='ltr'><strong>et</strong></span> <span class='ocrx_word' id='word_1_461' title='bbox 659 3912 847 3967; x_wconf 90' lang='lat' dir='ltr'><strong>omnia</strong></span> <span class='ocrx_word' id='word_1_462' title='bbox 862 3912 1191 3971; x_wconf 80' lang='lat' dir='ltr'><strong>.continens.</strong></span> 
     </span>
    </p>
   </div>
   <div class='ocr_carea' id='block_1_71' title="bbox 382 4004 1849 4076">
    <p class='ocr_par' dir='ltr' id='par_1_71' title="bbox 382 4004 1849 4076">
     <span class='ocr_line' id='line_1_71' title="bbox 382 4004 1849 4076; baseline 0.005 -17"><span class='ocrx_word' id='word_1_463' title='bbox 382 4044 398 4059; x_wconf 95' lang='lat'><strong>.</strong></span> <span class='ocrx_word' id='word_1_464' title='bbox 437 4004 820 4076; x_wconf 87' lang='lat' dir='ltr'><strong>Compositum</strong></span> <span class='ocrx_word' id='word_1_465' title='bbox 873 4004 1017 4064; x_wconf 88' lang='lat' dir='ltr'><strong>dicis</strong></span> <span class='ocrx_word' id='word_1_466' title='bbox 1068 4004 1348 4064; x_wconf 86' lang='lat' dir='ltr'><strong>sustinere</strong></span> <span class='ocrx_word' id='word_1_467' title='bbox 1403 4005 1721 4076; x_wconf 90' lang='lat' dir='ltr'><strong>hominem,</strong></span> <span class='ocrx_word' id='word_1_468' title='bbox 1776 4023 1849 4066; x_wconf 90' lang='lat' dir='ltr'><strong>an</strong></span> 
     </span>
    </p>
   </div>
   <div class='ocr_carea' id='block_1_72' title="bbox 263 4095 731 4167">
    <p class='ocr_par' dir='ltr' id='par_1_72' title="bbox 263 4095 731 4167">
     <span class='ocr_line' id='line_1_72' title="bbox 263 4095 731 4167; baseline -0.011 -12"><span class='ocrx_word' id='word_1_469' title='bbox 263 4095 695 4167; x_wconf 86' lang='lat' dir='ltr'><strong>incompositum</strong></span> <span class='ocrx_word' id='word_1_470' title='bbox 707 4095 731 4150; x_wconf 72' lang='grc' dir='ltr'><em>ἲ</em></span> 
     </span>
    </p>
   </div>
   <div class='ocr_carea' id='block_1_73' title="bbox 333 4185 843 4259">
    <p class='ocr_par' dir='ltr' id='par_1_73' title="bbox 333 4185 843 4259">
     <span class='ocr_line' id='line_1_73' title="bbox 333 4185 843 4259; baseline -0.004 -14"><span class='ocrx_word' id='word_1_471' title='bbox 333 4185 408 4246; x_wconf 67' lang='grc' dir='ltr'><strong>Ν.</strong></span> <span class='ocrx_word' id='word_1_472' title='bbox 439 4185 843 4259; x_wconf 88' lang='lat' dir='ltr'><strong>Compositum.</strong></span> 
     </span>
    </p>
   </div>
   <div class='ocr_carea' id='block_1_74' title="bbox 332 4276 1010 4351">
    <p class='ocr_par' dir='ltr' id='par_1_74' title="bbox 332 4276 1010 4351">
     <span class='ocr_line' id='line_1_74' title="bbox 332 4276 1010 4351; baseline -0.001 -14"><span class='ocrx_word' id='word_1_473' title='bbox 332 4276 401 4337; x_wconf 72' lang='grc' dir='ltr'><strong>(Ξ.</strong></span> <span class='ocrx_word' id='word_1_474' title='bbox 439 4278 523 4335; x_wconf 81' lang='lat' dir='ltr'><strong>Ex</strong></span> <span class='ocrx_word' id='word_1_475' title='bbox 559 4279 766 4351; x_wconf 83' lang='lat' dir='ltr'><strong>quibus</strong></span> <span class='ocrx_word' id='word_1_476' title='bbox 793 4279 1010 4338; x_wconf 68' lang='lat' dir='ltr'><strong>rebus?</strong></span> 
     </span>
    </p>
   </div>
   <div class='ocr_carea' id='block_1_75' title="bbox 335 4370 1315 4444">
    <p class='ocr_par' dir='ltr' id='par_1_75' title="bbox 335 4370 1315 4444">
     <span class='ocr_line' id='line_1_75' title="bbox 335 4370 1315 4444; baseline -0.001 -15"><span class='ocrx_word' id='word_1_477' title='bbox 335 4370 404 4429; x_wconf 85' lang='lat' dir='ltr'><strong>N.</strong></span> <span class='ocrx_word' id='word_1_478' title='bbox 439 4371 522 4428; x_wconf 86' lang='lat' dir='ltr'><strong>Ex</strong></span> <span class='ocrx_word' id='word_1_479' title='bbox 549 4372 736 4429; x_wconf 89' lang='lat' dir='ltr'><strong>anima</strong></span> <span class='ocrx_word' id='word_1_480' title='bbox 778 4371 971 4444; x_wconf 83' lang='lat' dir='ltr'><strong>utique</strong></span> <span class='ocrx_word' id='word_1_481' title='bbox 1018 4378 1079 4429; x_wconf 92' lang='lat' dir='ltr'><strong>et</strong></span> <span class='ocrx_word' id='word_1_482' title='bbox 1124 4386 1315 4430; x_wconf 88' lang='lat' dir='ltr'><strong>carne.</strong></span> 
     </span>
    </p>
   </div>
   <div class='ocr_carea' id='block_1_76' title="bbox 336 4480 1854 4558">
    <p class='ocr_par' dir='ltr' id='par_1_76' title="bbox 336 4480 1854 4558">
     <span class='ocr_line' id='line_1_76' title="bbox 336 4480 1854 4558; baseline 0.004 -16"><span class='ocrx_word' id='word_1_483' title='bbox 336 4483 402 4543; x_wconf 89' lang='lat' dir='ltr'><strong>C.</strong></span> <span class='ocrx_word' id='word_1_484' title='bbox 442 4485 696 4543; x_wconf 80' lang='lat' dir='ltr'><strong>Animam</strong></span> <span class='ocrx_word' id='word_1_485' title='bbox 739 4480 1275 4546; x_wconf 81' lang='lat' dir='ltr'><strong>consubstantialem</strong></span> <span class='ocrx_word' id='word_1_486' title='bbox 1305 4487 1461 4546; x_wconf 90' lang='lat' dir='ltr'><strong>carni</strong></span> <span class='ocrx_word' id='word_1_487' title='bbox 1509 4487 1738 4558; x_wconf 86' lang='lat' dir='ltr'><strong>asseris,</strong></span> <span class='ocrx_word' id='word_1_488' title='bbox 1779 4503 1854 4548; x_wconf 85' lang='lat' dir='ltr'><strong>an</strong></span> 
     </span>
    </p>
   </div>
   <div class='ocr_carea' id='block_1_77' title="bbox 269 4574 807 4633">
    <p class='ocr_par' dir='ltr' id='par_1_77' title="bbox 269 4574 807 4633">
     <span class='ocr_line' id='line_1_77' title="bbox 269 4574 807 4633; baseline 0.002 -1"><span class='ocrx_word' id='word_1_489' title='bbox 269 4574 506 4632; x_wconf 71' lang='lat' dir='ltr'><strong>diversa:</strong></span> <span class='ocrx_word' id='word_1_490' title='bbox 552 4576 807 4633; x_wconf 68' lang='lat' dir='ltr'><strong>naturae?</strong></span> 
     </span>
    </p>
   </div>
   <div class='ocr_carea' id='block_1_78' title="bbox 328 4668 984 4726">
    <p class='ocr_par' dir='ltr' id='par_1_78' title="bbox 328 4668 984 4726">
     <span class='ocr_line' id='line_1_78' title="bbox 328 4668 984 4726; baseline 0.005 -5"><span class='ocrx_word' id='word_1_491' title='bbox 328 4668 412 4726; x_wconf 84' lang='lat' dir='ltr'><strong>.N.</strong></span> <span class='ocrx_word' id='word_1_492' title='bbox 451 4669 695 4725; x_wconf 63' lang='lat' dir='ltr'><strong>Diversa</strong></span> <span class='ocrx_word' id='word_1_493' title='bbox 734 4668 984 4726; x_wconf 88' lang='lat' dir='ltr'><strong>omnino.</strong></span> 
     </span>
    </p>
   </div>
   <div class='ocr_carea' id='block_1_79' title="bbox 347 4776 1852 4858">
    <p class='ocr_par' dir='ltr' id='par_1_79' title="bbox 347 4776 1852 4858">
     <span class='ocr_line' id='line_1_79' title="bbox 347 4776 1852 4858; baseline 0.005 -23"><span class='ocrx_word' id='word_1_494' title='bbox 347 4776 412 4835; x_wconf 90' lang='lat' dir='ltr'><strong>C.</strong></span> <span class='ocrx_word' id='word_1_495' title='bbox 462 4778 660 4837; x_wconf 85' lang='lat' dir='ltr'><strong>Utrum</strong></span> <span class='ocrx_word' id='word_1_496' title='bbox 684 4782 816 4852; x_wconf 85' lang='lat' dir='ltr'><strong>quia</strong></span> <span class='ocrx_word' id='word_1_497' title='bbox 840 4797 953 4839; x_wconf 87' lang='lat' dir='ltr'><strong>non</strong></span> <span class='ocrx_word' id='word_1_498' title='bbox 987 4781 1061 4838; x_wconf 90' lang='lat' dir='ltr'><strong>sit</strong></span> <span class='ocrx_word' id='word_1_499' title='bbox 1084 4795 1235 4852; x_wconf 85' lang='lat' dir='ltr'><strong>caro,</strong></span> <span class='ocrx_word' id='word_1_500' title='bbox 1256 4790 1314 4840; x_wconf 89' lang='lat' dir='ltr'><strong>et</strong></span> <span class='ocrx_word' id='word_1_501' title='bbox 1345 4781 1419 4840; x_wconf 85' lang='lat' dir='ltr'><strong>sit</strong></span> <span class='ocrx_word' id='word_1_502' title='bbox 1442 4798 1668 4857; x_wconf 90' lang='lat' dir='ltr'><strong>corpus,</strong></span> <span class='ocrx_word' id='word_1_503' title='bbox 1697 4784 1852 4858; x_wconf 88' lang='lat' dir='ltr'><strong>quia,</strong></span> 
     </span>
    </p>
   </div>
   <div class='ocr_carea' id='block_1_80' title="bbox 274 4869 1854 4959">
    <p class='ocr_par' dir='ltr' id='par_1_80' title="bbox 274 4869 1854 4959">
     <span class='ocr_line' id='line_1_80' title="bbox 274 4869 1854 4959; baseline 0.005 -36"><span class='ocrx_word' id='word_1_504' title='bbox 274 4869 532 4941; x_wconf 86' lang='lat' dir='ltr'><strong>quamvis</strong></span> <span class='ocrx_word' id='word_1_505' title='bbox 563 4871 748 4927; x_wconf 89' lang='lat' dir='ltr'><strong>omnis</strong></span> <span class='ocrx_word' id='word_1_506' title='bbox 782 4886 912 4930; x_wconf 87' lang='lat' dir='ltr'><strong>caro</strong></span> <span class='ocrx_word' id='word_1_507' title='bbox 937 4887 1163 4945; x_wconf 91' lang='lat' dir='ltr'><strong>corpus,</strong></span> <span class='ocrx_word' id='word_1_508' title='bbox 1187 4888 1303 4959; x_wconf 83' lang='lat' dir='ltr'><strong>non</strong></span> <span class='ocrx_word' id='word_1_509' title='bbox 1321 4880 1507 4932; x_wconf 88' lang='lat' dir='ltr'><strong>tamen</strong></span> <span class='ocrx_word' id='word_1_510' title='bbox 1535 4890 1702 4933; x_wconf 87' lang='lat' dir='ltr'><strong>omne</strong></span> <span class='ocrx_word' id='word_1_511' title='bbox 1727 4890 1854 4933; x_wconf 84' lang='lat' dir='ltr'><strong>cor-</strong></span> 
     </span>
    </p>
   </div>
   <div class='ocr_carea' id='block_1_81' title="bbox 275 4960 689 5031">
    <p class='ocr_par' dir='ltr' id='par_1_81' title="bbox 275 4960 689 5031">
     <span class='ocr_line' id='line_1_81' title="bbox 275 4960 689 5031; baseline -0.002 -15"><span class='ocrx_word' id='word_1_512' title='bbox 275 4974 383 5031; x_wconf 81' lang='lat' dir='ltr'><strong>pus</strong></span> <span class='ocrx_word' id='word_1_513' title='bbox 411 4973 543 5015; x_wconf 90' lang='lat' dir='ltr'><strong>caro</strong></span> <span class='ocrx_word' id='word_1_514' title='bbox 571 4960 689 5017; x_wconf 72' lang='lat' dir='ltr'><strong>est?</strong></span> 
     </span>
    </p>
   </div>
   <div class='ocr_carea' id='block_1_82' title="bbox 346 5072 1820 5154">
    <p class='ocr_par' dir='ltr' id='par_1_82' title="bbox 346 5072 1820 5154">
     <span class='ocr_line' id='line_1_82' title="bbox 346 5072 1820 5154; baseline 0.008 -22"><span class='ocrx_word' id='word_1_515' title='bbox 346 5072 413 5132; x_wconf 74' lang='grc' dir='ltr'><strong>Ν.</strong></span> <span class='ocrx_word' id='word_1_516' title='bbox 458 5074 622 5132; x_wconf 88' lang='lat' dir='ltr'><strong>Nullo</strong></span> <span class='ocrx_word' id='word_1_517' title='bbox 650 5076 815 5134; x_wconf 88' lang='lat' dir='ltr'><strong>modo</strong></span> <span class='ocrx_word' id='word_1_518' title='bbox 850 5095 957 5152; x_wconf 84' lang='lat' dir='ltr'><strong>ego</strong></span> <span class='ocrx_word' id='word_1_519' title='bbox 1001 5094 1214 5154; x_wconf 83' lang='lat' dir='ltr'><strong>corpus</strong></span> <span class='ocrx_word' id='word_1_520' title='bbox 1239 5081 1368 5140; x_wconf 86' lang='lat' dir='ltr'><strong>dico</strong></span> <span class='ocrx_word' id='word_1_521' title='bbox 1396 5082 1648 5143; x_wconf 86' lang='lat' dir='ltr'><strong>animam</strong></span> <span class='ocrx_word' id='word_1_522' title='bbox 1675 5101 1820 5146; x_wconf 82' lang='lat' dir='ltr'><strong>esse.</strong></span> 
     </span>
    </p>
   </div>
   <div class='ocr_carea' id='block_1_83' title="bbox 351 5163 994 5241">
    <p class='ocr_par' dir='ltr' id='par_1_83' title="bbox 351 5163 994 5241">
     <span class='ocr_line' id='line_1_83' title="bbox 351 5163 994 5241; baseline 0.011 -20"><span class='ocrx_word' id='word_1_523' title='bbox 351 5163 417 5221; x_wconf 89' lang='lat' dir='ltr'><strong>c.</strong></span> <span class='ocrx_word' id='word_1_524' title='bbox 457 5164 604 5233; x_wconf 84' lang='lat' dir='ltr'><strong>Quid</strong></span> <span class='ocrx_word' id='word_1_525' title='bbox 640 5182 775 5241; x_wconf 84' lang='lat' dir='ltr'><strong>ergo</strong></span> <span class='ocrx_word' id='word_1_526' title='bbox 814 5170 994 5227; x_wconf 72' lang='lat' dir='ltr'><strong>dicis?</strong></span> 
     </span>
    </p>
   </div>
   <div class='ocr_carea' id='block_1_84' title="bbox 1940 3083 3532 3158">
    <p class='ocr_par' dir='ltr' id='par_1_84' title="bbox 1940 3083 3532 3158">
     <span class='ocr_line' id='line_1_84' title="bbox 1940 3083 3532 3158; baseline -0.003 -14"><span class='ocrx_word' id='word_1_527' title='bbox 1940 3101 2073 3144; x_wconf 85' lang='lat' dir='ltr'><strong>caro</strong></span> <span class='ocrx_word' id='word_1_528' title='bbox 2110 3087 2481 3158; x_wconf 80' lang='lat' dir='ltr'><strong>perﬁceretur</strong></span> <span class='ocrx_word' id='word_1_529' title='bbox 2518 3086 2579 3142; x_wconf 89' lang='lat' dir='ltr'><strong>in</strong></span> <span class='ocrx_word' id='word_1_530' title='bbox 2620 3085 2823 3142; x_wconf 88' lang='lat' dir='ltr'><strong>melius</strong></span> <span class='ocrx_word' id='word_1_531' title='bbox 2870 3091 3234 3148; x_wconf 87' lang='lat' dir='ltr'><strong>commutata,</strong></span> <span class='ocrx_word' id='word_1_532' title='bbox 3266 3083 3424 3139; x_wconf 90' lang='lat' dir='ltr'><strong>carni</strong></span> <span class='ocrx_word' id='word_1_533' title='bbox 3468 3097 3532 3139; x_wconf 84' lang='lat' dir='ltr'><strong>se</strong></span> 
     </span>
    </p>
   </div>
   <div class='ocr_carea' id='block_1_85' title="bbox 1942 3174 3534 3251">
    <p class='ocr_par' dir='ltr' id='par_1_85' title="bbox 1942 3174 3534 3251">
     <span class='ocr_line' id='line_1_85' title="bbox 1942 3174 3534 3251; baseline -0.003 -16"><span class='ocrx_word' id='word_1_534' title='bbox 1942 3178 2176 3247; x_wconf 84' lang='lat' dir='ltr'><strong>uniens;</strong></span> <span class='ocrx_word' id='word_1_535' title='bbox 2219 3179 2567 3251; x_wconf 90' lang='lat' dir='ltr'><strong>compositus</strong></span> <span class='ocrx_word' id='word_1_536' title='bbox 2617 3179 2799 3235; x_wconf 80' lang='lat' dir='ltr'><strong>factus</strong></span> <span class='ocrx_word' id='word_1_537' title='bbox 2836 3188 2924 3234; x_wconf 92' lang='lat' dir='ltr'><strong>est</strong></span> <span class='ocrx_word' id='word_1_538' title='bbox 2951 3176 3047 3249; x_wconf 92' lang='lat' dir='ltr'><strong>qui</strong></span> <span class='ocrx_word' id='word_1_539' title='bbox 3092 3185 3222 3232; x_wconf 87' lang='lat' dir='ltr'><strong>ante</strong></span> <span class='ocrx_word' id='word_1_540' title='bbox 3264 3183 3389 3231; x_wconf 90' lang='lat' dir='ltr'><strong>erat</strong></span> <span class='ocrx_word' id='word_1_541' title='bbox 3413 3174 3534 3231; x_wconf 87' lang='lat' dir='ltr'><strong>sine</strong></span> 
     </span>
    </p>
   </div>
   <div class='ocr_carea' id='block_1_86' title="bbox 1942 3266 3533 3341">
    <p class='ocr_par' dir='ltr' id='par_1_86' title="bbox 1942 3266 3533 3341">
     <span class='ocr_line' id='line_1_86' title="bbox 1942 3266 3533 3341; baseline -0.003 -16"><span class='ocrx_word' id='word_1_542' title='bbox 1942 3268 2117 3325; x_wconf 91' lang='lat' dir='ltr'><strong>dubio</strong></span> <span class='ocrx_word' id='word_1_543' title='bbox 2143 3284 2361 3326; x_wconf 90' lang='lat' dir='ltr'><strong>summe</strong></span> <span class='ocrx_word' id='word_1_544' title='bbox 2393 3270 2631 3341; x_wconf 83' lang='lat' dir='ltr'><strong>simplex</strong></span> <span class='ocrx_word' id='word_1_545' title='bbox 2664 3278 2721 3325; x_wconf 90' lang='lat' dir='ltr'><strong>et</strong></span> <span class='ocrx_word' id='word_1_546' title='bbox 2754 3267 3179 3339; x_wconf 89' lang='lat' dir='ltr'><strong>incompositus,</strong></span> <span class='ocrx_word' id='word_1_547' title='bbox 3223 3266 3533 3337; x_wconf 89' lang='lat' dir='ltr'><strong>perfectus-</strong></span> 
     </span>
    </p>
   </div>
   <div class='ocr_carea' id='block_1_87' title="bbox 1942 3357 3535 3434">
    <p class='ocr_par' dir='ltr' id='par_1_87' title="bbox 1942 3357 3535 3434">
     <span class='ocr_line' id='line_1_87' title="bbox 1942 3357 3535 3434; baseline -0.003 -17"><span class='ocrx_word' id='word_1_548' title='bbox 1942 3377 2054 3434; x_wconf 91' lang='lat' dir='ltr'><strong>que</strong></span> <span class='ocrx_word' id='word_1_549' title='bbox 2084 3376 2186 3433; x_wconf 88' lang='lat' dir='ltr'><strong>per</strong></span> <span class='ocrx_word' id='word_1_550' title='bbox 2217 3362 2427 3428; x_wconf 90' lang='lat' dir='ltr'><strong>omnia,</strong></span> <span class='ocrx_word' id='word_1_551' title='bbox 2457 3370 2651 3433; x_wconf 92' lang='lat' dir='ltr'><strong>utpote</strong></span> <span class='ocrx_word' id='word_1_552' title='bbox 2684 3360 2852 3417; x_wconf 90' lang='lat' dir='ltr'><strong>Deus.</strong></span> <span class='ocrx_word' id='word_1_553' title='bbox 2885 3359 3165 3431; x_wconf 89' lang='lat' dir='ltr'><strong>Scriptum</strong></span> <span class='ocrx_word' id='word_1_554' title='bbox 3188 3358 3338 3414; x_wconf 91' lang='lat' dir='ltr'><strong>enim</strong></span> <span class='ocrx_word' id='word_1_555' title='bbox 3366 3357 3436 3413; x_wconf 90' lang='lat' dir='ltr'><strong>de</strong></span> <span class='ocrx_word' id='word_1_556' title='bbox 3466 3371 3535 3412; x_wconf 91' lang='lat' dir='ltr'><strong>eo</strong></span> 
     </span>
    </p>
   </div>
   <div class='ocr_carea' id='block_1_88' title="bbox 1944 3451 3535 3528">
    <p class='ocr_par' dir='ltr' id='par_1_88' title="bbox 1944 3451 3535 3528">
     <span class='ocr_line' id='line_1_88' title="bbox 1944 3451 3535 3528; baseline -0.004 -16"><span class='ocrx_word' id='word_1_557' title='bbox 1944 3463 2053 3521; x_wconf 87' lang='lat' dir='ltr'><strong>est,</strong></span> <span class='ocrx_word' id='word_1_558' title='bbox 2087 3455 2221 3528; x_wconf 90' lang='lat' dir='ltr'><strong>quia</strong></span> <span class='ocrx_word' id='word_1_559' title='bbox 2260 3455 2536 3511; x_wconf 87' lang='lat' dir='ltr'><strong>bonorum</strong></span> <span class='ocrx_word' id='word_1_560' title='bbox 2564 3462 2887 3510; x_wconf 91' lang='lat' dir='ltr'><strong>nostrorum</strong></span> <span class='ocrx_word' id='word_1_561' title='bbox 2927 3466 3043 3508; x_wconf 92' lang='lat' dir='ltr'><strong>non</strong></span> <span class='ocrx_word' id='word_1_562' title='bbox 3082 3461 3243 3525; x_wconf 86' lang='lat' dir='ltr'><strong>egeat</strong></span> <span class='ocrx_word' id='word_1_563' title='bbox 3285 3452 3354 3507; x_wconf 81' lang='grc'><strong>⁸³.</strong></span> <span class='ocrx_word' id='word_1_564' title='bbox 3385 3451 3535 3509; x_wconf 87' lang='lat' dir='ltr'><strong>Nihil</strong></span> 
     </span>
    </p>
   </div>
   <div class='ocr_carea' id='block_1_89' title="bbox 1945 3547 3533 3617">
    <p class='ocr_par' dir='ltr' id='par_1_89' title="bbox 1945 3547 3533 3617">
     <span class='ocr_line' id='line_1_89' title="bbox 1945 3547 3533 3617; baseline -0.003 -12"><span class='ocrx_word' id='word_1_565' title='bbox 1945 3548 2098 3605; x_wconf 89' lang='lat' dir='ltr'><strong>enim</strong></span> <span class='ocrx_word' id='word_1_566' title='bbox 2114 3548 2195 3605; x_wconf 89' lang='lat' dir='ltr'><strong>illi</strong></span> <span class='ocrx_word' id='word_1_567' title='bbox 2216 3548 2475 3615; x_wconf 90' lang='lat' dir='ltr'><strong>contulit,</strong></span> <span class='ocrx_word' id='word_1_568' title='bbox 2501 3557 2597 3604; x_wconf 90' lang='lat' dir='ltr'><strong>aut</strong></span> <span class='ocrx_word' id='word_1_569' title='bbox 2616 3547 2877 3614; x_wconf 76' lang='lat' dir='ltr'><strong>detraxit,</strong></span> <span class='ocrx_word' id='word_1_570' title='bbox 2902 3554 3189 3617; x_wconf 88' lang='lat' dir='ltr'><strong>assumpta</strong></span> <span class='ocrx_word' id='word_1_571' title='bbox 3218 3560 3319 3617; x_wconf 93' lang='lat' dir='ltr'><strong>pro</strong></span> <span class='ocrx_word' id='word_1_572' title='bbox 3343 3553 3533 3601; x_wconf 89' lang='lat' dir='ltr'><strong>nostra</strong></span> 
     </span>
    </p>
   </div>
   <div class='ocr_carea' id='block_1_90' title="bbox 1946 3636 3536 3712">
    <p class='ocr_par' dir='ltr' id='par_1_90' title="bbox 1946 3636 3536 3712">
     <span class='ocr_line' id='line_1_90' title="bbox 1946 3636 3536 3712; baseline -0.004 -14"><span class='ocrx_word' id='word_1_573' title='bbox 1946 3642 2131 3698; x_wconf 89' lang='lat' dir='ltr'><strong>salute</strong></span> <span class='ocrx_word' id='word_1_574' title='bbox 2174 3641 2419 3705; x_wconf 77' lang='lat' dir='ltr'><strong>humana</strong></span> <span class='ocrx_word' id='word_1_575' title='bbox 2464 3650 2701 3707; x_wconf 89' lang='lat' dir='ltr'><strong>natura,</strong></span> <span class='ocrx_word' id='word_1_576' title='bbox 2754 3654 2923 3712; x_wconf 90' lang='lat' dir='ltr'><strong>quam</strong></span> <span class='ocrx_word' id='word_1_577' title='bbox 2972 3638 3229 3694; x_wconf 90' lang='lat' dir='ltr'><strong>unitione</strong></span> <span class='ocrx_word' id='word_1_578' title='bbox 3274 3651 3376 3694; x_wconf 89' lang='lat' dir='ltr'><strong>sua</strong></span> <span class='ocrx_word' id='word_1_579' title='bbox 3418 3636 3536 3709; x_wconf 82' lang='lat' dir='ltr'><strong>ipse</strong></span> 
     </span>
    </p>
   </div>
   <div class='ocr_carea' id='block_1_91' title="bbox 1946 3730 3537 3806">
    <p class='ocr_par' dir='ltr' id='par_1_91' title="bbox 1946 3730 3537 3806">
     <span class='ocr_line' id='line_1_91' title="bbox 1946 3730 3537 3806; baseline -0.003 -16"><span class='ocrx_word' id='word_1_580' title='bbox 1946 3734 2137 3805; x_wconf 90' lang='lat' dir='ltr'><strong>potius</strong></span> <span class='ocrx_word' id='word_1_581' title='bbox 2183 3733 2543 3790; x_wconf 81' lang='lat' dir='ltr'><strong>ineﬂ&#39;abiliter</strong></span> <span class='ocrx_word' id='word_1_582' title='bbox 2578 3730 2935 3806; x_wconf 80' lang='lat' dir='ltr'><strong>glorificavit.</strong></span> <span class='ocrx_word' id='word_1_583' title='bbox 2982 3730 3179 3802; x_wconf 83' lang='lat' dir='ltr'><strong>Neque</strong></span> <span class='ocrx_word' id='word_1_584' title='bbox 3224 3730 3408 3786; x_wconf 90' lang='lat' dir='ltr'><strong>minor</strong></span> <span class='ocrx_word' id='word_1_585' title='bbox 3451 3738 3537 3786; x_wconf 86' lang='lat' dir='ltr'><strong>est</strong></span> 
     </span>
    </p>
   </div>
   <div class='ocr_carea' id='block_1_92' title="bbox 1948 3820 3537 3896">
    <p class='ocr_par' dir='ltr' id='par_1_92' title="bbox 1948 3820 3537 3896">
     <span class='ocr_line' id='line_1_92' title="bbox 1948 3820 3537 3896; baseline -0.005 -13"><span class='ocrx_word' id='word_1_586' title='bbox 1948 3826 2099 3883; x_wconf 90' lang='lat' dir='ltr'><strong>Deus</strong></span> <span class='ocrx_word' id='word_1_587' title='bbox 2133 3825 2383 3883; x_wconf 89' lang='lat' dir='ltr'><strong>Verbum</strong></span> <span class='ocrx_word' id='word_1_588' title='bbox 2407 3825 2655 3891; x_wconf 89' lang='lat' dir='ltr'><strong>Christo,</strong></span> <span class='ocrx_word' id='word_1_589' title='bbox 2678 3824 2811 3896; x_wconf 88' lang='lat' dir='ltr'><strong>quia</strong></span> <span class='ocrx_word' id='word_1_590' title='bbox 2839 3824 2957 3895; x_wconf 87' lang='lat' dir='ltr'><strong>ipse</strong></span> <span class='ocrx_word' id='word_1_591' title='bbox 2988 3832 3074 3878; x_wconf 91' lang='lat' dir='ltr'><strong>est</strong></span> <span class='ocrx_word' id='word_1_592' title='bbox 3096 3820 3359 3878; x_wconf 88' lang='lat' dir='ltr'><strong>Christus</strong></span> <span class='ocrx_word' id='word_1_593' title='bbox 3393 3838 3407 3875; x_wconf 90' lang='lat'><strong>:</strong></span> <span class='ocrx_word' id='word_1_594' title='bbox 3434 3835 3537 3876; x_wconf 87' lang='lat' dir='ltr'><strong>nec</strong></span> 
     </span>
    </p>
   </div>
   <div class='ocr_carea' id='block_1_93' title="bbox 1949 3915 3537 3997">
    <p class='ocr_par' dir='ltr' id='par_1_93' title="bbox 1949 3915 3537 3997">
     <span class='ocr_line' id='line_1_93' title="bbox 1949 3915 3537 3997; baseline -0.005 -17"><span class='ocrx_word' id='word_1_595' title='bbox 1949 3923 2138 3997; x_wconf 88' lang='lat' dir='ltr'><strong>seipso</strong></span> <span class='ocrx_word' id='word_1_596' title='bbox 2170 3922 2355 3995; x_wconf 84' lang='lat' dir='ltr'><strong>minor</strong></span> <span class='ocrx_word' id='word_1_597' title='bbox 2382 3936 2507 3979; x_wconf 89' lang='lat' dir='ltr'><strong>esse</strong></span> <span class='ocrx_word' id='word_1_598' title='bbox 2552 3927 2760 3993; x_wconf 89' lang='lat' dir='ltr'><strong>potest,</strong></span> <span class='ocrx_word' id='word_1_599' title='bbox 2793 3928 2854 3977; x_wconf 92' lang='lat' dir='ltr'><strong>et</strong></span> <span class='ocrx_word' id='word_1_600' title='bbox 2877 3926 3161 3991; x_wconf 89' lang='lat' dir='ltr'><strong>assumpta</strong></span> <span class='ocrx_word' id='word_1_601' title='bbox 3193 3932 3359 3975; x_wconf 85' lang='lat' dir='ltr'><strong>carne</strong></span> <span class='ocrx_word' id='word_1_602' title='bbox 3391 3915 3537 3972; x_wconf 89' lang='lat' dir='ltr'><strong>idem</strong></span> 
     </span>
    </p>
   </div>
   <div class='ocr_carea' id='block_1_94' title="bbox 1952 4004 3538 4083">
    <p class='ocr_par' dir='ltr' id='par_1_94' title="bbox 1952 4004 3538 4083">
     <span class='ocr_line' id='line_1_94' title="bbox 1952 4004 3538 4083; baseline -0.004 -13"><span class='ocrx_word' id='word_1_603' title='bbox 1952 4015 2159 4071; x_wconf 86' lang='lat' dir='ltr'><strong>mansit</strong></span> <span class='ocrx_word' id='word_1_604' title='bbox 2196 4013 2346 4071; x_wconf 89' lang='lat' dir='ltr'><strong>Deus</strong></span> <span class='ocrx_word' id='word_1_605' title='bbox 2375 4014 2494 4070; x_wconf 89' lang='lat' dir='ltr'><strong>sine</strong></span> <span class='ocrx_word' id='word_1_606' title='bbox 2542 4011 2899 4069; x_wconf 86' lang='lat' dir='ltr'><strong>dubitatione</strong></span> <span class='ocrx_word' id='word_1_607' title='bbox 2940 4004 3243 4083; x_wconf 74' lang='lat' dir='ltr'><strong>perfectus.</strong></span> <span class='ocrx_word' id='word_1_608' title='bbox 3277 4008 3538 4080; x_wconf 77' lang='lat' dir='ltr'><strong>Alioquin</strong></span> 
     </span>
    </p>
   </div>
   <div class='ocr_carea' id='block_1_95' title="bbox 1950 4101 3537 4178">
    <p class='ocr_par' dir='ltr' id='par_1_95' title="bbox 1950 4101 3537 4178">
     <span class='ocr_line' id='line_1_95' title="bbox 1950 4101 3537 4178; baseline -0.004 -14"><span class='ocrx_word' id='word_1_609' title='bbox 1950 4107 2001 4164; x_wconf 91' lang='lat' dir='ltr'><strong>si</strong></span> <span class='ocrx_word' id='word_1_610' title='bbox 2047 4113 2107 4164; x_wconf 92' lang='lat' dir='ltr'><strong>et</strong></span> <span class='ocrx_word' id='word_1_611' title='bbox 2148 4114 2277 4178; x_wconf 88' lang='lat' dir='ltr'><strong>post</strong></span> <span class='ocrx_word' id='word_1_612' title='bbox 2321 4104 2764 4163; x_wconf 85' lang='lat' dir='ltr'><strong>incarnationem</strong></span> <span class='ocrx_word' id='word_1_613' title='bbox 2813 4110 3050 4176; x_wconf 87' lang='lat' dir='ltr'><strong>negatur</strong></span> <span class='ocrx_word' id='word_1_614' title='bbox 3098 4101 3361 4160; x_wconf 90' lang='lat' dir='ltr'><strong>Christus</strong></span> <span class='ocrx_word' id='word_1_615' title='bbox 3416 4114 3537 4158; x_wconf 76' lang='lat' dir='ltr'><strong>esse</strong></span> 
     </span>
    </p>
   </div>
   <div class='ocr_carea' id='block_1_96' title="bbox 1951 4191 3539 4270">
    <p class='ocr_par' dir='ltr' id='par_1_96' title="bbox 1951 4191 3539 4270">
     <span class='ocr_line' id='line_1_96' title="bbox 1951 4191 3539 4270; baseline -0.005 -15"><span class='ocrx_word' id='word_1_616' title='bbox 1951 4196 2317 4270; x_wconf 88' lang='lat' dir='ltr'><strong>compositus,</strong></span> <span class='ocrx_word' id='word_1_617' title='bbox 2345 4195 2555 4253; x_wconf 87' lang='lat' dir='ltr'><strong>mansit</strong></span> <span class='ocrx_word' id='word_1_618' title='bbox 2581 4210 2739 4268; x_wconf 86' lang='lat' dir='ltr'><strong>ergo,</strong></span> <span class='ocrx_word' id='word_1_619' title='bbox 2763 4194 2913 4267; x_wconf 80' lang='lat' dir='ltr'><strong>quod</strong></span> <span class='ocrx_word' id='word_1_620' title='bbox 2941 4204 3063 4251; x_wconf 87' lang='lat' dir='ltr'><strong>erat</strong></span> <span class='ocrx_word' id='word_1_621' title='bbox 3091 4201 3278 4260; x_wconf 86' lang='lat' dir='ltr'><strong>antea,</strong></span> <span class='ocrx_word' id='word_1_622' title='bbox 3306 4191 3539 4263; x_wconf 78' lang='lat' dir='ltr'><strong>simplex</strong></span> 
     </span>
    </p>
   </div>
   <div class='ocr_carea' id='block_1_97' title="bbox 1954 4282 3541 4361">
    <p class='ocr_par' dir='ltr' id='par_1_97' title="bbox 1954 4282 3541 4361">
     <span class='ocr_line' id='line_1_97' title="bbox 1954 4282 3541 4361; baseline -0.005 -16"><span class='ocrx_word' id='word_1_623' title='bbox 1954 4297 2015 4345; x_wconf 89' lang='lat' dir='ltr'><strong>et</strong></span> <span class='ocrx_word' id='word_1_624' title='bbox 2055 4286 2481 4361; x_wconf 90' lang='lat' dir='ltr'><strong>incompositus.</strong></span> <span class='ocrx_word' id='word_1_625' title='bbox 2520 4286 2592 4344; x_wconf 85' lang='lat' dir='ltr'><strong>Et</strong></span> <span class='ocrx_word' id='word_1_626' title='bbox 2629 4287 2763 4359; x_wconf 88' lang='lat' dir='ltr'><strong>quia</strong></span> <span class='ocrx_word' id='word_1_627' title='bbox 2808 4301 2900 4343; x_wconf 89' lang='lat' dir='ltr'><strong>res</strong></span> <span class='ocrx_word' id='word_1_628' title='bbox 2947 4299 3161 4342; x_wconf 85' lang='lat' dir='ltr'><strong>summe</strong></span> <span class='ocrx_word' id='word_1_629' title='bbox 3204 4282 3445 4356; x_wconf 79' lang='lat' dir='ltr'><strong>simplex</strong></span> <span class='ocrx_word' id='word_1_630' title='bbox 3485 4290 3541 4338; x_wconf 88' lang='lat' dir='ltr'><strong>et</strong></span> 
     </span>
    </p>
   </div>
   <div class='ocr_carea' id='block_1_98' title="bbox 1955 4375 3540 4452">
    <p class='ocr_par' dir='ltr' id='par_1_98' title="bbox 1955 4375 3540 4452">
     <span class='ocr_line' id='line_1_98' title="bbox 1955 4375 3540 4452; baseline -0.004 -15"><span class='ocrx_word' id='word_1_631' title='bbox 1955 4379 2325 4452; x_wconf 88' lang='lat' dir='ltr'><strong>incomposita</strong></span> <span class='ocrx_word' id='word_1_632' title='bbox 2338 4380 2551 4437; x_wconf 85' lang='lat' dir='ltr'><strong>nullam</strong></span> <span class='ocrx_word' id='word_1_633' title='bbox 2573 4379 2805 4437; x_wconf 90' lang='lat' dir='ltr'><strong>omnino</strong></span> <span class='ocrx_word' id='word_1_634' title='bbox 2825 4378 2884 4435; x_wconf 92' lang='lat' dir='ltr'><strong>in</strong></span> <span class='ocrx_word' id='word_1_635' title='bbox 2901 4393 2960 4434; x_wconf 89' lang='lat' dir='ltr'><strong>se</strong></span> <span class='ocrx_word' id='word_1_636' title='bbox 2986 4375 3185 4449; x_wconf 89' lang='lat' dir='ltr'><strong>recipit</strong></span> <span class='ocrx_word' id='word_1_637' title='bbox 3201 4376 3540 4449; x_wconf 87' lang='lat' dir='ltr'><strong>passionem,</strong></span> 
     </span>
    </p>
   </div>
   <div class='ocr_carea' id='block_1_99' title="bbox 1956 4470 3543 4544">
    <p class='ocr_par' dir='ltr' id='par_1_99' title="bbox 1956 4470 3543 4544">
     <span class='ocr_line' id='line_1_99' title="bbox 1956 4470 3543 4544; baseline -0.003 -16"><span class='ocrx_word' id='word_1_638' title='bbox 1956 4471 2103 4529; x_wconf 90' lang='lat' dir='ltr'><strong>sicut</strong></span> <span class='ocrx_word' id='word_1_639' title='bbox 2134 4471 2395 4544; x_wconf 87' lang='lat' dir='ltr'><strong>superius</strong></span> <span class='ocrx_word' id='word_1_640' title='bbox 2411 4472 2581 4530; x_wconf 88' lang='lat' dir='ltr'><strong>etiam</strong></span> <span class='ocrx_word' id='word_1_641' title='bbox 2603 4472 2722 4543; x_wconf 84' lang='lat' dir='ltr'><strong>ipse</strong></span> <span class='ocrx_word' id='word_1_642' title='bbox 2748 4470 3036 4543; x_wconf 84' lang='lat' dir='ltr'><strong>professus</strong></span> <span class='ocrx_word' id='word_1_643' title='bbox 3053 4483 3276 4535; x_wconf 74' lang='lat' dir='ltr'><strong>es,non</strong></span> <span class='ocrx_word' id='word_1_644' title='bbox 3299 4475 3387 4526; x_wconf 90' lang='lat' dir='ltr'><strong>est</strong></span> <span class='ocrx_word' id='word_1_645' title='bbox 3412 4480 3543 4539; x_wconf 83' lang='lat' dir='ltr'><strong>ergo</strong></span> 
     </span>
    </p>
   </div>
   <div class='ocr_carea' id='block_1_100' title="bbox 1953 4560 3545 4637">
    <p class='ocr_par' dir='ltr' id='par_1_100' title="bbox 1953 4560 3545 4637">
     <span class='ocr_line' id='line_1_100' title="bbox 1953 4560 3545 4637; baseline -0.003 -16"><span class='ocrx_word' id='word_1_646' title='bbox 1953 4562 2113 4637; x_wconf 75' lang='lat' dir='ltr'><strong>juxta</strong></span> <span class='ocrx_word' id='word_1_647' title='bbox 2158 4578 2262 4621; x_wconf 83' lang='lat' dir='ltr'><strong>vos</strong></span> <span class='ocrx_word' id='word_1_648' title='bbox 2285 4562 2541 4621; x_wconf 87' lang='lat' dir='ltr'><strong>Christus</strong></span> <span class='ocrx_word' id='word_1_649' title='bbox 2576 4578 2682 4636; x_wconf 91' lang='lat' dir='ltr'><strong>pro</strong></span> <span class='ocrx_word' id='word_1_650' title='bbox 2711 4563 2955 4619; x_wconf 87' lang='lat' dir='ltr'><strong>humana</strong></span> <span class='ocrx_word' id='word_1_651' title='bbox 2996 4560 3177 4617; x_wconf 87' lang='lat' dir='ltr'><strong>salute</strong></span> <span class='ocrx_word' id='word_1_652' title='bbox 3220 4573 3545 4633; x_wconf 85' lang='lat' dir='ltr'><strong>perpessus.</strong></span> 
     </span>
    </p>
   </div>
   <div class='ocr_carea' id='block_1_101' title="bbox 1959 4649 3544 4726">
    <p class='ocr_par' dir='ltr' id='par_1_101' title="bbox 1959 4649 3544 4726">
     <span class='ocr_line' id='line_1_101' title="bbox 1959 4649 3544 4726; baseline -0.005 -15"><span class='ocrx_word' id='word_1_653' title='bbox 1959 4653 2019 4711; x_wconf 88' lang='lat' dir='ltr'><strong>Si</strong></span> <span class='ocrx_word' id='word_1_654' title='bbox 2064 4658 2249 4710; x_wconf 58' lang='lat' dir='ltr'><strong>anum</strong></span> <span class='ocrx_word' id='word_1_655' title='bbox 2280 4654 2517 4726; x_wconf 80' lang='lat' dir='ltr'><strong>simplex</strong></span> <span class='ocrx_word' id='word_1_656' title='bbox 2556 4666 2791 4709; x_wconf 84' lang='lat' dir='ltr'><strong>manens</strong></span> <span class='ocrx_word' id='word_1_657' title='bbox 2813 4660 2872 4708; x_wconf 85' lang='lat' dir='ltr'><strong>et</strong></span> <span class='ocrx_word' id='word_1_658' title='bbox 2907 4649 3317 4722; x_wconf 87' lang='lat' dir='ltr'><strong>incompositus</strong></span> <span class='ocrx_word' id='word_1_659' title='bbox 3347 4661 3544 4721; x_wconf 88' lang='lat' dir='ltr'><strong>passus</strong></span> 
     </span>
    </p>
   </div>
   <div class='ocr_carea' id='block_1_102' title="bbox 1959 4738 3543 4817">
    <p class='ocr_par' dir='ltr' id='par_1_102' title="bbox 1959 4738 3543 4817">
     <span class='ocr_line' id='line_1_102' title="bbox 1959 4738 3543 4817; baseline -0.005 -17"><span class='ocrx_word' id='word_1_660' title='bbox 1959 4752 2068 4811; x_wconf 86' lang='lat' dir='ltr'><strong>est,</strong></span> <span class='ocrx_word' id='word_1_661' title='bbox 2106 4744 2222 4817; x_wconf 84' lang='lat' dir='ltr'><strong>jam</strong></span> <span class='ocrx_word' id='word_1_662' title='bbox 2267 4759 2384 4800; x_wconf 92' lang='lat' dir='ltr'><strong>non</strong></span> <span class='ocrx_word' id='word_1_663' title='bbox 2414 4743 2651 4815; x_wconf 87' lang='lat' dir='ltr'><strong>simplex</strong></span> <span class='ocrx_word' id='word_1_664' title='bbox 2689 4742 3059 4814; x_wconf 83' lang='lat' dir='ltr'><strong>incomposita</strong></span> <span class='ocrx_word' id='word_1_665' title='bbox 3096 4749 3297 4799; x_wconf 85' lang='lat' dir='ltr'><strong>natura</strong></span> <span class='ocrx_word' id='word_1_666' title='bbox 3321 4746 3411 4798; x_wconf 90' lang='lat' dir='ltr'><strong>est</strong></span> <span class='ocrx_word' id='word_1_667' title='bbox 3438 4738 3543 4794; x_wconf 86' lang='lat' dir='ltr'><strong>im-</strong></span> 
     </span>
    </p>
   </div>
   <div class='ocr_carea' id='block_1_103' title="bbox 1961 4833 3546 4909">
    <p class='ocr_par' dir='ltr' id='par_1_103' title="bbox 1961 4833 3546 4909">
     <span class='ocr_line' id='line_1_103' title="bbox 1961 4833 3546 4909; baseline -0.005 -16"><span class='ocrx_word' id='word_1_668' title='bbox 1961 4836 2263 4909; x_wconf 83' lang='lat' dir='ltr'><strong>passibilis.</strong></span> <span class='ocrx_word' id='word_1_669' title='bbox 2298 4836 2460 4905; x_wconf 85' lang='lat' dir='ltr'><strong>Quod</strong></span> <span class='ocrx_word' id='word_1_670' title='bbox 2487 4836 2534 4892; x_wconf 89' lang='lat' dir='ltr'><strong>si</strong></span> <span class='ocrx_word' id='word_1_671' title='bbox 2562 4836 2797 4907; x_wconf 80' lang='lat' dir='ltr'><strong>simplex</strong></span> <span class='ocrx_word' id='word_1_672' title='bbox 2838 4842 2897 4891; x_wconf 85' lang='lat' dir='ltr'><strong>et</strong></span> <span class='ocrx_word' id='word_1_673' title='bbox 2928 4833 3301 4906; x_wconf 85' lang='lat' dir='ltr'><strong>incomposita</strong></span> <span class='ocrx_word' id='word_1_674' title='bbox 3348 4838 3546 4888; x_wconf 85' lang='lat' dir='ltr'><strong>natura</strong></span> 
     </span>
    </p>
   </div>
   <div class='ocr_carea' id='block_1_104' title="bbox 1963 4919 3546 4999">
    <p class='ocr_par' dir='ltr' id='par_1_104' title="bbox 1963 4919 3546 4999">
     <span class='ocr_line' id='line_1_104' title="bbox 1963 4919 3546 4999; baseline -0.005 -15"><span class='ocrx_word' id='word_1_675' title='bbox 1963 4926 2328 4998; x_wconf 84' lang='lat' dir='ltr'><strong>impassibilis</strong></span> <span class='ocrx_word' id='word_1_676' title='bbox 2389 4942 2503 4984; x_wconf 91' lang='lat' dir='ltr'><strong>non</strong></span> <span class='ocrx_word' id='word_1_677' title='bbox 2547 4934 2657 4993; x_wconf 87' lang='lat' dir='ltr'><strong>est,</strong></span> <span class='ocrx_word' id='word_1_678' title='bbox 2702 4940 2837 4999; x_wconf 78' lang='lat' dir='ltr'><strong>ergo</strong></span> <span class='ocrx_word' id='word_1_679' title='bbox 2886 4923 3168 4998; x_wconf 84' lang='lat' dir='ltr'><strong>passibilis</strong></span> <span class='ocrx_word' id='word_1_680' title='bbox 3212 4930 3299 4981; x_wconf 88' lang='lat' dir='ltr'><strong>est</strong></span> <span class='ocrx_word' id='word_1_681' title='bbox 3341 4919 3546 4980; x_wconf 87' lang='lat' dir='ltr'><strong>Christi</strong></span> 
     </span>
    </p>
   </div>
   <div class='ocr_carea' id='block_1_105' title="bbox 1964 5012 3547 5088">
    <p class='ocr_par' dir='ltr' id='par_1_105' title="bbox 1964 5012 3547 5088">
     <span class='ocr_line' id='line_1_105' title="bbox 1964 5012 3547 5088; baseline -0.003 -14"><span class='ocrx_word' id='word_1_682' title='bbox 1964 5016 2248 5074; x_wconf 89' lang='lat' dir='ltr'><strong>divinitas.</strong></span> <span class='ocrx_word' id='word_1_683' title='bbox 2285 5016 2343 5074; x_wconf 90' lang='lat' dir='ltr'><strong>Si</strong></span> <span class='ocrx_word' id='word_1_684' title='bbox 2389 5028 2576 5074; x_wconf 90' lang='lat' dir='ltr'><strong>autem</strong></span> <span class='ocrx_word' id='word_1_685' title='bbox 2619 5017 2830 5075; x_wconf 86' lang='lat' dir='ltr'><strong>Christi</strong></span> <span class='ocrx_word' id='word_1_686' title='bbox 2872 5016 3136 5074; x_wconf 83' lang='lat' dir='ltr'><strong>divinitas</strong></span> <span class='ocrx_word' id='word_1_687' title='bbox 3188 5012 3547 5088; x_wconf 75' lang='lat' dir='ltr'><strong>impauibilis</strong></span> 
     </span>
    </p>
   </div>
   <div class='ocr_carea' id='block_1_106' title="bbox 1964 5110 3548 5183">
    <p class='ocr_par' dir='ltr' id='par_1_106' title="bbox 1964 5110 3548 5183">
     <span class='ocr_line' id='line_1_106' title="bbox 1964 5110 3548 5183; baseline -0.003 -18"><span class='ocrx_word' id='word_1_688' title='bbox 1964 5117 2273 5183; x_wconf 86' lang='lat' dir='ltr'><strong>permanet,</strong></span> <span class='ocrx_word' id='word_1_689' title='bbox 2324 5110 2471 5165; x_wconf 79' lang='lat' dir='ltr'><strong>sicut</strong></span> <span class='ocrx_word' id='word_1_690' title='bbox 2511 5118 2571 5166; x_wconf 90' lang='lat' dir='ltr'><strong>et</strong></span> <span class='ocrx_word' id='word_1_691' title='bbox 2613 5122 2813 5167; x_wconf 73' lang='lat' dir='ltr'><strong>verum</strong></span> <span class='ocrx_word' id='word_1_692' title='bbox 2850 5119 2965 5177; x_wconf 87' lang='lat' dir='ltr'><strong>est,</strong></span> <span class='ocrx_word' id='word_1_693' title='bbox 3015 5116 3189 5166; x_wconf 89' lang='lat' dir='ltr'><strong>restat</strong></span> <span class='ocrx_word' id='word_1_694' title='bbox 3228 5114 3295 5163; x_wconf 88' lang='lat' dir='ltr'><strong>ut</strong></span> <span class='ocrx_word' id='word_1_695' title='bbox 3347 5114 3548 5163; x_wconf 82' lang='lat' dir='ltr'><strong>natura</strong></span> 
     </span>
    </p>
   </div>
   <div class='ocr_carea' id='block_1_107' title="bbox 1855 5199 3547 5275">
    <p class='ocr_par' dir='ltr' id='par_1_107' title="bbox 1855 5199 3547 5275">
     <span class='ocr_line' id='line_1_107' title="bbox 1855 5199 3547 5275; baseline -0.005 -13"><span class='ocrx_word' id='word_1_696' title='bbox 1855 5228 1861 5233; x_wconf 61' lang='grc'><strong>’</strong></span> <span class='ocrx_word' id='word_1_697' title='bbox 1948 5202 2203 5275; x_wconf 86' lang='lat' dir='ltr'><strong>simplex</strong></span> <span class='ocrx_word' id='word_1_698' title='bbox 2240 5211 2298 5259; x_wconf 91' lang='lat' dir='ltr'><strong>et</strong></span> <span class='ocrx_word' id='word_1_699' title='bbox 2339 5202 2709 5273; x_wconf 89' lang='lat' dir='ltr'><strong>incomposita</strong></span> <span class='ocrx_word' id='word_1_700' title='bbox 2760 5216 2874 5259; x_wconf 92' lang='lat' dir='ltr'><strong>non</strong></span> <span class='ocrx_word' id='word_1_701' title='bbox 2916 5202 2992 5261; x_wconf 91' lang='lat' dir='ltr'><strong>sit</strong></span> <span class='ocrx_word' id='word_1_702' title='bbox 3039 5199 3342 5275; x_wconf 86' lang='lat' dir='ltr'><strong>passibilis.</strong></span> <span class='ocrx_word' id='word_1_703' title='bbox 3380 5199 3547 5267; x_wconf 85' lang='lat' dir='ltr'><strong>Quia,</strong></span> 
     </span>
    </p>
   </div>
   <div class='ocr_carea' id='block_1_108' title="bbox 351 5279 3548 5368">
    <p class='ocr_par' dir='ltr' id='par_1_108' title="bbox 351 5279 3548 5368">
     <span class='ocr_line' id='line_1_108' title="bbox 351 5279 3548 5368; baseline 0.002 -28"><span class='ocrx_word' id='word_1_704' title='bbox 351 5279 421 5340; x_wconf 79' lang='grc' dir='ltr'><strong>Ν.</strong></span> <span class='ocrx_word' id='word_1_705' title='bbox 458 5280 732 5354; x_wconf 88' lang='lat' dir='ltr'><strong>Spiritum</strong></span> <span class='ocrx_word' id='word_1_706' title='bbox 771 5284 894 5342; x_wconf 87' lang='lat' dir='ltr'><strong>sine</strong></span> <span class='ocrx_word' id='word_1_707' title='bbox 936 5286 1130 5356; x_wconf 89' lang='lat' dir='ltr'><strong>dubio,</strong></span> <span class='ocrx_word' id='word_1_708' title='bbox 1164 5288 1262 5347; x_wconf 87' lang='lat' dir='ltr'><strong>sed</strong></span> <span class='ocrx_word' id='word_1_709' title='bbox 1300 5305 1411 5348; x_wconf 88' lang='lat' dir='ltr'><strong>non</strong></span> <span class='ocrx_word' id='word_1_710' title='bbox 1448 5291 1863 5352; x_wconf 85' lang='lat' dir='ltr'><strong>ineircumscri-</strong></span> <span class='ocrx_word' id='word_1_711' title='bbox 1966 5295 2223 5368; x_wconf 83' lang='lat' dir='ltr'><strong>quamvis</strong></span> <span class='ocrx_word' id='word_1_712' title='bbox 2252 5295 2515 5352; x_wconf 81' lang='lat' dir='ltr'><strong>Christus</strong></span> <span class='ocrx_word' id='word_1_713' title='bbox 2553 5295 2866 5353; x_wconf 87' lang='lat' dir='ltr'><strong>divinitatis</strong></span> <span class='ocrx_word' id='word_1_714' title='bbox 2898 5310 3014 5353; x_wconf 69' lang='lat' dir='ltr'><strong>sua</strong></span> <span class='ocrx_word' id='word_1_715' title='bbox 3050 5292 3467 5366; x_wconf 87' lang='lat' dir='ltr'><strong>simplicitatem</strong></span> <span class='ocrx_word' id='word_1_716' title='bbox 3497 5300 3548 5349; x_wconf 90' lang='lat' dir='ltr'><strong>et</strong></span> 
     </span>
    </p>
   </div>
   <div class='ocr_carea' id='block_1_109' title="bbox 323 5381 459 5432">
    <p class='ocr_par' dir='ltr' id='par_1_109' title="bbox 323 5381 459 5432">
     <span class='ocr_line' id='line_1_109' title="bbox 323 5381 459 5432; baseline 0 -1"><span class='ocrx_word' id='word_1_717' title='bbox 323 5381 459 5432; x_wconf 90' lang='lat' dir='ltr'><strong>tum.</strong></span> 
     </span>
    </p>
   </div>
   <div class='ocr_carea' id='block_1_110' title="bbox 280 5388 1862 5550">
    <p class='ocr_par' dir='ltr' id='par_1_110' title="bbox 280 5388 1862 5550">
     <span class='ocr_line' id='line_1_110' title="bbox 323 5388 459 5432; baseline 0.007 -2"><span class='ocrx_word' id='word_1_718' title='bbox 323 5388 459 5432; x_wconf 87' lang='lat' dir='ltr'><strong>tum.</strong></span> 
     </span>
     <span class='ocr_line' id='line_1_111' title="bbox 280 5388 1862 5550; baseline 0.009 -28"><span class='ocrx_word' id='word_1_719' title='bbox 280 5388 321 5448; x_wconf 56' lang='grc' dir='ltr'><strong>Ρ</strong></span> <span class='ocrx_word' id='word_1_720' title='bbox 349 5465 418 5524; x_wconf 86' lang='lat' dir='ltr'><strong>C.</strong></span> <span class='ocrx_word' id='word_1_721' title='bbox 457 5467 654 5526; x_wconf 82' lang='lat' dir='ltr'><strong>Totam</strong></span> <span class='ocrx_word' id='word_1_722' title='bbox 674 5468 867 5528; x_wconf 85' lang='lat' dir='ltr'><strong>fateris</strong></span> <span class='ocrx_word' id='word_1_723' title='bbox 892 5483 1015 5529; x_wconf 85' lang='lat' dir='ltr'><strong>eam</strong></span> <span class='ocrx_word' id='word_1_724' title='bbox 1040 5472 1300 5533; x_wconf 68' lang='lat' dir='ltr'><strong>diﬁusam</strong></span> <span class='ocrx_word' id='word_1_725' title='bbox 1328 5491 1429 5536; x_wconf 75' lang='lat' dir='ltr'><strong>per</strong></span> <span class='ocrx_word' id='word_1_726' title='bbox 1450 5476 1665 5550; x_wconf 88' lang='lat' dir='ltr'><strong>singula</strong></span> <span class='ocrx_word' id='word_1_727' title='bbox 1688 5492 1862 5537; x_wconf 54' lang='lat' dir='ltr'><strong>mem.</strong></span> 
     </span>
    </p>
   </div>
   <div class='ocr_carea' id='block_1_111' title="bbox 338 5639 1342 5724">
    <p class='ocr_par' dir='ltr' id='par_1_111' title="bbox 338 5639 1342 5724">
     <span class='ocr_line' id='line_1_112' title="bbox 338 5639 1342 5724; baseline 0.002 -17"><span class='ocrx_word' id='word_1_728' title='bbox 338 5639 392 5675; x_wconf 70' lang='grc'><strong>’⁵</strong></span> <span class='ocrx_word' id='word_1_729' title='bbox 424 5650 637 5708; x_wconf 79' lang='lat' dir='ltr'><strong>Coloss.</strong></span> <span class='ocrx_word' id='word_1_730' title='bbox 666 5669 726 5720; x_wconf 81' lang='grc' dir='ltr'><strong>ιι,</strong></span> <span class='ocrx_word' id='word_1_731' title='bbox 761 5654 815 5711; x_wconf 80' lang='grc'><strong>5.</strong></span> <span class='ocrx_word' id='word_1_732' title='bbox 892 5655 936 5688; x_wconf 88' lang='grc'><strong><em>⁸⁸</em></strong></span> <span class='ocrx_word' id='word_1_733' title='bbox 971 5655 1114 5712; x_wconf 81' lang='lat' dir='ltr'><strong>Psal.</strong></span> <span class='ocrx_word' id='word_1_734' title='bbox 1152 5672 1239 5724; x_wconf 77' lang='lat' dir='ltr'><strong>xv,</strong></span> <span class='ocrx_word' id='word_1_735' title='bbox 1288 5656 1342 5711; x_wconf 74' lang='grc'><strong>2.</strong></span> 
     </span>
    </p>
   </div>
   <div class='ocr_carea' id='block_1_112' title="bbox 1966 5383 3544 5462">
    <p class='ocr_par' dir='ltr' id='par_1_112' title="bbox 1966 5383 3544 5462">
     <span class='ocr_line' id='line_1_113' title="bbox 1966 5383 3544 5462; baseline -0.005 -15"><span class='ocrx_word' id='word_1_736' title='bbox 1966 5388 2471 5462; x_wconf 86' lang='lat' dir='ltr'><strong>impassibilitatem</strong></span> <span class='ocrx_word' id='word_1_737' title='bbox 2518 5388 2687 5445; x_wconf 87' lang='lat' dir='ltr'><strong>etiam</strong></span> <span class='ocrx_word' id='word_1_738' title='bbox 2738 5397 2865 5462; x_wconf 88' lang='lat' dir='ltr'><strong>post</strong></span> <span class='ocrx_word' id='word_1_739' title='bbox 2910 5385 3223 5451; x_wconf 84' lang='lat' dir='ltr'><strong>unitionem</strong></span> <span class='ocrx_word' id='word_1_740' title='bbox 3271 5383 3544 5456; x_wconf 84' lang='lat' dir='ltr'><strong>composi-</strong></span> 
     </span>
    </p>
   </div>
   <div class='ocr_carea' id='block_1_113' title="bbox 1969 5471 3551 5550">
    <p class='ocr_par' dir='ltr' id='par_1_113' title="bbox 1969 5471 3551 5550">
     <span class='ocr_line' id='line_1_114' title="bbox 1969 5471 3551 5550; baseline -0.004 -14"><span class='ocrx_word' id='word_1_741' title='bbox 1969 5480 2291 5549; x_wconf 84' lang='lat' dir='ltr'><strong>tionemque</strong></span> <span class='ocrx_word' id='word_1_742' title='bbox 2328 5486 2649 5547; x_wconf 78' lang='lat' dir='ltr'><strong>censervet,</strong></span> <span class='ocrx_word' id='word_1_743' title='bbox 2687 5487 2871 5535; x_wconf 89' lang='lat' dir='ltr'><strong>tamen</strong></span> <span class='ocrx_word' id='word_1_744' title='bbox 2917 5483 3148 5550; x_wconf 82' lang='lat' dir='ltr'><strong>propter</strong></span> <span class='ocrx_word' id='word_1_745' title='bbox 3186 5478 3401 5536; x_wconf 75' lang='lat' dir='ltr'><strong>unitam</strong></span> <span class='ocrx_word' id='word_1_746' title='bbox 3445 5471 3551 5531; x_wconf 78' lang='lat' dir='ltr'><strong>sibi</strong></span> 
     </span>
    </p>
   </div>
  </div>
