3904 6144
374 171 473 247 i3"!

1637 169 1975 255 DiALOGI,
2018 169 2168 241 LIB.
2233 170 2318 240 ῙῙ.

3494 166 3595 234 138

366 305 583 350 carnem
606 288 750 361 iuste
774 287 844 346 ad
876 286 1055 360 ipsam
1093 290 1437 361 compositus
1465 304 1589 347 esse
1615 291 1927 347 credendus
1956 304 1997 358 Α
2027 293 2181 362 plum
2225 288 2361 363 quid
2412 285 2707 360 intelligas,
2766 280 2814 342 si
2864 284 3062 356 placet,
3124 276 3364 339 lucidius
3417 292 3598 339 mani-

359 389 466 440 est.
540 381 908 468 Quapropter,
946 381 1081 437 dum
1155 396 1271 437 non
1330 382 1416 438 vis
1475 391 1603 454 post
1661 384 1918 443 incarna-

360 473 563 529 tionem
610 471 893 527 Christum
941 471 1105 527 fateri
1152 474 1549 544 compositum,
1594 482 1692 529 aut
1719 476 1923 530 divini-

2021 382 2182 438 festa.

2094 473 2164 528 N.
2194 470 2314 528 Mea
2350 469 2700 541 expositione
2738 482 2852 523 non
2884 464 3121 539 indiget,
3150 464 3297 536 quod
3330 465 3400 521 ab
3427 478 3600 521 evans

360 565 489 621 tatis
517 565 634 634 ejus
680 572 935 619 naturam
962 564 1330 633 compositam
1358 571 1413 619 et
1444 565 1762 634 passibilem
1787 579 1922 619 con-
2024 562 2221 633 gelista
2251 568 2472 618 constat
2501 570 2846 630 expressum.
2889 557 3139 628 Denique
3174 566 3298 627 post
3333 556 3481 611 illam
3506 557 3604 611 dea-

356 655 590 710 vinceris
631 654 883 718 credere,
931 661 1029 708 aut
1056 663 1207 710 certe
1233 655 1538 719 Christum,
1562 671 1724 726 quem
1754 657 1922 712 etiam
2026 655 2163 710 bent
2202 669 2398 710 vocem
2439 653 2749 723 expositam
2785 652 3026 708 dicentis
3056 668 3070 705 :
3100 649 3294 706 Soluite
3347 652 3604 723 templum

355 754 478 815 post
515 746 955 801 incarnationem
1008 745 1321 814 simplicem
1366 756 1423 800 et
1471 745 1921 817 incompositum,
2026 750 2143 814 hoc,
2184 756 2235 803 et
2265 750 2323 802 in
2351 748 2528 802 triduo
2556 746 2877 801 resuscitabo
2899 744 3059 812 illud,
3092 758 3219 797 mox
3246 750 3474 798 secutus
3501 742 3603 796 ud-

357 843 416 888 ut
453 843 569 890 erat
601 844 787 899 antea,
818 834 1044 900 asseris,
1076 835 1399 890 nullatenus
1431 849 1653 905 passum
1694 850 1792 906 pro
1822 835 1925 890 hu-

352 940 509 981 mana
555 927 737 981 salute
777 925 1020 980 testeris.

419 1015 483 1070 N.
512 1016 622 1071 Nec
645 1016 893 1070 divinam
919 1023 1173 1070 naturam
1197 1016 1521 1086 passibiiem
1543 1016 1734 1083 credo,
1760 1032 1925 1087 quam

350 1121 561 1160 summe
605 1106 917 1175 simplicem
946 1113 1006 1159 et
1037 1104 1465 1176 incompositam
1505 1108 1653 1173 dico,
1682 1116 1739 1162 et
1761 1106 1926 1161 Chri-

2019 840 2206 912 junxit
2231 856 2244 893 :
2273 837 2383 894 Hoc
2402 846 2582 892 autem
2608 836 2814 890 dicebat
2843 836 2908 889 de
2949 832 3142 905 templo
3175 834 3406 902 corporis
3434 835 3517 888 sui
3536 832 3601 887 ⁸⁸.

2095 930 2159 987 C.
2197 929 2414 1001 Corpus
2452 928 2562 983 hoc
2596 926 2719 992 Dei,
2765 941 2837 980 an
2892 925 3142 982 hominis
3176 938 3300 979 esse
3330 923 3505 979 dicis?

2096 1022 2166 1077 N.
2206 1020 2461 1076 Hominis
2494 1019 2613 1074 sine
2647 1017 2821 1073 dubio
2855 1017 3148 1086 assumpti.

2099 1113 2161 1168 C.
2203 1110 2262 1167 Si
2300 1108 2547 1166 hominis
2585 1106 2856 1176 assumpti
2890 1107 3000 1163 hoc
3032 1122 3233 1178 corpus
3260 1111 3366 1173 est,
3405 1116 3610 1178 corpus

350 1206 493 1250 stum
539 1212 641 1267 pro
677 1197 923 1252 humana
971 1197 1149 1251 salute
1196 1212 1425 1267 passum
1464 1197 1752 1263 conﬁteor.
1799 1198 1928 1268 quia
2029 1219 2161 1275 ergo
2210 1201 2321 1256 hoc
2367 1196 2637 1268 assumpti
2680 1196 2925 1252 hominis
2976 1197 3240 1267 templum
3275 1195 3397 1250 est?

349 1302 461 1344 non
511 1289 684 1344 Deum
720 1298 955 1354 tantum,
987 1288 1083 1343 sed
1115 1295 1173 1343 et
1200 1289 1482 1345 hominem
1505 1304 1634 1345 eum
1666 1303 1927 1361 agnosco.

2100 1293 2328 1353 N..Non
2360 1300 2447 1347 est
2472 1289 2738 1359 templum
2764 1288 3035 1358 assumpti
3067 1287 3333 1354 hominis,
3360 1285 3459 1343 sed
3490 1284 3612 1357 ejus

348 1378 546 1446 Quaero
598 1390 788 1437 autem
816 1388 1006 1437 utrum
1037 1381 1500 1450 compositionem
1521 1382 1665 1436 hanc
1683 1382 1742 1435 in
1766 1382 1932 1435 vulva
2030 1387 2124 1458 qui
2158 1387 2214 1440 in
2245 1385 2366 1454 ipso
2411 1381 2629 1436 habitat
2663 1377 3044 1434 invisibiliter.

350 1470 596 1541 Virginis
613 1471 817 1528 factam
844 1487 1085 1538 asseras,
1110 1487 1179 1526 an
1205 1480 1496 1542 postquam
1517 1472 1734 1544 peperit
1761 1471 1931 1525 illium

350 1576 514 1622 suum
555 1563 1013 1634 primogenitum.

2102 1476 2164 1530 C.
2205 1476 2276 1530 Et
2311 1474 2438 1545 quis
2478 1481 2566 1528 est
2597 1470 2895 1527 invisibilis
2923 1469 3190 1541 templum
3225 1465 3577 1524 inhabitans?

2102 1567 2168 1621 N.
2210 1567 2357 1621 Deus
2385 1564 2575 1635 procul
2604 1561 2799 1618 dubio.

422 1652 486 1708 C.
526 1625 586 1710 In
628 1625 790 1711 vulvb
835 1671 1085 1725 prorsus.
1135 1655 1273 1711 Nam
1307 1652 1587 1724 quomodo
1619 1654 1793 1709 Deum
1829 1668 1929 1708 na»-
1958 1625 2002 1681 Β
2069 1657 2164 1727 ε.
2204 1654 2304 1711 Est
2342 1625 2477 1727 ergo
2512 1669 2735 1724 corpus,
2775 1662 2888 1708 non
2935 1646 3183 1708 hominis
3225 1651 3517 1720 assumpti,
3552 1654 3615 1705 ut

354 1750 481 1798 tura
527 1744 853 1809 crederem,
907 1760 1073 1815 quem
1116 1745 1427 1799 secundum
1473 1744 1932 1813 compositionem
2033 1749 2259 1813 asseris,
2293 1746 2393 1803 sed
2426 1744 2721 1816 Dei,cujus
2759 1753 2818 1800 et
2849 1742 3115 1813 templum
3153 1749 3260 1798 est.

355 1835 514 1889 carni
564 1836 783 1891 unitum
825 1837 1028 1902 fateor,
1074 1836 1121 1893 si
1152 1845 1278 1906 post
1321 1844 1544 1905 partum
1572 1836 1934 1906 compositio-

353 1938 487 1978 nem
523 1934 857 1981 naturarum
892 1927 1249 1984 assererent?
1284 1926 1402 1981 haec
1438 1925 1587 1979 enim
1626 1941 1731 1981 nec
1788 1942 1938 1981 com-

357 2013 588 2081 positio,
631 2030 738 2071 nec
761 2015 941 2076 unitio
976 2015 1251 2080 creditur,
1282 2013 1383 2070 sed
1425 2013 1656 2070 alterius
1686 2014 1742 2069 in
1764 2015 1939 2070 altero

357 2102 660 2161 habitatio.

997 2216 1149 2275 CAP.
1208 2214 1299 2274 iii.

425 2327 493 2382 Ν.
536 2327 787 2384 Docuisti
820 2338 994 2392 certe,
1033 2331 1180 2400 quod
1222 2331 1413 2386 multis
1442 2330 1713 2385 hactenus
1738 2327 1941 2384 verbo-

254 2412 259 2417 ’
350 2426 479 2472 rum
527 2418 856 2490 ambagibus
909 2428 1094 2491 tegere
1140 2422 1440 2488 videbaris,
1484 2420 1941 2491 compositionem

348 2510 681 2567 nullatenus
732 2521 1057 2567 naturarum
1096 2528 1324 2570 servare
1354 2513 1772 2585 proprietatem.

423 2601 487 2657 C.
525 2601 781 2669 Quonam
812 2603 979 2659 modo
1010 2606 1476 2676 compositionem
1521 2602 1687 2662 docui
1716 2616 1943 2663 naturaa-

345 2707 479 2749 rum
510 2708 625 2748 non
666 2709 893 2750 servare
941 2697 1377 2767 praprietatem?

421 2784 493 2839 N.
537 2784 603 2840 In
636 2800 705 2840 eo
727 2785 877 2856 quod
909 2787 1301 2846 inhabitationi
1333 2802 1457 2847 eam
1485 2792 1823 2849 contrariam
1847 2794 1941 2866 ,ἱυά

343 2875 530 2934 dicas.

420 2970 489 3025 C.
533 2971 696 3029 Sicut
732 2989 844 3032 non
884 2971 1178 3030 confundit
1226 2979 1454 3029 naturas
1502 2968 1698 3042 unitio,
1732 2970 1808 3031 ita
1841 2991 1946 3032 nec

346 3046 719 3134 compositio,
743 3064 874 3135 quia
900 3078 1006 3119 nec
1037 3064 1235 3119 animae
1259 3071 1317 3119 et
1347 3063 1531 3120 carnis
1553 3074 1783 3130 natura,
1824 3081 1947 3136 qua:

348 3153 675 3209 secundum
692 3154 1152 3225 compositionem
1175 3155 1345 3210 unita:
1359 3163 1512 3222 sunt,
1530 3155 1947 3212 confunduntur

349 3248 412 3304 in
458 3240 610 3307 sese.
651 3250 899 3307 Alterius
926 3259 1113 3306 autem
1135 3251 1191 3305 in
1223 3250 1400 3306 altero
1429 3251 1760 3315 inliabitatio
1786 3264 1948 3322 pror-

348 3356 459 3397 sus
502 3342 749 3399 duorum
789 3350 896 3397 est.
953 3341 1101 3396 Deus
1146 3348 1331 3394 autem
1364 3346 1422 3394 et
1465 3339 1632 3394 homo
1657 3355 1772 3394 non
1805 3340 1945 3394 alter

352 3432 416 3486 in
472 3433 658 3488 altero
697 3439 805 3496 est,
852 3431 947 3487 sed
985 3430 1133 3485 idem
1160 3430 1330 3494 Deus,
1353 3428 1504 3483 idem
1532 3428 1700 3483 homo
1733 3436 1840 3483 est.

431 3523 508 3579 N.
550 3523 816 3588 Quamvis
842 3521 1149 3577 secundum
1169 3518 1477 3575 unitionem
1512 3534 1661 3574 unus
1690 3518 1950 3587 idemque

356 3613 444 3668 sit
464 3613 622 3666 Deus
636 3612 825 3676 homo,
846 3611 1155 3665 secundum
1187 3618 1416 3665 naturas
1434 3618 1614 3664 tamen
1643 3609 1785 3665 alter
1806 3609 1951 3666 Deus

353 3712 475 3771 est,
503 3703 650 3760 alter
672 3701 861 3758 homo.
892 3701 1028 3756 Nam
1066 3699 1114 3755 si
1146 3700 1264 3770 ipse
1291 3701 1440 3757 Deus
1459 3700 1625 3758 homo
1654 3710 1760 3769 est,
1783 3701 1949 3757 etiam

353 3794 687 3855 secundum
731 3801 982 3860 naturas,
1031 3793 1311 3863 quomodo
1344 3809 1456 3850 non
1489 3793 1631 3852 dicit
1675 3812 1689 3848 :
1739 3793 1949 3851 Solvite

353 3902 481 3953 me,
547 3885 669 3952 sed,
716 3883 918 3942 Solvite
949 3883 1205 3955 templum
1233 3884 1348 3953 hoc,
1378 3894 1433 3940 et
1471 3867 1527 3940 iis
1563 3885 1737 3941 triduo
1779 3885 1948 3940 susci-

352 3979 492 4036 tabo
529 3976 665 4033 illud
706 3975 797 4030 "l

1012 4086 1163 4145 CAP.
1203 4081 1290 4144 IV.

433 4202 504 4260 C.
544 4202 715 4259 Miror
746 4197 1001 4259 te'voces
1045 4200 1411 4272 evangelicas,
1441 4214 1578 4270 quas
1620 4202 1732 4257 tuis
1762 4194 1974 4256 credis

351 4294 774 4351 assertionibus
795 4293 1098 4350 convenire
1118 4293 1389 4348 memoria
1411 4291 1671 4356 retinere.
1698 4307 1794 4348 eas
1813 4307 1945 4350 vero
1977 4276 2021 4331 υ

357 4398 514 4454 quas
539 4386 652 4440 tuis
680 4384 940 4455 partibus
976 4382 1231 4454 agnoscis
1264 4397 1389 4439 esse
1432 4384 1758 4450 contrarias,
1789 4383 1949 4454 quasi

350 4482 658 4545 utinquam
697 4475 946 4531 audieris
986 4473 1293 4546 praeterire.
1340 4474 1426 4531 An
1454 4488 1589 4530 vero
1632 4475 1728 4547 qui
1770 4475 1947 4531 dixit:

356 4561 573 4619 Soluite
615 4565 869 4637 templum
907 4566 1022 4632 hoc,
1052 4579 1165 4621 non
1190 4564 1309 4637 ipse
1339 4570 1469 4636 post
1502 4565 1745 4622 infusum
1768 4581 1798 4621 a
1826 4581 1951 4621 mu-

356 4655 514 4711 liere
558 4669 726 4726 super
755 4666 924 4728 caput
945 4672 1108 4715 suum
1131 4666 1475 4729 unguentum
1501 4657 1709 4715 dixisse
1731 4657 1948 4714 fertur:

358 4742 544 4802 Sinite
579 4762 720 4813 eam,
766 4748 959 4803 bonum
987 4764 1116 4819 aput
1157 4755 1382 4820 operata
1418 4759 1494 4804 est
1545 4751 1604 4804 in
1656 4765 1785 4817 me;
1819 4750 1946 4805 mit-

357 4845 487 4892 tens
520 4854 747 4908 namque
777 4842 886 4894 haec
912 4848 1236 4909 unguentum
1276 4840 1373 4894 hoc
1420 4841 1478 4893 in
1503 4856 1693 4911 corpus
1748 4856 1957 4906 meum,

357 4928 451 4984 ad
467 4928 826 4999 sepeliendum
863 4942 945 4981 me
979 4930 1097 4999 fecit
1118 4930 1207 4983 "’i
1242 4929 1441 4986 Cernis
1472 4946 1583 4987 non
1615 4932 1781 4989 alium
1822 4945 1947 4987 esse

354 5020 675 5089 sepultum,
714 5017 823 5073 nisi
855 5034 982 5073 eum
1016 5021 1176 5091 cujus
1206 5029 1265 5076 et
1295 5022 1559 5092 templum
1582 5023 1702 5078 est?

442 5110 509 5166 N.
552 5106 610 5164 Si
663 5107 759 5163 ille
809 5108 1057 5177 sepultus
1104 5118 1190 5165 est
1230 5112 1389 5183 cujus
1434 5119 1493 5167 et
1535 5114 1799 5183 templum
1838 5118 1946 5179 est,

357 5208 551 5256 restat
577 5208 641 5255 ut
668 5196 940 5267 templum
976 5213 1079 5253 nec
1113 5199 1351 5255 solutum
1386 5203 1480 5267 sit,
1513 5217 1618 5259 nec
1647 5205 1947 5274 sepultum.

442 5288 504 5347 C.
539 5290 818 5359 Quoniam
843 5287 948 5344 sub
976 5290 1203 5344 nomine
1246 5293 1455 5360 templi,
1483 5293 1654 5349 alium
1698 5294 1950 5364 insepul-

362 5390 515 5453 tum,
567 5382 739 5439 alium
778 5379 1058 5450 sepultum
1098 5378 1237 5433 mihi
1263 5379 1468 5436 videris
1503 5397 1774 5449 asserere,
1808 5391 1949 5439 temo

445 5559 492 5594 es
524 5558 686 5616 Joan.
729 5569 791 5619 tt,
829 5553 918 5610 i9.
995 5556 1040 5589 "
1072 5552 1266 5609 Matth.
1297 5568 1440 5621 xxvi,
1471 5558 1558 5624 10,
1591 5556 1680 5616 Β.

697 5668 977 5732 Ρηιιοι.
1008 5669 1128 5733 Gn.
1159 5669 1507 5734 LXXXVI.

2104 1835 2172 1888 N.
2213 1833 2271 1888 Si
2301 1846 2504 1902 corpus
2542 1831 3009 1896 esset'exanime,
3051 1831 3111 1884 in
3157 1840 3268 1900 quo
3313 1830 3614 1886 invisibilis

2037 1924 2186 1978 Deus
2229 1922 2527 1985 habitaret,
2573 1929 2723 1976 esset
2749 1920 2944 1990 utique
2976 1934 3180 1989 corpus
3205 1916 3325 1986 Dei,
3357 1936 3470 1975 non
3510 1920 3614 1973 hoa

2041 2013 2211 2068 minis
2242 2010 2533 2081 assumpti.
2567 2011 2770 2065 Verum
2797 2008 2928 2079 quia
2958 2024 3164 2079 corpus
3186 2009 3486 2064 animatum
3506 2015 3613 2073 est,

2042 2105 2098 2159 in
2131 2120 2243 2175 quo
2274 2103 2490 2158 habitat
2516 2102 2682 2168 Deus,
2712 2108 2801 2157 est
2828 2115 3032 2172 corpus
3066 2115 3179 2156 non
3215 2102 3337 2167 Dei,
3382 2100 3478 2157 sed
3515 2101 3617 2157 ho.

2041 2197 2209 2253 minis
2235 2194 2529 2267 assumpti.

2109 2287 2171 2344 C.
2211 2284 2333 2343 Non
2362 2302 2494 2359 ergo
2521 2294 2744 2357 corpus,
2778 2280 2877 2342 sed
2897 2284 3065 2342 homo
3088 2276 3355 2356 templum
3382 2292 3469 2341 est
3493 2281 3615 2349 Dei,

2042 2380 2169 2450 quia
2190 2379 2246 2434 in
2271 2394 2507 2450 corpore
2529 2378 2772 2432 animato
2786 2375 2959 2448 (quod
2981 2385 3067 2433 est
3090 2378 3211 2433 sine
3234 2376 3406 2435 dubio
3426 2375 3615 2448 homo)

2041 2471 2243 2526 asseris
2276 2469 2531 2525 habitare
2571 2468 2744 2524 Deum
2793 2467 3150 2524 invisibilem.

2111 2562 2178 2617 N.
2211 2562 2354 2616 Num
2400 2559 2501 2615 tibi
2549 2559 2657 2617 hoc
2685 2575 2798 2616 non
2839 2558 3102 2615 videtur!

2112 2653 2176 2709 C.
2197 2653 2387 2709 Absit!
2416 2652 2523 2709 hoc
2542 2652 2693 2708 enim
2717 2652 2947 2708 omnino
2973 2651 3314 2708 contrarium
3341 2654 3428 2707 est
3453 2662 3619 2709 evans

2041 2745 2255 2818 gelistaa
2300 2743 2658 2815 expositioni,
2707 2743 2805 2814 qui
2842 2743 2984 2803 dixit
3024 2761 3039 2797 :
3082 2762 3099 2796 α
3131 2743 3248 2799 Hoc
3280 2751 3465 2798 autem
3503 2754 3618 2798 non

2043 2837 2266 2893 diccbat
2297 2834 2366 2893 de
2398 2836 2604 2907 templo
2634 2834 2879 2891 hominis
2902 2835 3013 2904 sui,
3037 2833 3136 2892 sed
3161 2834 3231 2890 de
3263 2833 3470 2905 templo
3489 2843 3620 2888 eor-

1969 2942 2013 3001 c
2045 2930 2200 3000 poris
2245 2927 2385 2984 sui.»

2114 3021 2181 3075 N.
2216 3018 2288 3077 Ut
2315 3014 2450 3075 mihi
2473 3017 2715 3085 videtur,
2752 3017 2993 3074 animam
3014 3028 3127 3075 non
3155 3018 3338 3074 credis
3359 3009 3622 3074 habuisse

2042 3107 2323 3166 Christum
2350 3109 2374 3163 ?

2113 3200 2178 3257 C.
2220 3200 2420 3257 Procul
2469 3212 2501 3256 a
2541 3209 2631 3258 me
2677 3197 2906 3257 omnino
2938 3200 3012 3256 sit
3049 3201 3155 3257 ista
3180 3198 3477 3255 calumnia.

2114 3291 2180 3347 Ν.
2205 3290 2494 3359 Quomodo
2510 3306 2648 3362 ergo
2667 3291 2826 3367 quasi
2847 3291 3188 3349 contrarium
3214 3291 3450 3361 respuis,
3471 3290 3621 3361 quod

2046 3396 2078 3436 ι
2110 3380 2272 3436 nobis
2303 3381 2453 3436 Deus
2474 3381 2681 3437 dicitur
2708 3380 2968 3436 habitare
2989 3382 3049 3436 in
3068 3382 3314 3449 homine,
3344 3383 3391 3439 si
3418 3398 3623 3455 corpus

2046 3471 2287 3525 animam
2316 3470 2524 3526 habere
2547 3470 2831 3527 Christum
2855 3471 3081 3528 fateris?

2114 3558 2181 3614 (Σ.
2215 3557 2355 3626 Quia
2398 3572 2604 3630 corpus
2649 3573 2763 3615 non
2817 3558 3063 3616 hominis
3108 3560 3399 3631 assumpti,
3457 3570 3518 3616 ut
3564 3566 3623 3615 tu

2046 3651 2272 3719 asseris,
2304 3650 2403 3707 sed
2447 3649 2548 3707 Dei
2581 3649 2887 3717 conﬁteris,
2921 3653 3081 3723 cujus
3122 3653 3465 3709 et-animam
3498 3668 3623 3710 esse

2048 3738 2236 3806 credo,
2278 3748 2337 3795 et
2355 3738 2484 3795 ideo
2518 3753 2631 3795 non
2656 3740 2828 3797 Deum
2863 3741 2919 3796 in
2945 3741 3193 3807 homine,
3230 3742 3325 3801 sed
3355 3740 3528 3799 Deum
3565 3745 3624 3798 in

2048 3844 2283 3903 corpore
2328 3829 2589 3901 praedico.
2627 3829 2886 3902 Alioquin
2928 3833 3070 3890 nihil
3115 3843 3202 3891 est
3233 3831 3384 3892 aliud
3432 3837 3622 3894 dicere

2048 3923 2223 3979 Deum
2256 3924 2315 3982 in
2354 3922 2604 3990 homine,
2637 3924 2745 3980 nisi
2790 3925 3073 3985 hominem
3119 3927 3242 3992 Dei,
3287 3929 3478 3999 sicque
3509 3944 3623 3985 non

2043 4015 2159 4086 jam
2196 4015 2344 4073 Deus
2386 4013 2577 4079 homo.
2619 4015 2716 4073 sed
2747 4017 2914 4073 homo
2957 4018 3056 4073 Dei
3088 4018 3417 4089 intelligitur
3460 4020 3624 4076 Chri-

2047 4114 2188 4171 stus,
2218 4108 2366 4177 quod
2409 4108 2481 4164 de
2509 4108 2768 4163 omnibus
2796 4109 2890 4178 qui
2937 4107 3049 4163 Deo
3084 4107 3322 4164 ﬁdeliter
3351 4110 3620 4176 serviunt,

2050 4197 2160 4253 dici
2206 4206 2411 4271 potest.
3606 4197 3610 4200 ⁴

2703 4281 2854 4354 CAP.
2902 4288 2964 4344 V.

2113 4373 2183 4437 Ν.
2211 4372 2270 4437 Si
2299 4389 2504 4452 corpus
2529 4370 2627 4437 Dei
2652 4388 2757 4446 est,
2782 4397 2896 4439 non
2924 4378 3195 4452 assump'ti
3227 4382 3494 4452 hominis,
3522 4401 3624 4443 cur

2044 4487 2156 4529 non
2196 4472 2408 4529 dictum
2437 4487 2452 4525 :
2480 4470 2596 4527 Nisi
2632 4472 3074 4538 manducaueritis
3103 4484 3330 4530 carnem
3355 4476 3485 4543 Dei;
3524 4480 3620 4534 sed

2050 4575 2267 4616 carnem
2283 4552 2409 4618 Filii
2430 4560 2677 4627 hominis,
2699 4577 2806 4616 non
2832 4558 3085 4621 habebitis
3109 4564 3277 4619 vitam
3304 4566 3362 4620 in
3375 4566 3517 4623 vobis
3540 4561 3624 4622 ⁸θῖ

2118 4650 2182 4709 C.
2221 4651 2486 4721 Quamvis
2510 4666 2643 4721 caro
2687 4651 2763 4709 sit
2806 4651 2933 4713 Filii
2974 4654 3242 4722 hominis,
3273 4656 3393 4727 ipsa
3435 4666 3623 4715 tamen

2052 4761 2181 4802 caro
2202 4747 2330 4803 Filii
2376 4746 2620 4804 hominis
2656 4757 2786 4807 caro
2824 4744 2930 4805 Dei
2953 4756 3059 4806 est.
3101 4748 3237 4805 Nam
3286 4752 3331 4807 si
3363 4732 3623 4808 ειη-οῠεί

2051 4855 2164 4895 non
2206 4848 2313 4908 est,
2350 4840 2631 4912 quomodo
2654 4848 2840 4912 potest
2866 4841 3039 4897 vitam
3070 4834 3330 4900 atomum
3360 4853 3625 4917 praestare

2052 4932 2409 4988 credentibus
2429 4932 2453 4985 i

2120 5022 2189 5079 Ν.
2222 5022 2377 5091 .Quia
2412 5023 2523 5079 hoc
2561 5022 2643 5078 illi
2679 5038 2713 5078 a
2748 5021 2863 5078 Deo
2907 5020 3014 5081 sibi
3064 5023 3226 5082 unito
3266 5035 3355 5086 est
3410 5026 3629 5099 praestie
3720 5054 3723 5061 ι

2050 5119 2251 5171 tutum.
3708 5114 3713 5120 ’

2120 5205 2182 5263 Ο.
2237 5206 2295 5263 Si
2337 5200 2452 5263 Deo
2498 5204 2653 5265 unita
2706 5211 2796 5261 est
2838 5218 2991 5275 caro,
3043 5210 3325 5282 quomodo
3372 5222 3488 5264 non
3542 5212 3630 5260 est

2052 5312 2181 5354 caro
2216 5298 2313 5354 Dei
2333 5298 2357 5351 ἲ
2442 5290 2448 5295 ’

2118 5386 2185 5441 Νι
2224 5385 2363 5453 Quia
2406 5393 2602 5443 contra
2626 5387 2976 5447 manifestam
3004 5388 3292 5459 Evangelii
3320 5393 3514 5442 vocem
3541 5372 3641 5456 inc,

1779 5561 1826 5594 ⁸⁸
1848 5560 2007 5620 Joan.
2041 5578 2102 5630 η,
2136 5562 2228 5618 21.
2305 5561 2351 5597 ⁸³
2375 5558 2536 5619 Joan.
2574 5577 2648 5627 vr,
2684 5560 2776 5618 54.

3268 5662 3317 5737 δ
