3952 6136
309 223 414 289 139

1536 216 1856 279 JOANNIS
1918 217 2293 280 ΜΑΧΕΝΤΙΙ

3455 211 3558 283 110

308 329 622 387 verecunde
655 328 971 394 contendis,
1007 343 1214 399 quaero,
1243 328 1368 398 quis
1393 335 1477 383 est
1506 329 1600 399 qui
1631 329 1793 400 554
1819 328 1887 384 ad
1921 336 1960 388 Α
1989 340 2094 394 est,
2125 329 2422 386 cruciﬁxus
2454 339 2538 384 est
2569 345 2702 402 ergo
2726 338 2780 384 et
2811 330 3049 387 Jacobus
3079 327 3248 383 frater
3276 328 3394 396 Dei,
3428 332 3557 401 quia

310 423 625 493 passionem
673 436 996 492 pr0perans,
1041 421 1180 474 dicit
1223 418 1509 489 discipulis
1549 418 1664 473 suis
1693 437 1706 472 :
1731 420 1877 473 Acci-

310 517 415 584 pite
443 521 490 566 et
521 512 658 566 edite
681 527 744 566 ex
765 513 859 566 hoc
883 526 1082 576 omnes;
1099 511 1194 563 hoc
1207 517 1284 562 est
1305 509 1443 562 enim
1469 525 1655 579 corpus
1681 525 1874 572 meum,

309 604 448 675 quod
463 619 560 676 pro
577 605 715 658 vobis
732 603 1010 674 frangetur
1024 603 1078 656 in
1099 601 1454 654 remissionem
1470 597 1880 670 peccatorum”?

953 731 1106 786 CAP.
1145 731 1235 784 Vl.

381 863 443 920 C.
487 863 586 919 Ille
631 869 716 918 est
765 861 1054 927 nimirum,
1091 863 1184 932 qui
1223 862 1361 918 dixit
1401 881 1413 916 :
1464 862 1574 934 Ego
1615 879 1731 916 sum
1774 864 1882 928 via,

311 957 508 1010 veritas
546 963 594 1008 et
640 955 748 1008 vita
773 955 840 1008 ⁹¹.

382 1047 448 1100 Ν.
469 1045 590 1101 Vita
615 1060 748 1116 ergo
773 1045 1030 1100 manibus
1052 1042 1544 1112 comprehenditur
1567 1041 1884 1110 impiorum,

311 1138 424 1192 vita
467 1135 828 1206 crucifigitur,
863 1145 1148 1204 postremo
1178 1134 1412 1188 moritur
1450 1133 1582 1200 vita,
1609 1142 1664 1186 et
1699 1132 1745 1185 si
1777 1132 1888 1186 vita

313 1237 550 1292 mortua,
573 1227 699 1296 quis
717 1227 884 1278 vitam
903 1225 1140 1278 mortuis
1167 1232 1424 1292 praestare
1442 1221 1750 1276 credendus
1771 1219 1890 1274 est?

381 1315 444 1370 C.
477 1315 531 1370 Si
572 1314 620 1370 is
651 1314 746 1383 qui
779 1313 890 1367 vita
916 1321 1020 1374 est,
1060 1327 1169 1365 non
1193 1319 1278 1365 est
1312 1309 1630 1375 cruciﬁxus,
1654 1319 1712 1363 et
1746 1324 1891 1363 mor-

315 1415 466 1473 tuus,
482 1419 702 1475 sperare
721 1403 888 1457 vitam
905 1401 1105 1455 mortui
1128 1401 1438 1454 nullatenus
1453 1399 1675 1454 debent.
1693 1399 1890 1452 Verum

315 1499 444 1566 quia
483 1494 783 1551 cruciﬁxus
830 1503 936 1556 est,
985 1500 1041 1546 et
1080 1499 1334 1545 mortuus
1402 1490 1448 1544 is
1488 1491 1582 1560 qni
1623 1497 1707 1543 est
1759 1489 1891 1554 vita,

315 1603 428 1641 non
467 1601 575 1650 me,
627 1585 723 1640 sed
757 1585 978 1639 beatum
1009 1582 1226 1636 Petrum
1269 1581 1335 1636 ad
1380 1582 1602 1638 Judaeos
1623 1582 1749 1636 audi
1781 1581 1894 1636 cla-

317 1686 558 1732 mantem
590 1694 603 1730 :
648 1676 882 1739 Petistis,
915 1674 1117 1743 inquit,
1145 1689 1323 1727 verum
1357 1674 1674 1727 homicidam
1703 1673 1893 1726 donari
1925 1663 1965 1723 Β

317 1770 478 1834 vobis,
514 1777 782 1822 auctorem
809 1784 931 1822 vero
977 1767 1100 1820 vitta
1129 1767 1468 1820 interemistis
1499 1767 1566 1818 ".

389 1859 457 1915 N.
491 1857 755 1925 Quamvis
787 1867 981 1911 auctor
1010 1857 1137 1911 vita:
1181 1856 1416 1926 propria:
1449 1856 1594 1910 Deus
1627 1871 1748 1910 esse
1781 1871 1894 1912 cre-

321 1952 502 2015 datur,
536 1961 722 2004 tamen
761 1947 889 2017 quia
932 1955 989 2001 et
1047 1947 1301 2001 homines
1331 1957 1587 2002 auctores
1617 1947 1744 2002 vita:
1769 1961 1894 2016 pos-

322 2057 511 2097 sumus
563 2039 861 2110 appellare,
917 2037 1013 2107 qui
1059 2036 1408 2106 disciplinam
1479 2039 1708 2094 tradunt
1755 2040 1893 2096 bene

322 2135 567 2198 vivendi,
603 2131 953 2186 manifestius
982 2129 1140 2194 doce,
1180 2128 1226 2184 si
1255 2129 1425 2194 vales,
1461 2130 1778 2186 cruciﬁxam
1810 2135 1893 2188 vel

323 2233 596 2280 mortuam
632 2225 822 2278 vitam.
1619 2281 1627 2291 ‘

393 2317 457 2371 C.
531 2315 855 2384 Quanquam
909 2329 1019 2368 non
1078 2313 1332 2368 homines
1387 2314 1480 2384 qui
1541 2313 1894 2383 disciplinam

325 2408 554 2463 tradunt
587 2408 726 2462 bene
771 2405 1019 2471 vivendi,
1053 2405 1150 2460 sed
1183 2405 1328 2459 Deus
1371 2405 1524 2458 solus
1551 2414 1744 2459 auctor
1770 2406 1898 2460 vitae

327 2513 438 2552 non
471 2504 620 2552 recte
670 2493 954 2558 credatur,
990 2502 1173 2549 tamen
1203 2503 1260 2550 et
1287 2495 1333 2550 si
1373 2511 1496 2550 eum
1529 2497 1626 2565 qui
1647 2504 1730 2550 est
1761 2497 1894 2563 vita,

327 2597 607 2644 mortuum
627 2596 680 2642 et
704 2587 1029 2644 cruciﬁxum
1051 2601 1116 2640 ex
1149 2585 1448 2656 Scripturis
1473 2587 1734 2651 docuero,
1770 2604 1896 2642 rur-

329 2697 426 2737 sus
463 2681 532 2736 ad
574 2679 682 2734 alia
718 2687 770 2734 te
815 2685 1168 2742 convertens,
1220 2677 1349 2732 dum
1385 2693 1494 2733 non
1541 2679 1624 2733 vis
1673 2679 1898 2734 credere

330 2773 572 2837 veritati,
595 2768 904 2842 superfluas
927 2769 1261 2840 quaestiones
1289 2782 1512 2840 movere
1535 2783 1646 2824 non
1670 2768 1895 2824 desinis.

959 2904 1108 2962 CAP.
1153 2903 1264 2961 VII.

1979 430 2035 476 et
2076 421 2248 478 frater
2289 422 2508 478 Domini
2557 421 2764 475 dicitur
2801 421 2825 474 ‘I

2048 511 2110 568 C.
2150 513 2268 568 Non
2303 522 2387 566 est
2414 512 2553 566 alter
2585 513 2749 574 Deus,
2785 514 2924 566 alter
2959 511 3243 576 Dominus,
3297 511 3392 566 sed
3439 511 3550 567 Do-

1981 602 2165 658 minus
2207 603 2323 672 ipse
2363 612 2450 656 est
2504 601 2672 666 Deus,
2719 600 2990 670 Propheta
3040 599 3260 653 dicente
3298 615 3312 652 :
3367 597 3564 654 Scitote

1981 695 2122 766 quod
2162 693 2417 748 Dominus
2462 695 2572 764 ipse
2600 703 2676 747 est
2724 693 2865 746 Deus
2907 693 2974 744 “.
3005 691 3076 746 Et
3099 691 3226 746 ideo
3261 700 3411 746 recte
3438 707 3560 746 om-

1983 787 2116 840 nino
2137 787 2284 841 Deus
2309 785 2496 856 glorize
2523 801 2553 838 a
2596 783 2802 839 Judaeis
2829 783 3424 847 creditur-cruciﬁxus,
3456 797 3560 838 nec

1985 887 2070 932 est
2107 877 2408 933 secundum
2453 877 2594 931 hanc
2642 875 2930 944 Propheta:
2973 888 3164 928 vocem
3221 872 3563 929 contrarium

1987 968 2226 1032 veritati,
2295 966 2557 1022 Jacobum
2607 965 2832 1021 fratrem
2878 966 3118 1031 Domini,
3182 965 3409 1020 fratrem
3461 966 3562 1022 Dei

1988 1059 2175 1114 dicere
2207 1058 2512 1113 Secundum
2563 1073 2807 1112 carnem.

2059 1151 2124 1205 N.
2161 1149 2310 1205 Nova
2341 1150 2590 1220 quaedam
2629 1157 2685 1204 et
2732 1141 3096 1203 intolerabilis
3147 1148 3398 1204 doctrina
3447 1149 3566 1204 hinc

1991 1253 2174 1298 vestra
2221 1251 2305 1297 est
2347 1258 2469 1312 qua:
2511 1242 2685 1296 Deum
2731 1240 3048 1311 passibilem
3103 1241 3390 1310 prmdicat,
3437 1253 3565 1294 cum

1993 1339 2061 1392 de
2086 1351 2155 1392 eo
2180 1337 2274 1406 qui
2304 1353 2335 1390 a
2367 1337 2567 1392 Judmis
2598 1344 2684 1390 est
2706 1334 3020 1397 cruciﬁxus,
3051 1334 3249 1388 Petrus
3282 1332 3566 1403 apostolus

1993 1429 2050 1482 in
2082 1429 2309 1482 Actibus
2345 1427 2718 1496 apostolorum
2761 1425 3048 1480 manifeste
3083 1423 3436 1487 testiﬁcetur,
3481 1423 3567 1478 di-

1995 1533 2124 1572 cens
2150 1535 2162 1569 :
2189 1515 2381 1570 Notum
2403 1517 2470 1570 sit
2499 1515 2736 1568 omnibus
2764 1515 2923 1578 vobis,
2957 1521 3008 1567 et
3028 1514 3172 1567 omni
3199 1511 3334 1582 plebi
3362 1508 3558 1573 Israel,

1997 1611 2122 1678 quia
2176 1611 2231 1661 in
2282 1609 2490 1660 nomine
2522 1606 2646 1659 Jesu
2700 1605 2892 1662 Christi
2930 1605 3220 1669 Nazareni,
3269 1620 3424 1675 quem
3474 1619 3566 1656 vos

1993 1699 2344 1768 cruciﬁxistis,
2383 1715 2537 1768 quem
2572 1698 2710 1751 Deus
2743 1699 3017 1750 suscitavit
3051 1713 3084 1750 a
3113 1697 3354 1756 mortuis,
3389 1697 3445 1748 in
3473 1695 3568 1748 hoc

1993 1792 2087 1844 ista
2139 1797 2278 1843 astat
2309 1805 2490 1842 coram
2523 1786 2661 1841 vobis
2686 1803 2847 1839 sanus
2875 1787 2942 1838 ".
2980 1785 3048 1840 Et
3081 1785 3279 1839 iterum
3321 1801 3334 1836 :
3369 1782 3567 1838 Certis-

1991 1883 2140 1942 sime,
2191 1881 2388 1948 inquit,
2427 1881 2558 1932 sciat
2599 1879 2767 1931 omnis
2823 1876 3006 1930 domus
3045 1875 3238 1940 Israel,
3287 1877 3414 1945 quia
3452 1875 3568 1929 lio-

1995 1973 2196 2024 minum
2211 1978 2261 2024 et
2283 1968 2547 2024 Christum
2577 1983 2697 2020 eum
2727 1966 2860 2020 Deus
2895 1967 3012 2035 fecit
3042 1967 3178 2018 hunc
3203 1965 3386 2020 Jesum
3412 1982 3568 2034 quem

1995 2078 2081 2116 vos
2115 2059 2450 2127 cruciﬁxistis
2481 2059 2546 2111 ".
2581 2057 2717 2112 Cum
2745 2073 2876 2127 ergo
2907 2072 2938 2110 a
2980 2057 3092 2110 Deo
3115 2071 3242 2111 eum
3279 2072 3443 2126 quem
3473 2056 3570 2111 Ju-

1995 2151 2096 2206 daei
2133 2152 2525 2206 cruciﬁxerunt
2554 2148 2846 2203 Dominum
2895 2147 3177 2202 Christum
3217 2147 3444 2211 factum,
3483 2154 3565 2202 te-

1994 2251 2172 2297 stetur
2197 2241 2498 2310 apostolus,
2529 2256 2637 2293 non
2679 2239 2736 2293 in
2761 2239 2980 2294 occulto
3018 2247 3105 2294 est
3156 2241 3251 2308 qui
3285 2239 3356 2292 sit
3385 2239 3572 2292 Domi-

1995 2349 2101 2412 nus
2129 2333 2314 2404 gloria:
2361 2330 2778 2400 intelligendus,
2835 2331 2924 2384 vel
2968 2336 3119 2384 certe
3176 2329 3330 2398 quia
3363 2327 3568 2384 Judaais

1996 2423 2306 2478 credendus
2333 2430 2416 2476 est
2460 2420 2756 2475 crucifixus
2785 2436 2800 2486 ;
2825 2434 3002 2489 neque
3056 2417 3205 2474 enim
3243 2419 3299 2472 in
3349 2425 3562 2473 tantum

1997 2513 2200 2568 erroris
2245 2513 2535 2580 abruptum
2585 2509 2752 2564 credo
2799 2523 2898 2564 vos
2927 2509 3244 2574 devenisse,
3277 2515 3340 2563 ut
3370 2508 3568 2562 Filium

1997 2605 2096 2660 Dei
2148 2604 2320 2658 Deum
2368 2618 2398 2656 a
2427 2602 2540 2656 Deo
2590 2599 2792 2655 factum
2823 2600 3118 2654 Dominum
3151 2614 3275 2654 esse
3307 2597 3568 2654 credatis.

1999 2695 2152 2751 Unde
2184 2693 2448 2748 docemur
2487 2708 2586 2763 per
2615 2693 2757 2746 hanc
2797 2691 3030 2761 apostoli
3057 2690 3389 2746 sententiam
3417 2698 3472 2743 et
3499 2689 3568 2742 il-

1998 2785 2104 2839 lam
2139 2800 2167 2838 a
2193 2792 2242 2836 te
2264 2784 2528 2852 prolatam
2557 2782 2836 2852 prophetae
2860 2795 3074 2842 vocem,
3098 2781 3315 2834 Domini
3367 2794 3568 2835 nomen

1997 2887 2372 2955 non'semper
2402 2871 2574 2926 Deum
2609 2869 2944 2940 signiﬁcare,
2981 2869 3075 2924 sed
3107 2867 3406 2938 aliquando
3446 2875 3569 2922 tan-

1925 2984 1968 3044 c
2002 2941 2342 3026 tum'Deum,
2369 2961 2664 3032 aliquando
2697 2961 2977 3017 hominem
3011 2968 3246 3025 tantum,
3271 2958 3568 3028 aliquando

401 3047 470 3102 Ν·
511 3044 567 3102 Si
601 3043 802 3102 nonem
840 3041 1068 3097 credere
1098 3039 1339 3104 ιέτίῑτιῑῖν
1370 3051 1648 3107 [umquam
1687 3051 1750 3091 ea
1779 3051 1900 3106 τιυω
1937 3039 1964 3044 Ῠ
2001 3069 2132 3108 vero
2174 3053 2346 3108 Deum
2380 3059 2436 3106 et
2468 3052 2747 3106 hominem
2776 3067 2789 3104 :
2815 3051 2940 3105 ideo
2973 3065 3082 3104 non
3109 3049 3358 3120 cogimur
3397 3048 3570 3104 Deum

333 3153 420 3194 me
448 3145 689 3200 movent,
723 3135 780 3189 in
807 3133 1047 3188 medium
1077 3128 1423 3186 discutienda
1456 3126 1781 3197 proferrem.
1818 3126 1900 3179 Tu

335 3244 490 3294 vero,
538 3227 668 3282 dum
720 3241 841 3294 non
871 3223 1024 3280 vales
1074 3219 1411 3290 respondere
1453 3217 1708 3289 objectis,
1742 3217 1902 3272 nobis

335 3320 492 3391 quasi
535 3315 812 3388 superﬂua
846 3312 1222 3386 quaerentibus
1267 3309 1521 3364 insultas.

403 3412 468 3480 (ξ.
509 3413 711 3466 Verum
757 3409 866 3463 hoc
908 3404 1135 3460 omnino
1171 3409 1256 3457 est
1301 3401 1446 3471 quod
1489 3413 1757 3475 non_ego,
1807 3397 1902 3453 sed

337 3506 456 3576 ipse
491 3504 560 3558 de
599 3516 709 3572 quo
759 3499 960 3569 agitur,
1000 3495 1111 3550 tuis
1153 3508 1255 3562 pro
1285 3507 1374 3546 me
1424 3491 1711 3562 respondit
1755 3491 1904 3561 obje-

338 3594 636 3656 ctionibus,
688 3600 852 3660 teque
903 3601 1067 3642 suum
1099 3583 1478 3640 adversarium
1508 3593 1706 3637 notans
1727 3581 1906 3651 loqui-

339 3695 450 3749 tur,
485 3683 542 3738 in
593 3676 1019 3736 Deuteronomio
1065 3674 1133 3730 ad
1181 3673 1444 3746 populum
1487 3673 1672 3732 lsrael.
1726 3672 1796 3726 Et
1824 3675 1902 3726 vi-

337 3776 542 3840 debitis,
573 3771 953 3841 inquit,vitam
989 3777 1217 3822 vestram
1247 3765 1556 3835 pendentem
1584 3766 1638 3841 in
1669 3763 1834 3836 tigno,
1856 3771 1904 3817 et

338 3881 445 3919 non
479 3861 699 3916 credetis
731 3859 779 3912 ei
808 3859 877 3911 ”.
1584 3841 1593 3848 ’
1625 3839 1632 3846 ’

407 3953 474 4007 Ν.
515 3951 584 4006 Et
627 3945 909 4019 quomodo
957 3952 1142 4016 petest
1183 3943 1296 3997 vita
1344 3958 1444 4014 per
1475 3958 1533 3998 se
1565 3941 1806 4014 pendere
1847 3941 1905 3998 in

338 4040 524 4112 ligno?
565 4039 710 4094 Deus
737 4050 868 4107 ergo
896 4050 926 4090 a
950 4033 1158 4090 Judaeis
1189 4041 1275 4088 est
1318 4029 1662 4086 cruciﬁxus?

407 4133 470 4189 C.
509 4131 632 4187 Non
662 4128 821 4194 mihi,
863 4126 959 4184 sed
1000 4124 1282 4197 propheta:
1325 4123 1490 4178 crede
1529 4123 1734 4178 dicenti
1785 4141 1800 4176 :
1848 4122 1908 4178 Si

339 4224 499 4294 afﬁgit
517 4223 668 4275 homo
694 4217 884 4282 Deum,
904 4217 1030 4289 quia
1050 4229 1138 4268 vos
1160 4211 1420 4284 conligitis
1451 4228 1532 4266 me
1558 4228 1683 4281 gens
1708 4220 1817 4266 tota
1835 4212 1901 4266 ".

2003 3142 2305 3212 intelligere
2357 3141 2705 3205 crucifixum,
2751 3155 2818 3194 eo
2864 3139 3011 3209 qu'od
3060 3139 3128 3192 ab
3173 3137 3422 3208 apostolo
3464 3137 3572 3192 Do-

2002 3233 2186 3287 minus
2234 3231 2421 3302 gloria:
2449 3231 2656 3285 dicitur
2686 3229 3003 3292 cruciﬁxus,
3040 3242 3146 3282 nec
3180 3227 3310 3297 quia
3333 3227 3572 3282 Iacobus

2002 3321 2173 3377 frater
2205 3321 2420 3378 Domini
2455 3321 2680 3386 dicitur,
2717 3320 2942 3373 fratrem
2971 3331 3102 3372 eum
3136 3315 3418 3371 credimus
3449 3315 3569 3370 Dei.

2631 3454 2784 3511 CAP.
2838 3453 2932 3508 IX.

2073 3593 2135 3648 C.
2169 3594 2245 3648 De
2273 3594 2400 3649 Jesu
2428 3593 2728 3653 Nazarene,
2757 3585 2904 3659 quod
2934 3587 3079 3642 Dens
3101 3587 3191 3651 sit,
3217 3586 3462 3642 arbitror
3485 3599 3573 3640 me

2004 3684 2340 3739 sufﬁcienter
2367 3693 2476 3738 tam
2506 3682 2740 3745 ratione,
2769 3695 2932 3749 quam
2957 3677 3127 3732 etiam
3157 3677 3487 3733 testimoniis
3515 3677 3570 3730 iu

2005 3775 2291 3844 superiore
2318 3789 2573 3829 sermone
2597 3770 2872 3836 docuisse,
2907 3769 3005 3824 sed
3055 3767 3372 3825 infidelibus
3396 3776 3570 3823 totum

2006 3862 2144 3916 nihil
2178 3869 2282 3917 est.
2317 3863 2394 3917 De
2421 3877 2491 3944 ep
2513 3871 2696 3916 autem
2717 3859 2864 3930 quod
2889 3873 3147 3928 magnum
3177 3873 3422 3913 errorem
3451 3872 3572 3914 esse

2001 3953 2238 4025 judicas,
2289 3954 2460 4007 Deum
2507 3951 2710 4006 factum
2744 3951 3037 4005 Dominum
3084 3965 3114 4004 a
3164 3950 3276 4006 Deo
3326 3949 3573 4011 credere,

2007 4045 2137 4114 quia
2165 4044 2376 4100 dictum
2421 4053 2507 4098 est
2545 4059 2572 4097 ιι
2619 4041 2786 4096 Petro
2827 4041 2896 4096 de
2940 4041 3068 4096 Jesu
3113 4041 3398 4106 cruciﬁxo,
3447 4041 3574 4112 quia

2010 4133 2304 4189 Dominum
2349 4148 2474 4188 eum
2527 4141 2586 4188 et
2639 4131 2924 4186 Christum
2975 4132 3122 4186 Deus
3165 4131 3338 4195 fecit,
3388 4144 3576 4198 quaero

2010 4234 2218 4289 utrum,
2243 4237 2368 4278 cum
2401 4231 2548 4278 esset
2588 4222 2768 4286 Jesus,
2815 4229 2872 4276 et
2907 4230 3092 4276 tamen
3139 4235 3253 4273 non
3292 4228 3440 4274 esset
3470 4218 3581 4273 Do-

408 4310 474 4364 Ν.
521 4307 740 4364 Falsum
783 4315 869 4361 est
893 4304 1142 4368 omnino,
1173 4317 1454 4372 nunquam
1491 4301 1598 4356 hoc
1631 4302 1687 4356 in
1734 4302 1909 4358 eccle—
1938 4304 1982 4360 1)
2010 4315 2216 4380 minus,
2261 4313 2438 4368 factus
2474 4321 2560 4368 est
2589 4329 2618 4366 a
2663 4314 2775 4367 Deo
2819 4311 3121 4366 Dominus?
3159 4326 3228 4364 an
3263 4324 3390 4364 cum
3429 4316 3579 4364 esset,

338 4399 579 4457 siasticis
620 4397 782 4453 libris
828 4397 1066 4468 legitur,
1099 4393 1351 4464 quamvis
1403 4393 1668 4464 scriptum
1729 4393 1800 4449 sit
1845 4393 1902 4448 in

335 4487 600 4544 Maiachia
633 4485 900 4555 propheta
931 4501 946 4536 :
971 4481 1031 4537 Si
1051 4481 1361 4552 supplantat
1382 4481 1533 4536 homo
1558 4481 1743 4549 Deum,
1777 4485 1902 4553 quia

333 4577 694 4648 supptantatis
733 4591 814 4630 me
852 4590 940 4628 vos
977 4590 1102 4644 gens
1136 4581 1267 4626 tota.

401 4672 464 4725 (Σ.
498 4670 618 4725 Non
659 4675 746 4722 est
785 4665 1034 4728 dubium,
1066 4664 1138 4718 ita
1181 4670 1243 4716 ut
1290 4672 1346 4716 tu
1383 4663 1544 4729 dicis,
1595 4665 1650 4718 in
1677 4666 1902 4735 antiqua

336 4757 610 4814 contineri
659 4755 926 4818 editione,
975 4755 1032 4808 in
1072 4753 1286 4807 novella
1331 4767 1460 4808 vero
1507 4753 1644 4808 illud
1689 4755 1835 4824 quod
1871 4771 1902 4809 a

335 4851 499 4906 nobis
543 4855 630 4904 est
658 4846 919 4918 positum.
951 4846 1154 4901 Verum
1199 4845 1246 4899 si
1284 4843 1387 4900 tibi
1426 4859 1622 4901 recens
1649 4855 1900 4900 contem-

336 4941 516 4997 nenda
543 4938 762 4993 videtur
779 4937 1039 4992 editionis
1065 4935 1384 5001 auctoritas,
1427 4935 1552 4990 audi
1579 4936 1899 5004 Apostolnm

336 5031 665 5086 clamantem
700 5046 712 5081 :
745 5027 1023 5081 Dominum
1058 5025 1241 5096 gforic
1264 5024 1574 5095 cruciﬁxum
1604 5027 1670 5082 ".

952 5185 1102 5246 CAP.
1148 5183 1285 5238 VIII.

2007 4405 2294 4468 Dominus,
2325 4404 2502 4460 factus
2529 4412 2614 4458 est
2641 4419 2671 4458 a
2699 4403 2814 4457 Deo
2847 4400 3145 4459 Dominus?

2077 4497 2146 4552 Ν.
2186 4495 2496 4562 Quomodo.
2525 4494 2570 4548 si
2596 4501 2742 4548 esset
2779 4491 3112 4557 Dominus,a
3147 4491 3260 4546 Deo
3287 4489 3442 4545 ﬁeret
3470 4489 3577 4544 Do-

1984 4585 2212 4649 'minus,
2239 4599 2362 4639 cum
2393 4581 2485 4636 ﬁat
2511 4598 2672 4638 nemo
2697 4580 2846 4650 quod
2891 4581 3016 4634 est?
3043 4579 3139 4634 sed
3163 4579 3291 4650 quia
3313 4595 3426 4633 non
3455 4586 3574 4634 erat

2008 4676 2294 4740 Dominus,
2327 4673 2452 4728 ideo
2484 4688 2513 4726 a
2544 4673 2656 4726 Deo
2687 4671 2862 4725 factus
2892 4669 3097 4724 dicitur
3127 4670 3413 4725 Dominus.

2077 4764 2139 4821 C.
2186 4765 2318 4818 Erat
2363 4777 2492 4833 ergo
2536 4760 2758 4830 quando
2787 4775 2900 4814 non
2933 4767 3051 4813 erat
3086 4759 3247 4814 Jesus
3273 4759 3576 4815 Dominus?

2075 4856 2142 4911 N.
2185 4855 2306 4910 Non
2357 4862 2477 4908 erat
2520 4860 2816 4920 antequam
2866 4847 3023 4902 ﬁeret
3055 4849 3339 4904 Dominus.

2073 4946 2136 5002 C.
2162 4943 2450 5013 Quomodo
2474 4957 2604 5012 ergo
2632 4939 2819 4994 dixisti
2845 4957 2858 4991 :
2891 4938 2948 4994 Si
2973 4947 3121 4994 esset
3153 4941 3438 5005 Dominus,
3462 4953 3572 4993 non

2002 5038 2160 5093 ﬁeret
2189 5053 2220 5091 a
2251 5037 2366 5091 Deo
2395 5035 2682 5098 Dominus,
2722 5032 2817 5087 sed
2841 5032 2972 5102 quia
3003 5048 3113 5088 non
3137 5039 3256 5086 erat
3289 5029 3571 5093 Dominus,

2001 5133 2130 5188 ideo
2163 5149 2193 5187 a
2237 5131 2351 5186 Deo
2389 5129 2566 5184 factus
2611 5137 2697 5184 est
2729 5127 3038 5183 Dominus?

2071 5225 2138 5280 N.
2174 5221 2332 5289 Quia,
2364 5228 2658 5290 antequam
2690 5226 3034 5281 nasceretur,
3071 5199 3182 5272 non
3200 5225 3323 5272 erat
3351 5215 3444 5286 qui
3475 5215 3575 5271 ﬁe-

405 5323 471 5380 Ν.
491 5321 549 5378 Si
575 5319 842 5376 Dominus
863 5317 1049 5389 gloriae
1069 5315 1385 5382 cruciﬁxus,
1416 5315 1562 5372 Deus
1593 5316 1903 5372 credendus
2003 5327 2089 5377 ret
2110 5315 2397 5379 Dominus,
2425 5325 2528 5367 nec
2569 5319 2927 5384 posteaquam
2959 5315 3122 5364 natus
3153 5314 3257 5370 est,
3285 5304 3465 5360 factus
3486 5313 3574 5360 est

401 5519 450 5552 ’°
488 5517 680 5574 Matth.
706 5533 850 5580 xxvi,
881 5513 970 5570 26.
1043 5517 1088 5549 ⁹¹
1124 5514 1284 5571 Joan.
1323 5514 1408 5576 ﬂ,
1443 5514 1496 5570 6.
1573 5515 1619 5545 ⁸³
1660 5515 1782 5569 Act.
1844 5532 1920 5580 ιιι,
1957 5517 2045 5581 ib,
2083 5516 2163 5571 f5.

337 5588 383 5623 "
420 5589 595 5648 lCor.
631 5602 688 5654 tt.
731 5587 786 5646 8.

2274 5514 2320 5546 ’³
2357 5514 2514 5568 Deut.
2573 5528 2776 5579 xxvm,
2827 5509 2916 5566 66.
3019 5508 3068 5541 "
3105 5505 3338 5564 Malach.
3402 5520 3480 5571 ιιι,
3512 5501 3570 5562 8.

947 5585 994 5617 “
1025 5585 1170 5644 Psal.
1211 5599 1354 5650 xcrx,
1402 5585 1456 5638 5.
1529 5583 1576 5616 "
1600 5583 1718 5639 Act.
1751 5601 1824 5652 ιν,
1863 5587 1944 5641 l0.
2020 5586 2065 5620 ’⁸
2102 5588 2221 5640 Act.
2263 5599 2321 5649 tl,
2370 5583 2458 5638 '56.
