3952 6136
319 257 420 326 illi

1625 255 1957 331 DlALOGI,
1997 257 2143 317 LIB.
2173 254 2255 316 II.

3474 256 3574 324 11?.

317 367 614 433 Dominus,
647 367 744 422 sed
777 368 833 422 in
883 367 1001 437 ipsa
1040 379 1268 437 prorsus
1300 364 1460 420 vulva
1507 365 1757 420 unitione
1787 366 1908 420 Filii
1942 375 1983 430 Α
2082 365 2143 420 C.
2193 364 2544 419 Divinitatem
2605 364 2827 432 quidem
2889 366 3201 434 passiliilem
3261 369 3574 425 nullatenus

317 461 419 517 Dei
446 461 629 515 factus
655 470 742 516 est
771 459 1055 514 Dominus.

387 550 452 608 C.
493 551 650 606 Alter
665 565 802 620 ergo
819 560 902 605 est
931 549 1108 604 Filius
1137 548 1258 614 Dei,
1294 547 1435 603 alter
1457 547 1619 602 Jesus
1649 545 1746 617 qui
1778 545 1903 600 uni-

315 645 472 700 tione
505 643 630 697 Filii
653 643 750 697 Dei
789 642 861 695 sit
897 641 1203 696 Dominus?
1511 699 1516 706 ,

387 735 458 789 Ν.
497 734 650 789 ldem
684 733 802 802 ipse
851 740 960 795 est,
1007 733 1151 786 sicut
1202 731 1458 801 superius
1501 732 1614 801 jam
1657 731 1792 796 dixi,
1819 729 1906 786 di-

315 825 530 897 gnitate
579 833 638 880 et
684 823 1042 898 auctoritate,
1078 838 1190 877 non
1236 834 1420 878 autem
1457 823 1759 878 secundum
1805 838 1904 878 na-

321 922 501 968 utras.

385 1004 451 1061 C.
490 1003 810 1061 Secundum
840 1011 1068 1058 naturas
1104 1018 1236 1073 ergo
1264 1003 1374 1058 duo
1404 1013 1566 1067 sunt,
1603 1001 1698 1056 sed
1726 1001 1903 1073 digni-

318 1106 434 1152 tate
487 1105 546 1151 et
589 1095 839 1166 potentia
883 1110 1028 1149 unus
1077 1103 1161 1148 est
1207 1093 1398 1156 Filius,
1464 1100 1522 1146 et
1553 1092 1649 1162 qui
1698 1106 1765 1146 ex
1813 1092 1902 1146 his

315 1187 555 1243 formam
607 1189 757 1242 servi
786 1187 1065 1256 accepisse
1099 1185 1413 1240 credendus
1445 1184 1579 1239 est?

388 1279 457 1334 N.
499 1280 618 1334 Non
660 1287 792 1333 sunt
835 1279 946 1332 duo
977 1278 1098 1342 lilii,
1132 1287 1194 1331 ut
1225 1285 1282 1330 tu
1313 1277 1578 1344 somnias,
1622 1279 1718 1334 sed
1755 1295 1901 1334 unus

314 1377 404 1424 est
421 1368 593 1423 Filius
617 1369 735 1433 Dei,
767 1383 932 1438 quem
957 1376 1136 1422 tamen
1165 1367 1220 1421 in
1248 1366 1464 1421 duabus
1491 1368 1706 1423 naturis
1731 1370 1899 1424 unitis

316 1459 618 1523 credimus,
651 1460 750 1530 qui
783 1460 972 1524 etiam,
1003 1473 1129 1513 cum
1159 1465 1308 1512 esset
1338 1458 1396 1512 in
1425 1457 1604 1512 forma
1628 1459 1746 1523 Dei,
1785 1459 1899 1514 for-

317 1565 466 1604 mam
514 1550 660 1605 servi
695 1551 912 1618 accepit
955 1550 1024 1603 ”.

389 1640 452 1698 C.
492 1641 724 1710 Accepit
751 1655 882 1710 ergo
921 1639 1096 1695 Filius
1121 1639 1242 1705 Dei,
1276 1655 1402 1695 cum
1438 1648 1586 1696 esset
1611 1641 1759 1695 Deus
1787 1640 1894 1696 Do-

2005 457 2247 526 praedico
2283 475 2296 510 :
2329 457 2500 510 Deum
2532 465 2716 510 autem
2745 471 2906 512 carne
2937 472 3155 526 passum
3182 460 3406 513 omnino
3435 478 3572 516 con-

2007 545 2187 610 ﬁteor,
2215 545 2345 615 quia
2369 547 2553 600 Jesum
2573 545 2853 601 Christum
2882 547 3054 600 Deum
3083 563 3276 602 verum
3311 565 3568 619 agnosco.

2071 634 2138 690 N.
2172 634 2332 688 Nullo
2365 635 2529 689 modo
2581 635 2751 690 Deum
2799 651 3020 704 passum
3067 651 3233 692 carne
3287 639 3568 706 proﬁteor,

2003 725 2151 796 quod
2199 726 2254 780 in
2307 726 2611 795 Scripturis
2637 728 2845 780 sanctis
2878 728 3194 782 nullatenus
3225 730 3442 799 legitur,
3477 733 3573 786 sed

2001 818 2282 874 Christum
2318 833 2538 888 passum
2586 831 2774 883 carne,
2810 833 3050 888 sequens
3083 819 3306 873 Petrum
3354 833 3574 891 aposto-

2002 907 2138 970 lum,
2180 908 2376 962 fateor.

2071 997 2114 1051 C
2158 998 2271 1067 Ego
2293 997 2514 1066 quidem
2541 1006 2842 1068 utrumque
2868 1000 3155 1063 confiteor,
3180 1011 3236 1055 et
3255 1003 3426 1055 Deum
3451 1017 3574 1072 pas-
3646 1003 3656 1011 ’

2001 1104 2122 1144 sum
2159 1105 2348 1152 carne,
2377 1099 2432 1142 et
2460 1089 2739 1144 Christum
2770 1107 2992 1160 passum
3028 1108 3210 1151 carne,
3247 1095 3374 1162 quia
3407 1095 3567 1149 Chri-

2001 1188 2120 1235 stus
2149 1195 2315 1249 super
2353 1181 2538 1234 omnia
2575 1181 2721 1235 Deus
2754 1189 2858 1236 est.
2891 1181 2970 1235 Tu
3003 1191 3185 1236 autem
3215 1183 3338 1236 ideo
3367 1187 3573 1255 refugis

1999 1272 2174 1326 Deum
2225 1287 2446 1340 passum
2483 1287 2648 1324 carne
2692 1271 2900 1337 dicere,
2957 1273 3084 1340 quia
3127 1271 3406 1327 Christum
3461 1293 3571 1330 non

1999 1362 2182 1416 credis
2223 1363 2394 1415 Deum
2451 1377 2594 1415 esse.
2639 1361 2794 1427 Quod
2847 1362 2893 1416 si
2937 1363 3220 1418 Christum
3251 1366 3420 1418 Deum
3451 1380 3572 1422 esse

1998 1469 2110 1507 non
2155 1454 2414 1522 denegas,
2461 1468 2684 1521 passum
2741 1452 3025 1508 Christum
3085 1471 3273 1518 carne,
3337 1457 3443 1512 hoc
3489 1468 3573 1512 est

1998 1545 2223 1599 omnino
2266 1545 2414 1614 quod
2461 1545 2634 1598 Deum
2688 1560 2908 1614 passum
2965 1562 3132 1601 carne
3185 1549 3394 1612 dicere,
3441 1551 3570 1619 quia

1997 1634 2354 1703 Christusqui
2391 1650 2585 1703 passus
2605 1645 2707 1696 est,
2735 1635 2852 1688 sine
2880 1635 3052 1689 dubio
3081 1637 3240 1706 555
3271 1641 3533 1694 Deusest.

321 1729 526 1797 inus,
572 1729 806 1786 formam
839 1730 1009 1796 servi,
1036 1745 1106 1784 an
1137 1730 1245 1785 hoc
1287 1731 1515 1786 credere
1542 1747 1787 1786 errorem
1817 1730 1896 1786 fa-
1925 1699 1966 1754 Β
2065 1725 2132 1779 Ν.
2181 1724 2240 1778 Si
2291 1725 2528 1794 idipsum
2576 1734 2662 1779 est
2693 1725 2866 1779 Deum
2908 1742 3130 1796 passum
3180 1743 3367 1794 carne,
3421 1731 3570 1800 quod

323 1822 460 1879 teris
475 1823 500 1876 ‘i

389 1914 460 1968 N.
493 1913 598 1981 Qui
629 1914 736 1968 hoc
763 1928 876 1968 non
905 1912 1101 1979 credit,
1153 1928 1383 1982 prorsus
1418 1929 1665 1984 paganus
1696 1920 1800 1969 est.

389 2003 451 2058 C.
494 2005 550 2060 Si
570 2019 704 2074 ergo
730 2019 842 2057 non
865 2010 951 2058 est
981 2017 1162 2067 error,
1189 2003 1385 2057 Filium
1420 2003 1517 2057 Dei
1541 2004 1736 2067 Deum,
1771 2019 1895 2058 cum

320 2102 469 2148 esset
499 2093 646 2148 Deus
677 2099 734 2144 et
770 2090 1056 2155 Dominus,
1099 2097 1291 2159 utpote
1335 2090 1563 2159 aequalis
1595 2091 1708 2145 Deo
1747 2090 1896 2145 Patri

320 2183 378 2238 in
416 2182 592 2236 forma
620 2179 790 2244 servi,
831 2178 1039 2233 factum
1083 2178 1314 2233 credere
1351 2193 1594 2244 servum,
1629 2179 1758 2248 quia
1792 2179 1898 2234 hoc

319 2273 486 2328 etiam
529 2271 646 2340 ipse
679 2271 747 2326 de
797 2269 917 2340 ipso
971 2276 1224 2334 testatur,
1270 2267 1462 2324 dicens
1514 2269 1584 2324 ad
1632 2269 1890 2325 Patrem:

319 2361 438 2434 Ego
471 2378 653 2416 servus
697 2369 840 2424 tuus,
890 2368 940 2414 et
985 2358 1129 2428 filius
1175 2358 1388 2414 ancilla:
1419 2367 1524 2413 tua:
1552 2361 1603 2426 ¹;
1649 2375 1760 2414 non
1811 2368 1894 2414 est

321 2453 548 2508 omnino
578 2469 736 2508 error
759 2451 958 2506 Filium
981 2450 1081 2505 Dei
1108 2450 1304 2516 Deum,
1330 2451 1632 2506 secundum
1666 2450 1720 2506 id
1747 2450 1894 2521 quod

321 2541 499 2598 factus
527 2551 614 2598 est
643 2556 860 2603 servus,
895 2539 1125 2596 credere
1171 2555 1203 2594 a
1247 2540 1360 2596 Deo
1392 2541 1575 2606 Patre,
1600 2541 1894 2596 Dominum

317 2632 554 2700 factum;
600 2642 660 2688 et
685 2631 892 2686 idcirco
919 2645 1055 2698 non,
1076 2639 1138 2685 ut
1157 2637 1216 2684 tu
1245 2629 1405 2694 dicis,
1430 2631 1725 2701 aliquando
1749 2633 1896 2688 Deus

320 2731 558 2787 tantum,
606 2721 904 2792 aliquando
942 2721 1108 2776 homo
1141 2729 1375 2788 tantum,
1416 2721 1713 2792 aliquando
1762 2737 1894 2778 vero

317 2813 466 2870 Deus
507 2823 566 2869 et
601 2812 792 2878 homo,
833 2811 929 2868 sed
960 2827 1179 2883 semper
1207 2813 1473 2868 Dominus
1505 2813 1896 2886 intelligendus

317 2915 406 2963 est
431 2905 602 2973 Deus,
633 2913 692 2962 et
717 2905 866 2960 Deus
893 2903 1284 2974 intelligendus
1323 2910 1408 2958 est
1436 2903 1720 2970 Dominus,
1764 2903 1894 2975 quia

1995 1813 2274 1870 Christum
2301 1830 2520 1884 passum
2533 1830 2697 1870 carne
2722 1817 2907 1871 dicere
2937 1835 2948 1870 :
2977 1820 3295 1888 crgo,juxta
3315 1837 3430 1885 vos,
3460 1837 3572 1876 non

1996 1905 2174 1958 solum
2189 1905 2380 1968 Filius,
2404 1920 2594 1958 vertun
2613 1905 2779 1978 etiam
2799 1906 2960 1959 Pater
2973 1906 3247 1974 Christus,
3271 1911 3400 1978 quia
3426 1911 3573 1966 Deus

1995 1997 2188 2066 procul
2221 1996 2392 2052 dubio
2417 1997 2586 2050 etiam
2613 1969 2731 2065 ipse
2763 2005 2870 2051 est.

2064 2088 2127 2141 C.
2155 2087 2276 2142 Non
2308 2096 2395 2141 est
2449 2087 2612 2142 Pater
2652 2087 2908 2143 Christus
2930 2129 2944 2152 ,
2997 2091 3252 2160 quamvis
3283 2091 3356 2147 sit
3394 2093 3565 2169 Deus,

1995 2177 2124 2247 quia
2149 2193 2262 2232 non
2291 2177 2470 2246 ipsum
2500 2185 2582 2232 est
2613 2179 2778 2244 Deus,
2811 2179 2959 2248 quod
2986 2191 3072 2234 est
3093 2180 3371 2236 Christus.
3399 2183 3572 2238 Filius

1994 2278 2180 2325 autem
2214 2270 2341 2325 ideo
2379 2279 2466 2326 est
2507 2269 2786 2336 Christus,
2837 2271 2968 2340 quia
3022 2287 3133 2327 non
3193 2273 3432 2343 idipsum
3463 2284 3567 2337 est,

1995 2361 2093 2418 sed
2134 2362 2262 2430 quia
2308 2361 2424 2430 ipse
2487 2370 2574 2416 est
2614 2361 2763 2416 Deus
2815 2361 3091 2417 Christus.
3142 2362 3252 2417 llac
3297 2365 3365 2418 de
3405 2380 3569 2418 causa

1995 2457 2292 2520 utrumque
2332 2451 2671 2506 conﬁtentur
2709 2449 3016 2517 Catholici,
3045 2461 3104 2507 et
3135 2454 3306 2509 Deum
3347 2469 3568 2524 passum

1993 2557 2183 2609 carne,
2204 2551 2264 2598 et
2283 2541 2563 2600 Christum
2582 2559 2804 2614 passum
2843 2559 3029 2599 carne.

2642 2632 2794 2690 CAP.
2847 2634 2915 2689 Χ.

2063 2725 2130 2780 Ν.
2169 2724 2226 2780 Si
2261 2725 2406 2781 Deus
2439 2732 2527 2781 est
2549 2724 2828 2788 Christus,
2859 2724 2987 2794 quis
3032 2734 3117 2780 est
3157 2727 3253 2796 qui
3293 2726 3432 2782 dicit
3466 2728 3570 2784 Ju-

1995 2817 2168 2873 daeis:
2201 2815 2341 2882 Quid
2371 2834 2452 2872 me
2479 2817 2640 2872 uultis
2663 2819 2898 2871 occidere
2931 2819 3218 2883 hominem,
3251 2821 3342 2890 qui
3368 2825 3568 2876 verita-

1997 2917 2103 2962 tem
2135 2908 2340 2963 locutus
2365 2925 2483 2963 sum
2506 2909 2646 2963 vobis
2678 2909 2742 2962 ’ἲ

319 3013 433 3053 non
467 2997 607 3052 alter
652 3011 685 3052 a
731 2997 847 3052 Deo
877 2995 1058 3051 factus
1095 2995 1363 3050 Dominus
1397 2995 1751 3065 praedicatur,
1785 2995 1892 3052 nisi
1919 3024 1962 3082 ε
2065 2995 2128 3052 C.
2164 2997 2259 3052 Ille
2284 2999 2533 3063 omnino,
2567 2997 2636 3052 de
2665 3013 2779 3068 quo
2809 2999 3078 3070 scriptum
3112 3009 3199 3056 est
3225 3019 3239 3056 :
3266 3001 3404 3068 Quia
3429 3021 3572 3076 qme-
3669 3047 3676 3054 .

321 3088 371 3145 is
401 3089 499 3159 qui
543 3087 776 3143 fortnam
813 3087 961 3142 servi
1001 3086 1305 3156 accipiens,
1331 3085 1508 3142 factus
1547 3093 1632 3141 cst
1677 3101 1891 3153 servus,

321 3196 448 3237 cum
495 3189 644 3236 esset
687 3188 816 3235 ante
864 3179 1064 3234 saecula
1092 3177 1359 3234 Dominus
1399 3176 1694 3247 gloriosus,
1729 3192 1894 3247 quem

318 3271 527 3328 Paulus
571 3287 604 3327 a
656 3270 864 3326 Judazis
906 3268 1170 3341 praedicat
1213 3266 1559 3323 cruciﬁxum.
1609 3267 1751 3322 llinc
1810 3275 1896 3322 est

320 3362 469 3432 quod
500 3361 772 3417 exclamat
815 3359 884 3414 ad
909 3359 1128 3414 Patrem
1158 3376 1172 3412 :
1205 3357 1390 3425 Pater,
1423 3357 1665 3429 gloriﬁca
1701 3357 1895 3414 Filium

321 3461 472 3508 tuum
512 3470 576 3508 ea
623 3451 798 3524 gloria
871 3467 1032 3522 quam
1067 3450 1250 3505 habuit
1303 3447 1446 3520 apud
1496 3455 1544 3502 te
1585 3449 1895 3519 priusquam

322 3545 547 3600 mundus
589 3543 745 3613 ﬁeret
770 3546 810 3597 ⁸.
844 3541 1108 3612 Nunquid
1147 3556 1253 3596 vos
1289 3540 1393 3594 ista
1440 3554 1552 3593 non
1617 3539 1768 3593 illius
1813 3547 1898 3592 est

319 3635 416 3705 qui
447 3634 631 3690 dixit:
671 3633 863 3688 Discite
911 3651 945 3688 a
978 3647 1060 3686 me
1099 3631 1228 3702 quia
1259 3631 1402 3684 mitis
1443 3645 1563 3684 sum
1609 3637 1658 3682 et
1682 3629 1896 3684 humilis

319 3725 476 3781 corde
517 3726 538 3758 ³
565 3725 904 3795 iNunquam
949 3723 1096 3780 enim
1132 3721 1307 3778 Filius
1339 3721 1457 3788 Dei,
1503 3721 1648 3777 Deus
1677 3736 1708 3776 a
1736 3720 1896 3776 Patre

321 3816 436 3872 Deo
453 3814 612 3871 ﬁeret
631 3811 922 3880 Dominus,
938 3813 1069 3879 nisi,
1096 3827 1222 3868 cum
1241 3818 1386 3866 esset
1400 3811 1686 3876 Dominus,
1706 3817 1897 3878 utpote

322 3905 493 3971 Deus,
511 3905 744 3961 formam
779 3904 924 3961 servi
946 3902 1271 3974 accipiendo
1303 3902 1480 3958 iactus
1506 3908 1655 3957 esset
1683 3914 1893 3956 servus.

323 3995 438 4052 Nec
466 4010 526 4050 se
561 3994 860 4067 gloriﬁcari
901 4002 1226 4066 precaretur
1260 4009 1289 4048 a
1322 3993 1504 4057 Patre,
1543 3993 1588 4048 si
1632 4007 1742 4046 non
1771 4005 1897 4046 cum

323 4093 477 4142 esset
507 4087 652 4156 apud
691 4086 932 4152 Patrem,
959 4086 1276 4156 priusquam
1305 4083 1548 4140 mundus
1573 4083 1750 4147 ﬁeret,
1777 4082 1896 4152 glo-

323 4174 532 4241 riosus,
578 4175 936 4245 semetipsum
972 4183 1169 4246 sponte
1217 4190 1317 4245 pro
1351 4182 1540 4229 nostra
1581 4172 1756 4228 salute
1793 4171 1898 4246 hu-_

322 4263 613 4319 miliasset.
636 4263 726 4320 Fit
742 4241 1029 4331 Dominus,
1054 4274 1112 4320 et
1139 4241 1481 4334 gloriﬁcatur
1502 4280 1532 4318 a
1555 4263 1715 4317 Patre
1738 4241 1902 4316 ,ἰθευέ

1996 3087 2181 3141 rebant
2212 3102 2333 3141 eum
2363 3086 2660 3156 interﬁcere
2689 3087 2884 3152 Judwi,
2923 3104 3029 3142 non
3075 3089 3247 3145 solum
3293 3095 3418 3162 quia
3464 3095 3574 3148 soi-

1993 3175 2143 3228 vebat
2165 3172 2476 3241 Sabbatum,
2502 3176 2594 3230 sed
2642 3179 2769 3246 quia
2799 3177 3002 3231 dicebat
3032 3177 3249 3234 Patrem
3276 3197 3430 3235 suum
3461 3198 3571 3237 esse

1993 3263 2467 3335 Deum,a:qualem
2497 3282 2554 3319 se
2576 3265 2776 3334 faciens
2805 3264 2987 3324 Deo".
3014 3267 3277 3339 Nunquid
3304 3272 3573 3342 relinqui-

1997 3364 2091 3412 tur
2113 3358 2273 3413 nohis
2313 3358 2496 3414 adhuc
2519 3359 2666 3414 ullus
2694 3359 3075 3431 ambiguitatis
3114 3364 3430 3433 scrupulus,
3459 3383 3570 3436 quo

1995 3461 2109 3502 non
2163 3448 2421 3502 credatur
2471 3456 2672 3503 natura
2714 3449 2863 3506 Deus
2897 3465 3019 3506 esse
3064 3451 3226 3506 Jesus
3267 3452 3522 3510 Christus
3547 3461 3571 3510 ?

1996 3536 2129 3607 quia
2161 3537 2207 3592 si
2234 3538 2429 3606 gratia,
2457 3544 2515 3590 et
2542 3553 2652 3592 non
2677 3546 2876 3593 natura
2907 3539 3054 3595 Deus
3079 3551 3248 3608 esset,
3283 3558 3569 3614 nunquam

1998 3640 2056 3681 se
2075 3625 2344 3695 aequalem
2377 3625 2584 3681 faceret
2609 3626 2742 3682 Deo.

2066 3716 2132 3770 N.
2169 3714 2402 3770 Fallitur
2456 3731 2588 3786 ergo
2633 3715 2840 3771 Paulus
2885 3717 3122 3774 dicens:
3167 3720 3268 3775 Per
3307 3723 3569 3778 hominem

1998 3825 2161 3886 mors,
2189 3815 2240 3860 et
2273 3824 2366 3877 per
2394 3809 2655 3862 hominem
2684 3811 2999 3864 resurrectio
3035 3819 3362 3867 mortuorum
3391 3815 3454 3868 7?

2066 3899 2128 3956 C.
2165 3899 2233 3954 Et
2280 3898 2561 3969 quomodo
2607 3915 2706 3969 per
2756 3900 3034 3956 hominem
3076 3913 3257 3972 potest
3305 3921 3428 3960 esse
3477 3923 3568 3962 re-

1997 3991 2270 4047 surrectio
2325 3997 2695 4055 mortuorum,
2735 3992 2840 4044 nisi
2901 3993 2972 4046 sit
3019 3996 3134 4063 ipse
3174 3997 3340 4051 homo
3383 4001 3567 4052 resur-

1997 4081 2195 4144 rectio,
2222 4081 2316 4150 qui
2362 4082 2569 4136 clamat
2612 4080 2667 4135 in
2691 4081 2988 4152 Evangelia
3018 4101 3032 4138 :
3068 4085 3180 4156 Ego
3224 4103 3343 4142 sum
3394 4105 3568 4144 resur-

1997 4173 2159 4226 rectio
2183 4180 2232 4224 et
2258 4171 2368 4225 vita
2391 4169 2456 4222 '7
2481 4171 2548 4226 Et
2575 4171 2704 4241 quia
2733 4175 3064 4228 resurrectio
3092 4184 3148 4231 et
3185 4177 3300 4232 vita
3319 4179 3564 4234 omnium

1997 4261 2218 4318 nonnisi
2247 4262 2391 4316 Deus
2410 4268 2516 4325 est,
2568 4263 2760 4330 procul
2789 4263 2961 4318 dubio
2987 4264 3131 4318 idem
3155 4266 3320 4321 homo
3338 4279 3442 4334 est,
3467 4286 3566 4340 per

321 4353 499 4410 Filius
530 4354 629 4410 Dei
667 4355 836 4420 Deus,
870 4370 979 4410 non
1008 4370 1074 4410 ea
1121 4355 1295 4426 gloria
1329 4371 1494 4426 quam
1541 4370 1652 4409 non
1673 4353 1888 4418 habuit,
1925 4346 1966 4402 D
1993 4366 2158 4422 quem
2190 4348 2659 4404 resurrectionem
2691 4365 2812 4405 esse
2852 4353 3150 4421 Apostolus
3179 4355 3459 4422 praedicet.

319 4443 422 4498 sed
449 4459 613 4513 quam
643 4444 840 4500 habuit
864 4445 1010 4516 apud
1033 4445 1272 4511 Patrem,
1300 4445 1620 4515 priusquam
1651 4443 1891 4498 mundus

317 4533 500 4590 ﬁeret.
549 4533 894 4606 Quapropter
937 4534 1300 4591 dubitandum
1344 4535 1569 4590 omnino
1621 4549 1734 4588 non
1781 4541 1888 4601 est,

318 4633 522 4678 natura
565 4617 740 4680 Deum
785 4640 909 4681 esse
957 4625 1191 4682 Jesum:
1229 4639 1393 4696 quem
1431 4624 1574 4680 sicut
1596 4623 1888 4679 Dominum

317 4729 351 4769 s
390 4715 506 4770 Deo
551 4714 781 4781 factum,
815 4716 892 4772 ita
923 4717 1090 4772 etiam
1131 4731 1256 4772 eum
1305 4717 1667 4790 glorificatmn
1711 4731 1742 4771 a
1779 4716 1910 4782 Deo,

315 4801 586 4872 pradicat
607 4803 806 4862 Petrus
831 4807 1134 4877 apostolus,
1163 4806 1354 4863 dicens
1381 4825 1394 4861 :
1429 4806 1570 4862 Deus
1600 4806 1893 4866 Abraham.

315 4903 370 4950 et
390 4894 534 4952 Deus
550 4895 732 4964 Isaae,
754 4907 804 4952 et
822 4899 964 4954 Deus
985 4898 1168 4964 Jacob,
1191 4898 1509 4971 gloriﬁcavit
1525 4897 1722 4954 Filium
1739 4915 1894 4953 suum

312 4984 524 5054 Iesum,
545 5003 701 5058 quem
725 5004 814 5043 uos
837 4989 1047 5060 quidem
1072 4989 1301 5062 negastis
1332 4996 1457 5044 ante
1483 4988 1674 5060 {aciem
1703 4987 1891 5056 Pilati,

303 5077 593 5148 iudicante
632 5077 729 5134 illo
759 5079 956 5150 dimitti
999 5083 1042 5137 ⁵.

371 5155 458 5225 Ν.
508 5169 628 5226 Nisi
669 5169 790 5226 haec
839 5170 1028 5226 omnis
1076 5179 1302 5242 propter
1341 5169 1650 5226 unitionem
1687 5169 1780 5224 Dei
1825 5169 1896 5225 ad

311 5260 604 5318 hominem
655 5259 857 5318 factam
905 5261 1249 5330 credideris,
1297 5262 1654 5326 divinitatem
1706 5261 1898 5332 procul

311 5351 494 5422 dubio
543 5353 865 5422 passibilem
915 5353 1221 5424 pradicare
1263 5355 1628 5412 convinceris.

386 5556 434 5590 ”
472 5557 813 5630 Philipp._n,
853 5559 908 5614 6.
987 5559 1004 5592 ⁸
1044 5560 1187 5630 Psal.
1227 5575 1349 5630 ειν,
1400 5560 1484 5616 16.

387 5573 434 5590 "
472 5573 715 5660 rmnpp.
754 5575 813 5623 ιι,
853 5573 908 5614 6.
987 5573 1004 5592 ι
1045 5573 1187 5616 Psat.
1227 5575 1349 5624 ειν,
1400 5573 1484 5616 to.
1587 5573 1607 5592 '
1645 5573 1694 5617 ι(

321 5641 445 5692 vni,
490 5627 579 5682 ω.
715 5627 872 5684 Joan.
914 5644 970 5694 v,
1018 5629 1103 5684 18.
1181 5631 1200 5661 "
1245 5631 1264 5684 l
1313 5629 1440 5686 Cor.
1479 5647 1564 5697 xv,
1604 5631 1694 5684 2i.

1587 5562 1607 5592 '
1645 5561 1805 5617 Joan.
1854 5575 1984 5624 xvn,
2017 5561 2070 5616 5.

1802 5630 1822 5662 ⁸
1857 5629 2014 5684 Joan.
2067 5645 2140 5696 st,
2191 5628 2280 5684 25.

2064 4442 2132 4498 N.
2163 4441 2393 4511 Ignarus
2440 4455 2574 4511 ergo
2617 4441 2844 4496 omnino
2894 4442 3059 4513 hujus
3104 4447 3431 4500 sacramenti
3469 4448 3565 4501 «le--

1993 4533 2364 4605 prehenditur
2397 4533 2541 4587 idem
2571 4535 2868 4604 Apostolus
2894 4534 3086 4592 dicens
3119 4555 3132 4591 :
3177 4537 3439 4592 Hediatar
3469 4539 3565 4594 Dei

1995 4635 2046 4680 et
2065 4627 2359 4688 hominum,
2385 4627 2541 4680 homo
2568 4625 2720 4679 Jesus
2757 4625 2995 4681 Christus
3030 4626 3091 4679 ’?
3195 4661 3212 4677 .

2067 4715 2131 4773 C.
2165 4717 2323 4772 Sicut
2349 4731 2460 4772 non
2491 4725 2578 4772 est
2604 4717 2830 4787 ignarus
2855 4719 3020 4788 hujus
3054 4719 3385 4775 sacramenti
3415 4721 3564 4790 Apo-

1995 4807 2192 4873 stolus,
2215 4807 2291 4861 ita
2309 4821 2414 4862 nec
2445 4806 2779 4877 sibimetipsi
2819 4810 3165 4872 contrarius,
3196 4810 3386 4866 dicens
3422 4828 3438 4864 :
3467 4811 3562 4866 Se-

1991 4901 2220 4956 cundum
2264 4899 2547 4954 adventum
2595 4901 2776 4970 magni
2825 4899 2922 4955 Dei
2967 4911 3016 4955 et
3055 4900 3348 4958 Saluatoris
3397 4908 3564 4960 nostri

1991 4990 2116 5047 Iesu
2151 4989 2367 5054 Christi,
2398 4992 2488 5061 qui
2511 4991 2653 5044 dedit
2705 4993 3042 5062 semetipsum
3074 5010 3170 5062 pro
3216 4997 3439 5064 peccatis
3470 5012 3562 5048 no-

1993 5085 2119 5138 stris
2157 5083 2220 5136 “.
2268 5081 2408 5139 Cum
2464 5097 2600 5153 ergo
2631 5083 2799 5138 homo
2839 5083 3002 5139 Iesus
3049 5085 3306 5142 Christus
3355 5087 3562 5142 media-

1997 5183 2084 5228 tor
2136 5173 2237 5230 Dei
2291 5180 2352 5229 et
2397 5161 2684 5230 hominum
2719 5189 2955 5244 magnus
2997 5184 3112 5241 est,
3149 5177 3246 5246 qui
3289 5177 3441 5232 dedit
3473 5193 3562 5232 se-

1996 5264 2296 5336 metipsum
2357 5280 2460 5335 pro
2500 5265 2748 5335 peccatis
2775 5267 2986 5322 nostris
3015 5307 3030 5332 ,
3055 5283 3169 5322 non
3211 5277 3298 5323 est
3338 5269 3564 5324 omnino

1999 5355 2364 5424 contrarium,
2388 5355 2487 5411 sed
2514 5371 2688 5411 unum
2718 5356 2978 5428 idemque
3003 5359 3177 5415 Deum
3201 5373 3421 5430 passum
3442 5373 3566 5414 cat--

2179 5560 2200 5592 ³
2239 5560 2432 5616 Matth.
2485 5575 2558 5622 st,
2611 5560 2703 5616 29.
2807 5559 2830 5592 ⁵
2869 5560 2988 5616 Act.
3011 5577 3092 5622 ιιι,
3141 5561 3227 5616 l5.

2383 5631 2403 5662 ’
2441 5629 2634 5685 lTim.
2683 5645 2741 5698 ιι,
2793 5629 2846 5684 5.

3343 5562 3366 5593 ⁸
3401 5559 3558 5621 Joan.

2947 5631 2990 5663 ¹⁰
3027 5629 3135 5686 Tit.
3174 5644 3248 5701 ιι,
3277 5629 3366 5686 ιδ.
3421 5658 3456 5710 5:

3463 5703 3593 5736 ’-η-ις
