4020 6142
367 255 470 320 143
1573 249 1894 314 JOANNIS
1937 250 1954 312 l

2034 250 2314 316 lXENTII
3524 256 3621 321 144

366 383 460 435 ne,
482 375 542 424 et
561 366 845 424 Christum
867 381 1092 440 passum
1113 380 1304 432 carne,
1329 363 1512 420 modis
1533 363 1794 420 omnibus
1811 379 1946 430 con-
1975 367 2020 426 Δ
2049 376 2372 440 portamque
2417 369 2597 425 omnia
2649 367 2802 425 uerbo
2834 364 3046 425 virtutis
3085 384 3217 435 sua,
3255 368 3622 440 purgationem

368 459 535 516 meri.
563 457 720 516 Unde
743 459 916 515 etiam
937 457 1188 516 Ecclesia
1215 457 1337 522 Dei,
1385 455 1554 510 unius
1580 455 1942 526 ejusdemque
2045 469 2378 532 peccatorum
2399 461 2620 532 faciens,
2654 461 2800 516 sedet
2831 460 2902 515 ad
2925 460 3200 516 dexteram
3234 460 3531 531 majestatis
3563 461 3625 516 in

367 549 646 606 mirabilia
681 557 738 605 et
763 550 1056 622 passiones
1075 547 1346 619 agnoscit.
1369 546 1721 618 Quapropter
1749 547 1796 604 si
1816 547 1944 619 quis
2043 549 2282 606 excelsis.
2313 549 2484 605 Tanto
2520 549 2709 605 melior
2747 547 2952 620 angelis
2975 549 3206 620 eﬂ'ectus,
3233 553 3435 618 quanto
3475 547 3625 619 dife-

367 651 667 713 utrumquc
691 657 804 698 non
827 641 1147 705 con-litetur,
1183 647 1282 695 aut
1310 649 1374 694 ut
1397 638 1620 696 Indicus
1649 637 1944 710 fugiendus
2043 644 2246 698 rentius
2272 657 2384 714 prie
2410 641 2518 696 illis
2553 657 2744 696 nomen
2773 640 3102 696 hatreditauit
3139 639 3204 693 ".
3249 638 3394 694 Ecce
3416 636 3628 694 Auctor

365 741 470 800 est,
513 743 610 791 aut
631 733 912 790 cavendus
935 741 1000 786 ut
1023 730 1386 787 Manichacus.
2043 733 2262 800 salutis,
2289 734 2387 804 qui
2431 735 2640 789 multos
2690 733 2838 788 ﬁlios
2893 733 2952 787 in
3003 731 3241 803 gloriam
3279 731 3624 798 adduxerat,

2045 823 2428 894 purgationem
2467 821 2680 878 iaciens
2705 829 3092 892 peccatorum;
3119 835 3242 890 quae
3262 821 3411 874 nulla
3432 820 3628 889 utique

1001 883 1155 941 CAP-
1213 883 1306 938 Χίθ
2044 883 2230 984 potest
2254 912 2374 968 ﬁeri
2407 913 2528 968 sine
2549 883 2840 984 sanguinis
2859 883 3158 966 eilusione:
3192 909 3348 966 Sicut
3367 910 3480 966 allo
3499 883 3626 966 loco

434 999 501 1054 N.
533 995 746 1055 Callida
773 993 1015 1067 quadam
1044 1002 1102 1049 et
1137 991 1506 1049 subtilissima
1555 991 1786 1048 fallendi
1827 999 1945 1048 arte
2047 1005 2193 1062 idem
2235 1005 2400 1060 doce;
2434 1004 2736 1076 Αροειοιιιε
2766 1019 2783 1056 τ
2816 1001 3081 1076 splendor
3105 1001 3293 1074 ριοήω
3341 1009 3392 1057 ει
3443 1001 3624 1074 ﬁgura

366 1091 634 1148 hactenus
660 1088 762 1144 tibi
790 1087 976 1144 aditus
1023 1085 1153 1149 fuit,
1189 1101 1340 1140 nunc
1381 1092 1570 1140 autem
1599 1085 1813 1140 nullum
1843 1083 1947 1138 tibi

2045 1098 2351 1153 substantiis
2382 1097 2476 1151 Dei
2507 1097 2712 1162 Patris,
2746 1103 2966 1167 portans
2995 1095 3177 1150 omnia
3221 1093 3377 1148 uerbo
3417 1093 3625 1148 uirtutis

366 1180 570 1251 poterit
595 1194 721 1235 esse
746 1177 1070 1249 suil‘ugium.
1097 1176 1275 1234 Unius
1301 1177 1662 1248 ejusdemque
1693 1176 1817 1231 Filii
1847 1175 1946 1231 Dei

2045 1204 2174 1243 suae.
2200 1187 2285 1242 Fit
2318 1188 2478 1242 etiam
2525 1188 2636 1259 ipse
2662 1185 2849 1240 melior
2882 1185 3108 1255 angelis,
3147 1193 3195 1238 et
3224 1183 3366 1239 sedet
3391 1185 3462 1238 ad
3501 1183 3627 1236 dea:-

367 1271 695 1342 praadicanti
721 1269 993 1326 mirabilia
1033 1275 1091 1324 et
1116 1268 1403 1338 passiones
1426 1307 1442 1334 ,
1490 1282 1614 1322 cum
1647 1268 1947 1337 Apostolus

2047 1288 2218 1334 teram
2241 1279 2561 1350 majestatis,
2589 1293 2685 1347 per
2709 1291 2864 1348 quem
2902 1276 3047 1347 facta
3083 1273 3280 1332 alecula
3324 1274 3623 1345 praedican-

369 1361 658 1421 manifeste
692 1361 761 1417 ad
791 1361 1070 1426 Hebraeos,
1108 1359 1404 1414 Dominum
1429 1357 1625 1414 Jesum
1657 1357 1948 1414 Christum

2048 1379 2154 1438 tur,
2185 1371 2276 1442 qui
2301 1369 2462 1442 paulo
2487 1370 2660 1424 minus
2689 1384 2852 1440 quam
2877 1367 3054 1437 angeli
3087 1368 3406 1429 minoratus,
3437 1365 3619 1437 gratia

297 1521 309 1532 ο
367 1469 397 1509 a
421 1454 532 1510 Πθο
556 1451 740 1514 Verbo
771 1467 870 1521 ρετ
895 1450 1184 1520 Ρὶὶεείοηθε
1235 1449 1436 1504 dinei“
1481 1458 1945 1515 consummatum,
2047 1461 2149 1517 Dei
2167 1461 2366 1528 Patris,
2399 1463 2533 1516 sicut
2561 1461 2759 1515 dictum
2800 1467 2876 1514 est
2901 1477 2920 1514 :
2951 1458 3056 1513 Pro
3103 1457 3344 1512 omnibus
3393 1457 3628 1528 gustavit

365 1544 589 1600 dicens:
607 1542 832 1599 Decebat
859 1557 983 1600 eum.
993 1550 1208 1612 propter
1229 1557 1388 1612 quem
1399 1544 1599 1608 onutia,
1611 1553 1663 1606 et.
1679 1559 1774 1614 per
1793 1559 1949 1615 quem

2048 1562 2300 1620 mortem;
2338 1553 2402 1607 de
2429 1569 2532 1624 quo
2575 1552 2773 1606 dictum
2803 1559 2882 1606 est
2916 1566 2940 1606 ε·
2979 1549 3208 1622 Propter
3249 1565 3405 1621 quem
3440 1557 3496 1602 et-
3530 1563 3626 1620 per

365 1637 566 1698 omnia,
598 1635 688 1704 qui
717 1632 908 1687 multos
932 1631 1076 1700 ﬁlios
1131 1633 1186 1686 in
1218 1632 1449 1703 gloriam
1481 1633 1801 1704 adduxerat,
1848 1649 1948 1688 au—
1979 1698 2016 1716 “
2049 1661 2204 1716 quem
2247 1643 2447 1707 omnia,
2486 1642 2575 1714 (μισ
2616 1641 2806 1696 malm
2847 1639 2988 1709 βιεο,
3036 1641 3090 1694 in
3129 1639 3358 1712 ριονίωη
3391 1639 3626 1694 adduxe.

365 1737 563 1783 storem
589 1698 779 1782 salutis
809 1698 1014 1793 eorum,
1045 1741 1138 1798 per
1171 1698 1442 1796 passiones
1478 1698 1851 1806 consummare
1874 1725 1939 1778 ¹¹.
1979 1698 2022 1752 Β
2047 1698 2154 1788 έαε,
2183 1733 2305 1789 Non
2352 1698 2446 1788 est
2488 1698 2624 1802 ergo
2679 1698 3154 1794 Deus'Verbum:
3188 1735 3418 1798 propter
3459 1741 3626 1797 quem

365 1819 560 1876 Cernis
595 1835 630 1877 ει
651 1818 765 1874 Deo
794 1817 974 1887 Verbo
1003 1824 1234 1886 propter
1273 1831 1444 1886 quem
1477 1817 1686 1880 omnia,
1737 1823 1795 1870 et
1833 1831 1936 1885 per

2042 1824 2251 1890 omnia,
2283 1831 2343 1879 et
2388 1837 2492 1893 per
2545 1836 2710 1891 quem
2767 1819 2976 1886 omnia,
3033 1819 3143 1874 nisi
3195 1827 3392 1874 auctor
3431 1817 3627 1874 sal-util

365 1925 530 1979 quem
555 1907 761 1979 omnia,
811 1907 912 1979 qui
949 1907 1155 1962 ωιιιιοε
1205 1905 1350 1962 ﬁlios
1397 1907 1453 1961 in
1490 1907 1724 1978 gloriam
1767 1905 1940 1961 addu-
2039 1915 2222 1979 Jesus,
2251 1911 2344 1982 qui
2369 1909 2754 1981 purgationem
2778 1907 2989 1964 iaciens
3007 1915 3390 1976 peccatorum,
3417 1906 3626 1960 multos

367 2010 544 2070 xerat,
569 2009 854 2057 auctorem
882 2000 1076 2056 salutis
1100 2015 1295 2056 eorum
1321 2001 1518 2071 procul
1548 1999 1722 2056 dubio
1753 1999 1942 2056 Jesum
2042 2003 2186 2058 ﬁlios
2231 1999 2464 2056 adduxit
2515 1998 2575 2052 in
2629 1995 2862 2068 gloriam
2902 2010 2935 2049 a
2981 1994 3146 2048 Patre
3179 2008 3282 2063 per
3329 1991 3625 2063 passiones

365 2094 671 2160 Christum,
695 2109 796 2164 per
821 2090 1114 2162 passiones
1148 2091 1632 2148 consummatum?
1653 2091 1942 2159 Quomodo
2043 2103 2494 2160 consummatus,
2546 2095 2697 2150 sicut
2732 2091 2880 2146 idem
2927 2089 3228 2160 Apostolus
3275 2089 3346 2145 de
3379 2104 3450 2144 eo
3481 2089 3560 2144 ait
3600 2102 3616 2141 :

366 2201 496 2256 ergo
521 2184 691 2240 unius
709 2183 1070 2254 ejusdemque
1099 2183 1385 2248 mirabilia
1417 2188 1475 2238 εἰ
1498 2183 1785 2252 passiones
1817 2197 1942 2238 ere-2
2043 2187 2148 2256 Qui
2175 2189 2390 2260 proprio
2414 2185 2551 2242 Filio
2575 2201 2678 2240 non
2702 2185 2951 2256 pepercit,
2967 2183 3061 2238 sed
3082 2199 3180 2254 pro
3214 2181 3360 2237 nobis
3382 2181 3622 2236 omnibus

368 2276 562 2332 dendae
603 2283 757 2344 sunt,
805 2289 936 2330 cum
986 2289 1088 2344 per
1125 2274 1419 2345 passiones
1462 2275 1604 2328 alter
1649 2273 1720 2328 ab
1765 2273 1944 2330 altero
2048 2280 2274 2335 tradidit
2303 2278 2458 2334 illum
2489 2277 2554 2332 “.

251 2371 256 2376 ’
306 2359 314 2370 ’
367 2363 822 2421 consummet”?
2107 2371 2176 2427 N.
2210 2370 2364 2426 Nihil
2382 2368 2610 2425 omnino
2630 2365 2742 2437 agit
2771 2363 3008 2422 intentio
3041 2371 3154 2429 tua,
3185 2363 3297 2418 nisi
3333 2368 3420 2428 ut,
3447 2375 3624 2432 quan-

435 2455 500 2512 C-
525 2455 779 2526 Magnum
809 2454 952 2510 mihi
978 2455 1208 2513 omnino
1236 2454 1444 2510 dedisti
1466 2455 1792 2526 suffugium.
1821 2469 1942 2510 ma.
2039 2471 2154 2518 tum
2179 2462 2236 2516 in
2263 2476 2325 2517 se
2351 2467 2456 2527 est,
2500 2459 2671 2514 Deum
2707 2455 3107 2526 impassibilem
3133 2462 3194 2510 et
3229 2452 3620 2519 immortalem,

367 2562 585 2618 gnaque
611 2545 746 2600 mihi
775 2545 1038 2616 adaperta
1081 2555 1168 2601 est
1191 2547 1379 2616 janua,
1416 2547 1472 2600 in
1520 2562 1631 2616 qua
1654 2585 1670 2611 ,
1720 2545 1818 2602 illo
1853 2561 1944 2602 me
2039 2569 2258 2626 passum
2293 2560 2350 2608 et
2375 2559 2653 2606 mortuum
2679 2548 2896 2604 doceat.

367 2637 949 2742 αυεεηιίῖέπῑβτθεξυεν
979 2636 1272 2742 q“faxit:
1301 2635 1568 2742 PM“
1615 2639 1810 2742 rem
1871 2640 1939 2742 “:
2664 2683 2818 2742 an.
2863 2681 2962 2738 xu

368 2747 480 2786 non
523 2727 760 2795 callidis,
790 2735 854 2782 ut
890 2727 1114 2790 asseris.
1147 2727 1214 2782 ad
1246 2727 1544 2783 fallendum
1569 2728 1808 2796 artibus,
1841 2728 1938 2784 sed
2665 2719 2782 2742 “‘“
2803 2723 2818 2741 °
2867 2719 2984 2754 “"-°

368 2821 673 2878 verissimis
692 2820 882 2892 potius
909 2819 1260 2874 documentis
1280 2828 1432 2875 tuam
1453 2819 1782 2890 imperitiam
1819 2835 1943 2890 per-
2110 2821 2174 2880 C.
2207 2821 2350 2890 Quia
2393 2835 2566 2892 negas
2600 2821 2774 2875 Deum
2815 2833 2946 2874 eum
2991 2815 3088 2887 qui
3123 2831 3226 2887 pro
3259 2816 3502 2873 humana
3532 2828 3624 2872 ca-

370 2914 668 2983 tidiamque
692 2909 1040 2982 redarguam.
1066 2910 1206 2966 Nam
1243 2911 1376 2966 dum
1412 2911 1664 2981 Apostoli
1717 2920 1942 2966 senten-
2040 2915 2156 2971 lute
2209 2923 2296 2970 est
2347 2911 2669 2979 cruciﬁxus,
2709 2923 2933 2982 quaero,
2983 2922 3150 2979 quem
3181 2909 3386 2964 asseris
3429 2907 3619 2964 incar-

369 3005 501 3060 tiam
545 3015 652 3060 non
705 3000 992 3072 intelligis,
1043 3000 1281 3062 alterum
1313 3001 1656 3071 passibilem,
1701 3001 1937 3058 alterum
1966 3023 2013 3081 ο
2041 3006 2274 3062 natum?

371 3093 766 3166 impassibilem
815 3091 914 3147 Dei
964 3091 1164 3152 Filium
1215 3092 1519 3163 prmdicare
1564 3094 1937 3150 convinceris.
2113 3097 2181 3153 Ν.
2205 3094 2451 3152 Verbum
2502 3091 2700 3164 procul
2729 3089 2929 3156 dubio,
2967 3089 3116 3146 sicut
3143 3089 3484 3161 evangelista
3529 3099 3619 3145 te-

369 3187 482 3242 Nec
509 3185 682 3251 enim,
725 3193 790 3240 ut
819 3183 1074 3254 imperite
1099 3183 1324 3249 asserit}.
1368 3184 1513 3240 Deus
1551 3184 1794 3242 Verbum
1834 3191 1962 3239 ειιι-’
2037 3198 2216 3247 statur
2249 3188 2443 3244 dicens
2471 3203 2488 3240 :
2516 3185 2588 3240 Et
2614 3183 2840 3240 Verbum
2862 3197 2990 3238 caro
3022 3181 3226 3252 laetum
3261 3188 3360 3248 est,
3387 3191 3437 3236 et
3469 3179 3621 3237 habi-

369 3285 583 3332 rtorem
632 3274 826 3340 salutis
851 3283 1058 3330 nostra:
1103 3282 1452 3330 consummat
1498 3290 1602 3346 per
1630 3275 1940 3344 passiones,
2045 3282 2178 3336 tavit
2203 3281 2260 3335 in
2295 3277 2442 3332 nobis
2471 3275 2538 3329 ".

368 3368 465 3424 sed
485 3367 632 3424 Deus
651 3367 813 3434 Pater
837 3367 1016 3422 Deum
1041 3365 1242 3422 Filium
1266 3367 1457 3422 Jesum
1489 3365 1944 3438 Christum,pro-
2108 3371 2171 3428 C.
2216 3369 2366 3426 Deus
2424 3365 2668 3422 Verbum
2725 3364 2820 3435 qui
2860 3363 3184 3418 incarnatus
3235 3366 3341 3427 est,
3385 3357 3508 3430 ipse
3557 3365 3620 3414 et

369 3471 490 3530 pter
517 3475 684 3532 quem
727 3459 936 3526 omnia,
977 3469 1037 3516 et
1060 3473 1160 3530 per
1189 3475 1354 3530 quem
1401 3461 1609 3526 omnia,
1653 3469 1940 3515 auctorem
2041 3478 2239 3535 passus
2260 3469 2368 3526 est,
2393 3473 2468 3514 an
2489 3457 2634 3512 alius
2664 3454 3006 3519 incarnatus,
3043 3449 3190 3506 alius
3225 3463 3362 3506 vero
3411 3463 3616 3520 passus

371 3553 614 3617 ﬁliorum
643 3559 992 3610 consummat
1017 3565 1118 3621 per
1144 3551 1450 3621 passiones.
1504 3550 1641 3618 Quis
1669 3549 1818 3606 enim
1852 3549 1947 3606 hic
2040 3552 2166 3608 est?

368 3651 652 3699 auctorem
686 3643 888 3698 salutis
935 3643 1176 3698 ﬁliorum
1217 3657 1318 3714 per
1369 3643 1657 3713 passiones
1685 3657 1942 3699 consum-
2108 3643 2178 3698 N.
2222 3641 2550 3698 incarnatus
2581 3636 2807 3711 quidem
2857 3635 3005 3693 Deus
3041 3649 3158 3692 non
3195 3642 3304 3701 est,
3347 3629 3448 3690 sed
3487 3644 3628 3688 caro.

370 3742 577 3788 rnatum
617 3734 788 3792 alium
829 3733 1176 3804 permittitur
1242 3733 1592 3805 intelligere,
1643 3733 1754 3788 nisi
1810 3749 1940 3788 eum
2039 3733 2158 3788 Dei.
2933 3733 2936 3736 ’

367 3827 461 3895 qui
513 3825 717 3880 multos
757 3823 905 3879 ﬁlios
961 3825 1018 3878 in
1067 3825 1298 3896 gloriam
1329 3812 1662 3891 adduxerat,
1715 3831 1943 3896 prepter
2109 3825 2172 3881 C.
2204 3823 2452 3896 Magnam
2490 3822 2656 3879 nobis
2686 3836 2842 3893 spem
2884 3819 2955 3877 de
2992 3821 3177 3892 teipse
3222 3815 3446 3874 dedisti.
3477 3813 3616 3872 Nam

368 3929 534 3984 quem
554 3914 738 3970 omnia
750 3923 808 3970 et
829 3930 928 3986 per
945 3928 1110 3986 quem
1130 3914 1360 3969 omnia?
1378 3913 1516 3970 Nam
1538 3930 1670 3970 cum
1683 3916 1940 3987 superius
2040 3917 2135 3988 qui
2163 3917 2433 3972 hactenus
2461 3929 2685 3972 carnem
2717 3928 2828 3968 non
2863 3911 2988 3980 Dei,
3005 3911 3104 3966 sed
3127 3909 3400 3980 assumpti
3435 3907 3618 3963 homi-

367 4007 598 4062 dixisset
625 4023 640 4061 :
669 4004 810 4061 Eum
835 4007 930 4077 qui
956 4005 1218 4060 modicum
1239 4021 1402 4078 quam
1432 4007 1610 4078 angeli
1639 4009 1940 4063 minoratus
2045 4011 2135 4066 nis
2157 4007 2470 4074 asserebas,
2499 4020 2652 4062 nunc
2689 4005 2788 4061 Dei
2819 4019 2942 4060 eam
2975 4005 3266 4060 confessus
3294 4017 3392 4068 es;
3419 4015 3616 4057 verum

369 4108 468 4165 est,
499 4097 737 4154 ridemus
769 4097 954 4155 Iesum
981 4107 1202 4170 propter
1233 4099 1532 4170 passionem
1560 4101 1744 4154 mortis
1759 4099 1932 4170 gloria
2041 4104 2170 4173 quia
2203 4115 2400 4172 parum
2423 4099 2604 4170 liquet
2635 4095 2786 4168 quod
2829 4096 3043 4152 dictum
3077 4101 3186 4160 est,
3211 4094 3333 4150 Non
3359 4099 3445 4149 est
3468 4091 3618 4148 Deus

368 4197 419 4243 et
440 4190 638 4244 honore
667 4195 1000 4255 coronatum,
1027 4194 1089 4242 ut
1105 4185 1288 4259 gratia
1310 4187 1408 4244 Dei
1433 4205 1529 4261 pro
1555 4189 1795 4244 omnibus
1843 4206 1944 4262 gu-
2042 4205 2260 4262 passus,
2291 4187 2390 4245 sed
2420 4202 2550 4244 caro
2583 4186 2705 4253 Dei,
2730 4185 2777 4242 si
2801 4186 3002 4256 placet,
3035 4183 3144 4239 hoc
3165 4183 3414 4238 edissere
3441 4180 3613 4235 mani-

367 4287 536 4334 staret
563 4287 786 4334 mortem
807 4279 874 4342 ⁸⁸,
895 4286 1122 4334 acutus
1141 4291 1267 4333 mox
1295 4277 1504 4344 intulit,
1519 4278 1752 4334 dicens:
1780 4277 1942 4334 Dece-
2041 4280 2258 4338 iestius.
2305 4277 2484 4334 Nimis
2507 4277 2658 4333 enim
2687 4273 3001 4332 absurdum
3031 4287 3154 4329 esse
3199 4270 3424 4328 videtur
3466 4267 3616 4339 quod

367 4371 457 4424 bat
488 4370 650 4434 enim,
677 4368 890 4426 scilicet
921 4369 1094 4424 Deum
1127 4367 1366 4435 Patrem,
1391 4383 1510 4424 eum
1535 4377 1748 4442 propter
1779 4383 1933 4448 quem
1965 4355 2010 4414 ἰ)
2037 4365 2244 4422 dicitur
2270 4383 2286 4421 :
2317 4365 2364 4422 si
2383 4366 2534 4421 enim
2557 4377 2688 4420 caro
2707 4363 2805 4419 Dei
2839 4375 3002 4434 passa
3023 4367 3132 4424 est,
3154 4355 3444 4434 quomodo
3468 4355 3616 4412 Deus

367 4457 547 4512 omnia
577 4463 627 4511 et
655 4470 749 4528 per
775 4471 932 4528 quem
966 4457 1170 4524 omnia,
1209 4471 1483 4514 auctorem
1519 4457 1712 4514 salutis
1751 4475 1934 4514 eorum
2041 4472 2210 4514 carne
2240 4471 2436 4528 passus
2465 4471 2578 4512 non
2619 4455 2746 4511 est?
2793 4461 2852 4510 et
2886 4452 2938 4508 si
2965 4452 3115 4507 Deus
3155 4461 3353 4521 passus
3388 4462 3507 4504 non
3527 4455 3616 4502 est

367 4547 623 4604 videlicet
655 4564 784 4620 quos
819 4549 878 4612 in
925 4548 1153 4619 gloriam
1183 4549 1482 4606 adduxerat
1527 4551 1762 4620 ﬁliorum
1817 4551 1936 4623 (qui
2041 4563 2228 4614 carne,
2264 4547 2544 4618 quomodo
2571 4561 2702 4604 caro
2720 4545 2821 4602 Dei
2837 4552 2924 4600 est
2939 4542 3143 4614 passa?
3177 4541 3286 4598 nisi
3315 4539 3462 4618 fonte
3495 4552 3614 4594 car-

367 4640 558 4705 etiam,
591 4655 716 4694 cum
745 4647 896 4695 esset
920 4639 1150 4710 aequalis
1185 4640 1322 4706 Deo,
1360 4642 1524 4712 paulo
1552 4643 1735 4699 minus
1768 4659 1933 4714 quam
2039 4654 2168 4694 nem
2199 4640 2513 4694 exanimem
2553 4647 2611 4695 et
2649 4637 2931 4694 desertam
2965 4652 2996 4692 a
3025 4635 3160 4711 Deo,
3219 4631 3403 4690 Judaei
3435 4628 3615 4686 cruci-
3675 4633 3677 4636 ‘

367 4728 547 4797 angeli
586 4725 936 4800 minoratus),
972 4729 1151 4799 gratia
1204 4727 1301 4784 Dei
1325 4729 1506 4786 Patris
1559 4748 1656 4785 oro
1696 4719 1934 4786 omnibus
2041 4729 2225 4786 ﬁxisse
2248 4729 2510 4786 credendi
2539 4738 2690 4786 sunt.
2707 4727 2866 4795 Quod
2889 4727 3020 4798 quia
3045 4725 3214 4781 nimis
3243 4723 3476 4802 stultum
3501 4731 3609 4788 est,

366 4820 596 4889 gustavit
626 4827 868 4885 mortem,
899 4834 993 4888 per
1025 4820 1290 4890 passiones
1321 4835 1690 4876 consummare
1729 4823 1794 4876 “.
1825 4820 1934 4876 Sed
2039 4833 2262 4876 carnem
2293 4819 2414 4876 sine
2463 4819 2648 4876 anima
2693 4835 2725 4874 a
2747 4817 2954 4876 intimis
2999 4817 3232 4875 credere
3263 4814 3610 4889 cruciﬂxam,

367 4907 716 4964 manifestius
741 4909 924 4965 hocet
943 4908 1184 4964 lucidius
1213 4909 1270 4964 in
1301 4909 1478 4980 ipsius
1502 4910 1764 4981 Epistolas
1783 4913 1936 4981 prin-
2037 4918 2212 4964 restat
2245 4915 2308 4962 ut
2325 4923 2458 4963 caro
2487 4909 2732 4964 animata
2761 4907 2859 4963 Dei
2885 4923 2917 4962 a
2943 4905 3149 4982 Iudicis
3187 4905 3455 4962 cruciﬂxa
3483 4917 3610 4958 cre-

366 4998 514 5068 cipio
545 4999 912 5069 perdocemur
941 5016 956 5054 :
995 4999 1322 5071 Hultifarie,
1379 5001 1599 5071 inquit,
1654 5012 1720 5056 ει·
1755 4991 1936 5058 multis
2037 4999 2221 5065 datur,
2252 4999 2407 5068 quod
2427 5008 2512 5054 est
2533 4999 2727 5069 procul
2749 4998 2922 5054 dubio
2949 4999 3142 5054 homo.
3179 4995 3610 5076 Gui'assertioni

366 5089 495 5143 olim
528 5090 664 5144 Deus
698 5089 914 5160 loquens
945 5090 1195 5161 patribus
1227 5091 1284 5146 επ
1336 5091 1622 5164 prophetis,
1655 5093 1936 5148 novissime
2041 5098 2262 5166 vestrae,
2290 5090 2397 5146 hoc
2423 5097 2529 5155 est,
2553 5105 2664 5144 non
2683 5088 2856 5145 Deum
2886 5103 3076 5166 carne,
3099 5089 3204 5145 sed
3231 5073 3456 5165 carnem
3488 5085 3611 5151 Dei,

365 5180 546 5234 diebus
574 5181 691 5236 istis
714 5178 918 5236 locutus
938 5191 1020 5237 est
1491 5184 1934 5261 quemconstituit
2038 5163 2225 5234 dicere
2255 5192 2493 5248 passam,
2515 5178 2562 5234 si
2586 5177 2896 5259 credulitas
2915 5163 3264 5245 adrnittatur,
3287 5163 3426 5257 quid
3450 5175 3611 5231 aliud

363 5273 622 5326 Itwredem
653 5273 1040 5338 uniuersorum,
1068 5289 1344 5346 pergam
1364 5273 1482 5344 fecit
1510 5281 1560 5328 et
1579 5273 1797 5330 secula.
1829 5273 1935 5341 Qui
2040 5267 2314 5334 creditur,
2351 5268 2459 5324 nisi
2499 5269 2630 5339 quia
2679 5268 2849 5324 homo
2893 5268 2995 5325 Dei
3039 5279 3126 5326 est
3162 5282 3360 5343 passus
3387 5267 3414 5321 Υ
3458 5264 3609 5338 quod

361 5375 484 5415 eum
512 5361 579 5414 sit
626 5359 875 5432 splendor
909 5360 1112 5432 glorier,
1161 5359 1409 5433 iet-ﬁgura
1461 5361 1768 5417 substantiis
1795 5365 1931 5434 ejus,
2039 5367 2208 5421 etiam
2264 5365 2334 5422 de
2381 5366 2546 5422 Petro
2591 5375 2650 5421 et
2710 5365 2882 5423 Paulo
2951 5365 3136 5422 dicere
3185 5362 3271 5420 fas
3315 5369 3438 5429 est,
3478 5363 3610 5433 quia

439 5559 480 5590 “
523 5559 686 5616 llebr.
728 5573 786 5621 ιι,
837 5556 924 5613 10.
1008 5561 1050 5590 ⁸³
1092 5557 1246 5616 Joan.
1287 5573 1342 5623 κ,
1395 5559 1450 5613 9.
1527 5557 1568 5589 ⁸³
1614 5557 1779 5613 ilcbr.
1819 5574 1878 5621 ιι,
1920 5559 1954 5613 9

369 5627 412 5660 "
451 5627 606 5684 Joan.
657 5644 698 5690 ι,
748 5627 834 5685 li.

2053 5563 2093 5594 ’δ
2147 5561 2280 5616 ibid.
2343 5561 2408 5616 ιο
2508 5563 2552 5595 ⁵⁵
2591 5562 2760 5617 llebr.
2804 5560 2993 5628 1.1-4.
3072 5561 3114 5593 ι⁶
3149 5559 3309 5624 Rom.
3352 5573 3463 5627 rut,
3514 5557 3602 5616 32.
