3904 6144
307 326 410 392 145

1615 337 1949 413 DIALOGI,
1990 339 2136 399 LIB.
2198 340 2282 403 Π.

3450 345 3557 409 liii

298 458 361 507 st
402 448 507 521 ipsi
554 450 807 508 homines
850 453 949 509 Dei
996 454 1282 522 dicuntur,
1330 466 1388 513 et
1434 475 1536 530 pro
1569 461 1690 532 ipso
1738 469 1870 518 sunt
1900 465 1944 522 Α
1972 465 2131 535 cujus
2182 463 2574 520 vestimentum
2614 452 2744 516 'sive
2810 454 2957 513 ’caro
2997 465 3118 521 est,
3156 455 3306 513 illius
3366 462 3557 529 procui

299 554 467 611 μω.

899 676 1050 743 CAP.
1092 678 1233 734 XIII.

365 811 430 866 Ν.
461 812 604 867 Deus
623 813 852 883 quidem
882 829 1081 884 passus
1102 831 1215 871 non
1238 824 1345 880 est,
1386 819 1517 887 quia
1540 820 1713 876 Deum
1746 838 1873 892 pas-

295 902 509 957 sibilem
538 903 843 973 praedicare
866 949 881 973 ,
934 907 1290 977 sacrilegium
1324 917 1430 971 est.
1459 911 1556 968 sed
1588 911 1736 969 Deus
1783 916 1869 970 sui

294 993 544 1062 corporis
572 993 706 1051 fecit
734 998 987 1067 proprias
1010 999 1320 1068 passiones.

360 1084 425 1141 C.
456 1086 784 1158 Proprietas
813 1090 1004 1147 multis
1037 1092 1368 1163 intelligitur
1403 1092 1604 1149 modis.
1653 1096 1793 1152 Nam
1817 1107 1873 1153 et

291 1174 540 1231 Ecclesia
571 1192 778 1250 corpus
803 1180 926 1251 ejus
954 1181 1180 1247 dicitur,
1217 1184 1578 1255 ejusdemque
1608 1187 1872 1245 Ecclesia

289 1266 422 1324 facit
472 1270 619 1326 Deus
649 1274 908 1343 proprias
960 1276 1265 1345 passiones,
1307 1292 1409 1346 pro
1444 1293 1553 1348 qua
1590 1281 1761 1335 etiam
1813 1282 1872 1336 in

289 1358 430 1413 cmlo
458 1360 678 1429 positus
709 1363 912 1420 clamat
939 1381 953 1416 :
995 1363 1178 1430 Saulc,
1212 1365 1394 1432 Saute,
1422 1368 1548 1439 quid
1571 1386 1654 1424 me
1690 1387 1871 1441 perse-

289 1451 465 1518 queris
489 1450 571 1505 ‘3?
599 1452 672 1506 Et
690 1454 1073 1527 unusquisque
1120 1456 1365 1512 fidelium
1414 1461 1727 1517 membrum
1750 1464 1871 1533 ejus

287 1547 394 1602 est,
431 1541 576 1598 sicut
602 1542 748 1599 idem
775 1544 938 1600 docet
966 1546 1266 1615 Apostolus
1290 1587 1306 1613 ,
1341 1549 1536 1606 dicens
1567 1568 1582 1604 :
1617 1552 1715 1607 Vos
1746 1557 1869 1609 estis

286 1644 480 1696 corpus
520 1630 738 1699 Christi,
779 1641 830 1686 et
877 1637 1115 1690 membra
1153 1638 1217 1691 de
1260 1641 1492 1694 membro
1525 1642 1568 1674 ¹⁹
1593 1659 1608 1707 ;
1632 1642 1754 1698 'sed
1813 1650 1870 1700 et

288 1721 450 1789 panis
499 1722 594 1777 ille
625 1738 793 1794 quem
838 1727 1096 1783 universa
1142 1729 1389 1785 Ecclesia
1434 1732 1489 1786 in
1538 1735 1863 1792 memoriam

287 1812 594 1872 Dominicae
644 1818 918 1887 passionis
965 1820 1284 1891 participat,
1339 1838 1545 1893 corpus
1576 1828 1698 1896 ejus
1746 1838 1861 1884 est.

289 1898 638 1971 Quapropter
662 1906 942 1974 quomodo
989 1908 1163 1962 Deum
1211 1910 1462 1978 corporis
1485 1913 1568 1967 sui
1615 1919 1868 1984 proprias

289 1988 493 2045 fecisse
526 1993 733 2049 asseris
757 1995 1085 2068 passiones“
1124 1998 1392 2069 exemplis
1436 2009 1488 2056 te
1522 2002 1747 2071 planum
1784 2006 1869 2062 fa-

288 2097 420 2137 cere
454 2086 740 2141 convenit.

359 2172 427 2228 N.
459 2173 679 2230 Faciam
702 2185 973 2246 quantum
1001 2187 1259 2249 potuero,
1310 2181 1478 2238 modo
1504 2190 1566 2240 u’t
1592 2193 1646 2241 te
1675 2186 1744 2242 ab
1768 2187 1872 2244 hae

286 2262 603 2321 intentione
633 2267 904 2323 divertam
926 2310 942 2335 ,
993 2271 1142 2340 quod
1172 2272 1407 2328 ulterius
1435 2274 1658 2331 desinas
1696 2278 1869 2333 Deum

288 2353 532 2410 Verbum
562 2370 784 2427 passum
815 2375 984 2419 carne
1012 2374 1287 2428 asserere,
1314 2366 1572 2434 quamvis
1610 2383 1740 2424 caro
1768 2370 1867 2426 Dei

283 2445 359 2501 sit
389 2461 577 2516 passa,
608 2464 731 2519 quae
759 2465 868 2506 non
908 2451 985 2506 ita
1014 2452 1222 2508 dicitur
1253 2469 1459 2525 corpus
1494 2455 1613 2523 Dei,
1658 2467 1719 2514 ut
1761 2461 1869 2516 Ec-

279 2535 475 2600 clesia,
514 2550 619 2592 nec
661 2536 737 2593 ita
765 2547 828 2594 ut
874 2541 1034 2610 panis
1093 2540 1190 2597 ille
1220 2556 1387 2612 quem
1430 2543 1489 2599 in
1544 2548 1866 2605 memoriam

279 2627 566 2695 passionis
594 2627 802 2685 Christi
830 2632 1128 2703 participat
1156 2633 1413 2690 universa
1446 2636 1692 2693 Ecclesia
1723 2656 1739 2695 :
1769 2641 1868 2697 sed

279 2713 380 2769 Dei
404 2714 483 2769 ita
530 2715 737 2773 dicitur
782 2734 1007 2789 corpus,
1056 2730 1119 2776 ut
1170 2721 1404 2794 alicujus
1445 2726 1688 2785 hominis
1733 2747 1870 2801 pro-

278 2806 467 2874 prium
502 2846 517 2871 ,
590 2825 700 2879 quo
756 2811 988 2869 indutus
1061 2812 1224 2885 556
1288 2824 1371 2870 est
1428 2818 1867 2890 vestimentum,

276 2897 429 2964 quod
459 2913 588 2953 cum
618 2901 687 2954 ah
720 2902 906 2971 aliquo
927 2905 1161 2960 scissum
1190 2905 1382 2973 fuerit,
1410 2908 1613 2980 injuria
1639 2912 1708 2967 ad
1738 2928 1869 2969 eum

277 2985 530 3041 refertur
575 2988 671 3057 qui
704 2988 761 3043 in
788 2991 909 3059 ipso
945 2992 1175 3049 indutus
1213 3003 1318 3050 est.
1369 2990 1688 3055 Secundum
1721 3002 1866 3058 hanc

275 3077 454 3148 igitur
487 3080 763 3137 rationem
805 3082 938 3139 facit
968 3085 1133 3141 \Deus
1188 3089 1439 3159 corporis
1484 3091 1572 3145 sui
1609 3095 1867 3164 proprias

276 3171 600 3241 passiones.

351 3261 418 3318 C.
447 3263 604 3319 Facit
625 3280 755 3336 ergo
784 3269 1035 3338 proprias
1067 3270 1215 3327 Deus
1266 3272 1454 3329 carnis
1502 3289 1617 3331 sua:
1647 3278 1867 3346 passio-

275 3366 383 3406 nes
433 3354 743 3410 secundum
782 3358 1106 3414 relationem
1132 3403 1146 3427 ,
1197 3376 1308 3416 non
1333 3363 1642 3418 secundum
1677 3378 1867 3421 veram

274 3453 337 3499 et
372 3444 629 3500 intimam
659 3449 1054 3518 proprietatem
1079 3468 1092 3504 :
1125 3461 1183 3508 et
1209 3454 1487 3522 quomodo
1514 3455 1713 3511 fecisse
1736 3470 1870 3527 pro-

275 3536 437 3605 prias
474 3538 622 3605 Deus
653 3542 840 3595 carnis
872 3557 985 3613 sum
1014 3545 1303 3612 passiones
1331 3546 1668 3614 praedicatur
1707 3563 1737 3603 a
1771 3565 1872 3604 vo-

276 3625 371 3681 bis
396 3626 496 3696 qui
522 3643 632 3682 non
658 3632 962 3684 secundum
991 3636 1408 3703 proprietatem,
1435 3637 1531 3692 sed
1564 3639 1870 3695 secundum

278 3716 620 3771 relationem
659 3718 793 3773 facit
834 3723 1021 3778 carnis
1068 3731 1181 3779 suae
1231 3727 1487 3796 proprias
1533 3730 1874 3798 passiones?

207 3832 211 3836 -
276 3807 464 3873 Quam
517 3817 702 3864 autem
752 3814 1146 3882 prolirietatem
1198 3825 1382 3887 potest
1439 3819 1647 3876 habere
1697 3823 1872 3878 vesti-

273 3908 538 3955 mentum
571 3902 639 3957 δᾶ
671 3917 799 3958 eum
851 3905 947 3974 qui
998 3907 1119 3977 ipso
1143 3917 1229 3964 est
1261 3909 1513 3977 indutus,
1567 3928 1694 3968 cum
1724 3914 1867 3971 nihil

274 3995 565 4062 pertineat
591 3995 659 4050 ad
690 3998 813 4067 ejus
842 3997 1209 4055 substantiam
1234 4001 1258 4054 2
1302 4001 1494 4073 Neque
1548 4004 1697 4059 enim
1737 4014 1867 4062 cum

268 4084 583 4142 definimus
609 4089 744 4157 quid
778 4089 852 4144 sit
894 4090 1081 4157 homo,
1116 4093 1286 4148 etiam
1320 4095 1712 4151 vestimentum
1745 4100 1869 4169 ejus

272 4174 729 4244 complectimur,
779 4178 929 4248 quod
965 4181 1155 4251 utique
1205 4198 1317 4238 non
1365 4184 1618 4255 ejusdem
1648 4196 1868 4242 constat

270 4276 403 4317 esse
429 4263 777 4323 substantiae.
823 4268 979 4324 Facit
996 4283 1129 4341 ergo
1152 4271 1296 4329 Deus
1304 4273 1463 4343 juxta
1484 4288 1584 4329 vos
1605 4275 1871 4334 Ecclesiie

272 4366 395 4407 suae
425 4353 611 4421 potius
643 4356 920 4426 proprias,
956 4374 1121 4427 quam
1157 4361 1244 4416 sui
1277 4363 1532 4432 corporis
1557 4364 1866 4433 passiones.

1983 554 2154 609 dubio
2186 553 2388 625 injuria
2418 560 2476 608 et
2504 551 2657 607 illius
2687 549 2873 620 passio
2919 548 3181 604 credatur
3201 557 3343 614 esse.
3399 552 3560 624 cujus

1980 661 2110 702 caro
2143 660 2242 701 seu
2266 643 2662 699 vestimentum
2689 649 2796 696 est.

2594 750 2748 807 CAP.
2778 746 2920 804 XIV.

2047 867 2116 924 Ν.
2146 868 2215 923 Et
2231 867 2457 922 ubinam
2480 878 2685 935 corpus
2708 861 2808 919 Dei
2834 861 3005 920 Verbi
3028 862 3086 917 in
3106 850 3414 931 Scripturis
3428 873 3571 927 san:

1977 961 2082 1017 etis
2103 960 2284 1031 legisti
2311 957 2633 1024 Ecclesiam,
2652 965 2709 1012 et
2729 972 2840 1012 non
2868 957 3056 1028 potius
3091 970 3295 1027 corpus
3319 954 3563 1012 Christi?

2048 1051 2111 1108 C.
2128 1050 2240 1106 Hac
2258 1051 2563 1106 assertione
2587 1060 2702 1115 tua,
2729 1049 2966 1104 alterum
2993 1047 3126 1103 facis
3147 1046 3428 1104 Christum
3448 1088 3463 1112 ,
3485 1047 3566 1103 al-

1978 1150 2160 1199 terum
2187 1143 2360 1198 Deum
2372 1140 2614 1196 Verbum
2633 1157 2648 1195 :
2665 1138 2815 1210 quod
2836 1138 2882 1193 si
2895 1144 3005 1194 non
3029 1148 3115 1193 est
3127 1139 3268 1193 alter
3283 1136 3560 1201 Christus,

1977 1233 2117 1288 alter
2142 1234 2288 1289 Deus
2310 1231 2576 1297 Verbum,
2594 1230 2691 1286 sed
2708 1230 2853 1285 Deus
2876 1228 3121 1285 Verbum
3150 1228 3268 1299 ipse
3290 1236 3377 1282 est
3402 1226 3567 1284 Chri-

1977 1332 2117 1390 stus,
2138 1309 2493 1381 sicutdicitur
2517 1319 2938 1393 corpusChristi
2956 1318 3227 1383 Ecclesia,
3246 1318 3322 1374 ita
3357 1314 3564 1374 dicitur

1976 1431 2179 1485 corpus
2213 1415 2306 1470 Dei
2324 1414 2515 1470 Verbi.
2544 1414 2750 1471 Verum
2789 1413 2837 1468 si
2868 1427 3072 1482 corpus
3096 1410 3304 1467 Christi
3342 1426 3453 1466 non
3478 1420 3564 1469 est

1977 1523 2178 1579 corpus
2201 1508 2298 1563 Dei
2317 1507 2504 1573 Verbi,
2531 1505 2810 1578 quomodo
2838 1503 3024 1561 dixisti
3051 1503 3308 1575 superius
3338 1518 3562 1560 carnem

1977 1601 2072 1654 Dei
2106 1600 2365 1670 passam?

2045 1691 2111 1747 N.
2134 1690 2367 1747 Carnem
2387 1691 2482 1746 Dei
2503 1690 2614 1746 dixi
2639 1705 2876 1762 passam.
2903 1704 3011 1744 non
3033 1698 3221 1743 autem
3246 1686 3345 1744 Dei
3372 1684 3561 1750 Verbi,

1904 1806 1946 1869 Β
1975 1783 2104 1852 quia
2144 1783 2290 1838 Deus
2311 1791 2396 1837 est
2424 1782 2637 1836 honore
2681 1791 2739 1836 et
2781 1766 3051 1850 dignitate
3080 1776 3360 1842 Christus,
3403 1777 3563 1847 cujus

1974 1886 2195 1925 carnem
2240 1871 2354 1932 dixi
2403 1886 2647 1941 passam,
2700 1878 2928 1939 propter
2964 1869 3372 1923 inhabitantem
3412 1869 3469 1923 in
3503 1884 3563 1922 se

1978 1964 2150 2017 Deum
2184 1962 2446 2018 Verbum.
2482 1961 2624 2017 Hinc
2656 1961 2896 2023 denique
2924 1968 2981 2015 et
3007 1960 3182 2014 Deum
3214 1960 3410 2029 negavi
3432 1974 3561 2028 pas-

1977 2067 2122 2116 sum,
2152 2060 2209 2107 et
2245 2060 2429 2107 tamen
2463 2065 2688 2106 carnem
2713 2049 2807 2104 Dei
2841 2064 3056 2119 passam
3090 2045 3379 2103 confessus
3415 2061 3562 2102 sum.

2046 2142 2107 2198 C.
2140 2143 2260 2198 Non
2282 2152 2368 2198 est
2394 2158 2526 2213 ergo
2549 2143 2696 2197 Deus
2715 2156 2884 2195 verus
2903 2138 3182 2202 Christus,
3210 2136 3308 2193 sed
3342 2144 3566 2207 propter

1975 2232 2374 2288 inbabitantem
2398 2233 2454 2287 in
2489 2247 2548 2287 se
2576 2230 3021 2295 DeumVerbum,
3052 2225 3565 2297 bonore,dignitate
3647 2290 3654 2299 ι

1975 2340 2071 2380 seu
2096 2324 2281 2394 potius
2325 2323 2552 2377 nomine
2595 2330 2807 2376 tantum
2864 2316 3170 2375 secundum
3219 2331 3320 2372 vos
3358 2316 3565 2371 dicitur

1974 2413 2122 2470 Deus
2150 2430 2167 2465 :
2200 2421 2257 2469 et
2286 2410 2563 2483 quomodo
2590 2412 2832 2466 hoclnon
2856 2417 2943 2465 est
2973 2407 3318 2466 contrarium
3335 2406 3416 2462 illi
3438 2421 3565 2461 sen-

1975 2504 2160 2560 tentim
2179 2503 2408 2559 Joannis
2432 2495 2689 2573 apostoli,
2715 2517 2824 2573 qua
2861 2498 2999 2557 dicit
3035 2518 3048 2556 :
3084 2499 3298 2557 Scimus
3320 2498 3445 2570 quia
3473 2514 3564 2553 ve-

1975 2599 2054 2652 nit
2076 2596 2241 2651 Filius
2268 2597 2380 2662 Dei,
2409 2604 2460 2650 et
2489 2596 2631 2650 dedit
2658 2595 2804 2650 nobis
2850 2611 3063 2650 sensum
3090 2601 3150 2649 ut
3189 2607 3565 2664 cognoscamus

1976 2687 2145 2743 Deum
2167 2704 2369 2753 verum,
2395 2696 2443 2741 et
2466 2688 2630 2741 simus
2648 2689 2705 2741 in
2730 2702 2850 2742 vero
2874 2685 3008 2741 Filio
3046 2684 3294 2757 ejusJesu
3320 2681 3565 2747 Christo;

1974 2778 2057 2831 Iu'c
2089 2786 2164 2831 est
2213 2775 2356 2831 Deus
2383 2792 2537 2830 verus
2576 2783 2625 2830 et
2646 2776 2754 2830 vita
2776 2781 2977 2830 aztefna
3001 2762 3067 2830 δί.

2045 2864 2114 2920 Ν.
2139 2863 2195 2919 Si
2221 2879 2333 2920 non
2379 2871 2604 2934 pr0pter
2635 2865 2906 2919 honorem
2946 2873 3004 2919 et
3041 2862 3371 2933 dignitatem
3402 2859 3535 2915 lnha

1978 2956 2205 3013 bitantis
2244 2957 2342 3011 Dei
2373 2955 2540 3012 Verbi
2570 2957 2744 3010 Deum
2775 2955 2985 3012 dixeris
3016 2953 3319 3017 Christum,
3375 2951 3559 3006 visum

1970 3048 2227 3120 profecto
2248 3056 2306 3104 et
2331 3056 2735 3103 contrectatum
2770 3047 2909 3101 facis
2927 3046 2996 3101 ab
3022 3043 3344 3101 hominibus
3362 3043 3556 3100 Deum.

2611 3159 2763 3216 CAP.
2798 3157 2918 3214 XV.

2037 3268 2099 3326 C.
2130 3270 2187 3327 Si
2213 3285 2324 3325 non
2352 3277 2438 3325 est
2458 3269 2616 3324 visus
2658 3278 2715 3325 et
2743 3274 3119 3325 contrectatus
3147 3267 3217 3323 ab
3238 3264 3562 3321 hominibus
3630 3309 3637 3316 .

1968 3362 2135 3429 Deus,
2161 3362 2441 3432 quomodo
2469 3362 2608 3417 dicit
2644 3361 2792 3416 idem
2836 3360 3078 3416 Joannes
3112 3376 3126 3412 :
3161 3358 3314 3425 Quod
3353 3358 3453 3428 fuit
3494 3357 3561 3412 ab

1969 3452 2142 3515 initio,
2172 3450 2313 3520 quod
2339 3449 2661 3515 audiuimus,
2710 3450 2851 3521 quod
2879 3449 3104 3504 vidimus
3141 3448 3307 3503 oculis
3346 3448 3559 3514 nostris,

1970 3550 2018 3593 et
2047 3541 2424 3611 perspeximus,
2443 3548 2491 3594 et
2522 3557 2717 3600 manus,
2736 3542 2931 3596 nom-ai
2958 3546 3327 3593 tractaverunt
3347 3538 3413 3592 de
3434 3536 3562 3593 Ver-

1971 3631 2035 3686 bo
2052 3633 2192 3695 vitae,
2215 3639 2262 3686 et
2288 3632 2397 3686 vita
2413 3633 2777 3703 manifestata,
2808 3640 2857 3686 et
2883 3632 3128 3696 uidimus,
3145 3639 3195 3685 et
3211 3634 3487 3696 testamur,
3510 3638 3564 3684 et

1975 3724 2361 3777 annuntiamus
2400 3723 2545 3778 nobis
2572 3725 2740 3779 vitam
2761 3726 3043 3790 teter-nant,
3088 3736 3208 3796 qua
3263 3733 3382 3778 erat
3412 3724 3560 3796 apud

1972 3813 2211 3879 Patrem,
2244 3823 2293 3869 et
2313 3818 2567 3886 apparuit
2612 3816 2759 3872 nobis
2789 3818 2834 3850 "
2854 3818 2880 3872 ’ἒ
2907 3817 3176 3873 P'erchrre
3215 3810 3472 3888 singula,
3501 3827 3561 3875 et

1971 3908 2097 3962 vide
2123 3907 2303 3963 visum
2333 3916 2389 3963 et
2417 3906 2823 3965 contrectatam
2871 3908 2940 3963 ab
2991 3907 3313 3964 hominibus
3360 3909 3556 3965 Deum.

1970 3999 2222 4070 Denique
2265 3999 2510 4056 Verbum
2542 4002 2691 4066 vitae,
2742 3999 2892 4071 quod
2926 4000 3041 4056 fuit
3076 4000 3146 4056 ab
3201 4000 3360 4056 initio
3410 4000 3557 4070 apud

1971 4091 2213 4155 Patrem,
2245 4092 2396 4162 quoii
2434 4104 2500 4148 ex
2526 4092 2649 4164 lege
2672 4101 2730 4148 et
2746 4091 3039 4162 prophetis
3059 4091 3355 4147 audierunt
3379 4093 3557 4146 visum

1971 4191 2029 4237 et
2073 4180 2424 4253 perspectum
2458 4184 2640 4239 oculis
2687 4183 2842 4247 Suis,
2903 4182 3256 4253 propriisque
3300 4181 3558 4238 manibus

1972 4268 2378 4325 contrectatam
2403 4270 2734 4326 testiﬁcatur
2787 4280 2974 4326 tantus
3021 4271 3325 4341 apostolus.
3371 4271 3440 4327 Et
3486 4286 3557 4328 ne

1973 4360 2122 4415 aliud
2155 4358 2399 4416 Verbum
2414 4364 2620 4430 praeter
2649 4359 2705 4416 Id
2739 4361 2888 4432 quod
2915 4363 3000 4417 est
3027 4362 3174 4417 Deus
3198 4360 3342 4433 apud
3359 4363 3553 4429 Deum,

274 4441 376 4496 Ilia
408 4443 562 4498 enim
590 4461 792 4516 corpus
831 4448 927 4503 Dei
971 4448 1199 4515 dicitur,
1257 4452 1389 4522 quia
1434 4455 1868 4510 communicavit
1905 4481 1944 4536 ο
1973 4450 2209 4520 quilibet
2248 4451 2431 4506 visum
2473 4459 2532 4506 et
2557 4459 2971 4508 contrectatam
3002 4461 3248 4509 tentaret
3277 4466 3552 4519 asserere,

277 4531 433 4584 Deus
461 4535 609 4588 carni
630 4542 686 4591 et
716 4540 1064 4609 sanguini,et
1092 4552 1259 4613 caput
1276 4544 1454 4601 factus
1482 4552 1567 4600 est
1586 4545 1864 4602 Ecclesiae.

272 4620 534 4677 Ecclesia
559 4638 693 4681 vero
719 4644 819 4698 per
849 4628 1014 4686 ﬁdem
1044 4648 1242 4689 rursus
1272 4635 1551 4706 particeps
1579 4637 1702 4709 ejus
1743 4639 1863 4693 suf-

274 4710 495 4776 ﬁcitur,
519 4717 843 4786 accipiendo
872 4720 1139 4792 Spiritum
1163 4734 1437 4782 sanctum.
1474 4727 1517 4781 Α
1560 4727 1725 4783 vobis
1762 4744 1866 4783 auo

272 4810 396 4856 tem
427 4817 631 4874 corpus
676 4808 770 4863 Dei
815 4810 988 4866 instar
1025 4814 1273 4869 creditur
1302 4816 1617 4871 vestimenti
1650 4858 1665 4882 ,
1712 4819 1862 4887 quod

271 4892 422 4947 nihil
458 4895 525 4949 ad
551 4896 866 4954 divinitatis
894 4893 981 4956 vel
1033 4905 1221 4961 carnis
1262 4907 1385 4977 ejus
1425 4916 1684 4963 naturam
1731 4924 1861 4978 per-

273 4981 470 5036 linere
489 4983 769 5040 videatu'r.
793 4986 963 5045 ls'aias
980 4996 1165 5047 autem
1186 4996 1575 5052 vestimentum
1598 4997 1696 5055 Dei
1723 4998 1863 5055 nihil

270 5069 438 5125 aliud
467 5071 753 5141 praedicat,
789 5076 899 5130 nisi
929 5093 1151 5135 carnem
1177 5083 1296 5150 Dei,
1328 5085 1521 5141 dicens
1554 5104 1568 5141 :
1601 5085 1731 5153 Qui:
1763 5090 1866 5143 iste

268 5164 359 5211 est
376 5160 475 5228 qui
496 5162 640 5215 venit
664 5168 730 5216 ea:
757 5161 950 5229 Edam,
992 5168 1282 5225 rubicunda
1315 5181 1453 5229 ueste
1480 5191 1546 5230 ea:
1564 5175 1757 5231 Rostra
1785 5179 1867 5233 ὀἳ

269 5248 446 5340 Quod
500 5252 548 5305 si
605 5258 665 5307 et
706 5260 765 5308 tu
813 5255 1208 5314 Vestimentum
1236 5263 1368 5330 Dei,
1411 5265 1553 5323 nihil
1605 5268 1871 5340 intelligis

272 5339 394 5395 nisi
421 5352 652 5397 carnem
674 5343 795 5409 Dei,
824 5352 1083 5414 Superest
1130 5357 1191 5403 ut
1229 5352 1344 5408 sive
1406 5355 1729 5413 scissionem
1770 5339 1870 5413 ve-

272 5429 557 5495 stimenti,
591 5432 711 5486 sive
752 5433 1034 5502 passiones
1079 5440 1262 5495 carnis
1306 5441 1374 5497 ad
1415 5458 1540 5500 eum
1572 5448 1828 5506 retuleris
1856 5491 1871 5514 ,

354 5638 432 5715 '1
453 5639 576 5715 Λςιε
624 5653 701 5703 IK.
747 5641 801 5695 4.
881 5643 974 5715 ’ξι
1009 5643 1263 5715 conm.
1300 5646 1390 5702 27.
1461 5653 1506 5683 ”
1543 5654 1641 5709 lsa.
1675 5671 1822 5715 mu,
1867 5656 1916 5709 l.

1973 4542 2098 4596 moi
2123 4539 2375 4613 sequitur
2408 4558 2421 4595 :
2465 4541 2536 4597 Et
2562 4544 2691 4607 vita,
2727 4542 2929 4614 inquit,
2979 4543 3331 4614 manifestata
3359 4553 3458 4608 est,
3504 4554 3556 4599 et

1966 4630 2285 4698 uidimua,et
2334 4640 2612 4699 testamur,
2665 4642 2716 4688 et
2771 4635 3156 4689 attnuntiamus
3202 4634 3343 4690 vobis
3390 4637 3554 4690 uitans

1964 4728 2247 4791 aeternam,
2282 4739 2402 4795 qua:
2438 4734 2554 4779 erat
2584 4724 2731 4795 apud
2764 4724 2980 4780 Patrem
3002 4735 3052 4780 et
3094 4727 3345 4797 apparuit
3382 4727 3551 4782 nobis.

2035 4814 2102 4870 N.
2131 4815 2394 4871 Mentitur
2423 4830 2553 4887 ergo
2584 4816 2701 4886 ipse
2739 4815 3009 4871 Domi-nus
3032 4855 3048 4882 ,
3102 4816 3299 4872 dicens
3334 4833 3349 4871 :
3378 4815 3546 4872 Deum

1960 4922 2120 4962 mmo
2142 4908 2269 4963 vidit
2291 4908 2526 4978 unquam
2544 4907 2625 4962 "‘3
2651 4908 2719 4964 Et
2741 4908 3038 4978 Apostolus
3058 4907 3294 4979 loquens
3314 4906 3384 4964 de
3401 4906 3549 4962 beo:

1969 4996 2136 5063 Quem
2167 5002 2318 5053 nemo
2344 5040 2358 5063 ,
2412 4999 2618 5069 inquit,
2653 5002 2930 5056 hominum
2956 4998 3109 5066 uidit,
3139 4999 3232 5055 sed
3255 5016 3352 5054 nec
3378 4998 3547 5054 uideri

1971 5088 2233 5159 potest“.
2263 5090 2334 5146 Et
2363 5090 2431 5146 ad
2482 5091 2720 5162 Moysem
2772 5089 2909 5145 dicit
2952 5090 3099 5147 Deus
3129 5109 3142 5145 :
3172 5089 3339 5145 Nemo
3380 5095 3550 5160 potest
3592 5160 3598 5168 _

1964 5179 2142 5234 uidere
2168 5182 2356 5250 faciem
2386 5190 2581 5247 meam,
2620 5191 2671 5235 et
2696 5182 2866 5238 risere
2898 5183 2966 5238 ’⁸.
3590 5173 3596 5187 ³

2037 5269 2100 5325 C.
2141 5270 2196 5326 Si
2225 5287 2333 5327 non
2365 5282 2450 5328 est
2478 5272 2625 5328 Deus
2672 5273 2769 5344 qui
2801 5272 2955 5327 visus
2976 5282 3084 5337 est,
3110 5268 3397 5342 quomodo
3430 5265 3551 5334 ipse

1969 5359 2147 5417 dicit:
2179 5362 2313 5417 Ecce
2356 5364 2447 5434 qui
2484 5362 2762 5434 'loquebar,
2803 5366 2994 5417 adsunt
3014 5364 3101 5429 “;
3141 5368 3198 5416 et
3229 5356 3496 5427 propheta
3530 5369 3543 5402 :

1978 5451 2114 5508 Deus
2136 5453 2410 5526 manifeste
2432 5455 2599 5511 ueniet
2628 5471 2646 5508 :
2684 5455 2820 5509 Dens
2845 5464 3044 5520 noster,
3069 5462 3117 5507 et
3146 5466 3251 5505 nan
3281 5443 3449 5499 silebit
3468 5440 3510 5470 ’τ
3527 5439 3552 5490 ?

2016 5660 2055 5689 “
2097 5660 2115 5712 I
2163 5660 2318 5715 Joan.
2362 5679 2414 5716 v.
2469 5661 2562 5715 20.
2665 5662 2709 5691 "
2746 5660 2766 5712 I
2802 5658 2959 5713 Joan.
2998 5657 3114 5716 1.1,
3148 5651 3216 5703 ‘2.
3293 5646 3342 5678 "
3390 5642 3547 5698 103“.

273 5718 321 5774 ι,
362 5704 467 5774 i8;
502 5693 711 5764 itoan'.
760 5693 837 5775 ii,
895 5693 980 5769 12'.
1017 5693 1869 5785 ’ῖτιτῑίηῖζὶηι6ῖ”“’π·”’ἲὲἕοι

2101 5693 2115 5712 ι
2163 5693 2318 5715 σιν-ιιι.
2367 5693 2414 5716 v.
2474 5693 2562 5715 au.
2750 5693 2766 5712 .
2802 5693 2959 5713 ..υς-υ.
3000 5693 3037 5713 .,
3069 5693 3114 5718 .,
3166 5693 3216 5703 -.
3293 5716 3321 5731 _

1986 5726 2141 5797 .xx’tn,
2191 5729 2282 5785 20.
2357 5731 2404 5762 “
2443 5730 2547 5784 lsa.
2591 5742 2676 5792 LII,
2714 5729 2767 5781 6.
2846 5725 2903 5758 ³⁷·
2932 5723 3077 5778 Psal.
3119 5729 3347 5781 mna.
