4020 6142
421 371 520 440 M7

1632 367 1950 430 JOANNIS
1986 365 2366 432 ΜΑΧΕΝΤΙΙ

3563 375 3666 442 148

489 493 552 547 Ν.
580 489 869 546 Contraria
923 503 1054 559 ergo
1108 483 1436 554 sibimetipsi
1483 483 1637 552 loqui
1705 482 1983 539 credenda
2012 479 2056 534 A
2085 486 2343 542 inhabitat
2366 487 2534 540 omnis
2574 485 2844 557 plenitudo
2877 489 3168 542 divinitatis
3215 486 3567 559 corporaliter
3595 491 3660 543 ³³.

416 593 504 639 est
531 583 816 652 Scriptura
846 580 1080 636 divina?

483 671 546 728 C.
565 673 684 727 Non
703 680 789 728 est
807 670 1091 739 Scriptura
1107 665 1291 721 divina
1309 663 1413 720 sibi
1433 663 1536 734 ipsi
1553 663 1826 719 contraria
1848 659 1994 732 apud

417 765 512 818 eos
543 763 635 832 qui
657 777 776 816 eam
810 761 896 830 pie
933 759 1271 828 intelligunt,
1325 755 1422 810 sed
1465 755 1829 810 illisvidetur
1857 770 1993 810 con-

417 853 586 908 traria
608 853 699 921 qui
729 850 989 904 lueretico
1010 848 1228 918 decepti
1255 847 1453 916 spiritu
1483 862 1590 900 non
1621 853 1852 914 possunt
1873 859 1996 916 quae

383 943 543 995 'vcra
581 948 708 994 sunt
740 956 954 1009 sapere.
985 939 1120 993 Nam
1152 939 1278 1008 quia
1308 952 1472 990 nemo
1504 939 1790 1006 corporeis
1817 939 1995 992 oculis

418 1044 599 1105 potest
631 1033 815 1087 videre
845 1043 1096 1086 naturam
1129 1032 1461 1092 divinitatis,
1489 1046 1610 1098 quat
1658 1031 1848 1098 utique
1883 1044 1992 1082 non

417 1136 496 1178 ost
529 1141 730 1195 corpus
755 1168 768 1184 .
805 1125 899 1179 sed
935 1125 1189 1192 spiritus,
1223 1123 1429 1176 tliCllllll
1470 1132 1555 1175 est
1587 1138 1600 1173 :
1639 1121 1802 1173 Deum
1843 1135 1994 1172 nemo

417 1219 543 1271 vidit
606 1225 962 1286 unquam;et
1020 1215 1239 1269 :Ncmo
1287 1217 1424 1268 videt
1484 1215 1671 1283 faciem
1729 1221 1994 1272 πίθωμαι

417 1311 569 1361 vivet.
627 1307 1010 1376 Rursus,quia
1045 1307 1316 1360 videndus
1365 1313 1511 1359 esset
1562 1305 1632 1357 ab
1677 1303 1996 1357 hominibus

419 1399 563 1451 Deus
619 1398 671 1451 in
722 1407 1002 1466 assumpta
1053 1412 1222 1451 carne
1273 1396 1436 1450 docet
1479 1394 1848 1465 prmiiguratio
1902 1393 1994 1447 illa

418 1489 557 1543 facta
590 1489 654 1542 ad
691 1489 895 1554 Jacob;
929 1488 1171 1558 denique
1217 1502 1339 1541 cum
1383 1486 1610 1540 homine
1657 1485 1993 1539 colluctatur

419 1579 474 1632 in
506 1580 719 1633 visione
755 1579 896 1632 idem
923 1579 1116 1632 beatus
1139 1578 1472 1646 patriarcha,
1497 1585 1552 1632 et
1577 1575 1902 1630 benedictus
1924 1575 2014 1630 ab'

418 1686 484 1723 eo
518 1669 689 1723 dicit:
725 1669 837 1722 Vidi
857 1669 1022 1721 Deum
1051 1669 1184 1737 facie
1207 1668 1276 1720 ad
1304 1663 1733 1736 faciem,etsalva
1760 1666 1902 1736 facta
1919 1673 1994 1718 est

2162 577 2224 632 C.
2265 578 2670 634 Plenitudinem
2706 580 3014 635 divinitatis
3051 579 3395 636 habitantem
3417 581 3473 636 in
3501 581 3663 637 Chri-

2095 677 2182 726 sto
2210 671 2342 740 quid
2381 671 2640 742 intelligis
2659 672 2684 724 ?

2165 759 2231 815 N.
2272 760 2464 814 Totam
2496 761 2686 830 procul
2722 760 2892 815 dubio
2924 762 3270 818 Trinitatem.

2707 865 2860 921 CAP.
2901 866 3042 921 XVI.

2161 958 2223 1014 C.
2263 958 2502 1024 Quartus
2547 972 2680 1028 ergo
2718 958 2830 1028 jam
2874 957 3128 1012 Christus
3157 965 3262 1022 est,
3310 958 3364 1011 in
3407 972 3518 1028 quo
3553 965 3665 1014 tota

2095 1051 2366 1106 inhabitat
2405 1051 2696 1105 Trinitas?

2163 1143 2230 1196 N.
2269 1143 2412 1213 Ergo
2445 1143 2764 1198 mendacem
2791 1142 3021 1196 facimus
3055 1141 3285 1196 Paulum
3319 1142 3412 1210 qui
3445 1142 3550 1196 hoc
3575 1157 3666 1197 as-

2095 1234 2230 1288 serit
2265 1233 2288 1286 ?

2163 1323 2224 1378 C.
2254 1324 2372 1377 Non
2409 1331 2493 1378 est
2525 1324 2760 1378 mendax
2790 1324 3015 1386 Paulus,
3043 1323 3168 1393 quia
3203 1338 3314 1376 non
3339 1321 3664 1376 Trinitatem

2094 1413 2232 1468 dicit
2268 1413 2321 1468 in
2371 1413 2593 1469 Christo
2619 1415 2953 1481 inhabitare,
2987 1431 3110 1470 cum
3133 1414 3414 1470 Christum
3447 1413 3663 1469 nesciat

2094 1514 2414 1560 extraneum
2467 1521 2498 1558 a
2531 1504 2820 1560 Trinitate.

2162 1596 2228 1650 N.
2254 1595 2307 1650 Si
2337 1613 2445 1650 non
2477 1597 2820 1650 inhabitatin
2846 1596 3066 1651 Christo
3089 1597 3354 1661 Trinitas,
3387 1596 3664 1666 quomodo

2095 1685 2150 1740 in
2181 1684 2401 1739 Christo
2445 1686 2626 1739 omnis
2670 1687 2960 1756 plenitudo
3007 1687 3318 1741 divinitatis
3349 1684 3664 1740 inhabitat?

417 1759 597 1810 anima
623 1773 740 1810 mea
771 1757 834 1810 ’⁸.
870 1756 1008 1812 llinc
1036 1756 1350 1810 etThomas
1382 1765 1504 1825 post
1527 1747 1988 1809 resurrectionem
2021 1811 2066 1866 Β
2094 1775 2204 1829 Am
2255 1776 2402 1829 enim
2452 1791 2564 1830 non
2612 1747 2884 1831 inhabitat
2929 1776 3216 1844 plenitudo
3263 1777 3569 1832 divinitatis
3605 1777 3662 1830 in

417 1848 486 1866 π.-
945 1856 988 1866 Α.
1404 1845 1705 1866 ___,.___-__
1737 1843 1952 1866 η-.,ε-ε
2106 1864 2122 1866 _
2212 1865 2215 1866 ν
2402 1865 2409 1866 ,
2614 1865 2619 1866 ,
2752 1865 2755 1866 ν
3054 1865 3061 1866 ,
3123 1865 3127 1866 ,

413 1848 632 1902 Domini
668 1848 894 1918 palpans
936 1856 992 1901 et
1019 1856 1373 1902 contrectans
1403 1845 1709 1916 perfossum
1737 1843 1983 1899 Domini-

415 1955 538 1995 cum
565 1941 726 2002 lanis,
746 1939 1014 1994 exclamat
1039 1955 1050 1990 :
1081 1939 1331 1992 Dominus
1357 1953 1502 1991 meus
1524 1947 1574 1991 et
1595 1937 1729 1991 Deus
1750 1953 1894 1991 meus
1917 1937 1985 1992 ”.

484 2029 548 2084 N.
576 2031 830 2094 Multum,
879 2030 1013 2085 licet
1047 2031 1264 2094 nolens,
1315 2029 1522 2084 nostris
1568 2029 1819 2098 partibus
1859 2045 1989 2099 pro-

411 2122 565 2177 fuisti
638 2123 796 2184 Nam,
835 2137 958 2176 cum
1005 2121 1194 2176 divina
1221 2130 1415 2175 natura
1461 2137 1569 2174 non
1620 2122 1694 2175 sit
1743 2137 1985 2190 corpus,

413 2216 510 2270 sed
563 2214 832 2284 spiritus,
877 2214 1021 2268 sicut
1066 2222 1122 2266 tu
1153 2228 1374 2282 quoque
1409 2211 1692 2282 professus
1739 2229 1832 2276 es,
1867 2228 1990 2281 qua:

410 2313 608 2360 natura
655 2305 770 2358 visa
813 2305 898 2358 vel
933 2302 1190 2358 confossa
1237 2303 1312 2357 sit
1343 2303 1662 2372 ambiguum
1712 2319 1821 2356 non
1855 2311 1987 2366 est;

412 2393 796 2448 dubitantibus
822 2408 1060 2461 namque
1087 2392 1156 2446 de
1191 2407 1249 2446 se
1280 2391 1589 2460 discipulis,
1621 2391 1768 2445 idem
1810 2392 1994 2446 Domi-

410 2501 553 2540 n-us:
586 2483 831 2555 Palpate,
866 2483 1075 2553 inquit,
1115 2489 1165 2535 et
1199 2483 1366 2536 videte
1398 2523 1412 2547 ,
1464 2485 1588 2554 quia
1614 2484 1830 2553 spiritus
1873 2499 1992 2536 ossa

413 2584 462 2629 et
492 2592 706 2630 carnem
729 2593 830 2629 non
853 2568 1027 2639 habet,
1048 2577 1183 2629 sicut
1209 2591 1290 2629 me
1327 2575 1507 2629 videtis
1527 2575 1717 2629 habere
1753 2575 1819 2628 ³ο,
1843 2574 1989 2640 Qua~

412 2674 638 2736 pmptcr
667 2665 818 2720 visus
843 2675 898 2720 et
923 2666 1178 2735 palpatus
1204 2673 1289 2718 est
1327 2665 1593 2718 Dominus
1637 2665 1800 2719 Jesus
1828 2662 1994 2718 Chri-

411 2765 549 2820 stus,
580 2756 674 2825 qui
699 2756 989 2810 confossus
1010 2763 1115 2820 est,
1146 2771 1311 2826 quem
1341 2771 1466 2810 cum
1497 2754 1814 2824 agnovisset
1855 2769 1990 2823 apo-

413 2847 588 2900 stolus
638 2855 761 2915 post
815 2845 1301 2911 resurrectionem,
1357 2845 1628 2900 exclamat
1677 2853 1734 2900 et
1799 2845 1986 2901 dicit:

411 2936 672 2991 Dominus
700 2954 844 2992 meus
873 2948 920 2994 et
947 2938 1082 2993 Deus
1119 2937 1304 2992 meus!
1336 2937 1473 2992 Hinc
1501 2938 1790 2992 evidenter
1821 2953 1993 3007 appa-

411 3039 498 3085 tct
543 3047 654 3085 non
680 3047 802 3086 esse
833 3033 1004 3086 Deum
1025 3033 1212 3088 .lcsum
1229 3033 1532 3096 Christum,
1554 3044 1719 3100 quem
1742 3045 1808 3084 ex
1836 3046 1988 3084 mor-

2092 1864 2331 1929 Christo,
2367 1865 2413 1919 si
2457 1880 2566 1920 non
2609 1865 2886 1920 inhabitat
2925 1866 2980 1918 in
3003 1865 3224 1919 Christo
3249 1866 3492 1920 Trinitas
3521 1881 3535 1918 ε
3568 1875 3666 1919 aut

2090 1955 2136 2010 si
2185 1954 2396 2010 habitat
2442 1955 2728 2024 plenitudo
2773 1954 3101 2019 divinitatis,
3155 1955 3347 2024 procul
3397 1955 3570 2010 dubio
3606 1955 3662 2010 in

2089 2045 2310 2102 Christo
2341 2045 2585 2100 Trinitas
2615 2047 2848 2100 habitat.

2159 2137 2220 2194 C.
2265 2139 2333 2192 Et
2354 2138 2568 2192 habitat
2600 2138 2884 2208 plenitudo
2913 2137 3302 2193 divinitatisin
3331 2137 3575 2203 Christo,
3608 2148 3665 2193 et

2091 2244 2202 2283 non
2236 2229 2509 2284 inhabitat
2543 2231 2597 2284 in
2638 2228 2862 2284 Christo
2904 2227 3166 2293 Trinitas,
3203 2244 3272 2283 ne
3305 2229 3511 2283 sitnon
3541 2229 3667 2282 Tri-

2092 2320 2256 2384 nitas,
2309 2320 2403 2374 scd
2433 2320 2792 2389 quaternitas.
2841 2317 2975 2373 Nam
3003 2334 3151 2382 cum,
3170 2319 3324 2372 nullo
3352 2318 3664 2382 dubitante,

2092 2412 2278 2475 Pater,
2297 2419 2353 2466 et
2377 2411 2567 2475 Filius,
2597 2421 2654 2466 et
2685 2411 2927 2480 Spiritus
2967 2418 3194 2465 sanctus
3221 2409 3293 2464 sit
3322 2409 3580 2470 Trinitas.
3611 2419 3668 2464 et

2093 2502 2218 2557 ideo
2265 2518 2375 2556 non
2417 2501 2742 2556 Trinitatem
2790 2501 2992 2555 Paulus
3019 2501 3074 2554 in
3123 2500 3347 2554 Christo
3392 2484 3552 2554 doce't
3583 2500 3668 2554 in-

2094 2594 2364 2657 habitare,
2397 2593 2626 2648 dicens:
2658 2592 2795 2658 Quia
2819 2594 2873 2646 in
2906 2594 3020 2662 ipso
3050 2593 3322 2646 inhabitat
3353 2593 3523 2646 omnis
3553 2592 3667 2662 ple-

2093 2685 2276 2739 nitudo
2296 2684 2586 2738 divinitatis
2608 2681 2992 2753 corporaliter;
3011 2680 3106 2736 sed
3128 2681 3354 2736 Patrem
3369 2682 3424 2736 in
3449 2680 3667 2736 Christo

2093 2775 2258 2830 docet
2293 2774 2627 2828 inhabitare.

2165 2869 2230 2923 Ν.
2265 2868 2321 2923 Si
2365 2869 2546 2922 omnis
2594 2866 2881 2937 plenitudo
2921 2866 3231 2923 divinitatis
3291 2865 3546 2920 habitans
3607 2862 3665 2917 in

2095 2961 2318 3016 Christo
2378 2960 2528 3015 solus
2573 2961 2734 3015 Pater
2783 2959 3179 3029 intelligendus
3215 2965 3319 3020 est,
3357 2971 3468 3012 non
3496 2955 3669 3010 relin-

2099 3051 2290 3122 quitur
2339 3048 2478 3102 Filio
2522 3055 2579 3103 et
2628 3047 2858 3118 Spiritui
2907 3057 3120 3112 sancto,
3179 3055 3240 3102 ut
3291 3046 3456 3100 Deus.

413 3121 524 3178 tuis
550 3124 935 3178 resuscitatum
957 3125 1174 3180 viditet
1195 3124 1558 3180 contrectavit
1579 3123 1838 3186 Thomas,
1881 3123 1986 3178 nisi
2017 3153 2062 3212 ο
2122 3121 2224 3198 γ),
2263 3143 2490 3196 plenum
2535 3149 2591 3195 ει
2637 3139 2944 3210 perfectum
2997 3141 3168 3194 Deum
3225 3137 3430 3192 aggeris
3468 3133 3668 3197 pan-i3,

411 3223 636 3284 propter
655 3215 1050 3272 iuhabitantem
1077 3215 1130 3271 in
1147 3232 1213 3271 eo
1229 3217 1423 3279 Deum,
1441 3230 1605 3285 quem
1618 3231 1781 3270 nemo
1797 3217 1989 3286 procul

413 3309 584 3363 dubio
609 3308 893 3363 hominum
921 3308 1092 3372 videt,
1141 3317 1199 3362 et
1220 3309 1390 3362 vivet.

481 3400 544 3455 C.
577 3400 903 3456 Nullatenus
950 3409 1176 3470 propter
1219 3400 1647 3466 inhabitantem,
1676 3410 1738 3456 ut
1764 3401 1986 3466 asseris,

411 3507 538 3547 eum
567 3507 730 3561 quem
760 3491 901 3545 vidit
921 3499 976 3546 et
991 3490 1359 3545 contrectavit
1399 3490 1661 3560 Thomas,
1683 3491 1858 3544 Deum
1893 3505 1989 3560 ap-

411 3583 626 3654 pellat,
677 3584 806 3652 quia
847 3582 1044 3652 procul
1093 3590 1178 3636 est
1229 3580 1298 3646 ab
1342 3581 1642 3651 apostolica
1688 3581 1793 3636 ﬁde
1844 3581 1989 3636 duos

413 3676 558 3730 ﬁlios
587 3675 837 3738 credere,
886 3673 992 3729 sed
1022 3673 1202 3742 ipsum
1247 3688 1501 3742 prorsus,
1550 3675 1709 3743 cujus
1745 3673 1989 3727 fossuras

413 3765 796 3829 contrectavit,
822 3765 1112 3819 Dominum
1135 3773 1192 3818 et
1211 3765 1380 3828 Deum
1407 3779 1567 3818 suum
1586 3778 1708 3819 esse
1726 3770 1986 3828 testatur;

413 3857 788 3926 apostolorum
815 3855 963 3909 enim
992 3856 1158 3914 Deus,
1187 3869 1300 3908 non
1327 3853 1617 3923 dignitate,
1651 3855 1747 3909 sed
1785 3863 1983 3908 natura

412 3960 497 4004 est
518 3949 680 4003 Deus.
716 3947 1074 4016 Apertissime
1121 3945 1364 4014 denique
1393 3945 1462 4001 de
1503 3961 1571 4000 eo
1618 3947 1713 4016 qui
1753 3945 1904 4001 visus
1931 3955 1990 4002 et

414 4046 788 4093 contrectatus
833 4044 938 4100 est,
975 4037 1123 4106 quod
1159 4044 1356 4090 natura
1390 4035 1464 4090 sit
1507 4036 1673 4103 Deus,
1721 4036 1989 4092 Jeremias

412 4130 681 4200 propheta
713 4135 947 4182 testatur
979 4145 1006 4198 ε,
1027 4127 1124 4182 Hic
1149 4127 1287 4180 Deus
1308 4133 1507 4192 uoster,
1541 4133 1592 4179 et
1620 4143 1724 4180 non
1750 4129 1990 4181 estima-

414 4230 502 4272 tur
529 4219 666 4273 alter
685 4219 754 4273 ad
769 4234 918 4283 eum;
938 4217 1248 4290 quiinvenit
1279 4231 1488 4271 omnem
1509 4216 1649 4270 viam
1668 4216 1985 4287 disciplinas,

413 4321 464 4364 et
492 4312 630 4366 dedit
657 4329 774 4365 eam
805 4310 964 4365 Iacob
991 4326 1154 4381 puero
1183 4326 1300 4372 suo,
1348 4317 1400 4364 et
1429 4307 1604 4362 Israel
1635 4308 1823 4362 dilecto
1867 4327 1984 4364 sua.

411 4405 651 4459 Posthaac
686 4405 742 4456 in
779 4405 932 4457 terris
960 4403 1096 4456 visus
1137 4409 1234 4463 est,
1253 4409 1302 4454 et
1319 4417 1438 4454 cum
1453 4400 1746 4455 hominibus
1770 4417 1986 4455 conver-

2091 3249 2160 3288 an
2212 3233 2372 3302 557
2398 3231 2796 3301 perfectionem
2822 3238 2876 3286 et
2903 3229 3302 3300 plenitudinem
3331 3227 3452 3299 ejus
3468 3225 3668 3280 Filium

2090 3334 2146 3381 et
2194 3323 2456 3392 Spiritum
2490 3328 2739 3374 sanctum
2769 3335 2891 3374 esse
2941 3318 3210 3374 testaris?

2160 3415 2226 3470 Ν.
2257 3415 2482 3469 Plenum
2511 3413 2705 3483 procul
2734 3411 2905 3466 dubio
2936 3420 2994 3465 et
3023 3410 3350 3480 perfectum.

2159 3509 2220 3564 C.
2255 3509 2372 3564 Non
2398 3521 2530 3579 ergo
2559 3499 2822 3578 relinquit
2875 3508 3072 3576 plenus
3113 3513 3170 3560 et
3211 3503 3492 3574 perfectus
3518 3501 3670 3557 Deus

2089 3599 2268 3660 Pater,
2293 3607 2355 3652 ut
2376 3599 2448 3652 sit
2483 3599 2628 3652 Deus
2647 3638 2662 3661 ,
2695 3605 2788 3650 aut
2809 3596 3000 3659 Filius,
3032 3602 3126 3648 aut
3155 3593 3395 3663 Spiritus
3424 3601 3668 3647 sanctus.

2089 3685 2290 3741 Verum
2317 3684 2360 3736 si
2392 3683 2496 3738 hoc
2527 3682 2752 3751 impium
2781 3690 2865 3736 est
2883 3681 3109 3736 credere
3142 3723 3154 3747 ,
3187 3688 3354 3736 restat
3382 3690 3442 3734 ut
3465 3695 3570 3734 non
3598 3681 3673 3735 sit

2087 3775 2447 3839 contrarium,
2480 3775 2592 3830 imo
2608 3775 2788 3844 potius
2803 3775 2960 3829 valde
2979 3789 3278 3844 congruum
3304 3773 3542 3834 veritati,
3567 3773 3672 3826 Pa-

2090 3874 2226 3921 trem
2255 3866 2650 3936 plcnitudinem
2693 3866 2994 3935 intelligere
3023 3863 3348 3919 divinitatis.
3393 3863 3530 3930 Quia
3561 3861 3670 3916 sic-

2090 3966 2151 4010 ut
2201 3956 2316 4025 ipse
2352 3955 2632 4024 plenitudo
2671 3969 2766 4008 sua
2793 3964 2898 4018 est,
2927 3953 3187 4008 similiter
3213 3963 3269 4008 et
3299 3953 3468 4008 Filius
3491 3951 3668 4020 pleni-

2092 4043 2241 4106 tudo,
2271 4052 2326 4097 et
2353 4043 2594 4113 Spiritus
2625 4049 2848 4096 sanctus
2900 4041 3187 4110 plenitudo
3217 4081 3232 4106 ,
3281 4050 3336 4096 et
3361 4040 3526 4095 simul
3551 4055 3671 4094 om-

2088 4152 2208 4198 nes,
2243 4137 2346 4190 hoc
2367 4141 2470 4197 est,
2497 4141 2606 4188 tota
2637 4133 2878 4188 Trinitas
2905 4175 2919 4197 ,
2954 4149 3062 4188 non
3089 4142 3202 4188 tres
3229 4175 3243 4196 ,
3269 4133 3362 4188 sed
3427 4147 3534 4186 una
3586 4139 3672 4186 est

2088 4226 2374 4297 plenitudo
2425 4224 2732 4279 divinitatis
2763 4265 2778 4288 ,
2819 4225 2949 4294 quia
3004 4233 3060 4278 et
3097 4223 3374 4294 perfectus
3395 4223 3585 4284 Pater,
3615 4229 3672 4275 et

2088 4317 2366 4387 perfectus
2408 4315 2578 4370 Filius
2603 4357 2617 4380 ,
2657 4324 2712 4369 et
2744 4315 3020 4384 perfectus
3057 4313 3296 4383 Spiritus
3318 4323 3542 4367 sanctus
3575 4353 3590 4377 ,
3616 4325 3673 4366 et

2090 4409 2250 4464 simul
2279 4423 2470 4461 omnes
2495 4447 2509 4468 ,
2537 4421 2645 4460 non
2675 4415 2787 4460 tres
2843 4405 3231 4475 perfectiones,
3285 4401 3380 4457 sed
3405 4417 3516 4456 una
3551 4417 3676 4470 per-

411 4506 559 4551 satus
582 4503 656 4548 est
673 4496 736 4546 ³¹.
752 4493 1101 4563 Quapropter
1126 4492 1280 4546 visus
1291 4499 1724 4546 etconversatus
1738 4500 1824 4546 est
1841 4492 1985 4547 Deus

2099 4499 2272 4554 iectio.
2331 4499 2387 4553 Si
2435 4497 2582 4552 enim
2637 4497 2850 4560 Filius,
2918 4497 3062 4550 sicut
3110 4495 3179 4548 de
3215 4508 3284 4548 eo
3344 4492 3673 4547 testiﬁcatur

414 4585 579 4639 homo
606 4585 765 4642 Iesus
779 4583 1054 4646 Christus,
1087 4583 1154 4637 ad
1172 4597 1335 4652 quem
1354 4597 1462 4634 non
1485 4581 1790 4636 aestimatur
1823 4581 1982 4636 alter.

482 4677 551 4731 N.
592 4676 648 4731 Si
692 4675 876 4729 nullus
913 4674 1056 4728 alius
1097 4674 1243 4727 Deus
1271 4672 1577 4726 aistimatur
1619 4673 1688 4727 ad
1734 4689 1860 4728 eum
1890 4674 1985 4744 qui

414 4767 702 4821 confossus
747 4776 805 4821 et
825 4765 1123 4820 crucifixus
1161 4770 1245 4818 est
1272 4778 1302 4816 a
1322 4762 1547 4829 ludatis,
1577 4763 1704 4833 quis
1731 4772 1818 4819 est
1841 4765 1988 4821 Deus

413 4857 506 4926 qui
544 4857 848 4910 aestimetur
873 4856 942 4911 ad
974 4854 1344 4911 crucifixum?

485 4945 544 5000 C.
568 4946 887 5000 Nullatenus
910 4957 968 5001 tu
999 4946 1214 5001 recedis
1242 4963 1272 5001 a
1301 4949 1522 5018 pr0pria
1553 4947 1856 5002 intentione
1878 4963 1989 5018 quo

413 5035 694 5090 Christum
729 5052 839 5090 non
868 5037 1019 5091 aliud
1064 5037 1273 5106 aliquid
1301 5038 1408 5092 nisi
1435 5054 1604 5092 unum
1635 5053 1702 5092 ex
1735 5039 1844 5094 illis
1875 5055 1992 5095 cre-

415 5128 538 5198 das,
570 5128 639 5183 de
666 5127 869 5196 quibus
905 5128 1042 5183 dicit
1077 5129 1220 5183 Deus
1257 5147 1271 5182 :
1306 5128 1569 5194 Quoniam
1606 5130 1910 5184 inhabitabo
1932 5133 1987 5185 in

417 5215 525 5270 illis
563 5226 609 5270 et
646 5217 947 5283 ambulabo,
979 5227 1028 5272 et
1057 5235 1145 5274 ero
1182 5219 1403 5275 illorum
1440 5220 1600 5289 Deus,
1627 5228 1675 5276 et
1705 5222 1807 5292 ipsi
1835 5231 1988 5277 erunt

417 5307 546 5361 mihi
597 5308 651 5360 in
689 5306 938 5377 populum
983 5309 1050 5365 ⁸⁸.

489 5395 555 5450 Ν.
599 5396 706 5450 Sed
739 5397 808 5452 de
851 5397 1072 5454 nemine
1105 5399 1328 5455 illorum
1357 5400 1567 5456 dictum
1613 5410 1699 5456 est
1726 5400 1874 5470 quod
1917 5400 1986 5456 de

417 5484 639 5545 Christo
680 5496 911 5544 testatur
958 5489 1274 5560 Apostolus,
1319 5491 1512 5548 dicens
1553 5510 1568 5546 :
1619 5491 1757 5558 Quia
1783 5495 1840 5547 in
1872 5494 1986 5564 ipso

494 5695 537 5726 "'
575 5695 710 5751 Gen.
758 5709 919 5761 xxxu,
963 5692 1049 5749 50.
1126 5695 1171 5728 ¹⁹
1208 5694 1366 5752 Joan.
1406 5711 1496 5762 xx,
1536 5695 1625 5752 28.

423 5763 465 5819 ll
507 5763 634 5820 Cor.
682 5781 755 5831 vi,
803 5767 884 5821 l6.
961 5766 1006 5798 ³³
1045 5764 1256 5824 Coloss.
1295 5781 1354 5832 ll,
1404 5767 1457 5832 9,
1534 5767 1925 5851 “Joan.i,l6_.

1701 5697 1745 5729 ³ο
1781 5695 1916 5750 Luc.
1961 5713 2102 5764 xxrv,
2139 5697 2226 5754 39.

2088 4591 2325 4647 Joannes
2348 4629 2362 4652 ,
2390 4589 2592 4643 dicitur
2625 4587 2912 4657 plenitudo
2964 4585 3128 4655 (Nos,
3164 4584 3364 4652 inquit,
3405 4598 3580 4636 omnes
3609 4581 3671 4634 de

2086 4679 2412 4750 plenitudine
2439 4679 2552 4745 ejus
2579 4679 2872 4748 accepimus
2893 4676 2940 4709 ”
2957 4674 3001 4746 ).
3025 4673 3304 4745 quomodo
3352 4673 3513 4727 Pater
3547 4684 3670 4724 esse

2087 4771 2370 4841 negaudus
2392 4777 2476 4824 est
2522 4769 2802 4840 plenitudo
2829 4769 2855 4822 ?

2158 4863 2224 4916 Ν.
2250 4862 2366 4917 Una
2410 4870 2495 4915 est
2549 4859 2809 4913 divinitas
2873 4856 3162 4911 Trinitatis
3198 4898 3214 4923 ,
3267 4864 3326 4910 et
3361 4868 3503 4909 unus
3526 4853 3673 4907 Deus

2095 4953 2357 5015 Trinitas,
2383 4959 2590 5005 an‘trcs
2623 4949 2732 5011 dii,
2765 4957 2820 5003 et
2847 4957 2959 5004 tres
2993 4947 3315 5002 divinitates
3336 4945 3362 4998 ‘l

2163 5042 2225 5098 C.
2247 5043 2365 5098 Una
2395 5041 2584 5110 procul
2609 5040 2778 5095 dubio
2801 5038 3062 5094 divinitas
3093 5038 3401 5104 Trinitatis,
3434 5043 3492 5090 et
3527 5048 3674 5088 unus

2093 5133 2240 5188 Deus
2255 5133 2520 5186 Trinitas.

2161 5221 2226 5276 N.
2261 5220 2317 5276 Si
2338 5235 2470 5290 ergo
2503 5230 2588 5274 est
2619 5235 2727 5273 una
2785 5217 3044 5273 divinitas
3091 5216 3380 5272 Trinitatis
3410 5254 3426 5278 ,
3453 5223 3508 5268 et
3531 5225 3675 5270 unus

2088 5314 2234 5368 Deus
2256 5312 2498 5366 Trinitas
2525 5352 2539 5375 ,
2587 5311 2867 5381 quomodo
2921 5327 3030 5366 non
3058 5301 3332 5365 inhabitat
3369 5307 3422 5361 in
3448 5305 3673 5362 Christo

2090 5401 2332 5456 Trinitas
2365 5441 2379 5465 ,
2429 5401 2571 5456 sicut
2623 5401 2912 5470 plenitudo
2938 5400 3247 5456 divinitatis
3307 5397 3564 5454 habitans
3612 5395 3668 5449 in

2087 5492 2328 5558 Christo,
2366 5508 2490 5562 quae
2517 5507 2625 5546 una
2645 5501 2703 5547 et
2729 5493 2844 5548 sola
2869 5501 2953 5547 est
2978 5491 3003 5546 7
3163 5499 3170 5505 ‘
3269 5485 3278 5492 ’

2331 5697 2371 5732 ³⁸
2413 5697 2626 5754 Baruch
2668 5714 2764 5764 ut,
2802 5697 2992 5755 56-38.
3069 5697 3116 5731 "
3155 5696 3333 5754 Levit.
3377 5710 3520 5763 xm,
3563 5693 3668 5764 ης
