4020 6142
399 309 502 382 119

1723 318 2057 394 DI-ALOGI,
2089 321 2232 382 LIB.
2264 305 2348 383 Π.

462 431 528 489 C.
552 431 674 487 Non
695 439 783 488 est
809 430 1040 488 dubium
1083 434 1226 504 apud
1248 449 1352 492 nos
1371 435 1652 492 Christum
1681 437 1736 490 in
1758 436 1973 491 duabus
2001 440 2048 496 Α
2075 437 2304 494 Domino
2323 480 2337 505 ,
2366 441 2660 496 doceamur
2697 460 2710 496 :
2745 442 2926 509 Pater,
2961 443 3136 515 inquit
3164 488 3177 511 ,
3211 448 3266 501 iu
3300 465 3380 502 ms
3413 466 3654 517 manem,

395 525 607 582 naturis
629 524 800 580 unitis
837 526 1164 592 subsistere,
1198 544 1308 584 una
1347 529 1655 584 divinitatis
1678 569 1693 592 ,
1720 540 1777 584 et
1796 529 1970 583 altera

310 683 320 693 υ
395 617 771 672 humanitatis.
812 617 882 672 Et
907 617 1036 687 quia
1060 634 1168 673 una
1198 628 1255 675 et
1280 621 1395 675 sola
1417 629 1502 676 est
1539 621 1710 676 totius
1732 621 1972 674 Trinita-

394 707 463 761 tis
484 706 764 771 divinitas,
780 715 864 763 est
893 723 1061 778 ergo,
1079 709 1235 778 juxta
1268 725 1385 776 vos,
1411 708 1648 766 Trinitas
1689 719 1746 764 et
1774 710 1972 764 huma-

391 796 536 852 nitas
557 796 812 853 Christus
851 799 947 868 qui
979 813 1047 852 ex
1093 798 1382 854 divinitate
1432 800 1602 854 totius
1645 798 1968 861 Trinitatis,

391 903 511 957 qua
550 903 658 941 una
685 894 740 941 et
765 889 883 942 sola
908 898 1012 954 est,
1043 897 1099 944 et
1127 891 1469 945 humanitate
1497 890 1772 946 subsistit.
1797 891 1970 944 Porro

391 981 434 1033 si
459 980 699 1035 Trinitas
725 990 780 1035 et
811 981 1126 1036 humanitas
1146 992 1230 1037 est
1249 981 1504 1036 Christus
1533 1023 1547 1046 ,
1570 983 1682 1051 jam
1734 997 1845 1036 non
1874 983 1972 1036 ha-

393 1070 534 1124 bitat
559 1069 800 1126 Trinitas
847 1071 904 1124 in
959 1069 1216 1137 Christo,
1275 1071 1372 1126 sed
1424 1079 1509 1126 est
1564 1071 1682 1140 ipsa
1733 1069 1974 1126 Trinitas

393 1161 668 1219 Christus.

1017 1276 1167 1333 CAP.
1206 1275 1369 1333 XVII.

459 1367 527 1421 N.
560 1367 680 1422 Non
702 1375 786 1422 est
808 1366 1048 1422 Trinitas
1071 1375 1128 1422 et
1153 1365 1467 1422 humanitas
1500 1365 1790 1432 Christus;
1816 1375 1871 1421 et
1894 1373 1973 1420 ta-

393 1473 521 1512 men
546 1473 614 1512 ex
646 1457 936 1514 divinitate
986 1458 1226 1528 perfecta
1258 1466 1315 1512 et
1363 1457 1706 1512 humanitate
1731 1456 1975 1526 perfecta

391 1556 480 1601 est
496 1547 770 1612 Christus,
795 1557 853 1602 et
897 1547 1112 1602 habitat
1144 1547 1384 1602 Trinitas
1435 1546 1490 1602 in
1513 1546 1756 1612 Christo,
1782 1555 1838 1602 et
1866 1561 1977 1600 non

390 1649 478 1694 est
501 1647 730 1708 quartus
753 1679 770 1704 ,
790 1647 853 1694 ut
900 1649 960 1694 tu
1005 1649 1278 1702 autumas,
1303 1639 1574 1695 Christus.
1603 1641 1766 1708 Pater
1799 1638 1972 1703 enim,

390 1730 543 1785 nullo
573 1731 884 1796 dubitante,
912 1731 967 1784 in
999 1729 1139 1785 Filio
1173 1730 1401 1796 habitat,
1419 1738 1476 1784 et
1503 1729 1670 1784 Filius
1703 1729 1759 1784 in
1789 1729 1972 1792 Patre,

389 1839 420 1885 a
444 1822 650 1892 quibus
671 1837 781 1876 non
813 1830 1100 1891 separatur
1127 1821 1364 1892 Spiritus
1393 1829 1650 1876 sanctus.
1684 1821 1856 1875 Filius
1881 1836 1980 1875 au-

391 1920 506 1966 tem
533 1911 679 1966 Deus
701 1953 716 1977 ,
759 1912 818 1966 in
839 1925 950 1980 quo
977 1909 1190 1964 habitat
1216 1911 1377 1964 Pater
1403 1950 1418 1973 ,
1451 1909 1526 1962 ita
1547 1918 1632 1962 est
1663 1908 1718 1961 in
1753 1907 1974 1963 Christo

388 2002 649 2056 mundum
681 2001 1026 2055 reconcilians
1055 2001 1154 2054 sibi
1173 2000 1238 2061 ’5.
1269 2009 1330 2054 ut
1362 2007 1590 2070 propter
1619 1999 1976 2068 coniunctum

387 2095 500 2149 sibi
529 2093 750 2157 Filium,
790 2107 935 2147 unus
953 2100 1010 2148 et
1036 2093 1152 2162 ipse
1189 2092 1262 2146 sit
1295 2090 1464 2146 Filius
1489 2099 1544 2145 et
1579 2089 1876 2155 Christus;
1923 2095 1982 2143 et

387 2183 500 2238 hac
540 2182 752 2236 ratione
786 2182 1000 2237 habitat
1037 2181 1279 2236 Trinitas
1300 2182 1356 2237 in
1380 2181 1602 2236 Christo
1622 2221 1636 2245 ,
1667 2189 1724 2236 et
1753 2195 1863 2234 non
1895 2183 1981 2235 est

385 2281 624 2343 quartus
645 2271 920 2327 Christus.

457 2364 523 2420 C.
546 2363 736 2434 Magna
754 2363 921 2418 nimis
943 2372 1029 2418 est
1054 2362 1180 2428 ista,
1197 2378 1310 2418 non
1333 2364 1474 2418 ratio
1493 2407 1507 2431 ,
1522 2363 1617 2418 sed
1648 2363 1979 2420 absurditas.

385 2457 530 2512 Nam
581 2470 706 2511 cum
761 2454 1030 2510 hactenus
1064 2454 1388 2510 Trinitatem
1424 2455 1480 2509 in
1511 2453 1730 2510 Christo
1751 2462 1982 2509 conten-

385 2548 560 2604 debas
588 2545 916 2612 inhabitare,
937 2561 1034 2616 pro
1059 2561 1127 2601 eo
1163 2545 1309 2616 quod
1344 2546 1554 2600 dictum
1607 2554 1724 2600 est:
1757 2543 1894 2609 Quia
1926 2545 1984 2598 in

386 2644 506 2711 ipsa
529 2639 726 2694 habitat
743 2640 911 2692 omnis
927 2637 1202 2708 plenitudo
1225 2637 1516 2691 diuinitatis
1533 2633 1881 2706 corporaliter
1911 2633 1979 2684 “9

385 2748 542 2786 nunc
558 2732 669 2802 jam
691 2745 802 2784 non
832 2738 1000 2784 t0tam
1026 2727 1376 2792 Trinitatem,
1406 2727 1502 2782 sed
1529 2727 1700 2782 Deum
1733 2733 1982 2780 tantum-

395 2822 565 2877 titodo
613 2821 814 2875 Filium
875 2819 933 2874 in
975 2819 1196 2875 Christo
1217 2833 1340 2874 esse
1370 2819 1548 2883 dicis,
1577 2833 1680 2888 pro
1715 2833 1784 2872 eo
1835 2815 1984 2886 quod

389 2914 662 2982 scriptum
691 2919 776 2966 est
807 2929 820 2965 :
846 2910 987 2964 Deus
1009 2918 1126 2965 erat
1152 2912 1210 2964 in
1239 2910 1447 2965 Christo
1473 2950 1488 2974 ,
1521 2908 1778 2963 mundum
1803 2923 1987 2960 recon-

389 3005 586 3058 cilians
611 3003 728 3057 sibi.
754 3002 812 3056 ln
843 3017 953 3072 quo
984 3009 1168 3056 tamen
1195 3001 1353 3067 Filio,
1389 3000 1519 3071 quia
1551 2999 1768 3054 habitat
1821 2999 1983 3052 Pater

390 3097 447 3150 in
475 3111 545 3150 eo
563 3135 577 3154 .
603 3103 660 3148 et
686 3093 802 3163 ipse
827 3093 882 3146 in
905 3093 1066 3147 Patre
1089 3134 1105 3156 ,
1129 3108 1158 3146 a
1188 3092 1392 3162 quibus
1415 3106 1526 3144 non
1551 3098 1840 3160 separatur
1855 3086 1981 3156 Spi-

390 3189 534 3240 ritus
565 3199 787 3240 sanctus
809 3224 822 3248 ,
854 3199 1046 3239 rursus

391 3279 542 3333 hanc
575 3276 833 3331 videlicet
865 3275 1131 3330 rationem
1163 3275 1361 3329 asseris
1385 3275 1438 3328 in
1473 3272 1693 3328 Christo
1752 3269 1970 3325 inhabi-

395 3381 514 3423 tare
540 3385 556 3433 ;
591 3367 687 3422 sed
717 3367 860 3430 ideo,
891 3365 1072 3436 inquis
1099 3406 1113 3427 ,
1141 3381 1251 3420 non
1287 3373 1373 3419 est
1397 3363 1738 3434 quaternitas
1778 3375 1968 3431 quam-

397 3462 483 3515 vis
510 3459 722 3514 habitet
751 3458 804 3511 in
829 3457 1046 3512 Christo
1085 3457 1326 3511 Trinitas
1358 3495 1374 3519 ,
1413 3455 1540 3524 quia
1561 3455 1709 3508 Deus
1731 3451 1973 3507 Verbum

395 3552 473 3604 ita
505 3549 644 3603 inest
665 3546 882 3602 Christo
911 3553 970 3600 ut
1003 3555 1225 3616 propter
1239 3546 1589 3614 conjunctum
1612 3542 1812 3596 Filium
1837 3554 1978 3594 unus

394 3641 472 3693 sit
501 3637 690 3700 Filius,
703 3644 760 3690 et
777 3651 922 3689 unus
942 3635 1210 3690 Christus.
1235 3632 1342 3687 Sed
1361 3633 1476 3692 sive
1496 3630 1840 3695 Trinitatem,
1864 3629 1981 3682 sive

397 3731 576 3784 Deum
600 3727 840 3782 Verbum
869 3726 1045 3782 inesse
1062 3726 1268 3780 dixeris
1287 3723 1508 3780 Christo
1524 3765 1540 3788 ,
1559 3721 1982 3793 quaternitatem

397 3817 654 3883 omnino,
681 3833 793 3872 non
822 3817 1122 3871 trinitatem
1148 3817 1446 3886 praedicare
1477 3812 1840 3868 convinceris.

476 3909 545 3964 Di.
574 3907 822 3975 Quonam
847 3907 1012 3962 modo
1037 3947 1051 3973 ,
1073 3907 1187 3962 sive
1209 3908 1379 3962 Deum
1406 3905 1644 3961 Verbum
1687 3903 1743 3957 in
1768 3901 1988 3957 Christo

405 4001 592 4054 inesse
616 3999 828 4064 dixero,
855 3999 1274 4069 quaternitatem
1293 4039 1308 4064 ,
1339 4013 1449 4053 non
1473 3997 1819 4060 Trinitatem,
1849 4008 1991 4064 pra:-

404 4092 598 4146 dicare
625 4091 926 4144 convincor
951 4089 974 4142 ?

475 4179 540 4234 C.
561 4178 700 4245 Quia
722 4179 964 4234 Trinitas
984 4180 1162 4244 Pater,
1187 4188 1244 4234 et
1281 4181 1469 4244 Filius,
1494 4189 1552 4236 et
1603 4181 1840 4252 Spiritus
1871 4199 1989 4240 san-

402 4283 534 4326 ctus
563 4279 649 4326 est
667 4311 682 4333 ,
705 4271 844 4326 sicut
861 4271 1118 4340 superius
1141 4273 1252 4342 jam
1273 4273 1532 4339 diximus,
1559 4275 1653 4342 qui
1679 4274 1724 4329 si
1761 4275 1814 4329 in
1836 4272 1994 4330 Chri-

405 4371 501 4416 sto
541 4360 850 4416 inhabitant
893 4401 908 4426 ,
975 4371 1203 4430 quartus
1265 4363 1602 4434 intelligetur
1659 4363 1779 4418 sine
1831 4362 2002 4418 dubio

403 4455 690 4518 Christus,
724 4454 778 4508 in
799 4468 910 4522 quo
943 4453 1155 4508 habitat
1177 4452 1436 4508 Trinitas.
1493 4454 1739 4507 Rursus:

407 4546 467 4600 in
495 4543 716 4600 Christo
745 4545 891 4598 Deus
917 4543 1110 4606 Filius,
1150 4558 1258 4596 non
1282 4544 1394 4613 jam
1425 4542 1542 4611 ipse
1566 4551 1652 4597 est
1679 4541 1932 4610 Christus
1963 4558 1979 4607 ;

407 4647 467 4692 et
489 4637 536 4690 si
569 4635 684 4706 ipse
719 4651 828 4689 non
853 4643 936 4690 est
951 4634 1204 4689 Christus
1223 4674 1238 4698 ,
1263 4635 1375 4688 duo
1399 4643 1527 4688 sunt
1569 4635 1817 4700 omnino,
1843 4635 1988 4688 Deus

409 4729 587 4783 Filius
613 4734 670 4782 et
686 4725 938 4781 Christus
965 4725 1022 4779 in
1043 4741 1153 4794 quo
1175 4725 1444 4780 inhabitat
1471 4741 1484 4778 :
1511 4725 1764 4794 quamvis
1797 4723 1994 4780 callide

407 4817 481 4872 ad
525 4815 886 4886 decipiendos
929 4815 1204 4884 simplices
1232 4831 1400 4870 unum
1438 4830 1537 4870 eos
1567 4830 1688 4870 esse
1711 4831 2003 4884 argumen-

411 4909 570 4963 taris.
603 4909 897 4977 Apostolus
920 4922 1156 4976 namque
1185 4907 1438 4977 superius
1462 4907 1651 4961 docuit
1701 4907 1874 4961 Deum
1897 4907 2001 4960 Pav-

411 5001 578 5064 trem,
611 5015 720 5055 non
755 5000 923 5055 Deum
949 4999 1146 5054 Filium
1175 5041 1189 5063 ,
1238 5001 1416 5054 inesse
1468 4999 1709 5064 Christo,
1739 5001 2006 5056 mundum

417 5093 530 5148 sibi
565 5091 1050 5157 reconciliantem;
1079 5091 1320 5160 denique
1345 5091 1423 5145 ait
1460 5109 1473 5144 :
1513 5089 1571 5144 Si
1593 5108 1698 5161 qua
1722 5093 1778 5144 in
1803 5089 2008 5146 Christo

418 5203 558 5240 noua
591 5193 835 5238 creatura
865 5225 880 5246 ,
915 5191 1090 5236 uetera
1113 5183 1462 5236 transierunt.
1532 5180 1666 5234 Ecce
1687 5181 1830 5250 facta
1883 5188 2007 5233 sunt

417 5279 602 5332 munia
632 5293 768 5330 noua
792 5277 860 5330 ³⁷.
881 5255 1073 5330 omnia
1099 5283 1280 5329 autem
1303 5267 1618 5344 per'Deum,
1645 5272 1740 5342 qui
1764 5271 2010 5326 reconci-

417 5368 582 5424 liavit
615 5383 718 5422 nos
741 5366 850 5423 sibi
874 5382 972 5436 per
995 5366 1306 5422 Christum.
1341 5365 1496 5430 Quod
1524 5365 1569 5419 si
1591 5363 1809 5418 videtur
1830 5361 2010 5417 adhuc

420 5463 656 5518 dubium
676 5503 692 5528 ,
723 5478 885 5532 quem
905 5463 1074 5516 Deum
1109 5461 1256 5516 dicat
1304 5475 1402 5530 per
1423 5459 1700 5514 Christum
1748 5457 2010 5513 mundum

425 5553 536 5608 sibi
571 5551 948 5618 reconciliare,
977 5560 1162 5606 utrum
1193 5551 1408 5604 Patrem
1428 5565 1496 5604 an
1522 5549 1752 5614 Filium,
1796 5547 1865 5601 ab
1894 5546 2012 5615 ipso

2077 527 2188 598 ipse
2217 531 2344 598 facit
2376 548 2536 602 opera
2562 551 2679 588 sua.

2148 619 2212 674 N.
2245 621 2361 676 Una
2383 631 2437 676 et
2464 626 2688 694 aequam
2717 668 2730 693 ,
2763 643 2831 682 an
2868 627 3082 686 diversa
3115 639 3200 686 est
3221 631 3396 688 virtus
3445 641 3502 688 et
3525 649 3659 704 opev-

2078 709 2218 763 ratio
2243 710 2530 769 Trinitatis
2557 716 2581 768 ?

2148 797 2208 853 C.
2245 801 2360 855 Una
2400 819 2644 872 prorsus.

2147 889 2212 942 N.
2252 891 2511 949 Universa
2541 911 2668 968 ergo
2707 915 2827 968 quae
2867 911 3124 956 creantur
3162 919 3192 958 a
3234 913 3344 960 tota
3391 883 3658 964 Trinitate

2080 995 2338 1039 creantur
2363 1002 2375 1036 :
2418 1002 2484 1041 an
2509 987 2604 1042 tibi
2644 991 2749 1046 hoc
2773 1008 2879 1046 non
2909 994 3170 1048 videtur?

2149 1074 2210 1129 C.
2239 1075 2433 1132 Omnia
2458 1095 2580 1149 quae
2616 1079 2746 1136 facit
2777 1083 2955 1149 Pater,
2989 1085 3104 1139 haec
3163 1087 3354 1142 eadem
3405 1089 3657 1145 similiter

2080 1173 2133 1218 et
2155 1165 2324 1220 Filius
2349 1167 2509 1232 facit,
2545 1186 2649 1226 nec
2681 1172 2800 1228 sine
2823 1173 3031 1244 Spiritu
3053 1187 3244 1232 sancto
3277 1179 3436 1234 Pater
3474 1188 3530 1236 et
3563 1179 3656 1235 Fi-

2082 1255 2190 1311 lius
2214 1258 2422 1328 aliquid
2447 1260 2673 1317 faciunt.

2691 1375 2842 1432 CAP.
2879 1377 3066 1434 XVIII.

2153 1483 2218 1538 N.
2248 1483 2420 1540 Omne
2450 1488 2681 1542 mortale
2739 1499 2984 1545 creatum
3016 1491 3156 1549 dicis
3183 1508 3252 1548 an
3269 1495 3617 1551 increatum?

2152 1575 2213 1630 C.
2251 1575 2485 1632 Omnino
2519 1587 2782 1636 creatum.

2152 1667 2219 1722 N.
2261 1667 2316 1722 Si
2347 1685 2476 1739 ergo
2501 1685 2662 1726 omne
2693 1672 2841 1743 quod
2872 1673 3105 1728 moritur
3151 1684 3406 1730 creatura
3427 1684 3536 1742 est,
3560 1691 3660 1730 er-

2011 1789 2052 1843 Β
2085 1773 2150 1828 go
2188 1768 2244 1814 et
2266 1757 2519 1815 Christus
2541 1777 2640 1831 pro
2675 1765 2882 1820 nostris
2909 1767 3150 1834 peccatis
3187 1775 3441 1822 mortuus
3467 1808 3482 1832 ,
3511 1782 3666 1822 crea-

2082 1859 2202 1906 tura
2231 1859 2334 1906 est.
2366 1853 2434 1907 Et
2464 1853 2592 1922 quia
2615 1855 2764 1910 nulla
2795 1864 2879 1911 est
2897 1869 3150 1912 creatura
3196 1874 3363 1930 quam
3402 1874 3515 1914 non
3539 1859 3665 1913 Tri-

2079 1941 2222 1996 nitas
2254 1951 2512 2011 operetur
2533 1983 2546 2009 ,
2583 1944 2830 2014 profecto
2865 1945 3138 2014 Christus,
3167 1965 3331 2018 quem
3349 1965 3448 2019 pro
3464 1950 3668 2004 nostris

2079 2031 2318 2100 peccatis
2345 2042 2620 2088 mortuum
2645 2035 2989 2102 credimus,a
3011 2046 3120 2094 tota
3154 2039 3422 2096 Trinitate
3445 2049 3668 2095 creatus

2079 2127 2182 2183 est,
2207 2127 2261 2174 et
2284 2121 2642 2195 resuscitatus
2663 2138 2692 2177 a
2715 2123 2964 2190 mortuis,
2989 2127 3117 2195 quia
3155 2143 3263 2182 una
3291 2137 3377 2182 est
3415 2128 3592 2182 virtus
3609 2136 3668 2183 et

2079 2189 2324 2280 operatio
2352 2209 2654 2268 Trinitatis.
2686 2215 2842 2280 Quod
2875 2216 3051 2271 sinon
3073 2225 3158 2271 est
3201 2217 3540 2272 contrarium
3570 2233 3666 2272 ve-
3753 2237 3765 2246 ν

2071 2301 2252 2372 ritati,
2281 2300 2562 2357 Christum
2597 2313 2841 2360 creatum
2866 2315 2922 2361 et
2947 2307 3331 2362 resuscitatum
3351 2347 3365 2372 ,
3421 2309 3670 2363 sicutra-

2083 2391 2160 2446 tio
2185 2393 2409 2457 docuit,
2435 2409 2465 2447 a
2504 2402 2616 2449 tota
2649 2396 2876 2452 credere
2898 2396 3172 2452 Trinitate
3199 2437 3239 2472 δ
3273 2413 3376 2454 nec
3411 2399 3518 2452 hoc
3561 2399 3671 2454 erit

2083 2487 2418 2540 contrarium
2457 2487 2714 2552 veritati,
2769 2496 2939 2544 totam
3001 2489 3324 2572 Trinitatem
3375 2491 3580 2560 pariter
3613 2491 3670 2545 in

2082 2576 2304 2634 Christo
2333 2578 2643 2634 inhabitare
2677 2619 2692 2646 ,
2720 2595 2882 2650 quem
2907 2580 3032 2636 sine
3059 2580 3228 2637 dubio
3257 2581 3606 2640 resuscitavit
3639 2597 3671 2636 ιι

2091 2668 2349 2723 mortuis.

2153 2756 2216 2813 C.
2250 2757 2420 2829 Impia
2465 2759 2690 2814 omnino
2709 2768 2767 2816 et
2793 2761 3052 2833 sacrilega
3089 2803 3104 2827 ,
3136 2770 3300 2832 atque
3332 2760 3666 2816 Arianorum

2085 2847 2440 2919 blasphemiis
2461 2849 2579 2904 hanc
2607 2851 2837 2906 assertio
2859 2854 3189 2922 coaequando
3209 2863 3313 2916 est,
3342 2869 3464 2924 quas
3503 2851 3670 2909 Chri-

2087 2946 2232 2991 stum
2256 2951 2368 2991 non
2396 2937 2570 2992 Deum
2590 2939 2876 3008 pradicat,
2902 2940 2998 2996 sed
3020 2950 3353 2997 creaturam.
3376 2941 3490 2996 Nec
3503 2941 3672 3006 enim,

2091 3039 2150 3084 ut
2177 3029 2342 3099 impie
2362 3039 2774 3101 argumentatus
2795 3033 3172 3098 es,Christum
3198 3048 3298 3103 pro
3319 3035 3526 3088 nostris
3551 3048 3674 3103 pec-

1377 3118 1526 3194 ξ¹ξ9¹ξ
1551 3118 1831 3160 ⁵⁹ν³³¹ῖ¹⁶¹¹¹
1851 3118 1981 3194 _°*”_'
2009 3118 2052 3174 C
2085 3123 2222 3177 catis
2243 3130 2520 3176 mortuum
2551 3129 2662 3177 tota
2688 3130 2837 3178 creat
2864 3132 2919 3178 et
2939 3123 3231 3179 resuscitat
3254 3123 3498 3180 Trinitas
3519 3141 3530 3178 :
3549 3139 3674 3178 cum

1074 3191 1241 3238 “nam
1299 3183 1623 3285 Ττξωίὲξθφ
1642 3179 1966 3285 si“???
2071 3213 2325 3270 Christus
2357 3222 2610 3270 mortuus
2637 3230 2738 3284 pro
2759 3215 2999 3285 peccatis
3023 3215 3230 3270 nostris
3249 3231 3358 3269 non
3377 3224 3675 3269 extraneus

2075 3315 2169 3361 aut
2185 3306 2416 3370 alienus,
2437 3305 2531 3360 sed
2553 3321 2694 3361 unus
2711 3321 2776 3360 ex
2796 3305 2908 3375 ipsa
2932 3305 3198 3360 Trinitate
3217 3304 3678 3374 sit.Creaturqui-

2078 3397 2201 3450 dem
2225 3403 2280 3450 et
2311 3393 2668 3448 resuscitatur
2701 3409 2732 3448 a
2754 3402 2866 3448 tota
2918 3393 3208 3456 Trinitate,
3252 3409 3366 3448 non
3395 3391 3670 3458 Christus.

2081 3485 2174 3540 sed
2200 3499 2330 3538 caro
2353 3483 2471 3538 sine
2499 3481 2666 3536 dubio
2695 3481 2930 3536 Christi:
2967 3488 3022 3534 et
3045 3483 3174 3550 quia
3219 3495 3346 3534 caro
3377 3496 3487 3534 non
3533 3478 3677 3533 alte-

2085 3575 2220 3642 rius,
2244 3574 2337 3629 sed
2363 3574 2536 3644 ipsius
2557 3581 2640 3629 est
2659 3571 2886 3636 Christi,
2912 3579 3062 3626 creat
3093 3580 3150 3625 et
3168 3571 3462 3626 resuscitat
3509 3570 3673 3640 Chri-

2087 3675 2206 3720 stus
2251 3665 2606 3733 semetipsum
2673 3663 2977 3718 secundum
3022 3677 3244 3717 carnem
3281 3677 3405 3717 cum
3431 3662 3592 3716 Patre
3621 3669 3676 3714 ct

2091 3756 2295 3826 Spiritu
2329 3765 2519 3811 sancto
2547 3773 2561 3818 ;
2596 3770 2720 3809 nam
2752 3764 2807 3810 et
2827 3755 3122 3824 Apostolus
3166 3771 3275 3810 non
3305 3771 3336 3810 a
3383 3755 3676 3816 Trinitate,

2094 3847 2189 3902 sed
2223 3862 2252 3900 a
2278 3846 2438 3900 Patre
2474 3845 2859 3900 resuscitatum
2894 3845 3174 3901 Christum
3201 3845 3274 3899 ita
3301 3852 3555 3909 testatur,
3589 3845 3678 3899 di-

2095 3950 2227 3990 cens
2263 3951 2276 3988 :
2311 3933 2510 3989 Paulus
2541 3933 2810 4005 apostolus
2832 3975 2846 3999 ,
2895 3953 3001 3990 non
3049 3935 3114 3990 ab
3149 3934 3469 4000 hominibus,
3513 3951 3680 4005 neque

2099 4043 2190 4098 per
2217 4027 2498 4090 hominem,
2527 4027 2619 4080 sed
2645 4043 2740 4097 per
2753 4025 2938 4081 Iesum
2978 4026 3246 4084 Christum
3296 4035 3344 4082 et
3384 4026 3547 4080 Deum
3568 4025 3679 4079 Pa-

2102 4129 2254 4187 trem,
2281 4123 2372 4193 qui
2390 4123 2658 4176 suscitavit
2687 4138 2807 4175 eum
2831 4140 2863 4176 a
2898 4122 3126 4175 mortuis
3143 4121 3208 4174 ⁸⁸.
3240 4119 3352 4174 Nec
3381 4119 3530 4174 enim
3551 4119 3680 4188 quia

2104 4213 2242 4268 dixit
2280 4229 2294 4266 :
2348 4212 2463 4266 Non
2492 4212 2555 4266 ab
2579 4212 2871 4266 hominibus
2892 4251 2906 4272 ,
2961 4227 3127 4280 neque
3163 4226 3257 4278 per
3274 4210 3559 4272 hominem,
3591 4209 3682 4262 sed

2108 4321 2197 4374 per
2244 4301 2424 4356 Iesum
2486 4300 2748 4356 Christum
2802 4341 2816 4365 ,
2851 4302 3026 4358 Deum
3063 4314 3192 4354 eum
3252 4298 3632 4354 tantummodo
3665 4340 3679 4362 ,

2112 4411 2220 4450 non
2242 4402 2298 4450 et
2321 4393 2596 4449 hominem
2638 4392 2960 4462 praedicavit
2991 4431 3009 4457 ,.
3035 4391 3284 4447 scribens
3303 4389 3510 4445 Calatis
3540 4430 3554 4452 ,
3587 4391 3682 4460 qui

1763 4453 1821 4554 SE
1848 4453 1992 4554 ine“
2024 4467 2067 4521 θ
2097 4488 2313 4543 fuerant
2337 4501 2370 4542 a
2397 4453 2710 4540 Judaaorum
2741 4453 3217 4554 pseudoapostolis
3267 4497 3408 4553 pene
3436 4453 3679 4550 decepti.

2090 4577 2366 4646 sapienter
2398 4589 2708 4629 sermonem
2755 4582 3056 4644 temperat,
3084 4581 3145 4648 ut
3173 4588 3273 4626 nec
3322 4572 3494 4627 Deum
3523 4585 3674 4626 mor-

2092 4675 2248 4722 tuum
2279 4682 2309 4720 a
2343 4667 2453 4721 Deo
2481 4666 2639 4720 Patre
2657 4665 3040 4720 resuscitatum
3094 4663 3382 4720 audientes
3447 4662 3678 4718 scanda-

2098 4758 2417 4822 lizarentur,
2449 4756 2588 4810 duos
2630 4755 2734 4812 sibi
2757 4755 2890 4810 deos
2941 4755 3275 4811 aestimantes
3299 4755 3368 4809 ab
3423 4753 3684 4824 Apostolo

2096 4846 2422 4918 praedicari,
2441 4861 2542 4900 nec
2560 4862 2755 4914 purum
2780 4846 3056 4902 hominem
3079 4845 3372 4904 crederent
3401 4845 3682 4902 Christum

2109 4955 2140 4992 a
2172 4938 2403 4993 mortuis
2423 4936 2741 4991 suscitatum
2764 4975 2778 4990 .

2753 5073 2903 5129 CAP.
2933 5073 3076 5128 XIX.

2187 5187 2251 5241 N.
2277 5187 2413 5242 Cum
2439 5186 2590 5241 velut
2625 5186 2846 5255 impiam
2871 5192 2928 5240 et
2958 5184 3281 5238 Arianorum
3327 5180 3687 5252 biaspbemiis

2111 5277 2496 5348 coaequandam
2529 5277 2886 5332 assertionem
2921 5292 3098 5332 meam
3160 5291 3356 5346 arguas
3381 5315 3396 5340 ,
3423 5275 3552 5345 quia
3574 5271 3686 5328 dixi

2103 5377 2416 5421 creaturam
2469 5367 2750 5421 Christ-ain
2812 5406 2828 5430 ,
2876 5367 2973 5436 qui
3032 5380 3132 5436 pro
3208 5363 3414 5419 nostris
3483 5376 3684 5432 pecca-

2111 5459 2186 5511 tis
2217 5466 2302 5511 cst
2327 5467 2580 5512 mortuus
2605 5498 2618 5520 ,
2651 5457 2782 5527 quia
2811 5457 2992 5512 omnis
3027 5457 3217 5526 utique
3251 5462 3506 5510 creatura
3539 5467 3688 5506 mor-

2115 5545 2278 5605 talis,
2339 5545 2645 5601 immortale
2705 5553 2890 5600 autem
2923 5551 3007 5599 cst
3044 5542 3190 5612 quod
3243 5541 3551 5595 iucrcatum
3602 5545 3687 5592 cst

509 5705 550 5738 "
571 5707 617 5764 ll
642 5707 768 5764 Cor.
793 5723 848 5773 v,
875 5706 958 5760 i9.
1034 5707 1076 5737 ³⁶
1099 5707 1307 5760 Coloss.
1331 5721 1385 5770 ιι,
1409 5702 1460 5758 9.
1538 5703 1578 5736 ³⁷
1603 5703 1646 5757 ll
1673 5704 1799 5758 Cor.
1823 5717 1874 5769 ν,
1903 5701 1984 5755 l7.

2096 5701 2106 5732 ³
2135 5699 2316 5754 Calat.
2347 5714 2386 5766 ι,
2412 5697 2468 5755 1.

3553 331 3654 398 150
3733 384 3741 392 .

3711 5123 3762 5169 ιβ’
