3904 6144
333 314 429 384 1’1

1592 306 1907 366 JOANNIS
1948 307 2325 369 MAXENTII

3500 309 3613 376 15!

327 441 383 489 et
413 428 844 502 quaternitatem
877 427 1174 499 pradicare
1209 440 1279 480 ne
1322 424 1563 480 :estimes
1592 463 1607 488 ,
1638 438 1707 478 eo
1764 422 1914 492 quod
1945 425 1993 482 Α
2024 427 2077 479 in
2112 442 2364 491 numero,
2395 444 2505 483 non
2541 428 2719 484 solum
2754 428 3058 484 secundum
3088 441 3376 498 personas,
3401 441 3609 483 verum

328 524 445 580 dixi
496 523 755 579 eumdem
806 520 1088 578 Christum
1118 534 1149 573 a
1172 525 1284 574 tota
1309 516 1579 572 Trinitate
1616 523 1865 570 creatum
1891 553 1908 579 ,

327 625 386 673 et
409 632 440 670 a
461 615 701 671 mortuis
739 612 1123 670 resuscitatum
1158 627 1172 664 :
1207 616 1265 664 ιιι
1298 608 1526 664 omnino
1569 608 1724 678 juxta
1749 604 1911 660 Aria-

327 721 435 765 nos
450 703 789 761 llomousion
812 703 1056 765 dividere
1074 743 1089 767 ,
1118 708 1175 758 et
1210 699 1640 772 quaternitatem
1660 711 1763 768 pro
1786 694 1912 760 Tri-

330 798 502 854 nitate
534 796 832 868 praedicare
855 810 917 851 es
942 793 1342 864 deprehensus.

402 888 465 953 (ἴε
495 888 817 959 Quanquam
866 886 1124 957 imperite
1149 884 1318 940 nimis
1349 897 1570 939 omnem
1598 886 1912 937 creaturam

330 981 616 1037 mortalem
645 993 767 1034 esse
801 976 1034 1033 deﬁnias
1059 1017 1074 1041 ,
1100 976 1197 1031 ubi
1230 986 1412 1034 tamen
1455 988 1541 1028 me
1573 970 1916 1031 Homousion

330 1070 599 1135 dividere,
636 1077 731 1123 aut
771 1067 1201 1139 quaternitatem
1229 1080 1332 1144 pro
1387 1064 1661 1126 Trinitate
1716 1060 1918 1135 pradi—

331 1177 457 1221 care
489 1161 747 1233 coarguis
774 1161 799 1222 3

401 1253 470 1308 N.
500 1252 560 1306 In
589 1268 656 1307 eo
685 1266 810 1305 cum
842 1250 982 1306 dicis
1011 1266 1183 1305 unum
1213 1267 1281 1305 ex
1306 1249 1601 1307 Trinitate.

401 1345 466 1401 C.
493 1346 635 1400 Doce
658 1359 810 1415 ergo,
833 1358 1039 1414 quaeso,
1063 1341 1531 1413 quemadmodum
1555 1340 1673 1394 haec
1703 1338 1914 1402 dicens,

336 1436 663 1492 divisionem
696 1436 940 1505 ingeram
972 1434 1249 1497 Trinitati,
1276 1434 1363 1488 vel
1396 1431 1826 1502 quatemitatem
1859 1430 1916 1489 in

338 1527 727 1601 praedicatione
754 1526 1043 1582 Trinitatis
1072 1526 1350 1581 inducam.

408 1618 473 1672 N.
503 1617 700 1672 Omnia
740 1632 862 1687 quae
896 1616 1089 1671 insunt
1125 1616 1304 1680 factis,
1328 1613 1549 1670 infectis
1586 1613 1769 1669 inesse
1802 1628 1917 1667 non

338 1715 588 1778 possunt.
621 1705 829 1761 Infecta
871 1720 1005 1761 vero
1046 1712 1131 1761 est
1171 1704 1434 1769 Trinitas,
1464 1713 1541 1770 et,
1566 1711 1627 1758 ut
1664 1705 1913 1758 omittam

338 1806 558 1861 cetera,
580 1796 725 1851 inest
753 1794 914 1851 factis
945 1794 1113 1851 etiam
1147 1802 1433 1861 numerus,
1460 1794 1516 1849 in
1548 1807 1781 1848 numero
1813 1807 1915 1848 au-

340 1898 448 1943 tum
479 1886 616 1942 ordo
638 1895 723 1942 est
744 1885 910 1955 primi
935 1893 993 1941 et
1016 1885 1264 1947 secundi.
1291 1885 1346 1941 in
1374 1884 1569 1941 ordine
1591 1900 1723 1941 vero
1747 1886 1918 1957 majo-

338 1981 416 2033 ris
437 1979 779 2049 minorisque
803 1977 1051 2049 gradatio
1078 1985 1257 2049 potest
1280 1978 1533 2033 accidere
1555 1977 1836 2043 Trinitati,
1860 1987 1917 2034 et

335 2087 413 2149 ea.
438 2071 652 2125 ratione
681 2084 788 2140 qua
823 2071 876 2125 ei
910 2084 1019 2124 non
1052 2069 1261 2132 insunt,
1287 2085 1409 2140 qua:
1441 2070 1632 2125 insunt
1659 2085 1913 2135 numero,

333 2179 440 2220 nec
469 2177 737 2218 numerus
769 2162 916 2218 inest
946 2162 1022 2218 ei.
1047 2160 1396 2233 Quapropter
1426 2177 1539 2217 non
1572 2170 1671 2218 est
1689 2162 1916 2217 omnino

333 2257 555 2311 veritati
585 2270 912 2326 congruum.
940 2271 1110 2310 unum
1146 2270 1213 2310 ex
1243 2254 1513 2309 Trinitate
1542 2254 1728 2331 dicere
1756 2252 1919 2309 Chri-

334 2356 505 2411 stum,
530 2347 657 2418 quia
685 2364 873 2411 unum,
898 2345 1115 2401 numeri
1145 2354 1359 2401 constat
1383 2360 1506 2401 esse
1532 2346 1862 2400 vocabulum
1897 2363 1911 2399 :

336 2450 394 2494 et
431 2440 561 2509 quia
600 2440 780 2495 omnis
818 2454 1086 2494 numerus
1125 2439 1180 2493 in
1220 2437 1494 2493 divisione
1534 2446 1637 2503 est,
1667 2437 1917 2494 dividere

335 2539 423 2585 est
461 2528 829 2594 Homousiou,
865 2543 1037 2583 unum
1083 2527 1271 2583 dicere
1312 2542 1381 2582 ex
1418 2526 1716 2590 Trinitate,
1751 2542 1913 2598 quam

337 2630 558 2678 constat
599 2622 657 2677 in
692 2623 927 2686 unitate,
962 2635 1079 2675 non
1116 2620 1173 2675 in
1209 2618 1480 2675 divisione
1521 2619 1842 2675 subsistere.

407 2713 469 2771 C.
518 2714 702 2770 Multis
755 2722 813 2768 et
862 2711 1152 2783 superﬁuis
1203 2710 1724 2767 ratiocinationibus
1775 2710 1916 2765 nihil

336 2820 572 2885 prorsus
612 2803 804 2886 egisti,
840 2801 948 2866 nisi
996 2813 1058 2857 ut
1097 2812 1150 2859 te
1188 2810 1315 2872 post
1355 2800 1586 2855 nimium
1634 2799 1913 2867 laborem,

340 2896 718 2952 sabellianum
760 2893 1102 2959 ostenderes,
1134 2892 1228 2964 qui
1264 2892 1409 2948 sicut
1439 2905 1604 2946 unam
1638 2898 1914 2956 naturam,

341 2990 424 3046 sic
472 3003 637 3045 unam
688 2998 744 3045 et
792 2988 1158 3044 substantiam
1212 2987 1328 3042 sive
1376 3000 1668 3057 personam
1719 2986 1919 3041 asserit

2013 520 2179 575 etiam
2209 520 2516 576 secundum
2546 530 2802 577 naturam
2826 519 3073 575 Trinitas
3095 518 3511 575 numerabitur.
3534 518 3613 574 Et

2012 614 2163 683 quia,
2192 622 2255 668 ut
2284 612 2446 679 dicis,
2471 614 2654 670 omnis
2683 627 2952 669 numerus
2974 612 3029 667 in
3060 612 3396 666 divisionem
3430 609 3610 674 cadit,

2014 721 2046 762 s
2082 713 2134 759 te
2170 705 2376 774 potius,
2409 720 2519 761 non
2554 722 2583 760 a
2616 705 2782 761 nobis
2813 704 3153 761 Homousion
3182 703 3480 765 dividitur,
3509 705 3614 775 qui

2017 809 2189 849 unum
2222 795 2406 850 credis
2436 811 2598 866 posse
2628 797 2712 852 vel
2745 796 3031 851 numerari
3059 795 3149 850 vel
3179 794 3376 850 dividi.
3412 792 3525 851 Sed
3561 796 3612 852 si

2016 899 2226 950 unum,
2270 885 2420 955 quod
2468 886 2773 956 perfectum
2822 894 2908 942 est
2955 896 3012 942 et
3060 886 3445 951 individuum,
3493 901 3611 941 non

2015 983 2200 1045 potest
2239 976 2295 1029 in
2331 975 2665 1031 divisionem
2706 976 2926 1033 numeri
2970 977 3152 1047 aliqua
3192 976 3408 1030 ratione
3446 990 3611 1031 rece-

2015 1064 2184 1128 dere.
2231 1080 2341 1120 non
2397 1066 2700 1123 dividimus
2746 1066 3089 1123 Homousion
3138 1082 3265 1121 cum
3312 1066 3607 1122 Christum

2018 1172 2191 1211 unum
2214 1171 2281 1211 ex
2304 1157 2574 1213 Trinitate
2600 1173 2722 1214 esse
2746 1159 3021 1213 veraciter
3042 1160 3392 1213 conﬁtemur.
3412 1158 3611 1228 Neque

2016 1249 2164 1304 enim
2206 1250 2391 1305 omnia
2429 1267 2552 1320 quae
2587 1259 2954 1309 numerantur
2986 1252 3154 1306 etiam
3189 1251 3357 1315 rebus
3392 1251 3610 1320 pariter

2016 1339 2365 1405 dividuntur,
2391 1343 2647 1411 quamvis
2676 1342 2864 1398 omnis
2898 1354 3022 1413 quas
3053 1342 3381 1397 dividuntur
3410 1341 3604 1406 rebus,

2016 1431 2181 1487 simul
2220 1432 2388 1487 etiam
2431 1443 2813 1489 numerentur.
2846 1434 3215 1489 Numeramus
3254 1433 3440 1497 enim,
3474 1414 3631 1507 cum.et

2015 1522 2255 1579 dicimus
2293 1523 2432 1581 duas
2469 1524 2738 1580 edicacias
2776 1525 2909 1591 soli,
2947 1524 3300 1595 splendorem
3341 1514 3613 1595 videlicet:

2015 1622 2074 1669 et
2095 1616 2358 1676 calorem,
2385 1631 2488 1670 nec
2516 1626 2699 1671 tamen
2723 1631 2819 1672 eas
2842 1592 3168 1680 dividimus,
3197 1616 3325 1686 quia
3358 1592 3627 1691 tantum-1'

2018 1702 2182 1758 modo
2222 1718 2319 1759 eas
2364 1705 2677 1775 cognitione
2720 1706 3081 1776 percipimus.
3125 1706 3392 1762 Similiter
3433 1707 3604 1761 etiam

2018 1809 2395 1859 numeramus,
2424 1812 2552 1851 cum
2583 1796 2820 1853 dicimus
2850 1798 3137 1859 Christum
3172 1799 3464 1853 Dominum
3496 1814 3604 1852 no-

2017 1894 2192 1941 strum
2223 1887 2280 1942 in
2304 1888 2523 1945 duabus
2545 1890 2762 1946 naturis
2790 1890 2983 1956 unitis,
3007 1890 3105 1948 sed
3137 1907 3248 1945 non
3277 1891 3420 1945 ideo.
3432 1891 3605 1946 rebus

2016 1976 2238 2032 easdem
2262 1985 2490 2034 naturas
2511 1979 2838 2046 dividimus,
2860 1996 2999 2050 quas
3025 1979 3141 2035 sola
3170 1990 3383 2036 tantum
3410 1981 3605 2050 cogni-

2017 2068 2166 2125 tione
2211 2068 2599 2126 discernimns.
2643 2072 2973 2127 Trinitatem
3028 2081 3248 2137 autem,
3292 2072 3437 2128 sicut
3488 2072 3602 2142 iam

2016 2162 2273 2231 superius
2302 2163 2511 2218 dictum
2539 2172 2646 2228 est,
2678 2164 2984 2218 secundum
3015 2178 3280 2233 personas
3307 2171 3362 2217 et
3389 2163 3604 2218 discer-

2016 2251 2201 2306 nimus
2221 2260 2279 2306 et
2299 2267 2676 2317 numeramus,
2698 2269 2861 2323 quam
2894 2262 3076 2308 tamen
3104 2253 3411 2309 secundum
3438 2261 3573 2309 natu
3587 2282 3604 2294 -

2019 2358 2172 2406 ram,
2203 2358 2327 2412 qua:
2372 2360 2481 2399 una
2530 2355 2588 2400 et
2630 2344 2745 2399 sola
2790 2353 2904 2409 est,
2935 2359 3042 2401 nec
3084 2344 3455 2400 discemimns
3499 2360 3604 2399 nec

2018 2449 2374 2489 numeramus
2424 2453 2438 2489 :
2488 2436 2618 2506 quia
2671 2436 2857 2492 unitas
2904 2437 3021 2491 sive
3069 2436 3455 2506 singularitas,
3498 2438 3601 2491 Seu

2018 2534 2170 2582 certe
2213 2527 2383 2596 (quod
2418 2528 2617 2582 melius
2650 2527 2763 2583 dici
2797 2528 2954 2597 puto)
2987 2527 3123 2582 unio
3155 2526 3465 2581 divinitatis
3499 2542 3605 2582 nec

2018 2618 2377 2680 discernitur,
2407 2632 2512 2674 nec
2551 2627 2900 2675 numeratur.
2934 2618 3148 2673 Dicitur
3180 2633 3311 2688 ergo
3351 2617 3606 2673 Christus

2019 2726 2164 2766 unus
2205 2727 2275 2768 ex
2325 2711 2628 2776 Trinitate,
2660 2720 2720 2766 et
2761 2726 2874 2767 non
2919 2710 3190 2765 dividitur
3232 2709 3603 2774 Homousion,

2016 2804 2148 2873 quia
2184 2819 2293 2858 non
2331 2802 2636 2859 secundum
2674 2802 2730 2857 id
2774 2801 2922 2872 quod
2960 2810 3287 2857 numeratur
3323 2799 3602 2864 Trinitas,

2019 2894 2115 2949 sed
2143 2892 2451 2950 secundum
2480 2893 2535 2948 id
2561 2909 2672 2963 quo
2698 2902 3023 2948 numeratur
3048 2908 3193 2947 unus
3217 2907 3284 2947 ex
3309 2891 3603 2957 Trinitate,

2014 2984 2277 3042 Christus
2324 2984 2614 3041 asseritur.
2651 2985 2969 3054 Precipne,
3000 2984 3133 3053 quia
3175 3000 3348 3038 unum
3394 2998 3607 3053 nequa'

342 3082 651 3137 Trinitatis.
677 3080 768 3138 Sic
795 3083 966 3146 enim,
989 3089 1051 3136 ut
1081 3089 1139 3134 tu
1170 3080 1273 3141 vis,
1299 3079 1356 3133 in
1387 3078 1536 3133 nulla
1560 3084 1717 3148 parte
1740 3078 1920 3133 aderit
1945 3092 1988 3149 ε
2021 3091 2187 3147 quam
2207 3117 2223 3139 ,
2262 3082 2326 3130 ut
2373 3076 2584 3131 dictum
2634 3083 2751 3139 est,
2795 3083 3086 3145 reputatur
3134 3074 3189 3127 in
3241 3088 3507 3136 numero,
3550 3081 3606 3128 et

340 3189 608 3230 numerus
633 3173 942 3238 Trinitatis,
970 3188 1082 3227 non
1110 3172 1221 3242 jam
1255 3168 1521 3233 Trinitas,
1552 3167 1649 3223 sed
1681 3178 1922 3224 tantum-

340 3266 506 3321 modo
546 3265 680 3321 unio
724 3273 840 3321 tota
886 3262 1191 3319 secundum
1233 3268 1409 3315 totum
1451 3268 1535 3315 est
1577 3276 1589 3312 :
1628 3266 1685 3313 et
1721 3260 1766 3314 si
1808 3267 1920 3314 tota

341 3357 646 3417 Secundum
683 3364 858 3412 totum
892 3355 1027 3408 unio
1057 3362 1163 3414 est,
1197 3349 1474 3422 quomodo
1506 3348 1780 3405 Trinitas?
1812 3350 1919 3406 nisi

340 3450 482 3505 forte
522 3449 844 3503 nominibus
887 3454 1128 3510 tantum,
1166 3454 1222 3501 et
1267 3458 1377 3500 non
1417 3441 1770 3507 substantiis,
1804 3442 1920 3498 sive

339 3534 1131 3605 personis.'l‘rinitatem,juxta
1158 3531 1637 3598 Sabellium,sicut
1664 3533 1921 3604 superius

340 3627 547 3680 dictum
594 3634 706 3690 est,
748 3624 915 3698 558
959 3632 1014 3679 et
1058 3623 1288 3680 Paulum
1338 3623 1753 3679 Samosatenum
1799 3638 1920 3681 esse

342 3715 651 3771 contendis.
685 3715 795 3769 Aut
825 3715 872 3769 si
909 3713 1076 3769 rebus
1109 3722 1166 3767 et
1201 3711 1525 3767 substantiis
1557 3712 1748 3769 fateris
1786 3712 1919 3766 sub-

344 3805 541 3865 sistere
579 3803 940 3866 Trinitatem,
974 3811 1036 3857 ct
1077 3803 1244 3856 alium
1288 3802 1427 3856 dicis
1468 3803 1714 3866 Patrem,
1754 3802 1921 3857 alium

343 3893 572 3955 Filium,
605 3891 773 3945 alium
815 3899 998 3945 autem
1039 3889 1303 3959 Spiritum
1343 3898 1614 3955 sanctum,
1645 3890 1922 3969 quomodo

344 3984 590 4045 Trinitas
640 3996 749 4036 non
801 3981 1166 4036 numeratur?
1210 3996 1336 4035 nam
1382 3981 1489 4036 hoc
1541 3981 1720 4050 ipsum
1773 3982 1920 4051 quod

343 4072 591 4128 Trinitas
663 4072 872 4129 dicitur
911 4112 926 4135 ,
981 4070 1201 4127 nonnisi
1272 4087 1565 4127 numerum
1628 4072 1920 4143 signiﬁcat.

341 4162 678 4218 Numeratur
710 4178 842 4235 ergo
871 4161 1145 4227 Trinitas,
1171 4171 1227 4218 et
1259 4178 1367 4243 non
1403 4171 1729 4219 numeratur
1762 4181 1774 4216 :
1811 4180 1921 4218 non

344 4265 666 4313 numeratur
688 4254 994 4318 secundum,
1017 4266 1293 4325 naturam,
1316 4258 1444 4329 quia
1469 4257 1539 4315 de
1563 4273 1627 4314 ea
1653 4258 1921 4330 scriptum

343 4356 428 4404 t'st
461 4365 475 4401 :
511 4347 580 4403 Et
607 4349 880 4421 sapientia!
913 4350 1024 4424 ejus
1053 4367 1157 4405 non
1189 4359 1273 4404 est
1291 4368 1539 4405 numerus
1562 4350 1627 4417 ³⁵,
1655 4365 1925 4407 numerus

2025 3168 2212 3224 omnia
2257 3184 2380 3239 quae
2426 3168 2709 3225 intellectu
2760 3175 3161 3231 numerantur,
3193 3182 3303 3221 non
3352 3167 3607 3236 protinus

2027 3262 2195 3316 rebus
2239 3262 2407 3316 etiam
2451 3260 2800 3315 dividuntur.
2834 3259 2976 3315 Hinc
3016 3268 3073 3314 et
3114 3259 3319 3314 Paulus
3364 3275 3378 3311 :
3430 3258 3605 3322 Unus,

2027 3352 2227 3421 inquit,
2253 3350 2393 3405 Deus
2427 3350 2612 3416 Pater,
2640 3366 2705 3404 ea:
2737 3366 2840 3422 quo
2868 3352 3071 3414 omnia,
3099 3359 3149 3402 et
3180 3366 3317 3402 unus
3351 3348 3607 3404 Dominus

2027 3450 2205 3498 uoster
2224 3440 2378 3496 Iesus
2403 3438 2661 3504 Christus,
2684 3457 2775 3511 per
2798 3457 2953 3511 quem
2978 3441 3157 3494 omnia
3174 3439 3239 3493 “.
3262 3438 3609 3509 Quapropter

2026 3544 2137 3590 tam
2179 3534 2393 3589 ratione
2436 3548 2600 3603 quam
2641 3533 2729 3589 his
2766 3532 2973 3587 divinis
3009 3531 3343 3586 testimoniis
3379 3545 3517 3585 vana
3554 3540 3608 3586 et

2026 3627 2208 3683 inanis
2245 3626 2477 3683 docetur
2510 3626 2601 3680 illa
2645 3634 2739 3680 tua
2778 3624 2969 3680 multis
3010 3623 3342 3695 syllogismis
3381 3624 3607 3679 collecta

2025 3719 2344 3779 conclusio,
2368 3733 2491 3788 quae
2521 3716 2661 3772 dicit
2702 3733 2813 3771 non
2850 3715 3148 3771 convenire
3181 3700 3401 3769 veritati
3436 3730 3607 3768 unum

2026 3824 2092 3863 ex
2119 3808 2390 3863 Trinitate
2419 3807 2605 3862 dicere
2633 3806 2919 3863 Christum
2957 3822 2970 3859 :
3008 3805 3139 3875 quia
3170 3819 3364 3867 unum,
3389 3804 3604 3858 numeri

2024 3900 2311 3969 proprium
2349 3910 2453 3966 est,
2487 3914 2752 3955 numerus
2789 3908 2972 3953 autem
3012 3898 3193 3953 omnis
3237 3898 3293 3952 in
3336 3896 3607 3952 divisione

2024 4000 2130 4048 est.

2660 4082 2813 4139 CAP.
2853 4081 2974 4137 XX.

2096 4176 2163 4231 N.
2187 4175 2467 4245 Quidquid
2496 4190 2561 4230 ex
2592 4175 2778 4244 aliquo
2802 4187 2925 4229 esse
2951 4173 3180 4237 dicitur,
3203 4181 3299 4227 aut
3325 4188 3425 4243 per
3449 4189 3612 4244 geneo

2029 4267 2331 4332 rationem,
2366 4274 2463 4322 aut
2492 4281 2592 4336 per
2621 4264 3064 4335 processionem,
3099 4266 3336 4319 alterum
3370 4265 3610 4320 ostendit

2029 4373 2097 4413 ex
2135 4358 2311 4413 altera
2354 4376 2368 4411 :
2414 4372 2514 4427 per
2551 4357 2992 4426 generationem,
3031 4366 3093 4411 ut
3133 4373 3165 4411 a
3208 4358 3371 4412 Patre
3407 4359 3606 4419 Filius,

345 4451 527 4500 autem
558 4440 861 4496 secundum
897 4456 1186 4511 personas,
1217 4443 1348 4523 quia
1376 4451 1491 4498 tres
1524 4457 1773 4512 personas
1802 4442 1925 4498 Tri-
1957 4446 2000 4502 Β
2028 4446 2173 4500 Deus
2201 4447 2352 4501 enim
2385 4461 2454 4500 ex
2482 4446 2597 4501 Deo
2624 4444 2832 4500 dicitur
2861 4461 2874 4499 :
2910 4461 3010 4515 per
3035 4447 3452 4515 processionem
3481 4460 3610 4500 vero

347 4533 514 4595 nitas,
540 4533 702 4590 Pater
728 4542 784 4590 et
809 4533 980 4589 Filius
1008 4543 1063 4589 et
1091 4532 1332 4604 Spiritus
1363 4543 1603 4589 sanctus.
1631 4534 1778 4606 Ergo
1811 4550 1923 4590 non

347 4624 524 4678 solum
551 4625 846 4696 singularis
869 4637 1134 4680 numerus
1157 4624 1211 4677 in
1234 4622 1524 4688 Trinitate,
1543 4640 1735 4679 verum
1757 4623 1923 4680 etiam

349 4712 578 4781 pluralis
599 4714 933 4777 admittitur,
953 4712 1085 4768 licet
1106 4727 1215 4767 non
1242 4714 1426 4768 omnia
1454 4712 1668 4768 admitti
1696 4722 1923 4784 queant,

351 4816 475 4870 quae
516 4803 706 4858 insunt
740 4819 994 4859 numero.
1028 4802 1345 4860 Secundum
1383 4804 1652 4874 pluralem
1689 4819 1926 4874 namque

262 4891 304 4955 ἴ,
350 4905 646 4946 numerum
677 4891 885 4946 dictum
916 4899 1001 4947 est
1030 4908 1044 4946 :
1078 4891 1355 4946 Faciamus
1388 4891 1651 4947 hominem
1684 4893 1754 4947 ad
1786 4893 1925 4949 ima-

353 4983 529 5053 ginem
574 4991 624 5037 et
665 4982 1065 5037 similitudinem
1111 4991 1348 5041 nostram
1376 4984 1443 5038 δθ.
1480 4983 1549 5039 Ει
1595 5002 1608 5039 :
1655 4972 1930 5041 Veniamus

355 5089 451 5145 ego
491 5081 541 5127 et
576 5073 760 5137 Pater,
795 5082 845 5126 et
884 5076 1211 5128 mansionem
1245 5076 1387 5145 apud
1426 5091 1544 5138 eum
1588 5075 1841 5146 facimus
1863 5077 1928 5131 “.

357 5165 428 5220 Et
463 5179 478 5217 :
508 5163 621 5235 Ego
656 5169 709 5216 et
736 5162 900 5218 Pater
928 5178 1094 5218 unum
1124 5178 1305 5218 sumus
1327 5163 1394 5229 ",
1418 5179 1589 5222 unum
1624 5165 1929 5222 secundum

360 5265 645 5322 naturam,
670 5270 782 5310 non
819 5254 1125 5310 secundum
1160 5269 1444 5325 personas.
1471 5255 1614 5315 Hinc
1664 5257 1931 5315 docemur

358 5364 532 5403 unum
579 5362 692 5404 non
737 5360 859 5402 esse
902 5361 1221 5410 numerum,
1259 5349 1511 5419 quamvis
1558 5351 1632 5408 sit
1676 5351 1835 5423 origo
1879 5359 1937 5409 et

360 5439 695 5517 principium
732 5434 986 5500 numeri,
1017 5436 1164 5507 quod
1203 5437 1442 5493 solidum
1479 5454 1695 5511 semper
1728 5441 1933 5499 indivi-

364 5543 592 5601 snmque
626 5525 901 5590 subsistit.
931 5525 1188 5598 Alioquin
1222 5526 1271 5582 si
1304 5544 1472 5584 unum
1500 5545 1531 5584 a
1562 5541 1614 5586 te
1642 5540 1933 5603 reputatur

434 5731 474 5769 "
501 5734 635 5796 Psul.
663 5755 836 5803 σκιὴ,
995 5738 1035 5770 ⁵ο
1064 5739 1200 5794 Gen.
1223 5756 1258 5807 ι,
1281 5739 1368 5793 26.
1449 5740 1486 5773 ³⁸
1508 5741 1659 5802 John.
1692 5752 1795 5809 xiv,
1822 5741 1912 5796 23.

2025 5740 2211 5798 'Jean.
2238 5758 2288 5809 ι,
2311 5739 2398 5796 30.
2478 5741 2564 5796 "1
2595 5740 2721 5796 Cor.
2747 5757 2856 5806 vin,
2886 5739 2937 5796 6.

2031 4536 2286 4593 similiter
2319 4535 2560 4606 Spiritus
2598 4543 2851 4599 sanctus,
2881 4551 3008 4590 nam
3048 4545 3106 4592 et
3138 4535 3208 4591 de
3243 4551 3312 4592 eo
3346 4538 3608 4607 scriptum

2030 4635 2117 4686 est
2160 4647 2174 4684 :
2211 4628 2322 4683 Nos
2361 4635 2542 4681 autem
2580 4643 2685 4682 non
2724 4629 2974 4697 spiritum
3005 4628 3163 4698 hujus
3195 4630 3379 4683 mundi
3410 4630 3609 4698 accepi-

2032 4733 2171 4781 mus,
2195 4717 2286 4771 sed
2313 4717 2560 4787 spiritum
2580 4717 2671 4788 qui
2696 4732 2762 4771 ea:
2782 4717 2893 4771 Deo
2918 4726 2995 4771 est
3015 4714 3079 4771 “.
3103 4715 3261 4782 Quod
3291 4717 3336 4771 si
3360 4715 3612 4773 Christus

2032 4824 2101 4866 ex
2128 4808 2401 4865 Trinitate
2429 4817 2533 4871 est,
2561 4818 2655 4864 aut
2684 4824 2785 4879 per
2814 4808 3232 4880 generationem
3261 4807 3404 4864 alter
3428 4818 3534 4870 est.
3557 4815 3612 4862 et

2033 4907 2120 4957 est
2143 4899 2289 4956 ﬁlius
2306 4900 2596 4955 Trinitatis
2623 4917 2636 4954 :
2664 4909 2762 4956 aut
2784 4916 2885 4971 per
2906 4902 3322 4972 processionem
3349 4901 3490 4956 aiter
3505 4909 3609 4964 est,

2036 4992 2195 5064 quasi
2232 5008 2264 5048 a
2305 4992 2580 5049 Trinitate
2623 4992 2951 5063 procedens.
2991 4991 3056 5048 Et
3095 4993 3245 5062 quod
3288 5009 3392 5047 nos
3431 4994 3612 5047 dicere

2036 5085 2278 5154 putatis,
2320 5099 2420 5139 vos
2467 5091 2725 5153 quartum
2782 5090 2841 5143 et
2891 5093 3215 5139 extraneum
3267 5100 3298 5138 a
3346 5083 3609 5138 Trinitate

2034 5171 2314 5229 Christum
2344 5172 2826 5243 deprehendimini
2856 5172 3182 5242 praedicare,
3209 5172 3458 5228 dicentes
3486 5187 3611 5227 cum

2032 5279 2158 5322 esse
2199 5280 2265 5322 ex
2305 5258 2986 5335 Trinitate.'Qnapropter
3024 5281 3197 5320 unum
3247 5265 3301 5318 in
3344 5264 3614 5319 Trinitate

2032 5354 2315 5412 Christum
2368 5354 2563 5419 fateri,
2609 5356 2944 5412 catholicum
2997 5354 3219 5426 judico,
3268 5369 3381 5410 non
3429 5362 3613 5409 autem

2036 5458 2208 5499 unum
2249 5459 2317 5498 ex
2355 5442 2643 5498 Trinitate.

2105 5533 2165 5591 C.
2194 5533 2353 5590 Sicut
2395 5547 2493 5603 per
2531 5534 2945 5604 generationem
2984 5541 3042 5589 et
3071 5549 3171 5605 per
3204 5531 3616 5603 processionem

3020 5737 3106 5794 “1
3142 5735 3269 5793 Cor.
3294 5733 3469 5802 11,12.
