4020 6142
301 330 408 397 I53

1583 335 1919 410 DIALOGI,
1960 337 2107 398 LIB.
2144 337 2231 397 II.

3442 335 3542 400 15‘

297 451 436 505 alter
465 445 777 503 ostenditur
803 464 873 505 ex
906 449 1100 513 altero,
1133 448 1207 504 Ita
1242 456 1298 504 et
1328 463 1428 519 per
1454 447 1864 518 processionem
1894 450 1938 505 Δ
1965 449 2199 519 pulatis,
2230 463 2395 503 unam
2431 460 2722 518 personam
2762 446 2964 502 Christi
2997 445 3196 501 factam
3230 461 3351 501 esse
3385 462 3540 502 com-

298 540 488 611 procul
526 539 699 596 dubio
743 540 885 596 alter
921 540 1154 596 docetur
1191 556 1256 596 ex
1297 541 1504 606 altero,
1536 541 1667 611 quia
1700 548 1760 596 et
1797 540 1867 596 de
1966 549 2305 606 memorant,
2339 540 2592 595 dicentes
2630 538 2909 597 Christum
2948 550 3114 592 unam
3155 551 3224 592 ex
3268 537 3541 595 Trinitate

299 640 549 687 creatura
591 630 819 698 dicitur,
862 632 1049 688 omnia
1092 647 1162 687 ex
1210 631 1342 687 Deo.
1384 631 1729 702 Quapropter
1771 632 1866 700 qui
1966 647 2279 702 personam,
2310 646 2482 687 unum
2512 631 2791 687 Christum
2824 646 2890 686 ex
2917 629 3186 685 Trinitate
3217 629 3376 685 fateri
3415 630 3542 685 nul-

298 720 573 778 Christum
599 737 628 777 a
649 721 923 780 Trinitate
949 729 1197 777 creatum
1227 731 1284 777 et
1308 722 1697 778 resuScitatum
1723 736 1871 776 asse-

300 816 449 873 runt,
480 820 738 879 quartum
771 825 901 865 eum
939 810 1226 866 evidenter
1258 817 1580 865 extraneum
1616 824 1646 865 a
1680 808 1867 864 Trini-

302 907 411 954 tate
432 915 532 970 per
550 902 884 956 creationem
908 909 1175 955 statuunt.
1195 900 1350 966 Quod
1373 901 1504 970 quia
1528 908 1585 954 tu
1616 900 1871 970 superius

301 1001 550 1046 astruere
581 1001 814 1048 conatus
846 1007 927 1057 es,
961 993 1089 1048 ideo
1122 992 1215 1047 hic
1245 1007 1344 1063 per
1371 993 1782 1062 generationem
1815 1001 1872 1047 et

301 1084 732 1153 processiouem,
762 1086 999 1140 alterum
1035 1083 1242 1140 ducens
1280 1098 1402 1138 esse
1439 1098 1509 1138 ex
1546 1084 1741 1147 altero,
1774 1097 1872 1153 per

301 1175 633 1230 creationem
657 1176 845 1232 dicere
872 1176 1121 1242 noluisti,
1136 1191 1209 1231 ne
1233 1182 1425 1231 contra
1449 1174 1684 1244 teipsum
1710 1189 1872 1244 agere

301 1266 590 1322 videreris.
622 1264 736 1323 Nos
764 1274 946 1322 autem
978 1280 1158 1337 neque
1186 1281 1287 1342 per
1312 1266 1747 1337 generationem,
1774 1279 1873 1319 ne-

303 1373 407 1427 que
446 1373 548 1428 per
578 1359 1011 1428 processionem,
1038 1367 1221 1429 neque
1258 1373 1356 1428 per
1388 1357 1744 1420 creationem,
1776 1355 1872 1413 sed

298 1450 448 1518 juxta
477 1456 794 1512 numerum,
819 1446 1105 1502 Christum
1133 1463 1302 1507 unum
1334 1446 1570 1501 fatemur
1598 1461 1667 1500 ex
1694 1444 1876 1499 Trini-

302 1548 432 1601 tate,
464 1540 609 1598 sicut
638 1539 878 1594 solemus
910 1552 1082 1595 unum
1114 1538 1416 1608 quemlibet
1445 1554 1513 1593 ex
1543 1537 1760 1592 duobus
1789 1538 1876 1593 vel

304 1631 481 1685 tribus
528 1631 849 1701 pluribusve
895 1631 1213 1700 specialiter
1262 1630 1678 1693 demonstrare,
1720 1630 1874 1700 juxta

302 1738 464 1793 quem
508 1722 733 1777 modum
772 1736 876 1777 nec
913 1721 1212 1777 diminutio
1254 1721 1342 1787 fit,
1377 1736 1482 1777 nec
1519 1729 1873 1791 augmentum

302 1813 420 1881 ejus
452 1812 707 1877 numeri,
739 1827 850 1880 quo
883 1812 1264 1881 unusquilibet
1292 1811 1611 1881 specialiter
1639 1810 1869 1865 demon~

301 1909 527 1956 stratur.
577 1901 768 1970 Neque
826 1900 975 1955 enim
1034 1900 1344 1955 diminutas
1395 1908 1481 1954 est
1528 1899 1616 1954 vel
1681 1906 1875 1953 auctus

301 2009 564 2049 numerus
588 1995 989 2064 apostolorum,
1015 2009 1140 2048 cum
1172 1993 1379 2047 dicitur
1405 2011 1418 2046 :
1459 1990 1604 2047 Unus
1634 2006 1698 2045 ea:
1733 1989 1874 2044 vobis

303 2086 473 2140 tradet
514 2101 599 2138 me
616 2084 682 2149 ⁸³,
707 2093 802 2138 aut
837 2084 1079 2155 seipsum
1114 2085 1357 2142 Joannes
1395 2082 1638 2138 alienum
1677 2081 1808 2136 facit
1844 2094 1876 2134 a

302 2176 615 2242 duodecim,
645 2184 743 2230 aut
773 2175 997 2230 tertium
1029 2174 1305 2230 decimum
1340 2174 1556 2243 probat,
1583 2186 1708 2228 cum
1741 2170 1878 2226 dicit

302 2268 364 2323 de
389 2268 579 2338 seipso
606 2284 620 2320 :
649 2266 715 2321 Et
737 2274 853 2320 erat
878 2266 1173 2320 recumbens
1204 2282 1344 2320 unus
1373 2281 1437 2319 ea:
1466 2262 1738 2334 discipulis
1762 2262 1875 2331 ejus

301 2361 353 2413 in
379 2360 506 2414 sinu
532 2358 679 2425 Iesu,
710 2373 865 2429 quem
894 2357 1145 2429 diligebat
1178 2356 1468 2428 plurimum
1487 2355 1562 2421 “;
1600 2363 1696 2409 aut
1724 2361 1876 2408 certe

302 2459 656 2522 augmentum
686 2449 783 2514 ibi,
811 2458 907 2507 aut
933 2448 1230 2506 diminutio
1256 2447 1438 2517 aliqua
1462 2445 1603 2500 facta
1630 2451 1717 2499 est
1739 2441 1878 2496 duo-

302 2557 419 2596 rum
452 2539 856 2611 discipulorum
884 2539 1136 2598 euntium
1173 2538 1230 2593 in
1260 2539 1551 2600 Emmaiis,
1577 2549 1704 2590 cum
1733 2533 1878 2588 dici-

302 2642 390 2686 tur
418 2651 434 2686 :
477 2631 547 2686 Et
578 2640 698 2685 erat
730 2647 868 2686 unus
901 2647 966 2685 ea:
998 2629 1106 2685 illis
1148 2628 1413 2700 Cleophas
1434 2629 1500 2682 ".
1530 2626 1879 2695 Quapropter

302 2738 482 2793 neque
524 2730 910 2793 augmentum,
947 2736 1127 2791 neque
1161 2718 1456 2774 diminutio
1489 2716 1550 2771 fit
1583 2713 1874 2781 Trinitati,

301 2814 583 2870 Christum
630 2812 819 2870 dicere
859 2828 1031 2868 unum
1074 2826 1142 2866 ex
1180 2810 1481 2874 Trinitate,
1512 2808 1609 2864 sed
1650 2806 1878 2878 speciali

302 2905 681 2977 assignatione
733 2916 905 2960 unum
952 2918 1078 2958 cum
1123 2918 1191 2958 ex
1238 2901 1509 2961 Trinitate
1554 2914 1676 2955 esse
1719 2912 1879 2952 mon-

302 3005 574 3062 strantes,
608 3004 666 3052 et
704 3010 801 3050 eos
840 2995 935 3066 qui
976 2993 1356 3052 confusionem
1396 2991 1878 3049 subsistentiarum

306 3090 638 3160 mdicant,
669 3088 993 3158 abjicimus,
1024 3096 1080 3143 et
1117 3103 1216 3142 eos
1255 3088 1348 3157 qui
1390 3102 1517 3143 eum
1558 3095 1878 3142 extraneum

305 3181 544 3236 credunt
583 3194 653 3233 ex
687 3177 993 3241 Trinitate,
1022 3177 1233 3232 alienos
1274 3192 1303 3230 a
1343 3176 1612 3231 catholica
1653 3173 1881 3230 veritate

305 3270 655 3325 declaramus
682 3287 696 3323 :
725 3269 872 3341 quod
902 3271 1030 3339 quia
1061 3280 1118 3323 tu
1144 3268 1363 3323 veritati
1390 3268 1731 3324 contrarium
1760 3282 1881 3323 esse

302 3362 555 3433 indicas,
596 3370 692 3416 aut
740 3360 1174 3417 substantiamm
1224 3358 1601 3415 confusionem
1655 3358 1882 3414 credere

306 3452 765 3523 deprehenderis,
789 3462 885 3506 aut
909 3459 1229 3506 extraneum
1257 3467 1287 3505 a
1312 3450 1581 3506 Trinitate
1602 3450 1883 3506 Christum

308 3558 539 3614 prorsus
575 3543 860 3613 intelligis.
882 3542 1061 3598 Unum
1094 3550 1275 3595 autem
1315 3541 1368 3594 in
1399 3540 1667 3596 Trinitate
1698 3541 1885 3595 dicere

306 3637 620 3701 Christum,
656 3644 712 3691 et
756 3649 928 3689 unum
976 3649 1104 3688 eum
1154 3649 1220 3686 ex
1263 3628 1532 3686 Trinitate
1577 3631 1882 3702 denegare,

309 3743 415 3782 non
452 3726 895 3789 Catholicorum,
923 3731 984 3777 ut
1018 3723 1241 3787 asseris,
1267 3722 1361 3777 sed
1393 3722 1615 3778 illorum
1647 3731 1733 3777 est
1757 3739 1886 3792 pro-

308 3820 488 3889 prium
509 3858 525 3884 ,
552 3819 645 3888 qui
693 3817 975 3873 Christum
1008 3831 1038 3870 a
1068 3814 1338 3871 Trinitate
1377 3824 1622 3870 creatum
1659 3814 1733 3870 ita
1763 3830 1886 3870 esse

310 3911 549 3965 credunt
582 3909 638 3963 in
673 3907 965 3971 Trinitate,
996 3914 1057 3960 ut
1093 3919 1207 3959 non
1247 3904 1318 3959 sit
1354 3903 1423 3959 de
1459 3904 1751 3967 Trinitate,
1780 3904 1886 3959 hoc

311 4014 417 4066 est,
448 4016 562 4057 non
587 4016 714 4069 eum
741 3997 1048 4055 secundum
1073 4011 1218 4061 esse,
1244 3995 1339 4051 sed
1371 3996 1673 4051 secundum
1708 3997 1887 4050 inesse

311 4101 670 4167 cognoscant.
701 4090 857 4146 Sicut
893 4099 952 4145 et
990 4088 1371 4158 unusquisque
1414 4095 1665 4141 nostrum
1708 4095 1793 4142 est
1832 4087 1885 4140 in

310 4184 613 4248 Trinitate.
642 4183 772 4254 quia
818 4196 963 4237 unus
1004 4189 1091 4236 est
1132 4180 1307 4243 Deus,
1336 4181 1393 4232 in
1435 4196 1536 4249 quo
1577 4179 1797 4233 vivimus
1839 4186 1889 4231 et

315 4291 584 4330 nzovemur
614 4283 663 4327 et
690 4290 873 4329 sumus
893 4272 973 4340 “;
1000 4273 1088 4328 vel
1123 4278 1275 4327 certe
1305 4270 1450 4325 sicut
1477 4270 1701 4333 dicitur,
1728 4270 1890 4323 Pater

317 4366 371 4419 in
402 4366 568 4429 Filio,
595 4364 733 4419 alter
756 4363 990 4419 docetur
1015 4362 1070 4416 in
1100 4362 1277 4419 altero
1305 4378 1317 4413 :
1352 4360 1425 4415 ita
1455 4375 1579 4415 cum
1605 4376 1725 4414 csse
1755 4360 1890 4414 dici-

1969 724 2186 778 Iatenus
2219 723 2598 793 acquiescant,
2632 737 2697 777 ex
2729 722 2933 792 quibus
2967 731 3020 778 te
3052 738 3222 777 unum
3256 731 3378 776 esse
3412 736 3543 790 pro-

1968 812 2094 878 bas,
2121 813 2251 884 quia
2283 828 2447 867 unam
2476 825 2768 881 personam
2797 813 3079 867 Christum
3107 813 3299 867 dicens
3326 828 3392 867 ex
3418 811 3543 865 Tri-

1969 907 2177 970 nitate,
2223 920 2393 960 unum
2440 920 2566 959 eum
2611 905 2798 960 dicere
2839 920 2905 959 ex
2955 904 3228 959 Trinitate
3279 904 3541 959 drclinas.

1969 996 2106 1063 Quis
2144 996 2293 1052 enim
2332 1003 2442 1051 tam
2487 995 2691 1050 stultus
2735 1004 2792 1050 et
2828 1011 3023 1050 vecors
3062 1006 3168 1058 est,
3199 997 3293 1066 qui
3336 998 3485 1053 dicat
3529 1014 3543 1050 :

1971 1087 2168 1143 Petrus
2198 1103 2265 1142 ex
2296 1088 2614 1143 hominibus
2647 1103 2755 1141 una
2790 1102 3025 1157 persona
3058 1098 3162 1151 est,
3191 1103 3303 1142 non
3330 1097 3419 1142 est
3448 1103 3547 1142 au-

1975 1188 2084 1234 tem
2115 1173 2259 1234 unus
2290 1194 2355 1233 ex
2383 1178 2701 1233 hominibus
2729 1179 2955 1233 Petrus?
2986 1177 3332 1247 Quapropter
3354 1178 3548 1232 catho-

1972 1270 2079 1329 lica
2108 1276 2193 1325 est
2217 1270 2485 1336 deﬁnitio,
2513 1270 2683 1327 Deum
2715 1269 2950 1325 Verbum
2982 1269 3273 1323 Dominum
3300 1277 3550 1322 nostrum

1973 1363 2251 1419 Christum
2278 1376 2402 1416 cum
2431 1361 2654 1431 propria
2680 1375 2866 1424 carne,
2894 1375 3064 1415 unum
3091 1359 3249 1416 fateri
3281 1373 3346 1413 ex
3371 1358 3555 1412 Trini-

1975 1462 2108 1518 tate,
2132 1452 2263 1507 licet
2287 1465 2400 1507 non
2432 1453 2504 1507 sit
2553 1451 2857 1506 secundum
2892 1462 3113 1506 carnem
3145 1451 3216 1505 de
3243 1449 3549 1505 substantia

1976 1544 2285 1600 Trinitatis.

2046 1635 2112 1691 N.
2144 1634 2436 1704 Nunquam
2481 1648 2584 1704 ego
2625 1632 2909 1713 Christum
2952 1648 3129 1687 unum
3170 1647 3237 1688 ex
3280 1630 3551 1686 Trinitate

1979 1726 2274 1789 conliteor,
2313 1725 2443 1795 quia
2488 1725 2544 1779 in
2593 1725 2745 1779 nulla
2793 1725 2902 1779 hoc
2948 1724 3235 1794 Scriptura
3287 1723 3552 1778 canonica

1975 1821 2195 1892 legitur.
2222 1819 2546 1888 Exemplum
2575 1825 2759 1870 autem
2792 1815 2927 1870 illud
2954 1816 3103 1885 quod
3131 1815 3199 1870 de
3226 1815 3391 1870 Petro
3422 1829 3553 1884 pro-

1975 1911 2120 1967 ferre
2147 1909 2391 1973 voluisti,
2419 1906 2558 1962 nihil
2591 1906 2660 1961 ad
2695 1920 2917 1961 causam
2949 1906 3232 1976 pertinere
3266 1906 3556 1975 cognosci-

1978 2009 2091 2062 tur.
2112 1999 2242 2069 quia
2278 1997 2474 2068 singuli
2513 1997 2718 2066 quique
2756 1996 3009 2051 homines
3045 1996 3115 2051 ab
3154 1996 3388 2051 invicem
3427 2001 3558 2049 sunt

1977 2091 2140 2147 divisi
2178 2107 2192 2144 ε
2229 2088 2377 2160 quod
2411 2088 2479 2142 de
2509 2086 2600 2141 illa
2632 2086 2916 2141 individua
2950 2095 3005 2141 et
3038 2086 3395 2156 inmparabili
3429 2085 3559 2140 Tri-

1978 2182 2148 2236 nitate
2185 2179 2412 2235 credere
2448 2176 2676 2231 omnino
2712 2175 2941 2244 impium
2981 2175 3393 2245 comprobatur.
3416 2173 3557 2228 Illud

1977 2281 2161 2326 autem
2210 2268 2492 2326 fatendum
2540 2276 2655 2335 est,
2697 2268 2829 2338 quia
2875 2267 3000 2323 sine
3050 2266 3274 2322 Christo
3317 2265 3559 2321 Trinitas

1977 2376 2089 2418 non
2129 2369 2233 2418 est.

2585 2472 2737 2529 CAP.
2777 2470 2948 2530 XXII.

2046 2565 2108 2622 C.
2138 2565 2194 2621 Si
2227 2582 2510 2637 nunquam
2544 2563 2648 2623 nisi
2678 2564 2826 2634 quod
2855 2566 2913 2618 in
2943 2562 3250 2634 Scripturis
3277 2562 3560 2617 canonicis

1978 2658 2312 2723 continetur,
2345 2668 2398 2713 te
2432 2657 2617 2713 dicere
2685 2654 3035 2725 protestaris,
3069 2652 3295 2709 ubinam
3334 2653 3388 2707 in
3428 2652 3561 2723 ipsis

1977 2749 2157 2820 legisti
2211 2761 2382 2803 unum
2408 2748 2463 2803 in
2490 2747 2763 2803 Trinitate
2788 2744 3092 2809 Christum,
3118 2752 3214 2799 aut
3245 2757 3409 2797 unam
3438 2758 3565 2812 per-

1979 2856 2169 2901 sonam
2195 2854 2264 2898 ex
2286 2836 2580 2904 Trinitate,
2599 2838 2688 2893 vel
2712 2847 2885 2901 certe,
2909 2835 3061 2905 quod
3083 2850 3197 2890 non
3223 2834 3295 2890 sit
3319 2833 3564 2889 Trinitas

1978 2933 2100 2988 sine
2127 2930 2382 2987 Christo?
2404 2929 2560 2997 Quod
2594 2942 2720 2985 cum
2751 2928 2977 2992 dicitur,
3002 2926 3129 2996 quis
3154 2942 3265 2982 non
3295 2924 3566 2994 intelligat

1980 3025 2407 3109 quaternitatem
2434 3036 2536 3077 eos
2561 3021 2657 3092 qui
2691 3021 2797 3076 hoc
2831 3027 3108 3084 asserunt,
3137 3016 3471 3088 praedicare?
3506 3015 3566 3070 Si

1908 3112 1952 3172 C
1983 3117 2132 3173 enim
2163 3130 2273 3171 non
2302 3125 2388 3171 est
2411 3115 2659 3170 Trinitas
2690 3115 2809 3169 sine
2841 3111 3086 3179 Christo,
3112 3122 3196 3168 est
3222 3125 3354 3184 ergo
3382 3109 3569 3166 Trini-

1984 3219 2068 3266 tas
2099 3226 2223 3266 cum
2257 3209 2502 3266 Christo.
2525 3210 2662 3266 Nam
2695 3218 2752 3265 et
2784 3225 2910 3265 cum
2948 3222 3283 3281 unoquoque
3311 3215 3562 3265 nostrum

1982 3312 2069 3359 est
2095 3303 2342 3358 Trinitas
2369 3303 2543 3367 Deus,
2567 3303 2662 3373 qui
2695 3318 2809 3357 non
2841 3302 2909 3357 de
2945 3301 3086 3371 ipso,
3104 3299 3198 3356 sed
3233 3301 3290 3354 in
3322 3299 3441 3368 ipso
3475 3312 3569 3351 su-

1983 3409 2123 3457 mus,
2139 3395 2402 3464 sicutjam
2427 3393 2704 3462 superius,
2724 3391 2984 3461 Apostolo
3011 3398 3174 3455 teste,
3188 3388 3564 3460 probavimus,

1983 3485 2225 3551 Quartus
2269 3491 2355 3537 est
2393 3496 2526 3552 ergo
2573 3481 2863 3546 Christus,
2900 3496 3023 3536 cum
3066 3495 3178 3550 quo
3224 3486 3282 3533 et
3322 3476 3568 3532 Trinitas

1984 3574 2148 3628 Pater
2193 3578 2252 3626 et
2295 3566 2472 3626 Filius
2508 3577 2574 3626 “et
2621 3569 2864 3639 Spiritus
2910 3576 3155 3625 sanctus.
3188 3563 3395 3622 Verum
3438 3565 3569 3634 quia

1983 3662 2265 3717 Christum
2293 3676 2463 3717 unum
2490 3676 2559 3716 ex
2585 3660 2859 3717 Trinitate
2888 3659 3075 3714 dicere
3100 3657 3323 3713 veritati
3352 3665 3570 3710 contra-

1987 3754 2131 3808 rium
2169 3752 2418 3823 judicas,
2466 3752 2754 3822 cujusnam
2802 3764 2994 3805 vocem
3042 3749 3192 3805 illam
3231 3761 3353 3802 esse
3399 3745 3568 3808 dicis,

1986 3859 2092 3914 qua
2120 3842 2329 3898 dictum
2373 3852 2460 3900 est
2489 3860 2502 3896 :
2528 3842 2722 3899 Factus
2750 3851 2827 3898 est
2850 3841 3025 3897 Adam
3054 3848 3313 3911 tamquam
3343 3853 3476 3892 unus
3506 3852 3571 3895 ex

1988 3934 2133 3987 nobis
2156 3933 2238 3986 "‘9

2059 4027 2123 4081 N.
2153 4025 2251 4080 Dei
2279 4025 2471 4095 procul
2499 4024 2692 4080 dubio.

2057 4116 2118 4172 C.
2148 4117 2341 4171 Plures
2377 4131 2528 4186 ergo.
2568 4124 2627 4169 et
2663 4129 2775 4169 non
2815 4129 2963 4169 unus
2996 4122 3082 4168 est
3113 4111 3278 4182 559
3314 4112 3480 4171 Deus,
3505 4113 3579 4165 ex

1989 4209 2193 4279 quibus
2217 4222 2363 4262 unus
2388 4207 2523 4262 dicit
2545 4206 2613 4260 ad
2639 4215 2870 4261 caeteros
2897 4222 2910 4257 :
2940 4203 3134 4258 Factus
3157 4211 3232 4256 est
3257 4202 3427 4257 Adam
3454 4210 3579 4253 εστι..

1991 4317 2154 4373 quam
2172 4316 2309 4357 unus
2338 4315 2401 4352 ex
2431 4297 2622 4352 nobis?

2062 4390 2128 4446 N.
2157 4390 2280 4445 Non
2304 4395 2434 4443 sunt
2454 4387 2643 4457 plures
2687 4385 2797 4451 dii,
2836 4385 2932 4441 sed
2967 4400 3109 4441 unus
3134 4392 3219 4441 est
3242 4385 3389 4439 Deus
3412 4385 3583 4438 Pater

288 4465 404 4543 eu".
433 4454 697 4548 Chiis"?
725 4455 781 4548 Ψ
816 4454 1288 4548 Τῷῄίδωῐδιίω
1326 4461 1525 4526 prater
1559 4450 1884 4510 Trinitatem
1918 4453 1964 4515 υ
1988 4490 2044 4537 et
2069 4480 2242 4537 Filius
2269 4486 2326 4534 et
2347 4450 2591 4548 Spiritus
2628 4450 2873 4535 sanctus.

281 4550 497 4681 {nesse
530 4546 855 4618 intelligitur
880 4546 1159 4602 Trinitati.

298 4675 302 4678 ι
922 4658 1054 4681 ,ηδ
1114 4659 1155 4681 ν

922 4658 1073 4715 CAP.
1114 4659 1252 4715 XXI.

382 4751 450 4808 N.
482 4734 631 4806 Nihil
664 4751 811 4822 quod
845 4759 901 4806 et
932 4751 1029 4806 tibi
1065 4750 1321 4822 objiciam
1361 4753 1608 4809 occurrit
1642 4751 1890 4815 ulterius,

318 4840 421 4897 nisi
451 4842 585 4912 quia
614 4857 727 4896 non
760 4856 930 4895 unum
962 4855 1031 4896 ex
1056 4840 1349 4906 Trinitate,
1373 4841 1470 4896 sed
1501 4857 1665 4896 unam
1699 4856 1887 4913 perso-

319 4946 441 4987 nam
478 4930 767 4988 Christum
800 4947 868 4987 ex
902 4931 1172 4986 Trinitate
1211 4932 1410 4987 melius
1445 4932 1685 4987 arbitror
1718 4930 1892 4988 confi—

322 5022 440 5086 teri,
462 5022 744 5092 przecipue
769 5022 900 5092 quia
922 5033 1037 5078 tres
1061 5037 1312 5093 personae
1337 5033 1469 5079 sunt
1493 5023 1800 5079 Trinitatis.

387 5112 453 5171 C.
481 5113 800 5171 Catholicos
839 5129 951 5169 non
992 5114 1129 5170 latet
1155 5131 1186 5170 a
1221 5115 1552 5186 quibusdam
1598 5116 1672 5171 ita
1729 5132 1893 5171 unam

324 5216 616 5273 personam
660 5204 771 5260 dici
816 5201 1131 5271 Christum,
1168 5215 1229 5261 ut
1275 5215 1457 5263 tamen
1504 5223 1618 5264 non
1662 5209 1755 5264 ille
1798 5209 1895 5280 qui

325 5311 422 5367 pro
454 5298 617 5353 nobis
642 5314 811 5355 carne
839 5309 927 5355 est
950 5300 1269 5367 cruciﬁxus,
1296 5318 1404 5358 una
1439 5304 1513 5358 sit
1537 5318 1604 5359 ex
1630 5303 1897 5361 Trinitate

327 5403 581 5458 persona.
608 5390 729 5446 Non
767 5393 915 5446 enim
956 5407 1025 5447 ex
1062 5393 1281 5450 duabus
1318 5396 1533 5450 naturis
1569 5396 1899 5451 naturaliter

325 5480 532 5546 mritis,
574 5496 743 5537 unam
790 5483 1027 5539 credunt
1064 5483 1268 5539 Christi
1319 5500 1644 5555 personam,
1685 5485 1780 5542 sed
1830 5502 1899 5539 ex

330 5570 542 5629 duabus
573 5573 827 5644 personis
859 5589 959 5644 per
983 5575 1427 5646 conjunctionem
1460 5586 1517 5631 et
1542 5577 1771 5648 gratiam
1802 5591 1897 5631 co-

400 5729 446 5767 “
465 5699 628 5792 hiare.
656 5749 764 5800 xiv,
799 5734 876 5788 I8.
958 5735 1172 5792 “Joan.
1198 5752 1310 5806 xm,
1334 5735 1424 5795 23.
1505 5736 1544 5772 τ’
1567 5737 1702 5793 Luc.
1726 5752 1870 5805 xxxv,
1902 5736 1982 5792 l8.
2030 5735 2254 5813 J“Act.
2277 5749 2408 5805 m1,
2430 5733 2521 5792 28.
2600 5734 2807 5791 l"Cen.
2830 5746 2907 5803 tu,
2932 5730 3033 5794 22.

2058 4572 2120 4627 C.
2146 4568 2290 4638 Quid
2318 4584 2449 4639 ergo
2476 4567 2640 4638 hujus
2690 4568 2810 4633 Dei,
2845 4566 2938 4638 qui
2986 4573 3072 4623 est
3102 4566 3262 4620 Pater
3306 4574 3361 4620 et
3406 4563 3581 4618 Filius

1989 4672 2045 4720 ct
2078 4662 2318 4733 Spiritus
2368 4666 2612 4724 sanctus,
2647 4675 2838 4715 vocem
2858 4659 3005 4714 illam
3027 4672 3147 4713 esse
3172 4654 3492 4726 proﬁteris?
3519 4663 3574 4708 et

1986 4757 2035 4813 si
2066 4757 2229 4826 hujus
2248 4753 2347 4809 Dei
2379 4769 2480 4808 vox
2527 4753 2617 4808 illa
2655 4762 2738 4809 est
2767 4792 2781 4815 ,
2822 4751 2891 4806 ad
2949 4766 3114 4821 quem
3164 4749 3300 4808 dicit
3332 4766 3350 4804 :
3388 4747 3574 4802 Factus

1992 4855 2068 4904 est
2091 4848 2262 4903 Adam
2292 4856 2550 4916 tanquam
2588 4862 2725 4899 unus
2751 4860 2818 4898 ea:
2854 4844 2999 4901 nobis
3027 4843 3052 4895 ?

2066 4938 2132 4993 Ν.
2163 4937 2309 4992 Deus
2339 4937 2531 5007 procul
2565 4935 2736 4992 dubio
2764 4934 2926 4990 Pater
2958 4932 3027 4989 ad
3058 4932 3230 4987 Deum
3255 4931 3474 4987 Filium.

2068 5030 2131 5087 C.
2164 5029 2301 5085 Cum
2329 5043 2459 5099 ergo
2482 5028 2645 5082 Pater
2683 5034 2740 5081 et
2768 5025 2939 5079 Filius
2957 5031 3014 5078 et
3061 5022 3300 5093 Spiritus
3357 5030 3580 5077 sanctus

2001 5123 2074 5178 sit
2099 5120 2291 5190 procul
2320 5119 2491 5174 dubio
2517 5134 2624 5172 una
2651 5115 2914 5179 Trinitas,
2941 5129 3065 5170 cum
3096 5114 3258 5169 Pater
3291 5113 3355 5168 ad
3381 5113 3580 5167 Filium

2002 5211 2151 5266 dicat
2179 5224 2197 5262 :
2222 5208 2355 5263 Ecce
2374 5209 2544 5280 factus
2566 5216 2641 5261 est
2658 5206 2829 5262 Adam
2855 5216 3115 5278 tanquam
3142 5222 3276 5258 unus
3301 5220 3364 5257 ex
3393 5204 3536 5257 nobis
3562 5218 3581 5257 :

1998 5316 2108 5356 non
2140 5298 2236 5355 tibi
2270 5298 2489 5353 videtur
2525 5297 2709 5353 dicere
2744 5338 2759 5364 ,
2785 5304 3055 5370 tanquam
3088 5313 3222 5352 unus
3246 5336 3269 5362 »,
3299 5297 3404 5351 hoc
3456 5302 3540 5350 cst
3565 5333 3582 5360 ,

1999 5391 2092 5462 qui
2116 5405 2308 5446 sumus
2339 5389 2628 5445 Trinitas?

2069 5483 2135 5538 N.
2178 5482 2331 5537 Licet
2354 5482 2459 5537 hoc
2492 5480 2640 5537 dicat
2672 5482 2834 5536 Pater
2861 5481 2929 5536 ad
2953 5481 3152 5536 Filium
3190 5520 3204 5544 ,
3236 5494 3338 5549 ego
3376 5485 3582 5537 tamen.

1999 5576 2147 5646 quod
2167 5575 2369 5630 dicitur
2395 5590 2426 5627 a
2463 5572 2893 5644 Scriptura,etsi
2934 5574 3148 5639 nolens,
3177 5571 3349 5626 fateor
3382 5585 3395 5621 :
3437 5564 3589 5637 quOd

3228 5826 3307 5837 ι-νν
3370 5833 3497 5844 -αι
3540 5829 3599 5845 γε.
