4020 6142
451 309 556 378 155
1383 314 1566 376 ΙΟΑΝ
1574 315 1621 375 Ν
1628 315 1700 375 IS
1739 313 2001 374 ΜΑΧΕΝ
2008 315 2038 373 Ἰ

2114 366 2117 372 .
2153 316 2486 390 DIALOGI,
2517 317 2665 378 LIB.
2697 317 2782 378 Π.
3599 313 3701 383 156

449 441 631 487 autem
661 431 795 502 ipsis
821 434 1006 490 verbis
1031 450 1138 490 non
1165 434 1445 505 exprimit,
1471 433 1654 488 dicere
1674 431 1898 487 omnino
1914 445 2024 484 non
2056 436 2100 490 Α
2195 429 2256 488 C.
2289 433 2475 490 Jesum
2504 433 2623 490 sine
2647 433 2819 488 dubio
2839 473 2854 498 ,
2888 446 2994 489 nec
3015 433 3249 488 alterum
3280 430 3576 503 aliquando
3605 447 3700 489 co-

450 521 651 578 audeo.
685 521 792 578 Sed
815 523 1165 581 suﬁicitmihi
1193 565 1207 588 ,
1244 534 1304 580 ut
1328 524 1618 579 calumniae
1659 522 2016 578 contentione
2121 525 2306 594 gnovi.

449 627 688 677 caream,
725 615 830 670 hoc
859 625 1068 670 tantum
1101 615 1170 670 de
1201 615 1338 670 Filio
1369 615 1577 678 dicere,
1605 615 1752 684 quod
1781 614 1837 668 in
1863 613 2017 684 Sym-
2189 613 2256 668 N.
2287 613 2342 669 Si
2370 629 2500 685 ergo
2535 615 2774 685 idipsum
2811 622 2915 681 est,
2943 613 3116 672 audes
3135 629 3222 670 me
3257 613 3577 670 bzercticum
3617 613 3701 670 di-

449 700 576 755 bolo
606 703 938 765 continetur,
975 705 1144 758 Deum
1175 705 1388 759 scilicet
1415 712 1471 758 et
1504 704 1702 758 Filium
1727 712 1784 759 et
1822 705 2007 774 unige-
2119 717 2267 766 cere,
2297 705 2343 759 si
2376 705 2485 760 tuis
2521 705 2872 759 sermonibus
2901 705 2978 758 uti
3006 705 3269 768 noluero,
3303 719 3394 767 ne,
3427 703 3560 759 dum
3597 703 3698 759 tibi

451 790 624 844 nitum
665 792 841 847 Patris
891 801 1076 848 natum
1129 793 1198 848 de
1243 793 1452 864 Spiritu
1491 804 1682 850 sancto
1732 810 1799 849 ex
1849 779 2023 850 Maria
2120 791 2418 858 satisfacio,
2465 793 2590 848 aliis
2619 793 2894 849 haereticis
2945 792 3296 848 occasionem
3343 791 3433 847 sui
3487 791 3700 848 erroris

448 881 690 950 Virgine.
2121 883 2313 938 videar
2339 885 2622 940 exhibere.

513 972 574 1025 C.
609 971 714 1026 Sed
741 975 908 1028 Deum
939 983 1125 1029 natum
1145 991 1214 1030 ex
1239 975 1463 1046 Virgine
1511 975 1675 1030 etiam
1703 977 1793 1032 ille
1825 975 1965 1030 dixit
2001 1015 2018 1041 ,
2189 973 2248 1029 C.
2279 975 2334 1030 Si
2368 977 2441 1031 ob
2465 977 2518 1031 id
2545 994 2653 1031 non
2713 987 2802 1033 est
2851 975 3406 1033 Christus'fatendus
3448 991 3594 1031 unus
3629 991 3698 1031 ex

441 1057 534 1125 qui
561 1059 703 1127 apud
729 1061 1006 1130 Ephesum
1039 1061 1436 1117 condemnatus
1457 1071 1540 1118 est
1571 1081 1582 1116 :
1617 1078 1726 1115 non
1754 1079 1865 1132 quo
1889 1078 2020 1118 vere
2121 1065 2422 1131 Trinitate,
2449 1082 2519 1121 ne
2558 1067 2690 1123 dare
2721 1067 3066 1122 occasionem
3094 1065 3380 1120 videamur
3399 1065 3694 1129 btereticis,

439 1155 498 1201 et
529 1151 747 1219 proprie
773 1159 962 1204 natum
982 1153 1339 1206 conﬁteretur
1364 1153 1533 1207 Deum
1557 1169 1624 1208 ex
1643 1153 1846 1207 femina
1875 1193 1889 1214 ,
1923 1153 2020 1207 sed
2122 1170 2229 1208 non
2257 1164 2387 1210 sunt
2416 1156 2740 1211 confitenda:
2767 1167 2879 1210 tres
2915 1170 3162 1225 personae
3189 1163 3279 1219 ,et
3307 1154 3584 1217 Trinitas,
3625 1169 3696 1208 ne

439 1250 665 1310 prepter
689 1244 991 1299 unitionem
1041 1245 1135 1299 Dei
1167 1245 1333 1300 Verbi
1372 1245 1441 1300 ad
1471 1245 1748 1300 hominem
1774 1243 1975 1300 factum
2001 1285 2017 1310 ,
2121 1246 2315 1302 demus
2354 1247 2573 1303 Arianis
2619 1249 2964 1304 occasionem
2993 1249 3017 1301 ?
3050 1261 3153 1302 nec
3187 1262 3380 1302 rursus
3425 1247 3696 1301 conﬁten-

333 1367 340 1382 ι
437 1341 599 1396 quem
625 1330 788 1401 Virgo
820 1332 977 1386 enixa
1011 1342 1114 1387 est.
2120 1337 2250 1392 dum
2275 1337 2632 1402 Homousion,
2662 1353 2731 1392 ne
2760 1337 2967 1391 similes
2987 1336 3274 1392 videamur
3299 1334 3698 1392 Paulianistis?

513 1419 574 1472 N.
601 1419 712 1488 Ego
740 1421 911 1475 Deum
938 1421 1178 1476 Verbum
1223 1421 1533 1477 secundum
1558 1438 1782 1478 carnem
1828 1433 2020 1479 natum
2123 1429 2405 1484 Postremo
2438 1437 2708 1499 negentur
2730 1429 2852 1484 duae
2871 1436 3100 1492 natura,
3131 1427 3260 1499 quia
3291 1442 3387 1482 eas
3410 1426 3696 1481 Nestorius

439 1507 565 1564 dico
595 1527 661 1566 ex
691 1511 918 1567 femina.
2121 1535 2340 1590 semper
2365 1528 2422 1576 et
2449 1521 2653 1591 ubique
2677 1521 2958 1592 professus
2977 1529 3061 1576 est
3093 1537 3109 1586 ;
3142 1520 3290 1591 quod
3324 1521 3369 1575 si
3397 1518 3490 1574 ﬁat
3519 1559 3534 1582 ,
3560 1509 3694 1588 quid

1037 1651 1196 1707 CAP.
1243 1652 1431 1708 XXI“.
2122 1612 2494 1708 cotiﬁtendum
2513 1612 2604 1677 sit,
2633 1613 2840 1708 nescio.
2874 1612 3284 1708 Verumtamen,
3328 1611 3384 1708 si
3416 1609 3694 1708 quis-tibi

1183 1693 1196 1707 ‘
1247 1693 1431 1709 ““""
2049 1758 2087 1772 ἡ
2122 1703 2340 1758 dixerit:
2365 1701 2750 1758 Cbristotocon
2774 1703 2984 1756 beatam
3001 1703 3178 1757 fateor
3195 1703 3492 1772 Virginem,
3516 1701 3695 1755 Theo-

504 1780 567 1836 C.
596 1783 766 1838 Deum
792 1785 1035 1842 Verbum
1074 1803 1238 1857 quem
1277 1801 1460 1842 natum
1509 1789 1648 1845 dicis
1679 1806 1746 1846 ex
1772 1790 2012 1859 femina,
2049 1758 2088 1815 Β
2112 1804 2280 1848 tocon
2312 1809 2442 1848 vero
2485 1793 2670 1848 dicere
2719 1793 3038 1847 nullatenus
3089 1758 3402 1862 acquiesco,
3455 1791 3692 1847 catholi-

433 1880 588 1925 extra
625 1873 952 1930 Trinitatem
979 1917 993 1940 ,
1035 1887 1130 1932 aut
1159 1878 1481 1934 Trinitatem
1505 1921 1520 1944 ,
1567 1889 1662 1936 aut
1722 1898 1891 1938 unum
1949 1899 2016 1939 ex
2114 1899 2240 1938 cum
2270 1884 2418 1937 hunc
2444 1898 2517 1937 an
2549 1883 2863 1936 haereticum
2893 1897 3014 1937 esse
3041 1881 3368 1960 pronuntias
3389 1881 3414 1933 Ἰ

437 1962 712 2018 Trinitate
734 1967 1012 2035 profiteris
1041 1969 1066 2021 ?
2183 1971 2250 2026 N.
2285 1971 2615 2026 Haereticum
2637 1971 2825 2041 procul
2863 1970 3034 2024 dubio
3068 1970 3263 2034 fateor,
3293 1969 3423 2040 quia
3460 1969 3566 2026 hoc
3580 1971 3700 2040 jam

513 2052 580 2107 N.
641 2054 830 2124 Neque
879 2057 1226 2125 Trinitatem,
1279 2076 1456 2130 neque
1481 2071 1634 2116 extra
1691 2063 2016 2119 Trinitatem
2114 2062 2356 2134 synodus
2391 2062 2584 2117 statuit
2612 2103 2628 2122 ,
2662 2061 2806 2116 sicut
2843 2069 2899 2118 et
2929 2061 3019 2116 illa
3052 2061 3238 2115 omnia
3268 2077 3391 2130 quae
3421 2077 3452 2116 a
3496 2070 3549 2116 te
3594 2077 3692 2116 su-

430 2141 606 2198 Deum
655 2145 896 2202 Verbum
925 2149 1214 2215 conﬁteor,
1244 2151 1338 2206 sed
1374 2153 1570 2208 Filium
1597 2156 1692 2210 Dei
1721 2156 1890 2212 Deum
1916 2175 2016 2228 pro
2115 2153 2304 2224 perius
2325 2161 2454 2206 sum
2481 2153 2716 2222 prolala-

429 2246 620 2288 nostra
646 2237 820 2292 salute
855 2255 922 2293 ex
955 2240 1156 2294 femina
1197 2243 1498 2298 secundum
1545 2261 1766 2301 carnem
1825 2256 2012 2303 natum
2181 2244 2242 2300 C.
2272 2243 2481 2301 Rursus
2507 2244 2599 2312 qui
2629 2243 2726 2297 tibi
2753 2242 2916 2298 dicit:
2939 2242 3113 2298 Unam
3134 2250 3388 2298 naturam
3409 2243 3498 2297 Dei
3525 2243 3690 2298 Verbi

430 2337 761 2396 passamque
799 2331 1070 2386 confiteor
1088 2374 1102 2397 ,
1146 2334 1252 2387 tuis
1278 2342 1461 2388 autem
1481 2337 1608 2390 nolo
1636 2338 1717 2391 uti
1745 2340 2014 2394 sermoni-
2111 2335 2454 2390 incarnatam
2475 2344 2532 2388 et
2561 2337 2857 2389 animatam
2913 2335 3094 2390 anima
3123 2336 3376 2390 rationali
3399 2347 3455 2390 et
3474 2335 3694 2390 intelle-

429 2416 538 2474 bus
563 2459 579 2484 ,
608 2437 710 2476 nec
729 2438 855 2478 eum
885 2441 1053 2479 unum
1084 2441 1150 2481 ex
1176 2428 1448 2484 Trinitate
1476 2428 1766 2486 conﬁteor.
2111 2427 2278 2480 ctuali
2305 2424 2584 2480 Christum
2610 2423 2900 2488 conﬁteor,
2921 2425 3059 2480 duas
3081 2439 3214 2499 vero
3265 2434 3491 2479 naturas
3530 2423 3692 2478 fateri

2111 2532 2221 2571 non
2249 2516 2460 2581 audeo;
2493 2516 2578 2570 vel
2605 2524 2754 2570 certe
2809 2515 2900 2584 qui
2931 2515 3029 2569 tibi
3068 2514 3272 2570 dixerit
3315 2531 3328 2568 :
3370 2515 3446 2568 Ex
3473 2513 3691 2569 duabus

2111 2611 2325 2664 naturis
2339 2608 2506 2663 credo
2533 2609 2834 2666 Christum.
2855 2609 2910 2662 in
2941 2607 3158 2662 duabus
3208 2616 3392 2660 autem
3417 2621 3544 2660 eum
3577 2620 3691 2660 non

497 2687 560 2744 C.
585 2688 706 2745 Non
735 2692 966 2754 meis,ut
995 2694 1128 2748 mihi
1164 2695 1400 2761 videtur,
1419 2698 1501 2753 vis
1526 2699 1606 2754 uti
1634 2703 2005 2772 sermonibus,
2109 2717 2331 2772 possum
2366 2700 2613 2760 credere,
2640 2715 2710 2754 ne
2735 2699 2924 2754 videar
2949 2698 3294 2754 occasionem
3339 2697 3470 2751 dare
3518 2697 3692 2752 heare-

427 2781 741 2850 prassertim
798 2799 921 2837 cum
950 2800 1060 2859 non
1093 2801 1211 2840 mea
1232 2828 1246 2852 ,
1293 2789 1388 2842 sed
1425 2791 1673 2845 veritatis
1695 2791 1812 2846 hac
1843 2795 2010 2850 verba
2113 2791 2257 2854 licis,
2281 2790 2415 2860 quid
2444 2790 2512 2845 de
2535 2791 2738 2844 talibus
2763 2789 3000 2844 censes?
3031 2789 3170 2843 Num
3199 2788 3369 2841 audes
3397 2802 3493 2841 eos
3515 2786 3694 2840 haere-

426 2871 576 2934 sint;
607 2871 700 2925 sed
733 2873 841 2927 tuis
867 2876 1048 2943 potius
1079 2876 1161 2930 vis
1193 2877 1364 2942 abuti,
1401 2895 1552 2934 more
1584 2880 1842 2938 haeretica
1863 2925 1878 2948 ,
1904 2885 2011 2941 hoc
2108 2882 2246 2936 ticos
2270 2882 2454 2936 dicere
2481 2922 2494 2943 ,
2533 2897 2656 2935 cum
2713 2879 2840 2935 aliis
2891 2879 3076 2935 verbis
3105 2879 3242 2934 duas
3267 2878 3426 2934 fateri
3462 2887 3692 2932 naturas

427 2960 606 3032 ipsum
649 2965 796 3034 quod
836 2967 973 3022 dicis
1006 3008 1020 3033 ,
1043 2968 1382 3040 abnegando.
1447 2970 1580 3026 Nam
1605 2982 1659 3027 et
1685 2974 1870 3030 Ariani
1909 2993 2008 3032 no-
2110 2973 2490 3045 intelligantur
2526 2974 2580 3027 in
2610 2973 2852 3035 Christo,
2895 2971 2990 3026 sed
3023 2987 3092 3026 ne
3118 2971 3414 3025 videantur
3441 2969 3574 3023 dare
3599 2983 3694 3022 oo-

426 3051 638 3152 biscum
677 3067 790 3112 tres
812 3074 1075 3129 personas
1099 3062 1372 3125 fatentur,
1403 3064 1615 3119 Patrem
1641 3075 1697 3120 et
1724 3067 1919 3122 Filium
1949 3079 2004 3125 et
2031 3095 2072 3152 ε
2109 3066 2384 3121 casionem
2438 3065 2711 3120 haereticis
2731 3106 2748 3128 ,
2805 3063 2944 3118 duas
2983 3080 3093 3118 non
3123 3061 3481 3132 acquiescunt
3503 3059 3690 3114 verbis

427 3140 695 3212 Spiritum
731 3159 979 3202 sanctum
1012 3191 1026 3213 ,
1058 3151 1152 3205 sed
1179 3151 1430 3207 nolentes
1468 3154 1801 3212 Homousion
1819 3158 2001 3216 dicere
2035 3140 2072 3152 ν
2105 3155 2238 3225 ipsis
2261 3155 2602 3224 exprimere?

424 3232 665 3289 damnati
696 3247 843 3292 sunt.
881 3237 1148 3294 Similiter
1177 3239 1508 3296 Homousion
1533 3245 1878 3303 Paulianista:
1905 3265 2005 3304 no-
2058 3253 2062 3257 ’
2172 3251 2238 3304 Ν.
2258 3250 2416 3305 Tales
2439 3264 2540 3318 ego
2573 3265 2682 3302 non
2706 3249 2884 3303 solum
2922 3246 3130 3302 alienos
3163 3261 3194 3300 a
3215 3245 3449 3300 veritate
3477 3239 3692 3314 judico,

422 3323 634 3379 hiscum
665 3329 964 3396 praedicant
989 3371 1002 3393 ,
1041 3333 1134 3385 sed
1162 3334 1290 3401 quia
1317 3343 1426 3389 tres
1451 3351 1712 3404 personas
1733 3339 2004 3410 denegant
2100 3359 2291 3397 verum
2317 3341 2479 3396 etiam
2511 3340 2934 3400 anathematilo,
2973 3338 3088 3392 haec
3107 3351 3340 3406 namque
3364 3347 3418 3388 et
3440 3348 3552 3386 non
3581 3330 3692 3386 alia

424 3415 709 3498 Trinitatis
729 3461 742 3482 ,
763 3421 1012 3476 lneretiri
1038 3423 1268 3492 iudicati
1295 3435 1442 3480 sunt.
1479 3426 1650 3498 Aiqnc
1679 3445 1808 3499 ergo
1831 3431 1883 3485 hi
1907 3433 1999 3502 qui
2102 3445 2264 3484 causa
2288 3440 2372 3484 est
2409 3429 2538 3500 quia
2567 3443 2676 3482 non
2725 3427 3199 3481 con'imunicamus
3222 3421 3510 3494 IEgyptiis.

421 3509 596 3564 Deum
616 3513 838 3580 quidem
863 3514 1102 3569 Verbum
1129 3517 1317 3570 dicunt
1339 3527 1524 3572 natum
1557 3523 1858 3576 secundum
1885 3541 2004 3578 car-
2708 3518 2860 3573 CAP.
2892 3517 3055 3572 XXV.

421 3613 550 3654 nem
590 3615 656 3654 ex
690 3601 908 3672 Virgine
935 3645 948 3666 ,
985 3604 1079 3657 sed
1136 3605 1329 3659 nolunt
1353 3624 1475 3661 eum
1527 3611 1778 3665 confiteri
1833 3603 2017 3667 unum
2170 3609 2229 3665 C.
2268 3609 2322 3664 Si
2351 3617 2487 3680 ergo’
2523 3615 2579 3664 et
2609 3605 2826 3676 hosqui
2861 3605 2983 3658 aliis
3032 3603 3218 3657 verbis
3281 3602 3418 3656 duas
3467 3612 3692 3660 naturas

420 3703 489 3746 ex
529 3689 794 3746 Trinitate
821 3733 835 3755 ,
868 3702 965 3748 aut
1020 3709 1142 3748 cum
1211 3695 1449 3751 Saliellio
1503 3715 1663 3752 unam
1713 3717 1998 3770 personam
2101 3698 2432 3766 praedicant,
2467 3695 2562 3750 sed
2592 3695 2786 3748 nolunt
2815 3693 2919 3747 hoc
2958 3691 3100 3746 idem
3134 3692 3266 3760 ipsis
3291 3687 3474 3747 verbis
3504 3693 3691 3762 expri-

421 3783 592 3838 totius
623 3783 1314 3856 Trinitatisintelliguntur
1368 3804 1612 3844 asserere
1639 3831 1654 3854 ,
1685 3801 1792 3846 'aut
1831 3795 1998 3848 alium
2100 3803 2250 3841 mere
2270 3829 2284 3854 ,
2313 3786 2562 3856 quamvis
2599 3799 2947 3854 praepropere
2973 3791 3028 3835 tu
3053 3781 3346 3836 haereticos
3369 3797 3478 3835 non
3507 3783 3686 3837 solum

421 3874 612 3928 nescio
637 3891 798 3944 quem
826 3917 840 3941 ,
868 3876 1040 3930 Deum
1093 3878 1330 3931 Verbum
1367 3881 1666 3948 prredicare
1691 3923 1706 3948 ,
1739 3900 1847 3938 non
1873 3902 1997 3940 eum
2101 3892 2294 3931 censes
2318 3916 2332 3938 ,
2387 3890 2578 3928 verum
2635 3873 2800 3926 etiam
2851 3869 3282 3924 anathematizas
3316 3887 3330 3921 :
3358 3878 3415 3924 et
3471 3885 3568 3924 eos
3591 3871 3686 3939 qui

423 3964 518 4034 qui
550 3980 616 4018 ex
654 3964 922 4020 Trinitate
949 3975 1032 4020 est
1058 4007 1072 4030 ,
1113 3967 1487 4024 confutantur.
2099 3967 2482 4022 Christotocon
2523 3964 2712 4018 dicunt
2748 3963 2964 4015 beatam
2996 3960 3564 4024 Mariam,Theotocon
3592 3975 3691 4014 au-

491 4055 560 4108 Ν.
595 4054 700 4108 Sed
729 4055 873 4110 aliud
909 4057 1194 4111 estdicere
1221 4097 1233 4118 ,
1261 4069 1373 4112 tres
1411 4075 1704 4128 personas,
1733 4071 1787 4116 et
1815 4063 2000 4118 Trini-
2103 4064 2208 4110 tem
2251 4069 2369 4108 eam
2397 4053 2552 4106 fateri
2572 4068 2681 4106 non
2729 4052 3109 4121 acquiescunt,
3155 4052 3404 4107 similiter
3442 4050 3686 4117 damnat,

423 4151 593 4199 tatem
653 4147 816 4200 unius
860 4147 1110 4200 essentia:
1155 4145 1462 4217 denegare,
1515 4158 1609 4204 aut
1666 4150 1996 4209 Homousion
2100 4161 2222 4198 cum
2245 4142 2758 4199 constetChristum
2782 4143 2952 4196 Deum
2972 4157 3092 4197 esse
3117 4152 3171 4196 et
3196 4143 3365 4197 Deum
3387 4141 3688 4208 Christum,

424 4235 674 4292 conﬁteri
703 4278 717 4304 ,
758 4245 813 4292 et
855 4246 966 4293 tres
1007 4254 1270 4307 personas
1296 4241 1441 4294 nulla
1477 4243 1686 4297 ratione
1721 4245 1996 4314 recipere,
2099 4236 2376 4306 quomodo
2399 4233 3210 4304 nosCatholicosiudicabimus
3232 4249 3328 4288 eos
3374 4233 3466 4302 qui
3493 4234 3688 4288 dicunt

423 4329 568 4397 quod
603 4328 768 4384 rebus
792 4330 966 4400 ipsisa
990 4329 1219 4386 veritate
1253 4330 1524 4394 dissentit,
1543 4341 1599 4388 et
1630 4335 1776 4388 aliud
1801 4343 1884 4389 est
1915 4352 2002 4390 re-
2101 4327 2269 4380 Deum
2291 4324 2528 4378 Verbum
2557 4333 2750 4378 natura
2772 4322 3072 4378 secundum
3099 4337 3318 4376 carnem
3343 4321 3408 4374 de
3437 4320 3678 4390 Virgine,

423 4421 528 4478 bus
551 4439 852 4493 congruere
880 4465 894 4488 ,
925 4434 980 4479 et
1012 4425 1195 4479 verbis
1231 4429 1610 4482 tantummodo
1641 4429 1945 4486 dissonare.
2033 4435 2079 4488 D
2106 4426 2160 4470 (τι
2195 4431 2410 4482 Passum
2435 4429 2598 4470 came
2637 4429 2735 4484 ρνο
2759 4414 2952 4478 ηοδίεν
3006 4419 3060 4468 ei
3096 4421 3295 4482 “983'”
3327 4428 3455 4465 eum
3507 4425 3682 4466 unum

1031 2555 1184 2613 CAP.
1233 2559 1420 2615 XXIV.

491 4515 552 4573 C.
591 4516 732 4588 Quid
770 4534 903 4588 ergo
927 4519 1258 4573 catholicum
1301 4537 1422 4576 esse
1460 4522 1598 4576 dicis
1629 4563 1644 4582 ,
1675 4533 1730 4578 et
1776 4525 1994 4581 veritati

2097 4524 2214 4564 esse
2270 4523 2335 4562 ex
2391 4517 2578 4562 sancta
2604 4516 2657 4560 et
2713 4505 2997 4559 individua
3050 4504 3362 4567 Trinitate,
3395 4504 3675 4574 praecipue

421 4622 745 4674 ecum-num,
776 4624 944 4662 unum
968 4607 1152 4663 dicere
1178 4608 1454 4664 Christum
1489 4626 1553 4664 ex
1583 4611 1894 4668 Trinitatc?

1826 4615 1894 4668 εξ)
2097 4600 2221 4670 quia
2273 4599 2462 4653 dicunt
2483 4598 2589 4652 hoc
2615 4597 2897 4652 catholicae
2922 4595 3045 4650 ﬁdei
3071 4595 3368 4649 convenire
3391 4595 3413 4647 ‘2

494 4699 558 4754 Ν.
587 4700 728 4752 Nihil
753 4700 878 4751 volo
901 4699 968 4752 de
994 4698 1094 4752 hac
1117 4715 1175 4753 re
1193 4699 1426 4754 ulterius
1449 4710 1629 4755 tecum
1645 4705 1992 4772 conquirere.

2167 4691 2231 4743 Ν.
2264 4689 2370 4744 Sed
2396 4697 2452 4743 et
2499 4688 2636 4743 duas
2664 4697 2887 4742 naturas
2920 4696 2976 4740 et
3001 4687 3314 4740 Theotocon
3342 4685 3524 4739 dicere
3551 4699 3681 4756 syn-

491 4791 553 4841 υ,
593 4789 797 4842 Mecum
823 4789 1150 4857 conquirere
1172 4791 1402 4844 ulterius
1429 4806 1536 4844 non
1589 4792 1694 4846 alia
1739 4802 1789 4848 te
1833 4812 1994 4850 causa
2096 4783 2236 4835 mins
2259 4781 2526 4842 definivit,
2547 4781 2652 4834 hoc
2679 4789 2862 4832 autem
2887 4778 3038 4831 nulla
3067 4777 3310 4848 synodus
3330 4775 3538 4829 statuit.
3565 4793 3572 4799 υ

421 4871 709 4940 prohibet,
744 4871 847 4924 nisi
895 4871 1022 4941 quia
1050 4886 1214 4925 sensu
1253 4871 1512 4926 haeretico
1541 4914 1556 4937 ,
1587 4875 1774 4930 nescio
1829 4893 1992 4946 quem
2165 4874 2224 4927 C.
2255 4873 2396 4928 Nihil
2427 4873 2590 4943 igitur
2609 4870 2904 4926 arbitraris
2925 4869 3220 4924 dicendum
3241 4878 3438 4940 praeter
3460 4865 3512 4920 id
3536 4865 3683 4936 quod

421 4963 592 5017 Deum
616 4960 874 5025 Verbum,
899 4978 1009 5016 non
1042 4977 1166 5018 eum
1195 4965 1286 5032 qui
1319 4979 1386 5018 ex
1413 4962 1680 5020 Trinitate
1713 4981 1855 5020 unus
1889 4978 1992 5033 est,
2097 4965 2376 5038 synodicis
2401 4964 2604 5018 litteris
2632 4961 2995 5018 continetur?

415 5054 570 5124 juxta
633 5051 956 5106 Manichaius
989 5053 1284 5132 praedicare
1338 5053 1702 5108 convinceris.
1753 5054 1808 5110 Si
1846 5056 1994 5110 enim
2165 5056 2230 5110 N.
2255 5053 2404 5109 Nihil
2425 5054 2669 5108 omnino.

419 5159 532 5198 non
565 5142 620 5197 in
648 5159 833 5208 sensu,
864 5143 959 5198 sed
981 5152 1187 5198 tantum
1214 5144 1268 5198 in
1296 5143 1642 5199 sermonibus
1661 5145 1993 5208 dissonares.
2165 5142 2228 5199 C.
2251 5143 2307 5198 Si
2333 5143 2428 5196 tibi
2453 5143 2520 5196 ab
2549 5143 2733 5211 aliquo
2763 5140 2929 5195 fuerit
2958 5138 3233 5208 obiectum
3257 5178 3272 5202 ,
3299 5145 3483 5192 utrum
3506 5137 3680 5190 Deum

418 5233 686 5304 probares
715 5234 906 5302 utique
954 5233 1279 5288 catholicum
1321 5249 1441 5288 esse
1487 5251 1653 5288 unum
1699 5251 1766 5289 ex
1814 5235 1996 5291 Trini-
2097 5235 2312 5289 Patrem
2345 5233 2590 5304 genitum
2619 5247 2687 5286 an
2717 5231 3022 5302 ingenitum
3043 5229 3298 5294 fatearis,
3357 5227 3489 5298 quid
3521 5227 3572 5284 ei
3619 5242 3683 5282 es

420 5331 532 5381 tate
575 5323 853 5380 Christum
884 5325 1060 5380 fateri.
2099 5325 2514 5394 responsurus?
3433 5309 3438 5327 ’

487 5411 558 5469 Ν.
585 5413 706 5468 Νοη
743 5413 838 5468 tibi
871 5413 1090 5469 videtttr
1126 5413 1363 5484 idipsum
1398 5428 1518 5470 esse
1539 5457 1552 5479 ,
1580 5416 1726 5486 quod
1751 5425 1807 5470 tu
1833 5416 1992 5482 dicis,
2167 5417 2232 5471 N.
2261 5417 2568 5486 ingenitum
2607 5414 2794 5484 procul
2824 5411 3014 5466 dubio.

417 5515 476 5562 et
493 5506 640 5578 quod
677 5522 779 5579 ego
805 5525 818 5560 :
841 5523 908 5562 an
932 5517 989 5562 tu
1031 5506 1199 5561 alium
1229 5507 1418 5562 nescio
1450 5523 1636 5577 quem,
1671 5525 1779 5563 non
1823 5507 1994 5562 Deum
2165 5507 2226 5560 (ἶ.
2257 5505 2312 5560 Si
2339 5505 2434 5558 tibi
2466 5505 2694 5558 dixerit:
2723 5503 2835 5556 iloc
2859 5517 2966 5555 non
2991 5498 3222 5568 accipio,
3255 5498 3386 5569 quia
3411 5499 3558 5554 nulla
3575 5495 3678 5555 hoc

417 5609 610 5652 verum
642 5597 827 5656 Iesum
860 5597 1164 5664 Christum,
1211 5596 1352 5653 dicis
1381 5613 1503 5654 esse
1538 5614 1708 5654 unum
1758 5615 1824 5654 ex
1870 5599 1995 5653 Tri-
2098 5598 2284 5652 statuit
2315 5596 2605 5662 synodus?

404 5673 630 5748 illitam?
2171 5688 2232 5744 N.
2263 5687 2607 5758 liespondeo,
2627 5684 2752 5756 quia
2773 5701 2872 5739 nec
2896 5682 3078 5739 dicere
3105 5682 3302 5738 vetuit.
