4020 6142
401 317 514 380 157
1433 314 1898 380 THEODORUS
1929 319 2240 381 LECTOR.
2256 346 2328 356 —
2345 319 2679 382 NOTITIA.
3567 280 3670 388 15s

473 427 540 483 Ο.
573 426 786 482 Rursus
817 467 832 489 ,
881 427 928 483 si
956 427 1054 484 tibi
1081 426 1345 500 obiecerit
1371 427 1692 482 Trinitatem
1715 430 1825 486 dici
1874 447 1984 488 non
2014 441 2060 493 Α
2155 433 2219 490 C.
2251 434 2490 489 Mirabar
2514 432 2772 505 equidem
2805 433 2880 490 ita
2901 433 3124 490 vincere
3160 447 3324 506 posse
3371 435 3672 492 humanam

403 517 628 581 debere,
655 518 783 588 quia
813 518 962 573 nulla
994 519 1235 590 synodus
1254 520 1496 577 statuit?
2087 527 2338 597 gloriam,
2371 535 2434 582 ut
2460 527 2611 581 nulla
2636 535 2688 581 te
2717 526 3002 582 conclusio
3034 536 3360 596 superaret,
3393 535 3672 598 quatenus

472 610 539 664 Ν.
565 609 678 663 Hoc
700 609 940 679 ipsumsi
963 612 1364 682 respondeo,et
1386 615 1521 671 nihil
1547 619 1718 684 aliud,
1740 618 1870 689 quia
1883 619 1992 674 sic-
2086 635 2384 690 congruam
2420 618 2642 673 veritati
2663 619 3024 682 sententiam,
3057 633 3224 688 quam
3257 619 3528 674 hactenus
3561 619 3668 672 im-

400 713 463 758 ut
487 703 783 758 dicendum
823 719 936 760 non
970 707 1183 772 statuit,
1213 707 1287 762 ita
1309 724 1412 764 nec
1433 712 1658 768 omnino
1677 713 1984 783 prohibuit.
2085 725 2446 782 pugnaveras,
2470 709 2655 765 divina
2679 718 2974 778 correptus
2995 711 3329 766 auctoritate
3365 712 3663 780 reciperes.

471 791 535 848 C.
577 793 818 848 Econtra
842 795 886 850 si
920 796 1011 850 ille
1055 797 1260 854 dixerit
1287 817 1301 853 :
1331 799 1486 856 Sicut
1514 818 1624 858 non
1672 804 1883 870 vetuit,
1911 805 1986 860 ita
2087 803 2288 858 Verum
2315 803 2445 872 quia
2488 800 2634 870 apud
2661 809 2712 856 te
2759 801 3047 856 deﬁnitum
3071 812 3180 867 est,
3209 801 3263 856 in
3291 810 3380 858 tua
3405 811 3454 858 te
3485 803 3668 872 potius

397 893 457 936 et
483 883 633 952 quod
663 885 716 938 in
744 885 928 940 verbis
951 903 1058 941 non
1084 890 1401 946 continetur
1422 893 1808 960 conciliorum,
1835 895 1986 950 dicc-
2087 895 2372 950 continere
2430 892 2702 947 sententia
2737 934 2754 957 ,
2803 907 2970 961 quam
3028 909 3215 947 veram
3259 893 3664 948 confessionem

401 989 464 1026 re
498 974 725 1028 omnino
751 991 860 1028 non
891 979 1170 1043 convenit,
1197 980 1329 1049 quid
1366 981 1432 1036 ad
1462 983 1563 1038 ista
1593 984 1986 1053 respondebis?
2081 1001 2266 1042 amore
2291 994 2509 1042 πίει-ηπ
2537 984 2898 1042 beatitudinis
2953 986 3260 1054 approbare
3293 1030 3308 1052 ,
3340 1002 3445 1040 nec
3489 1001 3589 1056 ego
3613 993 3665 1040 te

473 1065 539 1120 Ν.
569 1066 693 1120 Hac
715 1065 783 1120 de
806 1067 1026 1124 Patrum
1059 1073 1279 1141 scriptis
1304 1089 1528 1143 possum
1561 1075 1874 1130 ostendere.
2087 1090 2329 1144 unquam
2360 1075 2506 1129 aliud
2538 1074 2745 1143 aliquid
2768 1088 2930 1143 quam
2990 1074 3307 1128 basreticum
3359 1073 3616 1144 iudicabo
3647 1113 3664 1139 ,

470 1157 534 1213 C.
560 1159 665 1213 Sed
696 1168 752 1214 et
779 1176 879 1215 nos
900 1162 1044 1231 quod
1077 1179 1220 1219 unus
1243 1181 1310 1220 ex
1333 1165 1602 1222 Trinitate
1625 1167 1983 1230 Christussit,
2086 1168 2179 1237 qui
2212 1167 2380 1222 Deum
2410 1166 2646 1221 Verbum
2663 1166 2955 1220 Dominum
2987 1173 3240 1219 nostrum
3286 1164 3472 1220 Jesum
3501 1165 3664 1221 Chri-

397 1262 467 1301 ex
491 1249 717 1303 Patrum
748 1251 969 1321 scriptis
995 1255 1360 1310 ostendimus.
2087 1267 2258 1324 stum,
2277 1259 2370 1328 qui
2388 1274 2488 1329 pro
2513 1266 2700 1313 nostra
2731 1259 2903 1312 salute
2947 1271 3143 1326 passus
3161 1267 3246 1311 est
3271 1272 3456 1320 carne,
3493 1272 3662 1312 unum

469 1337 539 1392 N.
567 1337 886 1410 Quanquam
911 1349 969 1398 et
1020 1342 1125 1398 hoc
1169 1361 1238 1399 ex
1276 1346 1498 1400 Patrum
1526 1345 1752 1416 scriptis
1799 1346 1990 1404 doceri
2085 1365 2212 1405 esse
2243 1367 2314 1405 ex
2331 1358 2518 1405 sancta
2553 1360 2609 1404 et
2631 1348 2912 1403 individua
2930 1347 3203 1402 Trinitate
3238 1363 3346 1402 non
3371 1347 3661 1416 approbas,

396 1423 562 1480 ΐειείιθ
583 1424 786 1492 credo.
816 1429 912 1482 58d
940 1445 1042 1498 ego
1084 1431 1270 1488 dicere
1291 1433 1607 1488 nullatenus
1642 1433 1935 1503 acquiesco
1968 1477 1986 1502 ,
2086 1441 2178 1498 cui
2201 1440 2378 1496 honor
2407 1448 2466 1496 et
2495 1439 2668 1510 gloria
2694 1439 2751 1494 in
2783 1439 2983 1494 secula
3013 1439 3358 1495 saeculorum.
3389 1437 3586 1494 Amen.

301 1517 322 1536 ί
396 1523 504 1564 nec
531 1517 712 1566 tecum
739 1513 973 1569 ulterius
1001 1531 1310 1573 sermonem
1342 1519 1618 1574 conferam
1639 1558 1654 1584 ,
1684 1519 1781 1576 sed
1805 1535 1996 1576 meatu

400 1605 671 1660 tenaciter
701 1605 900 1662 fovebo
918 1612 1268 1668 sententiam.

1019 1969 1538 2060 JOA‘NNIS
1611 1971 2211 2060 MAXENTII
2287 1971 2438 2059 ΕΤ
2512 1968 3058 2060 ALIORUM

1161 2159 1500 2217 EPISTOLA
1534 2161 1628 2216 AD
1668 2159 2038 2218 EPISCOPOS
2074 2161 2144 2217 IN
2181 2160 2504 2216 SARDINIA
2543 2158 2879 2218 EXSULES.

848 2317 1062 2388 (Exstat
1088 2318 1228 2372 inter
1251 2315 1387 2389 Opp.
1421 2319 1596 2372 sancti
1633 2315 1922 2388 Fulgentii.
1960 2316 2074 2373 νεά.
2103 2316 2425 2388 Patrologia
2451 2316 2660 2372 Latinas
2697 2324 2739 2372 t.
2781 2317 2943 2384 LXV,
2971 2315 3074 2372 col.
3101 2316 3248 2385 442.)

404 2515 3636 2568 W

1691 2715 1864 2762 ANNO
1907 2715 2142 2762 DOHINI
2183 2715 2386 2760 DXIV.

838 2893 2174 3078 THEODOBUS
2329 2835 3356 3184 LECTOB.

1749 3351 2292 3445 NOTITIA.

728 3558 831 3632 (Ex
857 3557 1054 3616 Lloms
1087 3557 1302 3614 Annam
1327 3555 1570 3612 Diatriba
1600 3553 1667 3608 de
1689 3550 1990 3616 Theodoris,
2017 3547 2166 3620 apud
2187 3547 2326 3618 Aug.
2358 3545 2464 3601 Mai
2485 3542 2733 3599 Bibliuh.
2764 3559 2884 3598 nos.
2914 3553 2956 3599 t.
2987 3543 3078 3612 VI,
3105 3559 3161 3614 p.
3194 3541 3346 3615 158.)

478 3856 799 3922 Theodori
834 3858 1234 3937 Anagnostaa,
1267 3854 1332 3916 id
1368 3861 1464 3915 est
1495 3852 1948 3924 Lectoris,duo
1989 3851 2133 3913 libri
2159 3847 2359 3912 Graeci
2394 3845 2944 3911 Collectaneorum
2990 3862 3069 3907 ex
3100 3842 3387 3906 historias
3445 3843 3654 3906 eccle~

399 3959 675 4022 siasticaa
703 3958 989 4037 antiquis
1033 3957 1425 4032 auctoribus,
1461 3956 1720 4018 Parisiis
1757 3972 1792 4016 a
1825 3955 2099 4016 Roherto
2129 3951 2474 4031 Stephano,
2500 3959 2560 4012 et
2589 3949 2849 4012 Basilem
2879 3947 2946 4010 in
2977 3944 3228 4010 ofﬁcina
3252 3945 3655 4010 Frobeniana

403 4059 626 4121 Latine
687 4059 1076 4138 Woll‘gango
1125 4058 1424 4121 Musculo
1459 4059 1804 4136 interprete
1847 4055 2004 4119 editi
2057 4062 2232 4118 sunt.
2274 4053 2468 4116 Addit
2529 4053 2921 4115 Possevinus
2959 4059 3208 4114 exstare
3240 4051 3302 4109 in
3340 4055 3510 4109 tomo
3543 4047 3655 4108 νιι

394 4159 812 4221 Bibliotheca
867 4165 1151 4220 veterum
1203 4159 1455 4219 Patrum
1485 4155 1726 4234 Bignaai
1757 4155 1908 4216 edit.
1934 4155 1994 4215 2.
2029 4157 2190 4215 Tum
2224 4160 2438 4214 monet
2469 4175 2485 4214 :
2522 4151 2599 4212 At
2649 4169 2804 4230 quos
2847 4150 3266 4229 Wolfgangus
3299 4147 3652 4220 Masculus,

395 4262 467 4321 in
503 4262 716 4338 prima
761 4262 958 4322 classe
1012 4260 1082 4321 in
1133 4260 1404 4320 Romano
1438 4257 1658 4320 Indice
1687 4257 2078 4336 prohibitus,
2107 4257 2461 4324 transtulit,
2506 4256 2572 4316 hi
2598 4256 3053 4331 circumspecte
3092 4248 3334 4330 legendi
3367 4259 3536 4321 sunt,
3579 4249 3652 4309 ob

399 4384 470 4425 ea
501 4383 634 4443 qua:
665 4362 942 4425 discimus
977 4361 1052 4424 de
1083 4363 1192 4424 illo
1218 4364 1285 4424 in
1328 4362 1513 4424 verba
1553 4363 1873 4436 Socrates,
1908 4372 1965 4422 ct
2023 4363 2092 4424 in
2124 4361 2310 4423 verba
2357 4362 2776 4421 Sozomenus.
2817 4356 3119 4435 Editique
3175 4363 3473 4434 presteres
3503 4366 3655 4416 sunt

399 4465 683 4526 Colonias
750 4463 1166 4542 Allobrogum
1223 4479 1393 4524 anno
1462 4464 1638 4536 1612,
1681 4480 1806 4524 non
1833 4463 1976 4525 sine
2028 4463 2251 4524 eadem
2308 4458 2587 4523 Musculi
2636 4456 3190 4536 interpretatione,
3223 4454 3288 4515 in
3315 4453 3472 4514 folio
3505 4470 3650 4514 cum

395 4565 542 4623 aliis
573 4563 1028 4632 ecclesiasticis
1069 4565 1379 4628 historiis.
1411 4565 1686 4628 Vossius
1717 4566 1804 4624 De
1846 4565 2169 4628 historicis
2195 4563 2432 4626 ercis
2465 4562 2576 4624 lib.
2616 4580 2684 4634 ll,
2716 4578 2852 4640 cap.
2889 4560 2966 4621 32
2995 4581 3010 4620 :
3040 4559 3321 4638 Reliquit
3359 4555 3514 4616 duos
3566 4556 3651 4616 li-

395 4663 544 4724 bros
587 4661 1127 4725 Collectamorum
1173 4667 1457 4727 historia:
1511 4665 1963 4726 ecclesiasticae.
2001 4665 2244 4744 Incipit
2311 4673 2522 4724 autem
2548 4681 2587 4722 a
2615 4671 2811 4723 morte
2846 4659 3184 4724 TheodOsii
3229 4657 3546 4728 Junioris,
3582 4672 3654 4715 ac

393 4765 622 4827 desinit
643 4771 710 4826 in
739 4767 1119 4844 temporibus
1148 4769 1418 4834 Justini.
1435 4771 1542 4846 qui
1571 4769 1879 4846 imperare
1899 4769 2077 4848 carpit
2103 4787 2263 4828 anno
2282 4768 2419 4828 518.
2444 4771 2731 4828 Attamen
2765 4765 3162 4827 Collectanea
3191 4761 3321 4824 hinc
3352 4758 3653 4821 historica

395 4882 524 4926 non
565 4866 940 4930 concinnata
963 4875 1115 4928 sunt
1147 4883 1182 4928 a
1213 4866 1584 4939 Theodoro,
1616 4869 1728 4928 sed
1760 4883 1795 4928 a
1840 4865 2198 4942 Nicephoro
2230 4863 2493 4925 Callisto
2526 4879 2601 4922 ex
2633 4861 2915 4924 Historia
2951 4859 3386 4923 ecclesiastica
3439 4857 3655 4920 Theo-

395 4967 562 5038 dori,
589 4968 948 5048 dictataque
971 4967 1140 5036 aliis,
1173 4974 1240 5028 ut
1274 4965 1566 5044 prtelixus
1600 4965 1838 5027 titulns'
1861 4967 1982 5028 indi

2065 4975 2096 5029 ιι
2130 4987 2145 5026 :
2176 4965 2408 5042 Ἐκλογὴ
2453 4971 2561 5024 ἀπὸ
2589 4970 2689 5040 τῆς
2722 4969 3189 5041 ὲκκλησιαστικῆς
3232 4970 3495 5043 Ἱστορίας
3523 4968 3652 5022 Θεο-

392 5069 572 5146 δώρου
613 5076 1012 5144 Ἀνπιγνὼστου,
1045 5075 1152 5128 ἀπὸ
1181 5076 1364 5146 φωνῆς
1393 5075 1718 5148 Νικηφόρον
1747 5076 1979 5130 Καλλεστ

2087 5074 2184 5128 τοῦ
2217 5073 2624 5128 Ξανθοπούλου.
2656 5064 2919 5134 Selecta,
2942 5063 3210 5136 scilicet,
3241 5082 3321 5124 ea:
3355 5065 3653 5127 Historia

397 5173 818 5234 ecclesiastica
890 5171 1202 5234 Theodori
1261 5172 1697 5246 Lectoris,ex
1755 5191 1862 5233 ore
1931 5171 2231 5234 dictantis
2306 5170 2652 5250 Nicephori
2706 5169 2960 5231 Callisti
3028 5167 3444 5248 Xanthopuli.
3495 5171 3654 5245 Qum

395 5283 714 5351 postrema
802 5275 990 5335 verba
1058 5291 1202 5336 cum
1277 5275 1604 5337 omisisset
1682 5275 2048 5354 interpres,
2107 5275 2340 5336 factum
2397 5283 2492 5335 est
2549 5281 2620 5335 ut
2686 5273 3084 5336 Collectanea
3161 5273 3280 5336 ista
3348 5273 3649 5335 historica

396 5371 734 5434 Theodoro
761 5373 1286 5448 attribuerentur,
1325 5391 1468 5452 quae
1523 5383 1732 5436 tamen
1793 5383 1942 5436 sunt
2001 5393 2114 5453 per
2185 5373 2620 5452 Nicephorum
2673 5372 3003 5437 Callistum
3047 5374 3127 5435 ab
3159 5373 3300 5453 ejus
3369 5375 3651 5437 Histuria

398 5477 716 5545 excerpta.
747 5470 936 5544 Quod
996 5477 1142 5534 ante
1197 5489 1313 5534 nos
1365 5474 1613 5535 monuit
1669 5491 1930 5554 quoque
1989 5475 2300 5537 Baronius
2354 5474 2432 5536 ad
2500 5490 2742 5536 annum
2807 5473 2948 5535 £83.
2985 5475 3136 5535 Nam
3167 5473 3363 5535 tradit
3418 5472 3650 5534 Suidas

399 5566 808 5632 Theodorum
861 5573 1160 5635 Ecclesim
1213 5573 1932 5654 Constantinopolitanm
1965 5576 2262 5640 lectorem
2315 5575 2654 5655 scripsisse
2687 5575 3032 5638 Historiam
3067 5573 3568 5636 ecclesiasticam
3611 5588 3648 5635 ει

400 5670 798 5734 Constantini
833 5674 1226 5754 temporibus
1261 5691 1468 5777 usque
1496 5677 1572 5740 ad
1599 5677 1944 5742 Iustiniani
1991 5677 2332 5759 imperium
2374 5701 2388 5740 :
2426 5695 2588 5754 Opus
2622 5677 2809 5756 plane
2848 5676 3178 5740 diversum
3207 5689 3243 5736 a
3299 5672 3641 5753 perbrevi-
