4020 6142
287 289 291 292 ν
340 206 435 272 161
1793 205 2129 269 ΝΟΤΙΊἾΑ.
3477 216 3581 282 ιδ,

335 320 476 398 (μία
508 322 787 377 exh-emo
818 308 983 375 ιέιινο
1009 300 1219 393 pauca
1260 310 1489 377 subdat
1538 310 1612 375 de
1643 312 1827 377 annis
1858 312 2262 377 Constantini
2292 315 2528 394 Magni,
2560 314 2938 391 Constantii,
2976 317 3307 383 Theodosii
3334 323 3576 402 mgni,

332 417 588 483 Arcadii
634 425 696 483 et
743 414 1074 477 Theodosii
1102 416 1395 485 Iunioris
1428 417 1459 476 ?
1512 414 1801 477 Sedenim
1858 422 1997 475 tam.
2013 417 2139 478 ista
2167 426 2315 479 sunt
2352 419 2570 492 exilia,
2603 430 2677 480 ut
2706 438 2836 481 non
2864 431 3230 487 mereantur
3270 425 3340 485 in
3366 430 3578 490 comi-

334 517 715 581 deratiouem
741 517 957 595 venire
988 535 1009 584 ,-
1043 516 1400 595 prasertim
1431 533 1569 583 cum
1589 524 1868 581 extremo
1898 511 2175 581 addatur
2201 516 2362 593 loco,
2398 528 2474 581 ut
2501 519 2575 581 ab
2608 521 2737 583 alio
2763 525 2985 600 potius
3015 522 3358 587 videantur
3394 546 3579 590 assu-

334 633 416 683 ta.
459 620 593 679 lmo
622 626 751 683 tam
778 616 1000 695 exigui
1034 624 1183 681 sunt
1223 615 1347 677 duo
1397 615 1597 678 libelli
1626 614 2191 693 Collectaneorutn,
2225 628 2297 680 ut
2328 621 2440 685 nia;
2474 621 2653 699 digni
2681 622 2812 685 sint
2848 622 3273 701 appellatione
3318 634 3582 706 Ἱστορίας

331 717 809 790 ὲκιιληςιαστικῆς,
843 714 1147 794 quomodo
1175 724 1357 778 vocat
1384 716 1638 779 Suidas.
1669 715 1914 795 Equide

2010 726 2215 778 metuo
2270 737 2346 779 ne
2378 720 2580 781 solum
2610 723 2742 782 sint
2767 733 3070 802 excerpta
3100 725 3402 803 quadam.
3433 728 3582 790 Est-

332 829 444 891 que
486 813 599 874 hoc
658 831 727 875 eo
778 815 1230 886 verosimilius,
1260 817 1427 896 quod
1484 817 1636 880 libri
1686 818 1949 880 secundi
1993 818 2332 899 inscriptio
2370 822 2477 892 sit,
2502 829 2640 883 Ἀπὸ
2669 831 2760 883 τοῦ
2787 833 3043 905 δευτέρου
3077 835 3308 907 βιϐλίου,
3359 849 3388 889 e
3418 831 3587 893 libro

330 910 621 973 secundo.
645 911 738 974 Ac
774 912 936 974 libro
968 914 1181 992 primo
1212 914 1339 976 haec
1368 915 1842 992 prwmittantur
1875 933 1894 972 :

1993 920 2202 989 ἰκλογαὶ
2224 924 2332 976 ἀπὸ
2357 926 2458 994 τῆς
2490 922 2962 995 ὲκκλησιοιστικῆς
3003 928 3270 1002 Ἱστορίας
3321 934 3429 988 ἀπὸ
3467 949 3580 1001 φω-

329 1020 424 1089 νῆς
450 1020 769 1091 Νικηφόρον
808 1021 1116 1081 Καλλίστου
1135 1023 1230 1079 τοῦ
1253 1023 1646 1078 Ξανθοποὺλου.
1667 1037 1696 1071 «
1730 1013 1916 1073 Excel

1998 1024 2059 1073 ta
2091 1016 2398 1081 Historia:
2425 1016 2859 1079 ecclesiastica
2888 1017 2964 1079 ab
2997 1020 3103 1081 ore
3134 1026 3585 1104 exceptaNice-

327 1114 514 1190 phori
547 1113 798 1176 Callisti
833 1113 1246 1192 Xanthopuli.
1273 1135 1303 1170 »
1336 1111 1559 1186 Credo,
1593 1113 1988 1192 Nicephorus
2024 1113 2275 1175 Callisti
2300 1118 2317 1193 (
2347 1116 2458 1193 qui
2484 1133 2646 1175 anno
2689 1116 2844 1177 1320
2870 1117 3039 1177 vixit
3074 1120 3250 1195 )non
3278 1123 3589 1200 integram

331 1212 640 1277 Theodori
668 1214 1047 1286 Historiam,
1069 1214 1178 1276 sed
1210 1214 1415 1275 solum
1445 1231 1514 1273 ea
1540 1230 1674 1293 quae
1705 1220 1973 1291 excepta
2000 1212 2298 1289 digniora
2323 1215 2611 1292 putavit,
2646 1232 2759 1275 suo
2789 1214 3053 1276 dictavit
3080 1224 3475 1281 amanuensi.
3498 1224 3585 1282 Et

326 1330 471 1373 sane
531 1312 859 1392 appendix
886 1313 1216 1383 Possevini
1266 1311 1348 1375 ad
1383 1312 1790 1394 Apparatum
1835 1329 2088 1372 sacrum
2117 1320 2387 1373 testatur
2416 1314 2486 1373 in
2518 1314 2744 1375 Veneta
2775 1313 3153 1377 bibliotheca
3184 1317 3582 1382 Bessarionis

329 1426 578 1479 exstare
633 1420 942 1496 epitomen
976 1418 1419 1485 Historiarum
1465 1420 2034 1483 ecclesiasticarum
2095 1419 2409 1483 Theodori
2442 1421 2749 1495 Lectoris,
2818 1431 2873 1483 et
2926 1421 3365 1500 Philostorgii.
3427 1421 3585 1485 Item

330 1518 641 1582 Theodori
674 1519 955 1585 Lectoris
998 1522 1513 1601 compositionem
1549 1523 2033 1587 ecclesiasticam
2072 1541 2102 1583 e
2131 1525 2328 1593 variis
2358 1524 2750 1593 auctoribus.
2781 1523 2858 1587 Ut
2886 1524 3241 1587 Historiam
3270 1521 3584 1587 Theodori

316 1619 554 1701 justam
592 1627 652 1680 et
683 1617 954 1699 ejusdem
991 1620 1309 1699 epitomen
1353 1620 1625 1695 alienam
1645 1620 2039 1701 distinguere
2069 1625 2420 1687 conveniat.
2458 1625 2653 1704 Atque
2690 1625 2785 1687 ita
2823 1624 2977 1691 mihi
3011 1623 3258 1702 quidem
3303 1621 3577 1685 videtur.

326 1718 452 1783 Nec
491 1726 695 1778 tamen
715 1717 1014 1797 pugnabo
1053 1720 1112 1780 si
1142 1720 1285 1799 quis
1312 1738 1452 1793 cum
1491 1718 1671 1799 longe
1699 1719 2065 1785 doctissimo
2114 1721 2350 1795 Labbeo
2407 1732 2678 1795 censeat,
2713 1724 2804 1785 sic
2838 1724 3003 1784 hunc
3045 1720 3277 1787 nodum
3314 1720 3579 1794 cxsolvi,

327 1814 491 1895 quod
522 1816 620 1877 oet
648 1814 864 1895 plures
892 1817 1199 1881 historias
1232 1817 1569 1897 scripserit
1599 1815 1962 1881 Theodorus
2012 1816 2263 1890 Lector,
2301 1818 2399 1879 vel
2418 1819 2641 1897 plures
2669 1820 2915 1898 fuerint
2949 1817 3260 1880 Theodori
3294 1818 3579 1879 lectores.

326 1917 513 2001 Quod
552 1915 608 1975 si
642 1916 798 1995 quid
832 1926 977 1995 post
999 1918 1163 1979 duos
1190 1916 1309 1980 hos
1341 1918 1516 1985 viros
1548 1917 2074 1997 prteclarissimos
2096 1918 2453 1999 conjectare
2486 1920 2658 1992 licet,
2689 1921 2916 1983 dixero
2939 1937 3140 1982 unum
3170 1920 3580 1981 Theodorum

328 2014 676 2077 Historiam
721 2030 757 2077 a
812 2014 1231 2078 Constantino
1291 2017 1525 2094 Magno
1581 2018 1659 2079 ad
1730 2024 2015 2095 tempora
2070 2017 2419 2079 Iustiniani
2478 2019 2914 2092 continuasse,
2951 2020 3036 2080 ita
3066 2028 3270 2080 tamen
3308 2028 3376 2080 ut
3417 2021 3582 2085 duos

327 2112 527 2177 libros
562 2113 829 2192 priores,
862 2128 1007 2176 cum
1038 2109 1178 2192 ipse
1212 2129 1342 2179 non
1376 2113 1639 2179 haberet
1670 2114 1749 2183 de
1781 2129 1902 2176 suo
1932 2114 2222 2188 meliora,
2254 2133 2335 2178 ex
2383 2116 2786 2181 Theodoreto
2808 2160 2826 2193 ,
2857 2119 3111 2183 Socrate
3158 2126 3221 2181 et
3278 2120 3581 2199 szome-

326 2232 431 2290 no,
471 2215 588 2296 qui
620 2215 1073 2278 existimantur
1108 2232 1181 2277 ea
1229 2222 1511 2295 tempora
1544 2216 1715 2281 inter
1755 2216 1922 2280 alios
1983 2220 2343 2283 accuratius
2379 2228 2822 2298 pertractasse,
2865 2223 3389 2294 concinnavcrit;
3426 2223 3583 2283 reli-

327 2331 522 2397 quam
555 2313 905 2375 Historiam
945 2313 1021 2376 ad
1051 2313 1405 2377 Iustiniani
1439 2315 1784 2394 imperium
1815 2332 1896 2379 ex
1915 2332 2059 2378 sese
2090 2316 2740 2395 conscripserit,cum
2771 2325 3000 2395 printer
3031 2319 3294 2381 eosdem
3326 2319 3585 2382 haberet

329 2424 389 2475 et
440 2415 612 2477 alios
648 2412 1137 2493 diligentiores;
1169 2422 1232 2475 et
1260 2430 1339 2476 ex
1368 2415 1469 2479 his
1506 2416 1977 2493 posterioribus
2035 2415 2219 2477 libris
2279 2415 2443 2478 duos
2492 2416 2856 2494 eclogarum
2916 2418 3114 2479 libros
3146 2417 3581 2495 Nicephorum

328 2512 675 2577 Callixtum
703 2509 1131 2588 decerpsisse,
1165 2526 1295 2574 non
1325 2527 1480 2572 vero
1508 2527 1588 2574 ex
1621 2511 1877 2573 duobus
1937 2510 2285 2590 prioribus,
2329 2512 2502 2591 quod
2529 2511 2851 2590 quidquid
2881 2512 2965 2575 ibi
2997 2513 3468 2587 contineretur,
3499 2532 3579 2577 ex

329 2611 624 2687 fontibus
682 2610 844 2689 ipsis
903 2611 1228 2675 sincerius
1260 2610 1508 2675 hauriri
1554 2618 1821 2692 poterat.
1876 2614 2428 2690 Nuncupaturque
2478 2610 2584 2675 hic
2637 2610 2954 2691 Paphlago
3002 2614 3419 2691 Byzantinus,
3453 2631 3582 2677 non

330 2712 507 2790 quod
570 2717 743 2777 esset
785 2709 983 2789 patria
1039 2709 1458 2789 Byzantinus,
1491 2711 1605 2772 sed
1634 2710 1806 2790 quod
1847 2708 2133 2790 Byzantii
2166 2707 2418 2770 lectoris
2464 2726 2703 2771 munus
2741 2710 2967 2772 obiret.
3004 2710 3073 2772 Id
3107 2713 3298 2774 nobis
3348 2714 3586 2776 Suidas

330 2811 719 2894 signiﬁcavit
753 2820 1075 2893 εθεόδωρος
1099 2820 1131 2872 ὁ
1168 2819 1277 2873 ἀπὸ
1312 2817 1680 2886 ἀναγνωστῶν
1732 2817 1834 2890 τῆς
1879 2819 1917 2875 Ν

2001 2816 2139 2888 diu;
2159 2812 2492 2887 Ἐκκλησίας
2540 2817 3190 2883 Κωνσταντινουπόλεως.
3223 2812 3274 2872 Τ
3273 2809 3588 2873 hcodorus.

331 2920 531 2978 lector
568 2913 821 2993 Magnis
840 2911 1140 2977 Ecclesia
1180 2908 1923 2990 Constantinopolitana.
1955 2911 2081 2972 Nec
2103 2907 2281 2970 aliud
2312 2908 2513 2970 voluit
2537 2909 2937 2987 Nieephorus
2966 2910 3299 2981 Callixtus,
3321 2913 3581 2991 quando

331 3012 398 3076 in
444 3010 821 3078 Praefationc
876 3013 966 3075 ait
998 3034 1015 3073 :
1047 3020 1144 3076 καὶ
1177 3021 1207 3074 ὀ
1231 3018 1531 3084 Βυζάντιος
1576 3017 1918 3087 ἀναγνώστῃ

1991 3010 2287 3087 Θεόδωρος.
2355 3017 2414 3068 et
2473 3007 2867 3085 Byzantinus
2939 3006 3136 3069 lector
3192 3008 3578 3071 Theodorus.

331 3111 559 3193 Neque
585 3113 760 3174 enim
791 3112 860 3175 id
898 3121 994 3174 est
1023 3110 1307 3191 Byzantii
1335 3118 1554 3173 natum
1589 3125 1760 3185 esse,
1797 3109 1911 3170 sed
1937 3109 2240 3171 lectorem
2272 3108 2559 3189 Byzantii
2585 3109 2819 3186 egisse.
2853 3110 3132 3170 Joannes
3155 3110 3585 3173 Damascenus

334 3222 495 3277 orat.
529 3213 571 3274 3
612 3213 704 3272 De
748 3211 1127 3290 imaginibus
1187 3210 1392 3273 utitur
1436 3206 1805 3273 testimonio
1852 3206 2172 3270 Theodori
2217 3206 2719 3287 historiographi
2768 3206 3453 3289 ConstantinOpolitani
3506 3226 3585 3270 ex

334 3316 768 3381 ecclesiastica
820 3316 1101 3379 Historia
1152 3313 1232 3383 de
1280 3313 1613 3377 Gennadio
1663 3311 2015 3390 patriarcha
2066 3311 2930 3403 Constantinopolitanohn
2970 3328 3052 3376 ex
3094 3310 3236 3386 hoc,
3301 3309 3403 3376 vel
3461 3311 3588 3375 alio

336 3417 687 3482 Theodoro
716 3416 1021 3482 historico
1057 3417 1414 3498 Byzantino
1444 3414 1899 3495 desumpserit,
1932 3412 2222 3480 divinent
2248 3414 2380 3479 alii.

340 3600 3554 3630 W

1431 3757 1939 3852 ΝΟΊΊΤΙΑ
2019 3757 2519 3847 ALTERA.

1105 3940 1336 4013 (me.
1373 3937 1625 3994 Biblioth.
1667 3938 1834 3995 (ἕως.
1890 3935 1981 3992 ed.
2034 3935 2250 4001 Harles,
2286 3942 2326 3990 t.
2353 3934 2444 4001 Vl,
2491 3949 2546 4005 p.
2582 3932 2731 4005 127.)

413 4188 805 4254 Theodorus
866 4197 1289 4274 ἱστοριογράφος
1347 4193 1981 4257 Κωνσταντινουπόλεως

2042 4182 2337 4247 laudatur
2396 4199 2430 4244 a
2487 4182 2729 4243 Joanne
2785 4179 3180 4240 Damascono
3238 4175 3345 4237 lib.
3378 4191 3449 4238 ιη
3508 4176 3592 4236 De

336 4289 596 4368 imagg.,
632 4303 776 4368 pag.
812 4289 932 4353 386
956 4287 1264 4352 editionis
1296 4284 1577 4365 insignis
1610 4284 2047 4365 Lequinianm,
2089 4282 2226 4362 qui,
2253 4300 2314 4361 p.
2348 4280 2487 4353 380,
2512 4284 2816 4357 praeterea
2846 4282 3202 4355 ἀναγνώστην
3229 4275 3361 4337 sive
3396 4275 3601 4337 tecto-

336 4406 471 4449 rem
509 4388 1062 4469 Constantinopoli
1083 4387 1290 4451 fuisse
1321 4385 1514 4449 refert
1538 4385 1741 4465 ;quod
1774 4385 2023 4446 ﬁrmant
2051 4383 2239 4445 etiam
2263 4378 2685 4475 Nicephorus,
2707 4374 2821 4437 lib;
2844 4392 2913 4447 ιι,
2939 4390 3075 4454 cap.
3094 4377 3125 4436 1
3149 4375 3349 4443 Hist.;
3374 4384 3592 4438 auctor

336 4500 749 4570 παραστάσεων
772 4498 1041 4572 χρονικῶν
1067 4489 1134 4551 in
1167 4485 1533 4551 Combeﬁsii
1567 4483 1923 4563 Originibut

2005 4474 2511 4560 Constantinop.,
2545 4496 2689 4560 pag.
2730 4475 2805 4537 19
2831 4519 2848 4548 ,
2884 4474 2985 4536 cui
3028 4483 3289 4537 vocatur
3318 4482 3592 4554 Θεόδωρος

336 4600 719 4670 χρονογράφος
767 4598 1144 4672 ἀναρῤὶυσθεὶς
1189 4594 1634 4666 ἀναγνώσμασιν,
1673 4592 1732 4646 et
1764 4585 1918 4647 Suid

2006 4626 2019 4653 ,
2054 4583 2164 4664 qui
2198 4582 2605 4644 Theodorum
2642 4591 2823 4646 vocat
2851 4586 2943 4641 τὸν
2972 4583 3472 4658 ἀοιδὰναγνωστῶν
3491 4581 3593 4653 τῆς

238 4698 245 4704 ’
335 4699 602 4773 Μεγάλης
615 4701 939 4774 Ἐκκλησῑας
971 4698 1618 4765 Κωνσταντινουπόλιως,
1650 4688 1796 4761 Hic,

2004 4704 2098 4750 :no
2135 4693 2195 4749 et
2253 4686 2640 4762 Iustiniano,
2680 4696 2749 4751 ut
2809 4688 3085 4759 videtur,
3122 4679 3591 4759 imperantibus

337 4789 582 4865 clarus,
614 4791 873 4855 duobus
906 4790 1088 4855 libris
1119 4790 1374 4870 scripsit
1404 4785 1855 4868 Compendium
1888 4787 2192 4847 Historia
2225 4785 2658 4847 ecclesiasticae
2690 4785 3020 4864 tripartitaa
3046 4799 3124 4844 ex
3153 4777 3331 4840 libris
3371 4779 3592 4839 Socra-

337 4886 442 4961 tis,
476 4888 823 4950 Sozomeni
854 4905 928 4952 ac
963 4888 1365 4963 Theodoriti,
1392 4886 1565 4968 quod
1588 4892 1794 4948 exstat
1822 4901 1857 4947 a
1891 4885 2195 4948 vicesimo
2226 4900 2395 4946 anno
2426 4883 2820 4946 Constantini
2853 4886 2939 4947 M.
2975 4895 3180 4961 usque
3211 4879 3288 4940 ad
3346 4876 3593 4938 obitum

340 4988 728 5052 Constantii.
761 4992 917 5053 Nam
952 4991 1245 5070 quamvis
1283 4991 1489 5053 lucem
1515 4989 1825 5051 hactenus
1855 5003 1982 5048 non
2026 4985 2207 5057 vidit,
2256 4987 2472 5048 Graece
2511 4993 2722 5047 tamen
2756 5002 2875 5046 ms.
2909 4976 3032 5045 fuit
3059 4977 3228 5058 apud
3258 4977 3590 5051 Allatium,
3681 5011 3693 5067 ι

337 5087 458 5166 qui
480 5088 673 5151 edere
706 5088 934 5164 voluit,
965 5089 1153 5170 cujus
1183 5088 1424 5151 codicis
1457 5088 1645 5151 variis
1670 5086 2054 5149 lectionibus
2081 5086 2247 5147 Sam.
2275 5083 3003 5163 Tennulii,professoris
3043 5080 3593 5158 Noviomagensis,
3680 5140 3685 5149 ,

343 5203 543 5250 manu
576 5187 921 5269 descriptis
962 5189 1242 5254 feliciter
1264 5208 1426 5254 usus
1474 5196 1568 5253 est
1592 5185 1893 5250 Valesius
1913 5186 1989 5248 ad
2023 5185 2332 5249 eluendas
2361 5203 2441 5247 ex
2469 5187 2658 5248 trium
2693 5185 2971 5248 virorum
2999 5182 3258 5244 illorum
3292 5177 3595 5239 Historiis

336 5285 636 5362 mendas,
662 5287 774 5368 qui
806 5289 994 5351 etiam
1026 5290 1409 5353 Prommium
1435 5290 1652 5352 Grtece
1692 5302 1765 5348 ac
1807 5285 2025 5348 Latine
2066 5285 2418 5364 publicavit
2451 5296 2590 5364 post
2620 5285 2863 5348 Prmfat.
2898 5284 2975 5347 ad
3007 5283 3326 5345 Theodor.
3368 5279 3597 5341 Nescio

340 5401 422 5447 an
480 5385 700 5448 Allatii
736 5386 850 5450 ille
899 5386 1064 5450 liber
1094 5388 1457 5467 descriptus
1494 5385 1690 5451 fuerit
1723 5403 1757 5448 e
1794 5385 2014 5448 codice
2040 5386 2289 5448 Veneto
2316 5386 2374 5448 S.
2410 5385 2625 5456 Marci,
2661 5385 2846 5466 cujus
2901 5382 3291 5445 mentionem
3356 5376 3598 5438 faciunt

339 5479 744 5546 Possevinus
788 5491 850 5545 et
892 5485 959 5546 in
1011 5485 1299 5565 catalogo
1366 5502 1523 5547 mss.
1589 5485 1987 5548 Venetorum
2044 5484 2496 5547 Tbomasinus.
2546 5486 2727 5549 Certe
2776 5483 3030 5546 videtur
3079 5488 3359 5547 extrema
3422 5480 3597 5551 parte

342 5600 615 5649 mancus
645 5585 876 5664 fuisse,
899 5588 1048 5669 quia
1076 5591 1380 5653 Historia!
1414 5592 1600 5654 telam
1632 5604 1760 5652 non
1793 5604 1999 5669 usque
2030 5591 2105 5653 ad
2148 5594 2425 5653 extrema
2462 5588 2751 5654 Iunioris
2784 5583 3132 5649 Theodosii
3160 5576 3594 5663 persequitur.
