4020 6142
391 215 495 285 163
1633 214 1978 276 ΤΗΕΟΠΟΕ

2062 215 2429 280 LECTORIS
3153 211 3178 238 ”
3381 271 3390 276 .
3535 221 3633 285 164

471 331 778 390 Prmterea
803 321 1166 402 composuit
1197 329 1258 385 et
1289 319 1428 401 ipse
1459 336 1581 383 suo
1621 330 1816 384 marte
1850 324 2206 385 Historiam
2238 325 2747 402 ecclesiasticam,
2791 303 2968 392 libris
2996 330 3216 394 itidem
3247 331 3526 408 duobus,
3554 336 3634 396 ab

387 427 692 492 extremis
716 425 1118 504 temporibus
1149 422 1498 485 Theodosii
1526 424 1840 498 Junioris,
1863 425 1930 486 in
1960 425 2200 506 quibus
2233 426 2542 488 desinunt
2572 429 2880 505 Socrates,
2909 435 3300 496 Sozomenus
3329 443 3390 496 et
3419 435 3632 497 Theo-

387 529 658 603 dorit-us,
689 527 770 591 ad
825 527 1156 590 Iustinum
1197 525 1354 604 imp.
1412 523 1743 587 Seniorem
1799 543 2030 605 usque.
2061 528 2144 588 Hi
2195 527 2340 588 libri
2375 528 2505 590 duo
2535 526 2660 608 ipsi
2705 533 2966 612 quidem
3005 535 3257 614 jamdiu
3313 543 3409 596 est
3457 536 3630 612 quod

387 637 876 718 interciderunt,
901 639 1160 698 Exstant
1177 643 1388 698 tamen
1415 652 1491 698 ex
1518 633 1651 696 illis
1679 644 1788 698 ἀπὺ
1811 646 1974 717 φωνῆς

2040 647 2336 720 Ἷικηφόρου
2361 647 2668 705 Καλλίστοί)
2689 647 2785 704 τοῦ
2811 644 3186 703 Ξανθοπούλου
3207 645 3500 714 excerpta
3520 639 3627 714 (α),

385 739 744 818 Nicephoro
791 737 1048 800 Callisto
1099 739 1376 800 dictante
1435 746 1703 798 servata.
1745 739 1958 800 Grmce
2020 740 2311 817 prodiere
2381 759 2524 804 cum
2579 740 2842 804 Eusebii
2892 747 2953 802 et
3021 739 3292 800 aliorum
3337 736 3631 798 Historia

390 841 810 902 ecclesiastica
838 884 856 914 ,
891 857 970 902 ex
997 841 1213 903 codice
1238 843 1442 920 Regio
1483 841 1648 921 (quo
1679 842 1818 903 solo
1851 843 2036 904 etiam
2066 845 2366 907 Valesius
2395 845 2606 926 usus),
2627 846 2822 908 Paris.
2847 843 3024 917 15%,
3049 842 3158 904 fol.
3202 841 3418 903 Latine
3447 837 3632 900 vertit

388 938 629 1018 Wolfg.
662 941 1025 1017 Masculus,
1055 946 1241 1024 cujus
1274 943 1736 1022 interpretatio,
1775 953 1842 1005 ut
1873 944 2292 1009 Bibliothecas
2339 950 2588 1010 Patrum
2623 958 2681 1010 et
2712 946 3146 1009 aliasLatinas
3179 942 3626 1004 historicorum

383 1027 968 1110 ecclesiasticorum
993 1047 1308 1110 editiones
1341 1066 1529 1126 supra
1563 1050 1628 1111 in
1655 1035 1930 1112 Eusebio
1967 1053 2309 1114 recensitas
2341 1053 2604 1126 mittam,
2633 1060 2830 1114 exstat
2863 1052 3054 1114 etiam
3075 1050 3140 1110 in
3163 1045 3630 1111 Graeco-Latina

385 1145 773 1219 Genevensi,
830 1145 1006 1219 1612,
1063 1143 1176 1208 fol.
1211 1146 1572 1208 Novissime
1634 1164 1780 1209 cum
1841 1149 2135 1210 versione
2199 1157 2261 1212 et
2333 1152 2651 1230 prmclaris
2707 1151 2876 1213 notis
2953 1148 3149 1210 Henr.
3197 1145 3429 1208 Valesii
3469 1141 3630 1223 ,qui

385 1249 760 1324 Fragmenta
816 1247 1006 1310 etiam
1039 1244 1358 1307 Theodori
1390 1247 1508 1308 alia
1543 1264 1618 1307 ex
1653 1247 1869 1318 Suida,
1913 1247 2332 1325 Theophane,
2365 1253 2754 1312 Damasceuo
2783 1257 2844 1310 et
2881 1249 3130 1328 synodo
3168 1247 3439 1323 septima
3471 1243 3629 1306 sub-

377 1349 620 1428 junxit,
640 1349 714 1408 ad
739 1347 974 1409 calcem
996 1347 1394 1418 Theodoriti,
1419 1347 1672 1425 Evagrii
1704 1365 1772 1409 ac
1788 1345 2216 1426 Philostorgii,
2235 1349 2312 1408 de
2337 1364 2610 1426 quorum
2629 1347 3022 1410 editionibus
3039 1347 3165 1427 jam
3191 1344 3628 1408 dixi.Adden-

388 1447 541 1508 dum
576 1454 638 1507 et
667 1445 970 1507 Historia:
1005 1446 1441 1506 ecclesiasticae
1465 1457 1924 1525 ἁποσπασμὰτιον
1965 1447 2043 1506 de
2095 1441 2608 1522 expositionibus
2667 1445 2840 1520 ﬁdei,
2867 1447 3039 1519 quod
3071 1461 3103 1505 e
3135 1443 3292 1504 bibl.
3326 1442 3629 1503 Vaticana

387 1544 714 1624 produxit,
731 1553 791 1606 et
811 1560 954 1606 cum
990 1544 1284 1606 versione
1316 1561 1431 1606 sua
1461 1545 1661 1607 edidit
1691 1547 2008 1625 Josephus
2037 1546 2236 1608 Maria
2269 1545 2607 1606 Suaresius
2635 1544 2714 1606 ad
2740 1544 2939 1606 sancti
2969 1541 3096 1604 Nili
3125 1538 3456 1618 opuscula,
3483 1555 3623 1616 pag.

384 1645 504 1708 θυι-
535 1665 552 1718 ;
593 1653 725 1707 tum
765 1662 910 1724 qum
938 1663 972 1707 e
1005 1646 1344 1707 Theodoro
1378 1649 1638 1710 Lectore
1667 1647 2024 1710 aﬂ’eruntur
2054 1648 2116 1709 in
2149 1645 2517 1724 Originibus
2549 1641 3270 1720 Constantinopolitanis
3299 1655 3334 1700 a
3370 1639 3634 1702 Combe-

384 1745 529 1808 ﬁsio
559 1745 918 1806 illustratis.
951 1745 1071 1806 Ubi
1107 1761 1257 1806 vero
1286 1747 1748 1819 Damascenus,
1779 1765 1853 1806 ιιι
1883 1747 1970 1806 De
2001 1744 2402 1824 imaginibus,
2439 1762 2581 1822 pag.
2613 1745 2754 1815 375,
2791 1744 3000 1804 laudat
3036 1749 3202 1820 τόμον
3227 1740 3364 1801 sive
3392 1737 3626 1799 librum

384 1846 708 1908 Theodori
771 1847 1080 1908 Historia:
1137 1847 1353 1909 eccles.
1389 1856 1710 1928 quartum,
1744 1850 2067 1912 secundus
2119 1849 2348 1911 horum
2417 1849 2592 1910 venit
2643 1848 3126 1926 intelligendus,
3169 1844 3319 1925 quia
3376 1859 3626 1920 priores

383 1963 550 2027 quos
605 1949 950 2010 memoravi
1011 1949 1175 2010 duos
1245 1949 1605 2028 compendii
1639 1969 1716 2012 ex
1751 1951 2028 2025 Socrate,
2053 1951 2404 2012 Sozomeno
2430 1966 2502 2012 ac
2535 1947 2921 2010 Tlieodorito
2961 1945 3153 2008 simul
3208 1943 3622 2020 computavit,

385 2051 652 2128 perinde
711 2061 782 2113 ut
839 2053 1089 2126 Suidas,
1123 2053 1234 2133 qui
1282 2072 1318 2116 α
1349 2054 1751 2116 Constantini
1805 2053 2196 2131 temporibus
2231 2053 2328 2114 ’ad
2364 2051 2797 2114 Iustinianum
2854 2049 3254 2129 pertexuisse
3285 2043 3626 2106 H:storiam

382 2153 796 2218 Theodorum
823 2155 1065 2218 scribit.
1099 2158 1186 2218 Ita
1221 2155 1286 2218 in
1339 2157 1588 2219 actione
1630 2158 1662 2216 1
1720 2155 1952 2236 synodi
1995 2171 2102 2226 vn,
2136 2161 2180 2213 t.
2215 2153 2301 2214 ΠΙ
2351 2152 2500 2216 edit.
2563 2150 2864 2224 Binianas,
2901 2147 3130 2229 p.1s9ls,
3166 2147 3272 2208 ubi
3334 2143 3625 2205 laudatur

382 2255 544 2317 liber
571 2255 859 2334 quintus,
882 2256 1171 2318 Valesius
1201 2256 1280 2318 ad
1305 2255 1738 2329 Theodorum,
1775 2271 1916 2332 pag.
1951 2254 2092 2326 580,
2123 2259 2354 2314 monet
2403 2259 2620 2331 πρώτου
2657 2275 2755 2326 pro
2793 2261 3042 2330 πέμπτου
3074 2265 3219 2312 esse
3254 2246 3618 2325 legendum.

383 2361 568 2422 Alius
633 2360 808 2422 locus
866 2360 1240 2441 producitur
1303 2362 1366 2422 in
1429 2360 1654 2424 eadem
1714 2360 1964 2441 synodo
2019 2357 2322 2437 septima,
2383 2358 2518 2419 sive
2577 2356 2832 2420 Nic-mna
2885 2354 3202 2428 secunda,
3261 2352 3508 2414 actione
3558 2349 3620 2423 5,

381 2476 530 2540 pag.
561 2460 680 2522 609
703 2477 841 2541 seq.
1145 2451 1166 2472 ⁶

454 2644 533 2717 (a)
561 2643 812 2717 Valesius
839 2651 995 2717 putat
1021 2659 1090 2717 ne
1111 2643 1481 2717 Nicephorum
1503 2641 1736 2717 quidem
1789 2643 1950 2717 plura

2055 2641 2242 2717 Ξξονῆς
2273 2639 2750 2717 Νικηφόρουηλιῑί
2799 2636 3016 2694 Leontii
3053 2635 3206 2716 liber_
3251 2633 3330 2689 De
3375 2633 3544 2716 sectis,
3573 2647 3619 2713 ,ι

454 2657 533 2717 (a)
568 2657 812 2700 Valesms
877 2657 995 2698 mat
1021 2659 1090 2700 ne
1112 2657 1481 2714 Nicephorum
1503 2657 1732 2712 quidem
1789 2657 1950 2711 ptura
2059 2657 2242 2710 φωνης
2273 2657 2382 2694 ut.
2423 2657 2614 2710 φορου,
2671 2657 2750 2695 uti
2799 2657 3016 2694 Leontii
3053 2657 3196 2690 nuer
3251 2657 3330 2689 uc
3375 2657 3544 2696 secus,
3588 2657 3620 2688 ι

379 2714 588 2785 alioqui
611 2714 739 2770 inde
767 2715 824 2785 in
839 2659 1116 2785 giistorias
1149 2713 1692 2785 suasiderivaturum,
1715 2710 1952 2785 integris
2053 2657 3233 2785 :I‘lhcodorozlibateﬁictgtus.amanuepsi_
3253 2718 3380 2785 suo,
3420 2701 3620 2785 inscri-

383 2773 660 2840 Theodori
677 2783 863 2865 libris,
878 2783 973 2865 sed
993 2783 1268 2865 escerptis
1287 2783 1408 2865 istis
1427 2773 1770 2865 solummodo
1785 2773 1951 2865 ustum

2053 2779 2208 2865 bitur
2267 2779 2398 2833 Ἀπὸ
2462 2778 2650 2850 φωνῆς
2705 2776 2984 2851 Θεοδώρου
3027 2777 3140 2865 ,τοῦ
3207 2773 3618 2844 θεοφιλεστάτου

377 2868 525 2922 esse,
559 2869 734 2926 caque
777 2854 996 2912 cuidam
1029 2848 1283 2921 dictasse,
1333 2861 1497 2923 atque
1531 2851 1656 2908 ideo
1692 2849 1802 2906 dici
1843 2849 1952 2906 ἀπὸ
2053 2848 2216 2905 ἀὸὅά.
