3994 6140
457 303 556 366 931

1669 293 2074 357 EUSTATIIII
2112 289 2458 356 MONACHI

3622 284 3740 350 932

461 422 580 476 hac
633 415 857 488 physica
897 411 1187 469 diversitas
1223 423 1288 465 ac
1333 406 1669 475 diﬁerentia,
1701 409 1838 478 quia
1882 406 2025 463 citra

2145 421 2254 469 σεις
2287 420 2302 436 σ
2348 403 2446 458 καὶ
2493 401 2654 457 πάλιν
2696 403 2797 474 τῆς
2833 403 3069 476 φυσικῆς
3113 401 3438 475 ἑτερότητος
3475 403 3575 458 καὶ
3609 403 3740 460 δια-

461 514 627 568 nllam
675 507 1053 564 confusionem
1087 502 1409 558 uniuntum
1447 497 1686 556 Attende
1711 499 1782 554 ab
1825 513 1896 553 eo
1925 515 2030 552 na-

463 613 614 658 tura:
658 599 788 662 dici,
821 612 930 652 non
965 599 1217 648 naturam
1283 605 1491 661 easque
1519 590 1818 645 distinctas.

529 881 630 950 Qui
658 887 842 937 autem
867 878 960 932 hic
985 877 1382 949 proprietatem
1410 889 1477 930 ac
1522 873 1903 928 diversitatem
1945 888 2042 926 na-

462 983 711 1029 turarum
738 971 1011 1042 agnoscit,
1041 969 1238 1024 multis
1273 967 1328 1021 in
1345 965 1568 1036 scriptis
1593 979 1690 1020 eos
1714 965 2040 1020 anathema-

458 1068 591 1122 tizat
617 1065 713 1134 qui
755 1065 877 1118 haec
920 1060 1271 1132 proﬁtentur.
1336 1057 1441 1126 Qui
1483 1057 1578 1112 hic
1601 1057 1740 1112 dicit
1776 1057 1962 1111 carnis
1985 1064 2042 1110 et

458 1160 656 1214 animae
682 1158 837 1229 juxta
875 1163 1129 1210 naturam
1149 1165 1272 1208 esse
1293 1151 1597 1221 passiones,
1627 1158 1684 1206 et
1717 1149 1884 1205 morti
1915 1164 2042 1204 cor-

459 1267 564 1322 pus
593 1246 928 1304 naturaliter
955 1243 1194 1315 subjici;
1232 1241 1601 1312 impatibilem
1639 1255 1776 1295 vero
1794 1254 1919 1295 esse
1950 1239 2040 1294 di-

459 1343 747 1396 vinitatem
779 1346 834 1392 et
855 1335 1132 1392 divinitati
1155 1332 1508 1388 tribuendam
1549 1331 2037 1397 resurrectionem,

462 1432 610 1488 idem
635 1431 691 1486 in
719 1441 974 1484 sermone
997 1440 1099 1480 suo
1115 1425 1172 1480 in
1195 1422 1510 1493 Trisagium
1533 1421 1694 1492 cujus
1713 1420 2035 1475 exordium:

465 1523 564 1579 Vos
596 1523 780 1594 forsan
818 1535 902 1574 me
945 1517 1180 1589 gaudere
1224 1515 1446 1586 putatis,
1493 1513 1612 1568 base
1647 1511 1897 1582 proferre
1927 1527 2040 1566 non

463 1616 782 1674 dubitavit:
821 1631 840 1666 ι
884 1611 938 1668 Si
987 1619 1171 1665 autem
1221 1613 1348 1678 post
1388 1605 1649 1660 unionem
1713 1605 1774 1659 in
1825 1604 2041 1660 duabus

463 1707 682 1764 naturis
705 1711 1058 1776 agnoscetur,
1093 1701 1343 1757 solvetur
1367 1696 1500 1752 unio
1520 1739 1535 1763 ,
1559 1695 1778 1751 hinario
1805 1711 2039 1750 numero

2139 494 2314 564 φορᾶς
2375 492 2451 563 μὴ
2515 492 2838 565 σϐεσθείσης
2869 531 2884 556 .
2946 491 3039 546 διὰ
3117 491 3180 545 τὸ
3247 490 3560 562 ἀσύγγυτον
3627 494 3738 564 τῆς

2139 582 2403 648 ἐνώσεως.
2421 601 2441 636 ι
2459 580 2736 655 Πρύσσχες
2751 585 2834 638 δτι
2854 583 3197 640 διίστασθαι
3217 583 3389 653 λέγει,
3405 583 3500 639 καὶ
3519 584 3586 638 ού
3616 585 3742 654 τὴν

2139 675 2350 744 φύσιν,
2383 673 2519 728 ἀλλά
2547 673 2658 741 τὰς
2677 675 2914 745 φύσεις.

2223 848 2285 902 '0
2310 847 2368 902 δὲ
2401 847 2680 919 ὁμολογῶν
2705 845 2940 904 ἐνταῦθα
2964 849 3060 902 καὶ
3114 847 3354 922 ἰδιότητα
3403 853 3498 906 καὶ
3541 853 3740 928 ἑτερό-

2139 957 2278 1012 τητα
2293 939 2403 993 τῶν
2421 937 2656 1010 φύσεων,
2675 940 2732 992 ἐν
2757 939 2973 1018 πολλοὶξς
2994 941 3162 994 αὐτοῦ
3193 940 3372 1010 λόγοις
3399 943 3742 1016 ἀναθεματί-

2142 1027 2226 1094 ζει
2253 1030 2384 1092 τοὺς
2417 1028 2820 1100 ὁμολογοῦντας
2844 1029 3038 1086 ταῦτα.
3068 1031 3178 1084 Καὶ
3205 1035 3234 1086 δ
3255 1031 3434 1101 λέγων
3462 1034 3564 1104 τῆς
3595 1053 3738 1109 σαρ-

2141 1121 2238 1184 κὸς
2273 1115 2415 1174 εἷναι
2439 1121 2536 1175 καὶ
2559 1121 2660 1192 τῆς
2692 1119 2872 1192 ψυχῆς
2921 1121 3068 1176 κατὰ
3114 1121 3277 1190 φύσιν
3323 1123 3390 1176 τὰ
3443 1126 3612 1196 πάθη,
3637 1131 3738 1181 καὶ

2141 1211 2392 1278 φυσικῶς
2414 1229 2479 1265 συ
2489 1211 2694 1283 μσῆναι
2717 1211 2796 1283 τῷ
2827 1209 3042 1282 σώματι
3071 1213 3164 1267 τὸν
3186 1213 3440 1280 θάνατον,
3467 1217 3655 1288 ἅπαθῆ
3673 1220 3737 1273 δέ

2140 1303 2240 1372 τὴν
2265 1303 2516 1374 θεότητα,
2551 1303 2645 1357 καὶ
2695 1303 2978 1376 θεοπρεπῆ
3019 1305 3122 1376 τὴν
3159 1306 3482 1372 ἀνάστασιν,
3543 1312 3604 1364 ἐν
3649 1313 3735 1382 τῷ

2141 1391 2300 1463 Λόγῳ
2324 1393 2490 1446 αὐτοῦ
2519 1393 2598 1463 τῷ
2620 1393 2700 1455 είς
2717 1393 2780 1446 τὸ
2809 1394 3132 1464 Τρισάγιον,
3159 1388 3221 1448 οὗ
3249 1397 3282 1466 ἡ
3311 1398 3481 1469 ἀρχὴ,
3525 1401 3735 1469 ’Υμεῒς

2140 1483 2288 1549 ἴσως
2311 1483 2514 1540 οἷοσθέ
2539 1500 2620 1553 με
2667 1484 3002 1555 γεγηθέναι,
3063 1487 3246 1558 φησίν.
3325 1507 3346 1540 ι
3378 1490 3442 1543 Et
3489 1490 3548 1546 δέ
3590 1495 3737 1564 μετά

2139 1573 2242 1644 τὴν
2258 1575 2451 1650 ἕνωσιν
2469 1575 2530 1629 ἐν
2552 1575 2672 1628 δυσὶ
2701 1575 2896 1644 φύσεσι
2927 1578 3386 1651 γνωρισθήσεται,
3413 1580 3604 1638 λύεται
3631 1585 3736 1653 μὲν

2140 1665 2174 1736 ἡ
2206 1665 2420 1732 ἐνωσις,
2459 1670 2526 1738 τῇ
2556 1666 2710 1723 δυάδι
2746 1667 3084 1738 διαιρεθεῖσα
3107 1685 3122 1700 ·
3155 1669 3456 1742 μερισθήσε
3470 1690 3555 1726 ται
3576 1673 3638 1726 δέ
3665 1677 3734 1729 τδ

463 1804 680 1864 divisa;
733 1799 1012 1856 dividetur
1062 1793 1411 1866 mysterium,
1456 1797 1514 1844 et
1557 1789 1761 1844 divinze
1823 1797 2039 1842 natura:

2146 1758 2446 1828 μυστήριον
2483 1773 2499 1789 ο
2539 1759 2636 1812 καὶ
2673 1761 2738 1830 τῇ
2782 1759 2884 1830 μὲν
2914 1759 3038 1832 θείᾳ
3068 1760 3229 1830 φύσει
3275 1762 3376 1836 τὴν
3406 1765 3732 1831 ἀθανασίαν,

465 1891 959 1954 immortalitatem,
979 1888 1238 1942 humana:
1259 1897 1390 1938 vero
1407 1890 1646 1936 mortem
1673 1879 2006 1934 tribuemus.
2021 1896 2038 1928 ι

462 1987 568 2046 Per
593 1984 780 2038 omnia
812 1980 1033 2044 ludens,
1079 1984 1136 2033 et
1163 1975 1389 2032 sibimet
1434 1985 1720 2042 nunquam
1764 1977 2045 2034 constans,

463 2077 649 2134 omnia
675 2072 1002 2146 permiscuit
1027 2085 1150 2140 qua:
1175 2063 1798 2122 divinitatinaturaliter
1821 2059 2048 2132 propria

463 2178 614 2232 sunt,
634 2161 700 2223 'et
721 2181 843 2237 qua:
877 2159 1232 2225 humanitati,
1257 2154 1606 2213 'conl‘undcns
1641 2169 1706 2208 ea
1739 2167 1862 2223 qua:
1893 2151 2047 2222 juxta

463 2275 718 2316 naturam
761 2255 986 2328 propria
1043 2261 1173 2308 sunt
1229 2265 1356 2307 cum
1397 2249 1466 2304 iis
1499 2263 1622 2320 quae
1667 2247 1823 2318 juxta
1871 2245 2048 2302 incar-

463 2353 743 2410 nationem
784 2346 1034 2418 propria;
1081 2343 1156 2399 ita
1193 2351 1257 2397 ut
1297 2349 1527 2410 utraque
1576 2348 1777 2394 natura
1800 2339 1911 2410 jam
1933 2354 2046 2395 non

461 2458 594 2500 suas
620 2423 986 2512 proprietates
1045 2442 1248 2490 servet.
1297 2432 1410 2487 Nos
1456 2439 1641 2486 autem
1691 2430 1795 2486 hoc
1819 2429 2044 2486 effatum

461 2532 715 2602 Gregorii
736 2527 968 2601 Nysseni
1007 2524 1438 2582 memorabimus
1471 2523 1749 2592 in‘quarto
1785 2537 2043 2578 sermone

461 2619 729 2681 adversus
783 2619 1118 2676 Eunomium
1157 2615 1475 2686 prolatum:
1513 2632 1531 2664 ι
1561 2613 1698 2668 Nam
1729 2613 1776 2670 si
1815 2629 1912 2668 eos
1947 2613 2045 2684 qui

462 2725 676 2772 natura:
702 2713 958 2767 humanae
992 2707 1306 2779 passionem
1331 2704 1643 2760 attribuunt
1670 2714 1926 2770 accusat,
1957 2704 2043 2778 ip-

457 2822 581 2862 sam
619 2801 846 2858 omnino
873 2798 1218 2854 divinitatem
1267 2794 1510 2866 passioni
1548 2795 1670 2850 vult
1693 2795 1985 2867 subjicere.
2015 2813 2036 2847 ι

534 2895 616 2951 Ad
647 2894 869 2950 saniora
911 2887 1156 2944 revocati
1183 2887 1354 2943 verba
1395 2885 1584 2940 forsan
1627 2886 1814 2956 potius
1859 2884 2044 2956 profe-

461 2995 592 3041 rent
629 3001 754 3054 qua:
779 2982 1048 3038 adversus
1091 2977 1374 3034 lulianum
1427 2975 1604 3031 edidit
1639 2993 1654 3030 :
1699 2995 1718 3027 ι
1755 2976 1876 3032 Non
1901 2974 2043 3030 dici-

465 3093 588 3133 mus
613 3089 739 3132 eum
772 3073 1062 3144 passiones
1103 3069 1406 3140 impatibili
1443 3067 1755 3124 divinitatis
1781 3067 2042 3123 substan-

407 3188 419 3198 -
460 3167 556 3222 tite
605 3165 934 3220 attribuere.
971 3181 990 3214 ι
1025 3162 1107 3216 tta
1145 3160 1330 3217 omnia
1366 3157 1662 3216 confundit
1694 3159 1786 3214 hic
1834 3158 2044 3216 doctri-

465 3273 660 3312 narum
681 3255 955 3320 turbator;
976 3251 1200 3324 quando
1217 3251 1437 3306 Docetis
1453 3249 1798 3314 adversatur,
1817 3251 2043 3322 propria

458 3355 790 3402 naturarum
855 3343 938 3398 cis
990 3341 1183 3414 objicit
1240 3342 1337 3412 qui
1406 3341 1632 3412 propria
1713 3351 2042 3395 naturarum

463 3445 764 3504 verentur;
792 3441 849 3492 et
890 3449 1015 3506 quae
1038 3433 1108 3489 de
1147 3448 1258 3487 una
1295 3442 1354 3488 et
1385 3431 1454 3487 ab
1485 3447 1593 3486 una
1619 3445 1858 3501 persona
1894 3429 2043 3487 dicta

458 3540 596 3587 sunt
640 3531 948 3601 impugnat,
1002 3527 1161 3598 quasi
1205 3524 1276 3580 de
1332 3539 1444 3578 una
1485 3530 1542 3578 et
1585 3523 1655 3578 ab
1700 3537 1810 3577 una
1843 3530 2042 3577 natura

465 3621 934 3692 intclligerentur.
983 3617 1119 3674 Nam
1180 3614 1384 3686 Stepius
1427 3621 1643 3669 natura;
1685 3623 1742 3668 et
1793 3629 2043 3685 personae

465 3712 840 3768 dill'erentiam
867 3725 978 3773 non
997 3709 1268 3780 agnoscit,
1287 3715 1350 3761 ut
1371 3705 1588 3776 copiam
1610 3705 1810 3762 haheat
1838 3705 2043 3778 ubique

466 3819 665 3860 omnes
689 3802 1004 3865 incusandi,
1025 3800 1314 3856 turbarum
1336 3798 1428 3852 hic
1447 3809 1505 3853 et
1527 3799 1861 3868 ineptiarum
1893 3813 2043 3854 ama-

469 3904 578 3950 tor.
603 3893 761 3960 Quod
784 3894 830 3946 si
863 3900 1048 3947 autem
1065 3892 1178 3963 jam
1196 3890 1350 3952 nulla
1373 3889 1519 3944 inter
1539 3903 1836 3958 personam
1865 3897 1924 3944 et
1945 3904 2044 3944 na-

469 3997 650 4044 turam
679 3981 1474 4062 diﬂ‘erentia,quotiescunque
1492 3987 1722 4036 naturas
1747 3981 2042 4050 pluraliter

467 4079 626 4145 dicit,
657 4087 753 4131 aut
773 4084 1026 4130 naturam
1059 4081 1114 4129 et
1136 4083 1414 4137 naturam,
1439 4080 1534 4126 aut
1563 4086 1829 4142 personas
1861 4072 2042 4128 inten-

464 4171 566 4227 dit.
592 4169 650 4224 ln
675 4182 930 4226 sermone
947 4167 1068 4237 ejus
1093 4164 1149 4219 in
1167 4163 1698 4236 Electionem,cujus
1715 4163 2035 4222 exordium:

467 4265 670 4320 Navem
729 4261 864 4332 forte
919 4257 1144 4314 solventi
1193 4257 1263 4312 ad
1325 4257 1558 4312 medium
1618 4260 1842 4330 ﬂumen,
1912 4257 2036 4316 ait:

461 4373 484 4408 ε
535 4353 768 4424 Quando
815 4352 1104 4408 hominum
1151 4350 1331 4406 oculis
1377 4349 1700 4422 apparuerit
1745 4357 1803 4406 et
1831 4357 2036 4406 semet-

2149 1852 2214 1920 τῇ
2241 1849 2298 1902 δὲ
2327 1847 2644 1923 ἀνθρωπίνῃ
2691 1851 2784 1906 τὸν
2829 1851 3060 1907 θάνατον
3088 1854 3578 1926 ἀποκληρώσομεν.
3611 1877 3632 1912 ι
3667 1861 3733 1914 '0

2149 1938 2327 1992 πάντα
2372 1937 2587 2002 παίζων
2629 1941 2725 1994 καὶ
2759 1941 2852 1994 ἐπὶ
2905 1943 3139 2014 μηδενὸς
3185 1945 3494 2014 ἱστάμενος,
3529 1949 3734 2019 ιφυρεν

2149 2029 2326 2082 πάντα
2354 2029 2425 2082 τά
2449 2047 2508 2083 τε
2535 2031 2637 2100 τῆς
2669 2030 2928 2102 θεότητος
2979 2033 3089 2088 ista
3139 2037 3280 2091 κατά
3311 2038 3494 2107 φύσιν,
3542 2042 3635 2096 καὶ
3658 2043 3734 2097 τά

2145 2119 2247 2189 τῆς
2287 2119 2704 2192 ἀνθρωπότητος
2759 2123 2867 2177 ἴδια
2895 2125 3040 2178 κατά
3075 2125 3261 2196 φύσιν,
3290 2133 3732 2200 παρασκευάζων

2146 2209 2214 2262 τά
2253 2209 2397 2264 κατά
2420 2210 2583 2281 φύσιν
2613 2212 2744 2278 ἴδια,
2773 2213 2849 2276 ὡς
2872 2212 2941 2270 τὰ
2965 2215 3091 2270 κατ’
3118 2217 3434 2290 οἰκονομίαν
3460 2223 3568 2277 εδια
3595 2225 3736 2280 θεω-

2148 2303 2265 2372 ρεῖν
2289 2318 2305 2334 ο
2345 2301 2422 2365 ὡς
2445 2303 2652 2374 μηκέτι
2673 2302 2945 2368 σώζεσθαι
2973 2305 3178 2380 ἑκάστῃ
3192 2307 3356 2378 φύσει
3387 2311 3498 2368 τῶν
3511 2313 3734 2368 οἰκείων

2146 2393 2318 2464 αὐτῆς
2371 2393 2678 2464 ἰδιωμάτων
2701 2409 2716 2426 ο
2777 2397 2939 2466 ἡμεῖς
2985 2397 3044 2452 δὲ
3101 2398 3509 2474 ὑπομνήσωμεν
3566 2404 3732 2460 αὑτὸν

2145 2481 2208 2536 τὸ
2255 2485 2642 2555 γεγραμμένον
2681 2482 2760 2554 τῷ
2789 2485 3038 2540 Νυσσαεϊ
3081 2487 3144 2542 ἐν
3175 2488 3256 2560 τῷ
3289 2491 3412 2545 κατ’
3461 2493 3731 2565 Εὑνομίου

2143 2577 2393 2651 τετάρτῳ
2420 2579 2630 2652 (potius
2658 2580 2915 2654 πέμπτῳ)
2945 2569 3123 2652 λόγῳ·
3159 2599 3180 2634 ι
3218 2582 3284 2636 Et
3329 2582 3442 2656 γὰρ
3487 2586 3730 2641 αἰτιᾶται

2143 2669 2271 2732 τοὺς
2301 2669 2364 2724 τὸ
2391 2671 2565 2736 πάθος
2592 2675 2660 2743 τῇ
2682 2672 3003 2746 ἀνθρωπίνῃ
3024 2672 3188 2742 φύσει
3209 2674 3584 2741 ἀνατιθέντας,
3612 2677 3732 2748 βού-

2143 2760 2295 2814 λεται
2311 2762 2528 2826 πάντως
2541 2762 2711 2834 αὐτὴν
2725 2761 2804 2834 τῷ
2819 2762 2986 2817 πάθει
3001 2763 3308 2834 ὑπαγαγεῖν
3321 2765 3419 2838 τὴν
3440 2766 3688 2837 θεότητα.
3701 2785 3724 2819 ι

2219 2856 2381 2920 Ἴσως
2415 2857 2782 2928 ἐντραπέντες
2811 2859 2862 2912 οἱ
2895 2857 3064 2914 αὐτοῦ
3119 2858 3475 2930 βεδαιώσουσι
3523 2862 3732 2930 μᾶλλον

2141 2947 2204 3002 τὸ
2249 2947 2443 3020 λεχθὲν
2497 2950 2648 3022 αύτῷ
2684 2951 2831 3005 κατά
2895 2951 3186 3006 ἰουλιανοῦ
3215 2968 3230 2982 ·
3285 2968 3306 3002 t
3335 2953 3452 3006 οὐκ
3485 2951 3724 3024 ἐροῦμεν

2143 3038 2308 3094 αὐτὸν
2343 3041 2492 3111 πάθη
2523 3040 2853 3113 περιάπτειν
2881 3045 2950 3114 τῇ
2973 3043 3210 3116 οὐσία-τῇ
3245 3041 3445 3101 ἀπαθεῖ
3471 3041 3572 3114 τῆς
3600 3043 3724 3098 θού-

2141 3147 2324 3202 τητος.
2356 3151 2376 3184 ι
2411 3131 2601 3197 Οὕτως
2633 3135 2662 3188 δ
2689 3133 2905 3207 φύρτης
2931 3135 3109 3190 πάντα
3143 3135 3384 3206 συγχέει,
3407 3135 3521 3199 τοῖς
3553 3136 3730 3206 Δοκὴ-

2143 3239 2264 3286 ταις
2300 3223 2464 3293 δῆθεν
2506 3225 2829 3296 ἀντιλέγων,
2869 3227 2937 3281 τά
2980 3227 3092 3282 ῐδια
3121 3227 3230 3282 τῶν
3250 3226 3466 3298 φύσεων
3485 3226 3728 3300 προσάλ-

2143 3313 2294 3368 λεται
2333 3317 2446 3380 τοῖς
2493 3316 2564 3370 τὰ
2596 3317 2706 3372 [δια
2733 3319 2844 3372 τῶν
2865 3318 3082 3389 φύσεων
3107 3317 3532 3391 πρεσϐεύουσιν,
3561 3319 3729 3391 μαχό-

2147 3422 2306 3476 μενος
2359 3406 2427 3460 τά
2485 3407 2562 3472 ὼς
2611 3409 2700 3478 ἐφ’
2751 3410 2871 3475 ἐνὸς
2929 3411 3026 3464 καὶ
3089 3410 3200 3465 ἀπὸ
3256 3411 3380 3475 ἐνὸς
3429 3411 3723 3483 προσώπου

2141 3495 2524 3568 λεγόμενα,ὡς
2542 3500 2637 3553 ἐπὶ
2662 3501 2792 3571 μιᾶς
2815 3501 2910 3554 καὶ
2937 3501 3047 3556 ἀπὸ
3069 3503 3202 3573 μιᾶς
3223 3501 3442 3572 φύσεως
3466 3502 3724 3558 ἀντικαθ-

2143 3589 2286 3661 ιστᾷ.
2327 3589 2519 3644 Ἔστιν
2563 3591 2674 3662 γάρ
2723 3593 2814 3646 ὅτε
2880 3593 3096 3662 φύσεως
3136 3595 3234 3647 καὶ
3279 3593 3575 3665 προσώπου
3625 3595 3722 3648 οὐκ

2140 3675 2283 3734 οἶδεν
2301 3679 2588 3754 διαφορὰν,
2619 3683 2710 3740 ἴνα
2736 3685 2836 3756 ἔχῃ
2863 3683 3052 3739 ἄδειαν
3099 3685 3334 3740 πάντοτε
3372 3685 3508 3741 πᾶσι
3563 3687 3723 3758 μάχεο

2141 3771 2288 3838 σθαι,
2313 3771 2387 3838 ὡς
2417 3773 2788 3848 φιλο-τάραχος
2817 3777 2912 3830 καὶ
2951 3777 3048 3831 κα)⁸
3081 3777 3467 3849 φιλοσκώπτης
3496 3795 3514 3812 ο
3569 3781 3617 3832 εί
3663 3779 3720 3832 δέ

2139 3863 2324 3918 οὐκέτι
2347 3865 2564 3935 φύσεως
2591 3869 2686 3922 καὶ
2733 3869 3028 3939 προσώπου
3075 3869 3333 3942 διαφορὰ,
3386 3871 3577 3936 ὁσάκις
3625 3871 3718 3926 ὲάν

2137 3954 2272 4028 λέγῃ
2306 3956 2496 4028 φύσεις
2519 3957 2920 4030 πληθυντικῶς,
2955 3960 2988 4032 ἢ
3019 3961 3184 4034 φύσιν
3209 3965 3306 4016 καὶ
3337 3963 3524 4034 φύσιν,
3555 3963 3718 4038 [forte

2139 4042 2195 4118 ἢ]
2219 4047 2312 4100 καὶ
2337 4047 2604 4118 πρόσωπα
2631 4049 2798 4118 λέγει.
2842 4051 2931 4104 Ἐν
2963 4051 3042 4122 τῷ
3067 4052 3211 4126 λόγῳ
3227 4053 3303 4123 τῷ
3322 4056 3402 4120 είς
3413 4056 3513 4124 τὴν
3529 4057 3718 4127 Χειροο

2136 4138 2319 4191 τονίαν
2339 4139 2526 4206 αὐτοῦ,
2556 4133 2618 4194 οὗ
2651 4143 2684 4212 ή
2713 4141 2876 4214 ἀρχὴ,
2913 4141 3255 4212 Ἀπιιίροντί
3279 4161 3424 4224 ποτε
3441 4145 3591 4216 πρὸς
3604 4147 3718 4216 τὴν

2129 4226 2333 4295 μέσην
2351 4227 2470 4281 τῶν
2487 4229 2786 4300 ποταμῶν,
2805 4231 3019 4301 mem
3055 4233 3249 4287 Ἦνίκα
3279 4234 3324 4288 δ’
3354 4235 3423 4290 ἂν
3437 4237 3716 4310 ἐπιλάμψῃ

2134 4320 2245 4382 τοῖς
2275 4319 2370 4374 ἐπὶ
2399 4321 2502 4391 γῆς
2523 4322 2616 4376 καὶ
2635 4323 2732 4390 τὴν
2763 4323 3007 4376 ἑκούσιον
3032 4325 3262 4379 κένωσιν
3291 4325 3360 4380 δι’
3377 4327 3526 4396 ἡμᾶς
3555 4343 3716 4381 κατα·

460 4447 645 4517 ipsum
689 4455 884 4516 sponte
929 4457 1032 4512 pro
1075 4442 1238 4497 nobis
1283 4441 1675 4506 exinaniverit,
1728 4440 1846 4510 ipse
1875 4439 2038 4495 nobis

2145 4408 2380 4525 δέξηται,
2411 4411 2572 4525 adeo;
2617 4415 2750 4484 ἡμῖν
2791 4415 2994 4487 κλίμαξ
3053 4418 3362 4488 γενήσεται,
3388 4419 3518 4483 τοὺς
3547 4421 3716 4490 χαμαὶ

349 4592 362 4605 ,
460 4537 611 4592 scala
663 4537 843 4591 factus
891 4545 997 4598 est,
1046 4532 1203 4588 humi
1245 4540 1474 4603 propter
1508 4541 1736 4602 peccata
1755 4540 1820 4592 et
1843 4529 2036 4586 Adami

459 4631 678 4698 lapsum
704 4629 956 4700 jacentes
985 4626 1042 4680 in
1071 4626 1274 4680 coelum
1301 4625 1604 4690 deducens,
1645 4631 1703 4680 et
1728 4631 1889 4694 porta
1911 4622 2038 4678 caeli

456 4719 726 4782 illustris,
751 4717 975 4772 Patrem
1004 4714 1172 4770 nobis
1193 4713 1449 4768 revelans
1467 4721 1523 4768 et
1551 4712 1796 4782 seipsum
1819 4721 1876 4766 et
1911 4711 2038 4783 Spi-

456 4811 628 4866 titum
671 4815 948 4872 sanctum,
979 4813 1036 4861 et
1081 4807 1136 4860 in
1163 4813 1352 4875 sancta
1385 4804 1656 4860 Trinitate
1705 4802 2030 4857 Deitatem.)

527 4965 662 5034 Quae
694 4963 838 5020 dixit
889 4972 1094 5020 sancta:
1137 4961 1349 5034 synodo
1393 4959 1688 5016 adhaerens
1714 4973 1838 5028 qua:
1885 4956 2032 5013 idem

458 5059 765 5118 statuerat;
809 5067 938 5106 nam
978 5051 1158 5107 Patris
1196 5059 1254 5106 et
1297 5050 1423 5105 Filii
1455 5058 1512 5104 et
1558 5049 1803 5120 Spiritus
1855 5049 2032 5104 sancti

459 5142 883 5216 perfectionem,
920 5142 1106 5207 docet,
1131 5150 1188 5196 et
1242 5139 1756 5196 inbumanationem
1827 5137 2035 5212 profert

461 5235 699 5290 lidelitcr
749 5233 1204 5304 suscipientibus.
1240 5232 1398 5300 Quod
1439 5233 1485 5288 si
1517 5232 1763 5304 synodus
1811 5239 2033 5302 quater-

455 5327 678 5381 narium
721 5340 1016 5380 numerum
1069 5323 1313 5394 professa
1339 5331 1444 5390 est,
1480 5323 1720 5380 Severus
1754 5323 2032 5380 senarium

455 5417 682 5474 admisit
716 5417 768 5472 in
795 5433 897 5472 suo
931 5432 1188 5474 sermone
1218 5417 1274 5472 in
1297 5417 1435 5472 illud
1464 5435 1478 5471 :
1507 5417 1730 5472 Domine
1757 5418 1848 5496 mi,
1880 5417 2038 5488 cujus

455 5509 791 5565 exordium:
841 5509 1072 5576 Quidam
1117 5511 1462 5565 dividentium
1515 5511 1650 5582 forte
1695 5529 1714 5566 :
1757 5530 1774 5562 ι
1819 5510 2037 5565 Verum-

458 5612 633 5657 tamen
678 5619 780 5658 non
815 5604 950 5658 sicut
983 5619 1075 5676 ego
1105 5601 1244 5668 rolo,
1277 5603 1370 5657 sed
1397 5603 1531 5656 sicut
1567 5611 1622 5654 tu
1653 5601 1862 5672 (Matth.
1887 5618 2032 5668 m1,

453 5690 568 5764 59}.
594 5693 724 5762 Quas
764 5712 872 5750 non
902 5695 1120 5761 timore,
1148 5693 1244 5748 sed
1279 5709 1380 5750 nos
1412 5693 1646 5750 docendi
1680 5693 1854 5764 gratia
1885 5693 2030 5751 dicta

2145 4501 2427 4572 κειμένους
2439 4502 2544 4557 ὑπὸ
2558 4503 2656 4576 τῆς
2685 4505 2957 4578 ἁμαρτίας
2981 4507 3073 4562 καὶ
3093 4509 3192 4578 τῆς
3216 4507 3308 4562 τοῦ
3347 4509 3521 4582 Ἀδὰμ
3544 4528 3716 4582 παρα-

2144 4591 2356 4658 ϐάσεως
2406 4595 2622 4664 ἀνάγων
2676 4597 2756 4660 είς
2799 4598 3048 4668 οὐρανὸν,
3084 4599 3178 4653 καὶ
3221 4599 3364 4672 πύλη
3411 4603 3714 4673 περιφανὴς

2143 4685 2413 4756 οὐράνιος,
2441 4687 2844 4743 ἀποκαλύπτων
2876 4690 3008 4761 ἡμῖν
3023 4690 3114 4744 τὸν
3130 4691 3352 4762 Πατέρα
3381 4695 3476 4746 καὶ
3502 4694 3710 4758 ἑαυτὸν,

2145 4775 2238 4830 καὶ
2265 4778 2324 4831 τὸ
2355 4778 2512 4846 ἀγιον
2537 4779 2782 4852 Πνεῦμα,
2814 4782 2908 4836 καὶ
2957 4783 3056 4854 τὴν
3107 4784 3166 4836 ἐν
3214 4785 3281 4856 τῇ
3335 4783 3470 4857 ἀγίᾳ
3524 4785 3712 4855 Τριάδι

2143 4869 2476 4940 κυριότητα.
2507 4889 2526 4922 ι

2212 4963 2400 5018 Ταῦτα
2419 4965 2524 5036 ἔφη
2549 4967 2577 5018 δ
2615 4965 2714 5038 τῆς
2751 4966 2916 5035 ἁγίας
2954 4969 3170 5024 συνόδου
3209 4969 3601 5042 ἐπιλαϐόμενος
3639 4972 3712 5024 εί-

2139 5053 2348 5124 πούσης
2377 5071 2390 5084 ·
2419 5055 2548 5128 περί
2575 5073 2635 5108 τε
2680 5057 2789 5128 γάρ
2842 5059 3052 5131 Πατρδς
3109 5059 3203 5112 καὶ
3243 5059 3370 5113 Υἱοῦ
3412 5061 3508 5114 καὶ
3559 5061 3710 5130 ἁγίου

2141 5143 2460 5215 Πνεύματος
2488 5145 2794 5200 ἐκδιδάσκει
2823 5147 2885 5201 τὺ
2907 5148 3132 5215 τέλειον,
3155 5149 3252 5204 καὶ
3277 5149 3370 5205 τοῦ
3393 5152 3598 5223 Κυρίου
3617 5151 3711 5222 τὴν

2139 5236 2556 5308 ἐνανθρώπησιν
2593 5241 2707 5303 τοῖς
2755 5239 2961 5304 πιστῶς
3005 5240 3316 5312 δεχομένοις
3363 5243 3708 5314 παρίστησιν.

2139 5329 2204 5382 Et
2229 5323 2323 5382 οὖν
2349 5330 2384 5400 ἡ
2411 5328 2631 5394 σύνοδος
2657 5330 2894 5403 τετράδα
2919 5327 3096 5397 εἶπεν,
3127 5332 3364 5404 Σευῆρος
3383 5332 3547 5398 ἐξάδα
3567 5333 3712 5400 λέγει

2137 5419 2196 5473 ἐν
2223 5418 2302 5491 τῷ
2341 5420 2485 5491 λόγῳ
2529 5421 2692 5474 αὑτοῦ
2726 5421 2805 5492 τῷ
2833 5425 2915 5489 είς
2941 5423 3026 5487 τὸ,
3062 5421 3171 5477 Θεέ
3199 5439 3340 5494 μου,
3365 5419 3427 5479 οὗ
3471 5425 3505 5492 ἡ
3545 5424 3710 5496 ἀρχὴ,

2141 5509 2322 5576 Ἴσως
2367 5509 2529 5576 τινὲς
2561 5509 2680 5564 τῶν
2707 5511 3166 5586 augear-drawn
3197 5513 3331 5584 ἔφη’
3371 5536 3388 5562 ε
3411 5507 3582 5580 Πλὴν
3599 5515 3712 5581 οὐχ

2135 5603 2216 5668 ὠς
2242 5601 2358 5673 ἐγὼ
2384 5602 2558 5670 θέλω,
2591 5605 2729 5660 ἀλλ’
2755 5607 2836 5673 ὡς
2859 5609 2940 5662 σύ
2967 5623 2982 5638 ·
3016 5608 3099 5662 ὅτι
3134 5611 3243 5681 γὰρ
3269 5608 3615 5670 διδασκαλίας
3643 5605 3714 5680 ἦν

2133 5695 2328 5764 ταῦτα,
2348 5700 2443 5752 καὶ
2459 5697 2521 5752 οὐ
2535 5697 2760 5764 δειλίας,
2789 5701 3134 5771 μαρτυρήσει
3155 5699 3388 5770 σαφῶςή
3408 5697 3516 5753 τῶν
3541 5699 3720 5767 Εὐαγ-
