3970 6160
314 298 423 362 933
554 324 585 340 ν

1339 307 1706 366 EPISTULA
1744 306 1843 367 DE
1880 304 2182 366 DUABUS
2221 306 2578 374 NATURIS.

3466 321 3574 388 934

320 416 514 486 γελίων
534 413 728 485 Γραφῇ
764 428 778 443 ο
815 411 934 474 πῶς
961 412 1072 483 γὰρ
1103 407 1327 481 ἔμελλεν
1343 411 1575 465 δεδιέναι
1600 412 1692 466 τδν
1723 411 1873 467 eam

1993 412 2170 469 fuisse
2218 423 2456 472 testatur
2508 418 2797 477 manifeste
2826 420 2945 493 ipsa
2977 423 3409 497 Evangeliorum
3448 450 3582 492 nar-

311 525 405 563 τον
433 509 463 562 ό
495 505 636 578 μετά
667 502 969 575 ἐπιθυμίας
990 503 1170 574 ἀκρας
1213 504 1308 558 ἐπὶ
1353 503 1542 558 τοῦτον
1593 505 1888 576 έρχόμενος

316 600 410 653 καὶ
478 599 653 667 λέγων
676 635 693 662 ,
782 596 1098 662 Ἐπιθυμίᾳ
1155 595 1509 664 ἐπεθύμησα
1563 595 1778 665 φαγεῖν
1821 595 1888 650 τὸ

317 692 532 761 Πάσχα
590 688 806 752 tauro;
837 706 857 740 ι
912 682 1046 741 Εἶτα
1093 687 1340 756 συνήθως
1393 687 1888 758 ἀντιφθεγγόμενος

312 780 488 851 ἐαυτῷ
510 782 567 834 ὲν
586 779 666 850 τῷ
681 779 817 850 πρὸς
832 778 1056 848 Σέργιον
1072 776 1310 849 δευτέρῳ
1337 777 1503 848 λόγῳ.
1531 779 1753 848 γράφει·
1786 796 1804 828 ι
1829 778 1887 832 '0

321 874 420 943 γὰρ
473 868 821 940 Ἐμμανουὴλ
865 868 990 923 καθ’
1021 867 1050 920 ὃ
1089 868 1188 939 μὲν
1225 867 1379 931 Θεὸς,
1424 868 1648 939 δοκήσει
1683 869 1886 922 πέπον-

312 960 403 1015 θεν
432 979 447 994 ο
475 961 596 1014 καθ’
634 959 667 1015 ὃ
704 955 762 1012 δὲ
820 960 1141 1029 ἄνθρωπος,
1177 957 1426 1030 ἀληθείᾳ.
1465 976 1486 1010 ι
1525 959 1634 1012 Καὶ
1691 959 1752 1012 έν
1808 957 1887 1027 τῷ

309 1054 543 1125 δευτέρῳ
587 1052 646 1105 δὲ
684 1050 765 1123 τῷ
819 1051 964 1106 κατὰ
1023 1050 1273 1107 Ἰωάννου
1325 1051 1427 1106 τοῦ
1462 1049 1884 1122 γραμματικοῦ,

308 1144 453 1212 λέγει
482 1154 497 1176 ⁸
536 1162 554 1196 ι
585 1140 689 1196 Τὸν
717 1142 881 1200 αὑτὸν
916 1142 1016 1213 μὲν
1049 1141 1171 1196 καθ’
1205 1141 1235 1196 ὃ
1260 1142 1393 1206 Θεὸς
1424 1138 1514 1214 ἦν,
1554 1143 1628 1214 μὴ
1654 1144 1885 1197 δεδιέναι

305 1235 398 1289 τὸν
425 1235 657 1289 θάνατον
683 1249 698 1266 ο
723 1230 848 1288 καθ’
875 1231 903 1286 ὅ
926 1233 982 1284 δέ
1020 1231 1304 1304 ἄνθρωπος
1337 1229 1427 1303 ἦν,
1461 1233 1885 1303 οἰκειωσάμενον

306 1326 403 1378 καὶ
420 1323 481 1379 τδ
513 1324 589 1395 μὴ
620 1321 794 1376 θέλειν
816 1322 1127 1387 ἀποθανεῖν,
1157 1322 1251 1374 καὶ
1280 1320 1543 1384 ἑκουσίως
1582 1322 1782 1390 ἐφέντα
1815 1325 1884 1393 τῇ

308 1416 476 1487 caput
503 1415 565 1469 τὺ
593 1414 823 1484 φυσικὸν
849 1411 1245 1478 καταδέξασθαι
1273 1412 1466 1476 πάθος.
1501 1428 1521 1465 ι
1562 1413 1751 1482 Ὀλίγα
1777 1413 1886 1467 ἀπὸ

309 1504 521 1561 πολλῶν
555 1503 900 1576 παρεθέμην,
941 1504 1299 1574 παραστῆσαι
1339 1502 1663 1574 βουλόμενος
1698 1505 1760 1558 τὸ
1791 1507 1885 1561 καὶ¹

308 1597 447 1668 πρὸς
479 1596 672 1650 ἑαυτὸν
709 1594 1039 1665 ἀσύμφωνον
1068 1594 1163 1647 τοῦ
1197 1596 1393 1665 ἀνδρός
1420 1610 1435 1624 ·
1460 1596 1554 1650 καὶ
1579 1596 1662 1650 ὅτι
1693 1598 1763 1651 τά
1789 1614 1883 1666 φυ-

306 1688 438 1741 σικὰ
467 1690 568 1758 τῆς
602 1688 827 1758 σαρκὸς,
858 1685 996 1741 ἄλλα
1025 1686 1200 1757 λέγων
1227 1687 1380 1759 παρὰ
1418 1688 1488 1741 τὰ
1537 1690 1742 1758 φυσικὰ
1782 1690 1884 1761 τῆς

1998 504 2175 570 ratio;
2200 521 2313 576 quo
2337 508 2486 563 enim
2509 520 2672 580 pacto
2701 523 2933 569 mortem
2963 515 3462 593 reformidaviaset,
3487 535 3581 599 qui

1996 608 2215 650 summo
2250 612 2377 652 cum
2420 600 2608 656 studio
2650 618 2773 659 eam
2803 605 3012 671 adibat,
3056 620 3113 664 et
3146 626 3272 667 cum
3312 614 3406 670 bis
3450 633 3572 676 ver-

1995 686 2083 742 bis
2122 706 2132 740 :
2167 688 2439 745 Desiderio
2495 693 2794 751 desideravi
2851 700 2948 752 hoc
2998 699 3204 757 Pascha
3252 709 3580 765 manducare

1997 777 2147 849 (Luc.
2197 796 2341 846 xm,
2389 783 2500 854 l5).
2558 803 2579 837 ι
2631 786 2841 843 Deinde
2871 805 2974 860 pro
3023 807 3176 849 more
3216 812 3319 851 suo
3351 798 3577 857 sibimet

1994 885 2248 940 pugnans
2271 874 2468 929 scribit
2502 876 2558 929 in
2602 879 2847 934 secundo
2876 897 3133 941 sermone
3171 887 3241 941 ad
3275 889 3524 961 Sergium
3558 913 3571 947 :

2001 979 2020 1013 ι
2059 961 2408 1029 Emmanuel,
2443 967 2787 1036 inquantum
2820 974 2968 1029 Deus
2995 987 3137 1042 erat,
3167 981 3353 1049 specie
3376 999 3573 1052 passus

1992 1058 2115 1119 est;
2140 1053 2236 1108 sed
2279 1055 2336 1109 in
2369 1067 2639 1125 quantum
2683 1060 2869 1127 homo,
2899 1080 3050 1120 vere.
3087 1086 3105 1119 ι
3147 1069 3216 1124 Ει
3242 1071 3298 1126 in
3329 1077 3573 1129 secundo

1990 1142 2137 1198 libro
2169 1145 2436 1203 adversus
2476 1149 2746 1206 Joannem
2775 1157 3200 1224 grammaticum
3230 1179 3244 1215 :
3275 1180 3295 1213 ι
3329 1163 3473 1234 Ipse,
3499 1144 3571 1222 in

1990 1243 2259 1303 quantum
2312 1236 2461 1293 Deus
2490 1248 2633 1305 erat,
2694 1252 2930 1298 mortem
2973 1262 3086 1302 non
3138 1239 3570 1322 reformidabat';

1990 1325 2047 1379 in
2087 1334 2355 1395 quantum
2402 1345 2536 1385 vero
2567 1331 2733 1388 homo
2773 1343 2916 1402 erat,
2951 1336 3130 1407 ipsius
3173 1354 3296 1397 erat
3331 1357 3569 1402 mortem

1990 1417 2321 1485 abhorrere,
2368 1430 2426 1476 et
2472 1423 2714 1479 libenter
2748 1427 3092 1484 incarnatum
3141 1432 3376 1490 decebat
3405 1448 3570 1494 natu-

1989 1510 2092 1564 rali
2123 1512 2318 1566 dolore
2353 1516 2714 1572 commoveri.
2753 1537 2772 1569 ι
2806 1520 2983 1576 Pauca
3024 1517 3103 1578 de
3143 1527 3335 1583 multis
3375 1539 3572 1597 protu-

1987 1601 2154 1658 limus
2181 1643 2197 1668 ,
2257 1612 2317 1659 ut
2361 1615 2628 1675 appareat
2669 1618 2938 1678 quantum
2992 1613 3321 1686 sibimetipsi
3366 1629 3572 1690 pugnet

1989 1691 2176 1748 homo.
2222 1694 2486 1750 Naturam
2534 1698 2717 1753 carnis
2763 1716 2792 1755 a
2848 1709 3046 1758 natura
3091 1705 3400 1763 divinitatis
3439 1709 3571 1765 licet

306 1780 563 1850 θεότητος
610 1778 1002 1849 ἀναθεματίξει
1053 1777 1153 1842 τὰς
1209 1778 1305 1832 δύο
1359 1777 1550 1844 φύσεις
1604 1778 1873 1847 λέγοντας1

1988 1782 2313 1855 distinguat,
2352 1788 2783 1845 anathematizat
2836 1809 2933 1848 eos
2983 1796 3079 1864 qui
3134 1797 3275 1853 duas
3333 1809 3566 1859 naturas

310 1867 514 1935 μᾶλλον
556 1867 614 1922 δὲ
653 1868 867 1922 ἑαυτόν.
907 1869 1019 1921 Καὶ
1056 1867 1217 1930 αὐτὸς
1255 1868 1367 1937 γὰρ
1401 1867 1494 1921 δύο
1528 1867 1721 1937 φύσεις
1743 1864 1885 1924 οἶδεν

308 1960 366 2012 ὲν
382 1957 458 2028 τῷ
483 1958 729 2031 Χριστῷ,
757 1959 854 2013 καὶ
869 1958 1072 2021 ταύτας
1089 1957 1466 2029 ὑφισταμένας
1481 1960 1574 2012 καὶ
1593 1958 1881 2029 μενούσας·

306 2047 405 2101 καὶ
434 2046 596 2101 πάλιν
624 2049 723 2102 οὐκ
744 2044 859 2102 οἶδα
889 2048 1040 2112 ὅπως
1068 2048 1150 2109 είς
1182 2048 1317 2118 μίαν
1346 2047 1660 2118 συναλείφει
1691 2049 1882 2117 αὑτὰς,

305 2140 404 2195 καὶ
435 2140 835 2210 καταγινώσκει
875 2140 1038 2196 πάλιν
1073 2140 1182 2195 τῶν
1234 2142 1315 2206 είς
1370 2141 1503 2211 μίαν
1543 2143 1884 2211 συναγόντων

305 2231 404 2284 καὶ
459 2231 884 2301 συναλειφόντων
937 2231 1131 2298 αὐτὰς,
1175 2230 1251 2295 ὡς
1279 2230 1784 2303 προαποδέδεικται.
1818 2234 1882 2288 Ei

302 2319 363 2373 δὲ
394 2320 495 2392 μία
526 2320 690 2391 φύσις
720 2325 749 2376 ό
786 2322 1042 2390 Χριστὸς,
1080 2322 1337 2393 περιττὸν
1370 2322 1432 2375 τὺ
1465 2323 1668 2391 λέγειν,
1689 2324 1819 2378 καθ’
1849 2325 1883 2380 ὃ

302 2412 399 2465 καὶ
426 2412 558 2467 καθ’
585 2411 640 2479 ὃ,
676 2412 773 2467 καὶ
793 2413 1025 2481 σαρκὸς
1045 2413 1237 2482 φύσιν
1258 2412 1352 2467 καὶ
1371 2413 1655 2481 θεότητος
1669 2416 1877 2483 φύσιν,

303 2502 516 2574 καὶτῷ
566 2505 835 2574 πεφυκότι
890 2505 1144 2576 πάσχειν,
1199 2505 1296 2559 καὶ
1349 2504 1429 2573 τῷ
1487 2505 1562 2577 μὴ
1613 2508 1880 2575 πεφυκότι

301 2594 537 2664 πάσχειν
559 2609 575 2627 ο
611 2594 785 2649 ταῦτα
806 2597 917 2667 γὰρ
940 2596 1033 2647 ἐπὶ
1063 2594 1158 2648 δύο
1187 2593 1404 2664 φύσεων
1425 2594 1668 2663 λέγεται.

386 2686 539 2739 Ἐπεὶ
574 2686 784 2755 λεγέτω
818 2688 848 2739 ό
886 2685 1242 2757 σοφιζόμενος
1273 2686 1528 2756 περιττὰ,
1555 2687 1605 2739 εί
1627 2685 1878 2754 φυσικὸν,

300 2778 337 2848 ἢ
370 2775 614 2845 πεφυκός
637 2777 692 2828 τί
718 2778 867 2831 ἐστιν
905 2778 1037 2831 ἀνευ
1064 2775 1304 2846 φύσεως,
1336 2776 1367 2827 ὁ
1398 2775 1575 2843 λέγων
1624 2776 1752 2846 μίαν
1780 2776 1881 2846 φά..

304 2869 389 2923 σίν
413 2871 508 2923 τοῦ
536 2869 673 2924 Θεοῦ
697 2869 876 2938 Λόγου
908 2868 1340 2938 σεσαρκωμένην
1384 2868 1480 2920 καὶ
1512 2866 1880 2938 ὲψυχωμένην

298 2960 445 3032 ψυχῇ
469 2961 659 3034 λογικῇ
684 2964 778 3015 καὶ
797 2960 981 3032 νοερᾷ,
1011 2961 1106 3013 καὶ
1134 2958 1210 3031 μὴ
1242 2958 1520 3030 ὁμολογῶν
1546 2959 1641 3013 δύο
1661 2960 1876 3030 φύσεις,

298 3051 484 3123 ὅμοιός
509 3052 624 3103 εστι
651 3048 729 3119 τῷ
748 3048 960 3118 λέγοντι
989 3047 1047 3101 ἓν
1072 3047 1265 3117 ἥμισυ,
1289 3047 1471 3116 τρίτον
1488 3044 1647 3100 ἕκτον
1663 3062 1679 3077 ο
1706 3044 1879 3100 ταῦτα

296 3108 358 3196 δέ
388 3143 447 3195 έν
463 3108 640 3212 ⁷όμιὶδι
665 3108 739 3213 pi;
765 3108 972 3193 θέλοντι
1000 3108 1174 3192 εἰπεῖν
1192 3137 1308 3192 δύο.
1326 3108 1510 3191 ’Ὅταν
1541 3136 1673 3209 λέγῃ
1702 3138 1876 3209 Σευῆ-
1902 3108 1945 3165 C

303 3248 399 3306 ρος
459 3233 518 3286 έν
537 3233 650 3294 τοῖς
679 3232 823 3285 κατὰ
868 3229 1191 3284 Ἰουλιανοῦο
1231 3248 1251 3282 ι
1283 3229 1365 3282 Ta
1387 3229 1535 3299 πάθη
1563 3229 1634 3283 τὰ
1653 3229 1877 3284 ἑκούσια

299 3323 399 3378 καὶ
435 3320 754 3390 ἀδιάϐλητα,
805 3320 947 3374 κατά
979 3320 1108 3382 τοὺς
1142 3319 1240 3390 τῆς
1271 3319 1487 3389 φύσεως
1513 3319 1711 3388 νόμους
1737 3318 1877 3371 ενδι-

298 3414 483 3476 δόντος
512 3412 604 3466 τοῦ
634 3410 773 3465 Θεοῦ
802 3411 1000 3479 Λόγου,
1037 3409 1100 3464 τδ
1139 3409 1300 3479 σῶμα
1333 3409 1571 3479 ἔπασχεν
1592 3422 1609 3437 ·
1643 3408 1710 3461 τὰ
1745 3406 1878 3461 θαύ-

305 3520 454 3576 ματα
480 3503 535 3557 δι
557 3505 721 3558 πάλιν
740 3502 808 3556 δι’
834 3500 1000 3557 αὑτοῦ
1029 3501 1125 3554 τοῦ
1162 3500 1416 3572 σώματος
1446 3499 1588 3569 ὑπὲρ
1617 3500 1743 3563 τοὺς
1771 3500 1877 3569 τῆς

299 3594 518 3667 φύσεως
552 3595 748 3665 νόμους
767 3594 1021 3647 ἀπετέλει
1051 3593 1174 3646 τότε
1216 3592 1312 3646 καὶ
1366 3591 1687 3662 ἐπράττετο.
1728 3610 1747 3643 ι
1792 3591 1874 3645 Ta

299 3689 409 3760 γὰρ
435 3689 637 3758 σημεῖα
668 3687 762 3741 καὶ
792 3684 1072 3757 παράδοξα
1099 3684 1169 3738 τὰ
1215 3684 1358 3754 ὑπὲρ
1403 3681 1504 3753 τὴν
1549 3683 1676 3753 μίαν
1710 3683 1872 3752 φύσιν

295 3780 501 3850 ταύτην
528 3780 629 3851 τὴν
663 3779 772 3832 τῶν
798 3777 986 3831 παθῶν
1027 3776 1306 3846 δεκτικὴν,
1345 3775 1413 3829 τὰ
1446 3774 1589 3843 πέρα
1633 3775 1732 3845 τῆς
1771 3772 1873 3842 φύ-

296 3887 434 3934 σεως
460 3870 685 3940 ταύτης,
718 3870 836 3931 πῶς
869 3867 903 3939 ἢ
943 3867 1110 3920 πόθεν
1163 3865 1414 3935 ἐγίνετος
1470 3867 1579 3917 Καὶ
1626 3867 1868 3933 ἀναγκα-

293 3961 572 4035 σθήσεται,
599 3960 676 4023 ὡς
704 3955 883 4028 οἶμαι,
931 3957 966 4026 ἢ
1006 3956 1151 4010 κατὰ
1186 3955 1486 4024 φαντασίαν
1527 3956 1719 4023 εἰπεῖν,
1747 3955 1781 4027 ἢ
1809 3954 1868 4021 ἐξ

290 4052 485 4124 tum;
504 4052 744 4121 φύσεως.
771 4051 1028 4121 Σευῆρος,
1051 4048 1130 4110 ὡς
1160 4048 1228 4101 τὰ
1259 4047 1669 4119 συγγράμματα
1698 4046 1864 4100 αὐτοῦ

289 4144 460 4216 δηλοῖ,
492 4141 586 4197 δύο
618 4141 808 4211 φύσεις
840 4137 988 4206 λέγει
1017 4136 1110 4190 καὶ
1147 4136 1297 4206 μίαν,
1327 4137 1450 4198 ταῖς
1478 4136 1576 4205 μὲν
1602 4134 1702 4207 τὴν
1729 4135 1863 4208 ἀλή-

290 4236 446 4289 θειαν
466 4235 753 4299 δυσωπῶν,
791 4235 859 4303 τῇ
888 4231 947 4284 δὲ
986 4230 1114 4292 τοὺς
1156 4228 1511 4292 διδασκάλους
1549 4227 1716 4282 αὐτοῦ
1753 4230 1861 4299 ἀφ-

293 4328 609 4397 οσιούμενος
633 4326 762 4388 τοὺς
773 4321 1257 4393 φαντασιανιστάς,
1270 4319 1542 4391 Τιμόθεον
1557 4320 1647 4375 τὸν
1667 4320 1862 4374 Δῖλου-

1985 1870 2344 1957 proﬁtentur,
2398 1890 2465 1929 ac
2511 1878 2748 1932 maxime
2779 1880 3045 1950 seipsum.
3101 1884 3235 1939 Nam
3282 1887 3401 1957 ipse
3430 1890 3569 1946 duas

1985 1961 2042 2015 in
2093 1952 2316 2018 Christo
2364 1974 2593 2021 naturas
2645 1971 2914 2039 agnoscit,
2951 1988 3155 2043 easque
3198 1952 3568 2036 subsistentes

1983 2066 2051 2107 ac
2084 2064 2506 2122 permanentes.
2536 2057 2696 2115 Nunc
2721 2061 2946 2130 quidem
2972 2062 3092 2132 ipse
3118 2080 3212 2121 eas
3245 2068 3437 2123 nescio
3457 2085 3567 2139 quo

1985 2152 2150 2211 pacto
2180 2146 2237 2200 in
2263 2163 2428 2203 uuam
2462 2151 2668 2223 redigit
2696 2193 2712 2217 ,
2739 2161 2795 2209 et
2824 2170 2974 2211 nunc
2995 2172 3090 2212 eos
3113 2161 3293 2229 carpit
3321 2161 3418 2230 qui
3445 2163 3568 2219 illas

1983 2231 2042 2286 in
2084 2249 2252 2289 unam
2298 2246 2508 2309 cogunt
2545 2250 2603 2296 et
2639 2243 2919 2315 redigunt,
2973 2248 3054 2302 uti
3111 2252 3402 2316 probatum
3454 2260 3561 2309 est.

1982 2321 2140 2388 Quod
2178 2326 2225 2381 si
2263 2343 2372 2383 una
2423 2331 2633 2388 Christi
2680 2344 2902 2402 natura,
2940 2352 3344 2408 supervacuum
3375 2343 3564 2400 dicere

1980 2413 2038 2467 in
2087 2426 2348 2485 quantum
2394 2427 2451 2475 et
2498 2425 2556 2505 in
2589 2436 2870 2495 quantum,
2922 2437 3018 2484 aut
3063 2439 3262 2488 natura
3295 2437 3476 2490 carnis
3506 2447 3565 2493 et

1981 2511 2180 2560 natura
2221 2507 2534 2577 diuinitatis,
2572 2521 2668 2568 aut
2701 2515 2773 2570 ad
2825 2518 3094 2587 passiones
3125 2530 3310 2577 natum
3333 2526 3421 2581 vel
3454 2541 3559 2581 non

1979 2601 2171 2650 natum
2206 2612 2225 2650 :
2267 2598 2383 2655 haec
2410 2603 2560 2657 enim
2582 2604 2650 2660 ad
2681 2605 2821 2661 duas
2845 2618 3072 2665 naturas
3102 2621 3378 2681 spectant.

2048 2689 2119 2741 At
2169 2688 2318 2745 dicat
2358 2707 2833 2763 supervacuorum
2888 2716 3214 2758 sermonum
3245 2717 3481 2775 amator,
3512 2712 3561 2767 si

1979 2777 2115 2847 quid
2145 2783 2401 2839 naturale
2427 2792 2516 2840 est
2543 2797 2642 2842 aut
2677 2797 2867 2844 natum
2898 2791 3108 2864 absque
3134 2806 3354 2855 natura.
3383 2800 3559 2858 Unam

1977 2884 2233 2927 asserens
2277 2883 2530 2931 naturam
2560 2878 2654 2934 Dei
2687 2881 2853 2937 Verbi
2885 2883 3223 2943 incarnatam
3273 2901 3331 2947 et
3374 2893 3558 2950 anima

1979 2960 2236 3017 rationali
2266 2964 2657 3038 spiritualique
2700 2972 3022 3042 animatam,
3073 2978 3213 3036 duas
3239 2997 3373 3038 vero
3398 2995 3560 3041 natu-

1976 3235 2115 3290 duas
2144 3252 2344 3293 vocare
2374 3252 2681 3298 recusaret.
2707 3244 2766 3298 lu
2798 3246 2957 3303 libris
2982 3250 3249 3307 adversus
3277 3254 3556 3314 Julianum

1975 3325 2095 3383 haec
2142 3327 2312 3384 habet
2363 3329 2606 3387 Severus
2646 3350 2661 3386 :
2702 3353 2720 3385 ι
2748 3334 2964 3406 Corpus
2999 3341 3287 3409 passiones
3314 3343 3554 3411 ferebat,

1975 3431 2115 3486 quas
2143 3417 2388 3474 libenter
2419 3428 2476 3475 et
2505 3421 2714 3492 absque
2762 3426 2875 3481 ulla
2922 3430 3361 3498 reprehensione
3409 3434 3559 3492 Deus

1974 3507 2218 3564 Verbum
2246 3509 2404 3579 juxta
2430 3520 2643 3570 natura:
2698 3515 2849 3588 leges
2906 3521 3176 3588 pertulit;
3214 3523 3393 3594 ipsum
3419 3543 3558 3583 vero

1973 3598 2245 3654 miracula
2288 3601 2633 3671 perﬁciebat,
2679 3614 2737 3660 et
2761 3610 3100 3677 cperabatur
3131 3628 3254 3683 qua:
3277 3631 3377 3685 per
3404 3618 3555 3674 idem

1972 3704 2178 3761 corpus
2230 3708 2400 3764 supra
2446 3703 2658 3752 natura:
2705 3699 2856 3769 leges
2911 3701 3107 3758 edidit.
3168 3723 3188 3757 ι
3237 3705 3401 3779 Signa
3455 3710 3552 3766 illa

1970 3783 2260 3851 splendida
2284 3801 2407 3854 qua:
2433 3801 2599 3840 unam
2634 3788 2776 3844 hanc
2801 3791 3121 3859 passionum
3153 3810 3407 3866 capacem
3446 3815 3546 3854 na-

1969 3877 2154 3925 turam
2179 3881 2535 3943 exsuperant,
2577 3891 2702 3945 qua:
2732 3878 2881 3933 vires
2927 3879 3095 3951 bujus
3138 3892 3350 3940 natura:
3380 3902 3549 3942 exce-

1967 3961 2128 4029 dunt,
2163 3965 2442 4035 quomodo
2470 3974 2528 4021 et
2557 3982 2590 4021 a
2620 3983 2732 4037 quo
2758 3968 2936 4025 ﬁunt?
2963 3969 3275 4029 Contendat
3303 3985 3543 4046 oportet.

1968 4054 2157 4121 credo,
2208 4072 2273 4112 ea
2312 4058 2398 4112 vel
2424 4072 2526 4127 per
2556 4058 2883 4128 phantasma
2916 4069 3128 4118 tantum
3156 4064 3302 4129 ﬂeri,
3326 4065 3414 4119 vel
3447 4081 3551 4136 per

1962 4145 2128 4201 aliam
2179 4156 2456 4204 naturam.
2504 4149 2744 4206 Severus
2766 4152 2954 4224 igitur,
2996 4154 3077 4209 uti
3128 4164 3394 4211 tractatus
3422 4158 3545 4228 ejus

1962 4238 2223 4307 probant,
2277 4238 2416 4295 duas
2465 4249 2694 4296 naturas
2735 4241 3035 4297 conﬁtetur
3074 4252 3135 4298 et
3182 4259 3389 4311 unam;
3420 4246 3543 4301 illas

1962 4328 2187 4398 quidem
2235 4334 2471 4385 veritate
2516 4331 2721 4396 victus,
2759 4348 2923 4387 unam
2964 4349 3097 4388 vero
3122 4336 3399 4406 magistris
3423 4338 3548 4392 suis

296 4434 388 4488 ρον
416 4419 512 4471 καὶ
539 4418 826 4487 Διόσκορον
856 4432 871 4447 ο
912 4416 1006 4468 καὶ
1037 4412 1304 4485 Τιμοθέου
1356 4413 1455 4484 μὲν
1487 4415 1530 4484 η
1569 4413 1695 4479 δόξα
1727 4430 1860 4484 προ-

1976 4420 2422 4477 Phantasiauistis
2468 4432 2847 4488 consecratus,
2895 4424 3209 4492 Timotheo,
3252 4426 3447 4483 Elui-0
3483 4439 3541 4485 et

289 4511 604 4581 δεδήλωται,
633 4513 732 4582 τὴν
759 4512 815 4564 δὲ
834 4510 1129 4581 Διοσκόρου
1150 4507 1449 4576 γνώσονται
1469 4507 1520 4560 oi
1538 4505 1861 4576 ἀγνοοῦντες

288 4604 357 4655 ὲκ
378 4603 477 4671 τῆς
503 4600 793 4669 ἀπιστολῆς
811 4600 977 4653 αὐτοῦ
998 4601 1101 4670 τῆς
1121 4599 1428 4670 γραφείσης
1447 4598 1555 4652 ἀπὸ
1575 4598 1859 4669 Γαγγρῶν,

292 4694 352 4745 εν
466 4693 667 4763 γράφει
697 4692 868 4745 ταῦτα
890 4708 906 4724 ο
955 4710 975 4742 ι
1019 4692 1078 4745 '0
1121 4690 1415 4762 μονογενὴς
1441 4690 1539 4743 τοῦ
1568 4690 1703 4744 Θεοῦ
1735 4691 1863 4756 Υἱὸς

292 4786 485 4853 Λόγος,
533 4783 562 4835 ό
617 4784 818 4855 Κύριος
847 4782 1004 4854 ἡμῶν
1047 4783 1256 4852 Ἰησοῦς
1287 4782 1542 4853 Χριστὸς,
1570 4781 1862 4852 γενόμενος

288 4875 579 4947 ἄνθρωπος
609 4873 779 4943 χωρὶς
814 4871 1095 4942 ἁμαρτίας
1125 4873 1222 4926 καὶ
1251 4872 1493 4943 τροπῆς,
1520 4872 1632 4935 τοῖς
1655 4872 1859 4943 ἀνθρω-

287 4968 466 5032 πίνοις
497 4964 864 5035 κεκοινώνηκε
896 4964 1150 5030 πάθεσιν,
1188 4964 1250 5018 ob
1288 4964 1433 5019 κατά
1482 4964 1667 5032 φύσιν,
1723 4964 1859 5018 ἀλλά

285 5059 427 5114 κατά
450 5058 635 5130 χάριν.
676 5075 696 5109 ι
725 5057 835 5110 Καὶ
861 5055 1056 5107 πάλινο
1093 5072 1112 5105 ι
1139 5055 1202 5108 Ei
1235 5055 1310 5126 μὴ
1345 5055 1407 5108 τὸ
1427 5049 1564 5123 αἷμα
1595 5053 1689 5107 τοῦ
1722 5055 1858 5125 Χρι-

223 5215 225 5218 γ
285 5151 413 5206 στοῦ
441 5150 585 5205 κατά
608 5149 769 5220 φύσιν
806 5147 942 5201 Θεοῦ
972 5148 1141 5213 ἐστιν,
1187 5147 1284 5200 καὶ
1320 5147 1420 5200 οὐκ
1440 5145 1750 5216 ἀνθρώπου,
1801 5145 1856 5199 τί

281 5243 529 5314 διαφέρει
558 5240 653 5295 τοῦ
676 5240 907 5311 αἵματος
938 5236 1049 5291 τῶν
1099 5238 1317 5306 τράγων
1354 5239 1450 5292 καὶ
1502 5240 1717 5309 μόσχων
1761 5236 1856 5291 καὶ

279 5336 379 5405 τῆς
406 5334 602 5388 σποδοῦ
639 5333 739 5404 τῆς
781 5331 1111 5400 δαμάλεως;
1152 5331 1261 5383 Καὶ
1304 5329 1467 5383 τοῦτο
1503 5331 1613 5399 γὰρ
1669 5330 1852 5400 γήϊνον

280 5429 373 5481 καὶ
423 5426 684 5498 φθαρτὸν,
717 5426 818 5480 καὶ
864 5425 929 5478 τὸ
956 5421 1096 5492 αἷμα
1122 5422 1231 5478 τῶν
1263 5422 1407 5477 κατά
1436 5421 1597 5491 φύσιν
1640 5419 1853 5491 ἀνθρώ-

281 5538 396 5577 πων
453 5523 641 5592 γήϊνον
686 5521 799 5575 καὶ·
832 5518 1092 5591 φθαρτόν.
1130 5516 1295 5571 Ἀλλά
1346 5514 1422 5587 μὴ
1473 5514 1685 5583 γένοιτο
1733 5512 1852 5579 ἑνὸς

279 5611 386 5665 τῶν
417 5611 560 5667 κατά
613 5612 774 5683 φύσιν
829 5612 1011 5681 λέγειν
1070 5609 1222 5679 ἡμᾶς
1272 5606 1558 5678 ὁμοούσιον
1610 5605 1672 5660 τὸ
1712 5599 1850 5677 αἷμα

279 5704 538 5776 Χριστοῦί
570 5725 588 5760 ι

1960 4512 2246 4568 Dioscoro.
2304 4513 2582 4569 Timothei
2629 4515 2880 4572 doctrina
2928 4519 3188 4573 omnibus
3232 4529 3363 4575 nota
3409 4531 3540 4587 est;

1959 4604 2209 4659 Dioscuri
2237 4611 2423 4660 autem
2447 4606 2741 4677 opiniones
2767 4618 3104 4678 cognoscent
3131 4609 3226 4680 qui
3261 4626 3356 4666 eas
3380 4612 3540 4683 igno-

1961 4703 2106 4761 rant,
2133 4711 2202 4750 ex
2218 4696 2456 4766 epistola
2484 4712 2647 4767 quam
2677 4714 2710 4753 a
2744 4699 2978 4770 Gangris
3000 4701 3239 4770 scripsit.
3268 4701 3368 4757 Hic
3385 4704 3541 4759 enim

1958 4785 2037 4840 ita
2089 4787 2387 4857 loquitur:
2441 4805 2461 4839 ι
2515 4789 2846 4859 Unigenitus
2894 4792 2992 4847 Dei
3046 4792 3222 4848 Filius
3271 4794 3538 4859 Verbum,

1957 4863 2226 4931 Dominus
2290 4885 2486 4933 noster
2545 4879 2706 4934 Jesus
2767 4880 3044 4947 Christus,
3105 4882 3275 4937 homo
3326 4885 3540 4957 absque

1954 4975 2184 5034 peccato
2218 4974 2275 5021 et
2323 4969 2633 5026 mutatione
2661 4971 2862 5037 factus,
2897 4973 3156 5030 humanis
3181 4976 3541 5045 passionibus

1954 5057 2240 5128 subjectus
2283 5068 2388 5125 est,
2414 5076 2526 5116 non
2552 5071 2771 5129 natura,
2806 5064 2904 5120 sed
2935 5065 3159 5136 gratia.»
3192 5067 3261 5121 Et
3295 5084 3493 5125 rursus
3518 5089 3536 5124 :

1962 5166 1980 5200 ι
2000 5148 2116 5203 Nisi
2143 5150 2368 5221 sanguis
2394 5151 2603 5208 Christi
2633 5163 2828 5210 natura
2856 5156 2955 5211 Dei
2983 5159 3237 5222 erit,non
3267 5158 3534 5225 hominis,

1955 5240 2088 5310 quid
2114 5241 2339 5297 diﬂ'eret
2365 5258 2396 5297 a
2426 5246 2695 5315 sanguine
2733 5248 3019 5304 hircorum
3052 5259 3111 5305 et
3140 5250 3442 5306 vitulorum
3474 5261 3535 5306 ct

1955 5348 1986 5387 a
2013 5334 2202 5389 cinere
2227 5335 2431 5390 bovis?
2458 5335 2558 5392 llic
2582 5340 2730 5394 enim
2768 5349 3023 5397 terrenus
3037 5357 3102 5397 ac
3127 5342 3529 5413 corruptibilis,

1950 5434 2010 5481 at
2043 5435 2300 5483 terrenus
2344 5442 2570 5500 quoque
2601 5447 2667 5487 ac
2687 5433 3069 5503 corruptibilis
3091 5433 3313 5504 sanguis
3333 5448 3528 5489 eorum

1950 5519 2047 5588 qui
2093 5527 2293 5576 natura
2326 5520 2582 5578 homines
2609 5533 2760 5579 sunt.
2811 5525 3003 5581 Nolint
3040 5540 3173 5595 ergo
3205 5524 3392 5579 dicere
3431 5524 3528 5591 qui

1947 5615 2149 5663 natura
2188 5608 2444 5665 homines
2467 5619 2617 5677 sunt,
2654 5613 2818 5668 nobis
2846 5610 3373 5670 consubstantialem
3401 5624 3533 5683 esse.

1949 5705 2269 5776 sanguinem
2298 5702 2536 5759 Christi.
2566 5723 2585 5757 ι
