3994 6140
473 308 578 372 935

1666 285 2081 351 EUSTATHII
2118 284 2462 347 MONACHI

3642 273 3756 335 936

542 416 836 469 Doscnrus
881 409 975 466 hic
1021 419 1078 465 et
1122 406 1443 462 Timotheus
1481 404 1727 474 magistri
1780 411 1911 458 sunt
1939 399 2039 456 Se-

2215 391 2386 460 Οὗτος
2426 393 2716 464 Διόσκορος
2763 393 2858 446 καὶ
2892 389 3173 461 Τιμόθεος,
3208 389 3259 442 oi
3288 387 3523 444 τοιοῦτοι
3572 387 3745 444 διδά-

472 506 609 562 veri.
649 505 725 559 Ab
775 505 885 558 illis
926 515 1089 556 unam
1122 510 1375 554 naturam
1403 497 1636 566 accepit,
1668 495 1887 566 rejectis
1912 493 2042 563 qui-

477 594 705 651 busdam
749 608 942 653 eorum
988 588 1280 659 figmentis,
1320 601 1553 656 eamque
1585 586 1790 640 nostris
1828 584 2039 639 doctri-

474 683 561 741 nis
587 683 900 746 illustravit,
932 680 1305 736 meretricium
1335 694 1535 748 corpus
1580 677 1846 732 modestis
1875 675 2041 731 vesti-

471 777 576 830 bus
595 788 884 829 exornans.
920 771 1258 826 Vocabulum
1278 770 1505 841 quidem
1536 770 1695 822 unius
1720 775 1780 822 ut
1804 767 2039 838 patriam

472 867 851 921 hereditatem
892 864 1144 929 retinuit,
1188 862 1481 918 sententiis
1532 875 1664 915 vero
1695 859 1833 914 illud
1866 858 2042 912 invol-

468 958 569 1020 vit,
624 971 746 1025 quae
811 969 922 1009 non
977 954 1084 1008 nisi
1135 952 1352 1008 duabus
1397 951 1612 1006 naturis
1674 949 2037 1005 conveniunt.

470 1048 669 1116 Reipsa
701 1046 838 1100 duas
868 1055 1097 1099 naturas
1140 1042 1452 1104 conﬁrmat,
1496 1042 1823 1097 vocabulum
1854 1050 2040 1096 autem

468 1140 700 1193 duarum
734 1139 1063 1208 plerumque
1125 1135 1358 1205 respuit.
1405 1133 1560 1190 Unde
1610 1148 1881 1205 nusquam
1931 1132 2039 1187 sibi

469 1237 687 1284 constat
740 1228 794 1282 in
866 1224 1419 1296 interpretationibus
1459 1223 1594 1277 suis.
1630 1222 1854 1292 Regiam
1894 1221 2038 1276 viam

469 1335 596 1374 cum
636 1319 892 1374 insistere
920 1317 1181 1381 noluerit,
1210 1317 1321 1371 huc
1363 1326 1530 1384 atque
1569 1314 1703 1368 illuc
1731 1315 2040 1369 circumva-

470 1418 629 1481 gatur
678 1416 736 1465 et
763 1409 1232 1477 circumjactatur,
1266 1407 1505 1461 asseclas
1543 1420 1675 1461 suos
1715 1420 1901 1459 secum
1925 1405 2036 1459 cir-

471 1503 829 1573 cumducens.
892 1500 1123 1556 Sibimet
1166 1514 1384 1568 semper
1431 1513 1702 1569 pugnans,
1754 1497 2039 1568 Eutychen

469 1595 914 1658 anathematizat,
962 1594 1285 1648 Dioscorum
1334 1606 1468 1646 vero
1508 1590 1761 1660 suscipit,
1808 1591 2040 1660 ejusque

469 1699 680 1753 pugnas
708 1691 991 1738 reveretur
1025 1690 1081 1736 et
1107 1681 1288 1751 magni
1321 1679 1469 1743 facit,
1498 1694 1636 1749 quas
1660 1692 1762 1749 pro
1792 1678 2039 1749 Eutyche

2140 488 2332 543 σκαλοί
2365 489 2506 541 εἰσιν
2540 486 2806 556 Σευήρου,
2832 485 2890 550 ἐξ
2929 477 3004 537 ὧν
3039 483 3141 553 τὴν
3182 482 3313 552 μίαν
3339 491 3505 550 φύσιν
3533 497 3748 551 παρα-

2138 579 2341 642 λαϐὼν,
2372 580 2482 632 τισὶ
2503 578 2560 631 δὲ
2590 577 2699 630 τῶν
2718 575 3003 646 νοημάτων
3027 571 3206 627 αὐτῶν
3238 572 3746 643 ἀπαρεσκόμενος,

2138 671 2206 724 τὰ
2248 669 2495 741 ἡμέτερα
2529 668 2780 738 νοήματα
2817 664 3184 736 περιέπλασεν
3218 664 3355 734 αὐτῇ
3380 703 3397 727 ,
3430 662 3493 717 τὸ
3525 679 3746 734 πορνι-

2140 762 2235 815 κὸν
2264 762 2426 831 σῶμα
2447 759 2525 829 τῷ
2558 756 2882 829 σωφρονικῷ
2905 757 3163 827 ἐνδύματι
3190 755 3580 818 καλλωπίζων.
3619 755 3747 807 Καὶ

2137 853 2240 921 τὴν
2265 851 2412 915 λέξιν
2446 853 2544 921 μὲν
2563 848 2686 921 [τὴν
2702 846 2871 920 μίαν]
2901 849 2977 910 ὡς
3009 846 3259 918 πατρῷον
3280 846 3484 916 κλῆρον
3508 845 3709 914 φυλάτ
3724 875 3741 884 -

2138 959 2268 1004 των,
2295 942 2393 1005 τὰς
2420 941 2723 1004 δηλωτικὰς
2749 939 2805 992 δέ
2837 938 3050 1001 ἐννοίας
3093 937 3204 990 τῶν
3232 936 3329 991 δύο
3361 936 3581 1005 φύσεων
3634 953 3744 988 πε-

2145 1031 2371 1102 ριτιθεὶς
2394 1030 2553 1101 αὐτῇ·
2580 1029 2677 1083 καὶ
2699 1029 2792 1082 ἐπὶ
2825 1028 2925 1099 μὲν
2949 1028 3060 1082 τῶν
3093 1028 3434 1099 πραγμάτων
3474 1026 3571 1081 δύο
3620 1026 3741 1094 φά·

2142 1136 2258 1183 σεις
2285 1119 2589 1191 παριστῶν,
2635 1119 2807 1189 αὐτὴν
2839 1119 2898 1172 δέ
2935 1118 3034 1187 τὴν
3067 1118 3215 1186 λέξιν
3247 1120 3346 1189 τὴν
3375 1118 3485 1171 δύο
3516 1133 3744 1188 παραιο

2137 1210 2401 1282 τούμενος
2461 1211 2531 1265 τὰ
2576 1210 2771 1265 πολλά.
2822 1209 2987 1263 Ὅθεν
3034 1210 3222 1263 καὶτὸ
3278 1209 3510 1263 ἄστατον
3562 1207 3737 1276 αὐτῷ

2141 1304 2437 1375 πρόσεστιν
2480 1305 2539 1356 ἐν
2570 1306 2687 1366 ταῖς
2728 1302 3047 1371 ἐξηγήσεσι·
3086 1303 3155 1373 τῇ
3183 1300 3297 1372 γὰρ
3327 1301 3586 1372 βασιλικῇ
3613 1300 3736 1369 ὁδῷ

2144 1396 2219 1468 μὴ
2259 1394 2543 1466 βουληθεὶς
2572 1394 2926 1466 πορευθῆναι,
2970 1393 3083 1447 ἄνω
3121 1393 3218 1447 καὶ
3262 1394 3414 1448 κάτω
3439 1392 3734 1464 περιπλα-

2139 1487 2300 1541 νᾶται
2331 1486 2425 1539 καὶ
2449 1485 2861 1559 περικρούεται,
2895 1485 3288 1555 συμπεριάγων
3320 1485 3447 1549 τοὺς
3484 1485 3731 1538 ἀκολου-

2140 1578 2368 1643 θοῦντας
2397 1579 2545 1648 αὒτῷ
2567 1594 2583 1608 ·
2614 1579 2688 1642 ὡς
2717 1578 2882 1649 μηδὲν
2909 1578 3199 1632 ἀκόλουθον
3227 1579 3507 1648 πράττων,
3536 1576 3731 1631 Εὐτυ-

2141 1672 2240 1742 χέα
2272 1672 2371 1740 μὲν
2398 1670 2807 1741 ἀναθεματίζει,
2840 1670 3131 1741 Διόσκορον
3160 1668 3217 1722 δὲ
3247 1668 3590 1738 ἀποδέχεται,
3620 1669 3729 1722 καὶ

469 1776 537 1829 ad
593 1776 813 1830 exitum
866 1783 922 1829 et
982 1774 1394 1828 damnationem
1447 1779 1504 1825 et
1558 1777 1794 1825 mortem
1861 1783 2036 1841 usque

2141 1764 2331 1817 τούτου
2374 1763 2502 1826 τοὺς
2534 1760 2752 1828 ἀγῶνας
2790 1761 2928 1831 τιμᾷ
2956 1760 3052 1813 καὶ
3081 1759 3406 1823 ἀσπάζεται,
3429 1758 3523 1823 οὓς
3557 1760 3726 1829 ἠγω-

467 1866 716 1934 pertulit.

536 2044 692 2112 Quod
729 2045 773 2098 si
818 2044 942 2114 quis
970 2042 1174 2097 dixerit
1205 2040 1529 2097 emendatos
1551 2040 1725 2094 libros
1745 2036 2037 2109 Eutychen

466 2136 730 2191 Dioscoro
772 2132 1064 2188 tradidisse
1110 2140 1165 2187 et
1210 2132 1313 2186 hac
1365 2130 1433 2185 de
1477 2145 1641 2185 causa
1666 2129 1736 2183 ab
1766 2143 1834 2183 eo
1865 2127 2036 2181 fuisse

467 2222 777 2286 defensum,
811 2221 1100 2276 mentitur.
1147 2220 1209 2274 ln
1258 2219 1404 2274 libro
1431 2219 1582 2273 enim
1617 2233 1781 2287 quem
1812 2216 2038 2271 Diosco-

468 2329 564 2368 rus
587 2312 801 2381 accepit
837 2327 949 2365 non
996 2310 1415 2365 emendationes
1462 2310 1702 2374 inerant,
1740 2307 1835 2363 sed
1859 2307 2039 2362 incre-

465 2403 718 2474 pationes
746 2403 798 2456 in
823 2402 1044 2457 beatum
1071 2402 1392 2457 Flavianum
1422 2399 1572 2481 quod
1595 2397 2038 2455 anathematibus

468 2494 585 2549 suis
636 2493 1006 2548 orthodoxum
1060 2493 1226 2547 istum
1280 2493 1460 2546 virum
1512 2506 1580 2546 ex
1631 2490 1839 2545 teneris
1876 2489 2038 2543 annis

469 2583 843 2638 damnaverat.
894 2583 1004 2638 Sed
1052 2583 1421 2637 concedamus
1440 2583 1606 2637 etiam
1640 2581 1844 2635 librum
1870 2580 2039 2651 Euty-

468 2673 589 2728 cbis
617 2673 973 2728 emendatum
1013 2673 1201 2728 fuisse.
1246 2672 1301 2726 Si
1337 2688 1463 2727 eum
1504 2673 1690 2742 lapsus
1712 2671 2034 2741 poenitebat,

468 2764 566 2834 qui
624 2764 943 2819 Flavianum
993 2763 1314 2829 trucidavit,
1346 2764 1492 2818 hanc
1519 2777 1685 2817 unam
1713 2762 1785 2817 ob
1814 2777 2036 2817 causam

467 2855 616 2925 quod
643 2856 797 2924 lapso
836 2854 1070 2926 Eutychi
1105 2870 1215 2908 non
1243 2855 1610 2925 pepercerat?
1632 2853 1745 2908 Cur
1779 2868 1908 2907 eum
1936 2853 2037 2908 Se-

467 2961 633 3000 verus
655 2945 899 3009 damnat,
930 2960 1091 3015 quem
1139 2944 1433 3000 Dioscorus
1468 2945 1831 3014 paanitentem
1853 2960 2040 3000 susce-

467 3035 584 3107 pit?
632 3036 752 3108 Ipse
790 3036 955 3093 etiam
1005 3036 1302 3093 Dioscorus
1343 3036 1475 3092 dum
1524 3044 1687 3109 negat
1714 3036 2035 3111 sanguinem

467 3127 673 3182 Christi
717 3129 970 3184 humana:
1010 3139 1222 3185 natura:
1267 3130 1814 3197 consubstantialem,
1852 3146 2035 3187 nonne

468 3217 715 3273 declarat
748 3234 806 3273 se
834 3235 944 3273 non
973 3234 1174 3289 corpus
1208 3235 1369 3275 unam
1390 3220 1596 3276 Christi
1632 3231 1885 3277 naturam
1910 3238 2039 3292 pro—

467 3309 791 3364 !essurum?
832 3310 901 3364 At
951 3310 1275 3366 Timotheus
1321 3327 1543 3382 quoque
1599 3313 1773 3367 solam
1832 3313 2038 3370 Christi

467 3401 712 3455 divinam
767 3409 1020 3454 naturam
1064 3402 1335 3471 agnoscit,
1386 3417 1609 3458 carnem
1674 3420 1809 3459 vero
1858 3420 2039 3475 neque

467 3498 721 3545 naturam
753 3505 934 3560 neque
964 3491 1331 3545 substantiam
1374 3500 1568 3558 vocat;
1618 3492 1695 3547 ita
1734 3492 1812 3547 nil
1843 3502 2063 3562 practer-

468 3591 669 3630 nomen
711 3580 895 3631 carnis
939 3586 1177 3647 uterque
1222 3578 1539 3634 conﬁtetur.
1587 3582 1829 3651 Uterque
1872 3582 2042 3652 igitur

468 3665 691 3736 ingenio
740 3680 841 3721 suo
880 3666 1195 3736 indulgens,
1239 3683 1405 3722 unam
1456 3677 1708 3724 naturam
1739 3670 1951 3737 docuit,
1985 3682 2042 3728 et

467 3769 567 3809 cos
615 3753 708 3824 qui
754 3755 1040 3825 Eutychen
1079 3740 1694 3813 'anathentatizaverant
1740 3759 2042 3816 insectatus

466 3856 573 3902 est.

540 3938 776 3994 Severus
821 3954 955 3995 vero
989 3940 1121 3995 dum
1174 3957 1207 3996 a
1257 3942 1534 4012 magistris
1577 3943 1696 4000 suis
1734 3945 2042 4001 abhorrens

467 4045 671 4101 corpus
730 4030 936 4086 Christi
992 4032 1156 4087 nobis
1208 4035 1679 4090 consubstantiale
1724 4037 2038 4106 proﬁtetur,

466 4130 526 4177 et
568 4122 706 4177 duas
759 4123 815 4177 in
861 4122 1088 4179 Christo
1130 4132 1355 4180 naturas
1393 4126 1661 4197 agnoscit,
1705 4137 1763 4182 et
1801 4129 1902 4184 has
1953 4130 2040 4184 vel

468 4222 594 4285 post
617 4215 876 4271 unionem
909 4215 1235 4273 diﬂ‘erentes
1258 4225 1315 4272 et
1334 4216 1585 4274 diversas
1608 4225 1665 4273 et
1700 4220 2038 4286 inconfusas,

468 4305 820 4376 animamque
870 4307 925 4359 in
980 4306 1173 4362 mortis
1237 4316 1522 4362 momento
1555 4310 1883 4377 secessisse,
1935 4310 2041 4366 hoc

2139 1854 2317 1918 νίζετο
2354 1853 2496 1924 ὑπὲρ
2537 1852 2811 1923 Εὐτυχοῦς
2845 1853 3007 1924 μέχρι
3046 1852 3423 1924 καθαιρέσεως
3450 1853 3547 1907 καὶ
3577 1855 3725 1907 ἀνα-

2139 1944 2477 2017 θεματισμοῦ
2522 1945 2615 1998 καὶ
2637 1943 2873 2015 ἐξορίας.

2209 2038 2273 2090 Εί
2323 2036 2382 2089 δέ
2429 2052 2515 2099 τις
2558 2035 2702 2089 είποι
2753 2036 2837 2089 ὅτι
2898 2036 3372 2107 μεταμελητικοὺς
3430 2036 3720 2102 λιϐέλλους

2138 2125 2360 2192 ἐδέξατο
2391 2126 2682 2198 Διόσκορος
2725 2128 2876 2199 παρὰ
2925 2129 3223 2199 Εὑτυχοῦς,
3277 2132 3375 2182 καὶ
3424 2130 3514 2183 διὰ
3552 2129 3718 2183 τοῦτο

2140 2217 2520 2288 ύπερήσπισεν
2563 2216 2765 2281 αὐτοῦ,
2803 2217 3081 2286 ψεύδεται.
3140 2218 3199 2271 '0
3237 2217 3350 2288 γὰρ
3398 2217 3642 2283 λίϐελλος
3682 2221 3716 2273 6

2138 2306 2411 2371 ἐπιδοθεὶς
2463 2306 2614 2378 αὑτῷ
2654 2307 2781 2378 παρ’
2808 2307 3039 2371 ἐκείνου,
3068 2309 3129 2362 οὺ
3161 2308 3529 2379 μεταμέλειαν
3571 2310 3713 2381 εχει,

2137 2396 2275 2451 ἀλλὰ
2329 2396 2539 2467 μέμψιν
2592 2396 2742 2451 κατὰ
2788 2396 2882 2450 τοῦ
2939 2399 3215 2469 μακαρίου
3275 2399 3577 2455 Φλαϐιανοῦ
3626 2401 3712 2454 ὅτι

2139 2487 2390 2542 καθεῖλεν
2438 2487 2846 2559 ἀναθεματίσας
2906 2489 3070 2543 αὑτὸν
3114 2491 3173 2557 ἐξ
3243 2491 3468 2545 ἁπαλῶν
3507 2491 3709 2562 ὀνύχων

2138 2579 2421 2651 ὀρθόδοξον
2489 2579 2616 2632 ὄντα
2669 2580 2858 2637 αὐτόν.
2915 2580 3161 2635 Δεδόσθω
3220 2581 3279 2635 δὲ
3343 2582 3710 2653 μεταμέλειαν

2139 2669 2286 2740 ἔχειν
2307 2671 2399 2725 τὸν
2426 2669 2666 2724 λίϐελλον
2689 2670 2977 2740 Εὑτυχοῦς.
3011 2673 3073 2724 Et
3098 2672 3408 2742 μετάμελος
3435 2673 3527 2726 ἐπὶ
3545 2672 3707 2727 mai—

2141 2780 2311 2834 σματι
2347 2763 2595 2832 γέγονεν,
2627 2763 2773 2826 τίνος
2805 2759 2899 2816 οὖν
2947 2763 3107 2833 χάριν
3153 2762 3450 2817 Φλαϐιανδν
3486 2764 3708 2832 ἐφόνευ-

2143 2868 2233 2907 σεν
2259 2853 2349 2906 τὸν
2383 2852 2860 2923 ἀναθεματίσαντα
2882 2852 3135 2922 Εὑτυχὲα
3166 2852 3247 2906 ἐτι
3272 2853 3567 2917 πταίοντα;
3605 2852 3704 2904 Ὃν

2138 2945 2198 2999 δὲ
2239 2945 2530 3014 Διόσκορος
2574 2943 2795 3008 ἐδέξατο
2829 2943 3292 3015 μεταμεληθέντα,
3328 2943 3566 3014 Σευῆρος
3611 2942 3700 2994 διὰ

2139 3038 2193 3090 τί
2221 3037 2656 3110 ἀναθεματίζει;
2692 3038 2803 3092 Καὶ
2833 3038 3124 3108 Διόσκορος
3165 3038 3258 3107 μὲν
3287 3036 3362 3098 ὡς
3396 3036 3472 3107 μὴ
3501 3034 3698 3104 ὁμολο-

2138 3130 2254 3200 γῶν
2292 3128 2578 3201 ὁμοούσιον
2619 3129 2727 3184 τῶν
2747 3129 2900 3189 ,κατὰ
2944 3128 3107 3199 φύσιν
3146 3126 3440 3198 ἀνθρώπων
3473 3125 3536 3179 τὸ
3564 3119 3709 3195 αἷμα

2140 3220 2402 3293 Χριστοῦ,
2421 3219 2582 3286 δῆλον
2612 3221 2696 3273 ὅτι
2729 3219 2849 3272 οὐδέ
2869 3219 2931 3271 τὸ
2951 3218 3112 3289 σῶμα
3141 3217 3365 3279 εἰκότως
3390 3214 3519 3286 μίαν
3544 3214 3710 3283 φύσιν

2141 3313 2294 3378 λέγει
2344 3311 2605 3381 Χριστοῦ.
2654 3310 2884 3379 Ὁμοίως
2935 3311 3031 3362 καὶ
3090 3308 3357 3379 Τιμόθεος
3381 3308 3482 3375 τὴν
3514 3305 3703 3377 eam

2145 3403 2305 3472 μόνον
2328 3400 2470 3456 οἶδεν
2497 3401 2658 3470 φύσιν
2692 3399 2953 3470 Χριστοῦ,
2982 3400 3078 3465 τὴν
3109 3399 3167 3452 δὲ
3202 3398 3383 3468 σάρκα
3402 3395 3529 3450 οὔτε
3552 3396 3709 3466 φύσιν

2130 3492 2269 3546 οὔτε
2294 3493 2503 3546 οὐσίαν·
2534 3492 2610 3555 ὡς
2634 3486 2772 3544 εἶναι
2806 3490 2936 3558 παρ’
2969 3490 3153 3551 αὐτοῖς
3180 3487 3354 3558 ὄνομα
3388 3488 3549 3557 μόνον
3579 3502 3710 3557 σαρ-

2142 3586 2271 3648 κός·
2312 3582 2615 3658 ἀμφότεροι
2664 3578 2758 3636 οὖν
2818 3579 3240 3643 ἀκολουθοῦντες
3289 3580 3500 3641 ἑαυτοῖς
3523 3617 3540 3644 ,
3582 3576 3711 3647 μίαν

2143 3679 2307 3747 φύσιν
2340 3677 2726 3748 ἐδογμάτισαν,
2760 3674 2856 3727 καὶ
2883 3672 3222 3742 ἠγωνίσαντο
3255 3671 3401 3727 κατὰ
3436 3670 3543 3724 τῶν
3584 3670 3709 3724 ἅνιι⁹

2144 3767 2545 3839 θεματιζὸντων
2580 3764 2848 3835 Εύτυχέα.

2214 3949 2458 4021 Σευῆρος
2500 3948 2555 4002 δέ
2597 3947 2884 4018 ὁμοούσιον
2932 3949 3069 4017 ἡμῖν
3119 3946 3396 4017 ὁμολογῶν
3441 3945 3505 3999 τὸ
3551 3942 3706 4014 σῶμα

2141 4041 2379 4114 Χριστοῦ
2410 4040 2720 4106 ἐξεναντίας
2748 4040 2854 4093 τῶν
2882 4039 3221 4094 διδασκάλων
3254 4037 3444 4101 αὑτοῦ,
3478 4038 3573 4091 καὶ
3610 4035 3707 4105 φύ-

2145 4144 2258 4191 σεις
2302 4125 2587 4195 ὀνομάζων
2625 4126 2719 4180 ἐπὶ
2757 4126 2996 4197 Χριστοῦ
3021 4165 3036 4190 ,
3072 4128 3167 4180 xui.
3230 4126 3449 4180 σκοπῶν
3505 4124 3707 4188 ταύτας

2146 4217 2286 4287 μετὰ
2321 4216 2422 4286 τὴν
2459 4216 2674 4281 ἕνωσιν,
2713 4217 2809 4269 καὶ
2834 4216 3120 4288 διαφορὰν,
3150 4218 3247 4272 καὶ
3270 4218 3587 4288 ἑτερότητα,
3614 4216 3708 4272 καὶ

2142 4308 2204 4360 τὸ
2234 4306 2564 4377 ἀσύγχυτον,
2589 4308 2684 4362 καὶ
2709 4308 2990 4379 χωρισμὸν
3015 4308 3116 4380 τῆς
3138 4308 3317 4379 ψυχῆς
3346 4310 3405 4362 ἐν
3433 4308 3512 4378 τῷ
3533 4306 3708 4379 καιρῷ

467 4406 575 4463 est,
621 4406 795 4454 totum
849 4398 1019 4454 fuisse
1077 4399 1317 4454 divisum
1369 4409 1526 4470 putat
1574 4403 1758 4471 (nam
1812 4404 2039 4459 recessit

2142 4398 2238 4452 τοῦ
2272 4398 2527 4463 θανάτου,
2555 4398 2584 4451 ὅ
2616 4400 2735 4452 ἐστι
2786 4399 2881 4453 τοῦ
2933 4400 3056 4453 ὅλου
3106 4400 3373 4471 μερισμὸς
3415 4398 3706 4471 (ἐχωρίσθη

470 4488 654 4542 anima
697 4504 728 4542 e
769 4503 1000 4558 corpore
1027 4529 1042 4553 ,
1077 4489 1339 4545 divinitas
1381 4499 1596 4545 tantum
1640 4484 1867 4561 utrique
1915 4501 2038 4549 erat

470 4580 909 4635 substantialiter
938 4582 1141 4653 unita),
1194 4581 1328 4637 dum
1357 4583 1486 4636 talia
1511 4582 1677 4638 docet
1701 4623 1716 4649 ,
1757 4584 2039 4640 discernat

469 4689 661 4743 aequus
695 4674 868 4744 judex
913 4690 981 4727 an
1031 4673 1231 4728 merito
1280 4689 1445 4728 unam
1487 4674 1580 4728 hic
1631 4674 1893 4731 defendat
1938 4693 2038 4732 na—

472 4773 672 4828 turam,
718 4764 977 4833 virosque
1011 4763 1236 4818 damnet
1282 4762 1422 4817 duas
1453 4773 1677 4819 naturas
1730 4765 2036 4821 confessos.

469 4855 721 4908 Attamen
754 4853 811 4907 in
843 4854 1001 4908 libris
1030 4853 1297 4908 adversus
1328 4851 1783 4917 Grammaticum,
1815 4854 1884 4909 ad
1919 4870 2038 4909 ma-

465 4946 559 5015 jus
596 4945 681 4999 sui
716 4946 892 5015 ipsius
919 4945 1164 5001 dedecus
1191 4954 1247 5000 et
1284 4944 1578 5015 judicium,
1613 4945 1691 4999 ait
1722 4962 1735 4996 :
1779 4964 1797 4996 ι
1828 4946 1946 5000 Duo
1971 4961 2039 5001 ex

470 5036 675 5107 quibus
722 5048 808 5093 est
856 5040 1012 5097 unio.
1062 5037 1203 5092 facta
1266 5038 1493 5099 unione,
1549 5052 1660 5091 non
1709 5037 1814 5092 nisi
1855 5048 2039 5094 mente

469 5136 524 5183 ct
540 5143 604 5182 ex
628 5138 785 5198 pacto
802 5129 871 5183 ab
893 5130 1127 5184 invicem
1150 5129 1592 5197 distinguuntur;
1614 5144 1736 5184 nam
1755 5143 2039 5199 nunquam

471 5219 756 5274 desierunt
814 5219 952 5275 duas
1000 5219 1217 5275 edicere
1267 5220 1654 5291 bypostases.»
1694 5221 1899 5276 Audiat
1949 5237 2038 5278 sa-

472 5327 577 5367 nus
612 5310 1015 5366 insanientem:
1038 5326 1159 5380 qua:
1190 5319 1374 5366 mente
1400 5312 1694 5376 sentiebat,
1731 5328 1829 5369 orc
1858 5314 2056 5370 decla-_

473 5404 613 5457 ravit
664 5421 677 5457 :
728 5404 860 5460 Duae
906 5400 1229 5477 hypostascs
1281 5419 1391 5459 non
1451 5405 1739 5462 desierunt
1776 5408 1863 5462 vel
1915 5417 2039 5477 post

471 5494 763 5563 unionem;
790 5495 884 5551 sed
916 5505 1047 5551 sunt
1072 5495 1213 5551 duae.
1242 5496 1447 5551 Deinde
1478 5496 1595 5551 haec
1631 5498 1702 5551 ita
1734 5512 1794 5552 se
1830 5496 2038 5553 habere

464 5586 802 5643 conﬁrmans
839 5588 1032 5644 eodem
1074 5588 1219 5643 libro
1247 5588 1384 5643 dicit
1416 5605 1428 5642 :
1469 5607 1486 5639 ι
1530 5587 1700 5644 Unam
1742 5587 1840 5643 Dei
1872 5588 2035 5642 Verbi

470 5677 784 5750 hypostasin
804 5679 1133 5752 cogitatione
1169 5688 1382 5734 tantum
1408 5678 1747 5745 distinctam,
1790 5688 1846 5733 et
1871 5692 2036 5732 unam

2140 4494 2246 4563 γὰρ
2298 4495 2332 4564 ἡ
2376 4492 2525 4566 ψυχὴ
2567 4495 2633 4547 ἐκ
2661 4494 2756 4548 τοῦ
2792 4494 3044 4566 σώματος
3091 4497 3250 4566 μόνον
3272 4512 3285 4526 ·
3320 4497 3352 4567 ἡ
3383 4497 3491 4568 γὰρ
3520 4496 3708 4564 θεότης

2141 4585 2388 4656 ἐκατέρῳ
2422 4586 2544 4639 κατ’
2580 4586 2770 4641 οὐσίαν
2799 4587 3022 4659 ἧνωτο),
3051 4589 3100 4640 εί
3131 4588 3371 4655 εὐλόγως
3394 4589 3524 4660 μίαν
3549 4587 3707 4658 φύσιν

2140 4676 2458 4747 πρεσϐεύει,
2491 4676 2882 4747 ἁναθεματίξει
2913 4679 2970 4731 δέ
3018 4678 3145 4740 τοὺς
3182 4679 3440 4748 λέγοντας
3473 4679 3570 4733 δύο
3606 4678 3710 4747 φύε

2142 4785 2276 4836 σεις,
2308 4769 2553 4840 κρινάτω
2589 4771 2618 4824 ὁ
2650 4769 3022 4842 ἁπροσπαθῶς
3050 4770 3304 4836 δικάζων.
3336 4771 3531 4826 Καίτοι
3559 4786 3625 4840 γε
3652 4772 3706 4825 ἐν

2139 4861 2253 4922 τοῖς
2305 4859 2450 4913 κατὰ
2493 4860 2587 4914 τοῦ
2638 4860 3038 4932 Γραμματικοῦ
3089 4863 3226 4933 πρὸς
3273 4863 3496 4917 πλείονα
3545 4860 3708 4916 αὐτοῦ

2140 4947 2362 5017 ἔλεγχον
2404 4949 2501 5002 καὶ
2546 4950 2872 5021 κατάκρισιν
2900 4951 3003 5022 ἔφη
3024 4967 3039 4983 ·
3077 4971 3096 5005 ι
3134 4952 3298 5005 Ὥστε
3341 4951 3412 5006 τὰ
3438 4952 3532 5005 δύο
3556 4951 3625 5005 τὰ
3653 4948 3712 5015 ἐξ

2139 5032 2215 5092 ὧν
2244 5041 2278 5110 ἠ
2309 5039 2524 5105 ἐνωσις,
2558 5041 2616 5093 ἐν
2654 5040 2733 5112 τῷ
2776 5042 3149 5097 συντεθεῖσθαι
3190 5042 3269 5114 τῷ
3308 5044 3384 5114 νῷ
3426 5043 3589 5114 μόνον
3614 5042 3708 5096 ἀπ’

2141 5130 2387 5201 ἀλλήλων
2433 5129 2703 5195 συνθέτως
2732 5132 3142 5203 διακρινόμενω
3176 5133 3575 5205 μεταϐέϐληται
3603 5134 3710 5206 γὰρ

2140 5218 2392 5290 οὐδαμῶς
2417 5218 2492 5289 μὴ
2515 5216 2657 5274 εἶναι
2678 5219 2772 5273 δύο
2796 5222 2890 5275 καὶ
2912 5224 3030 5285 ταῖς
3057 5224 3435 5283 ύποστάσεσιν.
3450 5242 3470 5277 ι
3491 5220 3711 5277 ’Δκουὲο

2138 5303 2216 5365 τω
2257 5314 2286 5366 ὁ
2317 5314 2502 5381 νήφων
2549 5312 2645 5365 τοῦ
2681 5312 2996 5382 μεθύοντος,
3031 5314 3173 5386 άπερ
3208 5315 3236 5366 ὁ
3268 5315 3394 5378 νοῦς
3422 5314 3707 5385 διέκρινεν,

2138 5404 2226 5459 διὰ
2248 5403 2343 5458 τοῦ
2369 5404 2638 5473 στόματος
2664 5407 3038 5478 ἐφανέρωσεν,
3063 5407 3147 5461 ὅτι
3172 5409 3228 5461 αἱ
3256 5408 3358 5461 δύο
3382 5407 3710 5468 ὑποστάσεις

2138 5497 2202 5550 οὐ
2245 5496 2654 5568 μετεϐλήθησαν
2694 5500 2790 5553 καὶ
2842 5499 2983 5553 κατὰ
3037 5500 3134 5569 τὴν
3188 5500 3405 5563 ἕνωσιν,
3458 5495 3574 5551 ἀλλ’
3602 5494 3713 5549 είσὶ

2138 5585 2253 5642 δύο.
2300 5583 2433 5640 Εἶτα
2466 5588 2972 5658 ἐπασφαλιζόμενος
3023 5589 3196 5643 ταῦτα
3236 5589 3413 5652 οὕτως
3455 5588 3621 5659 ἐχειν,
3650 5587 3711 5638 ἐν

2141 5677 2276 5749 αὐτῇ
2318 5681 2383 5748 τῇ
2427 5677 2595 5749 βίϐλῳ
2631 5679 2813 5749 λέγει’
2867 5699 2886 5733 ι
2920 5680 3029 5750 Τὴν
3058 5684 3125 5753 τῇ
3152 5681 3355 5755 θεωρίᾳ
3389 5680 3551 5754 μόνον
3579 5677 3710 5733 διαε-
