3994 6140
341 359 445 430 937

1367 358 1733 422 EPISTOIA
1769 359 1866 420 DE
1907 359 2208 420 DUABUS
2247 350 2607 422 NATURIS-

3495 355 3598 420 933

341 474 674 549 κρινομένην
706 473 834 548 μίαν
865 473 1163 528 ὑπόστασιν
1190 471 1282 527 τοῦ
1313 472 1448 526 Θεοῦ
1473 474 1668 542 Λόγου,
1700 474 1794 526 καὶ
1826 472 1912 542 rip

2028 462 2354 542 hypostasin~
2381 472 2567 527 carnis
2594 468 2968 540 intelligentcr
2997 469 3251 524 animatae
3281 479 3336 524 et
3375 469 3439 524 ci
3472 466 3601 525 Dei“

342 571 474 642 μίαν
495 569 792 624 ὑπόστασιν
826 567 926 638 τῆς
964 566 1326 638 ὲψυχωμένης
1351 567 1576 638 νοερῶς,
1606 566 1700 621 καὶ
1732 569 1794 620 ὲκ
1823 565 1920 636 τῆς

337 661 607 715 Θεοτόκου
643 660 940 730 ληφθείσης
975 660 1176 728 σαρκὸς
1206 660 1264 712 ἐν
1301 662 1370 729 τῇ
1403 659 1648 712 συνθέσει
1684 674 1920 712 σκοπου-

340 753 508 822 μένας
530 751 942 815 ὰναλλοιώτους,
984 754 1080 804 καὶ
1103 749 1366 820 μεινάσας
1385 749 1543 804 τοῦτο
1568 750 1705 820 ὅπερ
1726 747 1913 802 εἰσίν.»

337 845 401 897 ΕΞ
439 844 540 915 μὲν
576 842 644 898 τὰ
681 844 1073 914 διακρινόμενα
1111 847 1177 916 τῇ
1216 842 1440 914 θεωρία,
1472 843 1538 914 τῇ
1583 841 1788 913 θεωρία
1824 841 1920 911 μό-

337 953 427 990 νον
455 936 550 989 καὶ
581 935 915 1004 ὑφίστασθαι
968 935 1138 1004 λέγει,
1180 937 1356 991 πάντα
1398 935 1694 1004 φαντασίαν
1741 931 1918 987 οἷδενο

339 1030 386 1082 εἱ
421 1027 479 1080 δὲ
515 1025 572 1079 αἱ
605 1027 932 1088 ὑποστάσεις
977 1025 1259 1086 οὑσιώδεις
1301 1023 1431 1089 εἰσὶ,
1479 1021 1572 1076 δύο
1603 1023 1791 1085 οὐσίας
1829 1021 1918 1074 λέ-

338 1136 451 1187 γων
482 1117 574 1170 τοῦ
613 1115 877 1188 Χριστοῦ,
911 1115 962 1170 τί
1001 1116 1230 1186 φλυαρεί
1256 1113 1598 1185 λογομαχῶν,
1624 1114 1722 1168 καὶ
1752 1113 1919 1184 μηδὲν

337 1207 467 1259 ἄλλο
503 1205 647 1259 οὕτω
703 1205 885 1268 καλῶς
935 1204 1114 1268 εἰδὼς,
1150 1205 1224 1268 ὡς
1261 1204 1322 1256 τὺ
1366 1203 1551 1266 κακῶς
1582 1203 1763 1271 λέγειν
1793 1203 1918 1264 τοὺς

336 1297 594 1364 λέγοντας
631 1295 726 1348 δύο
753 1294 946 1363 φύσεις
977 1295 1052 1357 ὡς
1079 1295 1174 1348 καὶ
1211 1294 1394 1359 αὑτὸς,
1421 1295 1512 1347 καὶ
1545 1294 1618 1364 μὴ
1650 1291 1919 1363 διαιροῦν-

335 1405 434 1452 τας
462 1387 886 1459 πραγματικῶς,
916 1386 1052 1440 ἀλλὰ
1081 1386 1461 1440 κατ’ὲπίνοιαν
1495 1385 1653 1456 μόνον
1683 1401 1698 1450 ;

407 1479 665 1548 Εὑρίσκω
700 1477 755 1530 δὲ
800 1477 1043 1548 Σευῆρον
1072 1477 1166 1530 δύο
1221 1476 1318 1548 μὲν
1365 1473 1558 1546 φύσεις
1605 1473 1786 1528 εἰδότα
1824 1473 1918 1529 τὸν

341 1571 574 1640 Χριστὸν
607 1569 732 1623 καθ’
771 1568 1006 1640 ὓπαρξιν
1037 1569 1188 1639 μίαν,
1219 1570 1344 1638 μίαν
1375 1567 1431 1620 δὲ
1461 1567 1686 1635 λέγοντα
1714 1566 1918 1630 ταύτας

337 1663 613 1733 φαντασίᾳ
654 1665 748 1714 καὶ
785 1661 949 1731 μόνον
998 1661 1092 1714 ἐπὶ
1141 1661 1493 1730 καταστροφῇ
1523 1659 1628 1712 τῶν
1655 1657 1916 1730 πειθομέ-

335 1775 446 1812 νων
485 1749 653 1826 αὑτῷ.
700 1758 761 1810 Εἰ
809 1757 920 1824 γὰρ
951 1757 1010 1808 ἐν
1043 1758 1108 1825 τῇ
1153 1753 1404 1808 συνθέσει
1435 1754 1658 1824 ἔμειναν
1694 1753 1752 1806 αἱ
1785 1752 1916 1806 ὑπο-

337 1852 558 1914 στάσεις
591 1851 730 1918 ὅπερ
759 1849 919 1912 εἰσὶν,
961 1848 1069 1902 εἰσὶ
1101 1847 1156 1900 δὲ
1195 1847 1306 1904 δύο,
1338 1847 1433 1900 καὶ
1459 1846 1710 1915 οὐδαμῶς
1752 1847 1918 1915 μετὰ·

335 1942 624 2013 ὅὲὄληνται
650 1942 727 2013 μὴ
755 1941 893 1994 εἶναι
933 1941 1046 2004 δύο,
1076 1941 1170 1994 καὶ
1195 1941 1315 2002 ταῖς
1355 1938 1684 1993 ὑποστάσεσι
1715 1937 1810 1992 καὶ
1839 1939 1918 2009 τῷ

335 2033 412 2104 νῷ
447 2033 777 2102 θεωροῦνται
815 2032 931 2096 δύο,
973 2031 1240 2100 πρόδηλον
1272 2031 1355 2084 ὅτι
1383 2029 1526 2084 κατὰ
1558 2029 1658 2098 τὴν
1697 2030 1913 2086 ἕνωσιν.

337 2120 495 2176 υῦτω
521 2121 627 2192 γάρ
663 2123 811 2174 ἔστιν
843 2121 902 2172 ὲν
937 2123 1004 2191 τῇ
1035 2120 1302 2183 συνθέσει,
1332 2119 1427 2171 καὶ
1453 2117 1562 2170 εἰσὶ
1593 2117 1712 2172 καθ’
1743 2117 1914 2190 ὕπαρ·

337 2215 440 2279 ξεν,
473 2215 567 2266 καὶ
599 2213 934 2266 σκοποῦνται
959 2212 1095 2282 ὅπερ
1123 2211 1252 2273 εἰσὶ,
1287 2210 1382 2263 καὶ
1410 2208 1765 2280 ὀνομάζονται
1793 2211 1914 2264 κατ’

333 2306 499 2362 αὑτὸν
538 2307 778 2376 Σευῆρον
803 2323 815 2337 ο
843 2306 878 2376 ἡ
927 2303 982 2356 δὲ
1021 2303 1290 2374 λεγομένη
1335 2302 1434 2374 μία
1480 2299 1664 2371 φύσις,
1703 2301 1916 2374 ἐπινοίᾳ

337 2401 523 2472 μόνον,
563 2399 928 2470 ἀληθέστερον
958 2396 1004 2450 δ’
1029 2399 1202 2452 εἰπεῖν
1236 2396 1462 2467 ὑπονοίᾳ
1491 2393 1792 2466 ἀνθρώπιον
1821 2395 1915 2449 καὶ

333 2492 680 2563 ἀναπλασμῷ
723 2491 938 2560 λέγεται
983 2491 1104 2562 μὲν,
1156 2489 1271 2542 ἔστι
1340 2489 1394 2543 δὲ
1442 2489 1612 2541 οὐδέν.
1659 2487 1762 2541 Δύο
1803 2487 1914 2558 γὰρ

331 2584 528 2652 λόγους
563 2573 698 2654 περὶ
726 2582 819 2636 τοῦ
867 2581 1034 2636 αὑτοῦ
1083 2580 1409 2652 πράγματος
1437 2578 1712 2642 ἐναντίους
1745 2579 1913 2649 ἀλλή-

329 2676 469 2743 λοις,
503 2675 725 2748 ἀληθεῖς
753 2670 918 2741 εῖναι,
963 2673 1126 2746 φύσιν
1151 2674 1251 2728 οὑκ
1280 2672 1414 2744 ἔχει.

401 2855 468 2912 Ei
493 2856 550 2910 δέ
575 2871 658 2922 τις
695 2857 842 2910 εἴποι
883 2855 964 2910 ὅτι
997 2856 1088 2908 καὶ
1125 2855 1221 2910 δύο
1268 2855 1375 2910 εἰσὶ
1414 2853 1508 2910 καὶ
1541 2852 1660 2926 μία,
1697 2852 1774 2918 ὡς
1809 2853 1907 2924 μὲν

332 2952 478 3023 μέρη
508 2951 662 3014 ὅλου,
699 2949 794 3004 καὶ⁵
839 2949 916 3013 ὡς
968 2948 1292 3002 συστατικαὶ
1338 2946 1780 3017 ἀποτελέσματος
1819 2944 1913 2999 δύο

332 3045 472 3098 εἰσίν
497 3059 510 3074 ·
559 3044 680 3098 οὑδὲ
711 3042 820 3114 γὰρ
865 3041 1140 3112 ἐνδέχεται
1185 3041 1246 3094 τὸ
1284 3041 1635 3110 ἀποτέλεσμα
1672 3038 1909 3111 εἶναίιτι,

332 3139 382 3191 εἰ
430 3135 506 3207 μὴ
543 3136 601 3188 αἱ
639 3135 966 3188 συστατικαὶ
994 3131 1160 3186 αὑτοῦ
1198 3132 1450 3204 μένουσιν
1475 3147 1490 3162 ⁶
1543 3131 1663 3186 οὑδὲ
1701 3131 1762 3184 τὸ
1789 3130 1908 3184 ὅλον
1935 3154 1976 3211 c

330 3221 470 3280 εἶναι
500 3227 640 3290 ὅλον,
667 3226 716 3278 εἰ
749 3224 825 3296 μὴ
854 3225 924 3277 τὰ
956 3224 1100 3295 μέρη
1136 3223 1418 3294 μένουσιν⁶
1465 3222 1540 3286 ὡς
1569 3223 1624 3276 δὲ
1661 3222 1782 3277 ὅλον
1817 3223 1910 3276 καὶ

330 3318 406 3380 ὡς
441 3315 810 3384 ἀποτέλεσμα,
847 3314 946 3382 μία
973 3317 1131 3382 φύσις
1163 3315 1330 3368 ἐστίν.
1375 3313 1647 3366 Ἀκουέ-εω
1680 3317 1708 3366 6
1736 3315 1911 3367 τοιοῦ-

329 3425 442 3472 τος,
477 3407 560 3460 ὅτι
589 3407 650 3459 οὑ
695 3407 852 3458 τοῦτο
883 3404 1165 3476 βούλονται
1211 3406 1261 3458 οἱ
1309 3404 1598 3474 δίγλωσσοι
1647 3403 1832 3475 ὄφεις·
1877 3403 1908 3475 ἢ

330 3497 442 3569 γὰρ
494 3496 560 3550 ἂν
610 3496 845 3568 φορητὸν
891 3490 978 3568 ἦν.
1029 3494 1180 3570 Ἀλλ’⁴
1220 3495 1310 3548 ἐπ’
1341 3488 1619 3566 ἀναιρέσει
1663 3494 1771 3548 τῶν
1819 3492 1912 3547 δύο

331 3591 431 3662 τὴν
462 3589 590 3662 μίαν
619 3591 713 3644 καὶ
743 3590 1052 3659 ἐπενόησαν
1098 3587 1196 3643 καὶ
1243 3589 1662 3662 προϐάλλονται.
1701 3587 1793 3640 Διὸ
1819 3587 1912 3640 καὶ

331 3680 794 3753 ἁναθεματίζουσι
831 3664 960 3744 τοὺς
991 3680 1250 3748 λέγοντας
1283 3680 1376 3734 δύο
1425 3680 1616 3749 φύσεις
1647 3678 1784 3748 μετὰ
1811 3674 1910 3748 τὴν

331 3773 542 3826 ἕνωσιψ
577 3770 758 3824 καίτοι
781 3787 846 3838 γε
876 3771 942 3842 τῇ
974 3769 1266 3840 ἀκολουθία
1287 3769 1394 3822 τῶν
1413 3769 1754 3839 πραγμάτων
1787 3786 1910 3822 συν-

330 3862 682 3932 ελαυνόμενοι
729 3860 908 3930 λέγειν
941 3859 1036 3913 καὶ
1075 3860 1228 3912 αὐτοὶ
1258 3857 1517 3923 πολλάκις
1555 3859 1648 3912 δύο
1696 3859 1907 3928 φύσεις,

329 3951 406 4016 ὼς
439 3952 834 4006 ἀποδέδεικται.
863 3950 1010 4021 Πλὴν
1037 3951 1109 4011 ὡς
1134 3949 1238 4022 ἔφη
1258 3953 1285 4004 6
1315 3952 1582 4023 μακάριος
1610 3950 1911 4022 Γρηγόριος

330 4047 359 4098 6
393 4043 675 4108 Νυσσαεὺς
727 4045 864 4114 πρὸς
905 4044 1302 4116 Ἀπολινάριονο
1343 4062 1361 4094 ι
1399 4043 1524 4108 Πῶς
1565 4043 1661 4114 μία
1709 4045 1764 4097 αἱ
1817 4043 1910 4096 δύο

332 4139 524 4207 φύσεις
561 4137 705 4198 εἰσί;
746 4155 764 4188 ι
805 4135 1007 4200 Καθὼς
1039 4137 1150 4207 γὰρ
1178 4135 1280 4207 ἔφη
1328 4137 1490 4199 αὐτὸς
1537 4134 1910 4206 Ἀπολινάριος

332 4229 390 4280 ἒν
420 4227 494 4296 τῷ
525 4227 668 4280 κατὰ
693 4228 1050 4296 Κεφαλαίων
1077 4226 1288 4297 βιϐλίῳ,
1313 4227 1342 4278 6
1372 4227 1606 4297 μάλιστα
1625 4225 1908 4297 κρατύνων

331 4317 426 4388 τὴν
456 4317 599 4381 λέξιν
626 4317 830 4387 ταύτην
855 4334 868 4346 ⁸
913 4337 930 4369 ι
962 4319 1036 4370 Τὸ
1064 4317 1266 4372 ἁπλοῦν
1315 4318 1374 4370 ἓν
1402 4319 1542 4378 ἐστι.
1575 4317 1636 4370 τὸ
1675 4317 1732 4370 δὲ
1777 4316 1907 4370 σύν-

329 4411 483 4463 θετον
515 4412 576 4464 οὑ
619 4409 842 4464 δύναται
888 4410 946 4464 ἓν
976 4407 1138 4466 εἷναι.
1183 4431 1202 4463 ι
1234 4411 1300 4466 Εἰ
1333 4406 1426 4466 οὖν
1457 4411 1519 4464 τδ
1563 4409 1814 4464 σύνθετον
1844 4411 1905 4463 οὐ

2021 578 2154 632 para
2193 570 2487 633 assumpta:
2539 565 2595 617 in
2635 562 3026 634 conjunctione
3057 561 3373 616 immutatas
3413 563 3601 618 consi1|

2021 653 2203 709 derari
2249 665 2306 710 et
2345 662 2632 710 manentes
2673 654 2728 708 id
2775 648 2924 724 quod
2975 661 3127 708 sunt.
3162 672 3178 706 ›
3235 653 3390 720 Quod
3431 655 3475 709 si
3504 671 3602 710 co-

2019 743 2287 814 gitatione
2332 743 2611 809 distincta,
2657 745 2992 816 cogitatione
3037 754 3252 800 tantum
3293 746 3599 804 subsistere

2019 835 2299 902 dicuntur,
2331 837 2513 891 omnia
2539 826 2901 907 phantasma;
2935 844 2992 893 et
3025 839 3069 894 si
3118 837 3439 911 hypostases
3467 838 3599 894 suhI

2019 927 2325 992 stantiales,
2353 927 2493 982 duas
2521 943 2782 982 asserens
2820 929 2938 997 ipse
2971 928 3193 984 Christo
3239 929 3598 994 substantias,

2018 1034 2118 1074 cur
2142 1026 2220 1073 tot
2249 1019 2482 1091 argutiis
2503 1029 2702 1084 certat,
2720 1020 2860 1074 nihil
2898 1021 3412 1090 antiquiushabens
3431 1034 3596 1093 quam

2017 1113 2171 1168 viros
2218 1112 2476 1168 insectari
2515 1111 2652 1168 duas
2702 1122 2950 1175 naturas,
2976 1113 3118 1168 sicut
3155 1115 3293 1184 ipse,
3328 1117 3602 1172 conliten-

2019 1211 2126 1270 tes,
2149 1219 2354 1274 easque
2391 1222 2502 1261 non
2556 1215 2684 1263 actu
2733 1206 2831 1262 sed
2867 1207 3202 1277 cogitatione
3249 1208 3428 1264 solum
3481 1211 3598 1266 disi

2021 1295 2371 1367 tinguentes?

2091 1472 2333 1528 Severus
2361 1471 2608 1544 quidem,
2637 1485 2725 1532 me
2753 1477 2960 1548 judice,
3002 1477 3144 1534 duas
3179 1483 3406 1537 naturas
3427 1478 3570 1562 agno

2017 1565 2124 1619 scit
2178 1567 2486 1622 secundum
2523 1585 2690 1623 unam
2727 1573 3050 1639 essentiam,
3089 1568 3254 1628 unam
3302 1592 3436 1630 vero
3467 1577 3602 1632 dicit

2017 1655 2140 1710 illas
2157 1656 2414 1713 simulate
2447 1666 2659 1714 tantum
2683 1669 2738 1716 et
2759 1661 2824 1716 ad
2851 1663 3161 1732 perdendos
3184 1668 3420 1724 asseclas
3447 1685 3596 1726 suos.

2017 1745 2154 1800 Nam
2199 1748 2244 1802 si
2273 1748 2327 1802 in
2363 1751 2756 1820 conjunctione
2785 1751 2908 1808 dua:
2937 1753 3261 1825 hypostases
3287 1758 3342 1813 id
3385 1771 3603 1814 reman-

1955 1808 2214 1894 Bserunt
2262 1835 2411 1909 quod
2447 1849 2644 1906 erant,
2691 1857 2757 1898 ac
2813 1843 2940 1898 duae
2979 1808 3139 1912 ds'unt,
3200 1861 3257 1905 et
3315 1848 3599 1920 nunquam

2018 1927 2304 1984 desierunt
2351 1931 2474 1985 eSse
2531 1929 2675 1995 dum,
2721 1940 2779 1988 et
2829 1933 3223 2005 hypostasihus‘
3289 1955 3354 1995 ac
3408 1945 3593 1997 mente

2017 2020 2142 2076 dure
2199 2021 2480 2088 videntur,
2535 2025 2891 2082 manifestum
2944 2030 3030 2084 est
3078 2026 3270 2087 eadem
3328 2033 3415 2088 vel
3474 2035 3600 2106 post

2016 2109 2283 2167 unionem
2327 2116 2535 2170 valere.
2590 2116 2671 2171 Ita
2717 2119 2868 2174 enim
2904 2123 2994 2176 res
3039 2136 3098 2176 se
3149 2123 3320 2178 habet
3373 2125 3427 2180 In
3469 2143 3600 2182 cons

2009 2201 2320 2273 iunctione,
2367 2222 2431 2262 ac
2474 2217 2607 2264 sunt
2651 2205 2954 2267 secundum
2996 2213 3318 2282 essentiam,
3353 2225 3409 2273 et
3444 2222 3598 2291 cogis

2015 2297 2202 2349 tantur
2228 2297 2377 2366 quod
2411 2307 2561 2366 sunt,
2605 2307 2661 2356 et
2689 2305 2960 2360 vocantur
2980 2306 3136 2376 juxta
3161 2304 3444 2366 Severum.
3478 2311 3596 2369 Una

2014 2379 2146 2440 Vero
2167 2387 2259 2442 illa
2278 2399 2500 2456 natura,
2527 2395 2864 2464 cogitatione
2892 2403 3126 2466 tantum,
3151 2411 3266 2470 aut,
3303 2400 3360 2458 ut
3391 2406 3596 2461 rectius

2014 2475 2232 2546 dicam,
2289 2486 2606 2556 conjectura
2661 2493 2873 2544 tantum
2917 2484 3194 2547 heminam
3235 2504 3292 2552 et
3334 2495 3595 2566 ﬁgmento

2014 2570 2244 2638 dicitur,
2281 2591 2470 2632 revera
2515 2579 2655 2635 nihil
2699 2589 2805 2636 est.
2837 2582 3048 2638 Natura
3083 2587 3232 2639 enim
3263 2601 3374 2640 non
3403 2587 3593 2642 datum

2015 2671 2122 2728 est,
2179 2665 2320 2721 duas
2369 2665 2438 2722 de
2491 2683 2601 2723 una
2657 2685 2716 2724 re
2755 2673 3167 2730 enuntiationes
3207 2687 3514 2748 pugnantes
3537 2688 3595 2735 et

2015 2754 2163 2811 inter
2212 2773 2269 2813 se
2307 2761 2612 2816 contrarias
2642 2761 2803 2818 simul
2847 2773 2970 2820 esSe
3023 2764 3202 2823 Verus.

2083 2846 2247 2914 Quod
2299 2849 2343 2904 si
2391 2851 2517 2921 quis
2552 2851 2756 2909 diaerit
2810 2854 2934 2911 illos
2979 2857 3145 2914 simul
3192 2875 3317 2916 esse
3347 2861 3484 2919 ditas
3539 2871 3597 2920 et

2015 2953 2203 3006 unam,
2251 2943 2407 3012 quasi
2453 2944 2565 3000 duo
2612 2941 2743 3001 sunt
2791 2946 2957 3004 unius
3017 2951 3284 3018 membra,
3343 2967 3440 3011 aut
3472 2957 3596 3014 duae

2014 3026 2204 3100 partes
2235 3049 2350 3088 rem
2381 3046 2546 3090 unam
2584 3040 3013 3111 "componentes;
3050 3053 3110 3098 ut
3143 3047 3292 3101 cnim
3331 3049 3467 3104 nihil
3510 3058 3597 3106 est

2015 3137 2107 3177 res
2147 3121 2450 3196 compOSita
2478 3129 2580 3184 nisi
2610 3136 2793 3200 partes
2819 3143 3108 3202 maneant;
3139 3151 3243 3191 ncc
3279 3145 3454 3194 totum
3479 3141 3596 3211 jam‘

2011 3220 2098 3266 est
2133 3223 2331 3279 totum,
2384 3219 2492 3272 nisi
2535 3221 2780 3275 membra
2829 3224 3150 3294 persistant,
3193 3227 3268 3282 ita
3311 3231 3476 3286 etiam
3525 3233 3594 3288 de

2011 3307 2120 3358 una’
2174 3315 2375 3362 natura
2408 3310 2592 3365 valere
2619 3327 2633 3365 :
2663 3312 2851 3368 audiat
2883 3315 3008 3382 iste,
3037 3333 3146 3372 non
3181 3319 3288 3375 hoc
3317 3321 3419 3377 sibi
3452 3325 3592 3380 Velie

2011 3394 2288 3466 bilingues
2325 3410 2653 3470 serpentes;
2686 3404 2832 3472 quod
2865 3406 3012 3459 enim
3063 3407 3194 3463 ferri
3248 3422 3452 3480 posset.
3483 3411 3590 3472 Sed

2011 3486 2230 3542 duabus
2273 3494 2756 3557 evanescentibus,
2799 3512 2962 3551 unam
3005 3499 3324 3572 excogitant
3355 3515 3411 3561 et
3454 3509 3592 3563 con-

2014 3576 2252 3634 firmant.
2325 3581 2675 3654 Quapropter
2728 3586 2894 3641 etiam
2961 3603 3060 3644 eos
3116 3591 3591 3654 anathematizant

2011 3669 2104 3738 qui
2148 3669 2284 3725 duas
2330 3680 2558 3762 naturas
2601 3681 2727 3744 post
2756 3677 3019 3734 unionem
3055 3680 3280 3750 dicunt;
3323 3680 3452 3742 licet
3485 3691 3588 3760 ipsi

2011 3775 2196 3820 rerum
2236 3763 2290 3817 vi
2345 3765 2544 3834 saepius
2581 3777 2852 3838 cogantur
2877 3767 3016 3825 duas
3049 3775 3278 3831 naturas
3306 3781 3587 3850 proﬁteri;

2015 3852 2091 3905 uti
2119 3853 2416 3922 probatum
2452 3865 2557 3911 est.
2583 3856 2856 3916 Caeterum
2881 3870 2942 3916 ut
2969 3860 3268 3935 Gregorius
3305 3871 3590 3944 Nyssenus

2009 3942 2076 3996 ad
2109 3944 2490 4014 Apolinarium
2530 3949 2669 4004 dixit
2697 3965 2709 4005 :
2743 3971 2760 4004 ι
2791 3951 3082 4019 Quomodo
3116 3959 3286 4032 igitur
3331 3942 3454 4020 diua:
3487 3983 3586 4021 na-

2013 4041 2150 4090 tura:
2186 4052 2294 4092 una
2337 4041 2506 4096 sunt?
2541 4060 2561 4093 ι
2603 4042 2738 4098 Nam
2777 4044 2992 4102 dixerat
3037 4051 3154 4120 ipse
3191 4053 3583 4124 Apolinarius:

2016 4145 2034 4177 ι
2073 4125 2315 4198 Simplex
2359 4146 2530 4186 unum
2569 4139 2672 4199 est,
2705 4135 3074 4206 compositum
3107 4159 3238 4198 Vero
3268 4161 3438 4201 unum
3462 4159 3584 4204 esse

2007 4219 2220 4288 nequit.
2253 4239 2272 4270 ι
2320 4219 2375 4274 Si
2411 4238 2542 4293 ergo
2581 4227 2947 4295 compositum
2998 4244 3167 4286 unum
3211 4249 3333 4291 esse
3365 4242 3580 4309 nequit,

2007 4319 2062 4364 et
2112 4327 2242 4366 vere
2290 4315 2661 4383 compositum
2683 4317 2777 4382 sit,
2804 4319 2951 4387 quod
2983 4337 3049 4376 ex
3097 4322 3318 4380 duobus
3344 4339 3582 4397 constat,

2009 4403 2157 4473 quod
2223 4403 2336 4460 duo
2396 4405 2450 4460 in
2499 4409 2800 4478 semetipso
2847 4415 3270 4482 complectitur,
3320 4435 3496 4491 caque
3554 4443 3584 4478 (ε

325 4502 552 4556 δύναται
589 4502 647 4555 ἓν
676 4501 838 4566 εἶναι,
889 4505 1010 4557 ἐπεὶ
1043 4503 1252 4576 [forsan
1299 4502 1540 4575 ἀληθῶς]
1570 4503 1753 4556 οὐκέτι
1781 4503 1904 4556 σύν-

2014 4495 2217 4563 quibus
2285 4505 2522 4562 constat,
2563 4500 2842 4568 quomodo
2897 4519 3068 4572 unum
3115 4515 3299 4576 potest
3355 4527 3478 4568 esse
3529 4525 3584 4568 ct

325 4595 502 4658 θετον,
549 4595 612 4648 τὸ
667 4597 730 4648 ὲκ
785 4595 880 4648 δύο
937 4595 1316 4664 συγκείμενον,
1349 4595 1442 4650 καὶ
1469 4593 1591 4664 ἔχον
1619 4594 1688 4646 τὰ
1717 4593 1810 4648 δύο
1848 4596 1905 4646 ὲν

324 4688 524 4759 ἐαυτῷ,
553 4690 648 4742 καὶ
679 4689 851 4744 ταῦτα
887 4687 946 4742 ὅν
978 4687 1122 4760 ἅπερ
1149 4689 1446 4758 συνέθηκεν
1475 4689 1632 4752 αὐτὸ,
1664 4687 1780 4750 πῶς
1809 4687 1906 4742 δύ-

326 4795 484 4830 ναται
515 4778 573 4832 ἓν
603 4776 746 4835 εἶναι
774 4779 872 4832 καὶ
896 4779 1174 4848 λέγεσθαι,
1205 4779 1253 4830 εξ
1295 4778 1368 4849 μή
1409 4777 1464 4830 τί
1497 4793 1558 4846 γε
1591 4775 1904 4847 προσώπῳ;

327 4869 418 4920 Διὸ
455 4869 636 4934 καλῶς
685 4871 972 4941 εἰρήκασιν
1020 4871 1069 4922 oi
1118 4869 1382 4941 Πατέρες,
1435 4868 1528 4920 δύο
1575 4867 1674 4936 μὲν
1717 4866 1908 4936 φύσεις

325 4949 470 5006 εἶναι
503 4955 594 5007 τὸν
621 4956 879 5028 Χριστὸν,
914 4956 1006 5010 διὰ
1053 4955 1114 5008 τὸ
1160 4955 1220 5021 ἐξ
1253 4956 1432 5008 αὑτῶν
1465 4955 1785 5009 συνεστᾶναι
1815 4954 1908 5008 καὶ

324 5047 672 5114 συγκεῖσθαι,
707 5049 804 5102 καὶ
845 5046 1021 5102 ταῦτα
1054 5043 1216 5102 εἶναι.
1248 5048 1389 5100 Αὐτὸ
1435 5047 1490 5101 δὲ
1523 5047 1582 5102 τὸ
1627 5046 1902 5113 σύνθετον,

318 5137 380 5189 οὑ
429 5135 552 5190 καθ’
583 5137 610 5191 ὅ
637 5137 896 5193 σύνθετόν
927 5139 1102 5205 ἐστιν,
1131 5137 1266 5192 ἀλλὰ
1301 5138 1424 5191 καθ’
1457 5137 1484 5190 6
1522 5138 1898 5208 ἀποτέλεσμα,

317 5227 378 5283 εν
407 5229 723 5299 πρόσωπον.
755 5231 877 5284 Ἵνα
902 5231 1041 5300 μήτε
1081 5232 1151 5286 τὰ
1179 5231 1238 5296 ἐξ
1265 5225 1340 5286 ὧν
1373 5232 1655 5297 ἀνέλωσιν,
1684 5231 1800 5285 ἀλλ’
1824 5231 1902 5294 ὡς

317 5323 442 5377 καθ’
476 5321 711 5394 ὓπαρξιν
771 5329 1006 5396 μένοντα
1077 5325 1170 5379 καὶ
1221 5323 1626 5396 ἐξονομὰσωσι,
1668 5325 1764 5376 καὶ
1803 5323 1900 5396 τὴν

314 5413 525 5468 τούτων
561 5417 640 5478 είς
671 5416 898 5488 ἑνότητα
922 5419 1040 5490 ῆτοι
1072 5419 1154 5481 είς
1179 5417 1238 5472 ἓν
1275 5417 1566 5489 πρόσωπον
1598 5417 1901 5488 συνδρομὴν

2008 4586 2138 4653 dici,
2169 4587 2276 4642 nisi
2309 4591 2584 4658 persona?
2606 4591 2778 4658 Quam
2819 4594 2890 4648 ob
2921 4612 3034 4650 rem
3069 4600 3288 4673 egregie
3323 4603 3584 4662 dixerunt

2008 4678 2222 4744 Patres,
2277 4679 2418 4736 duas
2463 4697 2586 4737 esse
2635 4681 2916 4740 Christum
2951 4695 3196 4759 naturas,
3227 4695 3356 4763 quia
3403 4712 3467 4751 ea
3498 4709 3584 4754 est

2007 4784 2075 4824 ex
2125 4770 2331 4840 quibus
2372 4781 2610 4836 constat,
2660 4782 2716 4828 et
2747 4777 3035 4844 consistit;
3078 4797 3167 4836 res
3215 4793 3400 4840 autem
3433 4787 3584 4842 com;

2009 4862 2187 4931 posita
2229 4878 2339 4916 non
2375 4863 2430 4917 in
2456 4874 2724 4934 quantum
2755 4871 3058 4938 composita
3089 4873 3184 4929 sed
3220 4875 3277 4930 in
3313 4887 3582 4948 quantum

2008 4968 2096 5009 res
2125 4961 2233 5020 est,
2281 4955 2573 5024 personam
2622 4974 2784 5013 unam
2821 4957 3008 5016 emcit.
3056 4963 3134 5020 ita
3168 4981 3281 5022 non
3315 4969 3585 5027 tolluntur

2005 5059 2069 5100 ea
2119 5059 2150 5100 e
2197 5045 2424 5115 quibus.
2451 5045 2544 5100 sed
2585 5047 2766 5116 quoad
2799 5052 3100 5106 essentiam
3143 5066 3370 5112 manent
3411 5069 3468 5114 et
3493 5077 3588 5116 vo-

2010 5148 2242 5203 cantur,
2304 5147 2362 5194 et
2421 5155 2696 5196 concursu
2750 5158 2854 5198 suo
2910 5140 3178 5202 unitatem
3233 5166 3330 5205 seu
3393 5169 3586 5223 persn-

2009 5243 2135 5284 nam
2174 5244 2338 5284 unam
2369 5228 2586 5285 eliicere
2632 5241 2957 5289 censentur;
2989 5235 3124 5290 Nam
3167 5251 3374 5308 partes,
3417 5243 3584 5297 totius

2008 5330 2194 5392 partes
2252 5322 2538 5386 vocandae,
2578 5329 2756 5379 totum
2807 5339 2917 5380 non
2967 5343 3096 5397 pars
3141 5329 3456 5398 dicendum,
3488 5335 3580 5388 εριι

2009 5423 2208 5470 totum.

314 5507 720 5580 ὁμολογήσωσι.
755 5513 848 5564 Δεῖ
889 5513 998 5584 γὰρ
1035 5513 1130 5566 καὶ
1180 5513 1250 5566 τὰ
1291 5513 1434 5585 μέρη
1503 5511 1597 5565 τοῦ
1639 5512 1762 5565 ὅλου
1796 5511 1937 5588 μέρπη
1976 5509 2365 5591 ὀνομάζεσθαι,
2399 5508 2491 5562 καῖ
2553 5507 2614 5562 τὸ
2653 5502 2774 5564 ὅλον
2821 5511 2894 5584 μὴ
2938 5513 3105 5586 μέρος
3145 5513 3418 5582 λέγεσθαι,
3446 5514 3583 5568 ἀλλὰ

312 5599 462 5656 ὅλον.

387 5694 451 5744 Εἰ
475 5691 532 5746 δέ
561 5693 618 5746 αἱ
652 5691 746 5746 δύο
776 5665 1095 5765 φύσεις-μία
1123 5689 1432 5764 γεγόνασιν,
1465 5697 1762 5771 ἐτεροφυὴς
1791 5699 1900 5768 ἄρα

315 5782 467 5838 ὶστὶν
497 5783 656 5854 αὕτη,
682 5785 758 5848 ὡς
786 5787 814 5838 6
841 5787 1109 5856 μακάριος
1132 5789 1399 5859 Κύριλλος
1421 5789 1523 5862 ἔφη
1546 5791 1604 5844 ὲν
1632 5789 1707 5861 τῷ
1733 5790 1890 5844 Κατὰ

556 5881 826 5946 Ρλιτιιοί..
860 5885 974 5945 Gn.
1011 5885 1360 5949 LXXXVI.

2069 5681 2302 5749 "Duabus
2340 5703 2524 5750 autem
2571 5699 2786 5753 naturis
2825 5714 2986 5753 unam
3021 5699 3422 5767 eﬂicientibus,
3449 5701 3586 5760 ωηο.

2001 5787 2198 5860 nigcna
2241 5787 2528 5854 inec‘crit,
2578 5799 2640 5846 ut
2687 5791 2765 5847 ait
2815 5791 3025 5866 beatus-
3053 5791 3294 5864 Cyrillds
3338 5793 3396 5852 in
3439 5795 3582 5856 libro

3187 5889 3264 5955 30
