3994 6140
463 309 530 370 39
1654 313 2063 382 EL’STATHII
2105 315 2448 377 MONACHI

3579 310 3692 377 940

425 429 688 480 Adversus
723 423 1062 494 Synusiastas
1085 441 1096 476 :
1123 423 1426 492 alienigena
1455 441 1586 478 vero
1617 425 1659 480 si
1686 435 1770 479 est
1801 435 1992 496 praeter

2107 429 2595 482 Sorovc'tacnbr.
2653 428 2983 500 Ἔτεροφυὴς
3043 427 3103 480 δὲ
3148 421 3285 482 οὖσα
3332 429 3480 500 παρὰ
3518 430 3586 483 τὰ
3628 429 3690 495 ἐξ

424 536 488 572 ρο
517 537 546 574 e
571 519 776 589 quibus
809 526 1048 581 constat,
1089 517 1194 570 hoc
1224 515 1308 571 est
1340 527 1540 588 praeter
1569 518 1913 572 divinitatem
1945 527 2002 573 et

426 612 846 674 humanitatem,
899 625 1053 670 sane,
1108 609 1187 663 uti
1231 609 1344 678 jam
1398 625 1562 678 supra
1605 609 1874 665 adversus
1907 624 2004 664 eos

425 707 635 761 dictum
681 712 786 765 est,
837 703 948 771 jam
993 717 1102 755 non
1139 700 1246 755 erit
1294 701 1440 756 Deus
1485 701 1767 766 Christus,
1820 717 2002 772 neque

423 798 610 860 homo,
641 810 820 864 neque
847 809 951 846 una
983 807 1013 846 c
1041 791 1220 846 tribus
1245 792 1533 861 personis;
1556 806 1738 862 neque
1767 793 2000 862 Deipara

423 888 608 956 Virgo,
651 900 832 952 neque
867 884 1110 938 Trinitas
1149 883 1260 938 erit
1313 883 1579 946 Trinitas,
1625 883 1720 938 sed
1763 883 2000 939 dualitas

423 979 626 1048 potius.
677 977 813 1032 Nam
872 976 1046 1030 Filius
1094 975 1414 1030 incarnatus
1461 985 1517 1030 et
1570 975 1673 1031 hac
1721 975 1787 1029 de
1833 991 1996 1030 causa

423 1080 618 1123 natura
677 1067 986 1139 alienigena
1043 1065 1222 1121 factus
1287 1077 1490 1137 praeter
1524 1077 1776 1121 naturam
1818 1068 1998 1121 Patris

419 1172 476 1216 et
536 1161 713 1216 sancti
777 1160 1020 1231 Spiritus
1079 1159 1360 1229 quomodo
1413 1161 1496 1213 eis
1538 1159 1999 1214 annumerahitur

419 1251 627 1320 quibus
662 1265 773 1304 non
819 1258 904 1304 est
957 1247 1491 1302 consubstantialis?
1529 1247 1743 1302 Abeant
1790 1249 1845 1301 in
1891 1247 1996 1302 Le-

421 1338 626 1392 thaeum
709 1337 1032 1392 barathrum
1111 1335 1343 1392 istorum
1397 1351 1529 1392 vere
1592 1337 1994 1407 Acephalorum

420 1430 669 1500 incptiwl
801 1429 805 1434 ’

489 1523 602 1578 Nos
644 1522 816 1589 igitur
843 1530 1161 1576 sanctorum
1193 1521 1420 1576 Patrum
1459 1521 1709 1592 vestigiis
1757 1521 1992 1576 insecuti

419 1613 709 1667 veritatem
739 1611 1066 1676 dicentium,
1101 1613 1509 1683 proﬁtebimur,
1541 1611 1823 1668 Christum
1857 1615 1994 1668 duas

417 1725 542 1762 esse
595 1717 820 1762 naturas
869 1716 925 1761 et
978 1722 1144 1760 unam
1191 1721 1507 1776 personam.
1557 1706 1690 1760 Nam
1743 1706 1881 1760 duas
1935 1707 1990 1760 in

2102 514 2177 573 ὧν
2209 522 2461 592 συνέστη,
2497 521 2746 575 τουτέστι
2778 526 2928 594 παρά
2951 522 3050 594 τὴν
3076 522 3308 593 θεότητα
3349 524 3444 576 καὶ
3465 525 3564 592 τὴν
3586 529 3684 578 ἁν-

2105 613 2454 684 ορωπότητα,
2487 616 2898 686 ἀναντιρῤήτως
2929 616 3050 668 κατ’
3075 615 3297 677 αὐτοὺς.
3316 614 3392 679 ὡς
3422 616 3516 668 καὶ
3542 617 3684 669 ἅνω-

2101 707 2245 776 τέρω
2273 707 2512 778 εἴρηται,
2553 707 2674 760 οὕτε
2705 708 2839 770 Θεός
2877 709 3022 761 ἐστιν
3049 708 3077 760 6
3117 707 3376 779 Χριστὸς,
3409 706 3536 761 οὕτε
3587 709 3680 762 ἆν-

2102 795 2341 865 θρωπος,
2371 795 2494 850 οὔτε
2516 792 2596 858 εἷς
2620 799 2718 868 τῆς
2747 798 2998 868 Τριάδος,
3027 794 3150 850 οὔτε
3177 795 3442 860 Θεοτόκος
3467 797 3500 867 ἢ
3535 799 3612 850 [1.7.
3624 815 3682 868 ρ-

2101 885 2284 952 οένος,
2321 887 2444 942 οὗτε
2478 888 2650 960 Τριάς
2683 891 2718 958 ἡ
2759 889 2952 958 Τριὰς,
2994 887 3132 940 ἀλλὰ
3176 887 3380 958 μᾶλλον
3423 887 3575 952 δυάς.
3625 888 3682 942 ’0

2099 978 2208 1049 γὰρ
2247 980 2375 1044 Υἱὸς
2409 981 2734 1050 οαρκωθεὶς,
2768 981 2860 1033 καὶ
2894 980 2982 1033 διὰ
3027 979 3188 1033 τοῦτο
3225 980 3324 1050 μία
3357 979 3520 1049 φύσις
3559 981 3680 1033 ἐτε-

2101 1073 2303 1141 ροφυὴς
2358 1073 2673 1142 γενόμενος,
2721 1075 2872 1144 παρὰ
2915 1073 3012 1141 τὴν
3044 1073 3138 1126 τοῦ
3173 1073 3388 1144 Πατρὸς
3439 1074 3533 1127 καὶ
3581 1073 3678 1128 τοῦ

2097 1159 2254 1226 ἁγίου
2308 1161 2644 1231 Πνεύματος,
2699 1163 2815 1226 πῶς
2869 1161 3416 1233 συναριθμηθήσεται
3467 1163 3683 1224 τούτοις

2097 1245 2178 1312 οἷς
2203 1251 2302 1303 οὑκ
2328 1251 2474 1304 ἔστιν
2502 1252 2823 1323 ὁμοούσιος;
2859 1255 2951 1316 Εἰς
2979 1254 3040 1306 τὺ
3069 1253 3172 1322 τῆς
3203 1253 3374 1324 λήθης
3400 1255 3586 1326 χάσμα
3611 1256 3681 1309 τὰ

2095 1341 2326 1396 τοιαῦτα
2354 1342 2649 1415 ληρήματα
2685 1345 2793 1398 τῶν
2826 1343 3005 1407 οὕτως
3048 1345 3391 1413 Ἀκεφά).ων.

2178 1522 2466 1594 Ἐπόμενοι
2499 1519 2590 1578 οῦν
2613 1524 2790 1592 ἁγίοις
2823 1524 3104 1596 Πατρὰσιν
3136 1525 3394 1596 ἀλήθειαν
3430 1526 3676 1595 λαλοῦσι,

2095 1615 2188 1670 δύο
2241 1618 2343 1687 μὲν
2399 1617 2590 1688 φύσεις
2629 1618 2864 1690 ἐροῦμεν
2915 1615 3054 1672 εἶναι
3088 1619 3179 1672 τὸν
3237 1621 3492 1690 Χριστδν,
3533 1622 3589 1676 ἓν
3621 1623 3678 1678 δὲ

2097 1708 2412 1780 πρόσωπον.
2441 1709 2608 1762 Οὐδὲν
2643 1709 2752 1778 γὰρ
2783 1709 2910 1762 ἄλλο
2939 1710 3055 1762 ἐστὶ
3079 1708 3136 1762 τὸ
3159 1709 3340 1778 λέγειν
3362 1711 3455 1765 δύο
3487 1712 3678 1781 φύσεις

413 1798 640 1853 Christo
687 1797 941 1852 conﬁteri
985 1806 1232 1862 naturas,
1269 1797 1347 1851 nil
1375 1797 1526 1851 aliud
1556 1807 1641 1852 est
1673 1814 1835 1868 quam
1864 1813 1990 1851 cum

2099 1801 2191 1853 ἐπὶ
2213 1800 2475 1871 Χριστοῦ,
2501 1801 2534 1872 ἢ
2564 1801 2700 1867 ὅπερ
2728 1801 2877 1870 λέγει
2913 1804 3010 1855 καὶ
3041 1803 3280 1873 Σευῆρος
3309 1805 3337 1856 6
3376 1803 3678 1872 δίγλωσσος

416 1893 538 1961 ipso
583 1891 792 1946 Severo
813 1889 1044 1961 bilingui
1068 1899 1328 1959 serpente
1366 1905 1646 1968 asserere,
1669 1889 1816 1958 quod
1854 1905 1995 1942 nun-

414 1999 576 2054 quam
614 1983 778 2037 desiit
810 1982 948 2037 duas
976 1981 1193 2036 ellicere
1223 1981 1572 2053 hypostases,
1603 1989 1659 2036 et
1693 1982 1839 2051 quod
1870 1989 1994 2051 post

415 2076 675 2130 unionem
717 2074 771 2129 id
807 2083 1032 2129 manent
1072 2081 1129 2128 et
1158 2075 1472 2144 cogitantur
1517 2073 1662 2144 quod
1699 2082 1848 2137 sunt,
1891 2074 1995 2129 hoc

411 2178 498 2223 est
549 2179 783 2223 naturae.
835 2168 1029 2223 Dicere
1074 2167 1359 2224 Christum
1403 2168 1458 2223 in
1513 2167 1732 2223 duabus
1779 2167 1994 2222 naturis

409 2273 560 2324 esse,
601 2259 735 2328 quid
786 2259 940 2314 aliud
987 2274 1152 2330 quam
1184 2258 1330 2328 quod
1369 2259 1486 2329 ipse
1537 2258 1777 2314 Severus
1801 2259 1994 2328 vulpes

413 2351 606 2422 biceps
643 2351 912 2406 adversus
951 2351 1175 2407 beatum
1229 2351 1498 2422 Cyrillum
1539 2351 1826 2406 contendit
1864 2367 1992 2420 per-

412 2443 617 2498 fectum
661 2444 714 2497 in
763 2443 1056 2498 divinitate
1096 2451 1153 2498 et
1183 2443 1488 2514 perlectum
1523 2444 1574 2496 in
1618 2443 1992 2496 humanitate?

409 2543 466 2588 ct
499 2534 841 2603 impossibile
873 2550 995 2591 esse
1021 2535 1132 2590 duo
1153 2550 1264 2589 non
1298 2535 1354 2590 in
1379 2533 1597 2588 duobus
1626 2533 1842 2588 videri?
1871 2533 1990 2588 Non

412 2623 470 2678 in
532 2623 787 2694 personis
833 2638 988 2690 sane,
1043 2639 1172 2678 nam
1214 2623 1474 2680 Christus
1522 2639 1632 2678 non
1683 2623 1807 2678 dua:
1860 2638 1991 2693 per-

411 2731 582 2771 εοηω.

491 2827 510 2857 ι
535 2813 629 2873 At,
653 2808 854 2878 inquit.
872 2809 1068 2863 beatus
1086 2807 1328 2880 Cyrillus
1353 2808 1492 2864 dixit
1513 2809 1624 2879 (10)
1647 2828 1660 2864 :
1683 2810 1767 2866 Ita
1799 2821 1856 2865 ut
1883 2809 1992 2865 ειιω

415 2901 535 2954 dum
549 2901 804 2974 jangazon
831 2901 938 2954 sint
956 2900 1094 2966 dua},
1115 2901 1208 2954 sed
1231 2909 1460 2971 utraque
1487 2901 1695 2956 animal
1714 2918 1878 2956 unum
1894 2901 1989 2956 ab-

411 2995 668 3048 solvatur.
697 3011 715 3044 ι
753 2991 997 3047 Audiam.
1039 2993 1135 3063 qui
1185 2993 1396 3063 optima
1442 3003 1838 3064 corrumpunt;
1878 3011 1987 3051 non

410 3087 550 3140 dixit
578 3087 840 3156 magister
873 3095 1106 3156 utraque
1149 3103 1311 3140 unam
1343 3087 1552 3142 absolvi
1581 3099 1859 3153 naturam,
1891 3089 1986 3143 sed

2095 1891 2238 1958 ὗφις,
2288 1892 2369 1944 ὅτι
2416 1892 2817 1963 μεταϐέϐληται
2867 1895 3121 1964 οὐδαμῶς
3158 1896 3234 1966 μὴ
3281 1893 3415 1950 εἶναι
3447 1897 3540 1950 δύο
3582 1900 3678 1954 καὶ

2094 1983 2214 2044 ταῖς
2248 1981 2608 2035 ὑποστάσεσι’
2653 1983 2749 2036 καὶ
2787 1983 2868 2036 ὅτι
2912 1984 3050 2051 μετὰ
3083 1983 3180 2055 τὴν
3219 1985 3412 2038 ἕνωσιν
3450 1986 3544 2039 καὶ
3577 1987 3678 2058 μέ-

2095 2089 2245 2125 νουσι
2270 2073 2368 2126 καὶ
2392 2073 2722 2128 σκοποῦνται
2747 2076 2885 2147 ὅπερ
2916 2075 3024 2128 εἰσὶ
3060 2115 3075 2142 ,
3105 2075 3348 2147 δηλονότι
3377 2079 3433 2131 αἱ
3459 2079 3670 2148 φύσεις.

2094 2165 2160 2218 Τί
2193 2165 2250 2218 δὲ
2295 2166 2480 2238 ἕτερον
2531 2169 2650 2220 ἐστι
2697 2167 2758 2221 τὸ
2800 2167 2978 2235 λέγειν
3021 2171 3080 2223 ὲν
3116 2169 3236 2223 δυσὶ
3269 2169 3500 2239 φύσεσιν
3532 2169 3673 2229 εἶναι

2092 2257 2183 2310 τὸν
2211 2259 2468 2328 Χριστὸν,
2498 2259 2530 2330 ἢ
2563 2261 2702 2338 ὅπερ
2731 2261 2826 2313 καὶ
2856 2261 3094 2330 Σευῆρος
3123 2261 3296 2330 λέγει,
3323 2264 3356 2334 ἠ
3385 2264 3672 2334 δικέφαλος

2091 2350 2282 2422 ἀλὼπη
2291 2349 2338 2416 ξ,
2366 2352 2503 2406 κατά
2531 2353 2622 2406 τὸν
2647 2353 2914 2424 μακάριον
2941 2353 3228 2424 Κύριλλον,
3257 2355 3463 2409 τέλειον
3481 2359 3536 2408 ἐν
3556 2356 3677 2410 Θεό-

2089 2461 2212 2514 τητι
2267 2443 2362 2497 καὶ
2403 2444 2606 2497 τέλειον
2652 2447 2710 2496 ὲν
2751 2443 3167 2516 ἁνθρωπὸτητις
3220 2447 3316 2499 καὶ
3358 2447 3428 2500 τά
3460 2447 3556 2502 δύο
3599 2449 3677 2519 μὴ

2091 2536 2149 2587 ὲν
2179 2535 2272 2588 δύο
2303 2535 2610 2604 φαίνεσθαι,
2643 2535 2906 2588 ἀδύνατον
2935 2532 3098 2598 εἶναι,
3137 2537 3254 2590 ἀλλ’
3282 2539 3384 2592 οὐκ
3413 2540 3472 2592 ὲν
3505 2555 3676 2612 προσ-

2090 2627 2260 2692 ώποις
2299 2644 2313 2657 ⁸
2346 2628 2470 2682 οὐδὲ
2510 2629 2618 2700 γάρ
2646 2627 2739 2682 δύο
2771 2629 3036 2700 πρόσωπα
3075 2631 3104 2682 6
3136 2631 3392 2702 Χριστός.

2166 2829 2185 2860 σ
2209 2809 2348 2864 Ἀλλ’
2379 2811 2406 2862 6
2438 2807 2731 2880 μακάριος,
2774 2809 2928 2880 φησὶ,
2974 2808 3242 2880 Κύριλλος
3269 2806 3449 2866 εἶπεν·
3489 2814 3673 2870 Ὥστε

2088 2901 2160 2954 τὰ
2196 2900 2308 2954 δύο
2343 2899 2559 2968 μηκέτι
2596 2899 2714 2968 μὲν
2757 2895 2910 2952 εἶναι
2951 2899 3093 2952 δύο·
3149 2900 3474 2969 δι’ἀμφοῖν
3496 2901 3568 2955 δὲ
3598 2903 3666 2957 τὸ

2087 2991 2156 3046 ἐν
2197 2989 2622 3046 ἀποτελεῖσθαι
2663 2989 2829 3051 ζῶον.
2860 3010 2878 3042 ι
2946 2991 3315 3045 Ἀκουέτωσαν
3350 2995 3400 3046 oi
3428 2995 3496 3047 τά
3526 2994 3662 3066 ὀρθὰ

2090 3085 2542 3156 διαστρέφοντες·
2603 3084 2703 3136 οὐκ
2745 3080 2899 3136 εἶπεν
2944 3085 2972 3136 6
3015 3085 3328 3148 διδάσκαλος
3368 3084 3435 3139 δι’
3461 3087 3664 3156 ἀμφοῖν

411 3193 582 3231 unum
618 3177 828 3232 absolvi
869 3177 1093 3242 animal,
1120 3177 1268 3246 quod
1311 3177 1456 3233 idem
1488 3186 1574 3232 est
1603 3194 1667 3232 ac
1696 3178 1741 3232 si
1771 3195 1988 3234 assere-

2099 3177 2191 3247 τὴν
2226 3177 2354 3248 μίαν
2378 3175 2761 3230 ἀποτελεῖσθαι
2789 3176 2954 3246 φύσιν
2979 3217 2994 3241 ,
3044 3177 3183 3231 ἁλλά
3215 3177 3273 3231 τὸ
3302 3176 3360 3230 ἓν
3387 3179 3670 3233 ἀποτελεῖ-

411 3285 518 3330 ret,
576 3285 742 3324 unam
801 3270 1012 3324 absolvi
1065 3286 1382 3341 personam.
1436 3271 1645 3326 Deinde
1713 3272 1990 3342 quomodo

409 3361 632 3416 veritati
665 3362 941 3417 consentit
975 3362 1109 3417 illud
1157 3382 1170 3416 :
1203 3363 1383 3417 Manet
1419 3371 1706 3434 utrumque
1732 3364 1872 3432 quod
1893 3381 1992 3418 na-

412 3464 534 3509 tura
575 3455 693 3508 est?
735 3453 1021 3521 Quomodo
1054 3453 1244 3511 Severi
1294 3455 1563 3525 perstabit
1597 3455 1824 3509 effatum
1865 3473 1877 3508 :
1926 3454 1991 3510 In

409 3549 774 3618 conjunctione
797 3557 1160 3601 remanserunt
1182 3547 1321 3618 quod
1338 3556 1480 3609 sunt,
1504 3547 1609 3602 hoc
1624 3555 1730 3612 est,
1754 3555 1989 3612 naturae,

411 3649 466 3692 et
523 3657 632 3694 non
689 3656 798 3694 una
846 3639 1099 3694 natura?
1140 3636 1338 3693 Docuit
1386 3639 1558 3709 igitur
1607 3649 1832 3694 sanctus
1879 3639 1992 3693 duo

415 3749 527 3788 non
561 3732 832 3803 perlicere
863 3732 976 3786 duo
1009 3731 1287 3786 animalia.
1315 3731 1664 3802 Quapropter
1695 3733 1861 3786 etiam
1889 3732 1990 3786 ad-

409 3823 542 3894 jecit
595 3821 817 3876 :Unum
877 3818 1166 3874 absolvitur
1220 3817 1448 3874 animal.
1498 3818 1765 3873 Desinant
1825 3817 1992 3887 igitur

413 3913 713 3967 mendaces
749 3911 1057 3966 arundinea
1097 3910 1250 3980 virga
1289 3907 1490 3974 inniti;
1529 3908 1609 3962 uti
1658 3915 1844 3962 autem
1884 3908 1989 3977 ipsi

414 4009 681 4066 fatentur,
735 4002 985 4058 absoluta
1032 4017 1142 4056 una
1200 4010 1424 4066 natura,
1460 3998 1584 4055 dure
1627 4007 1839 4055 naturae
1878 4001 1988 4070 jam

414 4114 529 4152 non
579 4105 816 4168 possunt
859 4111 1038 4164 neque
1087 4109 1210 4148 esse
1260 4108 1439 4162 neque
1494 4091 1604 4147 dici
1647 4107 1662 4147 :
1709 4107 1836 4146 nam
1873 4091 1990 4147 haec

415 4193 562 4247 inter
609 4206 669 4245 se
696 4196 968 4261 pugnant.

482 4285 742 4340 Dicemus
765 4282 932 4353 igitur
965 4279 1412 4336 adversariorum
1447 4287 1774 4347 argumenta
1805 4277 1859 4332 in
1893 4292 1990 4332 eos

418 4377 619 4446 regeri.
667 4376 725 4431 Si
766 4376 890 4429 duae
921 4383 1133 4428 natura:
1181 4379 1466 4441 suntquae
1513 4371 1638 4426 duae
1667 4378 1819 4433 sunt,
1876 4385 1988 4424 una

2093 3269 2216 3322 σθαι
2249 3269 2417 3332 ζῶον·
2453 3271 2590 3339 ὅπερ
2623 3269 2735 3321 ἴσον
2759 3271 2878 3322 ἐστὶ
2905 3269 2982 3340 τῷ
3008 3269 3191 3338 λέγειν
3223 3271 3282 3324 τὸ
3309 3269 3367 3323 ἓν
3389 3271 3674 3325 ἀποτελεῖ·-

2095 3361 2216 3413 σοαι
2243 3361 2553 3430 πρόσωπον.
2572 3359 2728 3414 Ἐπεὶ
2755 3360 2871 3423 πῶς
2898 3359 3154 3430 ἀληθεύει
3182 3361 3379 3429 λέγων⁹
3403 3361 3582 3416 Mersa
3603 3361 3674 3417 δὲ

2091 3451 2380 3519 ἑκάτερον
2409 3451 2554 3515 ὅπερ
2578 3451 2709 3506 ἐστὶ
2737 3451 2812 3520 τῇ
2838 3453 3058 3521 satiust;
3096 3453 3219 3517 Πῶς
3246 3453 3304 3506 δὲ
3333 3455 3426 3508 καὶ
3453 3455 3482 3508 6
3511 3456 3674 3527 Σευῆ-

2096 3561 2188 3613 ρου
2223 3544 2481 3614 στήσεται
2513 3543 2670 3612 λόγος
2690 3585 2704 3610 ,
2756 3545 2836 3597 ὅτι
2879 3545 2980 3598 Ἑν
3012 3543 3088 3614 τῇ
3115 3546 3406 3602 συνθέσει
3433 3546 3674 3617 ἔμειναν

2091 3636 2268 3690 τοῦτο
2315 3636 2461 3704 ὅπερ
2509 3638 2666 3702 εισι,
2719 3637 2996 3692 τουτέστιν
3045 3639 3102 3692 αἱ
3154 3638 3378 3706 φύσεις,
3431 3642 3525 3693 καὶ
3555 3639 3673 3710 ούχὶ

2091 3729 2125 3798 ἡ
2159 3730 2259 3797 μία
2288 3727 2480 3795 φύσις;
2541 3728 2621 3780 Τὰ
2651 3728 2744 3782 οὖν
2786 3727 2880 3782 δύο
2922 3728 2999 3800 μὴ
3027 3725 3167 3782 εἶναι
3195 3729 3289 3782 δύο
3317 3729 3430 3791 ζῶα
3456 3729 3672 3800 ἐνόησεν

2089 3820 2118 3872 6
2148 3820 2326 3887 ἅγιος,
2364 3816 2446 3870 διὸ
2477 3818 2572 3871 καὶ
2603 3819 2908 3888 ἐπήγαγεν,
2946 3819 3007 3872 τὸ
3033 3821 3138 3872 Ἕν
3165 3819 3546 3874 ἀποτελεῖται
3572 3816 3670 3880 ζῶ-

2091 3927 2180 3966 ον.
2229 3910 2639 3964 Παυσάσθωσαν
2665 3907 2758 3964 οὖν
2787 3913 2834 3965 οἱ
2877 3910 3188 3981 ψευδολόγοι
3245 3911 3552 3982 καλαμίνην
3578 3910 3673 3983 ρἀ

2091 4002 2212 4055 ὁδον
2237 4002 2694 4074 ύποστηρίζοντες
2719 4004 2930 4068 ἑαυτοῖς
2945 4017 2957 4031 ·
2981 4003 3168 4074 ὥσπερ
3183 4003 3238 4056 δὲ
3258 4003 3414 4056 αὐτοὶ
3433 4003 3668 4071 λέγουσι,

2089 4093 2191 4164 τῆς
2236 4095 2364 4162 μιᾶς
2409 4093 2628 4162 φύσεως
2665 4093 3156 4166 ἀποτελεσθείσης,
3209 4093 3392 4148 οὐκέτι
3421 4093 3668 4148 δύνανται

2087 4186 2180 4240 δύο
2208 4182 2602 4256 φύσειςῆεῖναι
2635 4186 2668 4257 ἢ
2695 4185 2949 4254 λέγεσθαι
2973 4203 2988 4218 ο
3015 4187 3288 4250 ἀντίθετος
3313 4185 3423 4257 γὰρ
3449 4187 3482 4255 ἡ
3506 4185 3663 4250 λέξις.

2159 4280 2348 4344 Οὕτως
2393 4283 2488 4335 καὶ
2535 4283 2700 4351 ἡμεῖς
2749 4281 3320 4352 ἀντιπεριτρέψαντες
3363 4279 3664 4346 τὸνλόγον,

2087 4373 2344 4446 ἐροῦμεν·
2406 4373 2468 4427 El
2508 4373 2603 4427 δύο
2630 4373 2822 4444 φύσεις
2852 4375 2992 4426 εἰσιν
3022 4375 3080 4426 ai
3108 4369 3266 4426 οὖσαι
3289 4370 3409 4430 δύο.
3450 4371 3550 4441 μία
3579 4369 3668 4422 λέ·-

413 4467 525 4524 dici
573 4474 886 4538 nequeunt.
913 4465 1070 4532 Quod
1113 4472 1298 4518 autem
1328 4462 1452 4518 duae
1474 4471 1604 4518 sunt
1630 4461 1754 4516 dua;
1781 4460 1987 4516 Christi

2099 4465 2288 4534 γεσθαι
2337 4465 2397 4520 οὐ
2447 4463 2723 4520 δύνανται.
2776 4465 2900 4518 Ὅτι
2943 4463 2999 4518 δέ
3044 4465 3151 4518 εισι
3196 4462 3292 4518 δύο
3335 4462 3534 4532 φύσεις
3577 4459 3668 4515 τοῦ

415 4568 626 4616 natum
668 4572 777 4612 non
819 4557 998 4611 solum
1032 4570 1130 4610 ore
1161 4554 1452 4610 confessus
1483 4563 1568 4610 est
1597 4553 1864 4620 Severus,
1889 4554 1987 4610 sed

411 4661 469 4706 et
497 4650 740 4721 scriptis.
764 4649 918 4705 Licet
938 4666 1048 4704 non
1097 4647 1400 4703 asseruerit
1433 4646 1674 4702 Severus
1698 4647 1840 4703 duas
1869 4662 1990 4703 esse

415 4759 622 4808 unam,
684 4751 780 4797 aut
830 4748 1057 4796 manent
1129 4737 1558 4807 retinenturque
1613 4746 1830 4792 natura:
1893 4745 1992 4792 aut

409 4845 670 4905 pereunt.
721 4833 776 4890 Si
822 4841 1079 4904 pereunt.
1104 4832 1216 4902 jam
1253 4846 1585 4899 neque-una
1633 4837 1764 4884 sunt
1804 4844 1988 4899 neque

411 4927 552 4982 duae.
587 4925 642 4980 Si
694 4934 878 4980 autem
925 4932 1174 4986 manent,
1229 4921 1376 4993 quod
1431 4936 1626 4976 verum
1673 4927 1782 4983 est,
1811 4921 1992 4976 nomi-

410 5027 616 5072 nantur
665 5032 884 5088 quoque
919 5017 1168 5087 alioquin
1203 5013 1482 5084 quomodo
1530 5027 1992 5083 cognosceremus

410 5126 506 5165 cas
527 5124 751 5164 manere
772 5110 854 5162 vel
883 5108 1048 5164 etiam
1070 5107 1349 5164 diceretur
1367 5106 1696 5162 vocabulum
1727 5106 1945 5162 Manent
1966 5107 1992 5160 Ρ

411 5199 630 5256 Nemini
673 5215 806 5271 ergo
866 5199 1132 5269 competit
1180 5199 1340 5270 copia
1410 5214 1573 5252 unam
1622 5197 1858 5254 faciendi
1903 5208 2000 5254 aut

418 5293 668 5357 dicendi,
719 5308 840 5364 quae
865 5293 988 5348 dua:
1011 5302 1175 5358 sunt;
1203 5291 1318 5363 ipsa
1357 5291 1507 5346 enim
1555 5307 1659 5346 vox
1686 5293 1993 5362 compositio

415 5387 656 5440 duarum
696 5401 884 5440 rerum
923 5400 1253 5440 concursum
1297 5383 1524 5438 indicat.
1577 5382 1680 5450 Qui
1717 5385 1994 5454 composi-

418 5488 532 5535 tun
585 5479 906 5542 meditatur,
965 5478 1102 5532 duas
1151 5493 1240 5532 res
1285 5477 1491 5545 cogitat
1527 5491 1558 5530 c
1606 5475 1812 5545 quibus
1837 5491 1991 5531 com-

417 5573 658 5632 positum
683 5581 897 5626 constat
914 5588 1050 5643 quas
1081 5569 1470 5640 complectitur
1490 5577 1544 5621 et
1573 5585 1694 5638 qua:
1714 5578 1795 5624 est
1814 5567 1990 5639 ipsum

491 5757 577 5820 {to
615 5755 850 5824 ιοίίνὶριειιε
890 5755 1132 5812 srmznia
1161 5755 1228 5809 ad
1260 5755 1619 5811 Sat-censum.

2094 4558 2352 4630 Χριστοῦ,
2383 4559 2443 4612 οὐ
2474 4559 2634 4630 μόνον
2659 4554 2812 4612 εἶπεν
2849 4558 3108 4637 Σεύῆρος,
3135 4556 3271 4610 ἀλλά
3296 4556 3390 4610 καὶ
3413 4555 3667 4627 ἔγραψεν.

2096 4651 2158 4705 Εἰ
2190 4651 2248 4706 δὲ
2290 4653 2384 4706 καὶ
2421 4650 2498 4722 μὴ
2527 4646 2682 4704 εἷπεν
2712 4651 2949 4722 Σευῆρος
2979 4647 3037 4702 ἓν
3065 4647 3174 4704 τῶν
3201 4647 3297 4702 δύο
3316 4688 3331 4714 ,
3381 4646 3416 4720 ἢ
3452 4647 3670 4718 μένουσι
3721 4710 3728 4716 η

2098 4744 2193 4797 καὶ
2240 4741 2502 4808 σώζονται
2545 4743 2602 4796 αι
2645 4741 2870 4810 φύσεις,
2921 4742 2955 4812 ἢ
2999 4739 3318 4796 ἀπώλοντοο
3377 4740 3426 4792 εί
3460 4739 3558 4810 μὲν
3579 4735 3671 4792 οὖν

2097 4827 2408 4893 ἀπώλοντο,
2442 4827 2568 4882 οὔτε
2597 4829 2691 4882 δύο
2721 4830 2883 4895 εἰσὶν,
2917 4828 3041 4882 οὗτε
3071 4828 3190 4898 μία.
3215 4828 3279 4882 Εἰ
3307 4826 3365 4882 δὲ
3395 4826 3669 4898 μένουσιν,

2097 4923 2238 4992 ὅπερ
2286 4922 2491 4992 μᾶλλον
2523 4921 2762 4993 ἀληθὲς,
2817 4923 2910 4975 καὶ
2953 4918 3344 4992 ὀνομάζονται·
3403 4918 3532 4973 Επεὶ
3561 4916 3673 4982 πῶς

2097 5012 2469 5085 γνωσθήσεται
2499 5015 2581 5066 ὅτι
2604 5013 2878 5084 μένουσιν,
2911 5012 2942 5084 ἢ
2977 5011 3094 5077 πῶς
3116 5011 3437 5084 λεχθήσεται
3461 5009 3672 5079 τδ,Μέο

2096 5118 2348 5166 νουσιν;
2377 5104 2490 5157 Οὐκ
2514 5103 2621 5174 ἄρα
2646 5103 2744 5158 οὖν
2768 5102 2994 5156 δύναταί
3019 5119 3104 5166 τις
3129 5101 3313 5173 χώραν
3336 5099 3510 5171 ἔχειν,
3545 5099 3672 5172 μίαν

2097 5201 2270 5253 ποιεῖν
2299 5199 2331 5270 ἦ
2363 5198 2545 5267 λέγειν
2574 5199 2672 5262 τὰς
2701 5198 2868 5262 οῦσας
2899 5197 3013 5252 δύο.
3047 5197 3197 5270 Αὕτη
3221 5197 3278 5250 δὲ
3303 5199 3336 5267 ἡ
3364 5196 3461 5250 τοῦ
3488 5194 3672 5250 συνοέο

2095 5307 2188 5343 του
2225 5288 2368 5354 λέξις
2417 5288 2510 5342 δύο
2554 5289 2714 5342 τινῶν
2747 5291 3092 5360 πραγμάτων
3133 5288 3390 5359 σημαίνει
3423 5287 3667 5341 σύνοδον

2098 5383 2191 5436 καὶ
2233 5385 2262 5436 6
2305 5383 2666 5436 ἀναπτύσσων
2702 5383 2760 5437 τὸ
2793 5381 3081 5448 σύνθετον,
3120 5382 3214 5435 δύο
3241 5383 3362 5436 τινὶ
3393 5383 3666 5446 κατανοεῖ,

2098 5475 2155 5542 ἐξ
2193 5468 2266 5528 ὧν
2313 5475 2599 5544 σύγκειται
2645 5476 2779 5530 αὐτὸ
2821 5476 2882 5529 τὺ
2923 5473 3212 5540 σύνθετον,
3265 5475 3411 5545 ἀπερ
3438 5475 3532 5528 καὶ
3557 5471 3667 5543 ἔχει

2095 5571 2152 5622 ὲν
2185 5568 2363 5640 ἐαυτῷ
2395 5570 2488 5624 καὶ
2522 5569 2634 5624 ἔστι
2692 5567 2887 5634 ταῦτα,
2921 5568 3026 5633 ἕως
3058 5568 3126 5622 ἂν
3153 5569 3212 5622 τὺ
3241 5567 3516 5634 σύνθετον,
3545 5566 3669 5620 σύν-
