3994 6140
439 296 537 360 (ιιι
1430 299 1798 361 EPISTOLA
1839 300 1937 360 DE
1973 301 2276 363 DUABUS
2316 302 2673 364 NATURIS.

3589 299 3694 364 912

437 414 593 467 οετον
609 411 834 484 ἀληθῶς
857 413 1026 466 ἐστιν.
1056 413 1118 466 ΕΞ
1145 429 1240 466 ουν
1270 409 1521 475 σύνθετός
1544 413 1691 464 ἐστιν
1715 411 1743 463 ὁ
1764 409 2012 480 Χριστὸς1

2124 415 2301 470 donec
2343 417 2714 486 compositum
2746 429 2876 468 vere
2920 415 3290 485 compositum
3332 425 3436 471 cst.
3471 417 3624 480 Quod
3655 419 3697 471 si

435 507 496 560 οὐ
548 508 711 577 μόνον
767 507 830 560 ὲκ
872 503 965 560 δύο
1009 507 1397 578 συνενήνεκται
1444 503 1692 572 φύσεων,
1745 501 1882 556 ἀλλὰ
1915 503 2012 556 καὶ

433 598 549 670 εχει
595 599 799 664 ταύτας
848 601 906 653 ὲν
937 598 1112 670 ἑαυτῷ
1131 638 1146 663 ,
1204 600 1277 663 ὼς
1327 597 1387 663 ἒξ
1411 596 1590 651 αὐτῶν
1621 594 1976 667 συγκείμενος
1997 611 2011 626 ο

435 692 532 744 καὶ
585 690 704 744 ἔστι
777 691 835 744 δὲ
879 690 1056 745 ταῦτα
1106 692 1193 745 ἵνα
1241 690 1318 762 μὴ
1349 690 1423 754 ὡς
1452 687 1612 752 ἄλλος
1642 689 1700 740 ὲν
1730 687 1912 752 ἄλλοις

440 780 672 846 σώζεται
699 781 756 834 δὲ
789 781 887 835 καὶ
916 784 944 835 ὁ
971 781 1070 834 τοῦ
1100 782 1356 856 συνθέτου
1387 779 1570 849 λόγος.
1611 778 1669 833 '0
1698 774 1791 832 οὗν
1825 777 2012 848 βουλό-

440 889 602 943 μενος
655 872 830 926 ὀπίσω
878 873 980 942 τῆς
1015 873 1278 945 ἀληθείας
1309 872 1637 944 πορεύεσθαι
1663 873 1721 925 ὲν
1749 871 2013 942 ἁπλότητι

436 963 666 1034 καρδίας
687 1005 702 1028 ,
741 963 855 1034 ἔχει
886 963 983 1034 τὴν
1013 964 1272 1037 ἀλήθειαν
1303 962 1650 1034 ποδηγοῦσαν
1683 963 1846 1018 αὐτὸν
1866 1002 1882 1028 ,
1918 962 2015 1016 καὶ

437 1052 781 1126 χωρίζουσαν
814 1055 913 1125 τῆς
944 1057 1180 1126 ἀπάτης.

506 1145 579 1199 Σὺ
623 1143 709 1213 δὲ,
758 1145 1012 1216 ἄνθρωπε
1055 1145 1147 1200 τοῦ
1179 1143 1346 1211 Θεοῦ,
1401 1146 1797 1219 ἐστηριγμένος
1845 1147 1902 1199 δν
1943 1147 2010 1217 τῇ

441 1237 670 1308 ἀληθείᾳ
703 1237 804 1307 τῆς
836 1238 1094 1305 πίστεως,
1133 1236 1192 1304 ἐξ
1222 1238 1400 1292 αὐτῶν
1435 1239 1543 1292 τῶν
1565 1239 1806 1310 Σευήρου
1837 1238 2014 1308 λόγων

436 1327 532 1383 τοῦ
565 1330 828 1402 πολεμίου
870 1331 967 1402 τῆς
1003 1331 1332 1401 Ἐκκλησίας
1356 1370 1371 1394 ,
1423 1329 1744 1402 ἐπιστόμιζε
1776 1331 1901 1394 τοὺς
1937 1331 2012 1404 μὴ

439 1420 799 1492 βουλομένους
847 1423 1132 1492 ὁμολογεῖν
1199 1424 1294 1477 καὶ
1347 1422 1486 1494 μετὰ
1529 1422 1629 1494 τὴν
1672 1422 1868 1477 ἒνωσιν
1912 1421 2014 1487 τὰς

435 1513 529 1568 δύο
565 1513 755 1584 φύσεις
797 1513 892 1568 τοῦ
931 1514 1202 1586 Χριστοῦ,
1255 1513 1443 1579 κακῶς
1470 1514 1528 1567 δὲ
1565 1513 2014 1586 ἐκλαμϐάνοντας

438 1605 538 1677 τὴν
567 1606 750 1677 φωνὴν
784 1607 882 1678 τῆς
915 1609 1043 1677 μιᾶς
1072 1607 1289 1678 φύσεως
1316 1607 1411 1661 τοῦ
1441 1607 1576 1660 Θεοῦ
1604 1607 1778 1677 Λόγου
1811 1623 2012 1676 σεσαρ-

438 1697 727 1767 κωμένης,
781 1699 877 1752 καὶ
923 1699 983 1752 οὐ
1019 1698 1160 1752 κατὰ
1192 1698 1285 1752 τὸν
1323 1698 1596 1770 μακάριον
1623 1696 1918 1769 Κύριλλον,
1956 1697 2014 1762 ὃς

2123 507 2293 578 igitur
2317 505 2659 577 compositus
2684 514 2765 560 est
2785 504 3066 570 Christus,
3095 522 3204 562 non
3224 508 3400 562 solum
3427 525 3458 560 e
3485 512 3699 561 dtlaltm

2119 600 2338 654 naturis
2364 608 2602 664 constat,
2655 599 2750 654 sed
2794 610 2852 654 et
2903 599 3048 671 ipsas
3095 599 3148 655 in
3200 615 3258 655 se
3310 601 3494 662 habet,
3529 609 3589 654 ut
3633 617 3699 654 cx

2081 681 2191 748 -iis
2219 701 2478 748 constans
2498 711 2510 745 :
2529 701 2584 748 et
2611 692 2714 747 illa:
2743 701 2848 749 est.
2875 710 2942 747 ue
2963 695 3036 749 sit
3060 705 3120 749 ut
3139 695 3353 748 alienus
3389 693 3446 747 in
3471 693 3696 748 alienis:

2121 793 2374 840 servatur
2402 785 2567 839 etiam
2601 785 2892 855 compositi
2923 784 3222 852 ratio.'Qui
3269 782 3507 840 voluerit
3533 783 3700 853 igitur

2119 875 2340 931 veritati
2378 877 2432 929 in
2468 876 2818 946 simplicitate
2850 877 3035 932 cordis
3066 877 3374 940 adhaerere,
3408 875 3698 930 veritatem

2121 969 2321 1025 haheat
2366 968 2586 1033 ducem,
2638 977 2697 1022 et.
2734 969 2945 1024 erroris
2985 968 3333 1039 iugatricem.

2191 1145 2274 1201 Tu
2315 1161 2472 1213 vero,
2499 1143 2669 1200 homo
2724 1144 2847 1210 Dei,
2889 1144 3124 1200 veritate
3176 1143 3303 1198 ﬁdei
3353 1143 3595 1205 innixus,
3630 1157 3700 1195 ex

2121 1239 2256 1312 ipsis
2279 1238 2465 1294 verbis
2493 1237 2685 1294 Severi
2713 1237 3018 1293 Ecclesiam
3043 1235 3446 1307 impugnantis,
3473 1233 3698 1290 confuta

2121 1345 2218 1386 eos
2250 1329 2344 1401 qui
2381 1337 2505 1399 post
2553 1328 2816 1384 unionem
2865 1328 3008 1383 duas
3043 1325 3254 1382 Christi
3301 1334 3536 1380 naturas
3560 1338 3698 1378 con-

2120 1420 2265 1475 ﬁteri
2314 1421 2532 1482 nolunt,
2587 1420 2682 1475 sed
2731 1435 2900 1491 prave
2937 1425 3272 1490 usurpantes
3305 1431 3499 1472 vocem
3533 1414 3700 1470 unius

2119 1520 2334 1568 naturae
2365 1513 2466 1568 Dei
2515 1511 2682 1567 Verbi
2731 1512 3032 1576 incarnati,
3070 1519 3128 1567 et
3175 1525 3285 1565 non
3327 1508 3396 1564 ad
3453 1515 3695 1562 mentem

2118 1604 2264 1660 beati
2287 1603 2502 1675 Cyrilli,
2535 1603 2632 1674 qui
2663 1619 2728 1660 ea
2752 1619 2888 1659 voce
2933 1619 3067 1658 usus
3109 1610 3194 1658 est
3217 1600 3489 1656 adversus
3515 1598 3696 1652 [letam

2118 1695 2360 1752 Nestorii
2393 1695 2677 1752 unionem.
2721 1695 2842 1750 Non
2878 1695 3027 1750 enim
3059 1702 3382 1749 naturarum
3413 1689 3696 1747 excidium

437 1787 710 1860 ἐχρήσατο
760 1791 825 1861 τῇ
875 1792 1028 1860 φωνῇ
1069 1789 1247 1864 ταύτῃ
1285 1789 1426 1843 κατὰ
1458 1790 1557 1860 τῆς
1591 1790 1852 1861 σχετικῆς
1877 1787 2010 1843 ὲνὼο

2122 1797 2180 1844 ut
2205 1789 2615 1844 calumniantur
2648 1788 2946 1844 mendaces
2979 1799 3036 1844 et
3056 1789 3403 1852 seductores,
3437 1783 3532 1840 sed
3558 1797 3695 1837 con-

439 1897 578 1945 σεως
610 1881 931 1952 Νεστοριου.
982 1883 1058 1936 Οὐ
1089 1882 1199 1954 γὰρ
1230 1882 1316 1935 ἐπ’
1347 1883 1624 1954 ἀναιρέσει
1653 1881 1763 1936 τῶν
1788 1881 1884 1936 δύο
1908 1881 2012 1952 φύ-

2122 1879 2455 1952 iunctionem
2485 1879 2670 1950 potius
2699 1895 2890 1935 earum
2925 1879 3214 1936 conﬁrmat
3249 1875 3694 1936 substantialiter

440 1987 598 2038 σεων,
628 1971 704 2034 ὡς
729 1971 1068 2044 ληρῳδοῦσιν
1095 1973 1144 2025 οἱ
1170 1972 1487 2042 ψευδολόγοι
1515 1973 1611 2026 καὶ
1637 1974 2011 2042 φρεναπάται,

2122 1982 2171 2029 et
2201 1973 2340 2027 citra
2387 1973 2749 2028 mutationem
2780 1983 2946 2042 atque
2989 1973 3434 2028 imminutionem
3467 1969 3688 2028 factam.

437 2061 530 2114 ἐπὶ
581 2063 839 2117 συστάσει
887 2064 946 2117 δὲ
1004 2063 1206 2135 μᾶλλον
1255 2063 1440 2116 αὐτῶν
1504 2065 1600 2118 καὶ
1654 2064 1778 2118 κατ’
1818 2065 2012 2121 οὐσίαν

2122 2073 2179 2120 ut
2219 2073 2497 2120 testantur
2549 2065 2754 2136 scripta
2797 2066 2940 2131 ejus,
2989 2065 3226 2120 maxime
3275 2079 3409 2120 vero
3454 2059 3690 2133 epistola

436 2148 744 2220 ἁσυγχύτου
803 2152 898 2206 καὶ
948 2152 1223 2224 ἀτρέπτου
1284 2153 1382 2206 καὶ
1433 2152 2010 2224 ἀμειώτου³ἑνώσεως

2122 2155 2237 2226 ejus
2261 2154 2328 2210 ad
2363 2155 2657 2227 Eulogium
2679 2156 3128 2227 apocrisiarium,
3157 2165 3214 2213 et
3241 2155 3520 2211 Allocutio
3546 2156 3689 2224 ejus.

440 2242 639 2306 αὐτῶν,
672 2241 748 2305 ὡς
782 2244 1120 2315 μαρτυροῦσι
1149 2243 1218 2297 τὰ
1245 2245 1658 2317 συγγράμματα
1683 2245 1872 2312 αὐτοῦ,
1907 2247 2011 2317 μά-

2122 2249 2275 2320 cujus
2314 2249 2649 2321 principium
2697 2267 2712 2304 :
2749 2249 2868 2304 Non
2898 2251 3121 2306 admitto
3150 2250 3511 2304 commixtum.

437 2328 595 2385 λιστα
637 2333 694 2386 δὲ
741 2335 774 2402 ἠ
823 2335 960 2408 πρὸς
997 2336 1256 2405 Εὐλὸγιον
1319 2335 1412 2389 τὸν
1461 2337 1884 2409 ἀποκρισιάριον
1942 2339 2208 2412 ἐπιστολὴ
2244 2338 2432 2408 αὑτοῦ,
2481 2339 2578 2394 καὶ
2601 2341 2630 2395 ὁ
2658 2338 3117 2413 Προσφωνητικδς
3153 2335 3424 2407 αὑτοῦ,οἶ›
3448 2339 3480 2408 ἡ
3503 2334 3645 2407 ἀρχή
3672 2345 3686 2360 '

454 2423 600 2494 Ἐγὼ
629 2423 695 2478 τὸ
722 2425 1214 2498 συγκεκραμένον
1243 2429 1314 2484 οὺ
1339 2426 1754 2500 καταδέχομαι.

2093 2516 2191 2543 π..

1795 2571 1868 2608 .ﬂ
1937 2585 1970 2604 r
2035 2567 2208 2612 “'.(-
2312 2575 2318 2582 ’
