3970 6160
1532 721 1701 762 ANYU
1750 719 1974 763 DOMIVI
2023 721 2506 764 DXXVlI-DLXYI.

899 975 1976 1212 JUS'I‘INIANUS
2121 845 3165 1210 tutulum.

2005 1386 2078 1400 δ’

1761 1586 2308 1680 ΝΟΤΙΤΙΑ.

1159 1823 1338 1896 (Cava:
1372 1821 1572 1893 Script.
1604 1820 2077 1876 ecclesiasticarum
2108 1824 2326 1880 historia
2359 1825 2642 1892 litteraria,
2674 1844 2726 1898 p.
2766 1828 2915 1898 329.)

465 2267 547 2323 ιη.
581 2267 944 2332 J'ustinianus,
979 2274 1139 2338 gente
1173 2261 1448 2337 Illyricas,
1470 2261 1713 2318 Sahbatii
1741 2273 1798 2318 et
1834 2262 2110 2334 Biglinizm
2145 2264 2309 2331 ﬁlius,
2359 2265 2632 2333 Tauresii,
2668 2269 2830 2324 hodie
2865 2270 3229 2331 Achridunt’is
3263 2281 3323 2334 in
3368 2281 3650 2350 Dardania,

392 2372 555 2420 natus
581 2373 667 2419 est
698 2379 844 2419 anno
876 2363 1001 2419 483.
1031 2361 1378 2417 Avunculum
1431 2359 1623 2415 habuit
1652 2358 1928 2414 Iustinum
1965 2362 2268 2429 Augustum
2295 2401 2309 2424 ,
2368 2377 2397 2416 a
2429 2379 2536 2432 quo
2569 2364 2622 2418 in
2651 2364 2888 2421 Castello
2919 2369 3229 2428 Bederiano
3279 2392 3497 2433 summa
3527 2397 3655 2436 cura

391 2459 668 2514 educatus
696 2467 782 2513 est
803 2499 818 2523 ,
871 2468 930 2514 et
967 2457 1022 2512 in
1059 2455 1232 2510 ﬁlium
1261 2455 1578 2524 adeptatus.
1605 2451 1856 2507 Nondum
1889 2451 2186 2522 imperator
2207 2455 2552 2509 Theodoram
2581 2467 2704 2511 ortu
2729 2458 2984 2530 Cypriam
3017 2479 3245 2522 uxorem
3277 2470 3455 2534 duxit,
3497 2473 3649 2528 femi-

391 2568 519 2607 nam
555 2553 881 2608 insolentem
923 2562 980 2608 et
1009 2551 1365 2620 Eutychianaa
1393 2548 1586 2605 haeresi
1619 2547 1833 2619 perdite
1867 2547 2167 2604 addictam.
2207 2549 2364 2604 Anno
2393 2552 2516 2615 519,
2553 2569 2583 2606 a
2615 2553 2834 2609 Justino
2863 2557 3195 2627 imperatore
3214 2566 3475 2636 magister
3507 2567 3648 2622 mili-

396 2653 510 2699 tum
543 2645 720 2700 factus
751 2653 854 2708 est,
887 2644 1026 2700 et'in
1057 2643 1338 2699 Orientem
1369 2657 1496 2698 cum
1539 2642 1786 2696 exercitu
1809 2642 2030 2706 missus,
2066 2659 2179 2697 rem
2215 2653 2402 2698 contra
2434 2646 2627 2700 Persas
2659 2648 2797 2702 bene
2828 2653 3014 2719 gessit.
3045 2654 3204 2709 Anno
3234 2657 3358 2723 521,
3397 2659 3644 2715 consula-

397 2749 510 2793 tum
542 2739 720 2804 obiit;
774 2754 897 2792 mox
923 2738 1210 2808 patricius,
1235 2736 1436 2792 deinde
1468 2733 1846 2790 nobilissimus
1865 2749 1892 2801 ;-
1939 2751 2003 2791 ac
2060 2737 2278 2791 tandem
2312 2755 2456 2793 anno
2493 2741 2594 2794 527
2628 2781 2643 2802 ,
2713 2742 2970 2799 Kalendis
2996 2749 3308 2817 Aprilibus,
3369 2752 3640 2822 Augustus

394 2833 761 2896 renuntiatus,
787 2846 912 2885 cum
935 2831 1210 2884 avunculo
1243 2843 1472 2899 regnare
1501 2826 1669 2897 empit
1693 2843 1708 2891 ;
1735 2842 1846 2897 quo
1869 2827 2130 2882 defuncto
2162 2829 2419 2885 Kalendis
2450 2832 2678 2901 Augusti
2711 2835 2960 2903 ejusdem
2989 2845 3140 2902 anni,
3169 2839 3447 2910 imperium
3480 2841 3631 2894 dein-

393 2941 524 2993 ceps
552 2925 700 2979 solus
727 2926 924 2980 tenuit.
957 2925 1120 2978 Anno
1147 2924 1271 2988 528,
1303 2923 1547 2978 edictum
1579 2922 1970 2992 promulgavit,
2003 2939 2112 2992 quo
2138 2924 2494 2979 Nestorianos
2537 2935 2594 2981 et
2627 2928 3018 2997 Eutychianos,
3051 2942 3294 3000 tanquam
3339 2929 3618 2983 haereticos

390 3018 574 3088 prunis
603 3018 861 3073 civilibus
891 3019 1205 3072 multandos
1229 3017 1494 3082 decrevit,
1517 3015 1711 3076 eodem
1742 3024 1866 3086 post
1890 3015 2330 3086 quinquennium
2367 3028 2647 3072 renovato.
2679 3021 2838 3076 Anno
2871 3023 2992 3087 5M,
3017 3013 3288 3092 Origen’cm
3313 3023 3423 3092 ipse
3445 3019 3617 3076 edicto

393 3107 694 3181 damnavit,
731 3118 786 3163 et
821 3108 1008 3163 habita
1042 3123 1166 3162 mox
1215 3108 1318 3162 sub
1346 3107 1541 3162 Menna
1564 3107 1772 3178 synodo
1801 3105 2300 3176 Constantinopoli,
2340 3109 2492 3162 illum
2525 3126 2648 3164 cum
2686 3115 3051 3168 sectatoribus
3077 3114 3406 3168 anathemate
3429 3127 3624 3181 percu-

374 3176 640 3259 .tiendum
671 3205 906 3258 curavit.
946 3203 1104 3258 Anno
1133 3204 1256 3268 545,
1285 3203 1432 3258 edita
1466 3176 1883 3260 constitutione.
1915 3203 2020 3256 tria
2047 3201 2298 3273 Capitula
2330 3204 2631 3271 damnavit,
2655 3209 2802 3276 quod
2851 3218 2908 3264 et
2947 3219 3180 3264 exeunte
3214 3176 3469 3279 sequente
3494 3223 3634 3262 anno

393 3295 636 3366 synodus
656 3294 1268 3364 Constantinopolitana
1305 3293 1496 3348 itidem
1525 3293 1675 3349 fecit.
1705 3292 1865 3348 Anno
1897 3293 2020 3357 533,
2063 3294 2359 3348 concilium
2394 3298 2796 3352 tecumenieum
2827 3300 3302 3372 Constantinopoli
3335 3299 3640 3356 habendum

393 3389 592 3444 indixit
625 3408 637 3442 :
667 3389 722 3444 in
752 3405 863 3460 quo
909 3405 939 3445 a
970 3390 1247 3454 Patribus,
1277 3399 1336 3444 ut
1374 3390 1478 3444 tria
1512 3388 1764 3459 Capitula
1793 3387 2191 3442 damnarentur
2223 3390 2524 3458 postulavit
2577 3401 2634 3446 et
2682 3391 2927 3448 obtinuit
2958 3395 3197 3466 (Evagr.
3238 3397 3279 3450 l.
3315 3412 3387 3462 tv,
3438 3410 3488 3450 c.
3518 3394 3642 3464 '59).

392 3487 552 3540 Anno
586 3485 710 3550 565,
743 3485 1129 3540 fatiscentibus
1151 3500 1274 3540 cum
1307 3499 1538 3555 corpore
1569 3483 1739 3538 animi
1765 3483 1998 3545 viribus,
2035 3482 2105 3536 ab
2134 3483 2412 3540 haereticis
2442 3487 2773 3554 quibusdam
2807 3489 3050 3554 delusus,
3099 3490 3344 3545 edictum
3388 3490 3646 3555 condidit,

392 3593 504 3650 quo
526 3578 730 3634 Christi
765 3593 968 3648 corpus
994 3579 1111 3648 pari
1137 3577 1302 3632 modo
1326 3585 1452 3632 ante
1483 3592 1547 3632 ac
1573 3585 1696 3648 post
1728 3575 2195 3632 resurrectionem
2233 3577 2609 3645 corruptionis
2642 3586 2698 3631 et
2721 3581 3054 3634 naturalium
3085 3580 3442 3635 atleetionum
3465 3595 3650 3649 expers

393 3672 562 3728 fuisse
595 3673 821 3742 docuit;
858 3684 1028 3743 utque
1077 3671 1366 3728 sententiae
1411 3685 1524 3726 suae
1553 3686 1745 3725 omnes
1774 3669 2019 3740 episcopi
2065 3668 2504 3736 subscriberent,
2538 3673 2840 3729 mandavit.
2887 3675 3188 3744 Episcopus
3236 3674 3547 3730 Orientales
3589 3673 3652 3727 ad

392 3766 668 3823 Anastasii
699 3769 1034 3824 Antiocheni
1075 3767 1405 3824 sententiam
1439 3775 1806 3836 provocantes
1841 3764 2164 3835 gravissime
2195 3763 2424 3830 aﬂlixit;
2457 3766 2638 3836 ipsum
2684 3784 2819 3824 vero
2865 3769 3212 3823 Anastasium
3241 3779 3301 3824 et
3332 3768 3650 3842 Eutychium

393 3858 765 3928 patriarcham
803 3859 1480 3929 Constantinpulitanum
1503 3866 1825 3913 constanter
1855 3857 2198 3912 reluctantes
2220 3856 2447 3912 sedibus
2476 3859 2592 3914 suis
2614 3861 2952 3927 exturbavit,
2980 3869 3036 3915 et
3070 3860 3126 3914 in
3161 3861 3423 3916 exsilium
3456 3862 3624 3932 depor

394 3955 498 4009 tari
531 3955 718 4026 jussit.
745 3953 1075 4026 llujusmodi
1095 3953 1309 4009 deliriis
1328 3952 1594 4016 intentus,
1617 3952 1785 4007 rebus
1810 3951 2069 4006 humanis
2091 3960 2381 4022 exemptus
2398 3960 2483 4007 est
2505 3969 2652 4008 anno
2671 3955 2795 4020 565,
2819 3954 2910 4010 die
2945 3955 3010 4008 ιι
3033 3953 3395 4021 Novembris,
3415 3954 3657 4017 dierum,-

391 4045 599 4117 gloriae,
635 4053 692 4101 et
745 4046 1149 4116 triumphorum
1195 4055 1368 4101 satur.
1403 4045 1524 4099 Non
1559 4043 1790 4101 deerant
1821 4043 1977 4107 olim,
2009 4059 2111 4098 nec
2137 4042 2338 4098 desunt
2368 4043 2554 4110 hodie,
2589 4046 2684 4114 qui
2742 4046 2800 4100 in
2853 4045 3288 4100 sacratissimum
3317 4047 3651 4117 principem,

393 4153 502 4193 non
533 4137 714 4193 minus
741 4139 1012 4204 doctrina,
1044 4139 1273 4209 pietate,
1301 4153 1465 4208 quam
1495 4137 1744 4207 potentia
1765 4144 1822 4192 et
1848 4150 2035 4190 rerum
2067 4145 2344 4206 gestarum
2368 4137 2540 4207 gloria
2573 4139 2804 4204 clarum,
2841 4146 2954 4194 tota
2983 4138 3394 4194 calumniarum
3422 4147 3482 4195 et
3519 4155 3648 4194 cou-

389 4231 660 4287 viciorum
693 4235 936 4304 plaustra
969 4242 1294 4289 exonerant.
1328 4233 1502 4288 Nemo
1529 4248 1663 4288 vero
1697 4246 1940 4302 unquam
1969 4231 2232 4300 iniquiori
2275 4247 2507 4286 censura
2529 4274 2543 4296 ,
2575 4242 2632 4288 et
2661 4233 3052 4288 inverecundia
3085 4232 3249 4304 longe
3283 4233 3430 4289 infra
3465 4250 3655 4290 sumnn

390 4324 660 4396 principis
690 4336 918 4392 sortem,
945 4327 1006 4381 in
1037 4325 1463 4397 angustissimos
1487 4322 1784 4380 Justiniani
1817 4335 2006 4376 manes
2044 4319 2417 4375 debacchatus
2445 4315 2573 4383 cst,‘
2587 4335 2751 4390 quam
2786 4319 3081 4374 cardinalis
3102 4319 3384 4376 Baronius
3411 4326 3450 4388 ',
3482 4337 3662 4376 omnes

391 4419 446 4473 iu
483 4419 588 4474 hoc
609 4422 940 4492 eloquentia:
964 4435 1165 4476 nervos
1194 4418 1512 4482 intendens,
1547 4425 1608 4470 ut
1632 4432 1700 4471 ex
1733 4417 2064 4486 imperatore
2095 4428 2208 4467 non
2233 4413 2538 4478 hominem,
2573 4412 2668 4466 sed
2709 4412 2992 4466 diabolum
3046 4411 3211 4466 nobis
3237 4412 3556 4470 exhiberet.
3597 4409 3663 4469 [ι

391 4511 554 4566 ﬁdem
580 4511 796 4579 faciam,
830 4515 1082 4583 quaedam
1111 4510 1306 4567 lectori
1331 4511 1402 4564 ob
1439 4510 1631 4564 oculos
1667 4523 1894 4578 ponam.
1927 4525 1946 4558 ι
1982 4505 2128 4570 Fuit,
2165 4503 2368 4573 inquit,
2410 4503 2575 4556 homo
2619 4503 2842 4571 penitus
2876 4502 3232 4566 illitteratus;
3262 4505 3410 4558 adeo
3462 4512 3525 4558 ut
3571 4517 3666 4564 nec

389 4602 741 4672 alphabetum
782 4603 1084 4674 aliquando
1110 4601 1416 4656 didicisset.
1459 4598 1773 4668 Sacrilegus
1807 4597 2130 4664 imperator.
2169 4594 2264 4663 qui
2316 4609 2424 4646 non
2469 4593 2646 4646 levem
2674 4594 3120 4662 persecutionem
3159 4594 3458 4660 excitavit,
3491 4594 3668 4649 furore

388 4693 656 4762 percitus,
699 4704 882 4749 mente
916 4695 1182 4758 dimotus,
1218 4698 1518 4760 corruptus
1545 4688 1787 4759 maligno
1818 4686 2044 4756 spiritu,
2076 4684 2316 4755 agitatus
2350 4700 2378 4737 a
2411 4683 2630 4747 Sataua,
2667 4683 2871 4751 quique
2904 4698 3126 4738 omnem
3159 4684 3216 4737 in
3248 4684 3509 4742 Ecclesia
3561 4683 3669 4738 dis-

389 4786 556 4840 solvit
593 4787 871 4847 ordinem,
895 4787 1137 4854 iecitque
1169 4803 1240 4840 ex
1271 4798 1441 4854 regno
1469 4783 1737 4836 ccelorum
1765 4779 2106 4850 ergastulum
2137 4776 2443 4830 inferorum
2475 4773 2706 4842 (Annal.
2760 4774 2831 4828 ad
2871 4791 2964 4828 an.
3003 4775 3128 4839 551,
3157 4791 3320 4830 num.
3353 4777 3414 4843 5,
3455 4779 3519 4844 4;
3553 4776 3670 4835 528.

390 4877 678 4943 num.20;
709 4880 832 4942 555,
860 4896 1013 4934 num.
1047 4879 1228 4939 21).»
1295 4875 1550 4930 lutinitus
1580 4887 1760 4927 essem
1787 4911 1802 4936 ,
1872 4869 1918 4922 si
1978 4868 2164 4922 omnia
2225 4879 2635 4936 percurrerem.
2675 4862 2792 4918 Non
2845 4865 2980 4919 mihi
3038 4865 3094 4918 in
3140 4865 3334 4922 animo
3385 4879 3514 4936 est,
3559 4877 3674 4939 post

389 4967 712 5029 Guinetum,
737 4966 1096 5036 Ciphanium,
1134 4965 1479 5025 Trivorium,
1529 4962 1750 5016 Rivium
1797 4967 2128 5022 nostratem,
2157 4958 2442 5024 aliosque,
2498 4953 2703 5024 egregii
2745 4956 3016 5025 principis
3049 4956 3331 5013 vindicias
3381 4975 3569 5032 agere.
3603 4958 3674 5013 Dc

391 5061 610 5116 eximiis
632 5060 930 5114 Justiniani
956 5060 1256 5114 virtutibus
1287 5058 1511 5112 unicum
1542 5066 1637 5110 aut
1672 5056 1906 5108 alterum
1931 5061 2179 5106 veterum
2206 5049 2578 5105 testimonium
2604 5048 2905 5124 proferam.
2933 5051 3009 5104 De
3040 5049 3298 5106 doctrina
3321 5055 3456 5126 ejus
3487 5063 3546 5110 et
3571 5053 3676 5124 pie-

396 5159 506 5204 tate
536 5149 653 5202 hazc
677 5147 999 5216 ProcOpins,
1033 5148 1088 5201 in
1115 5147 1487 5202 Iustinianum
1523 5145 1704 5200 adhuc
1727 5157 1918 5213 aequus
1949 5142 2059 5211 (De
2085 5141 2222 5195 Bell.
2258 5140 2412 5196 Coth.
2453 5139 2494 5193 ι.
2525 5154 2618 5204 in;
2665 5139 2728 5192 de
2763 5139 2904 5209 a-dif.
2929 5139 3072 5194 Just.
3098 5141 3140 5196 ι.
3169 5141 3241 5211 ι).
3277 5142 3526 5201 Solitum
3557 5160 3674 5200 eum

394 5253 511 5297 tum
557 5241 731 5295 libros
763 5241 832 5295 de
859 5241 1025 5296 rebus
1053 5241 1261 5295 divinis
1307 5248 1533 5309 agentes
1560 5239 1949 5308 pervolutare,
2005 5246 2120 5290 tum
2143 5237 2210 5290 de
2239 5233 2438 5288 iisdem
2466 5231 2739 5300 colloquia
2777 5247 2903 5285 cum
2935 5233 3214 5302 episcopis
3239 5244 3298 5289 et
3331 5237 3678 5309 presbyteris

394 5339 450 5392 iu
479 5336 706 5390 multam
740 5343 958 5388 noctem
983 5334 1310 5403 pertrahere
1341 5350 1353 5384 :
1382 5333 1436 5386 in
1474 5347 1626 5386 more
1650 5333 1702 5386 ei
1728 5347 1948 5402 semper
1975 5331 2144 5385 fuisse
2168 5328 2359 5383 multis
2381 5336 2508 5380 ante
2536 5325 2742 5380 Pascha
2764 5325 2975 5381 dierum
3003 5327 3467 5388 hebdomadibus
3487 5346 3679 5403 corpus

393 5427 596 5499 vigiliis
625 5434 680 5480 et
711 5424 913 5479 inediis
938 5424 1227 5495 plusquam
1256 5423 1512 5476 asceticis
1538 5437 1838 5487 macerare,
1865 5421 2034 5476 semel
2067 5420 2121 5473 in
2146 5418 2318 5472 biduo
2350 5416 2534 5470 cibum
2565 5429 2782 5484 capere,
2817 5413 2968 5479 vino,
3002 5430 3143 5484 pane
3178 5418 3427 5490 aliisque
3458 5421 3681 5478 cibariis

464 5609 482 5630 θ
504 5605 678 5668 Hujus
711 5603 932 5656 critiees
971 5601 1274 5660 acrimonia
1307 5599 1588 5654 hominem
1625 5599 1984 5669 Anglicanam
2052 5595 2255 5666 prodit.
2288 5593 2561 5650 Ctetcrum
2599 5602 2874 5663 quatenus
2895 5591 3078 5650 Caveo
3123 5597 3565 5659 assentiendum
3590 5601 3690 5671 sit,f

389 5676 599 5745 j'ulicct
633 5676 807 5731 lector
837 5673 1108 5727 eruditus.
1148 5671 1298 5728 Eutr.
