3994 6140
469 217 570 284 951

1778 222 2210 284 tUSTtxuNt
2259 226 2414 301 IMP.

3648 245 3743 309 952

471 333 620 406 φῖιςῶν
656 327 780 388 εἶναι
824 340 915 388 τοῦ
963 334 1234 406 ἀσωμάτου
1281 334 1332 388 τὸ
1384 344 1570 412 om;
1629 333 1704 390 διδ
1753 343 1819 407 μή
1865 343 2042 409 γένοιτ(

2160 345 2264 392 tur.
2311 339 2368 402 Si
2413 356 2563 406 vero,
2589 341 2742 411 juxta
2785 343 3026 414 Origenis
3071 349 3516 429 blasphemiam,
3561 361 3740 422 enim

474 427 674 493 τούτοις
718 429 1048 501 Χριστιανοὺς
1095 427 1388 480 συνθέσθαι.
1439 427 1498 478 Εἰ
1536 423 1589 481 δὲ
1629 433 1762 484 κατὰ
1799 433 1888 486 τήν
1925 439 2061 504 Ὦρι-

476 517 644 587 γίνους
671 515 998 588 ’βλασφημίαν
1039 525 1385 590 προϋπῆρχον
1429 517 1481 572 αἱ
1521 515 1714 590 ψυχαί,
1744 523 1830 574 καί
1872 519 1959 575 διὰ
2001 522 2058 575 τὸ

473 605 774 682 ἆμαρτῆσαε
811 609 974 667 αὐτάς
1019 611 1262 682 τιμωρίας
1292 609 1448 682 χάριν
1474 611 1547 670 εἰς
1571 611 1636 664 τά
1668 611 1886 680 σώματα
1913 599 2090 665 κατε-’

468 700 877 771 πέμφεησανᾶνα
897 698 1240 754 παιδευθεῖσαι
1266 705 1684 774 σωφρονήσωσιν,
1710 703 1872 777 ἐχρῆν
1897 703 2059 767 αὐτάς

469 791 645 861 μηκέτι
674 790 996 864 ἁμαρτάνειν
1023 794 1068 846 εἰ
1087 793 1186 866 γάρ
1216 791 1344 866 πρὸς
1365 792 1563 846 κόλασιν
1586 800 1648 866 τῇ
1677 791 1829 864 ψυχῇ
1853 791 1934 852 διὰ
1963 800 2054 852 τήν

465 881 720 956 ἁμαρτίαν
750 879 888 940 ἑδόῦη
918 883 974 936 τὸ
1017 889 1190 951 σῶμα,
1227 885 1362 937 ὥστε
1407 885 1562 943 αὐτὴν
1599 882 1908 953 ὀδυνωμένην
1933 907 2056 940 παι·

466 969 699 1030 διυθῆναι
725 973 854 1046 πρὸς
876 973 934 1027 τὸ
962 977 1111 1044 τιμᾷν
1140 975 1226 1028 τὸν
1249 975 1388 1038 Θεὸν,
1413 981 1524 1034 πῶς
1551 983 1789 1050 συνεργεί
1819 979 1905 1028 καί
1933 997 2058 1029 συν-

463 1066 758 1133 αγωνίζεται
799 1067 926 1138 αὐτῇ
969 1066 1028 1118 τὸ
1068 1073 1220 1138 σῶμα
1256 1067 1386 1139 πρὶς
1425 1069 1482 1120 τὸ
1527 1067 1855 1142 ἁμαρτάνειν,
1885 1065 1912 1122 ὃ
1947 1077 2056 1129 τοῖς

461 1157 808 1229 ιιολαζομίνοις
851 1158 1044 1228 γίνεται
1087 1153 1192 1227 [ἵσ.
1219 1159 1276 1212 οὔ
1311 1153 1766 1242 γίνεταιῂΔεσμοί
1807 1160 1928 1234 γὰρ,
1975 1162 2056 1214 καί

462 1245 702 1316 φυλακαί,
747 1247 829 1298 καί
871 1245 1050 1307 πέδαι,
1101 1249 1183 1300 καί
1213 1245 1472 1317 συντόμως
1512 1251 1698 1312 εἰπεῖν,
1731 1248 1796 1302 τά
1841 1256 2055 1304 τοιαῦτα

466 1324 697 1406 ipsumsi
733 1341 826 1389 τοῦ
875 1334 1088 1397 ἀδικεῖν,
1120 1339 1205 1390 καί
1237 1343 1322 1390 τοῦ
1363 1335 1668 1412 ἁμαρτάνειν
1705 1344 1814 1398 τοῖς
1857 1339 2056 1404 κολαζο-

461 1428 624 1497 μένοις
647 1428 884 1505 γίνονται.
912 1431 982 1482 Οὔ
1000 1430 1100 1502 γὰρ
1126 1425 1266 1488 ὅπως
1285 1428 1309 1481 6
1325 1428 1632 1502 ἁμαρτήσας
1655 1431 1802 1484 πλέον
1824 1430 2049 1507 ἁμάρτῃ,

459 1507 704 1591 συνεργὸς
749 1521 890 1590 αὐτῷ
931 1521 1062 1593 πρὸς
1106 1525 1196 1578 τήν
1241 1518 1492 1599 ἁμαρτίαν
1535 1520 1562 1574 ὁ
1601 1519 1790 1590 δεσμὸς
1835 1521 2048 1590 δίδοται,

461 1607 732 1670 ἀλλ’ὅπως
777 1610 1043 1666 παύσηται
1088 1616 1176 1664 τοῦ
1219 1608 1525 1682 ἁμαρτάνειν
1573 1608 1656 1674 διὰ
1705 1617 1806 1664 τῶν
1853 1609 2052 1683 δεσμῶν

2159 429 2590 496 prmexistebant,
2634 447 2697 488 ac
2725 433 2777 487 in
2817 450 3030 504 poenam
3061 450 3412 510 peccatorum
3444 463 3666 506 suorum
3695 456 3739 511 in

2153 505 2388 586 corpora
2415 518 2660 576 demissa:
2701 535 2844 593 sunt,
2895 535 2953 582 ut
2995 505 3288 594 emendatae
3335 537 3736 614 resipiscerent,

2159 622 2252 662 eas
2301 611 2586 680 oportebat
2613 614 2841 683 amplius
2881 633 2987 672 non
3025 635 3267 688 peccare.
3310 625 3457 680 Nam
3487 630 3534 683 si
3561 611 3738 704 corpus

2156 698 2339 754 datum
2381 709 2464 754 est
2493 702 2684 757 animae
2724 705 2776 759 in
2807 709 3122 776 supplicium
3153 723 3382 782 propter
3413 698 3671 788 peccata,
3689 733 3738 778 ut

2156 789 2434 846 doloribus
2477 795 2856 851 emendaretur
2906 800 2972 854 ad
3025 802 3500 862 bonorilicandum
3553 811 3727 881 Deum,

2157 880 2428 949 quomodo
2453 897 2564 950 cor,
2587 899 2648 940 us
2675 899 2794 938 eam
2827 887 3045 957 adjuvat
3071 899 3126 945 et
3172 895 3507 956 corroborat
3528 899 3596 958 ad
3619 880 3733 971 pec-

2157 968 2408 1036 eandem,
2441 973 2583 1041 quod
2617 973 2680 1028 iis
2705 976 2796 1044 qui
2821 991 2978 1044 paena
3005 979 3330 1050 afﬁciuntur,
3367 1002 3481 1042 non
3523 968 3732 1049 evenit?

2155 1055 2376 1114 Vincula
2409 1061 2572 1129 enim,
2616 1079 2880 1132 carceres,
2927 1074 3235 1142 compedes,
3269 1091 3352 1142 ac,
3410 1087 3472 1134 ut
3511 1081 3730 1140 breviter

2143 1145 2349 1228 dicam,
2399 1154 2578 1206 omnia
2609 1158 2894 1223 ejusmodi,
2941 1161 3248 1232 iniquitates
3277 1176 3334 1222 et
3380 1180 3605 1238 peccata
3643 1190 3728 1230 eo-

2155 1252 2272 1290 rum
2319 1241 2592 1310 cohibent,
2647 1246 2738 1314 qui
2781 1247 2892 1316 jam
2923 1266 3111 1320 pcenas
3157 1255 3334 1311 luunt.
3379 1258 3497 1315 Nec
3540 1271 3598 1316 ut
3641 1267 3722 1333 qui

2157 1329 2414 1397 peccarit,
2460 1333 2689 1402 amplius
2729 1347 2948 1406 peccet,
3001 1343 3207 1398 vincula
3238 1346 3288 1401 ei
3321 1348 3598 1406 adduntur
3619 1329 3724 1422 quae

2155 1417 2220 1470 ad
2241 1421 2570 1488 peccandum
2596 1424 2887 1494 adjuvent;
2917 1429 3013 1485 sed
3045 1442 3102 1486 ut
3132 1435 3472 1500 vinculorum
3501 1417 3722 1499 cruciatu

2154 1524 2384 1578 peccare
2413 1511 2654 1569 desistat.
2689 1515 2866 1582 Quare
2895 1523 3238 1592 perspicuum
3268 1537 3376 1593 est,
3417 1547 3526 1586 non
3553 1534 3616 1588 ad
3643 1550 3721 1589 su-

2156 1599 2425 1667 periorum
2449 1615 2790 1670 peccatorum
2815 1609 3238 1680 castigationem,
3264 1625 3320 1669 ut
3350 1618 3428 1672 illi
3454 1633 3716 1690 angantur,

459 1699 873 1771 βασανιζόμενος.
904 1696 1148 1776 Πρόδηλον
1176 1701 1363 1762 τοίνυν,
1398 1695 1478 1752 ὅτι
1503 1699 1560 1752 οὗ
1591 1697 1673 1778 διά
1700 1702 2042 1774 σωφρονισμὸν

2155 1690 2471 1758 corporibus
2499 1693 2762 1749 immissas
2808 1711 2928 1752 esse
2960 1701 3204 1768 animas;
3249 1705 3349 1760 sed
3378 1708 3538 1764 simul
3567 1709 3715 1768 Deum

459 1790 825 1865 προλαϐουσῶν
849 1791 1106 1867 ἁμαρτιῶν
1131 1797 1234 1851 τοῖς
1261 1793 1492 1861 σώμασιν
1515 1791 1843 1850 memoriam.
1869 1793 1920 1846 αἱ
1947 1792 2049 1863 ψυ-

461 1869 563 1958 χαί
586 1885 715 1937 κατά
743 1886 862 1942 τοὺς
893 1885 1085 1936 ἐκείνων
1109 1883 1314 1951 λήρους,
1348 1883 1473 1938 ἀλλὰ
1503 1887 1630 1939 avrai
1656 1887 1843 1939 ταυτὸν
1872 1885 1896 1939 6
1925 1888 2049 1947 Θεὸς

458 1972 516 2026 τό
537 1994 592 2027 τε
619 1980 787 2046 σῶμτ,
805 1977 894 2032 τήν
915 1994 968 2029 τε
992 1973 1192 2046 ψυχήν,
1216 1977 1455 2030 τουτὲστι
1476 1977 1660 2032 τέλειον
1688 1977 1772 2032 τὸν
1799 1975 2048 2057 ἄνθρωπον

457 2062 872 2145 ζδημιοὺργησεν.
899 2065 1040 2122 Ὀθεν
1066 2075 1164 2122 τῶν
1192 2067 1276 2122 διά
1305 2073 1396 2123 τοῦ
1422 2071 1663 2134 σώματος
1686 2072 1800 2138 ἡμῖν
1824 2092 2048 2148 πεπραγ-

458 2157 636 2228 μένων,
666 2155 763 2212 εἴτε
793 2159 989 2226 ἀγαθῶν
1007 2197 1021 2221 ,
1055 2156 1152 2212 εἴτε
1179 2158 1398 2230 φαύλων,
1430 2163 1517 2217 τὴν
1555 2159 1895 2243 ςὶνταπόδοσιν
1923 2163 2046 2215 άνκ-

458 2247 687 2315 μένομεν.
717 2252 874 2301 Τοῦτο
912 2248 1010 2322 γάρ
1055 2250 1176 2318 ἡμῖν
1219 2245 1566 2324 παραδίδωσιν
1602 2253 1685 2303 καὶ
1709 2249 1734 2304 6
1761 2250 1888 2310 Θεῑος
1913 2251 2047 2305 ἀπό-

459 2335 639 2404 στολος
679 2337 888 2399 Παῦλος,
919 2337 1102 2408 λέγων’
1137 2353 1156 2387 ι
1179 2333 1297 2390 Ὀτι
1327 2338 1521 2398 πάντας
1549 2340 1681 2408 ἡμᾶς
1705 2341 2046 2415 φανερωθῆναι

459 2427 541 2489 δεῖ
561 2427 850 2504 ἔμπροσθεν
875 2435 964 2484 τοῦ
995 2430 1224 2499 βήματος
1257 2436 1342 2484 τοῦ
1381 2435 1623 2506 Χριστοῦ,
1650 2431 1734 2484 ἶνα
1776 2433 2045 2498 κομίσηται

460 2518 678 2579 ἕκαστος
701 2523 768 2574 τὰ
797 2519 879 2575 διὰ
903 2527 995 2576 τοῦ
1025 2523 1266 2589 σώματος
1311 2523 1440 2594 πρὸς
1465 2521 1496 2574 ἃ
1517 2519 1757 2595 ἔπραξεν,
1791 2520 1889 2577 εἴτε
1919 2525 2045 2594 ἀγα-

460 2610 562 2673 θὸν,
581 2608 678 2666 εἴτε
696 2613 899 2682 φαῦλον.
912 2615 1097 2689 »Προσέ
1103 2633 1218 2684 χειν
1235 2617 1396 2668 τοίνυν
1417 2611 1496 2667 δεῖ
1507 2623 1614 2674 τοῖς
1635 2621 1726 2668 τοῦ
1736 2612 2041 2671 ’Δποστὸλου

460 2701 692 2774 ῥήμασιν.
721 2700 803 2756 ὅτι
830 2704 918 2756 οὐκ
946 2699 1054 2756 εἷπε
1079 2703 1366 2776 κομίζεσθαι
1384 2701 1485 2757 δεῖν
1504 2706 1590 2758 τὶν
1611 2705 1892 2780 κρινόμενον
1911 2707 2042 2778 πρὸς

461 2789 497 2856 ἃ
525 2787 717 2864 ἔπραξε
739 2792 841 2867 πρὸ
867 2799 956 2847 τοῦ
981 2795 1238 2862 σώματος.
1257 2795 1314 2847 Ei
1342 2791 1394 2848 δὲ
1419 2794 1501 2848 ἐπὶ
1525 2794 1689 2866 μόνοις
1714 2803 1821 2854 τοῖς
1846 2793 1931 2850 διὰ
1949 2803 2040 2851 τοῦ

463 2883 702 2951 σώματος
737 2882 994 2946 κολάζεται
1036 2879 1298 2956 ἅνθρωπος
1341 2885 1486 2960 παρά
1529 2891 1621 2938 τοῦ
1656 2889 1910 2960 κρίνοντος
1951 2891 2040 2946 τήν

462 2979 584 3043 γῆν,
625 2969 655 3029 ἧ
694 2980 784 3033 τῆς
826 2969 1039 3032 δεούσης
1076 2974 1301 3036 ἀξιοῦται
1338 2981 1515 3042 τιμῆς,
1545 2978 1708 3044 μνήμη
1747 2973 1798 3029 δὲ
1836 2975 2041 3046 οὐδεμία

2152 1790 2207 1837 et
2231 1797 2427 1854 corpus
2470 1794 2526 1840 et
2564 1787 2816 1854 animam,
2862 1789 2914 1844 id
2955 1804 3056 1854 est,
3107 1795 3412 1864 perfectum
3440 1802 3713 1871 hominem,

2149 1874 2466 1932 fabricatum
2495 1895 2634 1936 esse.
2665 1881 2849 1950 Itaque
2879 1899 3064 1938 eorum
3094 1901 3213 1955 qua:
3240 1903 3340 1956 per
3364 1906 3562 1962 corpus
3583 1909 3608 1947 a
3631 1910 3714 1950 no-

2147 1965 2230 2020 bis
2257 1976 2404 2035 gesta
2433 1977 2575 2035 sunt,
2603 1971 2716 2025 sive
2736 1971 3022 2040 bonorum,
3046 1977 3159 2032 sive
3187 1979 3476 2046 malorum,
3504 1987 3710 2039 retribu-

2149 2056 2350 2112 tionem
2377 2069 2786 2130 exspectamus;
2817 2063 2922 2120 hoc
2949 2067 3090 2120 enim
3115 2070 3270 2124 nobis
3301 2074 3474 2128 tradit
3505 2082 3558 2130 et
3589 2077 3708 2132 divi-

2147 2163 2250 2202 nus
2277 2151 2554 2218 apostolus
2584 2149 2783 2207 Paulus
2821 2153 3004 2210 dicens
3029 2174 3042 2209 :
3096 2154 3288 2214 Omnes
3319 2165 3457 2216 enim
3483 2183 3576 2219 nos
3601 2182 3704 2220 «ta-

2147 2239 2386 2310 nifestari
2405 2250 2602 2310 oportet
2623 2252 2744 2298 ante
2763 2245 2990 2300 tribunal
3013 2247 3223 2315 Christi,
3261 2261 3318 2304 ut
3347 2257 3536 2326 refernt
3559 2273 3704 2310 unus-

2145 2331 2355 2401 quisque
2400 2346 2462 2386 θα
2486 2347 2598 2402 qua:
2624 2349 2716 2402 per
2762 2349 2945 2405 corpus
2991 2347 3142 2405 prout
3170 2343 3329 2410 gessit
3373 2345 3476 2398 sive
3507 2350 3696 2411 bonum,

2144 2421 2249 2474 sive
2281 2419 2470 2474 malum
2486 2421 2572 2496 (11
2585 2421 2800 2493 Conv).
2842 2424 3176 2481 Atlendenda
3201 2443 3328 2498 ergo
3349 2441 3470 2488 sunt
3489 2435 3698 2502 apostoli

2145 2512 2350 2577 verba;
2401 2527 2504 2568 nec
2530 2514 2674 2568 enim
2703 2514 2856 2582 dixit,
2904 2527 3158 2588 oportere
3204 2523 3445 2592 recipere
3473 2540 3586 2580 eum
3611 2527 3692 2596 qui

2139 2600 2428 2670 judicatur,
2481 2611 2638 2674 prout
2683 2606 2850 2674 gessit
2878 2615 3002 2662 ante
3030 2625 3246 2679 corpus.
3294 2614 3351 2667 Si
3393 2630 3516 2669 vero
3547 2616 3613 2670 ob
3633 2631 3691 2670 ea

2143 2693 2256 2748 sola
2285 2707 2402 2761 qum
2432 2710 2528 2765 per
2554 2711 2750 2767 corpus
2776 2697 2939 2753 homo
2968 2701 3148 2767 gessit,
3199 2704 3268 2758 ab
3305 2720 3367 2760 eo
3393 2707 3478 2774 qui
3507 2717 3686 2761 terram

2136 2785 2360 2854 iudicat,
2393 2789 2476 2842 vel
2505 2803 2662 2858 poma
2687 2788 2934 2856 allicitur,
2965 2797 3048 2847 vel
3085 2797 3277 2851 merito
3305 2799 3540 2867 priexuio;
3571 2797 3684 2853 nul-

2143 2876 2301 2947 laque
2363 2878 2566 2934 mentio
2614 2877 2708 2934 ﬁat
2754 2889 2878 2935 ante
2924 2881 3272 2939 admissorum
3314 2893 3674 2954 peccatorum:

2139 2969 2478 3040 perspicuum
2507 2977 2612 3038 est,
2661 2973 2867 3027 animas
2895 2982 3021 3029 aute
3051 2990 3270 3046 corpora
3310 2993 3408 3031 non
3447 2990 3573 3030 esse.
3615 2973 3668 3030 Si

461 3063 868 3139 προγενεστέρων
906 3063 1314 3149 ἁμαρτημάτων,
1355 3063 1498 3134 δῆλον
1543 3063 1624 3121 ὅτι
1665 3068 1719 3120 οὐ
1763 3071 2036 3148 προϋπάρ-

2143 3064 2281 3118 enim
2328 3066 2752 3140 prazexisterent,
2800 3067 3024 3122 dixisset
3062 3068 3355 3138 Apostolus,
3401 3076 3666 3149 gestatum

462 3175 625 3225 χουσι
649 3162 749 3210 τῶν
769 3158 1018 3231 σωμάτων
1037 3157 1088 3221 αἱ
1109 3155 1306 3227 ψυχαί⁶
1332 3161 1377 3212 εί
1397 3159 1492 3234 γὰρ
1516 3166 1875 3236 προϋπῆρχον,
1903 3158 2040 3218 εἶπεν

462 3235 522 3320 ᾇν
549 3244 576 3300 6
597 3245 747 3306 ’Δπὸο
759 3247 919 3310 τολος,
949 3249 1126 3322 ὥσπερ
1169 3249 1237 3304 τά
1265 3247 1348 3302 διὰ
1377 3254 1466 3301 τοῦ
1513 3252 1771 3318 σώματος,
1795 3251 1929 3306 οὕτω
1959 3257 2042 3307 καί

459 3337 528 3390 τὰ
560 3338 660 3410 πρὸ
696 3343 788 3392 τοῦ
826 3339 1080 3410 σώματος.
1115 3333 1230 3392 Ὀτι
1259 3336 1310 3392 δέ
1341 3339 1393 3392 αί
1423 3344 1524 3394 τῶν
1561 3340 1833 3414 ἀνθρώπων
1865 3341 2048 3412 ψυχαί

459 3429 628 3502 νοεραί
663 3448 738 3492 τε,
762 3431 845 3482 καί
889 3428 1084 3500 λογικαί
1123 3429 1468 3501 τυγχάνουσι,
1494 3437 1592 3486 τῶν
1635 3431 2040 3506 ὁμολογουμένων

459 3515 616 3569 ἐστίν’
654 3513 780 3592 ὅπερ
807 3515 918 3572 οὖδέ
946 3521 1063 3578 τοὺς
1102 3521 1386 3592 Ὦριγένους
1429 3522 1873 3590 ἀντιποιουμένους
1897 3528 2039 3594 νομί-

459 3607 604 3677 ζομεν
643 3607 994 3682 ἀπαρνεῖσθαι.
1045 3611 1364 3664 Εἰπάτωσαν-
1389 3615 1556 3665 το”νυν
1579 3613 1623 3664 οἱ
1650 3614 1716 3666 τὰ
1757 3616 2040 3690 Ὠριγένους

458 3681 578 3774 γρου
611 3681 779 3759 iures"
821 3701 873 3754 at’
901 3699 1078 3770 ψυχαί
1110 3702 1298 3762 αὐτῶν,
1331 3699 1430 3774 εἴγε
1470 3699 1572 3775 ἄρα
1615 3705 1770 3764 καθὼς
1808 3704 2036 3777 λέγουσι,

457 3800 800 3866 προϋπῆρχον
828 3800 927 3848 τῶν
961 3795 1231 3862 σωμάτων,
1262 3795 1378 3872 πρίν
1399 3793 1428 3853 ἦ
1459 3795 1507 3848 ἐν
1533 3804 1643 3855 τοῖς
1671 3799 1906 3866 σώμασιν
1930 3804 2040 3854 εἰσ·

456 3876 663 3936 ἔλθωσιν
686 3923 699 3942 ,
741 3884 789 3935 ἐν
833 3886 954 3956 ποίᾳ
1011 3885 1146 3947 τάξει
1185 3883 1456 3958 ὑπῆρχον,
1495 3885 1524 3945 ἧ
1557 3889 1608 3940 τί
1649 3885 2035 3962 διεπράττοντος

456 3972 618 4040 ἐχρῆν
645 3972 746 4042 γάρ
776 3972 932 4032 αὐτάς
960 3969 1138 4039 εἷδέναι
1162 3980 1262 4028 ποῦ
1285 3971 1434 4038 ἦσαν,
1466 3977 1510 4028 εἰ
1534 3984 1792 4050 προῆσαν,
1819 3981 1902 4031 καί
1927 3988 2039 4040 πῶς

455 4058 670 4130 ενταῦθα
699 4063 1047 4136 παρεγένοντο.
1082 4068 1140 4118 Εἰ
1169 4063 1221 4134 δὲ
1248 4071 1400 4120 τοῦτο
1430 4068 1604 4127 αὐτοῖς
1635 4069 1900 4140 ἀμήχανόν
1925 4068 2040 4127 ἔστι

455 4150 633 4223 λέγειν,
661 4157 730 4214 ὡς
775 4165 867 4214 τῆς
909 4155 1141 4216 ἀληθείας
1183 4160 1251 4229 μή
1287 4155 1464 4221 φδσης,
1490 4156 1638 4216 δῆλον
1677 4158 1758 4216 ὅτε
1796 4165 1945 4236 μῦθοι
1973 4168 2038 4220 τά

454 4244 762 4307 κατάὐτοὶς
791 4248 1141 4319 ὑπάρχουσιν.
1177 4245 1326 4330 Ἴσως
1356 4248 1408 4304 δέ
1439 4252 1661 4326 ἐροῦσιν⁹
1698 4251 1780 4307 ὅτι
1822 4256 1950 4324 μετὰ
1979 4257 2038 4312 τὸ

455 4336 688 4390 εἴσελθεῖν
726 4341 820 4397 τὰς
847 4337 1028 4413 ψυχάς
1054 4339 1101 4394 ἐν
1131 4346 1236 4400 τοῖς
1263 4341 1488 4409 σώμασι,
1517 4341 1628 4396 τότε
1657 4339 1898 4398 δύνανται
1925 4344 2038 4400 δια-

2142 3167 2239 3222 per
2263 3168 2476 3223 corpus,
2509 3161 2621 3208 tum
2648 3164 2771 3210 ante
2797 3171 3008 3226 corpus.
3051 3158 3268 3214 Animas
3285 3175 3402 3214 vero
3419 3148 3676 3214 hominum

2141 3245 2490 3312 intelligentia
2520 3253 2576 3300 et
2596 3247 2806 3306 ratione
2829 3249 2924 3313 uti,
2955 3249 3008 3304 in
3038 3251 3284 3309 confesso
3311 3261 3390 3309 est
3415 3269 3428 3317 ;
3457 3251 3589 3319 quod
3615 3263 3675 3307 ne

2139 3347 2236 3388 eos
2263 3333 2480 3401 quidem
2511 3349 2706 3402 negare
2749 3346 3014 3406 putamus,
3045 3341 3137 3408 qui
3167 3349 3378 3396 tuentur
3399 3341 3674 3409 Origenem.

2139 3423 2330 3479 Dicant
2353 3426 2514 3494 igitur
2539 3429 2628 3496 qui
2657 3444 2778 3484 cum
2799 3427 3028 3498 Origene
3050 3435 3287 3490 sentiunt
3311 3455 3322 3488 :
3353 3436 3530 3506 anima:
3549 3437 3673 3505 ipso-

2141 3529 2258 3569 rum
2289 3509 2594 3588 (siquidem,
2621 3528 2678 3573 ut
2706 3531 3032 3589 asseverant,
3063 3533 3188 3580 ante
3215 3541 3439 3597 corpora
3467 3524 3676 3589 fuerunt)

2139 3605 2452 3676 priusquam
2473 3609 2524 3662 in
2543 3610 2654 3678 ipsa
2675 3611 3098 3678 ingrederent::r,
3123 3630 3230 3684 quo
3251 3616 3302 3670 in
3329 3617 3506 3671 ordine
3525 3621 3676 3675 erant,

2143 3704 2234 3748 aut
2262 3697 2390 3765 quid
2417 3699 2690 3765 agebant?
2717 3697 2965 3770 Oportuit
2993 3703 3136 3758 enim
3165 3719 3278 3771 eas,
3305 3706 3353 3760 si
3383 3717 3501 3760 ante
3525 3711 3676 3767 erant,

2141 3785 2302 3852 scire,
2346 3801 2452 3855 quo
2481 3788 2604 3843 loco
2633 3798 2834 3858 essent,
2879 3801 2972 3847 aut
3015 3797 3284 3866 quomodo
3323 3797 3427 3852 huc
3463 3793 3680 3850 advenis—

2141 3886 2298 3938 sent;
2339 3878 2420 3934 sin
2467 3879 2570 3936 hoc
2601 3881 2744 3936 nulla
2775 3885 2982 3940 ratione
3023 3895 3247 3954 possunt
3275 3889 3452 3949 dicere
3481 3887 3611 3966 (nam
3638 3884 3679 3938 id

2142 3985 2326 4024 verum
2365 3988 2469 4026 non
2500 3972 2626 4044 est),
2651 3985 2896 4044 apertum
2927 3987 3009 4032 est
3045 3993 3140 4034 eos
3169 3979 3376 4034 fabulas
3401 3981 3584 4060 dicere.
3625 3976 3682 4029 At

2141 4059 2369 4116 fortasse
2397 4061 2594 4127 dicant,
2647 4065 2853 4119 animas
2891 4075 3172 4138 postquam
3202 4085 3432 4139 corpora
3461 4059 3681 4135 ingressae

2140 4163 2282 4218 sunt,
2315 4161 2425 4208 tum
2455 4153 2759 4210 discernere
2799 4172 2954 4226 posse
2997 4165 3052 4213 et
3090 4173 3422 4226 cognoscere
3449 4175 3558 4229 qua:
3583 4171 3608 4210 a
3634 4170 3682 4208 se

2141 4253 2416 4313 geruntur.
2443 4243 2500 4299 Si
2528 4245 2630 4300 hoc
2655 4245 2852 4314 dicent,
2885 4263 2951 4302 ex
2974 4263 3158 4302 eorum
3183 4250 3328 4304 inani
3351 4248 3682 4319 disputatione

2140 4335 2420 4400 eﬂicietur,
2452 4344 2509 4389 ut
2537 4351 2736 4406 corpus
2769 4338 2885 4406 plus
2929 4339 3084 4407 pretii
3116 4347 3277 4408 atque
3303 4341 3521 4396 honoris
3546 4351 3683 4408 quam

455 4432 638 4501 κρίνειν
672 4451 746 4494 τε,
782 4433 860 4484 καί
886 4434 1148 4504 γινώσκειν
1175 4433 1241 4489 τὰ
1268 4433 1590 4505 πραττόμενα
1630 4434 1757 4509 παρ’
1777 4436 1968 4490 αὐτῶν·
1991 4439 2035 4490 εἰ

2143 4425 2312 4478 anima
2346 4425 2576 4490 habeat;
2627 4429 2770 4502 quod
2795 4427 2842 4481 ei
2874 4427 2926 4480 in
2957 4427 3200 4483 benelicii
3229 4429 3354 4484 loco
3383 4429 3472 4484 det
3511 4424 3682 4482 intelli-

455 4512 508 4592 δέ
531 4526 682 4576 τοῦτο
706 4518 934 4586 εἴπωσιν,
970 4523 1258 4596 εὑρίσκεται
1293 4523 1350 4579 τὸ
1379 4529 1528 4592 σῶμα
1554 4525 1683 4578 κατά
1709 4528 1829 4586 τοὺς
1867 4529 2034 4582 αὐτῶν

453 4616 696 4684 ματαίους
715 4615 896 4684 λόγους
917 4617 1213 4688 τιμιώτερον
1237 4622 1328 4676 τῆς
1354 4613 1556 4685 ψυχῆς,
1588 4610 1670 4671 οἶα
1692 4621 2032 4690 χαριζόμενον

453 4706 576 4774 φῖ.τῇ
611 4704 668 4757 τὸ
701 4700 880 4776 γοεράν
901 4721 978 4764 τε,
1010 4705 1089 4756 καὶ
1109 4703 1304 4774 λογικήν
1344 4704 1587 4775 γενέσθαι·
1622 4704 1744 4758 ἀλλὰ
1783 4706 1839 4760 τὸ
1873 4707 2030 4778 λέγειν

453 4799 597 4846 τοῦτο
624 4814 665 4846 π
689 4792 798 4852 ’σης
827 4793 961 4846 ἐστὶν
990 4795 1182 4856 ἀνλίας,
1218 4796 1304 4845 καὶ
1333 4794 1550 4852 ἀτοπίας
1574 4794 1776 4863 μεστόν.
1811 4802 1950 4850 Διατί
1978 4797 2030 4852 δέ

452 4881 602 4947 ὅλως,
631 4882 771 4956 εἴπερ
801 4885 868 4944 ὡς
894 4884 1100 4952 λέγουσι
1135 4891 1474 4959 προϋπῆρχεν
1498 4885 1527 4941 ἡ
1557 4883 1730 4954 ψυχὴ,
1763 4886 2031 4956 μαθήσεὺς

446 4993 603 5040 τινος,
650 4974 680 5033 ἦ
725 4973 947 5045 διδαχῆς
987 4974 1158 5030 δέεται
1184 4978 1236 5030 ἓν
1262 4983 1332 5046 τῷ
1361 4979 1565 5046 σώματι
1608 4979 1864 5048 γενομένη,
1896 4983 2029 5036 κατά

449 5064 626 5134 μιαρὸν
668 5067 998 5136 εἰσαγομένη,
1035 5069 1121 5120 καί
1163 5067 1527 5140 προκόπτουσα
1555 5069 1624 5127 εἰς
1652 5070 1720 5122 τὰ
1747 5069 1948 5140 μείζονά
1975 5092 2026 5126 τι

451 5159 529 5206 καί
551 5153 858 5227 τελειότερας
887 5159 940 5208 Εἴ
967 5157 1066 5230 γάρ
1106 5164 1286 5228 προῆν,
1315 5159 1399 5210 καί
1426 5157 1692 5228 ἐγίνωσκεν
1723 5151 1780 5210 ἂν
1809 5160 1872 5213 τά
1895 5179 2032 5230 συμο

446 5226 655 5318 enipeum
703 5243 952 5315 μηδεμιᾶς
997 5247 1264 5312 μαθήσεως
1307 5244 1531 5316 δεομένη,
1560 5249 1644 5300 καί
1678 5249 1746 5306 ὡς
1777 5248 1823 5300 ἐν
1848 5250 2028 5319 γνώσει

439 5321 783 5408 τυγχάνουσα
843 5333 1116 5411 διωρθοῦτο
1173 5342 1287 5394 ταῖς
1340 5337 1642 5408 ἐπιμελείαις
1671 5352 1682 5364 ·
1733 5340 1815 5391 καὶ
1874 5343 1922 5392 εἰ
1969 5341 2026 5394 τό

447 5411 678 5498 πταῖσμα
721 5429 1007 5500 ἐγίνωσκεν,
1039 5429 1124 5480 οὐκ
1151 5425 1440 5482 ὲδιδάσκετο
1477 5429 1541 5486 ὡς
1585 5429 2022 5505 προεπισταμένη·

451 5493 494 5576 ii
518 5518 569 5576 δὲ
598 5517 883 5574 διδάσκεται
913 5519 980 5580 ὡς
1005 5520 1279 5590 ἀγνοοῦσα,
1307 5519 1362 5570 οὐ
1397 5515 1635 5591 προῄδει·
1666 5521 1709 5572 εἰ
1737 5515 1788 5572 δὲ
1815 5519 1871 5571 οὐ
1898 5538 2026 5592 προ·

447 5600 569 5687 ᾔδει,
601 5613 659 5666 οὐ
689 5619 867 5685 «Po-5V,
891 5610 1016 5664 ἀλλά
1041 5607 1182 5666 δῆλον
1223 5605 1302 5663 ὅτι
1337 5609 1394 5662 οὖ
1426 5615 1607 5683 προῆν.
1637 5616 1736 5669 Τῆς
1760 5609 1858 5682 γὰρ
1887 5609 2018 5678 7ενί⁵

441 5723 568 5763 eam:
601 5705 734 5772 ἡμῶν
767 5699 925 5762 aurci:
965 5703 1076 5756 ἐστι
1112 5698 1312 5770 μὸνςςὸ
1357 5700 1500 5766 Θεὸς,
1561 5697 1707 5760 σότις
1745 5701 1898 5759 καθὼς
1937 5701 2024 5752 οὐκ

1778 5519 1786 5534 Ι
1853 5519 1866 5534 δ

2135 4517 2371 4586 gentiam
2413 4525 2468 4572 et
2513 4518 2818 4585 rationem;
2871 4521 3019 4590 atqui
3064 4521 3167 4576 hoc
3195 4537 3462 4588 asserere,
3493 4523 3682 4590 plenum

2133 4605 2416 4660 dementia:
2443 4613 2526 4660 est
2551 4615 2713 4676 atque
2738 4607 3100 4667 absurditatis.
3141 4611 3250 4666 Cur
3275 4629 3409 4668 vero
3435 4612 3479 4666 si
3507 4609 3683 4670 anima.

2134 4703 2194 4750 ut
2221 4696 2390 4760 aiunt,
2423 4705 2549 4751 ante
2577 4695 2675 4750 fuit
2713 4712 2874 4766 quam
2920 4713 3137 4768 corpus,
3179 4701 3458 4770 disciplina
3487 4697 3683 4762 indiget.

2139 4793 2421 4856 postquam
2453 4786 2507 4839 in
2553 4801 2749 4856 corpus
2777 4788 2942 4853 venit,
2997 4790 3366 4860 paulatimque
3399 4785 3682 4844 instituitur,

2136 4884 2191 4928 et
2231 4875 2299 4930 ad
2326 4876 2550 4930 meliora
2595 4876 3026 4948 perfectioraque
3073 4881 3455 4949 progreditur?
3493 4877 3614 4932 Nam
3649 4871 3684 4924 Si

2136 4972 2261 5016 ante
2290 4965 2566 5030 existeret,
2610 4965 2757 5019 utilia
2801 4968 2986 5036 utique
3030 4981 3402 5037 cognosceret,
3454 4982 3549 5024 nec
3592 4960 3685 5017 ulla

2137 5063 2318 5122 egeret
2347 5056 2619 5122 doctrina,
2654 5074 2772 5123 nec,
2803 5067 2862 5114 ut
2889 5067 3016 5129 pote
3047 5061 3099 5115 in
3130 5063 3438 5132 cognitione
3465 5068 3682 5116 versans.

2139 5162 2265 5201 cura
2296 5153 2349 5201 et
2375 5146 2646 5214 diligentia
2677 5149 3013 5215 erudiretur;
3039 5166 3102 5206 ac
3131 5153 3194 5218 si,
3223 5152 3351 5221 quid
3378 5153 3446 5208 sit
3471 5143 3687 5206 oﬂ'ende-

2113 5253 2213 5304 re,
2263 5238 2488 5303 sciebat,
2541 5255 2647 5294 non
2695 5239 3017 5301 educeretur
3038 5241 3184 5310 quod
3227 5251 3386 5300 antea
3421 5239 3681 5298 scivisset:

2129 5329 2238 5398 jam
2271 5343 2396 5384 vero
2425 5329 2469 5384 si
2496 5329 2734 5395 docetur,
2766 5341 2821 5386 ut
2853 5332 2906 5390 in
2937 5333 3271 5399 ignoratione
3290 5347 3526 5394 versans,
3556 5325 3684 5396 pri"s

2133 5436 2239 5476 non
2284 5421 2528 5485 sciebat;
2578 5421 2623 5476 si
2659 5438 2764 5476 non
2792 5424 2940 5490 prius
2979 5424 3156 5489 scivit,
3202 5434 3328 5480 ante
3355 5418 3595 5480 nonfuit.
3625 5411 3683 5465 Αι

2133 5511 2300 5580 liquet
2328 5527 2444 5566 eam
2467 5520 2624 5568 antea
2655 5528 2761 5566 non
2793 5513 2972 5568 fuisse.
3011 5513 3170 5572 Ortus
3198 5516 3338 5570 enim
3369 5511 3531 5570 nostri
3559 5507 3682 5562 Delli

2129 5603 2278 5658 solus
2309 5603 2360 5656 in
2391 5616 2548 5656 causa
2589 5609 2671 5655 est
2699 5617 2712 5666 ;
2763 5604 2853 5672 qui
2883 5613 2940 5658 ut
2969 5621 3084 5668 nos,
3135 5622 3256 5661 cum
3301 5621 3406 5659 non
3437 5606 3677 5656 essemus,

2127 5697 2251 5752 fecit
2277 5717 2286 5750 :
2337 5698 2411 5752 sic
2441 5701 2616 5756 natos,
2669 5694 2839 5761 gratia
2881 5712 3147 5766 manuque
3178 5698 3392 5768 prOpria
3422 5698 3590 5749 tuetur
3615 5694 3670 5736 ac
