3970 6160
322 245 428 310 953

1377 239 1607 297 LIBER
1649 236 2046 296 ADVERSUS
2083 234 2505 295 ORIGENEM.

3475 246 3584 306 931i

338 348 483 411 ὄντας
502 353 634 421 ἡμᾶς
660 353 913 420 ἐποίησεν,
945 352 1078 408 οὕτω
1112 354 1194 406 καί
1219 351 1510 422 γενομένους
1542 352 1694 414 σῶζει
1714 357 1775 421 τῇ
1800 349 1901 422 ἰδίᾳ

2006 345 2202 410 salvat,
2261 345 2305 401 si
2352 345 2496 414 digni
2543 353 2704 417 atque
2754 347 2931 402 idonei
2978 347 3375 417 perbibeamur.
3439 349 3572 406 Nam

337 443 480 515 χειρὶ
523 439 805 516 [χάριτι],
850 443 932 497 ἐὰν
975 439 1132 507 ἄξιοι,
1161 443 1242 496 καί
1291 438 1540 498 ἐπιτήδεοι
1582 448 1823 512 φανῶμεν.
1853 451 1907 494 ‘0

338 529 457 587 Θεὸς
483 529 580 602 γάρ
610 533 784 588 εἰπὼν,
819 547 836 580 ι
866 535 1156 599 Ποιήσωμεν
1187 526 1444 603 ἄνθρωπον
1474 527 1756 583 κατέἱκόνα
1786 531 1905 596 ήμε-

338 618 484 687 τέραν
529 621 610 671 καὶ
647 617 902 688 ὁμοίωσιν,
930 635 948 668 ι
981 619 1240 692 ἀμφότερα
1265 619 1395 670 κατά
1432 619 1618 674 ταυτὸν
1645 615 1908 691 ἐδημιούρ-

335 728 479 778 γησε,
510 711 748 765 τουτέστι
795 715 943 780 σῶμά
981 729 1034 762 τε
1077 709 1309 772 πλάσας,
1337 711 1421 762 καί
1449 707 1627 778 ψυχήν
1653 709 1826 782 νοεράν
1854 729 1908 762 τε

335 802 419 850 καί
452 799 650 870 λογικήν
691 798 1085 872 δημιουργήσας.
1127 797 1263 870 Ἀμα
1303 801 1399 872 γάρ
1442 807 1594 869 σῶμα
1637 797 1850 852 ἔπλασεν
1883 797 1908 852 ὃ

334 888 473 950 Θεὸς,
502 891 582 941 καί
611 895 698 946 τήν
739 890 918 957 ψυχήν
947 886 1312 962 ἐδημ·.ούργησε
1339 889 1516 943 τέλειον
1540 889 1626 943 τόν
1654 884 1909 962 ἄνθρωπον

333 977 673 1038 ἀποτελέσας’
711 977 820 1032 ούδί
845 979 940 1052 γάρ
972 985 1122 1050 σῶμα
1166 980 1334 1048 χωρίς
1374 978 1576 1048 ψυχῆς,
1607 975 1717 1030 οὐδέ
1757 977 1909 1044 ψυχή

337 1072 498 1140 χωρτς
540 1071 778 1139 σώματος
819 1067 1096 1142 ἄνθρωπος·
1129 1072 1175 1121 εἰ
1214 1067 1268 1123 δέ
1309 1076 1649 1142 προϋπῆρχεν
1678 1069 1707 1121 ri
1734 1065 1906 1136 ψυχή,

333 1163 492 1221 καθὼς
519 1164 770 1237 Ὠριγένης
787 1162 948 1237 ληρεῖ,
973 1164 1102 1220 τίνος
1127 1163 1288 1216 ἕνεκεν
1310 1160 1334 1216 ό
1355 1161 1635 1232 ἁγιώτατοι·
1654 1163 1910 1236 προφήτης

331 1254 594 1327 Ζαχαρίας
625 1247 753 1311 εἶπε.
793 1253 1064 1306 «Πλάσσων
1090 1259 1288 1322 πνεῦμά
1314 1253 1577 1326 ἀνθρώπου
1604 1253 1652 1304 ἐν
1686 1251 1855 1318 «ore;
1885 1267 1902 1298 ι

331 1349 386 1398 Εἰ
407 1349 505 1420 γάρ
529 1354 688 1420 προῆν
723 1345 823 1400 ἔδει
849 1347 1030 1416 μᾶλλον
1052 1350 1227 1411 εἰπεῖν,
1245 1343 1700 1418 καταγγίζων.ἣ
1730 1364 1836 1396 κατ
1852 1363 1909 1395 α·

330 1437 596 1504 πέμπων
623 1442 871 1505 πνεῦμα
899 1437 1228 1509 ἀνθρώπου
1259 1439 1316 1490 ἐν
1339 1438 1527 1509 αὐτῷ.
1555 1442 1654 1491 Νῦν
1677 1433 1730 1488 δὲ
1758 1434 1910 1505 λέγων

331 1527 357 1582 ὃ
387 1532 666 1600 προφήτης.
699 1527 817 1582 πλά
833 1550 862 1581 σ
879 1549 1024 1590 σων,
1055 1527 1326 1593 δείκνυσιν,
1353 1527 1433 1584 ὅτι
1455 1530 1631 1601 ὥσπερ
1651 1527 1709 1580 τὸ
1736 1533 1907 1593 σῶμα,

329 1617 466 1671 οὕτω
495 1620 580 1670 καὶ
605 1622 696 1674 τήν
717 1616 896 1686 ψυχήν
925 1619 982 1669 οὐ
1006 1617 1456 1693 προϋπάρχουσαν
1478 1618 1710 1673 ἐποίησεν
1735 1613 1758 1667 ό
1787 1613 1909 1672 Θεὸς

2013 435 2172 502 Deus,
2219 437 2310 504 qui
2347 436 2518 492 dixit:
2569 437 2849 493 Faciamus
2897 439 3150 494 hominem
3195 441 3264 494 ad
3300 442 3578 513 imaginem

2009 537 2240 582 nostram
2287 538 2336 582 et
2385 529 2770 583 similitudinem
2818 528 2973 600 (Gen.
3024 533 3100 600 ι),
3151 540 3376 602 utraque
3422 533 3577 590 simul

2009 614 2153 681 fecit,
2184 617 2233 670 id
2261 625 2360 684 est,
2387 634 2583 688 corpus
2611 621 2908 690 plasmarit,
2939 630 2993 676 et
3022 623 3251 678 animam
3275 624 3579 693 intelligen-

2012 715 2120 760 tem
2170 718 2224 762 et
2268 710 2579 765 rationalem
2630 713 2850 766 creavit.
2899 712 3065 767 Simul
3095 715 3238 768 enim
3283 722 3339 769 et
3366 713 3574 769 efﬂuxit

2011 812 2223 865 corpus,
2275 807 2331 852 et
2371 799 2603 853 animam
2646 800 2912 866 condidit,
2963 801 3255 870 perfectum
3301 802 3570 858 hominem

2009 887 2302 952 exhibens;
2335 903 2506 956 neque
2535 890 2674 942 enim
2705 891 2864 945 homo
2892 907 3086 960 corpus
3115 900 3198 946 est
3235 893 3348 947 sine
3377 893 3573 960 anima,

2008 993 2108 1032 nec
2138 980 2311 1032 anima
2341 979 2454 1033 sine
2481 995 2728 1048 corpore.
2767 980 2822 1036 Si
2853 990 3029 1036 autem
3061 983 3235 1037 anima
3266 985 3578 1052 praeexistc-

2008 1067 2118 1132 bat,
2146 1076 2202 1121 ut
2229 1068 2420 1122 delirat
2447 1068 2720 1136 Origenes,
2751 1070 2902 1139 cujus
2923 1074 3000 1126 rei
3022 1075 3189 1142 gratia
3215 1077 3578 1134 sanctissimus

2009 1157 2269 1225 propheta
2299 1157 2582 1212 Zacharias
2620 1159 2754 1213 dixit
2790 1178 2801 1212 :
2832 1159 3065 1231 Fingens
3091 1165 3326 1232 spiritum
3357 1166 3574 1222 hominis

2008 1243 2064 1296 in
2095 1259 2152 1295 eo
2185 1243 2367 1312 (Zach.
2399 1244 2493 1316 xu)
2519 1248 2540 1300 ἰ
2587 1247 2642 1300 Si
2673 1249 2812 1302 enim
2843 1250 2990 1318 prius
3028 1259 3164 1317 erat,
3209 1253 3376 1320 magis
3398 1253 3580 1310 dicere

2013 1333 2270 1401 oportuit,
2322 1331 2606 1389 lninndcns
2642 1345 2898 1407 tanquam
2928 1339 2980 1392 in
3013 1355 3124 1402 vas,
3173 1340 3256 1394 vel
3284 1342 3573 1398 demittcns

2009 1423 2253 1492 spiritum
2279 1425 2511 1480 hominis
2541 1427 2592 1480 in
2619 1443 2704 1482 eo.
2749 1427 2863 1484 Jam
2891 1421 3018 1485 vero
3048 1447 3168 1486 cum
3196 1433 3326 1488 dicit
3349 1436 3581 1504 prophe-

2010 1525 2084 1579 ta,
2127 1517 2352 1586 ﬁngens,
2397 1517 2650 1583 ostendit,
2698 1528 2756 1574 ut
2803 1537 3027 1590 corpus,
3078 1523 3155 1578 sic
3197 1525 3426 1578 animam
3476 1541 3580 1581 non

2015 1605 2408 1674 prmexistentia
2443 1605 2610 1659 Deum
2640 1609 2854 1678 propria
2884 1611 3080 1664 virtute
3124 1626 3189 1665 ac
3230 1613 3472 1669 bonitate
3499 1613 3579 1669 fe-

330 1715 392 1776 τῇ
417 1705 518 1779 ἰδίᾳ
545 1701 756 1762 δύνάμει
779 1709 953 1768 αὐτοῦ.
973 1711 1055 1760 καί
1084 1707 1372 1780 άγαθότητι.
1394 1710 1554 1765 Καθὼς
1581 1701 1666 1759 οῦν
1689 1703 1905 1790 εἴρηται,

2013 1694 2172 1749 cisse.
2223 1693 2373 1759 Quod
2404 1695 2564 1762 igitur
2601 1697 2782 1760 homo,
2823 1700 2959 1753 sicut
2986 1701 3182 1754 dictum
3210 1711 3311 1768 est,
3344 1704 3410 1758 ad
3443 1704 3578 1759 ima-

331 1794 442 1850 κατ’
462 1794 626 1850 εἰκόνα
645 1798 728 1849 καί
747 1795 980 1866 ὁμοίωσιν
1005 1803 1097 1852 τοῦ
1125 1805 1250 1852 Θεοῦ
1271 1798 1498 1866 γενὲσθαι
1518 1797 1603 1850 τὸν
1625 1792 1904 1866 ἄνθρωπον,

331 1888 413 1939 καὶ
455 1893 546 1939 τοῦ
589 1887 720 1940 Θεὸου
765 1887 1126 1958 ἔμφυσήαατος
1168 1889 1450 1950 ἀξιωθῆναι,
1479 1885 1620 1943 δηλοῖ
1649 1890 1718 1956 μή
1765 1886 1909 1953 μόνον

331 1974 505 2046 νοεράν
533 1977 616 2026 καί
653 1973 871 2045 λογιήν,
904 1975 1028 2030 ἀλλὰ
1061 1978 1143 2028 καί
1185 1976 1431 2029 ἀθάνατον
1472 1981 1560 2032 τήν
1601 1973 1780 2044 ιίυχήν
1817 1972 1904 2031 δη-

331 2065 691 2135 μιουργηΘῆ-δαι
719 2065 847 2138 πρὸς
876 2064 933 2118 τό
959 2061 1143 2138 ἄρχειν
1170 2067 1372 2118 πάντων
1400 2071 1498 2118 τῶν
1537 2061 1622 2118 ἐπὶ
1646 2072 1735 2134 ’γῆς
1763 2084 1908 2121 ποή-

333 2153 522 2220 μάτων·
550 2159 700 2206 τοῦτο
731 2153 829 2225 γάρ
856 2153 964 2206 ἐστι
987 2157 1072 2206 καί
1097 2153 1152 2207 τὸ
1176 2155 1428 2225 εἰρημένον
1448 2160 1518 2222 τῷ
1547 2153 1753 2225 θεολόγῳ
1776 2164 1906 2226 Γρη-

331 2245 482 2312 γορίῳ
523 2244 757 2312 περὶτῆς
797 2241 999 2312 ψυχῆς,
1030 2247 1119 2300 τήν
1151 2245 1206 2296 ἐκ
1236 2250 1362 2296 Θεοῦ
1406 2246 1491 2295 καί
1530 2243 1659 2295 θείαν
1700 2246 1782 2296 καί
1816 2249 1907 2302 τῆς

331 2326 512 2383 ἄνωθεν
559 2333 802 2400 εὐγενείας
847 2334 1189 2402 μετέχουσαν.
1232 2334 1349 2400 Οὐχ
1387 2333 1455 2390 ὥς
1490 2352 1623 2390 τινες
1666 2331 1906 2402 φανταζό-

328 2436 468 2492 μενοι
491 2420 697 2490 λέγουσι
719 2428 809 2480 τῆς
837 2423 994 2482 θείκῆς
1025 2422 1195 2481 οὐσίας
1220 2421 1561 2494 ὑπάρχουσαν
1584 2425 1671 2478 τήν
1700 2420 1904 2490 ψυχήν

329 2507 516 2568 ἀλλ’ὡς
563 2506 646 2563 διά
682 2517 770 2564 τοῦ
821 2511 1177 2584 ἔμφυσήματος
1216 2518 1306 2564 τοῦ
1349 2518 1474 2565 Θεοῦ
1513 2512 1794 2582 γενομένην,
1823 2514 1903 2564 καί

328 2596 567 2671 χάρισμα
613 2597 737 2670 παρ’
755 2604 905 2654 αὐτοῦ
935 2600 1194 2654 λαϐοῦσαν
1221 2605 1313 2654 τοῦ
1351 2601 1552 2674 νοεράν,
1579 2601 1661 2653 καί
1687 2599 1903 2670 λογικήν,

330 2689 416 2740 καί
453 2687 690 2744 ἀθάνατον
717 2684 876 2752 εἶναι,
905 2691 992 2742 καί
1027 2694 1099 2758 μή
1125 2693 1541 2747 συναποθνήσκειν
1581 2697 1652 2761 τῷ
1681 2691 1903 2759 σώματι,

331 2773 438 2830 καθ’
458 2773 729 2844 ὁμοιότητα
755 2783 854 2830 τῶν
882 2777 1072 2849 ἀλόγων
1098 2780 1256 2845 ζώων,
1288 2777 1410 2832 άλλά
1435 2780 1566 2832 κατά
1595 2779 1752 2851 χάριν
1781 2799 1905 2849 μετ·

331 2866 472 2934 ἐχειν
515 2874 606 2925 τῆς
632 2863 832 2919 ’ἄνυθεν
869 2868 1130 2938 εὐγενείας,
1161 2869 1420 2922 τουτέστιν
1450 2869 1744 2928 ἀθανασίας.
1777 2880 1909 2944 Μαρ-

329 2961 478 3026 τυρεῖ
510 2951 562 3008 δὲ
607 2956 806 3012 τούτοις
837 2955 962 3008 καὶὸ
993 2959 1043 3010 ἐν
1083 2955 1240 3029 άγίοις
1281 2954 1508 3017 Ἰωάννης
1538 2956 1562 3011 ὁ
1593 2965 1908 3012 Κωνσταντι·

2008 1787 2185 1854 ginem
2217 1793 2271 1839 et
2317 1785 2715 1842 similitudinem
2748 1791 2840 1844 Dei
2881 1790 2950 1844 sit
2989 1789 3180 1856 factus,
3229 1793 3580 1864 dignatusque

2007 1879 2354 1947 inspiratione
2375 1884 2550 1937 divina
2576 1901 2590 1947 ;
2620 1883 2742 1938 inde
2771 1887 3109 1954 perspicuum
3137 1895 3236 1950 est,
3273 1903 3376 1940 non
3408 1888 3579 1943 solum

2009 1968 2392 2036 intelligentem
2425 1981 2478 2026 et
2509 1973 2822 2027 rationalem
2853 1975 3106 2040 animam,
3157 1976 3249 2030 sed
3277 1977 3439 2030 etiam
3469 1978 3570 2030 im-

2007 2061 2285 2114 mortalem
2314 2077 2430 2115 esse
2462 2074 2700 2117 creatam
2727 2079 2741 2122 :
2777 2070 2837 2117 ut
2864 2066 3109 2122 omnibus
3141 2066 3203 2120 iis
3222 2082 3338 2136 qua:
3362 2067 3414 2120 in
3441 2075 3580 2121 terra

2008 2148 2145 2202 facta
2175 2157 2299 2202 sunt
2329 2151 2634 2220 imperaret.
2665 2151 2778 2206 lloc
2806 2161 2888 2208 est
2915 2155 3054 2208 enim
3085 2155 3228 2224 quod
3253 2171 3282 2209 a
3306 2155 3579 2224 Thcologo

2009 2234 2270 2304 Gregorio
2297 2237 2364 2292 de
2405 2239 2580 2292 anima
2620 2239 2822 2293 dictum
2853 2249 2952 2308 est,
3005 2257 3035 2294 a
3067 2241 3176 2296 Deo
3207 2257 3344 2306 esse,
3377 2250 3431 2296 et
3455 2243 3578 2298 divi-

2009 2341 2150 2392 nam,
2203 2341 2267 2379 ac
2303 2343 2548 2398 superna:
2592 2330 2884 2385 nobilitatis
2931 2331 3244 2400 participem
3282 2349 3295 2384 :
3343 2347 3475 2400 non,
3523 2341 3577 2388 ut

2010 2418 2253 2473 nonnulli
2282 2426 2561 2474 autumant
2585 2436 2648 2475 ac
2675 2420 2875 2482 dicunt,
2907 2422 3098 2476 divinae
3122 2422 3432 2477 substantia:
3457 2423 3578 2478 aui-

2007 2523 2149 2562 mam
2175 2522 2332 2564 esse:
2362 2511 2455 2565 sed
2485 2518 2544 2564 ut
2571 2511 2922 2580 inspiratione
2953 2512 3046 2566 Dei
3077 2511 3291 2577 factam,
3323 2513 3576 2580 gratiam-

2005 2611 2111 2665 que
2137 2607 2348 2654 nactam
2377 2598 2444 2653 ab
2473 2613 2559 2662 eo,
2591 2607 2651 2653 ut
2679 2600 2980 2668 intelligens
3003 2607 3164 2667 esset,
3193 2607 3248 2654 et
3275 2601 3576 2663 rationalis.

2007 2693 2063 2741 et
2088 2687 2422 2753 immortalis,
2453 2702 2553 2742 nec
2579 2703 2684 2742 una
2707 2703 2829 2743 cum
2859 2704 3088 2758 corpore
3131 2697 3452 2754 moreretur,
3497 2690 3577 2745 si-

2007 2785 2100 2834 cut
2128 2776 2511 2834 irrationabilia
2540 2779 2812 2843 animalia,
2864 2781 2957 2835 sed
2999 2795 3096 2849 per
3141 2781 3369 2848 gratiam
3415 2781 3576 2852 partio

2009 2883 2137 2938 ceps
2163 2876 2299 2923 esset
2331 2884 2574 2938 superna:
2605 2871 2917 2936 nobilitatis,
2949 2870 3001 2924 id
3029 2880 3111 2924 est
3139 2869 3576 2926 immortalitatis.

2009 2957 2102 3012 liis
2133 2960 2496 3014 testimOnium
2524 2959 2770 3028 perhibet
2797 2969 3014 3014 sanctus
3037 2957 3273 3014 Joannes
3307 2957 3574 3014 Constan-

331 3043 611 3104 νουπό)ιως
641 3047 972 3119 πατριάρχης
1005 3048 1052 3100 ἐν
1083 3054 1153 3116 τῷ
1188 3045 1430 3119 ἑνδεκάτῳ
1457 3047 1586 3118 λόγῳ
1620 3053 1692 3118 τῷ
1719 3053 1788 3108 ες
1816 3053 1904 3106 τήν

2009 3049 2311 3119 tinopoleos
2339 3050 2639 3120 patriarcha
2671 3050 2722 3103 in
2751 3049 3034 3104 undecimo
3062 3063 3312 3103 sermone
3340 3049 3390 3102 in
3421 3062 3576 3102 crea-

330 3135 521 3188 κτὶσιν·
553 3135 680 3206 λέγει
708 3137 804 3206 γὰρ
833 3135 1012 3194 οὕτως·
1047 3152 1066 3184 ε
1097 3139 1192 3189 Καὶ
1222 3137 1522 3208 ἐνεφύσησε,
1552 3140 1718 3206 φησίν,
1751 3139 1820 3196 εἰς
1848 3137 1906 3192 τό

333 3225 603 3298 πρόσωπον
644 3226 794 3278 αὐτοῦ
836 3231 989 3283 πνοήν
1033 3231 1186 3286 ζωῆς.
1213 3230 1296 3280 καί
1335 3227 1527 3296 ἐγένετο
1570 3227 1595 3280 ὁ
1643 3225 1904 3302 ἆνῦρωποῖ

333 3317 402 3372 εἷς
430 3314 608 3382 ιειὶυχιᾶν
644 3319 832 3377 ζῶσαν.
858 3316 1100 3370 Ἐνταῦύά
1135 3337 1265 3376 τινες
1303 3325 1400 3370 τῶν
1435 3315 1730 3390 άγνγμόνων
1758 3321 1808 3382 ἐξ
1830 3323 1903 3373 οἱ·

335 3405 476 3453 κείων
488 3402 737 3474 λογισμῶν
749 3407 1044 3477 κινούμενοι,
1061 3409 1143 3459 καί
1164 3405 1299 3459 οὐδέν
1316 3407 1586 3479 θεοπρεπές
1605 3413 1848 3462 ἐννοοῦντι
1859 3430 1902 3471 ς,

334 3487 447 3543 οὔτε
476 3496 561 3548 τήν
586 3494 966 3561 συγκατάϐασιν
990 3501 1085 3546 τῶν
1127 3495 1360 3570 ῥημάτων
1397 3495 1719 3566 λογιζόμενοι.
1751 3496 1906 3567 λέγειν

333 3582 683 3652 ἐπιχεοροῦσιν
708 3580 784 3634 ὅτι
813 3583 866 3635 ἐκ
895 3592 986 3644 τῆς
1014 3589 1104 3636 τοῦ
1131 3589 1254 3636 Θειῦ
1285 3587 1463 3644 οὐσίας
1510 3585 1649 3639 ἐστίν
1673 3587 1702 3642 ή
1727 3587 1903 3656 ψυχή.

329 3673 390 3720 ’.ιι
419 3679 506 3727 τῆς
537 3674 741 3740 μανίας,
777 3670 815 3726 ὢ
852 3681 941 3732 τῆς
975 3676 1424 3747 παραφροσύνης.»
1455 3678 1542 3728 Καὶ
1567 3681 1732 3730 ταῦτα
1761 3679 1849 3746 μὲν
1881 3677 1907 3731 ό

333 3765 498 3834 πατήρ
536 3765 654 3832 περὶ
694 3770 792 3815 τῶν
836 3765 1189 3834 προκειμένων.
1240 3762 1416 3818 Σκόπει
1444 3763 1520 3829 δὲ,
1554 3763 1628 3820 ὅτι
1658 3788 1756 3839 περ
1788 3772 1908 3840 περὶ

331 3853 420 3918 μέν
445 3859 542 3905 τῶν
569 3849 725 3904 ἄλλων
750 3852 985 3906 ἁπάντων
1008 3854 1088 3906 ἐπί
1118 3862 1209 3924 γῆς
1238 3857 1525 3926 ποιημάτων
1557 3853 1691 3912 εἶπεν
1715 3857 1740 3912 ό
1764 3860 1912 3924 Θεὸς,

333 3957 351 3990 ε
377 3943 657 3999 Γεννηοήτω
676 3959 694 3992 ι
721 3947 804 3995 καὶ
834 3959 852 3992 ε
875 3943 1206 4014 ἐξαγαγέτωή
1231 3953 1311 4014 νῆ,
1329 3949 1411 3998 καὶ
1437 3946 1641 4018 ἐγένετο.
1669 3964 1686 3998 ι
1723 3952 1836 4022 Περί
1855 3947 1906 4002 δέ

333 4037 417 4084 τοῦ
449 4033 712 4104 ἀνθρώπου
743 4033 890 4102 λέγει,
905 4050 920 4079 ι
937 4037 1221 4103 Ποιήσωμεν
1249 4031 1528 4109 ἄνθρωπον.
1545 4055 1563 4087 ι
1583 4040 1665 4090 καί
1691 4038 1745 4090 οὗ
1764 4037 1907 4108 μόνον

333 4139 350 4170 ι
375 4127 678 4194 ποιήσωμεν,
695 4140 713 4172 ι
749 4123 870 4176 ante
907 4140 924 4170 ι
950 4122 1058 4176 κατ’
1079 4124 1244 4177 εἰκόνα
1275 4127 1516 4196 ήμετέραν
1539 4129 1620 4179 καί
1647 4125 1904 4197 ὁμοίωσιν·

329 4213 585 4265 munem
609 4219 740 4282 χοῦν
763 4214 864 4266 άπὸ
879 4220 968 4272 τῆς
985 4221 1077 4284 γῆς
1101 4221 1218 4274 ταῖς
1237 4212 1387 4273 ἰδίαις
1410 4219 1596 4290 χερσίν
1615 4214 1802 4271 ἔπλασε
1823 4218 1906 4272 τὸν

331 4299 606 4376 ἄνθρωπον,
637 4307 718 4357 καί
748 4306 1050 4374 ἐνεφύσησεν
1083 4307 1154 4363 εἰς
1175 4307 1232 4358 τό
1258 4301 1534 4380 πρόσωπον
1570 4309 1723 4361 αὐτοῦ
1753 4315 1906 4367 πνοήν

2009 3139 2208 3192 tionem
2235 3156 2251 3205 ;
2289 3142 2365 3195 sic
2389 3141 2530 3192 enim
2557 3141 2632 3193 ait
2659 3139 2677 3210 (
2705 3139 2898 3192 Ilomil.
2933 3156 3023 3192 xm
3052 3140 3105 3192 in
3137 3136 3266 3193 Gen.
3297 3137 3372 3207 ιι)
3408 3155 3421 3191 :
3459 3155 3478 3188 ι
3509 3135 3576 3190 Et

2003 3229 2309 3298 insufﬂauit,
2335 3229 2524 3296 inquit,
2555 3231 2610 3281 in
2641 3229 2824 3299 faciem
2855 3229 2964 3298 ejus
2991 3228 3227 3296 spiritum
3246 3227 3382 3290 vitm,
3404 3233 3452 3278 et
3483 3227 3577 3294 fuit

2009 3317 2161 3370 homo
2202 3319 2256 3370 in
2283 3319 2510 3370 animum
2537 3319 2800 3370 viventem.
2830 3317 2927 3372 llic
2956 3317 3194 3371 nonnulli
3220 3317 3450 3386 imperiti
3479 3317 3578 3372 ho—

2006 3405 2198 3468 mines,
2250 3407 2481 3475 prOpriis
2532 3407 2945 3474 cogitationibus
2988 3409 3149 3473 moti,
3199 3421 3262 3460 ac
3306 3406 3432 3458 nihil
3465 3406 3576 3460 Deo

2009 3495 2207 3550 decens
2261 3497 2312 3549 in
2362 3503 2540 3550 mente
2582 3497 2864 3561 habentes,
2927 3512 3026 3550 nec
3071 3495 3575 3550 condescensionem

2006 3586 2290 3639 verborum
2316 3593 2644 3654 reputantes,
2677 3586 2854 3640 dicere
2882 3587 3081 3638 audent
3110 3601 3139 3639 e
3161 3585 3252 3639 Dei
3281 3584 3577 3640 substantia

2007 3692 2128 3732 esse
2172 3679 2424 3732 animam.
2467 3675 2511 3732 Ο
2541 3679 2822 3743 insaniam,
2873 3695 2906 3733 ο
2937 3679 3351 3734 dementiam!»
3401 3679 3579 3750 Atque

2007 3767 2121 3822 haec
2143 3766 2354 3836 quidem
2381 3765 2537 3821 Pater
2565 3768 2631 3822 de
2655 3776 2968 3837 argumento
2991 3769 3286 3838 proposito.
3313 3767 3576 3823 Conside-

2006 3870 2066 3910 ra
2115 3863 2294 3908 auteln
2347 3855 2414 3910 de
2461 3855 2580 3910 aliis
2629 3856 2878 3911 omnibus
2928 3858 2981 3910 in
3028 3865 3169 3912 terra
3197 3855 3349 3912 factis
3377 3856 3576 3912 dixisse

2007 3943 2193 4006 Deum,
2225 3945 2338 4014 ﬁat,
2371 3953 2425 4000 et
2453 3945 2706 4015 producat
2735 3956 2892 4016 terra,
2922 3957 2972 4001 et
3009 3949 3204 4019 factum
3258 3945 3576 4019 est(Gen.t);

2006 4033 2072 4088 de
2103 4034 2319 4088 homine
2357 4043 2537 4090 autem
2585 4035 2756 4090 dicit:
2807 4035 3088 4091 Faciamus
3131 4037 3428 4091 hominem:
3477 4052 3576 4092 nec

2005 4128 2198 4194 solum,
2229 4127 2532 4194 Faciamus,
2566 4128 2680 4190 sed,
2713 4130 2782 4182 ad
2808 4131 3087 4200 imaginem
3114 4140 3162 4184 et
3191 4129 3576 4182 similitudinem

2006 4228 2238 4272 nostram
2262 4235 2280 4281 ;
2325 4226 2372 4270 et
2401 4234 2608 4270 sumens
2639 4219 2893 4287 pulverem
2925 4224 2986 4270 de
3017 4229 3172 4280 terra,
3204 4218 3427 4287 propriis
3466 4235 3577 4270 ma-

2008 4307 2156 4359 nibus
2199 4307 2452 4360 hominem
2481 4308 2664 4376 ﬁnxit,
2713 4316 2760 4359 et
2809 4309 3094 4378 insufﬂat-it
3136 4308 3190 4360 in
3238 4309 3422 4378 {aciem
3467 4308 3578 4378 ejus

331 4396 358 4454 ζ
389 4401 480 4454 πῆς,
497 4398 577 4445 καί
606 4396 796 4464 ἐγένετο
818 4393 842 4447 ό
865 4391 1118 4466 ἅνθρωπος
1147 4398 1217 4454 εἰς
1231 4393 1407 4466 ψυχήν
1424 4400 1606 4459 ζῶσαν.
1624 4415 1641 4447 ι
1661 4399 1905 4452 Ἐντεῦθεν

2007 4397 2245 4470 spiritum
2275 4398 2408 4461 ritw,
2439 4406 2486 4448 et
2516 4398 2680 4466 factus
2710 4407 2785 4450 est
2808 4397 2954 4449 homo
2982 4398 3036 4449 in
3066 4396 3293 4449 animam
3313 4397 3572 4450 virentem.

332 4487 492 4534 τοίνυν
520 4485 655 4535 ἐστ’ν
691 4483 828 4546 ἰδεῖν,
855 4492 961 4544 πῶς
989 4485 1014 4538 ό
1044 4487 1165 4544 Θεὸς
1195 4485 1277 4539 τὸν
1305 4483 1563 4559 ἄνθρωπον
1609 4492 1903 4562 τιμιὼτερον

330 4571 531 4626 ἐποίησε
567 4579 663 4624 τῶν
689 4569 844 4625 ἄλλων
871 4573 1106 4627 ἁπάντων
1129 4583 1228 4629 τῶν
1253 4577 1338 4629 ὲπί
1369 4586 1462 4648 γῆς
1489 4580 1797 4647 κτισμάτων.
1832 4581 1904 4632 Τά

331 4663 418 4728 μὲν
447 4655 533 4714 οὖν
569 4659 693 4716 ἄλλα
717 4665 882 4718 πάντα
915 4665 1040 4736 λόγῳ
1083 4662 1211 4729 εἷπε,
1238 4671 1320 4721 καὶ
1350 4669 1584 4740 ἐγένοντν
1624 4671 1711 4724 τὸν
1752 4668 1806 4724 δέ
1845 4691 1900 4738 γε

331 4747 612 4824 ἄνθρωπον,
641 4755 797 4812 καθὼς
824 4752 1036 4829 εἴρηται.
1065 4758 1212 4816 αὐτὸς
1239 4766 1357 4818 ταῖς
1385 4757 1535 4818 ἰδίαις
1569 4761 1744 4833 χερσὶ,
1769 4763 1900 4816 κατά

329 4847 417 4900 τήν
452 4845 585 4896 θείαν
620 4849 826 4919 γραῖήν,
858 4842 1260 4916 ἐδημιούργησν
1292 4850 1458 4907 πάντα
1486 4847 1630 4905 δὲτὰ
1665 4850 1900 4920 γινόμενα

333 4930 588 4988 ὄτι-ἀὺτοῦ
612 4933 694 4988 in!
712 4941 802 4994 τῆς
821 4941 911 5004 γῆς
943 4935 1156 4998 ὑπέταξε
1181 4944 1254 5008 τῷ
1283 4939 1527 5016 ἀνθρώπῳ
1555 4947 1627 5011 τῷ
1655 4942 1900 5012 γενομένῳ

327 5023 380 5076 ἐν
398 5031 460 5098 τῇ
481 5022 596 5096 ἕκτῃ
617 5024 800 5095 ήμὲρᾳ,
827 5023 912 5076 ’ἱνα
932 5023 1132 5078 πάντων
1164 5033 1260 5080 τῶν
1283 5028 1366 5082 ἐπὶ
1387 5037 1474 5089 τῆς
1500 5038 1592 5098 γῆς
1615 5031 1903 5098 κτισμάτων

325 5111 416 5172 ἕδη
433 5115 830 5190 προγεγονότων,
844 5116 928 5168 καί
944 5114 1332 5184 ἐτοιμασθέντων
1349 5123 1484 5190 αὐτῷ
1500 5119 1742 5194 δεσπόζῃ.
1753 5122 1908 5178 αὐτὸς

327 5204 428 5260 tim}
451 5210 540 5260 τοῦ
570 5204 802 5259 πλάστου
829 5201 1210 5274 δεσποζέμενος.
1238 5216 1398 5262 Τοῦτο
1439 5208 1491 5263 δὲ
1521 5212 1654 5279 ήμᾶς
1679 5208 1906 5264 διδάσκει

326 5297 406 5348 καί
429 5293 456 5348 ὁ
483 5295 532 5347 ἰν
556 5293 718 5368 ὃτγίοις
737 5293 966 5364 θεολόγοι·
985 5296 1258 5368 Γρηγόριος
1293 5299 1342 5350 ἓν
1373 5306 1442 5370 τῷ
1469 5297 1600 5370 λόγῳ
1627 5307 1700 5370 τῷ
1721 5303 1794 5358 εἰς
1813 5304 1902 5356 τήν

263 5421 274 5430 -
324 5386 433 5438 νέαν
453 5391 704 5460 κυριακήν,
731 5383 885 5456 λέγων
905 5397 920 5412 ⁸
951 5400 968 5432 t
1003 5383 1149 5438 Οῦτω
1170 5407 1220 5438 τι
1240 5393 1437 5459 πρῶτον
1463 5389 1508 5440 ἓν
1531 5389 1740 5461 ἡμέραις
1765 5390 1898 5463 ἀριθ-

321 5483 508 5540 μεῖται,
543 5477 628 5531 καὶ
663 5473 916 5548 δεύτερον,
951 5477 1038 5528 καί
1061 5480 1248 5546 τρίτον,
1277 5479 1363 5530 καί
1403 5479 1468 5532 τά
1495 5478 1626 5540 ἑξῆς,
1655 5466 1786 5551 άχρι
1807 5487 1896 5538 τῆς

319 5561 537 5633 ἇεδὸμης
561 5567 642 5618 καί
664 5564 1065 5632 καταπαυσὶμου
1081 5571 1180 5617 τῶν
1202 5561 1362 5636 ξογων
1392 5566 1606 5638 ἡμέρας·
1631 5563 1708 5627 αἶς
1739 5589 1900 5621 κατα-

329 5659 584 5734 μερίζεται
611 5661 674 5712 τά
695 5657 926 5729 γινὸμενα
945 5654 1104 5726 λόγοις
1130 5656 1360 5732 ἀρρήτοις
1387 5658 1689 5731 τασσόμενα,
1707 5662 1785 5714 καί
1812 5661 1900 5714 οὐκ

2005 4485 2084 4538 Ex
2129 4485 2213 4539 his
2244 4486 2402 4554 igitur
2429 4485 2657 4554 perspici
2685 4494 2884 4554 potest,
2916 4494 2972 4538 ut
3013 4485 3152 4538 Deus
3181 4485 3450 4539 hominem
3495 4486 3576 4539 fe--

2004 4577 2139 4629 cerit
2166 4576 2621 4629 honorabiliorem
2670 4591 2733 4628 ac
2776 4575 3150 4644 pretiosioretn
3181 4574 3301 4628 aliis
3329 4575 3575 4630 omnibus

2004 4683 2123 4736 qum
2152 4669 2203 4721 in
2237 4676 2378 4721 terra
2404 4677 2528 4721 sunt
2549 4667 2808 4721 creaturis
2835 4684 2849 4732 ;
2882 4667 2983 4720 alia
3005 4666 3220 4736 quidem
3243 4665 3418 4721 omnia
3450 4663 3576 4722 fecit

2005 4757 2204 4810 verbo:
2247 4757 2407 4821 dixit,
2454 4765 2508 4809 et
2557 4755 2693 4809 facta
2722 4765 2873 4820 sunt;
2909 4757 3175 4825 hominem
3222 4770 3380 4819 vero,
3417 4755 3571 4810 sicuti

2001 4847 2200 4901 dictum
2251 4855 2364 4912 est,
2412 4846 2643 4916 propriis
2694 4847 2808 4916 ipse
2852 4847 3096 4900 manibus
3137 4845 3289 4914 juxta
3336 4845 3570 4900 divinam
3650 4847 3658 4856 '

2001 4936 2328 5006 Scriptorum
2362 4935 2524 4990 fecit:
2559 4951 2887 5006 qumcunque
2915 4946 3092 4991 autem
3121 4938 3188 4992 ab
3229 4951 3294 4992 eo
3333 4938 3386 4992 in
3425 4945 3570 4991 terra

2001 5024 2140 5080 facta
2163 5033 2303 5090 sunt,
2335 5025 2569 5080 subdidit
2595 5026 2818 5092 homini,
2849 5027 2940 5096 qui
2969 5035 3123 5081 sexto
3145 5026 3314 5080 factus
3343 5034 3426 5082 εει
3443 5025 3568 5080 die:

2001 5121 2061 5166 ut
2087 5115 2335 5168 omnibus
2356 5114 2580 5168 terrenis
2604 5116 2863 5170 creaturis
2878 5115 2989 5184 jam
3018 5115 3190 5181 factis,
3223 5130 3286 5170 ac
3310 5115 3410 5184 ipsi
3434 5130 3563 5184 pne-

2001 5203 2222 5273 paratis,
2253 5202 2638 5268 dominaretur,
2686 5204 2798 5273 ipse
2827 5204 3170 5274 plasmatoris
3193 5204 3274 5258 sui
3309 5203 3570 5258 obediens

2000 5294 2246 5364 imperio.
2289 5293 2402 5349 iloc
2449 5303 2503 5350 et
2531 5310 2630 5350 nos
2655 5295 2814 5350 docet
2859 5306 3076 5352 sanctus
3104 5296 3409 5364 Theologus
3435 5292 3563 5364 Gre:

2000 5387 2182 5455 gorius
2207 5386 2256 5440 in
2288 5386 2534 5441 oratione
2559 5387 2612 5440 in
2639 5403 2832 5442 novam
2863 5387 3185 5443 dominicam
3225 5388 3400 5458 (Orat.
3433 5383 3524 5453 45)
3548 5388 3570 5456 ἰ-

1999 5477 2076 5532 sic
2105 5477 2247 5531 enim
2287 5477 2416 5532 dicit
2441 5496 2452 5530 :
2495 5497 2514 5530 ι
2545 5478 2622 5532 lta
2651 5479 2848 5547 aliquid
2879 5481 3106 5548 primum
3153 5479 3206 5533 in
3249 5477 3436 5531 diebus
3464 5488 3568 5527 nu-

2001 5574 2257 5630 meratur,
2281 5574 2336 5620 et
2358 5566 2672 5632 secundum,
2697 5577 2751 5621 et
2773 5569 3005 5632 tertium,
3023 5581 3086 5620 ac
3105 5566 3373 5632 deinceps,
3395 5573 3568 5629 usque,

2003 5658 2070 5713 ad
2112 5659 2407 5729 septimum
2433 5658 2572 5714 diem
2599 5699 2612 5724 ,
2645 5674 2750 5727 quo
2781 5659 2994 5728 requies
3036 5657 3132 5732 fuit
3171 5655 3236 5709 ab
3281 5649 3563 5736 operibus;
