3994 6140
337 269 444 337 957

1403 273 1636 335 LIBER
1671 275 2070 336 ADVERSUS
2107 275 2528 337 ORIGENEM.

2503 154 2521 188 Ι

3445 294 3554 358 958

333 394 496 443 ﬂauo
531 385 671 456 τόπῳ
694 402 708 416 ⁸
743 392 982 442 τοσοῦτον
1017 385 1072 442 δέ
1102 386 1128 442 ὃ
1167 387 1292 448 Θεὸς
1325 389 1558 459 ἠγάπησε
1587 391 1673 442 τὸν
1713 386 1876 461 ὄνορω

2002 383 2088 436 sed
2119 383 2170 437 in
2201 387 2443 456 supplicii
2491 388 2610 442 loco
2655 395 3026 450 collocaretur.
3071 390 3370 460 Τοειιορρτθ
3419 404 3547 446 πετο

335 473 526 541 πωνὸν
554 479 683 546 μιτά
712 479 884 531 πάντα
909 477 978 531 τά
999 473 1419 548 δημιουργήματα
1452 476 1697 540 ἔπλασεν,
1725 477 1804 532 ὅτι
1825 481 1907 530 καί

332 561 463 626 μετά
493 561 550 611 τό
578 561 866 632 παραϐῆναι
892 559 1046 612 αὐτὸν
1085 567 1175 620 τήν
1205 560 1430 616 δοθεῖσαν
1466 564 1605 634 αὐτῴ
1643 567 1785 634 παρὰ
1814 569 1904 616 τοῦ

331 651 457 699 Θεοῦ
485 646 703 711 έντολήν,
735 651 819 701 καί
853 647 937 702 διά
962 655 1114 704 τοῦτο
1137 651 1424 710 ἐιϐληθῆναι
1453 659 1542 706 τοῦ
1568 653 1900 725 πασιαῖείσου,

331 736 662 806 αὐξανομένου
690 745 779 792 τοῦ
799 740 972 811 γένους
1001 747 1098 794 τιῖν
1127 743 1418 814 ἀ.θρῶπων,
1435 747 1516 796 καί
1535 743 1900 812 πληθυνομένης

331 835 420 886 τῆς
444 826 698 898 ἁμαρτίας
723 826 807 883 διὰ
837 829 894 882 τὸ
919 831 1167 899 ἐγκεῖσθαι
1194 835 1283 889 τήν
1327 830 1546 885 acervo-av
1587 839 1685 888 τῶν
1717 834 1904 906 ἀνθρὼ-

331 938 441 970 πων
479 917 724 988 ἐπιμελῶς
761 916 846 972 έπί
869 921 936 974 τά
965 924 1206 995 χείρονα,
1253 923 1308 974 to
1352 922 1594 996 περιεῖδεν
1629 923 1655 977 ὁ
1683 925 1802 984 Θεὸς
1835 926 1902 983 ὡς

331 1008 518 1077 ἀγαθὸς
544 995 604 1062 τδ
634 1006 759 1062 ἴδιον
784 1009 1024 1081 πλάσμα,
1054 1011 1178 1066 ἀλλὰ
1201 995 1449 1088 διαφόροις
1475 1014 1757 1070 ἐνουθέτησε
1785 1012 1899 1087 τρὸ-

331 1115 448 1157 ποις
475 1103 582 1158 τοῖς
607 1098 709 1152 ἀπὸ
743 1105 835 1159 τῆς
863 1099 1010 1170 ἁγίας
1045 1099 1358 1173 δηλουμένοις
1388 1110 1608 1177 γραφῆς·
1653 1100 1822 1160 ἐπειδή
1849 1101 1900 1156 δὲ

333 1187 414 1241 irai
441 1185 734 1258 δεινοτέροις
757 1195 864 1247 τοῖς
898 1190 1268 1266 ἀρῤωστὴμασι
1309 1193 1528 1260 μείζονος
1558 1190 1792 1262 ἐδεόμεθα
1819 1195 1902 1244 καί

331 1281 422 1332 τῆς
448 1272 759 1347 (θεραπείας)
806 1277 1058 1347 ἰατρείας,
1089 1277 1235 1336 αὐτὸς
1271 1275 1296 1330 ὃ
1339 1283 1599 1348 μονογενής
1639 1284 1730 1332 τοῦ
1772 1284 1899 1332 Θιοῦ

332 1358 498 1434 λόγος,
526 1361 551 1414 ὁ
571 1357 661 1425 εἶς,
685 1363 926 1416 τουτέστι
943 1365 1000 1416 τὸ
1023 1361 1074 1416 ἓν
1099 1363 1366 1436 πρόσωπον
1386 1373 1477 1424 τῆς
1502 1364 1645 1434 ἁγίας
1672 1364 1898 1440 τριάδος,

331 1449 416 1505 διά
440 1455 530 1508 τήν
575 1452 760 1506 έαυτοῦ
804 1450 1166 1523 φιλανθρωπίαν
1205 1450 1466 1527 ἄνθρωπος
1510 1458 1703 1526 γίνεται
1741 1455 1902 1525 μένων

331 1540 480 1604 Θεὸς,
513 1538 642 1612 μηδέ
682 1545 772 1599 τήν
808 1541 970 1599 θεῖκήν
1001 1543 1160 1614 αὐτοῦ
1197 1543 1372 1596 οὐσίαν
1403 1543 1682 1604 ἀλλοιώσας
1709 1547 1783 1606 εἰς
1816 1549 1902 1602 τήν

333 1635 643 1708 ἀνθρωπίνην
661 1676 674 1698 ,
705 1633 830 1702 μηδέ
860 1639 948 1694 τήν
987 1637 1295 1710 ἀνθρωπίνην
1332 1638 1487 1692 αὐτοῦ
1513 1639 1682 1691 οὐσίαν
1711 1642 1784 1698 εἰς
1811 1643 1900 1696 τήν

1999 473 2186 527 dilexit
2225 475 2494 531 hominem
2524 477 2664 533 Deus
2687 523 2702 546 ,
2745 496 2902 548 quem
2931 490 3052 552 post
3076 494 3262 538 omnes
3286 486 3556 532 creaturas

1999 563 2385 634 fabricaverat,
2415 577 2473 622 ut
2499 585 2618 624 cum
2658 571 2747 625 ille
2793 581 3150 640 transgressus
3187 578 3330 626 esset
3371 569 3558 624 datum

1996 653 2094 706 sibi
2121 666 2462 726 praeceptum,
2487 674 2550 713 ac
2575 660 2770 714 idcirco
2791 675 2820 714 e
2842 660 3088 728 paradiso
3112 669 3254 715 esset
3272 657 3557 727 expulsus;

2002 744 2281 786 Cl‘t'Sl'elllB
2298 734 2570 785 hominum
2587 749 2804 801 genere,
2820 741 2871 785 et
2888 733 3150 800 gliscente
3161 741 3403 800 peccato,
3420 732 3566 798 quod

2000 824 2254 890 cogita'io
2281 823 2518 877 hominis
2549 825 2614 878 ad
2645 823 2917 878 deteriora
2952 838 3119 892 pravo
3143 821 3324 878 studio
3350 824 3566 878 incum-

2000 917 2166 975 υμνοι,
2195 915 2500 985 ﬁgmentum
2525 930 2681 970 suum
2710 915 2868 978 Deus,
2893 925 2949 968 ιιι
2975 925 3096 984 pote
3111 914 3312 978 bonus,
3334 931 3440 969 non
3465 929 3564 970 ne-

1996 1007 2242 1072 glvxerit,
2257 1007 2350 1060 sed
2372 1007 2556 1060 multis
2577 1006 2751 1060 modis
2767 1005 3172 1074 reprehenderit
3192 1015 3244 1060 et
3261 1005 3560 1075 castigarit,

1995 1094 2153 1146 sicuti
2177 1102 2367 1148 sancta
2393 1093 2676 1163 Scriptura
2700 1093 2992 1162 significat,
3021 1091 3314 1162 Postquam
3341 1109 3470 1148 vero
3491 1093 3562 1149 ob

1995 1185 2268 1253 graviores
2283 1185 2502 1239 morbos
2519 1185 2722 1252 niajore
2737 1184 3000 1238 medicina
3016 1183 3368 1252 indiguimus,
3383 1184 3560 1252 ipsum

1995 1275 2328 1344 unigenitum
2360 1275 2450 1330 Dei
2482 1274 2738 1337 Verbum,
2767 1290 2930 1338 unus,
2955 1273 3008 1329 id
3034 1281 3137 1339 est,
3167 1289 3270 1328 una
3304 1289 3558 1342 persona,

1994 1377 2196 1422 sanctae
2224 1367 2528 1433 Trinitatis,
2562 1377 2780 1437 prepter
2807 1366 3192 1436 benignitatem
3216 1380 3373 1419 suam
3393 1365 3559 1418 homo

1995 1458 2072 1524 lit,
2091 1473 2316 1515 manens
2333 1457 2494 1522 Deus,
2515 1474 2612 1513 nec
2636 1459 2818 1512 divina
2842 1473 2940 1513 sua
2959 1457 3264 1512 substantia
3285 1457 3338 1510 in
3366 1456 3562 1511 huma-

1993 1565 2116 1604 nam
2135 1534 2532 1614 con'versa,nec
2556 1552 2788 1604 humana
2810 1551 2864 1604 in
2885 1549 3122 1604 divinam
3144 1556 3369 1614 mutata;
3395 1563 3564 1604 unus-

1993 1657 2098 1710 que
2124 1651 2205 1698 est
2233 1657 2298 1697 ac
2327 1643 2466 1698 idem
2497 1645 2551 1696 in
2588 1651 2818 1712 utraque
2839 1653 3054 1705 natura,
3077 1643 3133 1696 in
3162 1642 3338 1711 iisque
3365 1641 3560 1694 incon-

332 1727 496 1782 θεῖκὴν
516 1725 830 1794 μεταϐαλὼν.
856 1728 946 1778 Καὶ
975 1723 1008 1779 ἴ
1009 1746 1119 1779 στιν
1147 1723 1216 1784 εἷς
1243 1729 1328 1779 καί
1351 1725 1376 1780 ὁ
1405 1727 1547 1786 αὐτὸς
1571 1729 1620 1780 έν
1644 1727 1903 1801 ἑκατέραις

2002 1732 2114 1789 fuse
2135 1743 2298 1804 atque
2328 1734 2562 1789 indivise
2587 1735 2959 1804 cognoscitur.
2984 1733 3209 1788 Manens
3231 1733 3379 1788 enim
3411 1731 3558 1802 quod

333 1821 448 1874 ταῖς
487 1816 694 1886 φύσεσιν
736 1816 1054 1884 ἀσυγχύτως
1083 1819 1168 1868 καί
1207 1813 1503 1885 ἀδιαιρέτως
1525 1816 1900 1890 γνωριζόμενος.

333 1905 509 1965 Μείνας
547 1907 644 1979 γάρ
674 1903 802 1982 ὅπερ
829 1903 916 1970 ἦν,
949 1907 1146 1977 γέγονεν
1174 1904 1298 1980 ὅπερ
1318 1908 1406 1962 οὐκ
1429 1904 1509 1966 ἦν.
1542 1909 1640 1960 Καί
1663 1907 1746 1960 τὸν
1775 1907 1904 1978 ὀφει-

333 1995 536 2066 λόμενον
561 1996 766 2050 θάνατον
789 1994 916 2068 παρ’
943 1998 1081 2066 ἡμῶν
1102 1998 1156 2048 ἐκ
1180 2004 1272 2055 τῆς
1299 1994 1382 2050 διά
1401 2001 1489 2055 τήν
1507 1995 1804 2070 παράϐασιν
1825 2017 1907 2050 κα-

333 2088 612 2159 τακρίσεως
628 2125 642 2150 ,
669 2088 718 2140 ἰν
743 2094 804 2160 τῇ
831 2086 934 2160 ἰδίᾳ
959 2091 1114 2162 σαρκί
1155 2086 1540 2158 ἀναδεξάμενος,
1573 2088 1905 2162 ἠλευθέρωσεν

334 2179 469 2246 ἡμᾶς
509 2183 600 2232 τοῦ
645 2181 843 2232 αἴωνίου
879 2180 1124 2246 Θανάτου,
1155 2182 1373 2254 ἀπαρχή
1411 2187 1510 2235 τῶν
1549 2183 1906 2252 κεκοιμημένων

335 2265 594 2338 γενόμενος
612 2307 626 2329 ,
656 2269 736 2320 καί
763 2267 1078 2342 πρωτότοκος
1105 2268 1332 2328 ἀναστὰς
1357 2268 1409 2322 ἐκ
1435 2276 1616 2340 νεαρῶν
1645 2274 1904 2344 συνήγειρε

335 2358 421 2409 καί
451 2355 766 2409 συνεκάθισεν
799 2358 931 2426 ἡμᾶς
958 2359 1008 2410 έν
1037 2364 1143 2418 τοῖς
1183 2357 1526 2430 ἐπουρανίοις,
1574 2359 1731 2418 καθὼς
1773 2361 1908 2429 ἡμᾶς

337 2443 563 2501 διδάσκει
585 2448 616 2504 ἡ
641 2447 946 2506 ἀποστολικὴ
973 2447 1281 2525 παράδοσις.
1312 2451 1365 2502 Ei
1385 2451 1484 2524 γάρ
1511 2452 1705 2509 χαίτην
1735 2452 1906 2524 ἀρχήν

335 2539 368 2595 ἦ
393 2538 669 2610 ἀνθρωπίνη
703 2539 850 2609 φύσις
891 2537 976 2592 διὰ
1003 2544 1090 2598 τήν
1117 2543 1376 2614 παρακοήν
1405 2541 1648 2616 έστερήθη
1685 2547 1777 2596 τοῦ
1807 2563 1908 2596 πα-

335 2627 604 2702 ραδείσου,
636 2629 740 2683 ἀλλ’
783 2627 916 2699 ὅμως
947 2633 1014 2690 ὡς
1055 2629 1281 2706 εἴρηται,
1322 2630 1347 2686 ὁ
1375 2637 1644 2704 μονογενής
1687 2633 1794 2693 υίὸς
1817 2638 1908 2686 τοῦ

336 2723 462 2772 Θεοῦ
485 2716 568 2772 διὰ
596 2723 688 2778 τήν
718 2719 900 2778 πολλὴν
935 2720 1136 2792 ἀγάπην
1159 2721 1339 2787 αὐτοῦ,
1377 2723 1434 2780 ἣν
1457 2724 1716 2792 ἠγάπησεν
1743 2725 1874 2793 ημᾶς
1891 2762 1906 2786 ,

337 2811 424 2864 τὴν
464 2807 713 2878 ἡμετέραν
748 2808 893 2877 φύσιν
933 2808 1123 2866 ἐνώσας
1165 2807 1329 2874 ἐαυτῷ
1378 2807 1745 2869 ἀδιασπάστως
1803 2809 1909 2863 καθ’

338 2894 655 2958 ὑπόστασιν,
684 2895 732 2946 ἐν
856 2899 1024 2968 μήτρᾳ
1045 2903 1136 2956 τῆς
1169 2895 1310 2970 ἁγίας
1339 2894 1536 2962 ένδὸξου
1574 2899 1800 2954 θεοτὸκου
1826 2900 1911 2951 καί

337 2985 664 3061 ἀειπαρθένου
692 2989 915 3059 Μαρίας,
945 2986 1166 3056 μείζονος
1192 2989 1321 3058 ἡμᾶς
1353 2991 1532 3051 ἠξίωσε
1561 2990 1794 3064 χάριτος,
1819 2995 1909 3047 τήν

1992 1833 2128 1889 erat,
2160 1825 2361 1880 factum
2396 1833 2480 1880 est
2509 1825 2656 1895 quod
2696 1840 2804 1879 non
2833 1833 2951 1880 erat
2982 1842 2994 1876 :
3037 1834 3376 1892 mortemque
3401 1823 3562 1879 nobis

1993 1914 2232 1970 debitam
2281 1931 2346 1972 ex
2377 1916 2829 1987 transgressionis
2857 1915 3228 1978 damnatione,
3261 1913 3315 1966 in
3341 1912 3560 1982 propria

1992 2021 2156 2061 carne
2172 2007 2499 2077 suscipiens,
2511 2016 2714 2062 aeterna
2734 2020 2831 2061 nos
2847 2013 3020 2060 morte
3034 2003 3561 2069 Iiberavit,primitia

1993 2097 2365 2152 dormientium
2377 2099 2576 2167 Iactus,
2594 2113 2658 2152 uc
2675 2096 3050 2167 primogenitus
3062 2109 3334 2164 resurgens
3343 2107 3408 2146 ex
3420 2107 3558 2145 mor-

1994 2191 2117 2253 tuis,
2146 2191 2516 2244 consuscitavit
2543 2198 2594 2244 et
2624 2187 2896 2242 consedere
2917 2203 3010 2241 nos
3031 2187 3154 2254 fecit
3178 2187 3235 2238 in
3263 2182 3559 2238 ealestibus

2002 2259 2055 2329 (I
2081 2260 2202 2315 Cor.
2229 2275 2334 2325 xv;
2364 2257 2562 2314 Coloss.
2587 2275 2635 2324 ις
2666 2259 2861 2332 Ephes.
2887 2259 2946 2333 ιι)
2972 2279 2987 2315 :
3011 2263 3458 2331 quemadmodum
3482 2277 3576 2318 nos

1962 2371 1967 2376 ·
2003 2349 2162 2405 docet
2197 2349 2412 2406 traditio
2448 2349 2767 2418 apostolica.
2812 2349 3065 2416 Quamvis
3093 2353 3236 2407 enim
3262 2367 3294 2407 a
3318 2352 3578 2424 principio

2005 2442 2240 2497 humana
2265 2450 2455 2515 natura
2485 2449 2704 2512 propter
2731 2442 3144 2498 inobedientiam
3184 2445 3390 2514 privata
3419 2459 3578 2513 para-

2005 2531 2123 2587 diso
2145 2539 2226 2586 est
2257 2549 2269 2584 :
2298 2538 2498 2596 tamen,
2529 2539 2588 2586 ut
2608 2538 2691 2586 est
2710 2531 2927 2594 dictum,
2955 2531 3258 2600 Unigenitus
3287 2532 3386 2586 Dei
3413 2531 3581 2586 Filius

2007 2631 2214 2692 propter
2263 2622 2474 2675 multam
2528 2621 2832 2676 charitatem
2887 2638 3034 2676 suam
3078 2639 3180 2694 qua
3245 2623 3428 2677 dilexit
3488 2639 3584 2679 nos

2011 2711 2224 2782 (Ep/tes.
2257 2709 2353 2781 ιι),
2402 2717 2646 2766 naturam
2695 2719 2932 2767 nostram
2979 2713 3080 2767 sibi
3126 2713 3316 2770 uniens
3359 2713 3584 2769 indivise

2009 2802 2302 2857 secundum
2341 2803 2740 2858 subsistentiam
2787 2803 2842 2858 in
2891 2812 3046 2858 utero
3097 2813 3296 2860 sancta:
3335 2805 3582 2870 gloriosa:

2011 2890 2104 2945 Dei
2151 2891 2420 2959 genitricis
2458 2907 2670 2961 semper
2716 2892 2926 2961 virginis
2967 2892 3182 2960 Marizn,
3231 2895 3423 2962 majori
3484 2907 3584 2949 nos

2011 2980 2256 3048 dignatus
2283 2988 2365 3035 est
2387 2981 2587 3048 gratia,
2618 2981 2825 3036 donans
2864 2982 3017 3036 nobis
3053 2997 3272 3051 regnum
3301 2983 3580 3039 oculorum.

337 3077 388 3128 έν
425 3077 651 3149 οὐρανοῖς
691 3075 952 3146 βασιλείαν
989 3080 1102 3147 ἡμῖν
1144 3081 1510 3154 χαρισάμενος.
1559 3090 1821 3156 Μαρτυρεῖ
1857 3080 1905 3137 δέ

2013 3070 2184 3139 Atque
2205 3069 2287 3124 his
2309 3071 2668 3125 testimonium
2692 3071 2936 3140 perhibet
2955 3083 3170 3127 sanctus
3189 3072 3424 3128 Joannes
3443 3065 3606 3128 Con?

338 3167 533 3225 τούτοις
562 3168 644 3219 καί
671 3165 707 3239 ,ὁ
743 3167 792 3218 έν
822 3165 987 3238 ἁγίοις
1017 3165 1241 3227 Ἰωάννης
1277 3167 1301 3221 ὁ
1342 3171 1910 3230 Κωνσταντινουπόλεως

338 3257 672 3328 πατριάρχης
701 3256 748 3307 ἐν
772 3263 842 3324 τῷ
875 3257 1003 3328 λόγῳ
1037 3264 1108 3327 τῷ
1137 3261 1208 3317 εἰς
1229 3261 1318 3314 τήν
1354 3257 1622 3327 ἀνάληψιν,
1653 3258 1806 3332 λέγων
1834 3259 1912 3312 οὗ·

340 3361 460 3404 τως·
485 3363 502 3394 ι
523 3348 672 3414 ἡμεῖς
697 3348 740 3398 οἶ
767 3355 856 3406 τῆς
880 3356 970 3418 γῆς
995 3349 1185 3412 ἀνάξιοι
1211 3350 1460 3420 φανέντες,
1481 3355 1699 3422 σήμερον
1729 3354 1800 3411 είς
1829 3351 1914 3404 τὸν

341 3434 548 3508 οὐρανὸν
595 3437 914 3506 ἀνήχθημεν·
962 3438 1008 3490 οἱ
1064 3437 1192 3508 μηδέ
1237 3446 1328 3500 τῆς
1373 3441 1506 3494 κάτω
1557 3442 1727 3512 ἀρχῆς
1773 3436 1910 3500 ὅντες

341 3523 488 3588 ἄξιοι,
519 3525 648 3597 πρὸς
675 3530 764 3584 τήν
787 3527 1046 3596 βασιλείαν
1073 3529 1315 3600 ἀνέϐημεν
1336 3536 1426 3589 την
1447 3527 1569 3592 ἄνω,
1599 3531 1910 3604 ὑπερέϐημεν

341 3608 462 3664 τοὺς
479 3607 745 3678 οὐρανούς,
759 3611 1104 3684 έπελαϐὀμεθα
1117 3621 1206 3668 τοῦ
1218 3619 1394 3688 θρόνου
1410 3626 1502 3674 τοῦ
1520 3619 1807 3690 βασιλικοῦ*
1829 3623 1912 3676 καί

341 3697 552 3768 ἡφύσις,
566 3696 632 3753 δι’
652 3700 710 3758 ἣν
728 3702 964 3772 ἐφύλαττε
982 3705 1064 3758 τὸν
1085 3704 1396 3776 παράδεισον
1411 3712 1477 3764 τά
1494 3712 1767 3784 Χερουϐὶμ,
1783 3713 1912 3772 αὐτή

339 3790 508 3844 έπάνω
541 3799 640 3846 τῶν
673 3795 926 3868 Χερουϐὶμ
963 3799 1172 3858 κάθηται
1200 3805 1440 3873 σήμερον.
1485 3821 1504 3853 ι
1537 3801 1911 3860 ’Δποδὲδεικται

337 3882 502 3932 τοίνυν
531 3877 610 3935 ὅτι
647 3882 749 3950 οὐχ
773 3885 838 3942 ὡς
869 3885 1124 3959 Ὠριγένης
1152 3883 1310 3962 ληρεῖ,
1335 3887 1386 3940 έν
1411 3887 1642 3960 οὐρανοῖς
1664 3889 1715 3941 αἱ
1735 3887 1912 3959 ψυχαί

337 3971 779 4044 προτλπάρχονσαι
801 4013 812 4030 .
865 3970 1046 4028 ἔπειτα
1085 3973 1454 4048 ἁμαρτήσασαι
1496 3977 1911 4047 κατιπέμφθησαν

337 4061 578 4134 τιμωρίας
624 4062 778 4134 χάριν
815 4064 888 4120 είς
925 4064 992 4116 τά
1037 4065 1274 4136 σώματα.
1299 4062 1421 4117 Ἀλλ’
1457 4065 1510 4118 ἐκ
1539 4073 1638 4119 τῶν
1679 4066 1909 4120 έναντίων

336 4149 421 4200 ἐπί
465 4157 558 4220 γῆς
597 4148 1022 4226 δημιουργηθεῖσα
1071 4151 1161 4211 ὅλη
1213 4155 1244 4210 ri
1295 4160 1385 4208 τοῦ
1429 4155 1692 4230 ἀνθρώπου
1733 4157 1906 4226 φύσις,

337 4239 573 4292 τουτέστι
600 4243 842 4310 σώματος
869 4245 956 4296 καί
982 4242 1182 4313 ψυχῆς,
1211 4241 1292 4298 διὰ
1318 4251 1408 4304 τῆς
1429 4243 1792 4302 έπιεξαλλούοήρ⁸
1821 4250 1906 4299 τοῦ

338 4332 466 4380 Θεοῦ
511 4329 817 4399 ἀγαθὸτητος
863 4340 954 4391 τῆς
1006 4333 1054 4386 ἐν
1103 4335 1332 4407 οὐρανοῖς
1379 4337 1580 4398 ἠξίωται
1623 4336 1904 4405 βασιλείας.

2013 3160 2437 3230 stantinopoleos
2463 3161 2764 3229 patriarcha
2792 3161 2846 3215 in
2865 3159 2872 3166 ’
2889 3177 3136 3216 sermone
3163 3161 3230 3216 de
3255 3161 3585 3219 Ascensiono

2013 3251 2183 3322 (Tom.
2213 3251 2276 3305 Ill
2305 3268 2443 3321 oper.
2477 3253 2640 3322 ejus),
2673 3252 2751 3307 sic
2775 3253 2958 3308 dicens
2983 3270 2995 3304 :
3028 3272 3046 3304 ε
3079 3252 3178 3320 Qui
3208 3261 3352 3308 terra
3379 3253 3582 3324 indigni

2011 3344 2409 3408 exstiteramus,
2441 3343 2598 3398 hodie
2626 3345 2678 3398 in
2708 3345 2902 3398 coelum
2925 3345 3115 3399 elevati
3144 3359 3325 3400 sumus
3353 3364 3366 3398 :
3397 3347 3488 3414 qui
3516 3361 3584 3402 ne

2011 3430 2262 3486 inferiore
2290 3431 2504 3500 quidem
2529 3432 2752 3500 imperio
2781 3431 3050 3487 fueramus
3077 3432 3240 3501 digni,
3266 3433 3334 3488 ad
3359 3447 3581 3501 regnum

2010 3532 2299 3588 supernum
2325 3519 2750 3587 conscendimus,
2781 3519 3108 3589 supergressi
3135 3521 3318 3588 cmlos,
3347 3521 3581 3590 regium-

2009 3631 2114 3687 que
2135 3616 2326 3671 solium
2355 3616 2550 3686 adepti.
2582 3616 2800 3683 Natura,
2843 3627 3064 3687 propter
3089 3633 3248 3687 quam
3293 3618 3580 3676 Cherubim

2009 3707 2311 3778 paradisum
2339 3708 2709 3763 custodiebant
2737 3707 2886 3778 (Cen.
2919 3707 3019 3781 ιιι),
3049 3709 3161 3779 ipsa
3190 3725 3348 3780 supra
3375 3710 3582 3766 Cheru-

2008 3797 2118 3852 bim
2154 3797 2314 3852 hodie
2370 3796 2541 3852 sedet.
2581 3817 2598 3849 ι
2646 3797 3002 3864 Quamobrem
3039 3798 3460 3856 demonstratum
3501 3811 3582 3857 est

2011 3884 2220 3940 animas
2241 3923 2258 3949 ,
2301 3900 2409 3940 non
2434 3926 2450 3952 ,
2489 3893 2550 3938 ut
2584 3884 2840 3953 Origenes
2873 3893 3136 3955 nugatur,
3176 3888 3231 3942 in
3259 3889 3408 3944 caelis
3435 3890 3582 3958 prius

2007 3971 2203 4040 fuisse,
2233 3987 2300 4028 ac
2319 3972 2511 4028 deinde
2549 3974 2602 4028 in
2638 3989 2864 4044 corpora
2904 3977 3122 4043 missas,
3157 3986 3211 4032 ut
3241 3987 3580 4050 perpetrato-

2007 4077 2124 4116 rum
2148 4071 2490 4132 peccatorum
2527 4078 2716 4133 puenas
2746 4065 3120 4134 exsolverent;
3161 4068 3255 4123 sed
3283 4077 3492 4135 contra,
3521 4070 3577 4124 in

2009 4157 2150 4204 terra
2187 4149 2498 4205 fabricatam
2538 4151 2841 4206 universam
2881 4163 3124 4209 naturam
3164 4157 3450 4212 humanam
3473 4198 3488 4224 ,
3525 4158 3580 4213 id

2007 4248 2092 4295 est
2117 4255 2310 4310 corpus
2332 4248 2492 4310 atque
2521 4241 2771 4304 animam,
2803 4241 3043 4298 honitate
3067 4258 3129 4300 ac
3159 4245 3466 4312 dignatiOne
3491 4246 3578 4302 di-

1968 4334 1978 4343 '
2006 4331 2128 4384 vina
2153 4328 2317 4384 ctelos
2343 4329 2588 4398 adeptam
2611 4345 2728 4384 esse
2759 4348 2770 4382 :
2803 4339 2860 4384 ut
2887 4332 2976 4400 qui
2998 4333 3243 4389 homines
3270 4335 3575 4390 mandatum

335 4415 490 4476 Ὠστε
508 4424 628 4482 τούς
655 4425 944 4501 ἀνθρώπους
966 4429 1086 4486 τούς
1109 4431 1196 4485 την
1226 4427 1420 4486 ἣτολὴν
1451 4433 1542 4483 τοῦ
1563 4436 1688 4482 Θεοῦ
1720 4429 1898 4498 φυλάτ-

2009 4425 2100 4480 Dei
2121 4425 2452 4480 custodirent
2493 4440 2557 4480 ac
2601 4425 2921 4496 implerent,
2970 4429 3279 4498 angelorum
3326 4432 3380 4486 in
3421 4433 3573 4489 caelis

335 4513 508 4572 τοντάς
545 4533 631 4578 τε,
665 4519 747 4568 καί
793 4515 1134 4588 πληροῦντας,
1177 4519 1435 4580 ἀξιοῦσθαι
1463 4526 1552 4576 τῆς
1592 4518 1640 4569 ἐν
1677 4519 1904 4592 οὐρανοῖς

335 4609 434 4656 τῶν
473 4605 694 4674 ἀγγέλων
733 4603 1106 4677 συνδιαγωγῆς·
1136 4605 1222 4666 οὓς
1261 4607 1310 4660 ἐν
1337 4614 1400 4680 τῇ
1436 4615 1498 4681 γῇ
1531 4605 1613 4661 διὰ
1652 4615 1743 4666 τῆς
1774 4608 1904 4680 πρὸς

334 4698 455 4750 Θεὸν
497 4695 764 4769 ὁμολογίας
808 4702 1074 4770 μιμεῖσθαι,
1114 4701 1553 4774 προσετάχθημεν.
1607 4706 1670 4752 Bo
1701 4699 1905 4770 λόμενος

334 4790 430 4862 γάρ
471 4785 496 4840 ὁ
536 4789 658 4848 Θεὸς
696 4787 780 4844 διά
825 4796 912 4848 τήν
942 4787 1196 4865 ἄφραστον
1233 4793 1383 4846 αύτ.ῦ
1429 4793 1812 4866 ςνιλανθρωπίαν,
1851 4789 1918 4853 ὃν,

333 4878 516 4950 τρόπον
539 4881 588 4932 ἓν
611 4881 836 4952 οὐρανοῖς
871 4881 971 4935 ὐπὸ
1001 4889 1098 4935 τῶν
1123 4880 1278 4952 ἁγίων
1314 4880 1568 4952 δυνάμεων
1607 4879 1867 4944 δοξάζεται
1884 4921 1898 4945 ,

334 4969 468 5021 οἷτω
489 4971 572 5022 καὶ
591 4970 672 5024 ἐπί
691 4977 779 5030 τῆς
807 4979 899 5040 γῆς
920 4971 1020 5024 ύπό
1042 4977 1138 5025 τῶν
1157 4972 1430 5044 ἀνθρώπων
1451 4969 1760 5034 δοξάζεσθαι,
1793 4969 1904 5029 ἔδη-

334 5055 612 5129 μιούργησε
647 5061 730 5114 τὸν
755 5058 1026 5136 ἄνθρωπον,
1059 5059 1288 5138 δεύτερον
1317 5059 1522 5134 ἀγγεῖον
1549 5064 1628 5116 ἐπὶ
1671 5073 1760 5122 τῆς
1786 5070 1900 5134 γῆς,

336 5149 400 5207 ὡς
433 5141 493 5202 ἀν
519 5149 756 5226 πληρωθῇ
781 5153 846 5205 τά
869 5157 1035 5206 πάντα
1063 5149 1202 5214 δόξης
1232 5159 1380 5207 Θεοῦ.
1405 5149 1545 5206 Ὀθιν
1570 5157 1654 5204 καὶ
1682 5153 1707 5207 ὀ
1736 5150 1903 5227 κύριος

332 5234 646 5312 παραδιδούς
665 5236 802 5300 ὅπως
817 5240 1064 5311 ὀφεᾶουσι
1082 5242 1488 5312 προσεύχεσθαι,
1501 5244 1649 5314 λέγω
1663 5245 1902 5318 -Πάτερ

333 5329 474 5396 ἡμῶν
507 5326 606 5381 ὅέν
643 5335 754 5388 τοῖς
782 5331 1029 5405 οὐρανοῖς,
1059 5330 1348 5402 ἁγιασθήτω
1387 5333 1445 5386 τὸ
1491 5329 1650 5402 ὄνομά
1688 5355 1804 5397 σου,
1836 5335 1908 5388 έλ-

335 5422 461 5479 θίτοι
487 5421 520 5479 ἦ
557 5419 792 5491 βασιλεία
831 5442 960 5488 σου,
989 5427 1236 5496 γινηίλήτω
1274 5425 1330 5480 τὸ
1371 5425 1553 5494 θέλημά
1593 5445 1714 5488 σου,
1761 5427 1829 5486 ὡς
1856 5425 1906 5481 έν

333 5513 527 5587 οὐρανῷ
552 5516 636 5568 καί
661 5515 741 5568 ἐπί
763 5526 852 5576 τῆς
873 5525 984 5590 γῆς.
1009 5538 1026 5568 ι
1072 5499 1079 5506 ⁸

408 5605 646 5676 Σύιιιγωνα
677 5603 727 5659 di
760 5616 862 5666 τοῖς
895 5611 1009 5682 παρ’
1034 5611 1168 5680 ἡμῶν
1197 5614 1469 5686 εἴρηκέ-νοις
1501 5617 1584 5667 καὶ
1611 5612 1634 5667 ὁ
1668 5615 1717 5666 ἐν
1743 5614 1903 5685 ἁγίοις

333 5694 560 5768 ε.ολὲγνες
600 5698 865 5771 regem;
897 5700 941 5751 ἐν
984 5708 1052 5772 τῷ
1095 5699 1222 5774 λᾶ-,ιξι
1252 5712 1318 5772 τῷ
1348 5706 1412 5762 εἷς
1451 5705 1498 5756 τὲ
1543 5703 1678 5776 ἅγιον
1720 5708 1899 5776 πάσχα

2006 4520 2410 4576 conversatione
2436 4518 2582 4587 digni
2605 4520 2948 4588 haberentur,
2970 4538 3108 4590 quos
3135 4523 3188 4577 in
3211 4533 3350 4579 terra
3377 4525 3574 4581 imitari

2005 4625 2102 4678 per
2137 4607 2522 4665 confessionem
2559 4611 2615 4665 in
2652 4610 2816 4666 Deum
2861 4611 2992 4680 jussi
3038 4629 3240 4669 smnus.
3292 4615 3423 4669 Nam
3452 4632 3572 4670 eum

2005 4699 2165 4754 vellet
2180 4699 2316 4754 Deus
2337 4707 2556 4770 propter
2574 4701 2979 4756 inenarrabilem
2999 4702 3381 4760 humanitatem
3400 4720 3572 4770 suam,

2005 4790 2142 4846 sicut
2169 4789 2220 4844 in
2250 4789 2398 4845 coris
2425 4806 2455 4844 a
2483 4792 2681 4846 sanctis
2718 4792 3000 4847 virtutibus
3035 4793 3381 4861 gloriﬁcatna,
3421 4796 3492 4850 ita
3519 4807 3574 4850 et

2009 4882 2062 4936 in
2084 4890 2224 4936 terra
2251 4880 2530 4950 glorificari
2561 4885 2626 4937 ab
2647 4884 2966 4952 hominibus,
2991 4884 3276 4941 fabricatus
3295 4895 3376 4942 est
3397 4888 3572 4943 homi—

2008 4987 2150 5036 nem,
2174 4973 2400 5026 a!terum
2429 4973 2670 5038 angelum
2695 4974 2746 5026 in
2779 4974 2968 5029 terris:
3001 4981 3060 5027 ut
3089 4973 3180 5028 Dei
3201 4975 3370 5042 gloria
3391 4979 3571 5031 omnia

2009 5062 2422 5132 complerentur.
2471 5061 2653 5130 itaque
2681 5062 2936 5120 Dominus
2965 5065 3179 5120 tradens
3205 5065 3475 5134 quomodo
3503 5070 3576 5123 sit

2010 5151 2292 5219 orandum,
2317 5150 2447 5206 dicit
2473 5169 2485 5203 :
2513 5150 2671 5204 Pater
2699 5163 2890 5222 uoster,
2921 5155 3006 5224 qui
3033 5171 3088 5208 es
3116 5155 3168 5208 in
3197 5156 3354 5218 ralis,
3384 5157 3576 5209 sancti-

2009 5255 2188 5324 ﬁcetur
2207 5270 2386 5308 nomen
2409 5261 2567 5318 tuum,
2591 5253 2827 5308 adveniat
2855 5274 3063 5326 regnum
3093 5261 3369 5330 tuum-ﬁat
3397 5258 3575 5316 ulun-
3651 5313 3658 5320 ,

2011 5355 2089 5400 tas
2119 5355 2204 5399 tua
2231 5347 2359 5400 sicut
2387 5345 2442 5400 in
2471 5347 2595 5400 caelo
2624 5355 2674 5400 et
2697 5347 2750 5400 in
2779 5358 2934 5403 terra.

2087 5614 2213 5668 Cum
2247 5614 2326 5668 his
2349 5629 2506 5682 porro
2529 5629 2647 5682 quae
2675 5630 2704 5667 a
2736 5614 2888 5668 nobis
2914 5614 3052 5668 dicta
3084 5623 3222 5675 sunt,
3255 5615 3579 5668 conveniunt

2007 5722 2124 5776 qua:
2155 5713 2367 5762 sanctus
2399 5705 2438 5758 Τ
2446 5707 2700 5774 hcologus
2724 5703 3011 5773 Gregorius.
3055 5705 3211 5760 docet
3253 5705 3305 5758 in
3333 5719 3588 5764 sermone
