3994 6140
526 271 595 333 59

1797 269 2234 330 JUSTINIANI
2283 273 2435 331 IMP.
2594 325 2600 330 .
3013 319 3019 325 .
3655 274 3761 333 θειεέ

497 380 744 446 διδάσκει.
769 387 922 459 λέγων
951 389 1109 449 οὕτως
1130 405 1142 419 ·
1177 407 1196 438 ε
1228 397 1384 446 Τοῦτο
1410 390 1471 451 δή
1495 393 1750 462 βουληθείς
1777 393 1801 446 ὁ
1827 397 2050 462 τεχνίτης

2170 397 2232 448 de
2249 405 2432 448 sancto
2455 394 2708 448 Paschate
2727 392 2898 458 (Orat.
2928 391 3014 452 4-2,
3044 407 3111 461 qu
3131 399 3246 443 eest
3276 370 3400 442 2άί
3413 387 3732 455 Past'ltate);

492 471 840 538 ἐπιδείξασθαι
859 478 1019 548 λόγος,
1052 482 1133 532 καί
1157 483 1280 542 ζῶον
1305 478 1356 534 ἓν
1385 477 1435 544 ἐξ
1463 483 1770 556 ἀμφοτέρων,
1797 482 1983 557 ὁρατῆς
2009 505 2066 539 τε

495 562 623 636 λέγω
651 568 736 618 καί
778 568 993 641 ἀοράτου
1027 570 1248 639 φύσεως,
1296 568 1596 645 δημιουργεῖ
1637 573 1722 626 τόν
1775 571 2062 646 ἄνθρωπον

497 658 580 708 καί
619 659 759 728 παρά
782 659 871 722 μέν
895 666 988 714 τῆς
1011 657 1130 718 ὕλης
1149 659 1312 712 λαϐὼν
1337 661 1395 713 τὸ
1435 668 1586 730 σῶμα
1611 659 1705 720 ἤδη
1731 665 2064 736 προϋποστά-

497 765 616 808 σης,
645 745 768 820 παρ’
794 747 975 800 ἑαυτοῦ
998 747 1050 802 δέ
1082 753 1211 811 ζωήν
1240 749 1409 812 ἐνθείς,
1433 747 1460 803 ό
1481 749 1539 809 δὴ
1564 750 1742 822 ψυχήν
1764 755 1960 822 νοεράν.
1985 757 2066 806 καὶ

497 832 658 888 εἰκότα
686 840 810 888 Θεοῦ
835 831 961 891 οἶδεν
991 836 1198 910 ὁλόγος,
1227 836 1325 892 οἷόν
1351 859 1463 892 τινα
1492 839 1680 909 κόσμον
1708 841 1877 916 ἕτερον
1904 844 1955 896 έν
1979 864 2058 910 μι-

493 931 599 998 κρῷ
624 925 781 994 μέγαν
805 925 888 979 ἐπὶ
905 934 997 986 τῆς
1018 936 1112 997 γῆς
1131 928 1355 992 ἵστησιν,
1387 925 1595 1000 ἄγγελον
1622 927 1763 983 ἄλλον
1786 951 2066 1004 προσκυνη-

491 1016 581 1070 τήν
623 1015 817 1080 μικτόν.
851 1015 1075 1072 ἐπόπτην
1114 1025 1208 1090 τῆς
1247 1015 1431 1090 ὁρατῆς
1455 1020 1692 1080 κτίσεως,
1731 1021 1926 1088 μύστην
1972 1029 2064 1081 τῆς

491 1104 778 1170 νοουμένης,
807 1095 1021 1171 βασιλέα
1049 1113 1144 1157 τῶν
1163 1107 1247 1158 ἐπὶ
1267 1115 1380 1176 γῆς.
1407 1107 1796 1176 βασιλευόμενον
1822 1105 2022 1162 ἄνωθεν.
2039 1127 2056 1158 ι

493 1192 728 1265 Πρόσχες
756 1195 939 1258 τοίνυν,
987 1193 1064 1248 ὅτι
1107 1193 1316 1265 λέγωνό
1355 1201 1550 1268 πατὴρ,
1595 1197 1654 1258 ἐξ
1703 1198 2062 1270 ἀμφοτέρων

493 1281 785 1339 εποίησεν
818 1281 842 1336 ὁ
871 1285 1022 1342 Θεὸς
1059 1285 1164 1339 τὸν
1192 1281 1537 1358 ἄνθρωπον,
1561 1287 1890 1358 προσέθηκεν.
1911 1286 1988 1342 ὃτι
2006 1290 2062 1342 τὸ

491 1372 581 1437 μέν
601 1377 750 1439 σῶμα
771 1371 819 1434 ἐξ
849 1372 968 1431 ὕλης
993 1371 1086 1430 ἤδη
1117 1377 1521 1447 προῦποστάσης
1552 1373 1724 1441 ἔλαϐε,
1743 1381 1832 1433 τήν
1869 1374 1922 1429 δὲ
1961 1377 2062 1446 ψυ-

495 1465 596 1529 χὴν
618 1460 726 1514 οὐδὲ
758 1464 1119 1536 προϋπάρχειν
1141 1459 1294 1523 εἶπεν,
1313 1461 1423 1517 οὐδέ
1447 1462 1501 1516 ἔκ
1529 1485 1652 1522 τινος
1684 1467 2062 1540 προϋπαρχού-

491 1573 588 1612 σης
623 1553 802 1612 οὐσίας
825 1555 1144 1622 γεγενῆσθαι,
1169 1554 1274 1606 ἀλλ’
1302 1551 1378 1607 ὄτι
1406 1555 1530 1628 παρ’
1553 1555 1740 1609 ἑαυτοῦ
1770 1555 1934 1616 ὁΘεὸς
1955 1558 2059 1608 ἐνέ-

490 1642 603 1699 θηκε
622 1648 712 1701 τήν
736 1647 886 1706 ζωήν,
919 1641 944 1696 ὃ
969 1642 1029 1701 δή
1054 1642 1232 1714 ψυχήν
1254 1646 1429 1718 νοεράν
1460 1648 1545 1697 καί
1573 1645 1738 1698 εἰκόνα
1777 1651 1903 1698 Θεοῦ
1933 1642 2060 1698 οἶδεν

2169 486 2246 540 sic
2275 485 2416 538 enim
2445 484 2573 538 dicit
2601 503 2612 536 :
2642 501 2659 534 ι
2695 483 2828 538 Cum
2858 485 2995 536 hanc
3031 495 3142 534 rem
3165 478 3397 533 Verbum
3421 476 3617 530 artifex
3643 476 3737 530 de-

2173 585 2470 628 monstrare
2495 575 2673 638 vellet,
2713 573 2875 627 etiam
2901 570 3096 624 animal
3142 583 3310 622 unum
3358 582 3424 620 ex
3454 566 3738 632 utrisque,

2172 671 2360 716 natura
2392 662 2636 716 videlicet
2659 659 2850 715 visibili
2871 669 3030 728 atque
3055 656 3323 720 invisibili,
3356 654 3628 708 hominem
3659 651 3743 707 fa-

2173 749 2440 815 bricatur;
2460 758 2772 819 sumptoque
2785 761 3010 816 corpore
3029 760 3059 800 e
3080 745 3304 800 materia
3323 757 3442 812 quae
3469 751 3592 796 ante
3611 739 3746 795 sub-

2173 841 2414 905 sistebat,
2444 857 2504 894 ac
2531 856 2562 894 a
2587 840 2762 908 seipse
2785 839 2953 892 vitam
2981 837 3170 892 indens
3193 834 3359 906 (quod
3402 835 3590 902 utique
3620 834 3746 889 ani-

2166 940 2307 978 mam
2331 925 2714 993 intelligentem
2736 934 2791 979 et
2813 924 3096 993 imaginem
3120 924 3216 978 Dei
3237 938 3356 978 esse
3382 931 3522 980 ratio
3543 929 3746 999 novit),

2163 1015 2324 1068 veluti
2353 1014 2635 1082 quemdam
2661 1014 2887 1067 alterum
2915 1013 3194 1080 mundum,
3216 1013 3270 1067 in
3298 1028 3468 1082 parvo
3490 1030 3745 1083 magnum

2162 1103 2440 1157 constituit
2462 1104 2512 1156 in
2544 1110 2706 1165 terra,
2733 1101 2894 1155 alium
2923 1101 3188 1169 angelum,
3219 1103 3580 1170 promiscuum
3606 1104 3743 1159 ado—

2162 1199 2414 1256 ralorem,
2433 1191 2913 1260 contemplatorem
2933 1190 3156 1245 visibilis
3176 1199 3400 1256 naturae,
3419 1194 3745 1247 studiosum-

2161 1294 2263 1346 que
2283 1279 2398 1348 ejus
2417 1295 2534 1348 qua:
2555 1281 2667 1334 sola
2688 1287 2866 1334 mente
2886 1279 3357 1348 comprehenditur
3377 1298 3392 1334 :
3417 1296 3602 1336 eorum
3621 1297 3744 1350 quae

2162 1370 2214 1422 in
2245 1378 2385 1424 terra
2413 1381 2565 1435 sunt,
2595 1371 2972 1440 imperatorem
3009 1385 3243 1438 superno
3281 1371 3739 1440 obtemperantem

2163 1458 2408 1526 imperio.
2448 1477 2466 1510 ι
2521 1459 2697 1524 Quare
2737 1458 3119 1512 attendendum
3167 1467 3267 1526 est,
3317 1458 3530 1514 Patrem
3574 1463 3739 1530 hunc,

2159 1563 2279 1601 cum
2310 1547 2512 1602 diceret
2537 1549 2700 1602 Deum
2732 1563 2797 1602 ex
2826 1548 3067 1618 utrisque
3095 1548 3284 1603 fecisse
3313 1549 3609 1619 hominem,
3637 1553 3737 1608 ad-

2159 1638 2356 1692 didisse
2384 1653 2414 1692 e
2436 1639 2584 1707 prius
2605 1639 2924 1693 subsistente
2953 1639 3175 1693 materia
3197 1655 3392 1709 corpus
3418 1650 3689 1711 sumptum
3719 1663 3734 1699 :

491 1728 517 1784 ὃ
542 1730 702 1802 λόγος.
728 1735 816 1784 Καὶ
845 1734 902 1787 τό
925 1734 1078 1784 είπεῖν
1105 1731 1157 1785 δέ
1176 1733 1258 1787 τὸν
1280 1734 1499 1807 πατέρα,
1527 1730 1602 1786 ότι
1630 1733 1834 1803 βασιλέα
1855 1734 1939 1786 ἰπὶ
1965 1741 2050 1792 τῆς

2159 1743 2266 1780 non
2295 1729 2488 1782 dixisse
2509 1745 2637 1784 vero
2666 1730 2809 1800 prius
2831 1730 3098 1786 exstitisse
3122 1731 3374 1797 animam,
3405 1747 3506 1788 nec
3533 1749 3597 1788 es
3628 1734 3736 1790 ulla

489 1826 579 1889 γῆς
603 1824 812 1876 εποίησε
843 1821 927 1876 τὸν
955 1818 1210 1893 ἄνθρωπον
1240 1821 1264 1874 ό
1295 1823 1418 1881 Θεὸς
1447 1821 1831 1892 βασιλευόμενον
1853 1821 2055 1887 ἄνωθεν,

489 1910 684 1984 ἀναιρεῖ
707 1911 762 1964 τὸ
805 1912 960 1973 λέγειν
1003 1915 1070 1970 ὡς
1101 1910 1184 1965 διά
1221 1912 1424 1966 κόλασιν
1455 1913 1782 1970 ἐνεϐλήθησαν
1809 1913 1862 1966 ai
1887 1912 2064 1983 ψυχαὶ

487 2007 594 2061 τοῖς
623 2004 850 2070 σώμασι⁰
893 2003 952 2057 τὸ
986 2004 1084 2077 γάρ
1122 2003 1406 2073 βασιλεύειν
1437 2002 1518 2055 ἐπὶ
1554 2011 1641 2061 τῆς
1675 2010 1769 2073 γῆς
1789 2041 1805 2066 ,
1839 2005 1922 2054 καί
1960 2005 2060 2058 ύπό

490 2093 615 2140 Θεοῦ
657 2089 807 2159 μόνου
857 2089 1232 2158 βασιλεύεσθαι,
1266 2092 1321 2144 ού
1362 2096 1629 2163 τιμωρίας,
1673 2091 1796 2147 ἀλλά
1839 2093 2060 2162 μεγάῖης

483 2173 596 2228 ἔστι
621 2185 711 2236 τῆς
740 2184 832 2232 τοῦ
867 2185 997 2234 Θεοῦ
1024 2178 1240 2255 δωρεᾶς.

486 2351 630 2410 ribus
658 2355 861 2412 dicunt.
908 2357 1040 2412 Nam
1088 2358 1140 2413 in
1191 2367 1332 2414 terra
1376 2373 1600 2428 regnare
1624 2401 1641 2428 ,
1668 2359 1938 2430 soliusque
1963 2361 2056 2417 Dei

485 2443 580 2498 sed
607 2444 657 2498 in
683 2461 875 2516 magno
903 2451 1164 2506 beneficio
1183 2467 1246 2506 ac
1267 2467 1485 2508 munere
1511 2454 1626 2508 Dei.

559 2537 683 2607 Πρὸς
725 2541 922 2602 τούτοις
967 2541 1020 2596 δὲ
1061 2545 1262 2596 κάκεῖνο
1311 2545 1464 2598 εἰπεῖν
1501 2547 1774 2616 ἀναγκαῖον
1807 2548 2060 2618 ἡγούμεθα

487 2625 615 2700 πρὸς
642 2629 762 2687 τούς
789 2635 879 2689 τήν
906 2631 1228 2706 προύπαρξιν
1252 2633 1510 2706 λέγοντας,
1535 2631 1613 2689 ὅτι
1635 2635 1775 2708 εἴπερ
1806 2637 1978 2698 ἀληθὲς
2003 2636 2060 2696 ἦν

484 2716 543 2768 τὸ
572 2719 932 2792 προϋπάρχειν
957 2724 1050 2779 τάς
1072 2721 1252 2790 ψυχάς
1285 2729 1383 2776 τῶν
1419 2725 1684 2794 σωμάτων,
1710 2726 1968 2796 ἐγίνωσκον
1999 2722 2058 2779 ἂν

485 2807 572 2858 καί
606 2807 878 2876 ἐμέμνηντο
921 2807 949 2862 ὅ
989 2832 1040 2863 τι
1083 2809 1338 2883 ἔπραττον
1386 2814 1469 2864 καί
1499 2813 1600 2886 πρό
1627 2819 1716 2868 τοῦ
1747 2815 1978 2870 εἰσελθεῖν
2008 2818 2056 2870 ἐν

483 2902 598 2954 τοῖς
627 2899 877 2966 σώμασιν,
906 2901 1081 2976 ὥσπερ
1107 2905 1186 2954 καὶ
1231 2904 1358 2970 μετά
1385 2908 1472 2960 τήν
1499 2904 1730 2962 τελευτὴν
1763 2905 2056 2961 ἐπίστανται

483 2984 569 3038 καί
593 2989 897 3056 γινώσκωσι
920 2992 986 3044 τά
1024 2992 1322 3062 πραχθέντα
1355 2993 1532 3052 αὐταῖς
1561 2994 1614 3047 έν
1654 3001 1764 3054 τοῖς
1799 2999 2051 3066 σώμασιν.

482 3073 826 3146 ’.ἀποδείξομεν
855 3076 906 3132 δέ
933 3081 990 3133 τό
1008 3085 1264 3152 γινώσκειν
1289 3087 1378 3141 τόν
1403 3083 1582 3154 ψυχήν
1613 3087 1743 3154 μετά
1772 3092 1860 3144 τήν
1889 3089 2053 3142 ἐντεῦ-

2163 1825 2451 1880 substantia
2477 1836 2651 1881 natam
2681 1843 2799 1897 qute
2827 1837 2949 1882 ante
2970 1827 3228 1882 existeret
3262 1839 3278 1877 :
3313 1826 3409 1880 sed
3453 1829 3618 1884 Deum
3641 1847 3736 1900 per

2165 1917 2397 1984 seipsum
2425 1917 2589 1970 vitam
2621 1917 2890 1982 indidisse,
2933 1917 3074 1986 quod
3115 1916 3348 1970 animam
3394 1933 3511 1974 esse
3543 1921 3735 1975 intelli-

2167 2013 2399 2074 gentem,
2429 2014 2484 2059 et
2523 2006 2615 2060 Dei
2663 2005 2943 2073 imaginem
2970 2047 2984 2070 ,
3018 2006 3166 2060 novit
3189 2007 3346 2061 ratio.
3379 2007 3532 2073 Quod
3559 2018 3736 2063 autem

2165 2095 2295 2149 dicit
2322 2094 2478 2150 Pater
2500 2136 2515 2161 ,
2559 2095 2726 2150 Deum
2762 2096 2950 2150 fecisse
2978 2095 3250 2150 hominem
3279 2095 3656 2166 imperatorem
3679 2101 3734 2156 in

2166 2193 2308 2240 terra
2333 2227 2346 2251 ,
2389 2201 2622 2256 superno
2649 2187 2965 2239 obstrictum
3008 2185 3234 2253 imperio
3259 2227 3274 2252 ,
3315 2187 3508 2240 evertit
3552 2203 3733 2244 eorum

2164 2277 2512 2330 assertionem
2541 2278 2630 2345 qui
2661 2277 2726 2330 ad
2755 2291 2966 2345 poenam
2996 2276 3202 2330 animas
3236 2276 3501 2331 immissas
3545 2294 3734 2350 corpo-

2099 2367 2268 2421 teneri
2309 2367 2554 2436 imperio,
2603 2383 2710 2421 non
2755 2367 2806 2421 in
2853 2366 3098 2438 supplicii
3133 2365 3254 2422 loco
3296 2366 3592 2424 ducendum
3631 2381 3733 2440 est,

2235 2545 2312 2601 Ad
2339 2548 2450 2603 htec
2480 2548 2606 2602 illud
2638 2549 2792 2604 nobis
2818 2549 3119 2604 necessario
3149 2549 3433 2605 dicendum
3462 2549 3734 2605 existima-

2165 2650 2282 2688 mus
2309 2635 2360 2688 in
2390 2651 2484 2690 eos
2522 2637 2614 2705 qui
2660 2638 3105 2706 prteexistentiam
3146 2647 3387 2693 asserunt
3421 2657 3433 2691 :
3467 2639 3520 2693 Si
3550 2653 3729 2694 verum

2163 2730 2326 2790 esset,
2349 2723 2494 2792 prius
2514 2739 2632 2778 esse
2657 2725 2860 2777 animas
2888 2738 3046 2792 quam
3073 2739 3318 2794 corpora,
3349 2739 3732 2794 cognoscerent

2163 2834 2227 2875 ac
2251 2823 2660 2876 recordarentur
2686 2838 2803 2892 quat
2833 2832 2957 2877 ante
3002 2823 3287 2889 gessissent
3324 2839 3480 2892 quam
3521 2825 3572 2878 in
3603 2840 3730 2880 cor-

2159 2925 2290 2980 pora
2317 2913 2590 2978 venirent;
2621 2909 3066 2982 quemadmodum
3097 2921 3212 2984 post
3233 2913 3427 2966 obitum
3455 2913 3630 2966 sciunt
3652 2929 3721 2968 ac

2159 3019 2353 3064 norunt
2399 3025 2517 3079 qua:
2563 3011 2614 3064 in
2660 3010 2973 3082 corporibus
3013 3024 3182 3078 egere.
3229 3008 3722 3064 Demonstrabimus

2159 3116 2334 3159 autem
2365 3108 2594 3161 animam
2619 3116 2738 3176 post
2758 3107 3048 3162 discessum
3075 3124 3107 3161 e
3131 3114 3232 3160 vna
3261 3119 3579 3174 cognoscere
3599 3123 3726 3176 qua:

481 3167 558 3218 θεν
587 3169 866 3225 άποϐίωσιν
901 3173 966 3226 τά
994 3173 1149 3244 έαυτῇ
1183 3177 1528 3252 πεπραγμένα.
1561 3179 1612 3240 ἐξ
1643 3179 1806 3232 αὐτῶν
1840 3188 1938 3234 τῶν
1960 3188 2049 3235 τοῦ

2155 3197 2334 3264 gessit,
2363 3213 2430 3251 ex
2459 3199 2586 3266 ipsis
2616 3197 2888 3266 Evangelii
2917 3199 3124 3263 verbis;
3157 3197 3270 3252 haec
3295 3198 3435 3251 enim
3463 3197 3592 3252 dicit
3613 3197 3724 3254 Do-

480 3255 769 3330 εὐαγγελίου
814 3262 1068 3336 ῥημάτων·
1096 3263 1227 3334 λέγει
1269 3267 1370 3340 γάρ
1419 3264 1444 3319 ὁ
1493 3263 1742 3326 δεσπότης
1791 3269 1928 3338 ἡμῶν
1973 3273 2050 3324 καί

483 3355 656 3418 σωτὴρ
695 3353 912 3425 Χριστός
942 3353 988 3405 ἐν
1020 3360 1092 3421 τῷ
1129 3357 1260 3409 κατά
1303 3361 1504 3408 Λο,κᾶν
1538 3357 1805 3429 εὐαγγελίῳ
1852 3361 1922 3417 εἰς
1964 3365 2050 3418 τήν

479 3444 733 3512 περιοχὴν
767 3447 858 3496 τοῦ
887 3446 1121 3518 Λαζάρου
1149 3449 1231 3498 καί
1259 3451 1345 3498 τοῦ
1375 3446 1846 3512 πλονσίου,ταῦτα·
1903 3447 2050 3506 ("Av-

479 3529 676 3600 θρωπός
711 3552 790 3590 τις
825 3529 882 3591 ’ἦν
910 3535 1173 3600 πλούσιος,
1201 3543 1283 3590 καὶ
1310 3536 1649 3593 ἐνεδιδύσκετο
1682 3545 1943 3617 πορφύραν
1966 3547 2049 3598 καί

483 3615 701 3688 βύσσον,
729 3621 1105 3694 εὐφραινόμενος
1134 3627 1236 3677 καο⁶
1265 3628 1454 3698 ἡμέραν
1477 3628 1738 3703 λαμπρῶς.
1757 3633 1968 3702 Πτωχὸς
1996 3632 2049 3688 δέ

478 3726 558 3766 τις
598 3706 654 3767 ἦν
695 3711 901 3782 ὀνόματι
929 3717 1182 3785 Λάζαρος,
1215 3713 1269 3778 ὃς
1313 3719 1552 3774 ἐϐέϐλητο
1598 3723 1668 3779 είς
1713 3724 1794 3776 τὸν
1843 3725 2049 3780 πυλῶνα

480 3801 630 3852 αὐτοῦ
667 3801 961 3868 ἡλκωμένος,
1008 3809 1094 3858 καί
1137 3807 1389 3877 ἐπιθυμῶν
1437 3813 1779 3880 χορτασθῆναι
1823 3815 1923 3868 ἀπό
1953 3824 2051 3870 τῶν

479 3887 674 3958 ψιχίων
702 3899 802 3946 τῶν
823 3891 1108 3950 πιπτόντων
1137 3897 1237 3950 ἀπὸ
1266 3907 1356 3956 τῆς
1381 3901 1634 3971 τραπέζης
1655 3908 1744 3954 τοῦ
1772 3902 2046 3959 πλουσίου’

480 3978 604 4032 ἀλλά
635 3985 718 4033 καί
759 3983 804 4034 oi
845 3985 988 4043 κύνες
1011 3987 1283 4058 ἀπέλειχον
1323 3988 1591 4062 ἐρχόμενοι
1613 3992 1679 4044 τά
1711 3991 1826 4048 ἕλκη
1868 3996 2044 4048 αὐτοῦ.

477 4069 697 4140 Ἐγένετο
720 4069 772 4124 δέ
803 4073 1064 4128 άποθανεῦδ
1092 4077 1176 4129 τόν
1198 4079 1412 4146 πτωχόν
1430 4121 1442 4142 ,
1475 4082 1559 4131 καί
1585 4079 1921 4152 ἀπενεχθῆναι
1957 4087 2046 4137 αύο

474 4159 560 4212 τὸν
585 4160 689 4214 ύπό
729 4169 828 4217 τῶν
857 4165 1072 4236 ἀγγέλων
1110 4171 1180 4228 είς
1210 4169 1292 4222 τόν
1332 4171 1512 4224 κόλπον
1535 4170 1782 4245 ’Δϐραάρμ
1816 4173 2045 4230 ’Λπέθανε

475 4247 530 4303 δέ
557 4247 685 4304 καῖό
716 4254 972 4316 πλούσιος,
1001 4261 1086 4312 καί
1106 4259 1277 4329 ἐτάφη.
1302 4264 1402 4314 Καὶ
1422 4263 1469 4316 έν
1493 4270 1564 4332 τῷ
1597 4262 1690 4336 ᾅδῃ
1719 4265 1908 4338 ἐπάρας
1928 4271 2047 4328 τοὺς

474 4339 753 4411 ὀφθαλμούς
774 4346 932 4399 αὐτοῦ
954 4348 1210 4422 ὑπάρχων
1237 4352 1284 4402 ἐν
1305 4352 1568 4422 βασάνοις,
1593 4353 1686 4426 ὁρᾷ
1709 4359 1794 4410 τόν
1817 4355 2047 4432 ’Λϐραάμ

473 4432 574 4483 άπὸ
596 4436 858 4506 μακρόθεν,
894 4440 976 4490 καί
1014 4441 1245 4512 Λάζαρον
1279 4443 1330 4494 έν
1367 4451 1474 4502 τοῖς
1502 4444 1704 4504 κόλποις
1742 4449 1928 4500 αὐτοῦ’
1959 4455 2044 4511 καί

473 4521 624 4580 αὐτὸς
650 4528 881 4593 φωνήσας
910 4523 1016 4579 εἷπε
1033 4541 1048 4556 ⁶
1070 4538 1306 4606 -Πάτερ
1334 4531 1582 4604 Ἁϐραάμ,
1617 4535 1815 4593 ἐλέησόν
1843 4558 1904 4605 με
1959 4543 2042 4594 καί

473 4613 668 4681 πέμ-ᾆδον
694 4617 938 4690 Λάζαρον,
969 4618 1048 4672 ἵνα
1069 4620 1213 4693 βάψῃ
1241 4622 1300 4676 τὸ
1324 4619 1472 4696 ἄκρον
1498 4632 1587 4678 τοῦ
1615 4624 1857 4682 δακτύλου
1887 4631 2040 4685 αὐτοῦ

471 4701 674 4764 ίδατος,
701 4709 786 4758 καί
812 4707 1076 4780 καταψύξῃ
1097 4717 1186 4767 την
1213 4711 1448 4782 γλῶσσάν
1471 4735 1591 4782 μου,
1611 4714 1689 4770 ὅτι
1721 4716 1969 4790 ὀδυνῶμαι
1993 4723 2044 4774 ἐν

471 4799 530 4865 τῇ
557 4794 696 4864 φλογί
721 4795 1098 4871 ταύτῃ.-Εἶπε
1129 4797 1182 4852 δέ
1211 4797 1533 4873 ’Λεραάμκ-
1549 4807 1822 4871 Μνήσοητι,
1850 4813 2034 4878 τέκνον,

470 4880 548 4938 ὅτι
568 4886 814 4945 ἀπέλαϐες
845 4891 910 4942 σύ
940 4890 1003 4942 τά
1045 4893 1208 4961 ἀγαθά
1238 4912 1330 4944 σου
1356 4894 1403 4944 ἐν
1441 4901 1502 4965 τῇ
1549 4899 1650 4970 ζωῇ
1681 4917 1796 4957 σου,
1825 4901 1907 4952 καί
1935 4904 2031 4955 Λά-

470 4975 618 5046 Carpo;
641 4973 821 5045 ὁμοίως
849 4982 914 5032 τά
940 4982 1089 5033 κακά’
1111 4986 1198 5034 νῦν
1225 4979 1277 5034 δὲ
1304 4983 1455 5042 αὐτὸς
1477 4988 1867 5058 παρακαλεῖται,
1895 4994 1958 5043 σύ
1984 4991 2036 5046 δέ

468 5061 733 5132 ρδυνᾶσαι.
752 5070 850 5121 Καὶ
866 5070 948 5122 ἐπὶ
968 5075 1098 5124 πᾶσι
1128 5073 1327 5132 τούτοις
1358 5077 1546 5144 μεταξύ
1567 5079 1704 5145 ἡμῶν
1718 5099 1770 5133 τε
1793 5085 1873 5134 καί
1896 5081 2034 5154 ὑμῶν

464 5153 598 5228 μέγα
622 5156 816 5224 χάσμα
837 5159 1149 5234 ἐστήρικται.
1164 5160 1301 5224 ὅπως
1321 5166 1366 5218 oi
1383 5165 1602 5229 θέλοντες
1626 5168 1856 5230 διαϐῆναι
1877 5176 2038 5228 ἐντεῦ-

465 5242 546 5297 θεν
572 5246 702 5320 πρὸς
730 5248 886 5318 ὑμᾶς,
919 5256 987 5322 μὴ
1019 5249 1287 5321 δύνωνται,
1317 5255 1440 5323 μηδὲ
1461 5259 1508 5311 oi
1547 5261 1728 5314 ἐκεῖθεν
1756 5264 1878 5336 πρός
1903 5267 2036 5334 ἡμᾶς

465 5333 988 5412 διαπερῶσινο-Εἶπε
1015 5344 1335 5420 δέ’-ἐρωτῶ
1359 5345 1444 5404 οὖν
1470 5372 1550 5415 σε,
1581 5356 1762 5430 πάτερ,
1789 5359 1872 5411 ἵνα
1903 5360 2032 5429 πέμ-

463 5423 566 5498 ψῃς
589 5429 738 5483 αὐτόν
763 5431 834 5490 εἷς
859 5432 941 5486 τόν
963 5429 1087 5486 οἷκον
1117 5441 1207 5489 τοῦ
1231 5438 1426 5512 πατρός
1447 5461 1544 5508 μου
1571 5482 1586 5506 ,
1619 5441 1729 5511 χω
1749 5447 1848 5520 γὰρ
1887 5449 2032 5502 πέντε

461 5517 724 5585 ἀδελφούς,
756 5519 895 5583 ὅπως
924 5522 1329 5602 διαμαρτύρηται
1360 5530 1549 5596 αὐτοῖς,
1574 5532 1653 5586 ἵνα
1679 5538 1749 5602 μή
1778 5538 1862 5588 καί
1890 5539 2034 5590 αύτοί

461 5611 742 5668 εἰσίλΰωσιν
760 5617 837 5668 εἷς
852 5616 936 5669 τόν
957 5613 1108 5670 τόπον
1127 5623 1302 5672 τοῦτον
1332 5628 1422 5678 τῆς
1450 5621 1704 5689 βασάνου.
1720 5628 2033 5694 »Λῖσχυνῦή-

461 5721 632 5757 rma
671 5701 758 5761 οὗν
799 5706 846 5761 oi
867 5710 1146 5784 Ὠριγένους
1173 5711 1568 5783 ἀντιποιούμενοι
1604 5717 1686 5768 καὶ
1725 5718 1777 5770 ἐκ
1821 5725 1917 5772 τῶν
1949 5725 2032 5772 τοῦ

2153 3287 2326 3340 minus
2351 3295 2532 3342 noster
2551 3297 2605 3342 et
2625 3287 2870 3342 Salvator
2889 3288 3130 3342 Christus
3153 3289 3206 3342 in
3229 3286 3516 3356 Evangelia
3538 3302 3726 3344 secun-

2151 3376 2276 3428 dum
2309 3376 2502 3430 Lucam
2535 3377 2586 3431 in
2617 3377 2865 3446 periocha
2897 3376 3079 3431 Lazari
3109 3385 3164 3430 et
3184 3376 3362 3430 divitis
3391 3375 3539 3447 (Luc.
3569 3379 3680 3446 va)
3707 3395 3723 3432 :

2152 3463 2321 3519 Ilomo
2365 3467 2570 3536 quidam
2618 3475 2729 3520 erat
2775 3467 2952 3532 dives,
2984 3477 3032 3521 et
3062 3467 3366 3521 induebatur
3411 3483 3639 3537 purpura
3675 3477 3727 3520 et

2152 3553 2326 3625 bysso,
2359 3566 2407 3608 et
2433 3556 2734 3625 epulabatur
2768 3558 2994 3628 quotidie
3039 3557 3327 3626 splendide.
3379 3555 3448 3610 Et
3476 3565 3588 3610 erat
3615 3559 3726 3629 qui-

2150 3644 2269 3697 dam
2301 3646 2560 3698 mendicus
2589 3649 2793 3699 nomine
2817 3645 3066 3713 Lazarus,
3090 3647 3172 3716 qui
3195 3644 3404 3715 jacebat
3428 3643 3725 3714 adjanuam

2148 3737 2261 3806 ejus
2285 3777 2299 3802 ,
2332 3736 2585 3789 ulceribus
2615 3737 2792 3804 plenus
2818 3779 2833 3804 ,
2876 3739 3083 3808 cupiens
3120 3738 3304 3791 satiari
3351 3737 3414 3790 de
3442 3737 3586 3790 micis
3615 3754 3723 3807 qua

2127 3825 2400 3892 _cadebant
2429 3828 2492 3880 de
2519 3843 2694 3880 mensa
2725 3829 2892 3880 divitis
2924 3845 2940 3880 :
2972 3828 3062 3881 sed
3095 3837 3144 3880 et
3181 3845 3334 3881 canes
3363 3829 3645 3892 ueniebant,
3676 3841 3723 3882 et

2150 3917 2408 3989 lingebant
2437 3919 2610 3970 ulcera
2640 3918 2770 3987 ejus.
2821 3916 3036 3970 Factum
3066 3926 3140 3970 est
3170 3927 3338 3970 autem
3366 3927 3420 3968 ut
3447 3927 3719 3970 moreretur

2148 4007 2411 4058 mendicus
2433 4048 2447 4072 ,
2478 4014 2524 4059 et
2553 4015 2844 4072 portaretur
2874 4003 2936 4056 ab
2967 4005 3164 4075 angelis
3192 4007 3244 4057 in
3284 4006 3450 4058 sinum
3479 4004 3718 4057 Abrahaz.

2149 4095 2384 4150 Mortuus
2414 4107 2488 4150 est
2516 4107 2683 4150 autem
2715 4109 2761 4149 et
2793 4097 2927 4151 dives
2949 4139 2964 4162 ,
2994 4106 3042 4150 et
3070 4097 3298 4164 sepultus
3334 4107 3430 4150 est.
3469 4096 3536 4150 Et
3561 4098 3611 4150 iu
3636 4099 3719 4151 iu-

2149 4187 2294 4255 ferno
2322 4186 2522 4238 elevans
2553 4187 2724 4239 oculos
2751 4203 2870 4240 suos
2896 4202 3008 4239 cum
3036 4197 3164 4240 esset
3192 4187 3245 4239 in
3281 4187 3565 4250 tormentis,
3598 4187 3720 4239 vidit

2148 4273 2406 4326 Abraham
2430 4291 2460 4326 a
2483 4277 2651 4343 longe,
2678 4285 2724 4326 et
2750 4277 2858 4344 ipse
2881 4273 3134 4328 Lazarum
3156 4277 3207 4327 in
3231 4275 3344 4326 sinu
3367 4274 3477 4344 ejus
3499 4290 3518 4327 :
3541 4284 3587 4326 et
3614 4276 3718 4343 ipse

2145 4367 2374 4419 clamans
2401 4366 2530 4418 dixit
2553 4382 2570 4418 :
2595 4365 2753 4419 Pater
2779 4365 3057 4430 Abraham,
3089 4367 3323 4420 miserere
3352 4370 3472 4428 mei,
3503 4377 3552 4418 et
3579 4368 3718 4419 mitte

2147 4454 2425 4521 Lazarum,
2448 4467 2503 4508 ut
2531 4457 2754 4524 intinqat
2781 4466 3065 4509 extremum
3094 4457 3239 4525 digiti
3261 4457 3338 4509 sui
3365 4458 3414 4508 in
3442 4472 3646 4524 aquam,
3671 4471 3716 4508 et

2076 4535 2120 4590 θ
2144 4557 2408 4627 refrigeret
2434 4559 2659 4626 linguam
2689 4575 2872 4623 meum,
2903 4559 3021 4628 quia
3051 4559 3248 4611 crucior
3276 4559 3328 4611 in
3359 4559 3454 4611 hac
3481 4560 3713 4627 ﬂamma.

2147 4647 2213 4700 Et
2245 4649 2376 4702 dixit
2405 4651 2481 4702 illi
2519 4649 2779 4702 Abraham
2811 4667 2828 4702 :
2859 4649 3004 4716 Fili,
3036 4650 3310 4727 recordare
3335 4650 3456 4720 quia
3487 4652 3715 4719 recepisti

2147 4747 2198 4790 tu
2236 4736 2368 4791 bona
2408 4748 2496 4791 tua
2537 4740 2721 4792 invita
2759 4748 2847 4792 tua
2873 4781 2887 4806 ,
2927 4749 2974 4792 et
3012 4737 3239 4792 Lazarus
3269 4741 3506 4792 similiter
3542 4740 3713 4800 mula;

2144 4842 2278 4878 nunc
2300 4836 2468 4879 autem
2491 4827 2571 4878 hic
2599 4829 2910 4886 consolatur,
2939 4839 2988 4879 tu
3019 4844 3134 4880 rero
3161 4828 3429 4880 cruciaris.
3467 4826 3530 4878 Et
3556 4829 3606 4879 in
3638 4827 3713 4878 his

2144 4914 2377 4967 omnibus
2407 4915 2537 4968 inter
2561 4933 2655 4968 nos
2678 4925 2725 4968 et
2755 4933 2838 4970 vos
2870 4931 3112 4986 magnum
3135 4917 3292 4968 chaos
3309 4918 3570 4986 ﬁrmatum
3595 4926 3704 4968 est.

2142 5014 2195 5056 ru
2227 5006 2278 5058 hi
2307 5007 2390 5076 qui
2420 5006 2573 5058 velint
2604 5009 2820 5060 transire
2862 5007 2930 5059 ad
2977 5024 3064 5060 ros
3087 5049 3102 5071 ,
3152 5023 3253 5060 non
3282 5010 3516 5075 possint,
3555 5022 3710 5076 neque

2137 5094 2258 5147 inde
2283 5094 2376 5146 huc
2412 5104 2742 5148 transmeare.
2790 5095 2856 5148 Et
2883 5098 2956 5150 ait
2987 5113 3004 5150 :
3038 5095 3182 5167 Rogo
3211 5115 3329 5167 ergo
3361 5107 3426 5163 te,
3456 5107 3621 5165 pater,
3651 5106 3704 5148 ut

2140 5186 2313 5238 mittas
2336 5200 2448 5238 eum
2475 5185 2524 5237 in
2556 5184 2760 5238 domum
2789 5187 2953 5256 patris
2981 5187 3111 5248 mei;
3143 5186 3305 5240 habeo
3333 5187 3468 5240 enim
3494 5187 3706 5258 quinque

2138 5276 2325 5344 fratres
2355 5290 2372 5326 :
2399 5284 2454 5326 ut
2477 5282 2685 5327 testetur
2711 5275 2838 5342 illis,
2868 5292 2933 5329 ne
2958 5287 3006 5330 et
3038 5277 3137 5345 ipsi
3164 5279 3365 5330 reniant
3394 5279 3448 5330 in
3477 5278 3607 5330 hunc
3631 5277 3705 5332 lo-

2140 5377 2255 5414 cum
2285 5371 2670 5416 tormentorum.
2703 5363 3056 5428 Quamobrem
3089 5364 3286 5432 pudeat
3313 5380 3407 5420 eos
3429 5365 3524 5434 qui
3551 5373 3694 5420 tuen-

2139 5457 2225 5503 tur
2252 5449 2529 5518 Origencm
2559 5451 2641 5505 vel
2669 5467 2733 5506 ex
2761 5453 2929 5508 sancti
2961 5453 3229 5520 Evangelii
3260 5453 3457 5508 verbis.
3485 5453 3541 5507 Si
3567 5468 3704 5508 enim

2140 5550 2263 5595 ante
2293 5543 2482 5595 animae
2510 5558 2667 5611 quam
2707 5559 2932 5612 corpora
2962 5542 3200 5610 fuissent,
3231 5556 3617 5612 cognoscerent
3643 5559 3706 5599 ea

2139 5646 2256 5697 qua!
2287 5639 2407 5685 ante
2436 5647 2628 5701 corpus
2657 5631 2902 5686 fecissent
2927 5676 2940 5697 ,
2983 5635 3430 5702 quemadmodum
3461 5644 3581 5704 post
3608 5635 3704 5688 mi-

2139 5720 2432 5787 gralioncm
2472 5735 2502 5774 e
2545 5721 2654 5774 vita
2700 5723 3112 5779 reminiscunlur
3152 5739 3212 5780 ea
3252 5738 3372 5794 qua:
3400 5725 3452 5780 in
3481 5739 3704 5795 corpore
