3970 6160
1759 163 1776 186 l

241 287 351 351 ΟΜ

1295 279 1525 338 LIBER
1567 273 1962 339 ADVERRUS
2003 278 2428 338 ORlGENEM.

3394 282 3498 348 9692

235 391 376 463 ἁγίου
415 389 702 462 εὐαγγελίου
741 389 992 460 ῥημάτων.
1024 389 1080 439 Εἰ
1105 388 1203 459 γὰρ
1234 391 1577 458 προϋπῆρχον
1615 381 1668 434 αί
1696 369 1793 450 ᾧυ-
1827 382 1846 439 ὲ

1954 385 2174 433 asserunt
2203 395 2215 441 ;
2259 378 2361 433 hoc
2387 378 2528 444 enim
2551 393 2582 432 e
2610 379 2788 434 verbis
2832 379 3004 434 sancti
3032 377 3307 447 Evangelii
3335 381 3474 435 diali-

239 483 334 550 χαί
353 487 453 535 τῶν
479 484 749 548 σωμάτων,
778 481 1044 551 ἐγίνωσκον
1075 471 1134 530 ἂν
1164 478 1246 528 καί
1272 476 1336 528 τὰ
1361 475 1464 546 πρὸ
1491 477 1582 528 τοῦ
1617 473 1799 541 σώμα-

238 591 318 632 τος
342 572 515 632 αὐταῖς
539 570 848 642 πραχθέντα,
877 569 1103 639 καθάπερ
1124 569 1208 620 καὶ
1242 568 1372 636 μετὰ
1404 571 1493 623 τήν
1521 563 1803 618 ἀποϐίωσιν

1905 469 2091 524 cimus.

239 663 512 732 μέμνηνται
560 668 658 714 τῶν
683 659 766 714 διὰ
801 663 894 713 τοῦ
935 659 1176 726 σώματος
1218 657 1397 714 αὐταῖς
1449 653 1834 724 πεπραγμένων.
1872 653 2032 702 Τοῦτο
2078 649 2174 721 γὰρ
2223 649 2275 702 ἐκ
2307 655 2407 703 τῶν
2448 649 2642 720 ῥήσεων
2683 655 2772 704 τοῦ
2815 648 3272 723 ἁγίου-εὐαγγελίου
3312 648 3476 706 ἐδιδά-

287 754 455 807 θημεν.

287 771 342 807 tm
385 771 455 804 εν.

241 771 282 820 χ
307 772 417 893 ’ἔτι
449 836 502 892 δέ
540 844 652 897 ταῖς
693 836 1038 894 θεοπνεύστοις
1077 839 1294 907 γραφαῖς
1337 832 1718 890 ἀκολουθοῦντες
1759 831 1804 883 οἱ

243 929 372 1003 ἅγιοι
399 931 614 1004 πατέρες
639 929 705 982 τὰ
723 932 938 982 τοιαῦτα
964 927 1255 996 κατέκριναν
1283 924 1534 996 δόγματα,
1560 927 1654 978 σὺν
1675 929 1807 996 Ὠρι-

245 1023 370 1093 γένει
394 1027 466 1090 τῷ
492 1026 654 1076 ταῦτα
681 1019 1078 1090 μυθολογὰσαντι
1100 1058 1110 1076 .
1140 1018 1190 1081 ἐξ
1228 1017 1388 1070 αὐτῶν
1413 1023 1512 1069 τῶν
1541 1018 1808 1088 εἰρημένων

250 1121 351 1172 τοῖς
376 1111 534 1183 ἁγίοις
557 1111 782 1186 πατράσι
807 1113 887 1164 καὶ
913 1107 1008 1167 ἤδη
1036 1111 1124 1182 μέν
1147 1113 1318 1178 σαφῶς
1348 1104 1696 1176 ἀπεδείξαμεν,
1731 1105 1812 1156 οὐ·

247 1202 323 1258 δέν
350 1201 402 1258 δέ
441 1201 586 1263 ἧττον
625 1204 704 1255 καί
733 1199 815 1255 διὰ
854 1207 951 1255 τῶν
991 1201 1160 1269 ἐφεξῆς
1186 1205 1477 1274 μαρτυριῶν
1519 1203 1627 1271 τῶν.
1665 1195 1818 1263 ἁγίων

245 1293 472 1366 πατέρων
498 1290 843 1362 ἀποδείξομεν,
880 1292 966 1343 καί
993 1296 1190 1366 πρῶτον
1221 1289 1309 1343 τόν
1337 1285 1478 1358 ἅγιον
1501 1287 1683 1360 Πίτρον
1709 1285 1818 1337 ἐπί-

248 1403 430 1438 σκοπον
454 1379 819 1454 Ἀλεξανδρείας
844 1379 1104 1451 γενόμενον
1142 1379 1226 1431 καί
1251 1378 1492 1451 μάρτυρα
1523 1371 1818 1447 παραθησό-

249 1473 389 1542 μεθα,
411 1477 519 1529 τοῖς
549 1466 800 1528 τοιούτοις
829 1468 967 1535 ἡμῶν
995 1471 1354 1539 μαρτυροῦντα
1379 1463 1563 1535 λόγοις.

319 1565 422 1614 Τοῦ
455 1558 602 1632 ἁγίου
639 1559 825 1628 Πέτρου
855 1555 1140 1610 ἐπισκόπου
1163 1557 1248 1624 καί
1270 1555 1528 1628 μάρτυρος
1551 1559 1642 1610 τῆς
1667 1570 1824 1620 μεγα-

1979 827 2132 894 Quod
2161 835 2336 882 autem
2365 836 2420 881 et
2447 829 2612 882 sancti
2653 828 2858 896 Patres,
2887 839 3168 898 sequentes
3197 830 3482 902 inspiratas

1911 915 2162 971 divinitus
2185 915 2505 985 Scripturas,
2533 917 2694 970 talem
2715 917 3010 972 doctrinam
3038 921 3478 986 condemnarunt,

1913 1021 2018 1060 una
2030 1021 2148 1060 cum
2172 1003 2419 1072 Origene,
2435 1006 2525 1074 qui
2543 1007 2657 1060 htcc
2677 1017 3008 1062 commentus
3029 1021 3126 1073 est,
3139 1011 3246 1078 jam
3267 1013 3480 1080 quidem

1916 1110 1983 1149 ex
2013 1095 2075 1148 iis
2103 1109 2222 1163 quas
2265 1094 2340 1148 illi
2389 1095 2666 1161 dixerunt,
2700 1104 2885 1166 aperte
2913 1088 3242 1154 ostendimus
3270 1119 3281 1153 :
3309 1103 3476 1156 nihilo

1921 1189 2097 1237 tamen
2119 1183 2294 1236 secius
2321 1189 2376 1236 et
2403 1198 2470 1236 ex
2500 1183 2897 1254 insequentibus
2925 1183 3141 1240 Patrum
3171 1189 3486 1244 testimoniis

1917 1287 2100 1326 sumus
2123 1271 2556 1328 demonstraturi.
2607 1273 2686 1328 Ac
2727 1274 2955 1344 primum
2982 1286 3222 1331 sanctum
3252 1279 3484 1344 Petrum,

1919 1361 2008 1431 qui
2029 1362 2306 1430 episcopus
2327 1362 2658 1417 Alexandriae
2678 1374 2732 1418 et
2752 1373 2951 1436 martyr
2969 1366 3088 1432 fuit,
3109 1383 3488 1437 proponemus,

1925 1442 2286 1508 testimonium
2317 1454 2511 1509 nostris
2532 1455 2612 1511 his
2633 1459 2966 1514 sermonibus
2993 1463 3384 1530 perhibentem.

1997 1543 2052 1598 S.
2080 1543 2221 1598 Petri
2245 1545 2479 1616 episcopi
2503 1547 2834 1604 Alexandria:
2855 1559 2910 1604 et
2935 1555 3202 1624 martyris,
3227 1571 3295 1610 ex
3321 1556 3492 1626 primo

250 1647 498 1708 λοπόλεως
518 1645 901 1718 Ἀλεξανδρείας,
935 1646 988 1698 ἐκ
1027 1651 1119 1698 τοῦ
1145 1647 1347 1719 πρώτου
1375 1644 1548 1715 λόγου,
1577 1644 1692 1719 περὶ
1733 1647 1822 1694 τοῦ

1957 1648 2192 1699 ermone,
2225 1635 2366 1704 quod
2396 1651 2498 1691 nec
2525 1640 2839 1706 prmexstitit
2859 1642 3054 1710 anima,
3079 1659 3196 1708 nec,
3225 1661 3346 1700 cum
3373 1663 3494 1716 pec-

255 1737 377 1810 μηδέ
420 1737 783 1812 προτέπᾶιρχειν
821 1741 910 1794 τὴν
937 1734 1118 1808 ψυχὴν
1162 1731 1288 1804 μηδέ
1327 1732 1716 1805 ἁμαρτήσασαν,
1743 1729 1825 1784 διὰ

248 1822 408 1888 τοῦτο
435 1837 506 1891 είς
531 1839 682 1900 σῶμα
708 1831 966 1900 βληθῆναυ
1003 1846 1021 1879 ε
1043 1828 1311 1900 Ἠγούμεθα
1333 1828 1400 1882 τὰ
1427 1828 1652 1900 περὶτοῦ
1683 1827 1828 1900 πρώ-

257 1943 346 1978 του
392 1923 445 1976 ἐκ
470 1928 560 1980 τῆς
585 1927 679 1990 γῆς
709 1924 888 1988 χοϊκοῦ
959 1916 1277 1988 γεγενημένου
1308 1916 1570 1988 ἀνθρώπου
1613 1913 1830 1988 παραθέ-

257 2014 396 2071 σθαι,
427 2011 553 2085 πρός
572 2009 628 2064 τὸ
653 2007 813 2072 δεῖξαι
836 2007 918 2063 ἕνα
956 2009 1042 2060 καί
1063 2006 1144 2062 τόν
1173 2005 1319 2060 αὐτόν
1343 2005 1390 2056 ἔν
1416 2009 1488 2073 τῷ
1511 2004 1649 2072 αὐτῷ
1673 2009 1833 2075 καιρῷ

259 2101 540 2172 γενόμενον,
572 2093 661 2152 κᾶν
682 2103 897 2171 μερικῶς
940 2115 1064 2151 ποτε
1107 2094 1133 2148 ό
1161 2092 1262 2148 ἴσω
1295 2096 1377 2149 καί
1407 2091 1504 2156 ἔξω
1527 2093 1726 2164 λέγηται
1752 2091 1834 2146 ἄν·

261 2191 478 2264 θρωπος.
501 2191 557 2243 Ei
581 2189 678 2262 γὰρ
705 2190 789 2242 καί
816 2188 948 2242 κατὰ
983 2186 1070 2239 τόν
1104 2187 1354 2254 σωτήριον
1373 2183 1536 2253 λόγον,
1568 2179 1593 2234 ὁ
1618 2185 1836 2240 ποιήσας

263 2282 324 2335 τὰ
354 2279 561 2343 ἔσωθεν,
593 2281 677 2334 καί
701 2279 768 2333 τὰ
791 2275 970 2340 ἔξωθεν
997 2277 1251 2336 ἐποίησεν,
1284 2272 1388 2326 ἀλλ’
1423 2267 1511 2326 οὖν
1534 2292 1590 2343 γε
1620 2271 1834 2343 ἐφάπαξ,

263 2373 347 2425 καί
373 2373 423 2424 ἐν
461 2371 531 2424 ἐνὶ
556 2377 737 2442 καιρῷ,
781 2369 1020 2422 τουτέστι
1045 2373 1108 2440 τῇ
1147 2368 1278 2439 αὐτῇ
1305 2365 1486 2437 ἡμέρᾳ,
1523 2362 1606 2418 ὅτε
1648 2359 1784 2417 εἶπεν
1812 2362 1838 2416 ό

265 2463 773 2528 Θεὸς,-Ποιήσωμεν
789 2455 1046 2532 ἄνθρωπον
1063 2456 1174 2510 κατ’
1188 2454 1348 2508 εἰκόνα
1369 2457 1450 2506 καί
1469 2453 1705 2522 ὁμοίωσιν
1720 2454 1840 2521 ἡμε-

265 2552 432 2626 τέραν.
456 2578 526 2590 -—
555 2559 638 2608 Ὦς
660 2551 713 2602 ἐκ
736 2549 916 2602 τούτου
945 2545 1150 2604 εὔδηλον
1177 2541 1320 2609 εἶναι,
1351 2541 1428 2600 ὅτι
1459 2545 1544 2597 οὐκ
1567 2543 1670 2596 ἀπὸ
1692 2538 1842 2596 συνό-

267 2639 381 2705 dou,
397 2643 464 2700 ὡς
485 2639 726 2715 προόντος
751 2635 884 2698 τινός
907 2639 1100 2712 ἐτέρου,
1118 2640 1205 2691 καὶ
1234 2637 1313 2707 ἀφ’
1344 2637 1516 2709 ἑτέρου
1539 2636 1698 2690 τόπου
1721 2654 1845 2688 συν-

272 2730 586 2796 εληλυθότος,
637 2731 941 2802 γεγέννηται.
973 2730 1026 2780 Ei
1051 2729 1147 2802 γὰρ
1177 2725 1388 2786 σύνοδος
1410 2723 1488 2790 ἧν,
1519 2727 1651 2786 τίνος
1686 2725 1844 2778 ἕνεκεν

273 2822 358 2874 καί
383 2821 440 2873 τό
467 2821 796 2890 πεποιημένον
823 2819 1104 2891 ἀνεγράφης
1139 2835 1157 2868 ι
1193 2820 1279 2870 Καὶ
1302 2815 1408 2886 μεθ’
1431 2817 1600 2886 ἔτερα·
1631 2833 1650 2866 ε
1683 2811 1844 2869 ’.Ωστε

275 2911 363 2964 οὐκ
381 2909 642 2980 ἐνδέχεται
658 2915 756 2984 πρὸ
775 2910 1024 2978 σωμάτων
1052 2910 1244 2982 οὐρανῷ
1259 2907 1556 2981 ἁμαρτάνων
1573 2903 1663 2974 1F.
1683 2903 1848 2981 ἁμαρ-

272 2999 457 3068 τάνεινι
487 3003 688 3070 ψυχὰς.
718 2999 839 3072 μηδέ
872 2998 989 3058 ὅλως
1024 2999 1124 3074 πρὸ
1152 3005 1400 3070 σωμάτων
1428 2996 1752 3055 {mou-reicere.
1783 2997 1849 3051 Τό

275 3094 336 3162 γὲ
343 3113 373 3165 ρ
397 3093 600 3164 μάθημα
625 3097 772 3145 τοῦτο
800 3098 888 3150 τῆς
919 3089 1190 3147 Ἑλληνικῆς
1219 3090 1333 3142 ἐστι
1375 3087 1686 3159 φιλοσοφίας,
1713 3087 1848 3150 ξένης

279 3186 363 3237 καί
391 3183 652 3257 ἀλλοτρίας
683 3179 841 3242 οῦσης
869 3188 968 3234 τῶν
1017 3177 1069 3232 ἓν
1117 3185 1318 3251 Χριστῷ
1347 3177 1570 3236 εὐσεϐῶς
1611 3176 1849 3231 θελόντων

277 3278 386 3348 ζῇν.
425 3291 445 3322 ν

351 3363 451 3410 Τοῦ
490 3357 645 3412 αὐτοῦ
687 3357 740 3408 ἐκ
772 3362 863 3414 τῆς
887 3358 1271 3426 μυσταγωγίας,
1313 3353 1371 3414 ἧς
1403 3352 1680 3411 ίποιήσατο
1726 3354 1856 3424 πρὸς

281 3449 370 3504 τὴν
398 3445 675 3508 ἐκκλησίαν,
704 3445 890 3514 μέλλων
927 3446 1012 3500 τόν
1039 3453 1128 3500 τοῦ
1158 3449 1442 3520 μαρτυρίου
1469 3448 1710 3518 στέφανον
1737 3447 1854 3498 ἀνα-

289 3531 560 3608 δίχεσθαις
579 3536 696 3586 «Διά
725 3541 876 3588 τοῦτο
904 3536 1198 3608 παρακαλῶ,
1225 3542 1536 3609 γρηγορεῖτε,
1570 3532 1646 3588 ὅτι
1666 3537 1736 3594 εἰς
1763 3535 1858 3588 θλί-

283 3625 370 3696 ψιν
413 3625 562 3679 πάλιν
601 3625 803 3695 μέλλετε
853 3627 1112 3682 εἰσελθεῖν.
1143 3625 1319 3681 Οἴδατε
1369 3629 1562 3684 πόσους
1600 3623 1860 3684 κινδύνους
1913 3645 1916 3650 ·

281 3716 546 3787 ὑπέμεινεν
588 3715 613 3768 ό
661 3714 950 3788 ἀναθρέψας
988 3735 1050 3783 με
1092 3719 1265 3788 πατήρ
1311 3737 1410 3786 μου
1457 3717 1538 3768 καί
1587 3715 1860 3772 ἐπίσκοπος

283 3809 467 3863 Θεονᾶς
501 3803 600 3858 ἀπὸ
625 3808 929 3874 μαινομένων
954 3805 1026 3862 είς
1051 3805 1116 3856 τὰ
1145 3801 1322 3856 εἴδωλα
1339 3817 1352 3832 ⁸
1389 3799 1449 3856 οὗ
1479 3804 1562 3856 καί
1590 3801 1673 3854 τόν
1697 3801 1860 3871 θρόνον

284 3891 594 3966 διεδεξάμην.
626 3891 723 3947 εἴθε
763 3892 816 3946 δέ
850 3896 932 3947 καί
970 3894 1052 3947 τόν
1077 3894 1282 3968 τρόπον’
1312 3895 1378 3952 ὡς
1423 3891 1478 3946 δὲ
1517 3895 1601 3945 καί
1640 3889 1665 3944 ό
1704 3893 1860 3962 μέγας

286 3987 541 4046 Διονύσιος
586 3986 1058 4060 κατακρυπτόμενος
1097 3986 1200 4039 ἀπὸ
1227 3986 1392 4040 τόπων
1419 3986 1488 4044 είς
1527 3984 1736 4044 τόπους,
1782 3986 1863 4036 καί

285 4073 414 4147 πρὸς
437 4072 601 4143 τούτῳ
647 4076 730 4127 καί
770 4075 1034 4128 Σαϐελλίου
1078 4073 1348 4134 θλίϐοντος.
1375 4075 1436 4126 Τί
1469 4071 1522 4128 δέ
1561 4071 1686 4127 εἴπω
1713 4070 1862 4144 Ἥρας

287 4164 406 4218 κλᾶν
444 4168 529 4218 καί
553 4169 854 4238 Δημήτριον,
881 4167 999 4225 τοὺς
1038 4165 1314 4239 μακαρίους
1361 4163 1691 4230 ἐπισκόπους,
1723 4164 1860 4224 οἴους

1932 1731 2123 1789 casset,
2141 1732 2425 1794 propterea
2447 1726 2498 1780 in
2519 1743 2712 1796 corpus
2735 1729 2894 1784 missa
2908 1738 3018 1786 est:
3042 1751 3060 1784 ι
3084 1733 3338 1790 Duximus
3353 1751 3495 1805 qua:-

1934 1810 2058 1864 dam
2086 1812 2153 1866 de
2184 1813 2356 1882 primo
2383 1830 2414 1870 e
2443 1823 2587 1870 terra
2631 1824 2845 1873 terreno
2876 1819 3089 1876 homine
3132 1825 3496 1892 proponenda.

1935 1909 1995 1955 ut
2015 1901 2410 1958 demonstretur
2428 1921 2592 1960 unum
2619 1915 2674 1961 et
2697 1909 2943 1964 eumdem
2970 1911 3157 1968 eodem
3181 1913 3234 1967 in
3261 1901 3498 1985 tempore

1935 2007 2054 2048 esse
2081 1992 2276 2049 factum
2306 2011 2318 2048 :
2345 1997 2584 2066 quamvis
2605 1999 2998 2066 particulariter
3019 2017 3394 2072 nonnunquam
3423 2006 3499 2059 in-

1937 2082 2105 2136 terior
2132 2091 2187 2137 et
2213 2085 2449 2140 exterior
2469 2085 2631 2142 homo
2660 2086 2882 2144 dicatur.
2909 2089 3042 2144 Nam
3071 2093 3189 2158 etsi,
3216 2095 3500 2148 secundum

1939 2171 2227 2224 salutarem
2255 2188 2556 2229 sermonem
2581 2215 2596 2240 ,
2637 2177 2726 2246 qui
2756 2179 3009 2234 interiora
3035 2179 3160 2236 fecit
3181 2223 3196 2249 ,
3239 2184 3501 2238 exteriora

1941 2274 2158 2328 quoque
2184 2261 2312 2316 fecit
2336 2280 2348 2315 :
2378 2269 2556 2318 tamen
2579 2266 2742 2321 semel
2771 2275 2826 2322 et
2851 2269 3038 2323 eodem
3065 2279 3320 2340 tempore,
3352 2271 3402 2326 id
3426 2279 3503 2326 est

1941 2359 2128 2413 eadem
2156 2359 2244 2414 die
2265 2401 2280 2427 ,
2324 2377 2444 2416 cum
2472 2363 2604 2418 dixit
2632 2365 2773 2422 Deus
2805 2383 2818 2419 :
2845 2365 3122 2422 Faciamus
3161 2371 3416 2424 hominem
3441 2373 3510 2426 ad

1942 2448 2220 2520 imaginem
2259 2464 2308 2506 et
2335 2455 2720 2509 similitudinem
2747 2468 3008 2523 nostram;
3057 2475 3127 2514 ex
3163 2476 3270 2530 quo
3308 2461 3502 2532 perspi-

1943 2554 2101 2594 cuum
2123 2549 2222 2606 est,
2246 2557 2353 2596 non
2374 2558 2442 2596 ex
2463 2557 2772 2612 congressu,
2795 2547 2947 2616 quasi
2969 2549 3167 2617 aliquid
3189 2549 3331 2604 aliud
3357 2558 3504 2606 ante-

1948 2639 2188 2704 cesserit,
2212 2647 2269 2694 et
2288 2655 2354 2694 ex
2376 2641 2482 2696 alio
2501 2641 2622 2698 loco
2645 2646 2977 2716 convenerit,
2995 2645 3190 2702 factum
3211 2662 3347 2702 esse.
3379 2646 3508 2702 Nam

1949 2729 1992 2784 si
2024 2745 2342 2799 congressus
2369 2733 2487 2801 fuit,
2513 2735 2864 2802 quamobrem
2901 2737 3224 2808 descriptum
3263 2747 3346 2796 est
3373 2740 3508 2809 quod

1942 2819 2054 2888 jam
2082 2817 2278 2875 factum
2307 2822 2512 2878 fuerat?
2531 2825 2626 2882 »Ει
2651 2825 2884 2893 postalia
2903 2844 2915 2880 :
2934 2845 2951 2877 ι
2973 2827 3157 2896 Itaque
3183 2843 3294 2886 non
3320 2830 3508 2900 recipi-

1950 2917 2056 2974 tur,
2089 2919 2213 2965 ante
2237 2926 2464 2981 corpora
2491 2912 2543 2965 in
2565 2913 2702 2967 caelo
2723 2929 2944 2995 peccare
2969 2917 3193 2982 animas,
3219 2931 3337 2986 quae
3361 2934 3509 2987 pror-

1950 3013 2042 3054 sus
2067 3013 2134 3053 ne
2174 3007 2298 3053 ante
2325 3016 2552 3070 corpora
2581 3001 2794 3070 quidem
2823 3003 3204 3070 substiterunt;
3236 3008 3346 3062 haec
3374 3007 3530 3062 enim

1953 3088 2192 3143 doctrina
2214 3104 2241 3142 a
2265 3104 2592 3158 paganorum
2621 3092 2953 3162 philosophia
2978 3103 3078 3156 est,
3103 3109 3218 3162 quae
3243 3100 3517 3164 peregrina

1955 3185 2074 3242 est,
2124 3186 2180 3232 et
2227 3179 2296 3233 ab
2340 3179 2404 3233 iis
2451 3180 2660 3246 aliena,
2713 3181 2804 3250 qui
2847 3181 2934 3250 pie
2981 3183 3036 3236 in
3081 3183 3294 3238 Christo
3334 3186 3514 3239 volunt

1952 3268 2155 3322 vivere.
2198 3287 2220 3322 ν

2030 3353 2276 3422 Ejusdem
2303 3371 2369 3410 ex
2407 3359 2737 3428 mystagogia
2775 3373 2930 3428 quam
2963 3359 3087 3414 fecit
3114 3359 3180 3414 ad
3211 3361 3518 3424 Ecclesium,

1961 3460 2080 3499 cum
2112 3447 2351 3516 martyrii
2381 3463 2633 3502 coronam
2663 3458 3006 3517 suscepturus
3034 3459 3175 3504 esset
3207 3469 3219 3504 :
3257 3471 3276 3503 ι
3305 3451 3518 3523 Propte-

1961 3548 2053 3588 rea
2083 3533 2327 3600 obsecro,
2357 3536 2592 3605 vigilate.
2626 3538 2981 3594 Afﬂictionem
3010 3540 3150 3594 enim
3180 3558 3388 3596 rursum
3415 3546 3518 3598 adi-

1962 3623 2071 3676 turi
2097 3623 2242 3676 estis.
2275 3624 2434 3678 Scitis
2461 3633 2590 3695 quot
2645 3627 2870 3680 subierit
2899 3629 3128 3696 pericula
3149 3617 3258 3697 'qui
3287 3646 3372 3686 me
3397 3647 3518 3686 enu-

1961 3713 2109 3768 trivit
2133 3721 2287 3782 pater
2311 3730 2460 3770 meus
2487 3723 2542 3770 et
2569 3718 2850 3786 episcopus
2879 3717 3142 3784 Theonas,
3172 3719 3240 3774 ab
3266 3720 3331 3774 iis
3358 3723 3448 3789 qui
3476 3722 3524 3775 in

1962 3805 2102 3860 idola
2126 3805 2418 3862 insanirent
2441 3826 2454 3860 :
2479 3808 2531 3861 in
2555 3808 2705 3877 cujus
2725 3823 2824 3876 ego
2846 3809 3025 3864 sedem
3055 3813 3300 3874 successi,
3329 3813 3525 3866 utinam

1962 3892 2124 3947 etiam
2153 3893 2205 3946 in
2235 3893 2442 3948 mores!
2490 3895 2637 3949 scitis
2667 3903 2725 3948 ut
2751 3907 2970 3964 magnus
2999 3912 3058 3951 se
3085 3889 3307 3966 gesserit
3335 3899 3522 3970 Diony-

1960 3982 2092 4050 sius,
2129 3983 2218 4051 qui
2246 3999 2304 4038 se
2335 3999 2364 4038 e
2394 3984 2525 4038 locis
2550 3985 2602 4038 in
2632 3985 2751 4040 leca
2779 3987 3022 4050 abdebat,
3049 4003 3164 4042 cum
3193 3989 3407 4058 insuper
3433 3989 3526 4044 Sa-

1963 4071 2154 4125 bellius
2201 4071 2475 4142 amigeret.
2529 4073 2666 4140 Quid
2715 4091 2876 4144 porro
2923 4076 3096 4130 dicam
3143 4075 3422 4130 lleraclam
3469 4087 3526 4146 et

1966 4160 2292 4216 Demetrium
2347 4164 2534 4219 beatos
2589 4165 2912 4234 episc0pos?
2971 4167 3154 4234 Quales
3210 4167 3531 4222 tentationes

287 4259 603 4332 πειρασμούς
630 4257 922 4314 ὑπέστησαν
949 4257 1050 4310 ὑπὸ
1075 4263 1164 4310 τοῦ
1193 4257 1429 4326 μανέντος
1453 4255 1752 4328 Ὧριγένους,
1776 4275 1846 4307 κα

1962 4253 2327 4308 sustinuerunt
2353 4255 2420 4308 ab
2447 4255 2635 4309 insano
2662 4253 2910 4324 Origene,
2941 4271 3062 4308 cum
3093 4255 3204 4323 ipse
3232 4255 3448 4310 dissidia
3477 4257 3540 4310 iis

289 4348 446 4400 αὑτοῦ
473 4351 744 4418 σχίσματα
771 4349 1038 4420 βάλλοντος
1071 4349 1118 4402 ίν
1151 4354 1213 4422 τῇ
1243 4347 1500 4420 ἐκκλησίᾳ,
1534 4347 1602 4400 τὰ
1641 4344 1736 4404 ἕως
1771 4347 1862 4402 σή·

291 4455 444 4510 μερον
469 4440 713 4510 ταραχὰς
734 4441 857 4512 αὐτῇ
881 4442 1172 4512 ἐγείραντας
1195 4456 1214 4490 ι
1231 4445 1338 4498 Πῶς
1357 4439 1520 4494 τοίνυν
1547 4435 1760 4492 δύναταί
1784 4456 1862 4494 τις

291 4533 394 4579 τῶν
430 4520 484 4578 εὖ
507 4527 808 4600 φρονούντων
831 4529 1172 4585 ἐναντιοῦσθαι
1199 4537 1305 4589 τοῖς
1329 4531 1456 4582 κατὰ
1481 4529 1764 4602 Ὦριγένους
1789 4527 1861 4578 ιε-

293 4618 526 4688 ρημίνοις
568 4621 712 4688 παρὰ
737 4626 826 4674 τοῦ
857 4619 997 4693 ἁγίου
1026 4621 1286 4694 μάρτυρος
1310 4623 1398 4674 καί
1423 4618 1702 4672 ἐπισκόπου
1730 4613 1860 4671 Ἀλε-

292 4702 554 4776 ξανδρείας
575 4706 796 4778 Πίτρους
829 4705 886 4766 ὅς
922 4728 1000 4768 τις
1027 4709 1112 4763 τόν
1141 4708 1286 4761 καλὸν
1312 4709 1444 4781 ὑπὲρ
1479 4710 1699 4780 Χριστοῦ
1741 4705 1860 4758 δινα-

296 4787 564 4862 διξάμενος
604 4795 805 4862 ἀγῶνα,
837 4796 894 4848 οὐ
939 4795 1083 4863 μόνον
1127 4797 1438 4868 ἀπεκήρυξεν
1488 4794 1740 4867 Ὣριγένην
1781 4795 1866 4847 καί

295 4879 362 4934 τὰ
388 4881 600 4957 μυσαρά
633 4883 794 4936 αὐτοῦ
837 4880 1084 4952 δόγματα,
1126 4883 1246 4936 ἀλλὰ
1286 4887 1370 4938 καὶ
1410 4890 1668 4958 μαρτυρεῖ
1712 4885 1780 4942 ὡς
1821 4881 1866 4934 οί

296 4971 401 5042 πρὸ
430 4972 587 5024 αὐτοῦ
620 4971 756 5039 ἅγιοι
781 4973 994 5044 πατέρες
1019 4973 1232 5032 πολλοὺς
1258 4973 1526 5048 ὑπέμειναν
1554 4973 1866 5043 πειρασμοῦς

295 5060 400 5114 ἀπὸ
425 5069 514 5120 τῆς
539 5063 722 5114 ἐκείνου
753 5060 1156 5134 φρενοὶλαϐιίας.

371 5145 489 5202 Εἶπε
515 5147 567 5203 δὲ
595 5153 676 5202 καί
702 5151 726 5204 ό
757 5151 804 5202 ἐν
827 5149 985 5221 ἁγίοις
1006 5149 1320 5212 ’Δθανὰσιος,
1353 5149 1631 5209 ἐπίσκοπος
1665 5151 1750 5204 καί
1775 5151 1869 5202 αὖ·-

297 5241 390 5295 τόι·
413 5232 780 5314 ’Δὶεξανδρείας
805 5238 1080 5312 γενόμενος,
1103 5241 1154 5294 ἐν
1187 5247 1260 5312 τῷ
1298 5239 1424 5310 λόγῳ
1449 5250 1520 5311 τῷ
1557 5244 1628 5302 εἰς
1650 5244 1736 5297 τόν
1763 5242 1869 5310 βίον

302 5323 397 5382 τοῦ
426 5335 680 5406 μακαρίου
696 5330 1171 5397 ’Λντωνίου,ταῦτα·
1197 5337 1330 5392 «Πῶς
1361 5330 1414 5386 δὲ
1441 5333 1708 5402 χλευάζειν
1736 5334 1870 5401 ἡμᾶς

299 5423 516 5489 τολμᾶτε
541 5422 770 5493 λέγοντας
792 5423 868 5486 τό,
912 5423 1126 5496 Χριστόν
1151 5418 1410 5494 ἄνθρωπον
1453 5425 1833 5494 πεφανερῶσθαι
1850 5465 1866 5488 ,

302 5507 489 5582 ὄπουγε
515 5515 660 5584 ὑμεῖς
701 5517 754 5568 ἐκ
794 5523 884 5570 τοῦ
911 5521 998 5568 νοῦ
1027 5519 1116 5573 τήν
1141 5515 1320 5586 ψυχήν
1359 5515 1628 5590 ὁρίζοντες,
1658 5517 1866 5586 φάσκετε

304 5601 650 5664 πεπλανῆσθαι
677 5608 849 5668 αὐτὴν,
877 5609 960 5658 καὶ
994 5608 1309 5662 πεπτωκέναι
1335 5607 1438 5661 ἀπό
1462 5615 1553 5666 τῆς
1577 5604 1756 5676 ἁψῖδος
1782 5614 1868 5660 τοῦ

307 5693 522 5766 οὖρανοῦ
555 5697 623 5757 εἰς
661 5703 842 5767 cinna;
877 5715 897 5745 ι
936 5703 1018 5750 Δεῖ
1042 5698 1318 5771 προσέχειν
1347 5700 1468 5758 τοὺς
1495 5697 1868 5773 ἀκροωμένους,

1929 4363 1932 4367 λ
1963 4343 2204 4399 Ecclesia
2231 4354 2436 4400 sereret
2457 4387 2472 4408 .
2509 4359 2629 4414 qua:
2657 4347 2720 4400 ad
2751 4347 2888 4400 hanc
2913 4361 3078 4414 usque
3104 4346 3244 4402 diem
3273 4347 3322 4402 ei
3353 4349 3540 4404 turbas

1964 4434 2233 4488 excitant?
2269 4452 2286 4486 ι
2319 4432 2397 4488 An
2428 4435 2587 4502 igitur
2610 4444 2786 4504 potest
2813 4435 3002 4504 aliquis
3029 4435 3165 4490 bene
3192 4436 3545 4508 sentientium

1964 4521 2030 4576 iis
2072 4522 2382 4591 adversari,
2422 4539 2538 4593 qua:
2581 4527 2634 4580 in
2663 4523 2942 4591 Origeucm
2970 4525 3108 4579 dicta
3139 4533 3262 4579 sunt
3288 4540 3318 4579 a
3347 4536 3544 4580 sancto

1968 4621 2200 4683 martyre
2224 4623 2276 4667 et
2300 4615 2552 4686 episcopo
2573 4616 2902 4671 Alexandriae
2924 4615 3120 4670 Petro?
3147 4617 3237 4684 qui
3262 4617 3542 4685 egregium

1967 4719 2065 4774 pro
2095 4704 2305 4760 Christo
2334 4716 2602 4762 certamen
2648 4709 2938 4777 suscipiens
2961 4748 2976 4773 ,
3015 4723 3121 4762 non
3151 4707 3320 4761 solum
3349 4707 3542 4776 Orige-

1968 4809 2089 4847 nem
2117 4835 2132 4860 ,
2171 4795 2591 4866 sceleretamque
2619 4797 2734 4867 ejus
2757 4799 3057 4853 doctrinam
3087 4796 3354 4852 abdicavit
3379 4839 3393 4863 ,
3435 4799 3544 4853 sed

1966 4883 2128 4938 etiam
2180 4885 2494 4938 testiﬁcatur
2539 4895 2758 4942 sanctos
2803 4887 2894 4954 qui
2944 4895 3070 4942 ante
3107 4887 3280 4956 ipsum
3325 4885 3536 4942 fuerant

1968 4971 2154 5028 Patres
2201 4973 2394 5028 multas
2437 4977 2751 5032 sustinuisse
2797 4977 3113 5032 teutationes
3157 4977 3223 5032 ab
3259 4977 3398 5034 illius
3443 4977 3541 5032 de.

1969 5063 2186 5117 mentia.

2047 5150 2188 5230 Dixit
2211 5167 2422 5223 quoque
2450 5166 2665 5212 sanctus
2703 5158 3018 5213 Athanasius
3037 5197 3052 5222 ,
3085 5158 3181 5228 qui
3197 5167 3258 5213 et
3281 5159 3392 5228 ipse
3422 5159 3544 5228 epi-

1974 5256 2166 5312 sc0pus
2197 5241 2294 5298 fuit
2321 5247 2674 5312 Alexandriae,
2707 5248 2759 5302 in
2787 5264 3034 5305 sermone
3059 5250 3124 5304 de
3150 5249 3291 5304 beati
3321 5249 3557 5304 Antonii.

1973 5333 2081 5386 vita
2115 5351 2128 5386 :
2166 5353 2184 5386 ι
2212 5334 2490 5401 Quomodo
2527 5353 2626 5392 nos
2665 5338 2885 5394 irridere
2927 5341 3134 5394 audetis
3157 5381 3173 5408 ,
3200 5339 3291 5408 qui
3317 5339 3542 5392 dicimus

1975 5422 2242 5479 Christum
2284 5426 2554 5482 hominem
2591 5429 2989 5485 manifestatum
3021 5432 3174 5485 esse?
3211 5444 3332 5484 cum
3363 5437 3418 5482 et
3445 5443 3554 5480 vos

1976 5514 2232 5570 demente
2245 5515 2474 5571 animam
2491 5534 2611 5574 esse
2623 5519 2958 5587 deﬁnientes,
2971 5535 3089 5574 eam
3111 5532 3315 5574 errasse
3326 5516 3554 5576 dicatis,

1975 5620 2040 5662 ac
2087 5605 2154 5661 de
2201 5607 2382 5676 apside
2421 5610 2542 5665 caeli
2570 5610 2621 5664 in
2653 5626 2850 5680 corpus
2877 5610 3166 5664 cetidisse?
3203 5627 3220 5658 ι
3255 5606 3550 5658 Attcnalan!

1975 5697 2065 5766 qui
2095 5697 2315 5754 audiunt
2337 5737 2354 5767 ,
2395 5709 2636 5759 sanctum
2666 5699 3013 5756 Athanasium
3042 5699 3106 5754 iis
3133 5703 3314 5766 aperte
3344 5703 3537 5748 adver-
