3994 6140
516 289 622 352 953

1835 268 2269 331 JUSTINIANI
2314 265 2471 323 IMP.

3512 238 3535 261 ’
3695 247 3812 313 stt

529 386 657 448 δτιὸ
681 388 731 441 ἓν
766 384 925 457 apii"?
962 383 1254 444 Ἀθανάσωῖ
1296 391 1472 457 σαφῶς
1514 386 1827 438 έναντεοῦταε
1876 385 1982 439 τοῖς
2021 368 2099 430 λέλ

2218 367 2306 422 ιιι-ἱ
2334 367 2427 436 qui
2449 376 2681 421 mentem
2702 373 3038 435 praeusti-ve
3062 363 3264 429 dicunt,
3289 370 3345 417 et
3362 377 3430 417 ex
3452 374 3519 415 ea
3538 359 3785 414 ultimam

529 500 683 553 τουσι
721 480 1074 554 προϋπάρχειν
1099 480 1182 532 τὸν
1212 483 1344 540 νοῦν,
1385 482 1467 532 καί
1506 479 1558 531 έκ
1597 480 1780 533 τούτου
1801 477 2098 549 γεγενῆσθαι

528 582 619 634 τήν
647 573 824 644 ψυχὴν
849 573 1240 645 ἁμαρτήσασαν,
1270 572 1354 623 καί
1389 583 1712 623 πεπτωκυῖαν
1736 569 1837 623 ἀπὸ
1865 576 1954 628 τῆς
1976 566 2096 639 ἀψῖ-

528 664 613 726 δος
638 669 731 719 τοῦ
751 664 954 739 ούρανοῦ
981 662 1051 721 εἰς
1080 668 1246 730 σῶμα.

598 781 698 830 Τοῦ
739 776 891 829 αύτοῦ
929 773 1075 844 ἁγίου
1110 774 1392 828 ’Δθανασίου
1432 772 1492 825 έκ
1526 777 1617 826 τοῦ
1667 774 1797 826 κατά
1838 772 2094 835 ’Λρειανῶν

531 853 767 928 δευτέρου
796 854 974 928 λόγου·
1002 874 1019 907 ι
1045 861 1191 910 Πᾶσα
1212 859 1242 914 ἡ
1267 855 1525 926 φαινομένη
1562 854 1729 914 κτίσις
1758 853 1807 905 έν
1831 850 1883 916 ἒξ
1902 850 2112 922 ἡμέραις

528 944 714 1015 γέγονε·
744 946 829 997 καί
940 947 1030 1015 μέν
1054 947 1225 1018 πρὼτῃ
1245 946 1304 999 τὸ
1327 951 1452 1016 φῶς,
1481 941 1606 1016 ὅπερ
1635 941 1865 995 έκάλεσεν
1888 942 2109 1014 ἡμέραν

529 1040 593 1104 τῇ
619 1031 671 1086 δὲ
701 1031 911 1110 δευτέρᾳ
933 1036 993 1088 τὸ
1022 1035 1311 1107 στερέωμα,
1344 1036 1430 1087 καί
1456 1040 1517 1107 τῇ
1547 1035 1692 1107 τρίτῃ
1721 1033 2024 1104 συναγαγὼν
2047 1031 2111 1086 τὰ

529 1121 713 1187 ὕδατα,
750 1121 905 1186 ἔδειξε
952 1129 1043 1182 τήν
1078 1126 1257 1197 ξηρὰν,
1297 1126 1377 1177 καί
1416 1126 1538 1183 τούς
1585 1125 1635 1176 έν
1680 1124 1809 1194 αὐτῇ
1849 1121 2112 1179 ποικίλους

529 1217 789 1284 προήγαγε
828 1217 1078 1287 καρπούς,
1108 1216 1195 1268 καί
1222 1221 1282 1286 τῇ
1320 1214 1540 1286 τετάρτῃ
1582 1212 1822 1268 πεποίηκε
1858 1210 1943 1264 τὸν
1975 1208 2112 1267 ἥλιον

531 1304 614 1353 καί
639 1308 727 1359 τὴν
761 1303 988 1364 σελήνην,
1019 1307 1102 1357 καί
1128 1305 1297 1357 πάντα
1323 1302 1409 1355 τόν
1445 1309 1543 1356 τῶν
1576 1302 1803 1376 ἀστέρων
1837 1300 2019 1376 χορόν·
2050 1307 2112 1373 τῇ

533 1389 587 1445 δὲ
612 1394 824 1463 πέμπτῃ
848 1402 946 1448 τῶν
974 1394 1022 1446 έν
1146 1394 1365 1467 θαλάττῃ
1395 1396 1555 1457 ζώων,
1583 1395 1668 1447 καί
1694 1400 1795 1447 τῶν
1823 1393 1871 1445 ἐν
1900 1399 1972 1460 τῷ
2002 1392 2113 1464 ἆερι

530 1487 768 1533 πετεινῶν
796 1486 886 1539 τὴν
918 1482 1111 1553 γένεσιν
1139 1479 1335 1535 ἔκτισεθ
1365 1489 1427 1555 τῇ
1458 1480 1510 1533 δέ
1540 1481 1655 1553 ἕκτῃ
1696 1477 1992 1555 τετράποδα
2030 1480 2114 1533 έπί

531 1577 622 1629 τῆς
650 1577 741 1641 γῆς
769 1575 1031 1631 πεποίηκε,
1057 1574 1138 1625 καί
1156 1571 1330 1625 λοιπὸν
1358 1571 1440 1626 τὸν
1461 1568 1722 1645 ἄνθρωπον
1742 1572 1824 1625 τὸν
1850 1571 1904 1623 έκ
1932 1569 2112 1639 ψυχῆς

530 1658 721 1726 λογικῆς
752 1662 832 1713 καί
853 1668 1107 1730 σώματος.
1136 1666 1294 1714 Τάτε
1327 1661 1573 1737 ἀόρατα
1613 1661 1799 1714 αὐτοῦ
1839 1661 1963 1714 ἀπὸ
1992 1662 2115 1713 κτί-

2204 464 2397 519 ortam,
2428 471 2546 523 qua:
2573 465 2798 524 peccato
2826 469 2884 509 se
2909 455 3317 518 contaminavit,
3347 468 3412 507 ac
3433 466 3467 507 e
3494 449 3623 506 ccli
3648 464 3791 505 con-

2203 562 2341 601 vexo
2369 547 2420 601 in
2451 562 2646 615 corpus
2674 545 2954 600 decidisse.

2280 739 2532 812 Ejusdem
2558 739 2621 798 ε.
2651 740 2927 797 Athanasii
2954 756 2988 796 e
3033 755 3283 796 sermone
3328 741 3574 801 secundo
3597 751 3798 799 contra

2213 832 2440 886 Arianos
2465 849 2477 884 :
2514 848 2533 882 ι
2559 828 2742 886 Omnis
2768 840 3011 887 creatura
3036 831 3377 900 aspectabilis
3406 831 3456 886 in
3477 846 3574 887 sex
3603 833 3797 889 diebus

2212 923 2353 979 facta
2378 932 2494 991 est;
2538 939 2602 979 ac
2626 925 2798 993 primo
2834 925 3049 993 quidem
3098 924 3186 978 die
3231 924 3318 977 lux
3345 966 3360 991 ,
3390 939 3547 993 quam
3577 926 3797 980 vocavit

2211 1011 2383 1077 diem;
2413 1012 2652 1067 secundo
2680 1024 2857 1067 autem
2882 1012 3310 1078 ﬁrmamentum;
3344 1015 3525 1083 tertio,
3546 1015 3802 1069 collectis

2213 1102 2366 1169 aquis
2395 1101 2631 1156 ostendit
2658 1102 2880 1166 aridam,
2911 1102 3194 1171 variosque
3223 1103 3275 1156 in
3305 1118 3367 1157 ea
3396 1104 3653 1176 produxit
3678 1102 3800 1157 fru-

2213 1200 2362 1256 ctus;
2394 1199 2607 1260 quarto,
2640 1190 2767 1245 fecit
2794 1191 2964 1246 solem
2993 1200 3050 1246 et
3074 1192 3274 1255 lunam,
3305 1207 3630 1261 omnemque
3659 1195 3803 1248 stel-

2213 1281 2382 1336 larum
2424 1282 2681 1347 chorum;
2730 1282 2935 1351 quinto,
2982 1283 3144 1336 maris
3180 1282 3509 1347 natatilium,
3545 1284 3803 1353 aerisque

2213 1371 2511 1425 volatilium
2530 1370 2928 1439 generationem
2949 1369 3214 1435 condidit;
3235 1378 3408 1437 sexto,
3433 1369 3558 1425 fecit
3575 1373 3630 1425 in
3652 1381 3800 1426 terra

2214 1460 2608 1531 quadrupedes,
2639 1475 2704 1515 ac
2725 1460 2936 1515 demqu
2965 1461 3259 1527 hominem,
3280 1460 3370 1528 qui
3400 1475 3469 1515 ex
3495 1462 3677 1516 anima
3705 1478 3800 1516 ra-

2216 1551 2402 1605 tionali
2430 1558 2513 1605 est
2546 1558 2602 1604 et
2639 1564 2890 1619 corpore.
2935 1550 3009 1603 Ac
3051 1549 3331 1604 invisibilia
3359 1552 3471 1621 ejus
3500 1569 3533 1604 a
3559 1560 3800 1607 creatura

2214 1642 2421 1707 mundi,
2450 1655 2540 1709 per
2567 1656 2629 1692 ea
2655 1655 2769 1711 qua:
2795 1640 2937 1710 facta
2969 1646 3088 1693 sunt
3116 1640 3379 1693 intellecta
3411 1642 3808 1709 conspiriuntur

529 1766 687 1807 σεως
726 1747 965 1816 κόσμου
992 1757 1129 1808 τοῖς
1155 1754 1469 1819 ποιήμασι
1503 1753 1821 1817 νοούμενα
1850 1750 2111 1821 καθορᾶ-

2218 1730 2389 1800 (Rom.
2415 1730 2483 1801 t);
2513 1738 2569 1784 et
2596 1744 2770 1800 neque
2790 1730 2880 1784 lux
2909 1736 2990 1785 est
3017 1738 3076 1785 ut
3104 1746 3230 1796 nox,
3254 1745 3430 1799 neque
3455 1732 3538 1787 sol
3564 1740 3625 1787 ut
3648 1732 3798 1797 luna,

529 1851 656 1888 ται·
674 1838 760 1889 καί
779 1834 891 1891 οὔτε
921 1838 978 1892 τὸ
1002 1846 1102 1909 φῶς
1135 1841 1200 1899 ὡς
1227 1841 1257 1897 ἠ
1286 1839 1397 1902 νὺξ,
1419 1836 1532 1894 οὔτε
1557 1838 1582 1893 5
1613 1839 1746 1898 ἣλιος
1763 1841 1829 1898 ὡς
1859 1840 1889 1896 ἦ
1916 1839 2109 1897 σελήνη.

529 1922 649 1980 οὔτε
668 1929 730 1981 τὰ
757 1924 914 2001 ἄλογα
943 1931 1011 1990 ὡς
1042 1929 1280 2002 όλογικὸς
1302 1927 1747 2006 ἄνθρωπός-έστιν,
1776 1927 1891 1984 οὔτε
1915 1927 2114 2000 ἄγγελοι

529 2018 599 2077 ὡς
618 2017 665 2070 οἱ
691 2018 880 2092 θρόνοι,
912 2016 1027 2075 οὔτε
1067 2016 1211 2075 οὗτοι
1236 2024 1301 2082 ὡς
1330 2021 1381 2073 αί
1409 2022 1651 2084 ἐξουσίαι·
1683 2021 1805 2078 ἆθλά
1831 2021 1995 2075 πάντα
2023 2022 2112 2090 μέν

529 2109 641 2163 ἐστι
677 2111 950 2177 κτίσματα,
976 2110 1187 2164 ἕκαστον
1214 2110 1264 2165 δὲ
1290 2118 1390 2166 τᾶν
1428 2112 1700 2183 γενομένων
1728 2113 1861 2165 κατὰ
1889 2112 2027 2181 γένος
2050 2119 2111 2180 τῇ

532 2196 637 2271 ἰδίᾳ
676 2200 825 2273 οὐσίᾳ
855 2202 922 2259 ὡς
949 2202 1166 2273 γέγονεν,
1190 2203 1304 2259 ἔστι
1333 2205 1414 2256 καί
1438 2204 1623 2272 μένει.)
1653 2200 1776 2256 ’ἰδού
1802 2204 1882 2255 καί
1915 2199 1942 2256 5
1972 2201 2113 2273 ἅγιος

529 2286 821 2345 Ἃθανὰσιος
863 2286 1245 2361 παραδίδωσιν,
1284 2290 1361 2345 ὅτι
1397 2293 1526 2361 μετὰ
1566 2292 1734 2345 πάντα
1760 2290 1824 2345 τὰ
1852 2291 2114 2361 κτίσματα

530 2375 766 2433 έποίησεν
794 2375 820 2430 5
845 2380 969 2437 Θεὸς
1002 2380 1088 2432 τὸν
1118 2376 1400 2453 ἄνθρωπον,
1430 2383 1517 2435 τὸν
1546 2383 1600 2434 ἔκ
1630 2383 1865 2453 σώματος
1902 2384 1983 2434 καί
2010 2380 2114 2451 ψυ-

535 2472 639 2534 χῆς
674 2472 852 2541 νοερᾶς
896 2472 979 2522 καί
1012 2468 1235 2540 λογικῆς.
1268 2472 1340 2524 Ού
1381 2475 1482 2546 γὰρ
1535 2467 1644 2525 εἷπε
1689 2473 1748 2526 τό
1792 2480 1943 2541 σῶμα
1964 2474 2112 2541 ’ξαετά

534 2556 702 2608 πάντα
747 2557 1007 2626 γενέσθαι,
1048 2559 1135 2612 ἵνα
1176 2562 1606 2633 προϋπάρχουσα
1646 2563 1676 2619 ἠ
1711 2560 1863 2630 ψυχὴ
1915 2561 2111 2631 εἰσέλθῃ

531 2643 584 2695 έν
604 2643 757 2714 αὐτῷ’
783 2645 886 2697 ἀλλ’
906 2641 1012 2699 εἷπε
1038 2649 1166 2718 μετά
1190 2650 1358 2703 πάντα
1381 2652 1446 2704 τὰ
1464 2653 1723 2721 κτίσματα
1744 2652 1825 2705 τὸν
1851 2647 2110 2722 ἄνθρωπον

530 2734 861 2805 γεγενῆσθαι,
889 2736 972 2789 τὸν
999 2737 1055 2788 ix
1074 2736 1253 2807 ψυχῆς
1294 2738 1495 2809 λογικῆς
1518 2744 1603 2794 καί
1627 2742 1886 2808 σώματος·
1915 2737 2111 2801 δεικνύς

532 2819 612 2876 ὅτι
634 2823 915 2898 ἀμφότερα,
944 2827 1177 2881 τουτέστι
1206 2831 1355 2898 σῶμά
1379 2850 1433 2884 τε
1460 2832 1546 2884 καί
1573 2829 1771 2901 ψυχήν,
1798 2829 1823 2884 5
1846 2833 2111 2892 Θεόςκατά

531 2916 717 2970 ταυτὸν
746 2915 1157 2992 ἐδημιούργησεν.

600 3046 797 3110 Ἐπειδὴ
826 3049 880 3105 δὲ
904 3054 987 3106 καί
1015 3059 1168 3153 τοῦτο
1197 3057 1326 3125 μετὰ
1363 3064 1462 3112 τῶν
1493 3054 1650 3112 ἄλλων
1675 3060 1959 3133 Ὦριγένους
1981 3060 2105 3130 βλα-
2138 3091 2182 3153 C

530 3147 753 3211 σφημιῶν
777 3141 991 3213 ε’ρηται,
1017 3141 1094 3199 ὅτι
1116 3132 1145 3203 ri
1166 3153 1256 3226 τοῆ
1286 3149 1468 3222 κυρίου
1497 3147 1648 3219 ψυχή
1670 3132 2000 3226 προϋπῆρχε.
2029 3154 2111 3205 καί

529 3235 691 3304 ταύτῃ
719 3230 744 3288 ὃ
770 3234 891 3293 Θεὸς
930 3233 1074 3305 λόγος
1121 3219 1281 3293 ἥνωτο
1309 3239 1409 3312 πρὸ
1441 3247 1533 3298 τῆς
1561 3240 1615 3292 iit
1640 3240 1882 3316 παρθένου
1913 3244 2111 3318 σαρκώ-

534 3337 687 3380 τεως·
735 3326 818 3375 καί
855 3329 947 3380 τιζν
993 3326 1229 3382 τοιαύτην
1271 3328 1482 3405 ἀναιρῶν
1527 3327 1770 3405 ληρῳδίμν
1809 3331 1961 3390 αὐτὸς
1998 3331 2023 3386 5
2062 3333 2113 3386 ἐν

530 3406 693 3479 ἁγίοις
718 3412 1005 3472 ’Δθκνὰσιος
1034 3412 1084 3467 έν
1116 3424 1177 3490 τῇ
1205 3418 1334 3489 πρὸς
1366 3420 1654 3476 Ἐπίκτητον
1696 3420 1956 3494 ἐπιστολῇ,
1985 3421 2115 3491 λέγει

532 3495 931 3561 τάδε’ὤὶκότως
958 3509 1370 3576 γαταγνὼσονται
1386 3507 1578 3562 ἑαυτῶν
1603 3509 1790 3569 πάντες
1815 3509 1861 3563 οί
1887 3513 2114 3579 νομίζον-

531 3608 615 3647 τις
642 3594 741 3664 προ
767 3600 858 3660 τῆς
885 3596 1079 3667 Μαρίας
1109 3591 1235 3650 εἶναι
1279 3602 1368 3656 τήν
1409 3598 1459 3662 ἐξ
1497 3600 1651 3658 αὐτῆς
1685 3601 1878 3676 σάρκα,
1901 3604 1988 3654 καί
2016 3601 2114 3675 πρὸ

530 3678 723 3739 ταύτης
769 3680 1047 3749 έσχηκέναι
1081 3683 1260 3754 ψυχήν
1307 3686 1620 3761 ἀνθρωπίνην
1652 3689 1736 3741 τὸν
1777 3690 1897 3743 Θεὸν
1943 3689 2111 3761 λόγον,

529 3772 609 3820 καί
638 3771 687 3821 ἓν
709 3772 833 3845 αὐτῇ
863 3774 961 3846 πρὸ
984 3782 1073 3834 τῆς
1101 3775 1367 3845 ἐπιδημίας
1396 3779 1475 3831 ἀεὶ
1499 3780 1809 3851 γεγενῆσθαι.
1827 3800 1843 3830 i
1864 3782 1922 3834 Εί
1948 3784 2115 3836 τοίνυν

531 3860 660 3912 κατὰ
692 3861 755 3912 τὰ
797 3864 1030 3933 εἰρημένα
1059 3872 1130 3935 τῷ
1175 3867 1224 3918 έν
1256 3865 1413 3937 ἁγίοις
1452 3865 1749 3940 Ἀθανασίῳ,
1782 3873 1812 3928 ἡ
1841 3870 1993 3941 ψυχή
2022 3881 2112 3927 τοῦ

532 3951 709 4019 angina
732 3951 869 4020 ἡμῶν
895 3950 1058 4007 Ἰησοῦ
1083 3960 1309 4026 Χριστοῦ
1331 3962 1418 4008 τοῦ
1446 3959 1579 4012 κατὰ
1599 3958 1767 4014 πάντα
1795 3958 2116 4030 ὁμοιωθέντος

534 4042 650 4103 ἡμῖν
680 4042 843 4113 χωρὶς
869 4039 1145 4115 ἁμαρτίας,
1173 4045 1230 4095 ού
1257 4054 1566 4123 προϋπῆρχε
1592 4056 1682 4107 τῆς
1704 4051 1753 4102 έν
1775 4054 1927 4128 σαρκί
1956 4055 2115 4107 αὐτοῦ

532 4127 826 4198 ἐπιδημίας,
856 4136 1004 4191 ποίας
1032 4128 1089 4185 ἂν
1116 4132 1190 4192 εἴη
1221 4138 1404 4207 μανίας
1432 4138 1486 4191 τὸ
1514 4138 1688 4209 λέγειν,
1719 4142 1808 4199 τὰς
1837 4137 1989 4201 ἄλλας
2019 4152 2117 4197 τῶν

528 4220 799 4292 ἀνθρώπων
827 4222 1011 4291 ψυχὰς
1036 4227 1397 4302 προϋπάρχειν
1423 4235 1522 4283 τῶν
1551 4229 1839 4302 σωμάτῶν;

603 4326 920 4403 ’Δκούσωμεν
940 4331 990 4387 δέ
1014 4338 1140 4410 πρὸς
1164 4338 1364 4397 τούτοις
1388 4342 1470 4392 καί
1492 4346 1583 4394 τοῦ
1608 4342 1658 4394 έν
1678 4341 1838 4412 ἁγίοις
1865 4343 2114 4397 Βασιλείου

2216 1833 2393 1887 neque
2442 1818 2617 1886 angeli
2657 1818 2795 1872 sicut
2832 1818 3031 1885 throni,
3061 1834 3236 1889 neque
3266 1819 3321 1874 hi
3364 1831 3424 1875 ut
3457 1831 3796 1891 potestates;

2217 1907 2309 1962 scd
2339 1916 2596 1963 creaturae
2623 1908 2839 1977 quidem
2868 1924 3057 1964 omnes
3083 1918 3226 1974 sunt,
3259 1911 3678 1982 unumquodque
3702 1928 3800 1968 au-

2220 2005 2327 2052 tem
2357 2014 2541 2054 eorum
2570 2014 2688 2068 quas
2716 2008 2834 2053 orta
2872 2007 3034 2066 sunt,
3066 2000 3361 2055 secundum
3391 2015 3560 2069 genus
3589 2003 3643 2057 in
3670 2020 3799 2074 pro-

2214 2089 2327 2157 pria
2354 2089 2677 2153 substantia,
2710 2096 2769 2143 ut
2797 2089 2995 2144 factum
3030 2096 3144 2153 est,
3176 2091 3416 2159 persistit
3441 2106 3504 2147 ac
3531 2103 3730 2149 manet.
3769 2114 3789 2147 ε

2214 2178 2349 2233 Ecce
2376 2184 2595 2233 sanctus
2641 2191 2857 2247 quoque
2885 2178 3207 2234 Athanasius
3235 2179 3417 2245 tradit,
3459 2192 3583 2251 post
3607 2199 3798 2241 omnes

2213 2277 2485 2323 creaturas
2513 2265 2683 2321 Deum
2720 2265 2910 2321 fecisse
2939 2266 3209 2321 hominem
3239 2282 3307 2322 ex
3337 2283 3567 2337 corpore
3593 2279 3649 2326 et
3676 2273 3793 2324 ani-

2213 2376 2299 2416 ma
2323 2359 2652 2429 intelligente
2673 2374 2736 2414 ac
2756 2359 3027 2414 rationali.
3049 2359 3234 2429 Neque
3254 2361 3397 2415 enim
3420 2360 3572 2425 dixit,
3595 2372 3794 2428 corpus

2214 2459 2338 2521 post
2364 2450 2544 2504 omnia
2573 2447 2772 2505 factum
2800 2463 2919 2505 esse
2937 2490 2952 2515 ,
2983 2456 3042 2504 ut
3067 2450 3416 2519 prmexistens
3451 2451 3625 2505 anima
3657 2451 3708 2504 in
3736 2450 3792 2506 id

2212 2542 2580 2611 ingrederetur
2605 2560 2617 2595 :
2648 2540 2743 2597 sed
2769 2541 2921 2604 dixit,
2944 2548 3067 2609 post
3094 2555 3284 2595 omnes
3311 2547 3586 2595 creaturas
3612 2539 3790 2594 homi-

2210 2647 2337 2687 nem
2377 2646 2497 2687 esse
2522 2630 2721 2687 factum
2744 2672 2759 2697 ,
2795 2632 2887 2701 qui
2911 2645 2977 2685 ex
3013 2631 3192 2685 anima
3219 2630 3467 2686 rationali
3495 2639 3579 2686 est
3600 2640 3657 2685 et
3677 2645 3795 2686 cors

2212 2736 2346 2792 pore
2371 2739 2384 2775 :
2419 2721 2707 2776 ostendens
2725 2761 2742 2788 ,
2772 2728 3026 2789 utraque,
3058 2719 3111 2774 id
3141 2727 3224 2777 est
3247 2735 3442 2791 corpus
3470 2727 3524 2775 et
3549 2720 3793 2775 animam

2211 2812 2379 2867 Deum
2407 2812 2566 2867 simul
2590 2810 2903 2869 fabricatum
2932 2825 3070 2867 esse.

2283 3056 2545 3123 Quoniam
2576 3064 2754 3112 autem
2790 3055 3049 3125 Origenes
3078 3051 3145 3112 ad
3176 3060 3391 3110 caeteras
3413 3051 3786 3123 blasphemiae

2214 3146 2318 3202 hoc
2346 3146 2607 3215 adjnnxit,
2642 3146 2855 3211 Domini
2882 3147 3115 3201 animam
3145 3145 3287 3215 prius
3312 3144 3599 3208 exstitisse,
3627 3143 3795 3214 eique

2215 3236 2383 3293 Deum
2413 3236 2647 3292 Verbum
2677 3252 2795 3293 esse
2822 3238 3029 3292 unitum
3067 3245 3352 3306 antequam
3387 3249 3419 3290 ο
3449 3234 3670 3303 Virgine
3704 3236 3792 3290 in-

2214 3337 2528 3385 carnaretur
2559 3348 2572 3383 :
2602 3331 2706 3387 hoc
2734 3332 2894 3386 etiam
2945 3330 3356 3386 deliramentum
3393 3337 3639 3385 evertens
3676 3329 3793 3399 ipse

2214 3429 2430 3475 sanctus
2444 3420 2763 3475 Athanasius
2784 3421 2838 3475 in
2858 3420 3085 3491 epistola
3106 3421 3173 3475 ad
3193 3419 3511 3489 Epictetum,
3529 3419 3608 3475 sie
3627 3419 3786 3475 dicit:

2222 3528 2241 3560 ε
2269 3508 2458 3565 Merito
2485 3525 2607 3565 sese
2634 3508 2966 3565 damnabunt
2993 3525 3180 3566 omnes
3207 3510 3300 3581 qui
3336 3510 3641 3565 existimant
3666 3516 3794 3565 ante

2215 3596 2435 3651 Mariam
2464 3612 2583 3652 esse
2607 3612 2823 3653 carnem
2844 3634 2860 3662 ,
2897 3612 3017 3667 quae
3043 3612 3109 3653 ex
3139 3612 3204 3652 ea
3245 3605 3355 3662 est;
3401 3613 3468 3653 ac
3507 3605 3635 3652 ante
3671 3612 3791 3653 eam

2215 3687 2465 3743 habuisse
2509 3688 2743 3743 animam
2792 3688 3078 3744 humanam
3129 3687 3299 3743 Deum
3344 3687 3599 3752 Verbum,
3627 3702 3694 3743 ac
3738 3687 3791 3742 in

2216 3791 2280 3831 ea
2324 3786 2450 3832 ante
2498 3777 2785 3833 adventum
2855 3792 3070 3847 semper
3114 3777 3297 3832 fuisse.
3333 3796 3352 3830 ι
3405 3775 3583 3844 Quare
3625 3777 3671 3832 si
3724 3792 3791 3832 ex

2217 3867 2281 3921 iis
2309 3883 2428 3937 qua:
2455 3883 2487 3923 a
2511 3878 2699 3925 sancto
2726 3867 3019 3923 Athanasio
3045 3868 3186 3924 dicta
3213 3876 3358 3934 sunt,
3384 3868 3560 3922 anima
3581 3866 3790 3923 Domini

2216 3956 2387 4011 nostri
2406 3955 2533 4012 Jesu
2558 3956 2775 4024 Christi,
2799 3957 2887 4028 qui
2909 3973 3007 4028 per
3027 3957 3205 4013 omnia
3231 3957 3387 4013 nobis
3414 3958 3603 4013 similis
3623 3957 3791 4013 factus

2219 4053 2299 4099 est
2327 4046 2530 4116 absque
2558 4054 2808 4116 peccato,
2842 4062 2948 4101 non
2985 4046 3086 4101 fuit
3127 4056 3252 4101 ante
3279 4047 3397 4116 ejus
3424 4047 3478 4101 in
3508 4062 3672 4102 carne
3698 4046 3791 4102 ad-

2215 4144 2436 4190 ventum
2469 4153 2481 4188 :
2514 4136 2686 4205 qualis
2727 4136 2948 4191 insania:
2988 4147 3073 4191 est
3093 4175 3108 4202 ,
3147 4137 3326 4192 dicere
3353 4136 3487 4191 alias
3515 4136 3789 4192 hominum

2218 4226 2423 4280 animas
2452 4235 2576 4280 ante
2604 4241 2829 4297 corpora
2865 4227 3020 4281 esse?

2286 4336 2574 4390 Audiamus
2600 4346 2854 4405 praeterea
2882 4336 2939 4390 S.
2964 4335 3214 4390 Basilium
3237 4336 3288 4389 in
3310 4350 3558 4390 sermone
3585 4335 3637 4389 in
3661 4334 3783 4389 illul

528 4419 576 4470 έν
603 4428 673 4491 τῷ
700 4421 829 4495 λόγῳ
850 4428 922 4483 εἰς
948 4425 1003 4479 τό
1046 4435 1135 4480 Ἐν
1165 4429 1339 4503 ἀρχῇ
1368 4428 1433 4488 ἦν
1457 4430 1483 4484 5
1510 4430 1711 4503 λόγος,
1754 4437 1859 4488 καί
1883 4432 1908 4488 5
1933 4435 2114 4508 λόγοι¹

2221 4425 2402 4496 (llam.
2435 4424 2544 4495 ιγι)
2579 4443 2592 4477 :
2628 4425 2693 4479 In
2724 4426 2978 4497 principio
3006 4416 3119 4479 erat
3176 4426 3395 4480 Verbum
3416 4466 3433 4493 ,
3476 4436 3527 4479 et
3572 4425 3789 4480 Verbum

526 4509 593 4571 ἦν
628 4516 784 4591 πρὸς
813 4520 918 4573 τὸν
947 4519 1121 4583 Θεὸν,
1150 4522 1377 4592 λέγοντος
1406 4522 1587 4583 οὕτως’
1618 4521 1779 4599 «Ὀρα
1807 4530 1878 4595 μή
1900 4529 2024 4581 ποτέ
2054 4530 2113 4581 σε

529 4607 949 4683 παρακρούσηται
976 4610 1034 4662 τὸ
1056 4608 1316 4679 ὁμώνυμον
1341 4619 1431 4671 τῆς
1452 4621 1632 4681 φωνῆς’
1649 4621 1756 4676 πῶς
1783 4617 1878 4689 γὰρ
1901 4616 1950 4667 ἐν
1971 4619 2115 4689 ἀρχῇ

530 4692 587 4753 ἦν
607 4693 634 4750 5
652 4697 966 4769 ἀνθρώπινος
990 4698 1153 4773 λόγος,
1176 4707 1268 4755 τοῦ
1293 4703 1553 4775 ἀνθρώπου
1577 4711 1712 4759 κάτω
1742 4726 1842 4759 που
1871 4706 2116 4767 λαϐόντος

530 4791 620 4842 τήν
644 4788 814 4861 ἀρχὴν
841 4795 934 4849 τῆς
969 4791 1242 4854 ’γενέσεως-ς
1273 4793 1374 4865 πρό
1405 4793 1672 4866 ἀνθρώπου
1701 4797 1866 4862 θηρία,
1900 4797 2001 4869 πρὸ
2020 4798 2111 4849 ἁν-

533 4876 739 4948 θρὼπου
781 4887 956 4946 κτήνη,
985 4886 1052 4937 τὰ
1078 4884 1291 4953 ἑρπετὰ,
1321 4881 1422 4938 ὅσα
1451 4893 1679 4959 χερσαῖα
1701 4889 1781 4938 καί
1809 4884 2015 4959 ἔνυδρα,
2048 4890 2115 4942 τὰ

531 4971 735 5023 πετεινά
779 4977 872 5025 τοῦ
921 4978 1156 5046 ούρανοῦ,
1197 4976 1435 5049 ἀστέρες,
1467 4977 1633 5041 ἥλιος.
1662 4977 1861 5040 σελήνη.
1900 4977 2119 5047 βοτάναι,

537 5062 615 5125 νῆ,
640 5056 1169 5125 θάλασσαψῦρανός.»
1203 5063 1332 5118 Ἰδού
1360 5064 1386 5119 5
1415 5072 1582 5139 Πατήρ
1612 5073 1782 5137 σαφῶς
1810 5069 1925 5137 ἡμῖν
1951 5084 2115 5139 προα-

537 5142 762 5217 γορεύει,
800 5152 871 5217 μή
913 5155 1314 5222 ωναπαχθῆναι
1352 5162 1459 5214 τοῖς
1489 5161 1579 5209 τοῦ
1626 5157 1914 5230 Ὠριγένους
1940 5157 2119 5225 μύθοις

534 5238 651 5307 περὶ
692 5243 782 5296 τῆς
829 5245 928 5292 τῶν
973 5243 1165 5311 ψυχῶν
1211 5247 1602 5320 προϋπάρξεως.
1628 5249 1699 5300 Ού
1740 5245 1968 5303 διδάσκει
2018 5251 2117 5322 γὰρ

538 5327 673 5396 ἡμᾶς
696 5329 747 5382 έν
764 5330 909 5404 ἀρχῇ
932 5332 1017 5387 τὸν
1038 5334 1343 5408 ἀνθρώπινον
1363 5336 1524 5408 λόγον,
1548 5339 1778 5393 τουτέστι
1798 5345 1886 5397 τήν
1910 5337 2112 5410 ψυχήν,

533 5415 662 5475 ἀλὶὰ
681 5415 959 5494 δεαρρἦην
986 5424 1105 5495 βοᾷ,
1130 5423 1207 5482 ὅτι
1227 5429 1257 5485 ἡ
1278 5429 1546 5506 ἀνθρώπου
1566 5433 1760 5502 γένεσις
1788 5435 1981 5506 ὑστέρα
2009 5433 2121 5488 ἐστὶ

534 5511 737 5567 πάντων
775 5519 874 5567 τῶν
911 5522 1001 5570 τοῦ
1054 5524 1182 5573 Θεοῦ
1225 5522 1530 5592 κτισμάτων.
1584 5524 1640 5575 Ei
1666 5526 1831 5577 τοίνυν
1859 5526 2026 5578 πάντα
2055 5524 2120 5578 τὰ

532 5601 792 5670 κτίσματι
823 5605 922 5677 πρὸ
962 5613 1054 5661 τοῦ
1087 5609 1383 5684 ἀνθρώπου,
1422 5618 1531 5671 πῶς
1561 5619 1907 5685 προϋπῆρχον
1934 5614 1985 5666 αί
2019 5614 2103 5683 ψυ-

537 5694 664 5759 xui;
690 5692 751 5746 ’0
774 5696 875 5771 γὰρ
908 5705 1076 5776 πατὴρ
1108 5702 1165 5755 οὐ
1193 5702 1294 5775 πρὸ
1330 5709 1419 5756 τοῦ
1450 5706 1717 5774 σώματος,
1748 5703 1870 5759 ἀλλά
1898 5706 1998 5777 πρὸ
2029 5711 2117 5761 τοῦ

2220 4527 2332 4571 erat
2358 4516 2495 4587 apud
2524 4515 2686 4569 Deum
2712 4557 2727 4584 ,
2771 4517 2845 4570 ita
2877 4517 3177 4571 dicentem:
3208 4536 3226 4568 ε
3250 4516 3382 4572 Vide
3411 4533 3481 4572 ne
3505 4517 3720 4586 quando
3740 4526 3791 4571 te

2219 4608 2366 4662 vocis
2393 4606 2710 4675 ambiguitas
2731 4605 2909 4670 fallat;
2952 4608 3224 4676 quomodo
3264 4607 3407 4661 enim
3450 4607 3503 4659 in
3533 4605 3789 4675 principio

2221 4717 2338 4763 erat
2367 4708 2596 4762 humana
2624 4708 2761 4761 ratio
2779 4747 2792 4770 ,
2831 4722 2952 4762 cum
2982 4708 3144 4762 homo
3173 4716 3446 4776 postremo
3472 4706 3788 4776 principium

2221 4798 2584 4869 generationis
2612 4798 2918 4866 acceperit?
2947 4798 3085 4851 Ante
3110 4798 3381 4852 hominem
3409 4797 3558 4852 fuere
3591 4796 3786 4858 bestia;

2219 4894 2346 4940 ante
2374 4886 2644 4940 hominem
2668 4885 2941 4954 iumenta;
2974 4886 3202 4955 reptilia,
3225 4894 3337 4939 tum
3366 4885 3662 4951 terrestria,
3685 4894 3791 4937 tum

2217 4976 2499 5043 aquatilia;
2530 4975 2764 5030 volatilia
2794 4976 2917 5031 cteli
2941 5017 2956 5041 ,
2998 4976 3164 5031 stella:
3187 5016 3201 5041 ,
3230 4976 3311 5030 sol
3334 5013 3349 5037 ,
3385 4976 3545 5041 luna;
3595 4975 3787 5038 herba‘,

2222 5074 2393 5131 terra,
2424 5080 2606 5130 mare,
2637 5066 2853 5122 ccelum.
2892 5086 2911 5119 ι
2952 5065 3091 5122 Ecce
3118 5064 3277 5122 Pater
3302 5076 3488 5137 aperte
3524 5067 3680 5123 nobis
3704 5067 3791 5121 dr-

2223 5156 2451 5221 nuntiat,
2478 5171 2545 5212 ne
2565 5154 2807 5224 Origenis
2827 5156 3018 5214 fabulis
3047 5158 3113 5214 de
3133 5158 3428 5213 animarum
3451 5160 3789 5229 prasexisten-

2224 5247 2294 5301 tia
2334 5246 2665 5303 inducamur.
2707 5246 2876 5303 Docet
2914 5249 3057 5303 enim
3098 5265 3229 5314 nos,
3264 5249 3315 5304 in
3347 5249 3609 5320 principio
3638 5246 3790 5304 fuisse

2221 5336 2509 5390 humanam
2538 5336 2824 5406 rationem,
2851 5336 2903 5394 id
2931 5346 3014 5393 est
3043 5338 3274 5394 animam
3308 5356 3322 5392 :
3352 5337 3448 5394 sed
3476 5347 3665 5410 aperte
3688 5337 3791 5393 cla-

2224 5444 2352 5501 mat,
2382 5436 2631 5492 omnibus
2656 5437 2748 5493 Dei
2777 5438 3036 5495 creaturis
3065 5446 3239 5495 ortum
3270 5440 3575 5496 hominibus
3613 5446 3790 5512 poste-

2223 5526 2419 5581 riorem
2448 5541 2587 5582 esse.
2619 5526 2676 5583 Si
2702 5542 2830 5597 ergo
2856 5537 3116 5584 creatura:
3141 5545 3329 5587 onmes
3350 5536 3476 5587 ante
3502 5529 3788 5594 hominem,

2222 5617 2495 5683 quomodo
2525 5618 2672 5687 prius
2700 5619 2890 5675 animae
2912 5618 3159 5675 fuerunt?
3188 5619 3349 5676 Pater
3374 5622 3517 5677 enim
3542 5636 3650 5678 non
3672 5631 3793 5677 ante

2223 5718 2439 5776 corpus.
2470 5707 2565 5764 sed
2593 5717 2719 5764 ante
2745 5708 3037 5779 hominem,
3065 5712 3158 5780 qui
3184 5720 3266 5772 est
3287 5713 3466 5767 anima
3494 5720 3553 5769 et
3578 5727 3790 5789 corpus.
