3970 6160
298 303 404 366 965

1381 293 1614 354 LIBER
1655 292 2050 352 ADVERSUS
2087 290 2510 352 ORIGENEM.

3455 293 3558 358 966

313 411 600 485 ἀνθρώπου,
630 407 754 482 ὅπερ
786 410 895 463 ίστί
921 409 1070 477 ψυχό
1101 426 1151 460 τε
1185 406 1265 456 καί
1295 411 1466 475 σῶμα,
1499 399 1603 454 εἷπε
1633 404 1696 456 τὰ
1719 406 1880 456 πάντα

2008 384 2112 448 liéit
2139 395 2318 448 omnia
2349 395 2536 460 fuisse;
2569 409 2636 450 ex
2661 409 2767 466 quo
2803 395 3131 466 ostenditur,
3156 395 3313 453 simul
3341 407 3549 455 utrum.

311 505 636 580 γεγενῆσθαι·
668 504 749 555 καί
784 503 837 556 ίκ
873 501 1055 555 τούτου
1100 495 1353 552 διίκνυται
1388 496 1493 565 ἅμα
1539 495 1766 568 ἑκάτερον
1797 491 1886 551 δοῖ·-

316 589 698 664 μιονργηθῆναι.

386 683 532 750 Λέγει
557 676 611 734 ὂᾶ
639 684 720 733 καί
751 677 776 734 ό
802 679 853 732 iv
881 677 1040 748 ἀγίοις
1067 673 1336 752 Γρηγόριος
1365 674 1389 729 ό
1419 675 1632 732 Νύσσης
1663 672 1711 724 ἕν
1736 677 1796 744 τῇ
1821 673 1889 732 εἷς

319 771 398 824 τόν
425 767 682 844 ἄνθρωπον
709 769 1054 842 πραγματείᾳ’
1092 769 1280 836 «Τάχα
1303 767 1403 840 γὰρ
1424 767 1513 818 οὐκ
1537 761 1636 827 ἔξω
1657 770 1746 821 τῆς
1772 781 1892 834 προ-

321 861 544 928 κειμένης
570 861 689 928 ἡμῖν
716 862 1065 933 πραγματείας
1105 857 1235 920 ἔστί,
1265 858 1322 910 τὸ
1352 854 1634 918 διεξετάσαι
1656 852 1714 907 τό
1743 853 1891 922 ἀμῖσι-

322 947 615 1022 ϐαλλόμενον
639 956 749 1010 ταῖς
773 951 1055 1008 inliciat:
1085 949 1201 1018 περὶ
1229 946 1408 1016 ψυχῆς
1437 965 1490 1001 τε
1522 947 1606 998 καί
1631 946 1886 1014 σώματος.

320 1041 434 1092 Τισὶ
453 1041 542 1107 μὲν
567 1039 666 1112 γὰρ
689 1036 828 1092 δοκεῖ
849 1043 946 1091 τῶν
975 1038 1076 1111 πρὸ
1101 1039 1260 1106 ἡμῶν,
1291 1032 1362 1094 οἷς
1389 1033 1415 1088 ό
1444 1037 1562 1108 περί
1588 1041 1688 1088 τῶν
1713 1035 1893 1108 ἀρχῶν

321 1125 710 1200 ἓπραγματεύθη
749 1126 912 1199 λόγος.
941 1128 1166 1199 καθάπερ
1213 1126 1322 1180 τινά
1365 1123 1520 1196 δῆμον
1547 1125 1596 1176 ίν
1623 1121 1890 1190 ίδιαζούσῃ

325 1217 463 1271 πόλιι
505 1222 598 1276 τας
642 1215 823 1286 ψυχὰς
864 1215 1246 1291 προῦφεστάναι
1274 1214 1457 1284 λέγιιν·
1501 1213 1800 1288 προκεῖσθαι
1839 1208 1892 1264 δὲ

325 1306 464 1360 κάκεῖ
490 1310 556 1361 τὰ
583 1313 674 1366 τῆς
703 1309 885 1364 κκκίας
925 1308 1008 1356 καὶ
1047 1311 1136 1362 τῆς·
1180 1304 1362 1374 ἀρετῆς
1401 1300 1781 1373 ὑποδείγματα’
1813 1300 1896 1352 καί

324 1395 714 1469 παρνμένουσαν.
753 1395 840 1461 μίν
880 1393 929 1444 ἐν
958 1399 1030 1462 τῷ
1056 1392 1189 1464 καλῷ
1223 1398 1314 1450 τήν
1343 1391 1519 1462 ψυχήν
1557 1397 1648 1448 τῆς
1687 1389 1812 1462 πρὸς
1839 1387 1897 1441 τὸ

327 1491 478 1554 σῶμα
505 1483 794 1554 συμπλοκῆς
825 1483 984 1554 μένειν
1024 1483 1360 1556 ἀπείραστον·
1392 1486 1438 1536 εί
1461 1480 1513 1536 δέ
1549 1480 1783 1553 ἀποβρίυῇ
1807 1486 1896 1536 τῆς

326 1580 418 1629 τοῦ
446 1576 635 1645 ἀναθοῦ
677 1574 972 1644 μετουσίας.
1015 1575 1143 1648 πρὸς
1181 1574 1266 1626 τὸν
1303 1571 1418 1647 τῇδε
1447 1573 1552 1646 βίον
1579 1569 1895 1624 κατολισθαί-

327 1684 446 1727 νειν,
473 1669 559 1718 καί
595 1665 752 1724 οὕτως
787 1665 834 1716 ἐν
873 1667 1070 1734 σώματι
1114 1658 1360 1735 γίνεσθαι’
1393 1665 1554 1735 ἕτεροι
1579 1660 1630 1715 δέ
1659 1669 1719 1733 τῇ
1765 1661 1896 1714 κατα

1984 499 2090 554 que
2118 483 2429 540 fabricatum
2467 499 2604 539 esse.

2059 663 2194 718 Dicit
2221 665 2382 719 etiam
2411 673 2624 719 sanctus
2651 663 2942 734 Gregorius
2969 666 3244 735 episcopus
3272 665 3471 736 Nysae,
3496 662 3554 718 in

1987 751 2356 822 Disputatione
2405 753 2470 808 de
2509 753 2724 808 homine
2774 755 2941 824 (Cap.
2972 753 3078 824 28)
3115 772 3127 806 :
3163 772 3180 806 ι
3215 753 3292 809 Ac
3331 753 3555 808 fortasse
3639 769 3644 774 ·

1988 841 2219 894 alienum
2247 856 2356 894 non
2385 851 2466 894 est
2495 855 2525 894 a
2553 841 2927 910 disputationis
2973 851 3164 896 nostra:
3199 843 3472 913 proposito
3502 842 3561 898 id

1989 931 2306 1002 exprndere,
2343 931 2488 1000 quod
2537 932 2588 984 in
2636 931 2886 986 Ecclesiis
2913 933 2979 988 de
3026 934 3201 987 anima
3247 941 3302 988 et
3328 946 3555 1001 corpore

1991 1032 2394 1078 controversum
2422 1031 2522 1076 est.
2571 1021 2848 1076 Nonnullis
2877 1022 3016 1075 enim
3046 1021 3136 1090 qui
3165 1029 3288 1076 ante
3317 1037 3415 1077 nos
3443 1021 3558 1074 fue-

1991 1120 2137 1180 runt,
2165 1113 2254 1181 qui
2285 1118 2567 1166 tractatum
2595 1110 2661 1164 de
2687 1110 2959 1179 principiis
2979 1110 3214 1175 edidere,
3244 1111 3418 1181 placet
3443 1111 3560 1164 ani-

1993 1217 2108 1257 mas
2136 1201 2297 1254 veluti
2322 1199 2606 1270 quemdam
2634 1199 2888 1268 populum
2933 1198 2988 1252 in
3034 1200 3246 1268 propria
3275 1201 3407 1254 urbe
3433 1207 3560 1256 ante

1995 1292 2296 1348 substitisse
2329 1308 2342 1342 :
2377 1300 2536 1358 atque
2566 1289 2634 1344 ibi
2673 1290 2948 1359 proposita
2994 1304 3114 1345 esse
3155 1291 3400 1360 exempla
3443 1299 3554 1346 tum

1995 1385 2224 1448 virtutis,
2259 1391 2369 1435 tum
2414 1379 2628 1434 malitiae
2659 1399 2672 1434 :
2701 1395 2926 1448 eamque
2953 1381 3201 1446 animam,
3233 1395 3350 1449 qua:
3374 1379 3426 1432 in
3451 1381 3562 1436 vir-

1998 1483 2110 1529 tute
2147 1483 2306 1542 atque
2351 1470 2633 1525 honestate
2678 1469 3068 1538 permanserit,
3117 1483 3458 1537 congressum
3505 1475 3564 1523 et

1997 1561 2448 1619 conﬂictationem
2487 1558 2729 1626 corporis
2755 1558 2970 1623 minime
2998 1557 3228 1626 experiri
3259 1575 3270 1610 :
3302 1557 3346 1612 si
3371 1572 3502 1611 vero
3530 1571 3560 1611 ε

1998 1653 2122 1709 boni
2155 1651 2556 1723 participatione
2582 1647 2887 1712 deﬂuxerit,
2925 1647 3064 1702 hanc
3091 1649 3144 1702 in
3169 1649 3332 1702 vitam
3366 1647 3564 1712 delabi,

330 1755 415 1808 τόν
442 1755 658 1807 Μωῢσέα
691 1753 831 1816 τάξει
855 1761 944 1813 τῆς
977 1761 1290 1810 κατασκευῆς
1326 1756 1411 1803 τοῦ
1445 1752 1705 1822 ἀνὲρὼπου
1736 1769 1900 1824 προσ-

2008 1747 2182 1812 sicque
2211 1758 2331 1797 esse
2369 1742 2419 1794 in
2450 1754 2694 1808 corpore.
2747 1738 2850 1792 Alii
2891 1739 3226 1793 attendentes
3271 1753 3340 1794 ex
3385 1737 3564 1808 Moyse

331 1844 562 1912 ἔχοντες,
594 1839 830 1918 δευτέραν
875 1837 1000 1895 εἶναι
1041 1845 1130 1898 τήν
1159 1839 1337 1910 ψυχήν
1371 1845 1460 1892 τοῦ
1505 1842 1740 1907 σώματος
1771 1838 1896 1890 κατά

331 1937 416 1988 τὸν
457 1929 646 2006 χρόνον
683 1937 852 2002 φασίν.
884 1929 1084 1988 Ἐπειδὴ
1118 1938 1318 2004 πρῶτον
1352 1930 1514 1983 λαϐὼν
1545 1928 1568 1982 ό
1599 1930 1722 1988 Θεὸς
1767 1949 1808 1998 χ
1838 1935 1897 1980 ὗν

335 2023 436 2076 ἀπὸ
461 2030 552 2080 τῆς
575 2029 668 2092 γῆς
695 2022 781 2074 τόν
807 2017 1062 2094 ἄνθρωπον
1087 2017 1320 2085 ἔπλασεν,
1351 2015 1436 2072 εἷθ’
1453 2019 1612 2079 οῗτως
1655 2018 1898 2088 idolum

334 2110 420 2168 διὰ
445 2119 536 2168 τοῦ
561 2113 972 2184 iusim-auaros»
1002 2115 1095 2186 ttai
1115 2111 1225 2182 μετ’
1247 2111 1407 2182 ὀλίγα⁶
1440 2130 1457 2160 ι
1487 2111 1542 2162 Ui
1571 2117 1642 2183 τῷ
1669 2110 1901 2183 προτέρῳ

335 2204 701 2275 παριστάμενοι
727 2201 876 2275 λόγῳ.
905 2204 990 2256 καί
1025 2201 1378 2276 πρεσϐυτέραν
1405 2209 1494 2260 τῆς
1523 2200 1572 2252 ἓν
1601 2201 1750 2274 σαρκί
1773 2204 1903 2262 ζωῆς

335 2296 426 2350 τὴν
450 2291 701 2346 πολιτείαν
729 2299 828 2346 τῶν
851 2292 1037 2360 φυλῶν
1067 2290 1466 2361 δογματίζοντες,
1503 2287 1561 2344 οὔ
1586 2311 1668 2360 μοι
1695 2289 1904 2344 δοκοῦσι

335 2391 435 2438 τῶν
455 2384 736 2441 Ἑλληνικῶν
755 2380 1044 2456 καθαρεύειν
1070 2389 1170 2436 τῶν
1196 2384 1314 2456 περὶ
1336 2389 1426 2440 τῆς
1447 2381 1905 2452 μετεμψυχώσεως

335 2473 827 2548 μεμυθολογημὲνων.
869 2473 925 2526 Ei
965 2473 1062 2548 γάρ
1097 2492 1175 2531 τις
1212 2471 1431 2546 ἀκριϐῶς
1470 2473 1741 2536 ίιετάσειε,
1774 2470 1906 2545 πρὸς

335 2569 484 2622 τοῦτο
515 2567 645 2620 κατά
675 2568 842 2618 πᾶσαν
867 2565 1084 2633 ἀνάγκην
1103 2565 1189 2618 τὸν
1216 2563 1356 2634 λόγον
1392 2564 1564 2622 αὐτοῖς
1589 2564 1794 2636 εὑρήσει
1816 2584 1906 2616 κα-

337 2652 692 2729 ταοηδρόμενον.
730 2654 855 2706 Φασί
879 2675 990 2708 τινα
1014 2659 1113 2707 τῶν
1142 2653 1265 2726 παρ’
1282 2653 1482 2712 ἐκείνοις
1523 2659 1688 2726 σοφῶν
1711 2655 1906 2728 εἰρηκέ-

338 2762 434 2798 ναι.
463 2740 542 2798 ὅτι
571 2745 652 2796 καί
676 2743 796 2818 ἀνὴρ
821 2744 1018 2814 γέγονε,
1054 2745 1136 2795 καί
1175 2743 1401 2814 γυναικός
1439 2749 1587 2812 σῶμα
1626 2745 1904 2816 μετημᾳνοὶ⁸

342 2851 489 2892 σατο,
515 2833 598 2886 καί
639 2831 753 2906 μετ’
775 2833 950 2906 ὀρνέων
996 2831 1210 2888 ἀνέπτη.
1239 2833 1324 2884 καί
1367 2832 1550 2904 θάμνος
1603 2833 1791 2904 ἐφοίτα,
1824 2836 1904 2886 ιιαέ

338 2922 426 2975 τόν
456 2918 656 2994 ἔνιδρον
699 2917 860 2990 ἔλαχε
907 2919 1034 2997 βίον.
1074 2921 1146 2972 Οὐ
1184 2919 1357 2994 πόρρω
1396 2927 1487 2978 τῆς
1524 2919 1749 2980 ἀληθείας
1781 2921 1907 2975 κατά

339 3017 428 3070 τὴν
472 3013 591 3081 ἐμήν
633 3015 797 3086 κρίσιν
839 3009 1146 3088 φερόμηοςό
1173 3012 1291 3080 περὶ
1325 3009 1505 3064 ίαντοῦ
1532 3017 1697 3065 ταῦτα
1722 3010 1898 3082 λέγων.

1996 1830 2259 1887 condendi
2287 1828 2520 1883 hominis
2548 1827 2788 1882 ordinem
2815 1867 2830 1891 ,
2861 1827 3093 1880 animam
3132 1841 3358 1896 corpore
3387 1837 3566 1894 poste-

1996 1921 2195 1974 riorcm
2225 1926 2466 1986 tempore
2494 1930 2612 1970 esse
2637 1913 2822 1969 dicunt
2851 1933 2863 1968 :
2889 1915 3316 1984 quandoquidem
3337 1915 3566 1984 primum

2000 2008 2138 2062 Deus
2162 2007 2342 2060 limum
2371 2019 2402 2059 e
2431 2013 2573 2058 terra
2601 2019 2836 2064 sumens.
2863 2003 3015 2057 llnxit
3040 2003 3332 2069 hominem,
3355 2019 3418 2059 ac
3443 2019 3564 2058 eum

1999 2094 2191 2150 deinde
2239 2095 2586 2164 inspiratione
2634 2093 2908 2147 animavit.
2938 2110 2957 2144 ι
2983 2093 3059 2146 Ac
3076 2094 3232 2162 paulo
3250 2100 3394 2163 post:
3422 2111 3440 2140 ι
3467 2091 3566 2158 Qui

2001 2184 2229 2253 primam
2256 2184 2520 2237 rationem
2551 2189 2786 2247 tuentur,
2816 2192 2872 2236 et
2899 2182 3195 2236 animarum
3265 2183 3419 2252 quasi
3438 2182 3568 2238 civi-

2005 2283 2169 2328 tatem
2200 2273 2555 2342 antiquiorem
2585 2273 2692 2326 vita
2721 2287 2982 2342 corporea
3011 2281 3274 2339 asserunt,
3305 2288 3412 2328 non
3440 2273 3569 2329 mihi

2005 2363 2252 2418 videntur
2279 2378 2462 2418 carere
2489 2376 2818 2432 paganorum
2870 2363 3080 2426 fabulis,
3124 2379 3244 2433 qua:
3269 2363 3337 2418 de
3363 2365 3570 2418 anima-

2001 2467 2118 2506 rum
2149 2469 2214 2506 ex
2241 2453 2358 2506 aliis
2380 2453 2433 2506 in
2455 2453 2556 2506 alia
2587 2467 2814 2522 corpora
2835 2453 3150 2521 migratione
3176 2453 3400 2522 prodita:
3425 2465 3570 2508 sunt.

2002 2543 2058 2598 Si
2086 2545 2205 2612 quis
2231 2545 2373 2598 enim
2420 2543 2685 2598 subtiliter
2713 2544 3004 2610 examinet,
3033 2543 3325 2612 comperiet
3349 2542 3454 2598 huc
3482 2558 3573 2598 ne-

2002 2633 2238 2688 cessario
2265 2634 2529 2688 rationem
2558 2647 2744 2688 eorum
2773 2632 3000 2687 devolvi.
3030 2631 3209 2698 Aiunt,
3231 2631 3516 2701 quemdam
3544 2647 3574 2688 ε

2002 2732 2162 2776 εεοιεο
2189 2735 2301 2775 sua:
2334 2721 2664 2790 sapientibus
2691 2721 2916 2784 dixisse,
2948 2729 3000 2775 et
3027 2721 3196 2774 virum
3225 2719 3388 2774 fuisse
3414 2735 3496 2789 se,
3521 2727 3572 2776 et

2004 2812 2263 2867 muliebre
2277 2825 2472 2881 corpus
2485 2811 2808 2878 induisse,et
2827 2810 3134 2866 subvolasse
3155 2825 3276 2866 eum
3303 2810 3508 2878 avibus,
3522 2817 3572 2865 et

2003 2905 2168 2958 luisse
2189 2903 2542 2965 arbusculam,
2571 2910 2628 2956 et
2653 2901 2941 2971 aquatilem
2969 2902 3131 2956 vitam
3156 2901 3425 2956 sortitum.
3458 2900 3574 2956 Non

2005 2994 2312 3062 longe,meo
2332 2992 2546 3062 quidem
2565 2991 2787 3060 judicio,
2803 3006 2834 3046 a
2855 3007 2986 3047 vero
3007 2990 3254 3055 discedit,
3269 2991 3360 3060 qui
3385 2991 3498 3046 huic
3511 2991 3582 3046 de

340 3099 530 3162 Ὀντως
552 3105 648 3178 γὰρ
665 3103 951 3176 βατράχων
977 3100 1188 3162 τινῶν,ἧ
1217 3108 1416 3155 κολοιῶν
1438 3101 1696 3177 ρλυαρίας,
1727 3101 1758 3160 ἧ
1787 3104 1905 3156 ἀλο-

2008 3096 2066 3136 se
2090 3081 2338 3135 aflirmat.
2363 3079 2503 3136 Vere
2528 3081 2670 3134 enim
2689 3123 2705 3149 ,
2729 3081 2814 3136 vel
2835 3095 3085 3135 ranarum
3114 3089 3208 3136 aut
3241 3081 3580 3149 graculorum

339 3195 454 3265 γίας
496 3195 722 3261 ἰχθύων,
769 3193 798 3250 ἡ
842 3191 1004 3266 δρυῶν
1053 3191 1383 3250 ἀναισθησίας
1425 3187 1540 3254 ἄξια
1579 3193 1648 3246 τά
1694 3199 1908 3247 τοιαῦτα

343 3280 465 3352 δόγμ
475 3301 591 3343 ατα,
622 3279 678 3332 τό
706 3281 822 3350 μίαν
846 3280 1028 3348 ψυχήν
1053 3278 1206 3349 λεγειν
1225 3276 1308 3331 διὰ
1331 3279 1586 3332 τοσούτων
1611 3279 1782 3333 ἐλθεῖν.
1806 3287 1908 3340 Τῆς

344 3369 399 3424 δὲ
430 3374 670 3428 τοιαύτης
697 3371 909 3443 ἀτοπίας
941 3367 1069 3425 αὕτη
1103 3368 1238 3421 ἐστὶν
1263 3369 1292 3424 ἠ
1319 3369 1476 3431 αἰτία,
1505 3367 1564 3423 τὸ
1588 3370 1911 3440 προϋφεστά-

343 3481 426 3514 νκι
461 3463 554 3519 τάς
592 3459 775 3530 ψυέάς
813 3457 1036 3512 οἴεσθαι⁹
1081 3454 1428 3511 δι’ἀκολούξσυ
1467 3456 1563 3530 γάρ
1587 3458 1616 3513 ἡ
1644 3457 1786 3528 ἀρχή
1819 3465 1909 3512 τοῦ

343 3553 570 3607 τοιούτου
597 3547 842 3620 δόγματος
869 3549 950 3600 ini
973 3547 1028 3601 τὸ
1053 3547 1318 3619 προσεχές
1346 3565 1422 3608 τε,
1445 3549 1530 3599 καί
1550 3548 1914 3618 παρακείμενον

341 3641 428 3695 τόν
455 3636 598 3710 λόγον
622 3638 940 3712 προάγουσα,
966 3637 1130 3710 μέχρι
1158 3637 1338 3690 τούτου
1357 3637 1721 3712 τερατευομὲνη
1741 3635 1913 3699 διέξει-

340 3751 440 3784 σιν.
464 3735 521 3784 Εί
543 3731 636 3805 γὰρ
666 3726 749 3782 διὰ
777 3747 908 3788 τινος
933 3728 1106 3786 κακίας
1143 3728 1529 3782 ἀποσπασθεῖσα
1550 3737 1641 3788 τῆς
1665 3727 1912 3798 {idolo-ri-

341 3839 436 3894 ρας
457 3821 488 3877 ἡ
510 3819 662 3889 ψυχή
708 3819 962 3876 πολιτείας
1007 3814 1268 3890 ἄνθρωπος
1303 3821 1509 3890 γίνεται,
1545 3820 1911 3894 ἐμπαθέστερος

339 3906 392 3965 δέ
440 3912 642 3968 πάντως
681 3907 707 3962 ό
747 3909 797 3962 ἓν
840 3911 990 3982 σαρκὶ
1020 3908 1131 3978 βίος
1177 3909 1487 3980 ὡμολόγηται
1525 3912 1669 3982 παρά
1704 3909 1790 3962 τόν
1817 3916 1915 3964 τῶν

340 3999 512 4056 ἆίδίων
545 4003 632 4054 καί
673 4000 975 4069 ἀσωμάτων,
1003 4000 1191 4069 ἀνάγκη
1220 4005 1369 4054 πᾶσα
1397 4005 1485 4056 τήν
1515 4000 1562 4053 ἐν
1601 4008 1673 4070 τῷ
1701 4003 1914 4073 τοιούτῳ

339 4093 591 4164 γινομένην
629 4092 746 4166 βίῳ,
770 4093 818 4144 ἕν
844 4089 884 4164 ᾦ
919 4095 1004 4144 καί
1033 4091 1231 4152 πλείους
1275 4093 1326 4146 αί
1365 4093 1493 4166 πρὸς
1521 4097 1576 4146 τ)
1609 4092 1912 4167 ἁμαρτάνειν

341 4181 463 4234 εἰσίν
504 4183 744 4256 ἀφορμαί,
776 4183 824 4233 ἐν
853 4180 1040 4236 πλείονί
1083 4201 1137 4235 τε
1178 4186 1322 4256 κακίᾳ
1359 4184 1594 4254 γίνεσθαι,
1627 4186 1708 4236 καί
1749 4183 1912 4255 ἔμπα-

341 4271 567 4342 θὲστερον
592 4269 893 4328 διατεθῆναι⁸
924 4271 1236 4346 ἀνθρωπίνης
1264 4269 1316 4326 δέ
1347 4271 1526 4342 ψυχῆς
1550 4274 1702 4332 πάθος
1725 4275 1756 4332 ἡ
1784 4275 1913 4348 πρὸς

341 4361 401 4416 τό
430 4359 604 4430 ἄλογόν
631 4363 760 4416 ἔστιν
787 4360 1044 4426 ὁμοίωσις·
1067 4363 1230 4432 τούτῳ
1251 4361 1303 4416 δὲ
1323 4365 1797 4434 προσοικειωοεῑσαν
1832 4365 1916 4416 αὺ-

2007 3173 2222 3242 garrulo
2260 3171 2484 3240 strepitu
2513 3211 2528 3236 ,
2567 3170 2650 3224 vel
2688 3171 3156 3226 irrationabilitate
3195 3170 3458 3240 piscium,
3497 3187 3581 3226 vet

2010 3262 2257 3317 arborum
2279 3261 2683 3316 insensibilitate
2703 3261 2964 3330 ejusmodi
2987 3259 3264 3330 disciplina
3291 3260 3450 3328 digna
3479 3269 3581 3325 est,

2009 3367 2128 3421 quae
2159 3359 2238 3406 tot
2282 3367 2368 3406 res
2409 3365 2686 3420 permeare
2723 3365 2883 3406 unam
2914 3351 3143 3404 animam
3191 3349 3352 3404 dicat.
3385 3347 3582 3404 [larum

2011 3448 2189 3494 autem
2219 3440 2536 3510 ineptiarum
2586 3441 2700 3494 hcce
2725 3455 2885 3495 causa
2914 3446 2998 3494 est
3017 3481 3033 3505 ,
3071 3439 3214 3508 quod
3244 3439 3584 3508 praeexistere

2013 3529 2220 3582 animus
2247 3528 2616 3597 opinabantur.
2643 3528 3048 3596 Consequenter
3071 3527 3214 3582 enim
3239 3527 3360 3582 talis
3387 3527 3584 3583 doctri-

2012 3631 2094 3670 na:
2133 3616 2450 3687 principium
2497 3617 2564 3672 ad
2612 3615 2789 3670 affinia
2831 3624 2887 3671 et
2925 3615 3174 3686 adjuncta
3212 3616 3582 3686 progrediens,

2015 3702 2292 3773 hucusque
2317 3712 2619 3760 commenta
2649 3721 2742 3761 sua
2771 3715 3050 3776 propagat.
3097 3705 3231 3761 Nam
3259 3705 3300 3760 si
3331 3720 3428 3774 per
3453 3705 3586 3760 vitia

2013 3797 2222 3850 animus
2251 3812 2280 3850 a
2310 3797 2603 3852 sublimiori
2643 3799 2750 3852 vita
2779 3797 3103 3862 abstractus,
3147 3797 3309 3852 homo
3341 3797 3416 3862 lit,
3449 3810 3514 3852 ac
3539 3799 3585 3852 si

2013 3871 2087 3940 in'
2099 3886 2344 3942 confesso
2373 3895 2484 3953 est,
2514 3889 2678 3943 vitam
2709 3903 3022 3958 corpoream
3053 3888 3391 3958 passionibus
3418 3889 3586 3957 magis

2013 3977 2298 4032 obnoxiam
2328 3993 2447 4032 esse
2473 4019 2488 4047 ,
2528 3992 2686 4046 quam
2715 3987 2970 4032 mternam
3001 3988 3161 4048 atque
3189 3978 3585 4048 incorpoream,

2011 4083 2230 4124 necesse
2281 4076 2364 4123 est
2411 4069 2640 4123 animam
2689 4070 2744 4124 in
2792 4071 2894 4125 hac
2920 4072 3028 4125 vita
3056 4071 3370 4140 degentem,
3400 4072 3586 4143 inqua

2011 4157 2190 4228 plures
2217 4157 2496 4214 facultates
2526 4159 2596 4213 ad
2624 4159 2954 4229 peccandum
2983 4169 3294 4230 suppetunt,
3328 4161 3380 4215 in
3411 4161 3582 4232 pluri-

2011 4249 2110 4304 bus
2133 4251 2333 4304 versari
2355 4251 2513 4314 vitiis,
2538 4251 2812 4320 magisque
2834 4251 3168 4320 passionibus
3190 4251 3352 4308 allici.
3383 4252 3588 4308 Animae

2015 4352 2193 4396 autem
2222 4342 2468 4396 humana:
2497 4343 2677 4410 passio
2701 4382 2716 4408 ,
2746 4341 3036 4397 similitudo
3077 4349 3159 4398 est
3198 4342 3265 4397 ad
3303 4343 3587 4399 irrationa-

344 4457 430 4506 τήν
459 4455 532 4512 εἰς
554 4451 776 4510 κτηνὼδη
811 4454 958 4524 φύσιν
987 4454 1348 4529 μεταῤῥυῆναι·
1374 4451 1509 4516 ἅπαξ
1540 4451 1592 4506 δὲ
1625 4451 1707 4507 διὰ
1733 4455 1905 4514 κακίας

2013 4433 2158 4486 bilia.
2212 4431 2348 4486 Huic
2397 4444 2524 4498 ergo
2561 4431 2683 4485 vita:
2713 4431 2958 4486 devincta
2988 4433 3182 4498 anima,
3212 4434 3266 4488 in
3295 4434 3587 4490 bestiarum

344 4538 654 4605 όδεύουσαν,
700 4541 825 4612 μηδὲ
867 4543 915 4596 ἔν
951 4543 1115 4616 ἀλόγῳ
1155 4545 1412 4614 γενομένην
1431 4551 1521 4602 τῆς
1547 4545 1632 4597 ἐπὶ
1658 4543 1716 4596 τό
1755 4545 1909 4596 κακόν

347 4629 569 4705 προόδου
597 4631 750 4695 λήξειν
773 4635 917 4688 ποτε.
948 4643 998 4688 Ἦ
1020 4636 1116 4708 γὰρ
1137 4640 1228 4689 τοῦ
1254 4639 1408 4688 κακοῦ
1435 4634 1640 4695 στάσις,
1657 4635 1801 4706 ἀρχή
1819 4641 1911 4693 τῆς

345 4721 456 4777 κατ’
486 4723 670 4796 ἀρετήν
708 4722 841 4777 ἔστιν
867 4722 1052 4796 ὁρμῆς,
1076 4721 1249 4798 ’Δρετή
1273 4721 1326 4778 δέ
1355 4725 1406 4778 δν
1430 4723 1623 4793 ἀλόγοις
1642 4723 1730 4774 οὐκ
1753 4719 1907 4776 ἔστιν.

347 4811 536 4864 οὐκοῦν
573 4811 654 4864 ἀεί
677 4813 804 4884 πρὸς
841 4813 898 4867 τὸ
943 4819 1116 4887 χεῖρον
1141 4815 1194 4878 ἐξ
1221 4813 1439 4886 ἀνάγκης
1479 4811 1870 4876 ἀλλοιωθήσεται
1891 4851 1908 4876 ,

346 4903 557 4958 πάντοτε
599 4899 726 4974 πρὸς
759 4902 817 4956 τὸ
845 4910 1020 4978 χεῖρον
1047 4906 1134 4957 καί
1174 4905 1469 4978 ἀτιμότερον
1509 4909 1794 4978 προέοὔσα,
1829 4905 1913 4956 καὶ

347 4995 426 5050 ἀεί
451 4995 510 5048 τὸ
539 4999 713 5065 χεῖρον
740 5001 831 5054 τῆς
855 4993 903 5046 ἐν
923 4991 954 5067 ᾖ
975 4995 1086 5048 itm
1104 4995 1298 5065 φύσεως
1327 4997 1706 5070 ίξευρίσκουσαο
1737 4995 1912 5069 ὥσπερ

345 5087 402 5142 δέ
424 5092 518 5142 τοῦ
559 5088 756 5160 λογικοῦ
799 5087 858 5142 τό
891 5087 1123 5144 αἰσθητὸν
1146 5087 1485 5154 ὑποϐέϐηκεν,
1527 5088 1659 5143 οὕτω
1694 5090 1776 5143 καὶ
1814 5089 1916 5142 ἀπὸ

345 5178 640 5234 τούτουῖπι
662 5178 720 5233 τὸ
747 5177 1040 5235 ἀναίσθητον
1077 5179 1398 5246 μετάπτωσις
1420 5181 1626 5248 γίνεται.
1660 5177 1802 5232 ’Δλλά
1824 5177 1915 5248 μί·

347 5286 443 5343 χρι
463 5267 644 5322 τούτου
667 5267 857 5340 προῖὼν
884 5263 910 5318 ό
937 5264 1080 5336 λόγος
1107 5265 1278 5324 αὐτοῖς
1295 5303 1311 5328 ,
1341 5267 1424 5320 καί
1445 5263 1545 5328 (Eu
1573 5274 1664 5326 τῆς
1691 5264 1916 5322 ἀληθείας

345 5355 568 5427 φέρεται,
595 5353 719 5408 ἀλλά
739 5374 795 5428 γε
819 5351 904 5409 διὰ
930 5372 1065 5413 τινος
1097 5351 1386 5413 ἀκολουθίας
1408 5350 1598 5408 ἄτοπον
1636 5355 1686 5417 ίξ
1725 5351 1920 5407 ἀτόπου

339 5444 738 5518 μεταλαμϐάνει.
791 5444 858 5498 Τό
905 5440 958 5498 δὲ
1007 5444 1226 5498 ἐντεῦθεν
1283 5441 1377 5502 ἤδη
1421 5441 1504 5498 διά
1552 5451 1651 5497 τῶν
1709 5445 1922 5514 ἀσυναρ·

346 5546 504 5595 τήτων
537 5536 704 5594 αὐτοῖς
730 5534 786 5589 τό
819 5531 984 5606 δόγμα
1022 5535 1394 5600 μυθοποιεῖται.
1441 5543 1492 5586 ἰι
1542 5536 1630 5603 μέν
1680 5535 1924 5588 ε’κολουοία

345 5623 560 5682 παντελῆ
587 5621 848 5696 διαφθορὰν
867 5630 957 5682 τῆς
985 5621 1164 5692 έυχῆς
1184 5619 1552 5676 ὑποδείκνυσιν.
1585 5630 1636 5672 'li
1659 5625 1754 5694 γὰρ
1787 5622 1923 5686 ἅπαξ

349 5720 435 5770 τῆς
468 5712 661 5786 ﬁniri;
702 5713 956 5773 πολιτείας
998 5711 1418 5775 ἀπολισθήσασα,
1468 5713 1517 5766 ἐν
1556 5709 1713 5767 οὐδενὶ
1749 5714 1916 5786 μέτρῳ

2015 4527 2258 4574 naturam
2285 4519 2580 4583 delabetur,
2609 4534 2673 4573 ac
2699 4521 2863 4576 semel
2893 4519 3016 4574 vitia
3047 4522 3302 4590 ingressa,
3333 4523 3492 4594 inque
3514 4524 3588 4580 ir-

2015 4611 2431 4666 rationabilitate
2477 4625 2730 4676 versans,
2758 4609 2962 4666 nullum
3009 4609 3167 4668 ﬁnem
3214 4613 3282 4668 ad
3327 4615 3585 4671 malitiam

2013 4703 2387 4776 progrediendi
2449 4701 2625 4759 faciet.
2701 4701 2804 4758 Ubi
2873 4705 3015 4759 enim
3078 4705 3280 4760 malitia
3353 4707 3580 4774 sistitur,

2015 4795 2252 4852 succedit
2279 4794 2508 4864 impetus
2535 4792 2603 4847 ad
2643 4793 2925 4861 virtutem;
2973 4793 3123 4862 atqui
3150 4793 3320 4850 virtus
3367 4795 3420 4850 in
3451 4796 3586 4850 irra-

2014 4887 2353 4943 tionabilibus
2405 4885 2549 4940 nulla
2593 4892 2715 4952 est;
2765 4884 2818 4938 in
2879 4883 3116 4942 deterius
3167 4899 3296 4954 ergo
3344 4900 3589 4942 necessa-

2015 4978 2098 5034 rio
2144 4977 2470 5042 mutabitur,
2499 4975 2712 5032 assidue
2757 4975 2824 5030 ad
2853 4975 3035 5046 pejora
3083 4977 3430 5048 turpioraque
3467 4993 3590 5048 pro-

2016 5067 2298 5136 grediens,
2344 5065 2564 5137 ejusque
2605 5075 2808 5120 natura:
2829 5105 2846 5132 ,
2904 5067 2956 5145 in
2999 5081 3106 5138 qua
3162 5074 3264 5135 est,
3315 5067 3588 5124 deteriora

2017 5172 2243 5230 qumque
2265 5149 2479 5229 semper
2497 5159 2925 5214 comminiscens.
2953 5158 3120 5215 Porro
3138 5159 3584 5238 quemadmodum

2021 5249 2322 5305 rationabili
2347 5249 2598 5305 sensibile
2623 5249 2885 5316 subjacet,
2906 5250 2982 5304 sic
3011 5256 3068 5303 et
3094 5249 3162 5305 ab
3183 5249 3288 5305 hoc
3313 5248 3382 5305 ad
3411 5251 3586 5306 insen-

2022 5338 2175 5394 sibile
2224 5336 2284 5392 ﬁt
2326 5337 2618 5409 prolapsio.
2665 5336 3024 5405 Quamobrem
3071 5338 3176 5393 huc
3218 5338 3358 5394 ratio
3395 5351 3585 5392 eorum

2024 5429 2276 5500 evadens,
2315 5445 2346 5484 a
2371 5429 2596 5484 veritate
2623 5429 2858 5498 aberrat,
2887 5437 2942 5485 et
2966 5445 3063 5500 per
3091 5431 3372 5501 quamdam
3392 5441 3586 5483 conse-

2023 5520 2293 5590 quentiam
2321 5535 2384 5576 ex
2413 5519 2656 5574 absurdis
2679 5519 2744 5574 ad
2771 5521 2996 5575 absurda
3036 5535 3095 5575 se
3123 5517 3346 5574 confert.
3381 5515 3584 5570 Exinde

2022 5629 2206 5670 eorum
2230 5613 2470 5669 doctrina
2512 5628 2610 5682 per
2635 5627 2697 5666 ea
2725 5627 2842 5682 quae
2871 5613 3009 5666 inter
3034 5625 3093 5665 se
3141 5625 3244 5663 non
3291 5605 3578 5667 colum-ent,

2024 5707 2260 5763 fabulose
2300 5704 2557 5776 procedit.
2603 5703 2996 5773 Consequentia
3024 5716 3152 5756 vero
3193 5700 3301 5768 ipsa
3347 5695 3580 5751 ostendit
