3994 6140
465 349 570 413 967

1779 331 2221 404 JUs'rtXIANt
2267 335 2419 404 IMP.
2975 377 3026 430 χ

3630 351 3734 419 968

475 461 648 519 κακίας
667 468 844 517 στῆναι
868 455 1149 518 δυνήσεται·
1178 459 1299 511 ἀλλά
1320 456 1400 511 διά
1428 465 1516 516 τῆς
1540 479 1598 530 πθ
1614 457 1740 516 ὁςτά
1767 457 1897 512 πάθη
1923 463 2038 526 σχέ-

2152 455 2510 509 omnimodam
2542 453 2731 507 animm
2759 451 3136 522 corruptelam.
3168 450 3298 520 Quae
3325 452 3468 508 enim
3497 461 3668 514 semet
3693 476 3723 514 a

477 571 606 610 σεεμς
629 551 731 605 ἀπὸ
757 553 844 616 μέν
876 556 964 603 τοῦ
993 550 1189 620 λογικοῦ
1215 551 1342 621 πρὸς
1370 549 1424 600 τὸ
1460 544 1637 618 ἄλογον
1671 547 2013 614 μεταϐήσεται

490 640 579 694 ἀπ’
604 641 787 694 ἐκείνου
813 638 866 694 δέ
887 641 1012 713 πρῖς
1036 661 1124 695 την
1147 646 1244 692 τῶν
1269 646 1434 709 φυτῶν
1471 638 1801 693 ἀναισθησίαν
1836 657 2049 705 μετατε-

475 728 703 794 θὰσεται,
749 737 820 800 τῷ
850 727 902 782 δέ
924 729 1208 799 ἀναισθήτῳ
1239 749 1347 786 πως
1372 730 1430 782 τό
1458 725 1696 796 ἄψυχον,
1725 731 1888 796 τούτῳ
1917 725 1969 780 δὲ
1992 727 2048 780 τὸ

475 823 792 894 ἀνύπαρκτον
840 819 1036 874 ἕπεται.
1086 815 1241 874 Ὠστε
1285 819 1448 875 διόλου
1499 817 1584 872 διὰ
1629 825 1718 876 τῆς
1767 819 2050 878 ἀκολουθίας

475 911 600 982 πρὸς
627 913 684 964 τὸ
723 915 795 980 μή
836 906 891 963 εν
941 913 1116 970 αὐτοῖς
1157 913 1187 969 ἠ
1235 911 1387 982 ψυχή
1435 918 1815 984 μεταχωρήσει.
1861 914 2049 964 Οτὶκοῦν

475 1002 740 1070 ἀμήχανος
767 1003 891 1074 αὐτῇ
910 1001 1059 1054 πάλιν
1081 999 1234 1054 ἔσται
1260 1003 1289 1057 ἠ
1312 1003 1438 1072 πρὸς
1466 1004 1522 1053 τό
1542 1008 1769 1072 κρεῖττον
1791 999 2047 1060 ἐπάνοδος.

474 1080 614 1143 Ἀλλά
637 1093 735 1158 μήν
764 1090 819 1141 ἐκ
849 1089 1039 1159 θάμνου
1073 1090 1157 1142 ἐπὶ
1177 1090 1260 1142 τόν
1293 1085 1551 1162 ἄνθρωπον
1579 1089 1667 1146 τήν
1695 1088 1872 1158 ψυχήν
1900 1090 2050 1143 ἐπαν-

471 1183 703 1254 άγουσιν.
747 1183 936 1235 Οὐκοῦν
983 1182 1352 1254 προτιμοτέραν
1394 1185 1484 1238 τήν
1521 1183 1569 1233 ἐν
1594 1182 1758 1251 θάμνῳ
1787 1185 1916 1244 ζωήν
1961 1189 2050 1240 τῆς

472 1275 752 1341 ἀσωμάτου
775 1269 1020 1342 διαγωγῆς
1051 1272 1102 1322 ἐκ
1125 1272 1316 1324 τούτων
1338 1271 1409 1323 ἀπ
1424 1269 1769 1324 ⁵δεικνύουσιν.
1799 1271 2051 1327 Δέδεικται

475 1365 569 1436 γὰρ
597 1361 673 1418 ὅτι
708 1363 834 1434 πρὸς
863 1364 920 1415 τὸ
947 1369 1122 1433 χεῖρον
1152 1361 1379 1431 γινομένη
1404 1361 1434 1418 ri
1469 1358 1684 1432 πρόοδος
1719 1370 1809 1420 τῆς
1834 1361 2047 1431 ψυχῆς,

474 1455 602 1529 πρὸς
633 1455 691 1507 τὸ
714 1456 990 1524 καττίτερον
1009 1453 1138 1504 κατά
1155 1451 1212 1503 τὸ
1238 1452 1362 1508 εἰκὸς
1383 1451 1717 1506 ὑποθήσεται.
1748 1451 2051 1508 Ὑποϐἐϐηκε

476 1543 530 1600 δέ
553 1551 641 1602 τὴν
671 1545 966 1602 ἀναίσθητον
987 1543 1132 1613 φύσιν
1157 1543 1214 1594 τὸ
1237 1539 1442 1611 ἄψυχον
1481 1543 1551 1600 εἰς
1574 1539 1599 1594 ὂ
1621 1541 1684 1596 δι’
1707 1543 1994 1604 ἀκολουθίας
2022 1545 2051 1601 ἡ

474 1636 615 1710 ἀρχή
639 1640 730 1689 τοῦ
759 1633 1008 1704 δόγματος
1030 1636 1190 1686 αὐτῶν
1219 1638 1308 1691 τήν
1351 1632 1530 1703 ψυχήν
1576 1631 1708 1706 ἄγει.
1741 1632 1862 1686 Ἀλλ’
1886 1635 2052 1694 ἐπειδὴ

471 1731 624 1780 τοῦτο
653 1729 707 1778 οῦ
734 1725 1015 1799 βούλονται,
1049 1723 1078 1784 ἦ
1121 1731 1194 1796 τῷ
1233 1725 1515 1793 ἀναισθήτῳ
1553 1730 1642 1783 την
1672 1725 1852 1795 ψυχήν
1900 1748 2054 1781 κατα-

2153 545 2366 599 sublimi
2399 545 2501 598 vita
2531 544 2756 608 decidit,
2809 544 3006 597 nullum
3051 543 3265 597 modum
3292 545 3482 599 statuit
3507 547 3724 604 malitia:

2151 649 2298 698 suas;
2349 633 2442 689 sed
2473 642 2690 703 propter
2729 633 3034 702 passionum
3074 634 3517 689 consuetudinem
3559 645 3722 708 atque

2151 723 2392 778 habitum
2421 739 2452 776 a
2481 724 2782 778 rationabili
2811 724 2875 776 ad
2898 724 3261 779 irrationabile
3281 726 3544 794 deveniet,
3570 731 3722 786 inde-

2151 828 2256 881 que
2281 813 2333 866 in
2363 813 2604 883 stirpium
2631 813 3088 868 insensibilitatem
3132 815 3464 882 mutabitur;
3495 817 3722 872 insensi-

2149 906 2241 961 bili
2263 914 2441 960 autem
2469 907 2757 959 inanimum
2781 913 2862 959 est
2886 907 3488 972 consequens,inanitno
3505 909 3558 962 id
3582 913 3723 980 quod

2152 1013 2260 1052 non
2301 997 2558 1051 subsistit.
2603 995 2786 1064 Itaque
2829 998 3039 1064 penitus
3081 1011 3148 1050 ex
3177 997 3278 1050 hac
3318 1002 3720 1066 consequentia,

2153 1087 2328 1140 anima
2351 1087 2478 1156 ipsis
2499 1087 2564 1140 ad
2593 1102 2699 1139 non
2728 1102 2822 1139 ens
2854 1085 3061 1139 tandem
3093 1087 3371 1141 concedet.
3403 1087 3492 1143 Sic
3522 1092 3719 1144 nullam

2153 1174 2454 1229 facultatem
2483 1175 2722 1229 habitura
2747 1183 2828 1228 est
2857 1175 2922 1227 ad
2955 1175 3172 1230 meliora
3207 1175 3482 1230 redeundi.
3529 1179 3721 1233 Verum

2152 1263 2292 1317 enim
2319 1279 2446 1318 vero
2477 1263 2542 1317 ad
2563 1263 2833 1317 hominem
2870 1277 2899 1316 e
2930 1261 3119 1316 frutice
3160 1264 3392 1317 animam
3422 1266 3680 1330 reducunt
3706 1286 3720 1334 ;

2152 1353 2310 1419 igitur
2337 1354 2758 1421 pnestantiorem
2789 1352 3158 1406 demonstrant
3185 1369 3304 1408 θεδο
3331 1355 3498 1408 vitam
3531 1355 3581 1408 in
3609 1355 3720 1410 fru-

2154 1443 2278 1510 tice,
2323 1458 2482 1510 quam
2514 1444 2883 1512 incorporeum
2918 1443 3100 1496 vitam.
3134 1443 3252 1498 Jam
3282 1445 3424 1498 enim
3450 1455 3721 1502 ostensum

2152 1541 2253 1599 est,
2276 1545 2614 1602 progressum
2644 1532 2832 1585 anima:
2865 1531 2917 1584 in
2940 1531 3230 1599 deteriora,
3261 1541 3420 1602 atque
3450 1534 3644 1589 idcirco
3669 1537 3721 1591 in

2153 1623 2403 1678 inferiora
2425 1638 2575 1686 esse;
2609 1622 2852 1691 subiacet
2875 1629 3053 1675 autem
3085 1623 3376 1675 insensibili
3409 1631 3608 1677 natura:
3635 1625 3722 1678 in-

2151 1713 2442 1766 animatam
2471 1730 2482 1763 :
2507 1727 2613 1781 quo
2625 1727 2720 1779 per
2735 1711 3168 1779 consequentiam
3187 1711 3504 1780 principium
3534 1729 3719 1769 eorum

473 1819 717 1872 κλείουσιν
740 1857 756 1881 ,
803 1816 834 1875 ἢ
871 1815 1011 1892 εἶ’περ
1056 1817 1274 1870 ἐντεῦθεν
1315 1816 1398 1870 ἐπί
1434 1818 1517 1871 τῖν
1561 1819 1859 1891 ἀνθρώπινον
1897 1821 2038 1878 adria

2153 1802 2407 1856 doctrina:
2447 1803 2677 1855 animam
2707 1802 2916 1868 redigit.
2963 1801 3067 1854 Sed
3095 1804 3347 1869 quoniam
3374 1803 3478 1858 hoc
3507 1805 3713 1868 nolunt,

469 1909 764 1977 ἐπανάγοιεν
779 1908 908 1980 βίον,
935 1907 1320 1982 προτιμότερον,
1337 1911 1494 1968 καθὼς
1514 1908 1728 1982 ε”ρηται,
1751 1911 1835 1963 τὸν
1857 1911 2047 1973 ξυλώδη

469 1999 576 2068 βίον
594 2007 685 2059 τῆς
710 2001 912 2076 πρώτης
941 1997 1264 2060 ἀποδείξουσι
1292 2000 1682 2058 καταστάσεως·
1715 1999 1856 2072 εἴπερ
1869 2001 2046 2053 ἐκεῖθεν

470 2090 562 2156 μὲν
597 2089 628 2146 ἦ
655 2089 784 2161 πρὸς
835 2088 1006 2141 κακίαν
1045 2088 1378 2148 κατάπτωσις
1431 2089 1650 2158 γέγονεν,
1693 2089 1912 2143 ἱ.τεῦοεν
1937 2087 1988 2142 δέ
2019 2091 2048 2146 ἠ

468 2178 594 2250 πρὸς·
617 2177 798 2250 ἀρετὴν
823 2175 1056 2236 ἐπάνοδος
1077 2178 1285 2248 γίνεται.
1330 2179 1516 2230 Ούκοῦν
1541 2177 1781 2248 ἀκέφαλὸς
1809 2199 1914 2242 τις,
1963 2181 2048 2232 καί

469 2267 647 2326 ἀτελὴς
685 2265 712 2320 ό
753 2273 982 2326 τοιοῦτος
1010 2266 1328 2340 δι-λὲγχεται
1367 2267 1541 2338 λόγος,
1573 2267 1598 2322 ὁ
1626 2271 1718 2328 τὰς
1757 2268 1942 2338 ψυχὰς
1979 2271 2050 2341 ἐφ’

468 2357 662 2411 ἐαυτῶν
689 2358 792 2430 πρὸ
828 2365 917 2416 τῆς
946 2359 996 2411 ἐν
1025 2362 1180 2432 σαρκί
1207 2361 1337 2420 ζωῆς
1365 2358 1608 2428 βιοτεύειν
1631 2361 2046 2424 κατασκευάζων,

469 2450 552 2500 καί
579 2445 664 2502 διά
681 2450 850 2502 κακίαν
870 2446 1148 2503 ἐνδεδέσθαι
1167 2457 1274 2508 τοῖς
1311 2452 1537 2518 σώμασι.
1563 2467 1580 2500 ι
1610 2448 1858 2521 Προδήλου
1883 2454 2047 2505 τοίνυν

469 2536 626 2598 οὔσης
654 2546 742 2598 τῆς
771 2546 861 2594 τοῦ
892 2542 1085 2612 πατρὸς
1112 2539 1454 2599 διδασκμιλίας,
1483 2544 1567 2594 καί
1594 2543 2047 2616 ἀποκηρυττούσης

469 2627 527 2680 τό
547 2627 702 2698 λέγειν
731 2631 1088 2704 προϋπάρχειν
1116 2631 1210 2688 τάς
1235 2629 1416 2699 ψυχάς
1453 2637 1552 2685 τῶν
1591 2632 1864 2703 σωμάτῳν,
1899 2633 2046 2686 ἀκούο

470 2738 638 2786 σωμεν
666 2721 751 2772 καί
769 2725 857 2773 τοῦ
893 2723 944 2772 ἐν
966 2720 1127 2792 ἁγίοις
1154 2722 1390 2792 Θεοφίλου
1413 2727 1500 2776 τοῦ
1528 2723 1801 2776 ἐπισκόπου
1828 2721 2045 2789 Ἀλεξαν-

468 2805 660 2882 δρείας,
675 2809 775 2863 ἀπὸ
796 2815 888 2865 τοῦ
902 2810 1048 2881 λόγου
1069 2817 1160 2865 τοῦ
1181 2813 1458 2884 γραφέντος
1477 2812 1605 2886 πρός
1630 2834 1767 2872 τινας
1787 2817 2046 2885 μοναχούς

467 2896 830 2972 τάὮριγίνους
853 2905 1178 2974 φρονοῦντας,
1194 2899 1424 2970 λέγοντος
1451 2899 1590 2956 τάδε’
1617 2919 1633 2951 ε
1658 2903 1848 2956 Οὐκοῦν
1869 2905 2043 2958 ἀναθε-

467 2994 766 3062 ματίζοντες
813 2993 896 3046 τὸν
927 2991 1180 3070 Ὠριγένην
1221 2998 1305 3047 καί
1340 2995 1456 3054 τούς
1510 2990 1688 3054 ἄλλους
1730 2995 1922 3068 αἱρετικ
1953 2999 2042 3061 ύς,

465 3081 643 3153 ὥσπερ
669 3083 834 3152 ἡμεῖς,
867 3085 947 3136 καί
974 3081 1002 3137 ὁ
1039 3091 1129 3142 τῆς
1158 3081 1407 3154 Ῥωμαίων
1433 3083 1576 3154 ἁγίας
1611 3085 1869 3146 ἐκκλησίας
1899 3086 2044 3139 ἐπίσ-

438 3183 448 3194 ‘
465 3188 620 3229 κοπος
641 3177 985 3236 ’Δναστάσιος,
1009 3173 1062 3225 ἐκ
1088 3172 1432 3244 παλαιοτέρων
1468 3171 1830 3244 ἀγωνισμάτων
1849 3171 2042 3238 ἔνδοξος

465 3262 748 3334 στρατηγὸς
769 3260 1022 3333 ἐπισήμου
1045 3261 1166 3314 λαοῦ
1189 3262 1554 3335 χειροτονηθείς
1578 3301 1590 3324 ,
1672 3264 1753 3314 καί
1777 3267 1924 3315 πᾶσα
1943 3269 2042 3317 τῶν

464 3353 721 3423 μακαρίων
749 3354 880 3406 κατά
917 3358 1006 3410 τήν
1049 3350 1195 3405 δύσιν
1236 3351 1530 3405 ἐπισκόπων
1575 3351 1752 3404 ἕπεται
1792 3349 1999 3412 σύνοδος
2023 3395 2039 3420 ,

461 3440 816 3513 ἀποδεχομένη
843 3451 934 3502 τῆς
961 3451 1060 3498 τῶν
1087 3441 1444 3514 ’Δλεξανδρέων
1472 3442 1734 3502 ἐκκλησίας
1777 3448 1866 3505 τήν
1910 3448 2042 3498 κατά

463 3535 552 3584 τοῦ
579 3532 796 3591 ἀσεϐοῦς
822 3531 1002 3603 ψῆφον.
1034 3549 1054 3582 ι

529 3806 633 3854 Τοῦ
674 3803 828 3856 αὐτοῦ
855 3803 908 3856 ἐκ
933 3812 1023 3863 τῆς
1046 3805 1312 3865 ἐπιστολῆς
1343 3813 1434 3866 τῆς
1461 3807 1589 3876 πρὸς
1619 3808 1736 3866 τούς
1765 3808 1815 3861 ἐν
1840 3815 1902 3880 τῇ
1929 3810 2039 3865 Σκή·

462 3909 538 3946 ut
557 3889 752 3961 ἁγίους,
777 3890 862 3946 διά
887 3897 1008 3953 τούς
1032 3895 1354 3965 ἐγκαλοῦντας
1379 3902 1466 3955 τήν
1489 3904 1589 3951 τῶν
1617 3896 1880 3969 δογμάτων
1901 3897 2038 3973 Ὠρι-

460 3981 636 4052 γένους
661 3982 962 4056 καθαίρεσιν
999 4001 1016 4032 ι
1041 3985 1342 4052 Ἐτόλμησάν
1369 4005 1500 4046 τινες
1539 3990 1697 4039 εἰπεῖν
1738 3985 2037 4042 διδάσκαλον

463 4068 586 4126 εἶναι
610 4083 700 4132 τῆς
728 4074 991 4134 ἐκκλησίας
1011 4073 1281 4150 Ὠριγένην.
1302 4074 1432 4154 ’Λρα
1460 4080 1655 4149 πρέπον
1672 4086 1770 4133 τῶν
1795 4081 2036 4134 τοιούτων

462 4163 762 4232 ἀνέχεσθαι;
795 4166 838 4216 εἰ
876 4163 1180 4225 διδάσκαλός
1208 4168 1318 4222 ἐστι
1347 4176 1438 4227 τῆς
1467 4169 1730 4228 ἐκκλησίας
1759 4171 2032 4244 Ὧριγένης,

461 4254 910 4327 μεγαλοφρονοῦσιν
931 4259 1168 4328 ’Δρειανοί
1194 4277 1247 4310 τε
1271 4297 1284 4319 ,
1326 4261 1408 4311 καί
1454 4261 1771 4327 Εύνομιανοί,
1813 4264 1894 4313 καὶ
1918 4257 2035 4312 Ἐλ-

433 4330 618 4401 ’ληνεμ
650 4345 694 4396 οξ
713 4347 815 4414 ,μὲν
842 4348 910 4404 είς
931 4348 1018 4400 τὸν
1043 4348 1150 4400 υτὸν
1177 4351 1262 4400 καί
1281 4351 1352 4408 εἰς
1381 4349 1436 4402 τὸ
1464 4355 1662 4418 πνεῦμα
1683 4349 2032 4422 βλασφημοῦν-

463 4450 566 4493 τες,
606 4435 650 4486 οἱ
689 4432 741 4487 δὲ
769 4443 898 4505 μετά
939 4442 1028 4490 τοῦ
1067 4435 1341 4491 δυσσεϐεῖν
1380 4437 1560 4509 ὁμοίως
1597 4441 1762 4499 αὐτοῖς
1784 4477 1800 4502 ,
1831 4441 1915 4493 καί
1943 4445 2032 4498 τὴν

2152 1899 2243 1944 aut
2286 1891 2578 1945 insensibili
2608 1891 2841 1944 animam
2872 1891 3217 1952 concludunt,
3247 1900 3358 1955 aut,
3400 1894 3446 1949 si
3492 1895 3613 1950 inde
3653 1897 3718 1950 ad

2147 1981 2432 2036 humanam
2478 1981 2642 2035 vitam
2668 1995 2784 2036 eam
2834 1981 3131 2045 reducunt,
3181 1997 3298 2035 eam
3326 1983 3490 2036 vitam
3518 1999 3635 2052 quze
3667 1986 3719 2040 iu

2147 2069 2315 2138 stirpe
2344 2069 2587 2134 ducatur,
2619 2078 2678 2124 ut
2702 2070 2905 2124 dictum
2933 2077 3045 2133 est,
3079 2071 3366 2124 ostendunt
3395 2075 3717 2130 antecellere

2147 2159 2320 2228 primo
2348 2159 2643 2214 animarum
2683 2160 2847 2214 statui
2881 2177 2893 2212 :
2923 2159 3181 2228 siquidem
3220 2161 3343 2214 inde
3371 2162 3435 2214 ad
3465 2163 3716 2220 malitiam

2149 2249 2246 2302 fuit
2273 2249 2581 2319 prolapsio,
2630 2249 2754 2303 hinc
2796 2263 2925 2302 vero
2967 2248 3033 2302 ad
3075 2250 3329 2302 virtutem
3367 2259 3450 2304 est
3497 2252 3712 2308 reditus.

2148 2337 2501 2404 Quamobrem
2532 2337 2621 2392 illa
2648 2339 2784 2393 ratio
2823 2337 3156 2392 convincitur
3183 2353 3302 2391 esse
3347 2339 3464 2393 sine
3512 2342 3709 2409 capite,

2147 2438 2204 2482 et
2227 2429 2342 2482 sine
2365 2428 2488 2493 (ine,
2511 2443 2630 2499 quae
2651 2430 2828 2483 vivere
2855 2429 3060 2482 animas
3080 2436 3352 2498 separatas
3383 2438 3508 2484 ante
3533 2447 3717 2501 θοι-ρο-

2147 2531 2296 2572 ream
2327 2519 2486 2572 vitam
2515 2526 2815 2580 asseverat,
2847 2533 2910 2573 ac
2940 2527 3162 2588 prapter
3180 2517 3377 2586 ﬂagitia
3403 2521 3714 2590 corporibus

2149 2620 2268 2660 esse
2289 2603 2587 2660 tleviuctas.
2604 2623 2622 2657 ι
2645 2604 2768 2661 Htec
2794 2605 3078 2678 Nyssenus.
3108 2607 3239 2661 Cum
3265 2609 3422 2676 igitur
3441 2618 3624 2680 aperta
3647 2611 3714 2665 sit

2148 2693 2323 2750 Patris
2342 2694 2500 2764 hujus
2519 2694 2781 2762 doctrina,
2805 2694 3125 2764 damnetque
3145 2713 3239 2752 eos
3262 2698 3352 2768 qui
3383 2697 3582 2763 dicant,
3605 2699 3714 2753 ani-

2147 2801 2263 2841 mas
2291 2793 2415 2840 ante
2443 2800 2670 2856 corpora
2697 2783 2860 2840 fuisse
2883 2803 2896 2838 :
2920 2784 3194 2844 audiamus
3213 2798 3269 2844 et
3286 2799 3526 2844 sanctum
3543 2789 3711 2846 Theoo

2146 2873 2347 2944 philum
2372 2873 2682 2942 episcOpum
2711 2871 3068 2947 Alexandriae,
3111 2892 3140 2930 e.
3178 2891 3419 2930 sermone
3445 2876 3510 2930 ad
3539 2891 3706 2943 quos-

2145 2961 2268 3016 dam
2296 2963 2587 3018 monachos
2613 2963 2844 3032 scripto,
2895 2961 2984 3030 qui
3022 2959 3229 3028 Origeni
3263 2962 3648 3016 assentirentur
3679 2981 3695 3016 :

2145 3051 2222 3106 sic
2247 3052 2389 3107 enim
2417 3051 2546 3108 dicit
2581 3071 2594 3106 :
2625 3071 2643 3103 ε
2668 3051 2844 3118 Quare
2871 3049 3366 3105 anathematizantes
3389 3048 3704 3119 Origenem,

2069 3167 2115 3229 ο
2145 3149 2474 3210 ceterosque
2503 3142 2810 3206 haereticos,
2838 3141 3086 3210 exemplo
3114 3147 3311 3207 nostro,
3355 3148 3412 3194 et
3437 3139 3708 3196 Anastasii

2143 3224 2340 3284 sancta:
2368 3229 2623 3285 Romana:
2661 3230 2910 3286 Ecclesia:
2939 3231 3205 3300 episcopi,
3231 3231 3320 3300 qui
3347 3245 3412 3284 ex
3439 3231 3718 3288 veteribus

2143 3321 2525 3374 certaminibus
2565 3321 2740 3375 clarus
2778 3321 3093 3374 nobilissimi
3123 3320 3303 3389 p0puli
3348 3321 3454 3374 dux
3502 3332 3711 3376 creatus

2143 3417 2254 3473 est,
2304 3424 2462 3479 quem
2506 3419 2561 3464 et
2587 3411 2833 3464 universa
2863 3411 3142 3464 beatorum
3169 3408 3470 3464 Occidentis
3501 3411 3690 3478 episco-

2142 3516 2331 3570 porum
2371 3501 2610 3569 sequitur
2653 3501 2920 3572 synodus,
2970 3516 3088 3570 qua:
3128 3500 3336 3570 accepit
3380 3516 3442 3554 ac
3473 3500 3712 3569 probavit

2143 3589 2624 3644 Alexandrinorum
2687 3588 2936 3645 Ecclesia:
2993 3592 3314 3645 sententiam
3369 3589 3424 3644 in
3487 3589 3707 3659 impium

2140 3678 2323 3733 latam.
2355 3699 2373 3730 ι

2209 3780 2459 3858 Ejusdem
2490 3789 2558 3844 de
2585 3790 2810 3859 epistola
2837 3789 2904 3845 ad
2931 3796 3148 3844 sanctos
3167 3791 3258 3858 qui
3285 3789 3338 3844 in
3363 3787 3508 3845 Sceti
3531 3799 3702 3856 erant,

2137 3888 2360 3949 pr0pter
2398 3893 2494 3934 eos
2538 3881 2630 3949 qui
2670 3882 2976 3936 incusarent
3020 3879 3418 3934 damnationem
3464 3878 3708 3949 Origeuis

2139 3967 2434 4024 doctrinm:
2467 3987 2484 4020 ‹
2515 3969 2702 4024 Dicere
2723 3969 2961 4024 nonnulli
2983 3969 3098 4023 ausi
3126 3976 3272 4036 sunt,
3293 3968 3577 4034 Origenem
3604 3968 3705 4024 lic-

2137 4058 2312 4114 clesite
2342 4073 2461 4114 esse
2491 4059 2787 4114 doctorem.
2821 4060 2899 4112 An
2929 4059 3008 4126 hi,
3037 4059 3279 4124 obsecro,
3312 4059 3519 4114 ferendi
3547 4059 3708 4114 sunt?

2136 4148 2192 4202 Si
2215 4147 2468 4206 Ecclesiae
2497 4148 2691 4204 doctor
2716 4157 2797 4203 est
2823 4149 3096 4216 Origenes,
3122 4161 3345 4216 magnos
3369 4149 3470 4203 sibi
3495 4149 3707 4218 spiritus

2135 4246 2350 4292 sumunt
2377 4237 2580 4302 Ariani,
2625 4248 2679 4293 et
2704 4238 3040 4304 Eunomiani,
3069 4250 3123 4294 et
3150 4239 3344 4308 pagani
3375 4257 3389 4292 :
3417 4240 3490 4294 illi
3520 4240 3572 4294 in
3611 4239 3700 4292 Fi-

2134 4326 2262 4380 lium
2287 4341 2350 4382 ac
2375 4327 2632 4397 Spiritum
2659 4328 3128 4398 blasphemantes;
3157 4329 3209 4382 hi
3242 4329 3508 4392 similiter,
3540 4337 3697 4396 atque

2133 4415 2229 4481 illi,
2258 4415 2425 4487 impii,
2455 4432 2556 4471 nec
2593 4432 2699 4471 non
2723 4419 3169 4472 resurrectionem
3203 4425 3538 4471 mortuorum
3565 4416 3703 4470 deri-

463 4523 740 4578 ἀνάστασιν
766 4531 864 4578 τῶν
887 4535 1070 4601 νεκρῶν
1099 4527 1460 4596 χλευάζοντες.
1485 4533 1634 4601 me;
1657 4535 1819 4585 τοίνυν
1849 4531 1902 4584 ἐκ
1929 4537 2028 4585 τῶν

2142 4507 2338 4562 lentes.
2369 4526 2389 4560 ι
2446 4507 2526 4563 Ex
2567 4507 2651 4563 his
2677 4509 3019 4578 perspicuum
3048 4516 3157 4571 est,
3211 4522 3332 4561 eum
3359 4507 3450 4576 qui
3491 4513 3705 4560 sanctos

463 4613 723 4684 εἰρημένων
758 4615 1046 4685 γεγένηται,
1092 4613 1173 4671 ὅτι
1219 4617 1372 4691 περὸ
1417 4625 1524 4678 τοῖς
1569 4618 1730 4689 ἁγίοις
1773 4621 2031 4695 πατράσιν

462 4702 734 4757 ἀκολουθῶν
756 4705 846 4756 ούκ
869 4704 1266 4778 ἀμφιϐάλλει,ὡς
1287 4708 1333 4760 οί
1360 4705 1718 4780 τάὪριγένους
1738 4716 2032 4782 φρονοῦντες

463 4800 522 4867 τῇ
549 4795 798 4868 Ἑλληνικῇ
823 4795 1002 4870 πλάνῃ,
1035 4799 1120 4849 καί
1144 4805 1414 4868 ’Δρειανικῇ
1443 4798 1770 4852 ἀκολουθοῦσι
1795 4803 1969 4872 μανίᾳ.

533 4885 676 4953 Λέγει
701 4883 754 4937 δέ
780 4888 862 4938 καί
898 4884 922 4939 ό
951 4888 1000 4940 ἐν
1037 4885 1192 4958 ἁγίοις
1236 4887 1478 4960 Κύρτλλος
1506 4888 1781 4946 ἐπίσκοπος
1805 4887 2023 4952 Ἀλεξαν-

461 4965 630 5045 δρείας
647 4972 697 5024 ἐκ
718 4980 808 5032 τῆς
833 4975 1093 5035 ἐπιστολῆς
1112 4985 1195 5038 τῆς
1228 4977 1351 5050 πρὸς
1380 4979 1500 5037 τούς
1520 4979 1570 5030 ἐν
1589 4982 1720 5048 Φουᾷ
1739 4981 2023 5048 μοναχούς,

460 5067 593 5120 κατά
627 5073 726 5118 τῶν
762 5066 998 5137 λεγόντων
1032 5074 1101 5139 μὴ
1127 5065 1250 5122 εἶναι
1296 5071 1577 5126 ἀνάστασιν
1615 5078 1714 5125 τῶν
1756 5073 2022 5140 σωμάτων,

457 5151 608 5207 τάδε·
637 5169 655 5202 ε
693 5158 819 5207 Φασὶ
838 5159 1000 5209 τοίνυν
1021 5164 1120 5212 τῶν
1142 5161 1192 5211 ἓν
1216 5159 1339 5226 ύμῖν
1361 5179 1498 5220 τινας
1520 5161 1784 5234 ἀρνεῖσθαι
1806 5167 1904 5214 τῶν
1931 5162 2028 5214 ἀν-

459 5244 718 5318 θρωπίνων
743 5245 994 5317 σωμςίτων
1023 5255 1110 5306 τήν
1137 5251 1318 5304 ἀνάστα
1332 5271 1434 5314 σιν,
1469 5249 1595 5324 ὅπερ
1617 5255 1727 5308 ἐστί
1754 5253 1904 5328 μέρος
1939 5261 2030 5312 τῆς

456 5337 717 5412 ὁμολογίας
745 5339 907 5408 ἡμῶν,
948 5338 1008 5400 ἧς
1033 5339 1308 5408 ποιούμεθα
1349 5343 1644 5412 προσιόντες
1683 5349 1756 5415 τῷ
1793 5345 2027 5417 σωτηρίῳ

457 5429 796 5503 βαπτίσματι.
820 5431 1200 5502 Ὀμολογούντες
1219 5434 1315 5508 γὰρ
1331 5438 1418 5492 τήν
1439 5436 2028 5508 πίστιν,προσεπάγομεν

455 5518 536 5576 ὅτι
559 5523 866 5592 πιστεύομεν
887 5521 969 5574 καί
985 5523 1052 5580 εἰς
1075 5521 1262 5595 σαρκὸς
1284 5523 1575 5578 ἀνάστασιν.
1594 5526 1650 5578 Ei
1665 5521 1708 5578 δ’
1727 5525 2022 5598 ἀναιροῦμεν

457 5619 629 5674 τοῦτο,
675 5615 760 5666 καί
788 5614 845 5665 ού
876 5615 1182 5682 πιστεύομεν
1207 5611 1286 5668 ὅτι
1311 5613 1336 5668 ὁ
1368 5616 1585 5686 Χριστὸς
1621 5616 1671 5669 ἐκ
1696 5623 1881 5690 νεκρῶν
1909 5617 2021 5684 ἐγή-

452 5726 652 5778 γερται.
673 5707 757 5759 ἵνα
780 5707 913 5777 ἡμᾶς
935 5703 1101 5774 ἐαυτῷ
1120 5707 1490 5774 συναναστήση
1533 5702 1870 5774 χωλεύουσαν
1897 5701 2026 5772 ἕχο-

453 5817 544 5868 μῖν
571 5802 660 5856 τὴν
682 5799 873 5862 πίστιν,
908 5799 989 5852 καί
1015 5801 1103 5855 τήν
1128 5796 1392 5866 βασιλικήν
1419 5799 1620 5870 ἀγιτες
1661 5795 1790 5860 ὁδὸν,
1823 5794 2028 5861 ϐαδίζο-

2134 4596 2323 4653 Patres
2351 4600 2612 4667 sequitur,
2658 4614 2764 4654 non
2806 4599 3052 4654 dubitare
3078 4599 3207 4668 quin
3237 4599 3272 4652 ii
3300 4599 3392 4668 qui
3431 4613 3551 4653 cum
3585 4596 3702 4650 Ori-

2131 4701 2268 4755 gene
2311 4690 2569 4755 sentiunt,
2620 4703 2948 4760 paganorum
2999 4702 3237 4744 errorem
3285 4687 3703 4754 Arianorumque

2133 4777 2397 4834 insaniam
2425 4789 2738 4849 sequantur.

2201 4887 2325 4944 ﬂare
2376 4904 2591 4959 quoque
2643 4899 2858 4946 sanctus
2906 4888 3134 4960 Cyrillus
3181 4886 3312 4943 dicit
3367 4885 3704 4941 Alexandria:

2129 4987 2430 5057 episcopus,
2472 4989 2525 5042 in
2564 4989 2788 5058 epistola
2825 4986 2896 5042 ad
2923 4987 3218 5042 monachos
3241 4987 3334 5055 qui
3365 4986 3418 5040 in
3443 4983 3620 5049 Pbua,
3647 4985 3702 5038 in

2130 5100 2225 5142 eos
2243 5088 2334 5158 qui
2357 5087 2625 5142 afﬁrmant
2645 5102 2929 5158 corporum
2951 5088 3400 5143 resurrectionem
3420 5100 3530 5140 non
3555 5097 3700 5139 esse:

2137 5207 2156 5240 ε
2181 5187 2342 5242 Aiunt
2367 5188 2549 5256 igitur,
2580 5202 2700 5243 esse
2719 5187 2863 5256 apud
2891 5201 2988 5242 vos
3007 5186 3101 5256 qui
3123 5193 3322 5254 negent
3349 5185 3699 5239 humanorum

2128 5303 2415 5358 corporum
2465 5288 2914 5342 resurrectionem
2960 5303 2972 5339 :
3015 5299 3133 5354 qua:
3177 5299 3302 5354 pars
3349 5281 3702 5338 confessionis

2127 5397 2324 5444 nostrm
2344 5396 2445 5456 est,
2461 5404 2618 5459 quam
2638 5387 2857 5443 fecimus
2877 5387 3110 5441 salutare
3131 5384 3388 5439 adeuntes
3411 5381 3697 5453 baptisma.

2128 5488 2309 5544 Fidem
2339 5487 2482 5544 enim
2509 5486 2842 5556 proﬁtentes,
2871 5484 3206 5554 adjungimus
3235 5481 3457 5539 credere
3503 5495 3600 5535 nos
3642 5486 3700 5532 et

2125 5587 2302 5642 carnis
2323 5585 2790 5641 resurrectionem.
2813 5584 2868 5638 Si
2893 5585 2995 5638 hoc
3017 5583 3274 5646 tollimus,
3305 5594 3406 5634 nec
3431 5577 3702 5634 credimus

2125 5685 2392 5740 Christum
2417 5685 2773 5740 resurrexisse
2803 5699 2832 5737 a
2864 5681 3119 5748 mortuis,
3152 5688 3210 5735 ut
3249 5693 3349 5735 nos
3373 5677 3479 5735 sibi
3504 5688 3699 5734 eonte-

2126 5794 2426 5859 suscitaret,
2455 5792 2844 5850 claudicantem
2867 5790 3125 5846 habemus
3155 5789 3332 5855 tidem,
3357 5801 3420 5842 ac
3446 5801 3477 5840 a
3502 5783 3586 5840 via
3610 5795 3698 5839 re-
