  <div class='ocr_page' id='page_1' title='image "/cluster/home/n/w/nwhite01/storage/ocr_20150623/86 pt.1/mdp.39015028803867/492.png"; bbox 0 0 3970 6160; ppageno 0'>
   <div class='ocr_carea' id='block_1_1' title="bbox 390 267 494 331">
    <p class='ocr_par' dir='ltr' id='par_1_1' title="bbox 390 267 494 331">
     <span class='ocr_line' id='line_1_1' title="bbox 390 267 494 331; baseline -0.01 0"><span class='ocrx_word' id='word_1_1' title='bbox 390 267 494 331; x_wconf 75' lang='lat'><strong>939</strong></span> 
     </span>
    </p>
   </div>
   <div class='ocr_carea' id='block_1_2' title="bbox 1461 269 2588 343">
    <p class='ocr_par' dir='ltr' id='par_1_2' title="bbox 1461 269 2588 343">
     <span class='ocr_line' id='line_1_2' title="bbox 1461 269 2588 343; baseline -0.004 -3"><span class='ocrx_word' id='word_1_2' title='bbox 1461 272 1693 342; x_wconf 80' lang='lat' dir='ltr'><strong>LIBER</strong></span> <span class='ocrx_word' id='word_1_3' title='bbox 1733 275 2139 343; x_wconf 67' lang='lat' dir='ltr'><strong>ADVERSUS,</strong></span> <span class='ocrx_word' id='word_1_4' title='bbox 2165 269 2588 336; x_wconf 71' lang='lat' dir='ltr'><strong>ORIGENEM.</strong></span> 
     </span>
    </p>
   </div>
   <div class='ocr_carea' id='block_1_3' title="bbox 3479 274 3612 358">
    <p class='ocr_par' dir='ltr' id='par_1_3' title="bbox 3479 274 3612 358">
     <span class='ocr_line' id='line_1_3' title="bbox 3479 274 3612 358; baseline 0.06 -8"><span class='ocrx_word' id='word_1_5' title='bbox 3479 274 3612 358; x_wconf 74' lang='lat'><strong>970-</strong></span> 
     </span>
    </p>
   </div>
   <div class='ocr_carea' id='block_1_4' title="bbox 398 363 1937 456">
    <p class='ocr_par' dir='ltr' id='par_1_4' title="bbox 398 375 1935 453">
     <span class='ocr_line' id='line_1_4' title="bbox 398 375 1935 453; baseline 0.001 -19"><span class='ocrx_word' id='word_1_6' title='bbox 398 401 484 451; x_wconf 81' lang='grc' dir='ltr'><strong>μεν</strong></span> <span class='ocrx_word' id='word_1_7' title='bbox 506 383 596 439; x_wconf 67' lang='grc' dir='ltr'><strong>τήν</strong></span> <span class='ocrx_word' id='word_1_8' title='bbox 625 379 1028 453; x_wconf 39' lang='lat' dir='ltr'><strong>ducar/Anium».</strong></span> <span class='ocrx_word' id='word_1_9' title='bbox 1049 377 1196 434; x_wconf 77' lang='grc' dir='ltr'><strong>ἐστι</strong></span> <span class='ocrx_word' id='word_1_10' title='bbox 1220 377 1271 433; x_wconf 81' lang='grc' dir='ltr'><strong>δί</strong></span> <span class='ocrx_word' id='word_1_11' title='bbox 1295 382 1324 438; x_wconf 78' lang='grc' dir='ltr'><strong><em>ἠ</em></strong></span> <span class='ocrx_word' id='word_1_12' title='bbox 1347 387 1550 438; x_wconf 69' lang='grc' dir='ltr'><strong>τοταὺτη</strong></span> <span class='ocrx_word' id='word_1_13' title='bbox 1573 375 1829 444; x_wconf 77' lang='grc' dir='ltr'><strong>καγοδοξία</strong></span> <span class='ocrx_word' id='word_1_14' title='bbox 1849 389 1935 441; x_wconf 75' lang='grc' dir='ltr'><strong>τῆς</strong></span> 
     </span>
    </p>
   </div>
   <div class='ocr_carea' id='block_1_5' title="bbox 2038 363 3584 456">
    <p class='ocr_par' dir='ltr' id='par_1_5' title="bbox 2038 363 3584 456">
     <span class='ocr_line' id='line_1_5' title="bbox 2038 363 3584 456; baseline 0.001 -21"><span class='ocrx_word' id='word_1_15' title='bbox 2038 381 2122 449; x_wconf 79' lang='lat' dir='ltr'><strong>gia</strong></span> <span class='ocrx_word' id='word_1_16' title='bbox 2148 363 2516 440; x_wconf 79' lang='lat' dir='ltr'><strong>deﬂectentes.</strong></span> <span class='ocrx_word' id='word_1_17' title='bbox 2551 397 2768 456; x_wconf 78' lang='lat' dir='ltr'><strong>pravum</strong></span> <span class='ocrx_word' id='word_1_18' title='bbox 2799 382 2898 437; x_wconf 89' lang='lat' dir='ltr'><strong>iter</strong></span> <span class='ocrx_word' id='word_1_19' title='bbox 2937 381 3225 450; x_wconf 76' lang='lat' dir='ltr'><strong>sequimur.</strong></span> <span class='ocrx_word' id='word_1_20' title='bbox 3274 379 3584 450; x_wconf 77' lang='lat' dir='ltr'><strong>Hujusmodi</strong></span> 
     </span>
    </p>
   </div>
   <div class='ocr_carea' id='block_1_6' title="bbox 396 465 1940 547">
    <p class='ocr_par' dir='ltr' id='par_1_6' title="bbox 396 465 1940 547">
     <span class='ocr_line' id='line_1_6' title="bbox 396 465 1940 547; baseline 0.003 -27"><span class='ocrx_word' id='word_1_21' title='bbox 396 470 678 544; x_wconf 70' lang='lat' dir='ltr'><strong>&#39;nprys&#39;vouc</strong></span> <span class='ocrx_word' id='word_1_22' title='bbox 706 469 1100 540; x_wconf 67' lang='grc' dir='ltr'><strong>φρενοϐλαϐείας’</strong></span> <span class='ocrx_word' id='word_1_23' title='bbox 1132 465 1184 521; x_wconf 79' lang='grc' dir='ltr'><strong>ὃν</strong></span> <span class='ocrx_word' id='word_1_24' title='bbox 1222 473 1303 522; x_wconf 78' lang='grc' dir='ltr'><strong>καί</strong></span> <span class='ocrx_word' id='word_1_25' title='bbox 1341 471 1386 524; x_wconf 86' lang='grc' dir='ltr'><strong>οί</strong></span> <span class='ocrx_word' id='word_1_26' title='bbox 1431 473 1641 547; x_wconf 76' lang='grc' dir='ltr'><strong>πατέρες</strong></span> <span class='ocrx_word' id='word_1_27' title='bbox 1692 473 1826 525; x_wconf 57' lang='lat' dir='ltr'><strong>ius?»</strong></span> <span class='ocrx_word' id='word_1_28' title='bbox 1871 474 1940 530; x_wconf 80' lang='grc' dir='ltr'><strong>ὡς</strong></span> 
     </span>
    </p>
   </div>
   <div class='ocr_carea' id='block_1_7' title="bbox 396 557 1939 632">
    <p class='ocr_par' dir='ltr' id='par_1_7' title="bbox 396 557 1939 632">
     <span class='ocr_line' id='line_1_7' title="bbox 396 557 1939 632; baseline -0.001 -18"><span class='ocrx_word' id='word_1_29' title='bbox 396 557 750 632; x_wconf 71' lang='grc' dir='ltr'><strong>διαστρέφοντα</strong></span> <span class='ocrx_word' id='word_1_30' title='bbox 779 562 868 616; x_wconf 79' lang='grc' dir='ltr'><strong>τήν</strong></span> <span class='ocrx_word' id='word_1_31' title='bbox 895 558 1123 616; x_wconf 71' lang='grc' dir='ltr'><strong>ἀλήθειαν</strong></span> <span class='ocrx_word' id='word_1_32' title='bbox 1147 559 1492 632; x_wconf 74' lang='grc' dir='ltr'><strong>ἀπεκήρυξαν,</strong></span> <span class='ocrx_word' id='word_1_33' title='bbox 1531 560 1618 612; x_wconf 81' lang='grc' dir='ltr'><strong>καί</strong></span> <span class='ocrx_word' id='word_1_34' title='bbox 1653 560 1939 629; x_wconf 67' lang='grc' dir='ltr'><strong>ἀνεθεμάτι-</strong></span> 
     </span>
    </p>
   </div>
   <div class='ocr_carea' id='block_1_8' title="bbox 396 649 1945 724">
    <p class='ocr_par' dir='ltr' id='par_1_8' title="bbox 396 649 1945 724">
     <span class='ocr_line' id='line_1_8' title="bbox 396 649 1945 724; baseline -0.001 -21"><span class='ocrx_word' id='word_1_35' title='bbox 396 672 506 706; x_wconf 87' lang='grc' dir='ltr'><strong>σαν.</strong></span> <span class='ocrx_word' id='word_1_36' title='bbox 547 652 616 705; x_wconf 75' lang='grc' dir='ltr'><strong>Οὐ</strong></span> <span class='ocrx_word' id='word_1_37' title='bbox 637 651 734 724; x_wconf 58' lang='grc' dir='ltr'><strong>γὰρ</strong></span> <span class='ocrx_word' id='word_1_38' title='bbox 761 649 1018 723; x_wconf 74' lang='grc' dir='ltr'><strong>ἐφρόνησεν</strong></span> <span class='ocrx_word' id='word_1_39' title='bbox 1047 651 1114 708; x_wconf 77' lang='grc' dir='ltr'><strong>ὥς</strong></span> <span class='ocrx_word' id='word_1_40' title='bbox 1145 657 1350 722; x_wconf 75' lang='grc' dir='ltr'><strong>Χριστι;</strong></span> <span class='ocrx_word' id='word_1_41' title='bbox 1362 649 1466 714; x_wconf 83' lang='grc' dir='ltr'><strong>νὸς,</strong></span> <span class='ocrx_word' id='word_1_42' title='bbox 1497 649 1615 704; x_wconf 82' lang='grc' dir='ltr'><strong>ἀλλά</strong></span> <span class='ocrx_word' id='word_1_43' title='bbox 1646 658 1752 708; x_wconf 82' lang='grc' dir='ltr'><strong>ταῖς</strong></span> <span class='ocrx_word' id='word_1_44' title='bbox 1774 650 1945 707; x_wconf 53' lang='lat' dir='ltr'><strong>nm,</strong></span> 
     </span>
    </p>
   </div>
   <div class='ocr_carea' id='block_1_9' title="bbox 395 737 1939 812">
    <p class='ocr_par' dir='ltr' id='par_1_9' title="bbox 395 737 1939 812">
     <span class='ocr_line' id='line_1_9' title="bbox 395 737 1939 812; baseline -0.001 -18"><span class='ocrx_word' id='word_1_45' title='bbox 395 760 490 794; x_wconf 78' lang='grc' dir='ltr'><strong>νων</strong></span> <span class='ocrx_word' id='word_1_46' title='bbox 513 739 849 798; x_wconf 73' lang='grc' dir='ltr'><strong>ἀκολουθήσας</strong></span> <span class='ocrx_word' id='word_1_47' title='bbox 876 738 1138 808; x_wconf 77' lang='grc' dir='ltr'><strong>φλυαοίαις</strong></span> <span class='ocrx_word' id='word_1_48' title='bbox 1165 739 1494 796; x_wconf 75' lang='grc' dir='ltr'><strong>πεπλάνηται.</strong></span> <span class='ocrx_word' id='word_1_49' title='bbox 1521 750 1572 793; x_wconf 81' lang='grc' dir='ltr'><strong>Ἦ</strong></span> <span class='ocrx_word' id='word_1_50' title='bbox 1599 737 1652 794; x_wconf 79' lang='grc' dir='ltr'><em>δέ</em></span> <span class='ocrx_word' id='word_1_51' title='bbox 1680 741 1824 812; x_wconf 79' lang='grc' dir='ltr'><strong>ἀρχή</strong></span> <span class='ocrx_word' id='word_1_52' title='bbox 1853 745 1939 794; x_wconf 79' lang='grc' dir='ltr'><strong>τοῦ</strong></span> 
     </span>
    </p>
   </div>
   <div class='ocr_carea' id='block_1_10' title="bbox 391 827 1941 901">
    <p class='ocr_par' dir='ltr' id='par_1_10' title="bbox 391 827 1941 901">
     <span class='ocr_line' id='line_1_10' title="bbox 391 827 1941 901; baseline -0.001 -18"><span class='ocrx_word' id='word_1_53' title='bbox 391 834 670 900; x_wconf 79' lang='grc' dir='ltr'><strong>νοσήματος</strong></span> <span class='ocrx_word' id='word_1_54' title='bbox 689 830 906 882; x_wconf 67' lang='grc' dir='ltr'><strong>ἐντεῦθεν</strong></span> <span class='ocrx_word' id='word_1_55' title='bbox 921 829 1053 896; x_wconf 80' lang='grc' dir='ltr'><strong>αὖτῷ</strong></span> <span class='ocrx_word' id='word_1_56' title='bbox 1069 827 1353 898; x_wconf 60' lang='grc' dir='ltr'><strong>συμθίϐηκε</strong></span> <span class='ocrx_word' id='word_1_57' title='bbox 1397 831 1522 885; x_wconf 69' lang='grc' dir='ltr'><strong>Φησί</strong></span> <span class='ocrx_word' id='word_1_58' title='bbox 1537 829 1632 901; x_wconf 56' lang='grc' dir='ltr'><strong>’γάρ</strong></span> <span class='ocrx_word' id='word_1_59' title='bbox 1659 827 1736 882; x_wconf 85' lang='grc' dir='ltr'><strong>ὅτι</strong></span> <span class='ocrx_word' id='word_1_60' title='bbox 1751 836 1941 900; x_wconf 61' lang='grc' dir='ltr'><strong>προϋπ-</strong></span> 
     </span>
    </p>
   </div>
   <div class='ocr_carea' id='block_1_11' title="bbox 392 915 1940 994">
    <p class='ocr_par' dir='ltr' id='par_1_11' title="bbox 392 915 1940 994">
     <span class='ocr_line' id='line_1_11' title="bbox 392 915 1940 994; baseline -0.005 -19"><span class='ocrx_word' id='word_1_61' title='bbox 392 921 645 994; x_wconf 78' lang='grc' dir='ltr'><strong>άρχουσιν</strong></span> <span class='ocrx_word' id='word_1_62' title='bbox 678 919 730 970; x_wconf 86' lang='grc' dir='ltr'><strong>αί</strong></span> <span class='ocrx_word' id='word_1_63' title='bbox 757 919 932 988; x_wconf 74' lang='grc' dir='ltr'><strong>ψυχαί</strong></span> <span class='ocrx_word' id='word_1_64' title='bbox 976 924 1074 971; x_wconf 84' lang='grc' dir='ltr'><strong>τῶν</strong></span> <span class='ocrx_word' id='word_1_65' title='bbox 1122 917 1399 986; x_wconf 82' lang='grc' dir='ltr'><strong>σωμάτων,</strong></span> <span class='ocrx_word' id='word_1_66' title='bbox 1437 921 1516 969; x_wconf 77' lang='grc' dir='ltr'><strong>καί</strong></span> <span class='ocrx_word' id='word_1_67' title='bbox 1553 917 1653 973; x_wconf 77' lang='grc' dir='ltr'><strong>ἀπὸ</strong></span> <span class='ocrx_word' id='word_1_68' title='bbox 1689 915 1940 987; x_wconf 75' lang='grc' dir='ltr'><strong>άγιασμοῦ</strong></span> 
     </span>
    </p>
   </div>
   <div class='ocr_carea' id='block_1_12' title="bbox 393 1005 1944 1081">
    <p class='ocr_par' dir='ltr' id='par_1_12' title="bbox 393 1005 1944 1081">
     <span class='ocr_line' id='line_1_12' title="bbox 393 1005 1944 1081; baseline -0.002 -20"><span class='ocrx_word' id='word_1_69' title='bbox 393 1008 786 1081; x_wconf 71' lang='grc' dir='ltr'><strong>παρηνέχθησαν</strong></span> <span class='ocrx_word' id='word_1_70' title='bbox 831 1008 902 1065; x_wconf 58' lang='grc' dir='ltr'><strong>είς</strong></span> <span class='ocrx_word' id='word_1_71' title='bbox 938 1006 1203 1076; x_wconf 69' lang='grc' dir='ltr'><strong>ἐπιθυμίας</strong></span> <span class='ocrx_word' id='word_1_72' title='bbox 1245 1005 1490 1081; x_wconf 82' lang='grc' dir='ltr'><strong>πονηράς,</strong></span> <span class='ocrx_word' id='word_1_73' title='bbox 1530 1007 1610 1058; x_wconf 85' lang='grc' dir='ltr'><strong>καί</strong></span> <span class='ocrx_word' id='word_1_74' title='bbox 1651 1007 1944 1062; x_wconf 75' lang='grc' dir='ltr'><strong>ἀπέστησαν</strong></span> 
     </span>
    </p>
   </div>
   <div class='ocr_carea' id='block_1_13' title="bbox 393 1091 1939 1154">
    <p class='ocr_par' dir='ltr' id='par_1_13' title="bbox 393 1091 1939 1154">
     <span class='ocr_line' id='line_1_13' title="bbox 393 1091 1939 1154; baseline -0.001 -5"><span class='ocrx_word' id='word_1_75' title='bbox 393 1101 515 1149; x_wconf 78' lang='grc' dir='ltr'><strong>Θεοῦ</strong></span> <span class='ocrx_word' id='word_1_76' title='bbox 534 1109 548 1124; x_wconf 83' lang='grc'>⁶</span> <span class='ocrx_word' id='word_1_77' title='bbox 578 1097 659 1148; x_wconf 81' lang='grc' dir='ltr'><strong>καί</strong></span> <span class='ocrx_word' id='word_1_78' title='bbox 701 1094 895 1154; x_wconf 75' lang='grc' dir='ltr'><strong>ταύτης</strong></span> <span class='ocrx_word' id='word_1_79' title='bbox 936 1095 1078 1147; x_wconf 82' lang='grc' dir='ltr'><strong>ἕνεκα</strong></span> <span class='ocrx_word' id='word_1_80' title='bbox 1113 1101 1204 1152; x_wconf 78' lang='grc' dir='ltr'><strong>τῆς</strong></span> <span class='ocrx_word' id='word_1_81' title='bbox 1231 1095 1394 1152; x_wconf 64' lang='grc' dir='ltr'><strong>αἰτίας</strong></span> <span class='ocrx_word' id='word_1_82' title='bbox 1420 1091 1740 1146; x_wconf 82' lang='grc' dir='ltr'><strong>κατεδίκασεν</strong></span> <span class='ocrx_word' id='word_1_83' title='bbox 1763 1095 1939 1153; x_wconf 80' lang='grc' dir='ltr'><strong>αὐτάς,</strong></span> 
     </span>
    </p>
   </div>
   <div class='ocr_carea' id='block_1_14' title="bbox 389 1185 1936 1260">
    <p class='ocr_par' dir='ltr' id='par_1_14' title="bbox 389 1185 1936 1260">
     <span class='ocr_line' id='line_1_14' title="bbox 389 1185 1936 1260; baseline -0.003 -19"><span class='ocrx_word' id='word_1_84' title='bbox 389 1189 474 1241; x_wconf 76' lang='grc' dir='ltr'><strong>καί</strong></span> <span class='ocrx_word' id='word_1_85' title='bbox 495 1187 837 1256; x_wconf 82' lang='grc' dir='ltr'><strong>ἔσωμάτωσεν,</strong></span> <span class='ocrx_word' id='word_1_86' title='bbox 869 1188 950 1238; x_wconf 82' lang='grc' dir='ltr'><strong>καί</strong></span> <span class='ocrx_word' id='word_1_87' title='bbox 976 1187 1097 1240; x_wconf 75' lang='grc' dir='ltr'><strong>εἶσιν</strong></span> <span class='ocrx_word' id='word_1_88' title='bbox 1129 1189 1195 1245; x_wconf 86' lang='grc' dir='ltr'><strong>ὡς</strong></span> <span class='ocrx_word' id='word_1_89' title='bbox 1221 1187 1269 1238; x_wconf 80' lang='grc' dir='ltr'><strong>ἐν</strong></span> <span class='ocrx_word' id='word_1_90' title='bbox 1295 1185 1619 1260; x_wconf 75' lang='grc' dir='ltr'><strong>δεσμωτηρίῳ</strong></span> <span class='ocrx_word' id='word_1_91' title='bbox 1656 1187 1703 1239; x_wconf 80' lang='grc' dir='ltr'><strong>ἐν</strong></span> <span class='ocrx_word' id='word_1_92' title='bbox 1735 1187 1936 1255; x_wconf 69' lang='grc' dir='ltr'><strong>σαρκί.)</strong></span> 
     </span>
    </p>
   </div>
   <div class='ocr_carea' id='block_1_15' title="bbox 460 1363 1944 1436">
    <p class='ocr_par' dir='ltr' id='par_1_15' title="bbox 460 1363 1944 1436">
     <span class='ocr_line' id='line_1_15' title="bbox 460 1363 1944 1436; baseline 0.002 -20"><span class='ocrx_word' id='word_1_93' title='bbox 460 1370 562 1417; x_wconf 77' lang='grc' dir='ltr'><strong>Τοῦ</strong></span> <span class='ocrx_word' id='word_1_94' title='bbox 593 1365 748 1418; x_wconf 68' lang='grc' dir='ltr'><strong>αὐτοῦ</strong></span> <span class='ocrx_word' id='word_1_95' title='bbox 778 1365 829 1416; x_wconf 83' lang='grc' dir='ltr'><strong>ἐκ</strong></span> <span class='ocrx_word' id='word_1_96' title='bbox 868 1372 960 1422; x_wconf 80' lang='grc' dir='ltr'><strong>τῆς</strong></span> <span class='ocrx_word' id='word_1_97' title='bbox 992 1363 1257 1424; x_wconf 79' lang='grc' dir='ltr'><strong>ίπιστολῆς</strong></span> <span class='ocrx_word' id='word_1_98' title='bbox 1294 1373 1384 1424; x_wconf 80' lang='grc' dir='ltr'><strong>τῆς</strong></span> <span class='ocrx_word' id='word_1_99' title='bbox 1410 1365 1540 1436; x_wconf 83' lang='grc' dir='ltr'><strong>πρὸς</strong></span> <span class='ocrx_word' id='word_1_100' title='bbox 1571 1367 1689 1424; x_wconf 76' lang='grc' dir='ltr'><strong>τοὺς</strong></span> <span class='ocrx_word' id='word_1_101' title='bbox 1725 1367 1774 1418; x_wconf 77' lang='grc' dir='ltr'><strong>ὲν</strong></span> <span class='ocrx_word' id='word_1_102' title='bbox 1812 1370 1944 1436; x_wconf 57' lang='lat' dir='ltr'><strong>devii</strong></span> 
     </span>
    </p>
   </div>
   <div class='ocr_carea' id='block_1_16' title="bbox 394 1449 1946 1524">
    <p class='ocr_par' dir='ltr' id='par_1_16' title="bbox 394 1449 1946 1524">
     <span class='ocr_line' id='line_1_16' title="bbox 394 1449 1946 1524; baseline 0.001 -20"><span class='ocrx_word' id='word_1_103' title='bbox 394 1449 670 1520; x_wconf 70' lang='grc' dir='ltr'><strong>μοναχο·ἒς·</strong></span> <span class='ocrx_word' id='word_1_104' title='bbox 711 1468 730 1498; x_wconf 72' lang='grc' dir='ltr'><strong>ι</strong></span> <span class='ocrx_word' id='word_1_105' title='bbox 757 1449 810 1504; x_wconf 75' lang='grc' dir='ltr'><strong>ἸΙ</strong></span> <span class='ocrx_word' id='word_1_106' title='bbox 849 1449 901 1504; x_wconf 83' lang='grc' dir='ltr'><strong>δὲ</strong></span> <span class='ocrx_word' id='word_1_107' title='bbox 939 1451 1170 1509; x_wconf 74' lang='grc' dir='ltr'><strong>ἐκκλησία</strong></span> <span class='ocrx_word' id='word_1_108' title='bbox 1213 1459 1326 1512; x_wconf 85' lang='grc' dir='ltr'><strong>ταῖς</strong></span> <span class='ocrx_word' id='word_1_109' title='bbox 1359 1453 1706 1512; x_wconf 80' lang='grc' dir='ltr'><strong>θεοπνεύστοις</strong></span> <span class='ocrx_word' id='word_1_110' title='bbox 1739 1454 1946 1524; x_wconf 75' lang='grc' dir='ltr'><strong>ἑπομένη</strong></span> 
     </span>
    </p>
   </div>
   <div class='ocr_carea' id='block_1_17' title="bbox 391 1534 1945 1618">
    <p class='ocr_par' dir='ltr' id='par_1_17' title="bbox 391 1534 1945 1618">
     <span class='ocr_line' id='line_1_17' title="bbox 391 1534 1945 1618; baseline 0.003 -26"><span class='ocrx_word' id='word_1_111' title='bbox 391 1547 634 1615; x_wconf 57' lang='lat' dir='ltr'><strong>rga-pair,</strong></span> <span class='ocrx_word' id='word_1_112' title='bbox 681 1541 768 1592; x_wconf 78' lang='grc' dir='ltr'><strong>οὐκ</strong></span> <span class='ocrx_word' id='word_1_113' title='bbox 810 1535 910 1594; x_wconf 79' lang='grc' dir='ltr'><strong>οἶδε</strong></span> <span class='ocrx_word' id='word_1_114' title='bbox 939 1546 1036 1594; x_wconf 79' lang='grc' dir='ltr'><strong>τῶν</strong></span> <span class='ocrx_word' id='word_1_115' title='bbox 1061 1534 1324 1610; x_wconf 68' lang='grc' dir='ltr'><strong>’σωμάτων</strong></span> <span class='ocrx_word' id='word_1_116' title='bbox 1365 1536 1812 1618; x_wconf 60' lang='grc' dir='ltr'><strong>προϋπάρχουσαν</strong></span> <span class='ocrx_word' id='word_1_117' title='bbox 1857 1549 1945 1602; x_wconf 80' lang='grc' dir='ltr'><strong>τήν</strong></span> 
     </span>
    </p>
   </div>
   <div class='ocr_carea' id='block_1_18' title="bbox 395 1631 1945 1708">
    <p class='ocr_par' dir='ltr' id='par_1_18' title="bbox 395 1631 1945 1708">
     <span class='ocr_line' id='line_1_18' title="bbox 395 1631 1945 1708; baseline 0.003 -24"><span class='ocrx_word' id='word_1_118' title='bbox 395 1633 595 1701; x_wconf 70' lang='grc' dir='ltr'><strong>ψυχήν,</strong></span> <span class='ocrx_word' id='word_1_119' title='bbox 626 1631 729 1685; x_wconf 76' lang='grc' dir='ltr'><strong>ἀλλ’</strong></span> <span class='ocrx_word' id='word_1_120' title='bbox 755 1631 866 1686; x_wconf 74' lang='grc' dir='ltr'><strong>οὐδὲ</strong></span> <span class='ocrx_word' id='word_1_121' title='bbox 891 1637 1360 1706; x_wconf 83' lang='grc' dir='ltr'><strong>προαμαρτήσασαν</strong></span> <span class='ocrx_word' id='word_1_122' title='bbox 1378 1635 1478 1706; x_wconf 80' lang='grc' dir='ltr'><strong>πρὸ</strong></span> <span class='ocrx_word' id='word_1_123' title='bbox 1507 1635 1684 1688; x_wconf 75' lang='grc' dir='ltr'><strong>αὐτῶν·</strong></span> <span class='ocrx_word' id='word_1_124' title='bbox 1715 1639 1824 1694; x_wconf 81' lang='grc' dir='ltr'><strong>πῶς</strong></span> <span class='ocrx_word' id='word_1_125' title='bbox 1847 1636 1945 1708; x_wconf 71' lang='grc' dir='ltr'><strong>γάρ</strong></span> 
     </span>
    </p>
   </div>
   <div class='ocr_carea' id='block_1_19' title="bbox 2041 468 3585 540">
    <p class='ocr_par' dir='ltr' id='par_1_19' title="bbox 2041 468 3585 540">
     <span class='ocr_line' id='line_1_19' title="bbox 2041 468 3585 540; baseline 0.002 -18"><span class='ocrx_word' id='word_1_126' title='bbox 2041 479 2215 524; x_wconf 79' lang='lat' dir='ltr'><strong>autem</strong></span> <span class='ocrx_word' id='word_1_127' title='bbox 2251 471 2488 539; x_wconf 78' lang='lat' dir='ltr'><strong>improba</strong></span> <span class='ocrx_word' id='word_1_128' title='bbox 2530 470 2710 540; x_wconf 89' lang='lat' dir='ltr'><strong>opinio</strong></span> <span class='ocrx_word' id='word_1_129' title='bbox 2758 472 2839 524; x_wconf 86' lang='lat' dir='ltr'><strong>ab&#39;</strong></span> <span class='ocrx_word' id='word_1_130' title='bbox 2868 468 3108 538; x_wconf 84' lang='lat' dir='ltr'><strong>Origenis</strong></span> <span class='ocrx_word' id='word_1_131' title='bbox 3149 469 3414 525; x_wconf 87' lang='lat' dir='ltr'><strong>dementia</strong></span> <span class='ocrx_word' id='word_1_132' title='bbox 3455 475 3585 525; x_wconf 81' lang='lat' dir='ltr'><strong>est:</strong></span> 
     </span>
    </p>
   </div>
   <div class='ocr_carea' id='block_1_20' title="bbox 2039 560 3588 630">
    <p class='ocr_par' dir='ltr' id='par_1_20' title="bbox 2039 560 3588 630">
     <span class='ocr_line' id='line_1_20' title="bbox 2039 560 3588 630; baseline 0.001 -16"><span class='ocrx_word' id='word_1_133' title='bbox 2039 575 2196 629; x_wconf 83' lang='lat' dir='ltr'><strong>quem</strong></span> <span class='ocrx_word' id='word_1_134' title='bbox 2222 568 2276 615; x_wconf 86' lang='lat' dir='ltr'><strong>et</strong></span> <span class='ocrx_word' id='word_1_135' title='bbox 2303 569 2480 630; x_wconf 86' lang='lat' dir='ltr'><strong>patres</strong></span> <span class='ocrx_word' id='word_1_136' title='bbox 2519 561 2705 626; x_wconf 92' lang='lat' dir='ltr'><strong>nostri,</strong></span> <span class='ocrx_word' id='word_1_137' title='bbox 2757 567 2815 615; x_wconf 89' lang='lat' dir='ltr'><strong>ut</strong></span> <span class='ocrx_word' id='word_1_138' title='bbox 2839 561 2951 616; x_wconf 85' lang='lat' dir='ltr'><strong>veri</strong></span> <span class='ocrx_word' id='word_1_139' title='bbox 2979 561 3404 630; x_wconf 88' lang='lat' dir='ltr'><strong>depravatorem,</strong></span> <span class='ocrx_word' id='word_1_140' title='bbox 3432 560 3588 616; x_wconf 80' lang='lat' dir='ltr'><strong>abdi-</strong></span> 
     </span>
    </p>
   </div>
   <div class='ocr_carea' id='block_1_21' title="bbox 2040 649 3594 706">
    <p class='ocr_par' dir='ltr' id='par_1_21' title="bbox 2040 649 3594 706">
     <span class='ocr_line' id='line_1_21' title="bbox 2040 649 3594 706; baseline 0.001 -1"><span class='ocrx_word' id='word_1_141' title='bbox 2040 658 2292 705; x_wconf 86' lang='lat' dir='ltr'><strong>caverunt</strong></span> <span class='ocrx_word' id='word_1_142' title='bbox 2320 657 2374 704; x_wconf 92' lang='lat' dir='ltr'><strong>et</strong></span> <span class='ocrx_word' id='word_1_143' title='bbox 2401 651 3000 706; x_wconf 83' lang='lat' dir='ltr'><strong>anathematizaverunt.</strong></span> <span class='ocrx_word' id='word_1_144' title='bbox 3029 649 3146 704; x_wconf 88' lang='lat' dir='ltr'><strong>Non</strong></span> <span class='ocrx_word' id='word_1_145' title='bbox 3174 651 3318 704; x_wconf 88' lang='lat' dir='ltr'><strong>enim</strong></span> <span class='ocrx_word' id='word_1_146' title='bbox 3339 650 3506 706; x_wconf 84' lang='lat' dir='ltr'><strong>sensit</strong></span> <span class='ocrx_word' id='word_1_147' title='bbox 3531 655 3594 706; x_wconf 78' lang='lat' dir='ltr'><strong>ut</strong></span> 
     </span>
    </p>
   </div>
   <div class='ocr_carea' id='block_1_22' title="bbox 2039 737 3590 808">
    <p class='ocr_par' dir='ltr' id='par_1_22' title="bbox 2039 737 3590 808">
     <span class='ocr_line' id='line_1_22' title="bbox 2039 737 3590 808; baseline 0.002 -18"><span class='ocrx_word' id='word_1_148' title='bbox 2039 737 2388 803; x_wconf 81' lang='lat' dir='ltr'><strong>Christianus,</strong></span> <span class='ocrx_word' id='word_1_149' title='bbox 2430 739 2521 793; x_wconf 88' lang='lat' dir='ltr'><strong>sed</strong></span> <span class='ocrx_word' id='word_1_150' title='bbox 2550 753 2872 808; x_wconf 78' lang='lat' dir='ltr'><strong>paganorum</strong></span> <span class='ocrx_word' id='word_1_151' title='bbox 2901 746 3112 794; x_wconf 89' lang='lat' dir='ltr'><strong>secutus</strong></span> <span class='ocrx_word' id='word_1_152' title='bbox 3153 739 3381 808; x_wconf 76' lang='lat' dir='ltr'><strong>ineptias</strong></span> <span class='ocrx_word' id='word_1_153' title='bbox 3406 748 3461 794; x_wconf 84' lang='lat' dir='ltr'><strong>et</strong></span> <span class='ocrx_word' id='word_1_154' title='bbox 3488 753 3590 793; x_wconf 86' lang='lat' dir='ltr'><strong>nu-</strong></span> 
     </span>
    </p>
   </div>
   <div class='ocr_carea' id='block_1_23' title="bbox 2040 826 3592 897">
    <p class='ocr_par' dir='ltr' id='par_1_23' title="bbox 2040 826 3592 897">
     <span class='ocr_line' id='line_1_23' title="bbox 2040 826 3592 897; baseline 0.003 -18"><span class='ocrx_word' id='word_1_155' title='bbox 2040 839 2153 893; x_wconf 87' lang='lat' dir='ltr'><strong>gas,</strong></span> <span class='ocrx_word' id='word_1_156' title='bbox 2176 826 2228 879; x_wconf 92' lang='lat' dir='ltr'><strong>in</strong></span> <span class='ocrx_word' id='word_1_157' title='bbox 2250 840 2484 880; x_wconf 88' lang='lat' dir='ltr'><strong>errorem</strong></span> <span class='ocrx_word' id='word_1_158' title='bbox 2510 827 2712 880; x_wconf 75' lang='lat' dir='ltr'><strong>incidit.</strong></span> <span class='ocrx_word' id='word_1_159' title='bbox 2741 829 2872 882; x_wconf 88' lang='lat' dir='ltr'><strong>llinc</strong></span> <span class='ocrx_word' id='word_1_160' title='bbox 2896 837 3073 884; x_wconf 89' lang='lat' dir='ltr'><strong>autem</strong></span> <span class='ocrx_word' id='word_1_161' title='bbox 3097 829 3146 883; x_wconf 89' lang='lat' dir='ltr'><strong>ei</strong></span> <span class='ocrx_word' id='word_1_162' title='bbox 3175 829 3394 897; x_wconf 82' lang='lat' dir='ltr'><strong>contigit</strong></span> <span class='ocrx_word' id='word_1_163' title='bbox 3417 828 3592 884; x_wconf 83' lang='lat' dir='ltr'><strong>morbi</strong></span> 
     </span>
    </p>
   </div>
   <div class='ocr_carea' id='block_1_24' title="bbox 2041 913 3590 987">
    <p class='ocr_par' dir='ltr' id='par_1_24' title="bbox 2041 913 3590 987">
     <span class='ocr_line' id='line_1_24' title="bbox 2041 913 3590 987; baseline 0.003 -19"><span class='ocrx_word' id='word_1_164' title='bbox 2041 913 2379 982; x_wconf 85' lang='lat' dir='ltr'><strong>principium.</strong></span> <span class='ocrx_word' id='word_1_165' title='bbox 2410 914 2694 968; x_wconf 83' lang='lat' dir='ltr'><strong>Assevcrat</strong></span> <span class='ocrx_word' id='word_1_166' title='bbox 2721 917 2923 971; x_wconf 90' lang='lat' dir='ltr'><strong>animas</strong></span> <span class='ocrx_word' id='word_1_167' title='bbox 2960 925 3082 972; x_wconf 91' lang='lat' dir='ltr'><strong>ante</strong></span> <span class='ocrx_word' id='word_1_168' title='bbox 3109 932 3333 987; x_wconf 91' lang='lat' dir='ltr'><strong>corpora</strong></span> <span class='ocrx_word' id='word_1_169' title='bbox 3360 933 3507 986; x_wconf 87' lang='lat' dir='ltr'><strong>esse,</strong></span> <span class='ocrx_word' id='word_1_170' title='bbox 3534 927 3590 974; x_wconf 88' lang='lat' dir='ltr'><strong>et</strong></span> 
     </span>
    </p>
   </div>
   <div class='ocr_carea' id='block_1_25' title="bbox 2043 1004 3594 1075">
    <p class='ocr_par' dir='ltr' id='par_1_25' title="bbox 2043 1004 3594 1075">
     <span class='ocr_line' id='line_1_25' title="bbox 2043 1004 3594 1075; baseline 0.004 -18"><span class='ocrx_word' id='word_1_171' title='bbox 2043 1019 2073 1057; x_wconf 92' lang='lat' dir='ltr'><strong>a</strong></span> <span class='ocrx_word' id='word_1_172' title='bbox 2097 1004 2445 1059; x_wconf 73' lang='lat' dir='ltr'><strong>sanctimonia</strong></span> <span class='ocrx_word' id='word_1_173' title='bbox 2475 1004 2726 1059; x_wconf 88' lang='lat' dir='ltr'><strong>abductas</strong></span> <span class='ocrx_word' id='word_1_174' title='bbox 2764 1004 2920 1060; x_wconf 81' lang='lat' dir='ltr'><strong>fuisse</strong></span> <span class='ocrx_word' id='word_1_175' title='bbox 2951 1007 3004 1060; x_wconf 92' lang='lat' dir='ltr'><strong>in</strong></span> <span class='ocrx_word' id='word_1_176' title='bbox 3032 1007 3348 1075; x_wconf 85' lang='lat' dir='ltr'><strong>cupiditates</strong></span> <span class='ocrx_word' id='word_1_177' title='bbox 3389 1023 3452 1064; x_wconf 91' lang='lat' dir='ltr'><strong>ac</strong></span> <span class='ocrx_word' id='word_1_178' title='bbox 3495 1021 3594 1063; x_wconf 89' lang='lat' dir='ltr'><strong>no-</strong></span> 
     </span>
    </p>
   </div>
   <div class='ocr_carea' id='block_1_26' title="bbox 2041 1089 3593 1161">
    <p class='ocr_par' dir='ltr' id='par_1_26' title="bbox 2041 1089 3593 1161">
     <span class='ocr_line' id='line_1_26' title="bbox 2041 1089 3593 1161; baseline 0.003 -17"><span class='ocrx_word' id='word_1_179' title='bbox 2041 1089 2282 1159; x_wconf 86' lang='lat' dir='ltr'><strong>quitiam,</strong></span> <span class='ocrx_word' id='word_1_180' title='bbox 2309 1091 2694 1160; x_wconf 83' lang='lat' dir='ltr'><strong>descivisseque</strong></span> <span class='ocrx_word' id='word_1_181' title='bbox 2723 1107 2752 1145; x_wconf 90' lang='lat' dir='ltr'><strong>a</strong></span> <span class='ocrx_word' id='word_1_182' title='bbox 2783 1093 2910 1156; x_wconf 90' lang='lat' dir='ltr'><strong>Deo,</strong></span> <span class='ocrx_word' id='word_1_183' title='bbox 2936 1107 2965 1146; x_wconf 91' lang='lat' dir='ltr'><strong>a</strong></span> <span class='ocrx_word' id='word_1_184' title='bbox 2989 1109 3096 1161; x_wconf 90' lang='lat' dir='ltr'><strong>quo</strong></span> <span class='ocrx_word' id='word_1_185' title='bbox 3123 1095 3258 1149; x_wconf 90' lang='lat' dir='ltr'><strong>hanc</strong></span> <span class='ocrx_word' id='word_1_186' title='bbox 3285 1095 3352 1150; x_wconf 91' lang='lat' dir='ltr'><strong>ob</strong></span> <span class='ocrx_word' id='word_1_187' title='bbox 3379 1111 3593 1150; x_wconf 88' lang='lat' dir='ltr'><strong>causam</strong></span> 
     </span>
    </p>
   </div>
   <div class='ocr_carea' id='block_1_27' title="bbox 2043 1177 3595 1252">
    <p class='ocr_par' dir='ltr' id='par_1_27' title="bbox 2043 1177 3595 1252">
     <span class='ocr_line' id='line_1_27' title="bbox 2043 1177 3595 1252; baseline 0.006 -20"><span class='ocrx_word' id='word_1_188' title='bbox 2043 1177 2301 1232; x_wconf 68' lang='lat' dir='ltr'><strong>damnata:</strong></span> <span class='ocrx_word' id='word_1_189' title='bbox 2322 1187 2464 1243; x_wconf 90' lang='lat' dir='ltr'><strong>sunt,</strong></span> <span class='ocrx_word' id='word_1_190' title='bbox 2488 1187 2542 1232; x_wconf 90' lang='lat' dir='ltr'><strong>et</strong></span> <span class='ocrx_word' id='word_1_191' title='bbox 2565 1181 2776 1250; x_wconf 84' lang='lat' dir='ltr'><strong>corpori</strong></span> <span class='ocrx_word' id='word_1_192' title='bbox 2797 1181 3083 1246; x_wconf 64' lang='lat' dir='ltr'><strong>obstrictae,</strong></span> <span class='ocrx_word' id='word_1_193' title='bbox 3107 1189 3334 1252; x_wconf 84' lang='lat' dir='ltr'><strong>suntque</strong></span> <span class='ocrx_word' id='word_1_194' title='bbox 3361 1183 3414 1240; x_wconf 92' lang='lat' dir='ltr'><strong>in</strong></span> <span class='ocrx_word' id='word_1_195' title='bbox 3433 1198 3595 1241; x_wconf 72' lang='lat' dir='ltr'><strong>carne</strong></span> 
     </span>
    </p>
   </div>
   <div class='ocr_carea' id='block_1_28' title="bbox 2045 1267 2679 1334">
    <p class='ocr_par' dir='ltr' id='par_1_28' title="bbox 2045 1267 2679 1334">
     <span class='ocr_line' id='line_1_28' title="bbox 2045 1267 2679 1334; baseline 0 -15"><span class='ocrx_word' id='word_1_196' title='bbox 2045 1273 2294 1334; x_wconf 85' lang='lat' dir='ltr'><strong>tanquam</strong></span> <span class='ocrx_word' id='word_1_197' title='bbox 2325 1267 2376 1320; x_wconf 90' lang='lat' dir='ltr'><strong>in</strong></span> <span class='ocrx_word' id='word_1_198' title='bbox 2399 1282 2634 1324; x_wconf 84' lang='lat' dir='ltr'><strong>carcere.</strong></span> <span class='ocrx_word' id='word_1_199' title='bbox 2660 1287 2679 1319; x_wconf 76' lang='grc' dir='ltr'><strong>ι</strong></span> 
     </span>
    </p>
   </div>
   <div class='ocr_carea' id='block_1_29' title="bbox 2116 1349 3592 1427">
    <p class='ocr_par' dir='ltr' id='par_1_29' title="bbox 2116 1349 3592 1427">
     <span class='ocr_line' id='line_1_29' title="bbox 2116 1349 3592 1427; baseline 0.005 -20"><span class='ocrx_word' id='word_1_200' title='bbox 2116 1353 2360 1421; x_wconf 87' lang='lat' dir='ltr'><strong>Ejusdem</strong></span> <span class='ocrx_word' id='word_1_201' title='bbox 2391 1370 2454 1412; x_wconf 74' lang='lat' dir='ltr'><strong>ex</strong></span> <span class='ocrx_word' id='word_1_202' title='bbox 2485 1356 2706 1424; x_wconf 84' lang='lat' dir='ltr'><strong>epistola</strong></span> <span class='ocrx_word' id='word_1_203' title='bbox 2733 1357 2927 1427; x_wconf 85' lang='lat' dir='ltr'><strong>scripta</strong></span> <span class='ocrx_word' id='word_1_204' title='bbox 2975 1349 3045 1412; x_wconf 84' lang='lat' dir='ltr'><strong>ad</strong></span> <span class='ocrx_word' id='word_1_205' title='bbox 3091 1373 3184 1413; x_wconf 91' lang='lat' dir='ltr'><strong>eos</strong></span> <span class='ocrx_word' id='word_1_206' title='bbox 3226 1360 3318 1427; x_wconf 87' lang='lat' dir='ltr'><strong>qui</strong></span> <span class='ocrx_word' id='word_1_207' title='bbox 3358 1359 3410 1413; x_wconf 93' lang='lat' dir='ltr'><strong>in</strong></span> <span class='ocrx_word' id='word_1_208' title='bbox 3451 1359 3592 1414; x_wconf 82' lang='lat' dir='ltr'><strong>Phua</strong></span> 
     </span>
    </p>
   </div>
   <div class='ocr_carea' id='block_1_30' title="bbox 2045 1444 3594 1518">
    <p class='ocr_par' dir='ltr' id='par_1_30' title="bbox 2045 1444 3594 1518">
     <span class='ocr_line' id='line_1_30' title="bbox 2045 1444 3594 1518; baseline 0.005 -21"><span class='ocrx_word' id='word_1_209' title='bbox 2045 1451 2227 1506; x_wconf 90' lang='lat' dir='ltr'><strong>erant,</strong></span> <span class='ocrx_word' id='word_1_210' title='bbox 2259 1444 2546 1502; x_wconf 84' lang='lat' dir='ltr'><strong>monachos</strong></span> <span class='ocrx_word' id='word_1_211' title='bbox 2591 1461 2603 1496; x_wconf 89' lang='lat'>:</span> <span class='ocrx_word' id='word_1_212' title='bbox 2639 1463 2658 1494; x_wconf 87' lang='grc' dir='ltr'><strong>ε</strong></span> <span class='ocrx_word' id='word_1_213' title='bbox 2685 1444 2919 1501; x_wconf 84' lang='lat' dir='ltr'><strong>Ecclesia</strong></span> <span class='ocrx_word' id='word_1_214' title='bbox 2946 1463 3103 1510; x_wconf 84' lang='lat' dir='ltr'><strong>vero,</strong></span> <span class='ocrx_word' id='word_1_215' title='bbox 3128 1447 3416 1518; x_wconf 84' lang='lat' dir='ltr'><strong>Scripturis</strong></span> <span class='ocrx_word' id='word_1_216' title='bbox 3441 1449 3594 1505; x_wconf 81' lang='lat' dir='ltr'><strong>obse-</strong></span> 
     </span>
    </p>
   </div>
   <div class='ocr_carea' id='block_1_31' title="bbox 2047 1531 3593 1601">
    <p class='ocr_par' dir='ltr' id='par_1_31' title="bbox 2047 1531 3593 1601">
     <span class='ocr_line' id='line_1_31' title="bbox 2047 1531 3593 1601; baseline 0.005 -16"><span class='ocrx_word' id='word_1_217' title='bbox 2047 1547 2215 1601; x_wconf 90' lang='lat' dir='ltr'><strong>quens</strong></span> <span class='ocrx_word' id='word_1_218' title='bbox 2238 1546 2268 1586; x_wconf 86' lang='lat' dir='ltr'><strong>a</strong></span> <span class='ocrx_word' id='word_1_219' title='bbox 2297 1531 2406 1587; x_wconf 87' lang='lat' dir='ltr'><strong>Deo</strong></span> <span class='ocrx_word' id='word_1_220' title='bbox 2449 1533 2747 1601; x_wconf 88' lang='lat' dir='ltr'><strong>inspiratis,</strong></span> <span class='ocrx_word' id='word_1_221' title='bbox 2778 1551 2877 1590; x_wconf 91' lang='lat' dir='ltr'><strong>nec</strong></span> <span class='ocrx_word' id='word_1_222' title='bbox 2899 1536 3126 1590; x_wconf 88' lang='lat' dir='ltr'><strong>animam</strong></span> <span class='ocrx_word' id='word_1_223' title='bbox 3155 1539 3302 1594; x_wconf 90' lang='lat' dir='ltr'><strong>novit</strong></span> <span class='ocrx_word' id='word_1_224' title='bbox 3328 1545 3452 1594; x_wconf 81' lang='lat' dir='ltr'><strong>ante</strong></span> <span class='ocrx_word' id='word_1_225' title='bbox 3473 1554 3593 1596; x_wconf 58' lang='lat' dir='ltr'><strong>corw</strong></span> 
     </span>
    </p>
   </div>
   <div class='ocr_carea' id='block_1_32' title="bbox 2047 1619 3594 1692">
    <p class='ocr_par' dir='ltr' id='par_1_32' title="bbox 2047 1619 3594 1692">
     <span class='ocr_line' id='line_1_32' title="bbox 2047 1619 3594 1692; baseline 0.005 -18"><span class='ocrx_word' id='word_1_226' title='bbox 2047 1635 2177 1690; x_wconf 89' lang='lat' dir='ltr'><strong>pora</strong></span> <span class='ocrx_word' id='word_1_227' title='bbox 2205 1619 2380 1684; x_wconf 83' lang='lat' dir='ltr'><strong>fuisse,</strong></span> <span class='ocrx_word' id='word_1_228' title='bbox 2433 1635 2531 1676; x_wconf 90' lang='lat' dir='ltr'><strong>nec</strong></span> <span class='ocrx_word' id='word_1_229' title='bbox 2575 1630 2700 1677; x_wconf 85' lang='lat' dir='ltr'><strong>ante</strong></span> <span class='ocrx_word' id='word_1_230' title='bbox 2739 1637 2802 1676; x_wconf 90' lang='lat' dir='ltr'><strong>ea</strong></span> <span class='ocrx_word' id='word_1_231' title='bbox 2841 1639 3113 1692; x_wconf 87' lang='lat' dir='ltr'><strong>peccasse.</strong></span> <span class='ocrx_word' id='word_1_232' title='bbox 3148 1624 3425 1691; x_wconf 83' lang='lat' dir='ltr'><strong>Quomodo</strong></span> <span class='ocrx_word' id='word_1_233' title='bbox 3451 1627 3594 1682; x_wconf 85' lang='lat' dir='ltr'><strong>enim</strong></span> 
     </span>
    </p>
   </div>
   <div class='ocr_carea' id='block_1_33' title="bbox 394 1709 1937 1798">
    <p class='ocr_par' dir='ltr' id='par_1_33' title="bbox 394 1722 1937 1798">
     <span class='ocr_line' id='line_1_33' title="bbox 394 1722 1937 1798; baseline 0.006 -25"><span class='ocrx_word' id='word_1_234' title='bbox 394 1723 425 1779; x_wconf 78' lang='grc' dir='ltr'><em>ἠ</em></span> <span class='ocrx_word' id='word_1_235' title='bbox 462 1727 532 1794; x_wconf 77' lang='grc' dir='ltr'><strong><em>μή</em></strong></span> <span class='ocrx_word' id='word_1_236' title='bbox 561 1727 829 1793; x_wconf 64' lang='grc' dir='ltr'><strong>ὑφεστῶσα</strong></span> <span class='ocrx_word' id='word_1_237' title='bbox 867 1726 947 1776; x_wconf 80' lang='grc' dir='ltr'><strong>καί</strong></span> <span class='ocrx_word' id='word_1_238' title='bbox 983 1722 1228 1798; x_wconf 76' lang='grc' dir='ltr'><strong>ἁμαρτεῖν</strong></span> <span class='ocrx_word' id='word_1_239' title='bbox 1266 1723 1509 1788; x_wconf 74' lang='grc' dir='ltr'><strong>ἠδύνατος</strong></span> <span class='ocrx_word' id='word_1_240' title='bbox 1557 1729 1712 1798; x_wconf 71' lang='grc' dir='ltr'><strong>φαμέν</strong></span> <span class='ocrx_word' id='word_1_241' title='bbox 1749 1726 1828 1791; x_wconf 83' lang='grc' dir='ltr'><strong>δὲ,</strong></span> <span class='ocrx_word' id='word_1_242' title='bbox 1871 1726 1937 1782; x_wconf 74' lang='grc' dir='ltr'><strong>ὅτι</strong></span> 
     </span>
    </p>
   </div>
   <div class='ocr_carea' id='block_1_34' title="bbox 2038 1709 3592 1798">
    <p class='ocr_par' dir='ltr' id='par_1_34' title="bbox 2047 1709 3592 1782">
     <span class='ocr_line' id='line_1_34' title="bbox 2047 1709 3592 1782; baseline 0.004 -18"><span class='ocrx_word' id='word_1_243' title='bbox 2047 1724 2166 1780; x_wconf 78' lang='lat' dir='ltr'><strong>qua:</strong></span> <span class='ocrx_word' id='word_1_244' title='bbox 2192 1725 2298 1763; x_wconf 89' lang='lat' dir='ltr'><strong>non</strong></span> <span class='ocrx_word' id='word_1_245' title='bbox 2321 1709 2639 1764; x_wconf 82' lang='lat' dir='ltr'><strong>subsistebat</strong></span> <span class='ocrx_word' id='word_1_246' title='bbox 2666 1725 2888 1780; x_wconf 85' lang='lat' dir='ltr'><strong>peccare</strong></span> <span class='ocrx_word' id='word_1_247' title='bbox 2919 1713 3122 1782; x_wconf 84' lang='lat' dir='ltr'><strong>potuit?</strong></span> <span class='ocrx_word' id='word_1_248' title='bbox 3148 1713 3217 1768; x_wconf 86' lang='lat' dir='ltr'><strong>At</strong></span> <span class='ocrx_word' id='word_1_249' title='bbox 3243 1729 3340 1770; x_wconf 88' lang='lat' dir='ltr'><strong>nos</strong></span> <span class='ocrx_word' id='word_1_250' title='bbox 3365 1712 3592 1782; x_wconf 67' lang='lat' dir='ltr'><strong>afﬁrma-</strong></span> 
     </span>
    </p>
   </div>
   <div class='ocr_carea' id='block_1_35' title="bbox 395 1807 1943 1888">
    <p class='ocr_par' dir='ltr' id='par_1_35' title="bbox 395 1807 1943 1888">
     <span class='ocr_line' id='line_1_35' title="bbox 395 1807 1943 1888; baseline 0.004 -24"><span class='ocrx_word' id='word_1_251' title='bbox 395 1810 582 1864; x_wconf 72' lang='grc' dir='ltr'><strong>ἔπλασε</strong></span> <span class='ocrx_word' id='word_1_252' title='bbox 623 1813 712 1880; x_wconf 80' lang='grc' dir='ltr'><strong>μὲν</strong></span> <span class='ocrx_word' id='word_1_253' title='bbox 757 1810 910 1865; x_wconf 82' lang='grc' dir='ltr'><strong>ὁτῶν</strong></span> <span class='ocrx_word' id='word_1_254' title='bbox 945 1807 1068 1864; x_wconf 82' lang='grc' dir='ltr'><strong>ὅλων</strong></span> <span class='ocrx_word' id='word_1_255' title='bbox 1112 1809 1414 1884; x_wconf 74' lang='grc' dir='ltr'><strong>δημιουργὸς</strong></span> <span class='ocrx_word' id='word_1_256' title='bbox 1455 1815 1514 1873; x_wconf 82' lang='grc' dir='ltr'><strong>τὸ</strong></span> <span class='ocrx_word' id='word_1_257' title='bbox 1546 1823 1695 1885; x_wconf 84' lang='grc' dir='ltr'><strong>σῶμα</strong></span> <span class='ocrx_word' id='word_1_258' title='bbox 1732 1817 1784 1868; x_wconf 80' lang='grc' dir='ltr'><strong>ἐκ</strong></span> <span class='ocrx_word' id='word_1_259' title='bbox 1831 1825 1943 1888; x_wconf 81' lang='grc' dir='ltr'><strong>γῆς,</strong></span> 
     </span>
    </p>
   </div>
   <div class='ocr_carea' id='block_1_36' title="bbox 395 1897 1946 1974">
    <p class='ocr_par' dir='ltr' id='par_1_36' title="bbox 395 1897 1946 1974">
     <span class='ocr_line' id='line_1_36' title="bbox 395 1897 1946 1974; baseline 0.005 -24"><span class='ocrx_word' id='word_1_260' title='bbox 395 1897 642 1966; x_wconf 58' lang='grc' dir='ltr'><strong>ἐψύχωσε</strong></span> <span class='ocrx_word' id='word_1_261' title='bbox 693 1898 746 1953; x_wconf 80' lang='grc' dir='ltr'><em>δέ</em></span> <span class='ocrx_word' id='word_1_262' title='bbox 777 1901 896 1952; x_wconf 65' lang='grc' dir='ltr'><strong>αὐτὶ</strong></span> <span class='ocrx_word' id='word_1_263' title='bbox 922 1899 1073 1972; x_wconf 62' lang='grc' dir='ltr'>ψυχῇ</span> <span class='ocrx_word' id='word_1_264' title='bbox 1111 1905 1277 1974; x_wconf 77' lang='grc' dir='ltr'><strong>νοερᾷ.</strong></span> <span class='ocrx_word' id='word_1_265' title='bbox 1307 1904 1396 1955; x_wconf 71' lang='lat' dir='ltr'><strong>Ital</strong></span> <span class='ocrx_word' id='word_1_266' title='bbox 1441 1903 1573 1962; x_wconf 76' lang='grc' dir='ltr'><strong>α’τη</strong></span> <span class='ocrx_word' id='word_1_267' title='bbox 1615 1905 1750 1958; x_wconf 82' lang='grc' dir='ltr'><strong>ἐστίν</strong></span> <span class='ocrx_word' id='word_1_268' title='bbox 1783 1905 1815 1961; x_wconf 75' lang='grc' dir='ltr'>ἡ</span> <span class='ocrx_word' id='word_1_269' title='bbox 1855 1911 1946 1960; x_wconf 83' lang='grc' dir='ltr'><strong>τοῦ</strong></span> 
     </span>
    </p>
   </div>
   <div class='ocr_carea' id='block_1_37' title="bbox 395 1988 1946 2065">
    <p class='ocr_par' dir='ltr' id='par_1_37' title="bbox 395 1988 1946 2065">
     <span class='ocr_line' id='line_1_37' title="bbox 395 1988 1946 2065; baseline 0.005 -26"><span class='ocrx_word' id='word_1_270' title='bbox 395 1989 650 2060; x_wconf 63' lang='grc' dir='ltr'><strong>ἀνθρώπου</strong></span> <span class='ocrx_word' id='word_1_271' title='bbox 682 1992 1015 2044; x_wconf 75' lang='grc' dir='ltr'><strong>κατασκευή.»</strong></span> <span class='ocrx_word' id='word_1_272' title='bbox 1046 1993 1134 2041; x_wconf 70' lang='grc' dir='ltr'><strong>Καὶ</strong></span> <span class='ocrx_word' id='word_1_273' title='bbox 1159 1991 1261 2060; x_wconf 79' lang='grc' dir='ltr'><strong>μεθ’</strong></span> <span class='ocrx_word' id='word_1_274' title='bbox 1283 1988 1607 2064; x_wconf 62' lang='grc' dir='ltr'><strong>ἔτερα-(Οτι</strong></span> <span class='ocrx_word' id='word_1_275' title='bbox 1628 1993 1716 2045; x_wconf 79' lang='grc' dir='ltr'><strong>οὐκ</strong></span> <span class='ocrx_word' id='word_1_276' title='bbox 1742 1994 1794 2046; x_wconf 78' lang='grc' dir='ltr'><strong>ἑκ</strong></span> <span class='ocrx_word' id='word_1_277' title='bbox 1820 2013 1946 2065; x_wconf 71' lang='grc' dir='ltr'><strong>προσ</strong></span> 
     </span>
    </p>
   </div>
   <div class='ocr_carea' id='block_1_38' title="bbox 395 2077 1948 2149">
    <p class='ocr_par' dir='ltr' id='par_1_38' title="bbox 395 2077 1948 2149">
     <span class='ocr_line' id='line_1_38' title="bbox 395 2077 1948 2149; baseline 0.007 -21"><span class='ocrx_word' id='word_1_278' title='bbox 395 2085 715 2146; x_wconf 60' lang='grc' dir='ltr'><strong>γενεστέρων,</strong></span> <span class='ocrx_word' id='word_1_279' title='bbox 743 2079 812 2135; x_wconf 85' lang='grc' dir='ltr'><strong>ὥς</strong></span> <span class='ocrx_word' id='word_1_280' title='bbox 849 2093 1024 2148; x_wconf 75' lang='grc' dir='ltr'><strong>φασιν.</strong></span> <span class='ocrx_word' id='word_1_281' title='bbox 1055 2077 1430 2149; x_wconf 76' lang='grc' dir='ltr'><strong>ἁμαρτημάτων</strong></span> <span class='ocrx_word' id='word_1_282' title='bbox 1465 2077 1886 2137; x_wconf 81' lang='grc' dir='ltr'><strong>καταδεδίκασται</strong></span> <span class='ocrx_word' id='word_1_283' title='bbox 1918 2083 1948 2139; x_wconf 73' lang='grc' dir='ltr'><em>ἦ</em></span> 
     </span>
    </p>
   </div>
   <div class='ocr_carea' id='block_1_39' title="bbox 396 2163 1950 2238">
    <p class='ocr_par' dir='ltr' id='par_1_39' title="bbox 396 2163 1950 2238">
     <span class='ocr_line' id='line_1_39' title="bbox 396 2163 1950 2238; baseline 0.005 -22"><span class='ocrx_word' id='word_1_284' title='bbox 396 2170 481 2218; x_wconf 74' lang='grc' dir='ltr'><strong>τοῦ</strong></span> <span class='ocrx_word' id='word_1_285' title='bbox 508 2165 767 2238; x_wconf 79' lang='grc' dir='ltr'><strong>ἀνθρώπου</strong></span> <span class='ocrx_word' id='word_1_286' title='bbox 790 2163 966 2237; x_wconf 71' lang='grc' dir='ltr'><strong>ψυχὴ.</strong></span> <span class='ocrx_word' id='word_1_287' title='bbox 995 2167 1077 2218; x_wconf 85' lang='grc' dir='ltr'><strong>καὶ</strong></span> <span class='ocrx_word' id='word_1_288' title='bbox 1099 2169 1170 2224; x_wconf 85' lang='grc' dir='ltr'><strong>εἰς</strong></span> <span class='ocrx_word' id='word_1_289' title='bbox 1203 2171 1376 2220; x_wconf 83' lang='grc' dir='ltr'><strong>τοῦτον</strong></span> <span class='ocrx_word' id='word_1_290' title='bbox 1403 2168 1716 2238; x_wconf 73' lang='grc' dir='ltr'><strong>κατεπέμφθη</strong></span> <span class='ocrx_word' id='word_1_291' title='bbox 1735 2170 1819 2223; x_wconf 83' lang='grc' dir='ltr'><strong>τὸν</strong></span> <span class='ocrx_word' id='word_1_292' title='bbox 1840 2169 1950 2224; x_wconf 80' lang='grc' dir='ltr'><strong>κόσ-</strong></span> 
     </span>
    </p>
   </div>
   <div class='ocr_carea' id='block_1_40' title="bbox 395 2253 1948 2331">
    <p class='ocr_par' dir='ltr' id='par_1_40' title="bbox 395 2253 1948 2331">
     <span class='ocr_line' id='line_1_40' title="bbox 395 2253 1948 2331; baseline 0.004 -25"><span class='ocrx_word' id='word_1_293' title='bbox 395 2273 506 2324; x_wconf 85' lang='grc' dir='ltr'><strong>μον,</strong></span> <span class='ocrx_word' id='word_1_294' title='bbox 536 2257 847 2309; x_wconf 80' lang='grc' dir='ltr'><strong>πιστώσεται</strong></span> <span class='ocrx_word' id='word_1_295' title='bbox 867 2256 1071 2331; x_wconf 69' lang='grc' dir='ltr'><strong>γράφων</strong></span> <span class='ocrx_word' id='word_1_296' title='bbox 1100 2258 1182 2309; x_wconf 81' lang='grc' dir='ltr'><strong>καί</strong></span> <span class='ocrx_word' id='word_1_297' title='bbox 1211 2253 1236 2308; x_wconf 83' lang='grc' dir='ltr'><strong><em>ὃ</em></strong></span> <span class='ocrx_word' id='word_1_298' title='bbox 1260 2257 1511 2327; x_wconf 77' lang='grc' dir='ltr'><strong>πάνσοφος</strong></span> <span class='ocrx_word' id='word_1_299' title='bbox 1531 2258 1948 2321; x_wconf 50' lang='lat' dir='ltr'><strong>ﬂuidum—Tati;</strong></span> 
     </span>
    </p>
   </div>
   <div class='ocr_carea' id='block_1_41' title="bbox 393 2344 1949 2422">
    <p class='ocr_par' dir='ltr' id='par_1_41' title="bbox 393 2344 1949 2422">
     <span class='ocr_line' id='line_1_41' title="bbox 393 2344 1949 2422; baseline 0.009 -33"><span class='ocrx_word' id='word_1_300' title='bbox 393 2347 492 2420; x_wconf 68' lang='grc' dir='ltr'><strong>γάρ</strong></span> <span class='ocrx_word' id='word_1_301' title='bbox 520 2345 708 2404; x_wconf 74' lang='grc' dir='ltr'><strong>πάντας</strong></span> <span class='ocrx_word' id='word_1_302' title='bbox 738 2347 870 2415; x_wconf 71' lang='grc' dir='ltr'><strong>ἡμᾶς</strong></span> <span class='ocrx_word' id='word_1_303' title='bbox 893 2344 973 2400; x_wconf 84' lang='grc' dir='ltr'><strong>δεῖ</strong></span> <span class='ocrx_word' id='word_1_304' title='bbox 998 2347 1328 2420; x_wconf 76' lang='grc' dir='ltr'><strong>φανερωθῆναι</strong></span> <span class='ocrx_word' id='word_1_305' title='bbox 1363 2345 1638 2422; x_wconf 72' lang='grc' dir='ltr'><strong>ἔμπροσθεν</strong></span> <span class='ocrx_word' id='word_1_306' title='bbox 1675 2355 1762 2402; x_wconf 84' lang='grc' dir='ltr'><strong>τοῦ</strong></span> <span class='ocrx_word' id='word_1_307' title='bbox 1791 2349 1949 2422; x_wconf 77' lang='grc' dir='ltr'><strong>βήμα-</strong></span> 
     </span>
    </p>
   </div>
   <div class='ocr_carea' id='block_1_42' title="bbox 393 2433 1946 2508">
    <p class='ocr_par' dir='ltr' id='par_1_42' title="bbox 393 2433 1946 2508">
     <span class='ocr_line' id='line_1_42' title="bbox 393 2433 1946 2508; baseline 0.004 -24"><span class='ocrx_word' id='word_1_308' title='bbox 393 2451 481 2490; x_wconf 84' lang='grc' dir='ltr'><strong>τος</strong></span> <span class='ocrx_word' id='word_1_309' title='bbox 526 2439 616 2484; x_wconf 86' lang='grc' dir='ltr'><strong>τοῦ</strong></span> <span class='ocrx_word' id='word_1_310' title='bbox 652 2438 905 2508; x_wconf 78' lang='grc' dir='ltr'><strong>Χριστοῦ,</strong></span> <span class='ocrx_word' id='word_1_311' title='bbox 945 2433 1029 2486; x_wconf 87' lang='grc' dir='ltr'><strong>’ίνα</strong></span> <span class='ocrx_word' id='word_1_312' title='bbox 1066 2437 1331 2502; x_wconf 82' lang='grc' dir='ltr'><strong>κομίσηται</strong></span> <span class='ocrx_word' id='word_1_313' title='bbox 1380 2434 1591 2495; x_wconf 82' lang='grc' dir='ltr'><strong>ἕκαστος</strong></span> <span class='ocrx_word' id='word_1_314' title='bbox 1634 2437 1700 2489; x_wconf 85' lang='grc' dir='ltr'><strong>τά</strong></span> <span class='ocrx_word' id='word_1_315' title='bbox 1740 2433 1821 2489; x_wconf 85' lang='grc' dir='ltr'><strong>διά</strong></span> <span class='ocrx_word' id='word_1_316' title='bbox 1857 2444 1946 2490; x_wconf 85' lang='grc' dir='ltr'><strong>τοῦ</strong></span> 
     </span>
    </p>
   </div>
   <div class='ocr_carea' id='block_1_43' title="bbox 394 2518 1950 2596">
    <p class='ocr_par' dir='ltr' id='par_1_43' title="bbox 394 2518 1950 2596">
     <span class='ocr_line' id='line_1_43' title="bbox 394 2518 1950 2596; baseline 0.003 -24"><span class='ocrx_word' id='word_1_317' title='bbox 394 2521 631 2588; x_wconf 82' lang='grc' dir='ltr'><strong>σώματος</strong></span> <span class='ocrx_word' id='word_1_318' title='bbox 653 2520 782 2592; x_wconf 82' lang='grc' dir='ltr'><strong>πρὸς</strong></span> <span class='ocrx_word' id='word_1_319' title='bbox 811 2519 843 2572; x_wconf 85' lang='grc' dir='ltr'>ἂ</span> <span class='ocrx_word' id='word_1_320' title='bbox 863 2518 1090 2596; x_wconf 69' lang='grc' dir='ltr'><strong>ἔπραξεν,</strong></span> <span class='ocrx_word' id='word_1_321' title='bbox 1115 2519 1212 2574; x_wconf 82' lang='grc' dir='ltr'><strong>ε”τε</strong></span> <span class='ocrx_word' id='word_1_322' title='bbox 1234 2521 1432 2592; x_wconf 76' lang='grc' dir='ltr'><strong>ἀγαθὸν,</strong></span> <span class='ocrx_word' id='word_1_323' title='bbox 1450 2521 1548 2576; x_wconf 79' lang='grc' dir='ltr'><strong>εἴτε</strong></span> <span class='ocrx_word' id='word_1_324' title='bbox 1571 2523 1842 2594; x_wconf 54' lang='grc' dir='ltr'><strong>φαῦλαι-η·-</strong></span> <span class='ocrx_word' id='word_1_325' title='bbox 1864 2524 1950 2576; x_wconf 84' lang='grc' dir='ltr'><strong>Διά</strong></span> 
     </span>
    </p>
   </div>
   <div class='ocr_carea' id='block_1_44' title="bbox 393 2607 1941 2687">
    <p class='ocr_par' dir='ltr' id='par_1_44' title="bbox 393 2607 1941 2687">
     <span class='ocr_line' id='line_1_44' title="bbox 393 2607 1941 2687; baseline 0.006 -27"><span class='ocrx_word' id='word_1_326' title='bbox 393 2609 443 2660; x_wconf 89' lang='grc' dir='ltr'><strong>τί</strong></span> <span class='ocrx_word' id='word_1_327' title='bbox 466 2608 561 2680; x_wconf 76' lang='grc' dir='ltr'><strong>γάρ</strong></span> <span class='ocrx_word' id='word_1_328' title='bbox 585 2607 712 2678; x_wconf 82' lang='grc' dir='ltr'><strong>μόνα</strong></span> <span class='ocrx_word' id='word_1_329' title='bbox 733 2611 798 2663; x_wconf 80' lang='grc' dir='ltr'><strong>τά</strong></span> <span class='ocrx_word' id='word_1_330' title='bbox 827 2607 910 2662; x_wconf 85' lang='grc' dir='ltr'><strong>διά</strong></span> <span class='ocrx_word' id='word_1_331' title='bbox 942 2615 1029 2662; x_wconf 84' lang='grc' dir='ltr'><strong>τοῦ</strong></span> <span class='ocrx_word' id='word_1_332' title='bbox 1059 2611 1291 2679; x_wconf 78' lang='grc' dir='ltr'><strong>σώματος</strong></span> <span class='ocrx_word' id='word_1_333' title='bbox 1331 2613 1752 2687; x_wconf 58' lang='grc' dir='ltr'><strong>φανερωθήσεσθιί</strong></span> <span class='ocrx_word' id='word_1_334' title='bbox 1794 2635 1941 2684; x_wconf 77' lang='grc' dir='ltr'><strong>φησι,</strong></span> 
     </span>
    </p>
   </div>
   <div class='ocr_carea' id='block_1_45' title="bbox 394 2699 1948 2780">
    <p class='ocr_par' dir='ltr' id='par_1_45' title="bbox 394 2699 1948 2780">
     <span class='ocr_line' id='line_1_45' title="bbox 394 2699 1948 2780; baseline 0.006 -30"><span class='ocrx_word' id='word_1_335' title='bbox 394 2703 474 2753; x_wconf 82' lang='grc' dir='ltr'><strong>καί</strong></span> <span class='ocrx_word' id='word_1_336' title='bbox 504 2702 626 2770; x_wconf 78' lang='grc' dir='ltr'><strong>οὐχί</strong></span> <span class='ocrx_word' id='word_1_337' title='bbox 644 2699 702 2757; x_wconf 69' lang='grc' dir='ltr'><strong>δὴ</strong></span> <span class='ocrx_word' id='word_1_338' title='bbox 731 2700 915 2770; x_wconf 86' lang='grc' dir='ltr'><strong>μᾶλλον</strong></span> <span class='ocrx_word' id='word_1_339' title='bbox 944 2705 1026 2754; x_wconf 59' lang='grc' dir='ltr'><strong>καί</strong></span> <span class='ocrx_word' id='word_1_340' title='bbox 1053 2704 1116 2756; x_wconf 80' lang='grc' dir='ltr'><strong>τά</strong></span> <span class='ocrx_word' id='word_1_341' title='bbox 1137 2705 1236 2776; x_wconf 83' lang='grc' dir='ltr'><strong>πρὸ</strong></span> <span class='ocrx_word' id='word_1_342' title='bbox 1263 2709 1355 2758; x_wconf 82' lang='grc' dir='ltr'><strong>τοῦ</strong></span> <span class='ocrx_word' id='word_1_343' title='bbox 1393 2706 1649 2773; x_wconf 76' lang='grc' dir='ltr'><strong>σώματος.</strong></span> <span class='ocrx_word' id='word_1_344' title='bbox 1675 2703 1815 2780; x_wconf 82' lang='grc' dir='ltr'><strong>εἴπερ</strong></span> <span class='ocrx_word' id='word_1_345' title='bbox 1841 2701 1948 2760; x_wconf 62' lang='grc' dir='ltr'><strong>ὕδει</strong></span> 
     </span>
    </p>
   </div>
   <div class='ocr_carea' id='block_1_46' title="bbox 394 2791 1948 2866">
    <p class='ocr_par' dir='ltr' id='par_1_46' title="bbox 394 2791 1948 2866">
     <span class='ocr_line' id='line_1_46' title="bbox 394 2791 1948 2866; baseline 0.003 -25"><span class='ocrx_word' id='word_1_346' title='bbox 394 2795 652 2858; x_wconf 83' lang='grc' dir='ltr'><strong>προοῦσαν</strong></span> <span class='ocrx_word' id='word_1_347' title='bbox 679 2828 694 2852; x_wconf 88' lang='grc'><em>,</em></span> <span class='ocrx_word' id='word_1_348' title='bbox 725 2793 804 2842; x_wconf 84' lang='grc' dir='ltr'><strong>καί</strong></span> <span class='ocrx_word' id='word_1_349' title='bbox 845 2796 1319 2866; x_wconf 70' lang='grc' dir='ltr'><strong>προαμαρτήσασαν</strong></span> <span class='ocrx_word' id='word_1_350' title='bbox 1343 2797 1433 2849; x_wconf 66' lang='grc' dir='ltr'><strong>τὴν</strong></span> <span class='ocrx_word' id='word_1_351' title='bbox 1471 2791 1674 2862; x_wconf 36' lang='lat' dir='ltr'><strong>domin;</strong></span> <span class='ocrx_word' id='word_1_352' title='bbox 1703 2796 1758 2846; x_wconf 81' lang='grc' dir='ltr'>Εἰ</span> <span class='ocrx_word' id='word_1_353' title='bbox 1785 2792 1838 2848; x_wconf 87' lang='grc' dir='ltr'><em>δέ</em></span> <span class='ocrx_word' id='word_1_354' title='bbox 1865 2795 1948 2847; x_wconf 78' lang='grc' dir='ltr'><strong>ἐπὶ</strong></span> 
     </span>
    </p>
   </div>
   <div class='ocr_carea' id='block_1_47' title="bbox 393 2880 1948 2956">
    <p class='ocr_par' dir='ltr' id='par_1_47' title="bbox 393 2880 1948 2956">
     <span class='ocr_line' id='line_1_47' title="bbox 393 2880 1948 2956; baseline 0.005 -24"><span class='ocrx_word' id='word_1_355' title='bbox 393 2880 561 2948; x_wconf 80' lang='grc' dir='ltr'><strong>μόνοις</strong></span> <span class='ocrx_word' id='word_1_356' title='bbox 591 2880 849 2956; x_wconf 58' lang='grc' dir='ltr'><strong>κρινὸμεθα</strong></span> <span class='ocrx_word' id='word_1_357' title='bbox 871 2889 978 2942; x_wconf 85' lang='grc' dir='ltr'><strong>τοῖς</strong></span> <span class='ocrx_word' id='word_1_358' title='bbox 998 2880 1080 2936; x_wconf 81' lang='grc' dir='ltr'><strong>διά</strong></span> <span class='ocrx_word' id='word_1_359' title='bbox 1121 2888 1210 2937; x_wconf 77' lang='grc' dir='ltr'><strong>τοῦ</strong></span> <span class='ocrx_word' id='word_1_360' title='bbox 1235 2885 1464 2954; x_wconf 68' lang='grc' dir='ltr'><strong>σνῖιματος</strong></span> <span class='ocrx_word' id='word_1_361' title='bbox 1483 2926 1494 2948; x_wconf 87' lang='grc'>,</span> <span class='ocrx_word' id='word_1_362' title='bbox 1518 2885 1601 2934; x_wconf 69' lang='grc' dir='ltr'><strong>οὐκ</strong></span> <span class='ocrx_word' id='word_1_363' title='bbox 1630 2881 1824 2954; x_wconf 78' lang='grc' dir='ltr'><strong>ἔχομεν</strong></span> <span class='ocrx_word' id='word_1_364' title='bbox 1859 2881 1948 2940; x_wconf 82' lang='grc' dir='ltr'><strong>δη·</strong></span> 
     </span>
    </p>
   </div>
   <div class='ocr_carea' id='block_1_48' title="bbox 396 2970 1945 3047">
    <p class='ocr_par' dir='ltr' id='par_1_48' title="bbox 396 2970 1945 3047">
     <span class='ocr_line' id='line_1_48' title="bbox 396 2970 1945 3047; baseline 0.003 -25"><span class='ocrx_word' id='word_1_365' title='bbox 396 2970 560 3024; x_wconf 77' lang='grc' dir='ltr'><strong>Λονὸτι</strong></span> <span class='ocrx_word' id='word_1_366' title='bbox 608 2973 995 3044; x_wconf 79' lang='grc' dir='ltr'><strong>προγενεστέραν</strong></span> <span class='ocrx_word' id='word_1_367' title='bbox 1037 2978 1125 3026; x_wconf 80' lang='grc' dir='ltr'><strong>τοῦ</strong></span> <span class='ocrx_word' id='word_1_368' title='bbox 1159 2976 1392 3044; x_wconf 82' lang='grc' dir='ltr'><strong>σώματος</strong></span> <span class='ocrx_word' id='word_1_369' title='bbox 1421 2971 1691 3047; x_wconf 77' lang='grc' dir='ltr'><strong>ἁμαρτίαν.</strong></span> <span class='ocrx_word' id='word_1_370' title='bbox 1731 2975 1803 3027; x_wconf 72' lang='grc' dir='ltr'>Οὐ</span> <span class='ocrx_word' id='word_1_371' title='bbox 1847 2976 1945 3047; x_wconf 70' lang='grc' dir='ltr'><strong>γάρ</strong></span> 
     </span>
    </p>
   </div>
   <div class='ocr_carea' id='block_1_49' title="bbox 2051 1795 3591 1870">
    <p class='ocr_par' dir='ltr' id='par_1_49' title="bbox 2051 1795 3591 1870">
     <span class='ocr_line' id='line_1_49' title="bbox 2051 1795 3591 1870; baseline 0.003 -17"><span class='ocrx_word' id='word_1_372' title='bbox 2051 1815 2195 1864; x_wconf 91' lang='lat' dir='ltr'><strong>mus,</strong></span> <span class='ocrx_word' id='word_1_373' title='bbox 2242 1795 2600 1854; x_wconf 81' lang='lat' dir='ltr'><strong>universitatis</strong></span> <span class='ocrx_word' id='word_1_374' title='bbox 2623 1799 2864 1867; x_wconf 75' lang='lat' dir='ltr'><strong>opiﬁcem</strong></span> <span class='ocrx_word' id='word_1_375' title='bbox 2904 1816 3095 1870; x_wconf 90' lang='lat' dir='ltr'><strong>corpus</strong></span> <span class='ocrx_word' id='word_1_376' title='bbox 3130 1817 3160 1855; x_wconf 92' lang='lat' dir='ltr'><strong>e</strong></span> <span class='ocrx_word' id='word_1_377' title='bbox 3189 1808 3329 1856; x_wconf 89' lang='lat' dir='ltr'><strong>terra</strong></span> <span class='ocrx_word' id='word_1_378' title='bbox 3359 1801 3591 1866; x_wconf 79' lang='lat' dir='ltr'><strong>tinxisse.</strong></span> 
     </span>
    </p>
   </div>
   <div class='ocr_carea' id='block_1_50' title="bbox 2047 1889 3591 1970">
    <p class='ocr_par' dir='ltr' id='par_1_50' title="bbox 2047 1889 3591 1970">
     <span class='ocr_line' id='line_1_50' title="bbox 2047 1889 3591 1970; baseline 0.001 -26"><span class='ocrx_word' id='word_1_379' title='bbox 2047 1889 2208 1958; x_wconf 89' lang='lat' dir='ltr'><strong>idque</strong></span> <span class='ocrx_word' id='word_1_380' title='bbox 2227 1890 2490 1944; x_wconf 89' lang='lat' dir='ltr'><strong>animasse</strong></span> <span class='ocrx_word' id='word_1_381' title='bbox 2513 1889 2841 1970; x_wconf 73' lang='lat' dir='ltr'><strong>intelligente</strong></span> <span class='ocrx_word' id='word_1_382' title='bbox 2867 1890 3060 1953; x_wconf 90' lang='lat' dir='ltr'><strong>anima,</strong></span> <span class='ocrx_word' id='word_1_383' title='bbox 3100 1900 3156 1954; x_wconf 82' lang='lat' dir='ltr'><strong>et</strong></span> <span class='ocrx_word' id='word_1_384' title='bbox 3181 1893 3294 1946; x_wconf 75' lang='lat' dir='ltr'><strong>lucc</strong></span> <span class='ocrx_word' id='word_1_385' title='bbox 3315 1899 3396 1953; x_wconf 90' lang='lat' dir='ltr'><strong>est</strong></span> <span class='ocrx_word' id='word_1_386' title='bbox 3422 1892 3591 1952; x_wconf 85' lang='lat' dir='ltr'><strong>homi-</strong></span> 
     </span>
    </p>
   </div>
   <div class='ocr_carea' id='block_1_51' title="bbox 2047 1981 3594 2052">
    <p class='ocr_par' dir='ltr' id='par_1_51' title="bbox 2047 1981 3594 2052">
     <span class='ocr_line' id='line_1_51' title="bbox 2047 1981 3594 2052; baseline 0.005 -18"><span class='ocrx_word' id='word_1_387' title='bbox 2047 1983 2129 2038; x_wconf 90' lang='lat' dir='ltr'><strong>nis</strong></span> <span class='ocrx_word' id='word_1_388' title='bbox 2149 1991 2432 2038; x_wconf 82' lang='lat' dir='ltr'><strong>structura.</strong></span> <span class='ocrx_word' id='word_1_389' title='bbox 2449 2003 2466 2035; x_wconf 70' lang='grc' dir='ltr'><strong>ι</strong></span> <span class='ocrx_word' id='word_1_390' title='bbox 2490 1982 2556 2036; x_wconf 86' lang='lat' dir='ltr'><strong>Et</strong></span> <span class='ocrx_word' id='word_1_391' title='bbox 2569 1991 2690 2052; x_wconf 90' lang='lat' dir='ltr'><strong>post</strong></span> <span class='ocrx_word' id='word_1_392' title='bbox 2705 1983 2804 2036; x_wconf 88' lang='lat' dir='ltr'><strong>alia</strong></span> <span class='ocrx_word' id='word_1_393' title='bbox 2825 2001 2836 2035; x_wconf 93' lang='lat'>:</span> <span class='ocrx_word' id='word_1_394' title='bbox 2861 2001 2878 2033; x_wconf 83' lang='grc' dir='ltr'><strong>ι</strong></span> <span class='ocrx_word' id='word_1_395' title='bbox 2898 1983 3136 2041; x_wconf 84' lang='lat' dir='ltr'><strong>Animam</strong></span> <span class='ocrx_word' id='word_1_396' title='bbox 3160 1984 3387 2041; x_wconf 84' lang='lat' dir='ltr'><strong>hominis</strong></span> <span class='ocrx_word' id='word_1_397' title='bbox 3407 1999 3508 2042; x_wconf 88' lang='lat' dir='ltr'><strong>nec</strong></span> <span class='ocrx_word' id='word_1_398' title='bbox 3527 1981 3594 2041; x_wconf 87' lang='lat' dir='ltr'><strong>ob</strong></span> 
     </span>
    </p>
   </div>
   <div class='ocr_carea' id='block_1_52' title="bbox 2048 2070 3589 2140">
    <p class='ocr_par' dir='ltr' id='par_1_52' title="bbox 2048 2070 3589 2140">
     <span class='ocr_line' id='line_1_52' title="bbox 2048 2070 3589 2140; baseline 0.001 -16"><span class='ocrx_word' id='word_1_399' title='bbox 2048 2072 2332 2140; x_wconf 67' lang='lat' dir='ltr'><strong>praeterita,</strong></span> <span class='ocrx_word' id='word_1_400' title='bbox 2351 2079 2408 2125; x_wconf 88' lang='lat' dir='ltr'><strong>ut</strong></span> <span class='ocrx_word' id='word_1_401' title='bbox 2423 2072 2590 2134; x_wconf 90' lang='lat' dir='ltr'><strong>aiunt,</strong></span> <span class='ocrx_word' id='word_1_402' title='bbox 2618 2070 2814 2140; x_wconf 83' lang='lat' dir='ltr'><strong>ﬂagitia</strong></span> <span class='ocrx_word' id='word_1_403' title='bbox 2835 2078 2993 2139; x_wconf 90' lang='lat' dir='ltr'><strong>atque</strong></span> <span class='ocrx_word' id='word_1_404' title='bbox 3016 2073 3216 2136; x_wconf 79' lang='lat' dir='ltr'><strong>scelera</strong></span> <span class='ocrx_word' id='word_1_405' title='bbox 3238 2087 3354 2131; x_wconf 88' lang='lat' dir='ltr'><strong>esse</strong></span> <span class='ocrx_word' id='word_1_406' title='bbox 3377 2073 3589 2127; x_wconf 80' lang='lat' dir='ltr'><strong>damna-</strong></span> 
     </span>
    </p>
   </div>
   <div class='ocr_carea' id='block_1_53' title="bbox 2049 2161 3593 2232">
    <p class='ocr_par' dir='ltr' id='par_1_53' title="bbox 2049 2161 3593 2232">
     <span class='ocr_line' id='line_1_53' title="bbox 2049 2161 3593 2232; baseline 0.001 -17"><span class='ocrx_word' id='word_1_407' title='bbox 2049 2171 2176 2226; x_wconf 89' lang='lat' dir='ltr'><strong>tam,</strong></span> <span class='ocrx_word' id='word_1_408' title='bbox 2219 2177 2316 2216; x_wconf 92' lang='lat' dir='ltr'><strong>nec</strong></span> <span class='ocrx_word' id='word_1_409' title='bbox 2338 2163 2390 2215; x_wconf 88' lang='lat' dir='ltr'><strong>in</strong></span> <span class='ocrx_word' id='word_1_410' title='bbox 2417 2163 2556 2224; x_wconf 85' lang='lat' dir='ltr'><strong>hunc</strong></span> <span class='ocrx_word' id='word_1_411' title='bbox 2580 2163 2858 2217; x_wconf 84' lang='lat' dir='ltr'><strong>demissam</strong></span> <span class='ocrx_word' id='word_1_412' title='bbox 2881 2161 3152 2228; x_wconf 89' lang='lat' dir='ltr'><strong>mundum,</strong></span> <span class='ocrx_word' id='word_1_413' title='bbox 3181 2163 3593 2232; x_wconf 79' lang='lat' dir='ltr'><strong>sapientissimus</strong></span> 
     </span>
    </p>
   </div>
   <div class='ocr_carea' id='block_1_54' title="bbox 2048 2248 3593 2314">
    <p class='ocr_par' dir='ltr' id='par_1_54' title="bbox 2048 2248 3593 2314">
     <span class='ocr_line' id='line_1_54' title="bbox 2048 2248 3593 2314; baseline 0.003 -12"><span class='ocrx_word' id='word_1_414' title='bbox 2048 2248 2239 2304; x_wconf 87' lang='lat' dir='ltr'><strong>Paulus</strong></span> <span class='ocrx_word' id='word_1_415' title='bbox 2264 2249 2416 2304; x_wconf 80' lang='lat' dir='ltr'><strong>ﬁdem</strong></span> <span class='ocrx_word' id='word_1_416' title='bbox 2440 2249 2580 2314; x_wconf 82' lang='lat' dir='ltr'><strong>facit,</strong></span> <span class='ocrx_word' id='word_1_417' title='bbox 2606 2249 2675 2303; x_wconf 89' lang='lat' dir='ltr'><strong>ita</strong></span> <span class='ocrx_word' id='word_1_418' title='bbox 2704 2251 2974 2305; x_wconf 86' lang='lat' dir='ltr'><strong>scribens:</strong></span> <span class='ocrx_word' id='word_1_419' title='bbox 3008 2249 3196 2305; x_wconf 76' lang='lat' dir='ltr'><strong>Omnes</strong></span> <span class='ocrx_word' id='word_1_420' title='bbox 3211 2253 3346 2306; x_wconf 85' lang='lat' dir='ltr'><strong>enim</strong></span> <span class='ocrx_word' id='word_1_421' title='bbox 3365 2268 3457 2306; x_wconf 74' lang='lat' dir='ltr'><strong>nos</strong></span> <span class='ocrx_word' id='word_1_422' title='bbox 3484 2269 3593 2306; x_wconf 58' lang='lat' dir='ltr'><strong>mas</strong></span> 
     </span>
    </p>
   </div>
   <div class='ocr_carea' id='block_1_55' title="bbox 2046 2324 3591 2409">
    <p class='ocr_par' dir='ltr' id='par_1_55' title="bbox 2046 2324 3591 2409">
     <span class='ocr_line' id='line_1_55' title="bbox 2046 2324 3591 2409; baseline 0.003 -18"><span class='ocrx_word' id='word_1_423' title='bbox 2046 2339 2282 2408; x_wconf 76' lang='lat' dir='ltr'><strong>nifestari</strong></span> <span class='ocrx_word' id='word_1_424' title='bbox 2303 2346 2500 2408; x_wconf 81' lang='lat' dir='ltr'><strong>oportet</strong></span> <span class='ocrx_word' id='word_1_425' title='bbox 2521 2349 2639 2392; x_wconf 86' lang='lat' dir='ltr'><strong>ante</strong></span> <span class='ocrx_word' id='word_1_426' title='bbox 2659 2338 2880 2392; x_wconf 80' lang='lat' dir='ltr'><strong>tribunal</strong></span> <span class='ocrx_word' id='word_1_427' title='bbox 2907 2324 3116 2404; x_wconf 74' lang='lat' dir='ltr'><strong>Christi,</strong></span> <span class='ocrx_word' id='word_1_428' title='bbox 3145 2347 3199 2393; x_wconf 84' lang='lat' dir='ltr'><strong>ut</strong></span> <span class='ocrx_word' id='word_1_429' title='bbox 3231 2342 3418 2409; x_wconf 75' lang='lat' dir='ltr'><strong>referat</strong></span> <span class='ocrx_word' id='word_1_430' title='bbox 3437 2357 3591 2395; x_wconf 77' lang='lat' dir='ltr'><strong>unus-</strong></span> 
     </span>
    </p>
   </div>
   <div class='ocr_carea' id='block_1_56' title="bbox 2045 2427 3596 2498">
    <p class='ocr_par' dir='ltr' id='par_1_56' title="bbox 2045 2427 3596 2498">
     <span class='ocr_line' id='line_1_56' title="bbox 2045 2427 3596 2498; baseline 0.005 -23"><span class='ocrx_word' id='word_1_431' title='bbox 2045 2427 2250 2496; x_wconf 70' lang='lat' dir='ltr'><strong>quisque</strong></span> <span class='ocrx_word' id='word_1_432' title='bbox 2276 2442 2336 2478; x_wconf 88' lang='lat' dir='ltr'><strong>ea</strong></span> <span class='ocrx_word' id='word_1_433' title='bbox 2373 2441 2487 2496; x_wconf 74' lang='lat' dir='ltr'><strong>qua:</strong></span> <span class='ocrx_word' id='word_1_434' title='bbox 2519 2443 2608 2494; x_wconf 85' lang='lat' dir='ltr'><strong>per</strong></span> <span class='ocrx_word' id='word_1_435' title='bbox 2633 2441 2815 2496; x_wconf 69' lang='lat' dir='ltr'><strong>corpus</strong></span> <span class='ocrx_word' id='word_1_436' title='bbox 2832 2465 2846 2489; x_wconf 95' lang='lat'><strong>,</strong></span> <span class='ocrx_word' id='word_1_437' title='bbox 2887 2436 3036 2496; x_wconf 80' lang='lat' dir='ltr'><strong>prout</strong></span> <span class='ocrx_word' id='word_1_438' title='bbox 3061 2429 3236 2498; x_wconf 76' lang='lat' dir='ltr'><strong>gessit,</strong></span> <span class='ocrx_word' id='word_1_439' title='bbox 3262 2429 3365 2482; x_wconf 78' lang='lat' dir='ltr'><strong>sive</strong></span> <span class='ocrx_word' id='word_1_440' title='bbox 3387 2427 3596 2496; x_wconf 77' lang='lat' dir='ltr'><strong>bonum,</strong></span> 
     </span>
    </p>
   </div>
   <div class='ocr_carea' id='block_1_57' title="bbox 2045 2513 3594 2590">
    <p class='ocr_par' dir='ltr' id='par_1_57' title="bbox 2045 2513 3594 2590">
     <span class='ocr_line' id='line_1_57' title="bbox 2045 2513 3594 2590; baseline 0 -20"><span class='ocrx_word' id='word_1_441' title='bbox 2045 2516 2148 2570; x_wconf 66' lang='lat' dir='ltr'><strong>sire</strong></span> <span class='ocrx_word' id='word_1_442' title='bbox 2174 2514 2361 2568; x_wconf 82' lang='lat' dir='ltr'><strong>malum</strong></span> <span class='ocrx_word' id='word_1_443' title='bbox 2385 2513 2462 2584; x_wconf 87' lang='lat' dir='ltr'><strong>(II</strong></span> <span class='ocrx_word' id='word_1_444' title='bbox 2490 2516 2615 2571; x_wconf 86' lang='lat' dir='ltr'><strong>Cor.</strong></span> <span class='ocrx_word' id='word_1_445' title='bbox 2651 2514 2726 2584; x_wconf 82' lang='lat' dir='ltr'><strong>v).</strong></span> <span class='ocrx_word' id='word_1_446' title='bbox 2758 2513 2865 2568; x_wconf 90' lang='lat' dir='ltr'><strong>Cur</strong></span> <span class='ocrx_word' id='word_1_447' title='bbox 2903 2528 3030 2582; x_wconf 85' lang='lat' dir='ltr'><strong>ergo</strong></span> <span class='ocrx_word' id='word_1_448' title='bbox 3061 2524 3278 2584; x_wconf 86' lang='lat' dir='ltr'><strong>propter</strong></span> <span class='ocrx_word' id='word_1_449' title='bbox 3308 2515 3422 2570; x_wconf 89' lang='lat' dir='ltr'><strong>sola</strong></span> <span class='ocrx_word' id='word_1_450' title='bbox 3463 2531 3594 2590; x_wconf 81' lang='lat' dir='ltr'><strong>pro-</strong></span> 
     </span>
    </p>
   </div>
   <div class='ocr_carea' id='block_1_58' title="bbox 2045 2604 3596 2675">
    <p class='ocr_par' dir='ltr' id='par_1_58' title="bbox 2045 2604 3596 2675">
     <span class='ocr_line' id='line_1_58' title="bbox 2045 2604 3596 2675; baseline 0.001 -17"><span class='ocrx_word' id='word_1_451' title='bbox 2045 2606 2157 2674; x_wconf 88' lang='lat' dir='ltr'><strong>pria</strong></span> <span class='ocrx_word' id='word_1_452' title='bbox 2181 2606 2418 2675; x_wconf 86' lang='lat' dir='ltr'><strong>corporis</strong></span> <span class='ocrx_word' id='word_1_453' title='bbox 2437 2604 2764 2659; x_wconf 75' lang='lat' dir='ltr'><strong>manifestari</strong></span> <span class='ocrx_word' id='word_1_454' title='bbox 2791 2619 2889 2661; x_wconf 90' lang='lat' dir='ltr'><strong>nos</strong></span> <span class='ocrx_word' id='word_1_455' title='bbox 2911 2611 3162 2674; x_wconf 84' lang='lat' dir='ltr'><strong>oportere</strong></span> <span class='ocrx_word' id='word_1_456' title='bbox 3183 2605 3276 2670; x_wconf 86' lang='lat' dir='ltr'><strong>ait,</strong></span> <span class='ocrx_word' id='word_1_457' title='bbox 3300 2621 3399 2660; x_wconf 91' lang='lat' dir='ltr'><strong>nec</strong></span> <span class='ocrx_word' id='word_1_458' title='bbox 3419 2605 3596 2675; x_wconf 81' lang='lat' dir='ltr'><strong>potius</strong></span> 
     </span>
    </p>
   </div>
   <div class='ocr_carea' id='block_1_59' title="bbox 2046 2696 3594 2766">
    <p class='ocr_par' dir='ltr' id='par_1_59' title="bbox 2046 2696 3594 2766">
     <span class='ocr_line' id='line_1_59' title="bbox 2046 2696 3594 2766; baseline -0.001 -16"><span class='ocrx_word' id='word_1_459' title='bbox 2046 2705 2264 2766; x_wconf 86' lang='lat' dir='ltr'><strong>propter</strong></span> <span class='ocrx_word' id='word_1_460' title='bbox 2289 2710 2350 2749; x_wconf 89' lang='lat' dir='ltr'><strong>ea</strong></span> <span class='ocrx_word' id='word_1_461' title='bbox 2375 2697 2536 2750; x_wconf 86' lang='lat' dir='ltr'><strong>etiam</strong></span> <span class='ocrx_word' id='word_1_462' title='bbox 2565 2710 2683 2765; x_wconf 70' lang='lat' dir='ltr'><strong>quae</strong></span> <span class='ocrx_word' id='word_1_463' title='bbox 2721 2702 2845 2749; x_wconf 81' lang='lat' dir='ltr'><strong>ante</strong></span> <span class='ocrx_word' id='word_1_464' title='bbox 2873 2709 3084 2764; x_wconf 85' lang='lat' dir='ltr'><strong>corpus,</strong></span> <span class='ocrx_word' id='word_1_465' title='bbox 3131 2697 3173 2750; x_wconf 90' lang='lat' dir='ltr'><strong>si</strong></span> <span class='ocrx_word' id='word_1_466' title='bbox 3201 2696 3430 2755; x_wconf 89' lang='lat' dir='ltr'><strong>animam</strong></span> <span class='ocrx_word' id='word_1_467' title='bbox 3471 2703 3594 2749; x_wconf 83' lang='lat' dir='ltr'><strong>ante</strong></span> 
     </span>
    </p>
   </div>
   <div class='ocr_carea' id='block_1_60' title="bbox 2044 2784 3594 2854">
    <p class='ocr_par' dir='ltr' id='par_1_60' title="bbox 2044 2784 3594 2854">
     <span class='ocr_line' id='line_1_60' title="bbox 2044 2784 3594 2854; baseline -0.002 -11"><span class='ocrx_word' id='word_1_468' title='bbox 2044 2786 2202 2844; x_wconf 79' lang='lat' dir='ltr'><strong>fuisse</strong></span> <span class='ocrx_word' id='word_1_469' title='bbox 2239 2791 2422 2848; x_wconf 88' lang='lat' dir='ltr'><strong>norat,</strong></span> <span class='ocrx_word' id='word_1_470' title='bbox 2473 2791 2528 2839; x_wconf 91' lang='lat' dir='ltr'><strong>et</strong></span> <span class='ocrx_word' id='word_1_471' title='bbox 2555 2793 2680 2839; x_wconf 90' lang='lat' dir='ltr'><strong>ante</strong></span> <span class='ocrx_word' id='word_1_472' title='bbox 2713 2789 3006 2854; x_wconf 72' lang='lat' dir='ltr'><strong>peccasset</strong></span> <span class='ocrx_word' id='word_1_473' title='bbox 3053 2784 3108 2840; x_wconf 90' lang='lat' dir='ltr'><strong>Si</strong></span> <span class='ocrx_word' id='word_1_474' title='bbox 3139 2801 3262 2841; x_wconf 80' lang='lat' dir='ltr'><strong>vero</strong></span> <span class='ocrx_word' id='word_1_475' title='bbox 3293 2785 3360 2840; x_wconf 95' lang='lat' dir='ltr'><strong>ob</strong></span> <span class='ocrx_word' id='word_1_476' title='bbox 3386 2801 3448 2840; x_wconf 89' lang='lat' dir='ltr'><strong>ea</strong></span> <span class='ocrx_word' id='word_1_477' title='bbox 3477 2784 3594 2840; x_wconf 83' lang='lat' dir='ltr'><strong>sola</strong></span> 
     </span>
    </p>
   </div>
   <div class='ocr_carea' id='block_1_61' title="bbox 2043 2873 3589 2945">
    <p class='ocr_par' dir='ltr' id='par_1_61' title="bbox 2043 2873 3589 2945">
     <span class='ocr_line' id='line_1_61' title="bbox 2043 2873 3589 2945; baseline -0.001 -17"><span class='ocrx_word' id='word_1_478' title='bbox 2043 2891 2158 2945; x_wconf 79' lang='lat' dir='ltr'><strong>quae</strong></span> <span class='ocrx_word' id='word_1_479' title='bbox 2200 2875 2254 2934; x_wconf 89' lang='lat' dir='ltr'><strong>in</strong></span> <span class='ocrx_word' id='word_1_480' title='bbox 2302 2889 2523 2944; x_wconf 84' lang='lat' dir='ltr'><strong>corpore</strong></span> <span class='ocrx_word' id='word_1_481' title='bbox 2557 2875 2836 2942; x_wconf 80' lang='lat' dir='ltr'><strong>gessimus,</strong></span> <span class='ocrx_word' id='word_1_482' title='bbox 2885 2873 3194 2928; x_wconf 85' lang='lat' dir='ltr'><strong>adducimur</strong></span> <span class='ocrx_word' id='word_1_483' title='bbox 3233 2875 3284 2929; x_wconf 91' lang='lat' dir='ltr'><strong>in</strong></span> <span class='ocrx_word' id='word_1_484' title='bbox 3315 2874 3589 2944; x_wconf 89' lang='lat' dir='ltr'><strong>judicium,</strong></span> 
     </span>
    </p>
   </div>
   <div class='ocr_carea' id='block_1_62' title="bbox 2043 2965 3587 3039">
    <p class='ocr_par' dir='ltr' id='par_1_62' title="bbox 2043 2965 3587 3039">
     <span class='ocr_line' id='line_1_62' title="bbox 2043 2965 3587 3039; baseline -0.004 -15"><span class='ocrx_word' id='word_1_485' title='bbox 2043 2981 2151 3024; x_wconf 85' lang='lat' dir='ltr'><strong>non</strong></span> <span class='ocrx_word' id='word_1_486' title='bbox 2178 2965 2362 3035; x_wconf 80' lang='lat' dir='ltr'><strong>utique</strong></span> <span class='ocrx_word' id='word_1_487' title='bbox 2397 2965 2651 3020; x_wconf 86' lang='lat' dir='ltr'><strong>habemus</strong></span> <span class='ocrx_word' id='word_1_488' title='bbox 2686 2965 2955 3034; x_wconf 84' lang='lat' dir='ltr'><strong>antiquius</strong></span> <span class='ocrx_word' id='word_1_489' title='bbox 2995 2981 3220 3039; x_wconf 88' lang='lat' dir='ltr'><strong>corpore</strong></span> <span class='ocrx_word' id='word_1_490' title='bbox 3264 2974 3541 3036; x_wconf 80' lang='lat' dir='ltr'><strong>peccatum</strong></span> <span class='ocrx_word' id='word_1_491' title='bbox 3573 2982 3587 3018; x_wconf 89' lang='lat'><strong>:</strong></span> 
     </span>
    </p>
   </div>
   <div class='ocr_carea' id='block_1_63' title="bbox 390 3049 1937 3136">
    <p class='ocr_par' dir='ltr' id='par_1_63' title="bbox 390 3054 1937 3136">
     <span class='ocr_line' id='line_1_63' title="bbox 390 3054 1937 3136; baseline 0.001 -21"><span class='ocrx_word' id='word_1_492' title='bbox 390 3054 662 3136; x_wconf 65' lang='grc' dir='ltr'><strong>ὖφίστηκεν</strong></span> <span class='ocrx_word' id='word_1_493' title='bbox 693 3059 814 3120; x_wconf 78' lang='grc' dir='ltr'><strong>ὅλως</strong></span> <span class='ocrx_word' id='word_1_494' title='bbox 834 3063 864 3120; x_wconf 80' lang='grc' dir='ltr'><em>ἠ</em></span> <span class='ocrx_word' id='word_1_495' title='bbox 891 3068 982 3116; x_wconf 75' lang='grc' dir='ltr'><strong>τοῦ</strong></span> <span class='ocrx_word' id='word_1_496' title='bbox 1011 3063 1269 3136; x_wconf 69' lang='grc' dir='ltr'><strong>ἀνθρώπου</strong></span> <span class='ocrx_word' id='word_1_497' title='bbox 1302 3062 1451 3133; x_wconf 68' lang='grc' dir='ltr'><strong>ψυχή</strong></span> <span class='ocrx_word' id='word_1_498' title='bbox 1477 3063 1574 3136; x_wconf 86' lang='grc' dir='ltr'><strong>πρὸ</strong></span> <span class='ocrx_word' id='word_1_499' title='bbox 1599 3065 1749 3118; x_wconf 72' lang='grc' dir='ltr'><strong>αὖτοῦ</strong></span> <span class='ocrx_word' id='word_1_500' title='bbox 1768 3104 1783 3128; x_wconf 89' lang='grc'><em>,</em></span> <span class='ocrx_word' id='word_1_501' title='bbox 1826 3064 1937 3123; x_wconf 76' lang='grc' dir='ltr'><strong>πλη-</strong></span> 
     </span>
    </p>
   </div>
   <div class='ocr_carea' id='block_1_64' title="bbox 2038 3049 3589 3136">
    <p class='ocr_par' dir='ltr' id='par_1_64' title="bbox 2043 3049 3589 3133">
     <span class='ocr_line' id='line_1_64' title="bbox 2043 3049 3589 3133; baseline 0.002 -28"><span class='ocrx_word' id='word_1_502' title='bbox 2043 3067 2166 3133; x_wconf 89' lang='lat' dir='ltr'><strong>nam</strong></span> <span class='ocrx_word' id='word_1_503' title='bbox 2197 3053 2414 3111; x_wconf 89' lang='lat' dir='ltr'><strong>omnino</strong></span> <span class='ocrx_word' id='word_1_504' title='bbox 2441 3062 2566 3108; x_wconf 84' lang='lat' dir='ltr'><strong>ante</strong></span> <span class='ocrx_word' id='word_1_505' title='bbox 2601 3053 2654 3108; x_wconf 91' lang='lat' dir='ltr'><strong>id</strong></span> <span class='ocrx_word' id='word_1_506' title='bbox 2692 3069 2798 3112; x_wconf 89' lang='lat' dir='ltr'><strong>non</strong></span> <span class='ocrx_word' id='word_1_507' title='bbox 2835 3055 3076 3113; x_wconf 85' lang='lat' dir='ltr'><strong>constitit</strong></span> <span class='ocrx_word' id='word_1_508' title='bbox 3119 3055 3347 3120; x_wconf 76' lang='lat' dir='ltr'><strong>hominis</strong></span> <span class='ocrx_word' id='word_1_509' title='bbox 3393 3049 3589 3116; x_wconf 76' lang='lat' dir='ltr'><strong>anima.</strong></span> 
     </span>
    </p>
   </div>
   <div class='ocr_carea' id='block_1_65' title="bbox 391 3149 1940 3234">
    <p class='ocr_par' dir='ltr' id='par_1_65' title="bbox 391 3149 1940 3234">
     <span class='ocr_line' id='line_1_65' title="bbox 391 3149 1940 3234; baseline 0.004 -32"><span class='ocrx_word' id='word_1_510' title='bbox 391 3157 591 3234; x_wconf 73' lang='grc' dir='ltr'><strong>ροφορεί</strong></span> <span class='ocrx_word' id='word_1_511' title='bbox 613 3149 664 3204; x_wconf 67' lang='grc' dir='ltr'><strong>δέ</strong></span> <span class='ocrx_word' id='word_1_512' title='bbox 691 3152 814 3234; x_wconf 81' lang='grc' dir='ltr'><strong>πρὸς</strong></span> <span class='ocrx_word' id='word_1_513' title='bbox 844 3157 992 3205; x_wconf 78' lang='grc' dir='ltr'><strong>τοῦτο</strong></span> <span class='ocrx_word' id='word_1_514' title='bbox 1011 3153 1142 3220; x_wconf 73' lang='grc' dir='ltr'><strong>ἡμᾶς</strong></span> <span class='ocrx_word' id='word_1_515' title='bbox 1162 3153 1244 3206; x_wconf 79' lang='grc' dir='ltr'><strong>καί</strong></span> <span class='ocrx_word' id='word_1_516' title='bbox 1268 3155 1298 3210; x_wconf 77' lang='grc' dir='ltr'>ἡ</span> <span class='ocrx_word' id='word_1_517' title='bbox 1325 3159 1414 3207; x_wconf 82' lang='grc' dir='ltr'><strong>τοῦ</strong></span> <span class='ocrx_word' id='word_1_518' title='bbox 1433 3160 1630 3223; x_wconf 85' lang='grc' dir='ltr'><strong>νομικοῦ</strong></span> <span class='ocrx_word' id='word_1_519' title='bbox 1653 3155 1940 3230; x_wconf 76' lang='grc' dir='ltr'><strong>γράμματος</strong></span> 
     </span>
    </p>
   </div>
   <div class='ocr_carea' id='block_1_66' title="bbox 391 3239 1942 3319">
    <p class='ocr_par' dir='ltr' id='par_1_66' title="bbox 391 3239 1942 3318">
     <span class='ocr_line' id='line_1_66' title="bbox 391 3239 1942 3318; baseline 0.002 -27"><span class='ocrx_word' id='word_1_520' title='bbox 391 3239 622 3308; x_wconf 62' lang='grc' dir='ltr'><strong>δύναμις.</strong></span> <span class='ocrx_word' id='word_1_521' title='bbox 653 3241 708 3292; x_wconf 82' lang='grc' dir='ltr'><strong>Εἰ</strong></span> <span class='ocrx_word' id='word_1_522' title='bbox 747 3243 876 3312; x_wconf 77' lang='grc' dir='ltr'><strong>γάρ,</strong></span> <span class='ocrx_word' id='word_1_523' title='bbox 917 3242 984 3299; x_wconf 83' lang='grc' dir='ltr'><strong>ὥς</strong></span> <span class='ocrx_word' id='word_1_524' title='bbox 1019 3261 1163 3312; x_wconf 68' lang='grc' dir='ltr'><strong>φησιν</strong></span> <span class='ocrx_word' id='word_1_525' title='bbox 1193 3240 1218 3294; x_wconf 81' lang='lat'><strong>6</strong></span> <span class='ocrx_word' id='word_1_526' title='bbox 1251 3245 1623 3308; x_wconf 72' lang='grc' dir='ltr'><strong>πεπλανημένος</strong></span> <span class='ocrx_word' id='word_1_527' title='bbox 1661 3244 1942 3318; x_wconf 71' lang='grc' dir='ltr'><strong>Ὠριγένης,</strong></span> 
     </span>
    </p>
   </div>
   <div class='ocr_carea' id='block_1_67' title="bbox 393 3328 1945 3401">
    <p class='ocr_par' dir='ltr' id='par_1_67' title="bbox 393 3328 1945 3401">
     <span class='ocr_line' id='line_1_67' title="bbox 393 3328 1945 3401; baseline 0.004 -23"><span class='ocrx_word' id='word_1_528' title='bbox 393 3328 445 3378; x_wconf 67' lang='grc' dir='ltr'><strong>ἐκ</strong></span> <span class='ocrx_word' id='word_1_529' title='bbox 469 3333 566 3380; x_wconf 79' lang='grc' dir='ltr'><strong>τῶν</strong></span> <span class='ocrx_word' id='word_1_530' title='bbox 583 3329 982 3400; x_wconf 71' lang='grc' dir='ltr'><strong>προγενεστέρων</strong></span> <span class='ocrx_word' id='word_1_531' title='bbox 1003 3329 1540 3401; x_wconf 69' lang='grc' dir='ltr'><strong>ἁμαρτημάτων,λόνῳ</strong></span> <span class='ocrx_word' id='word_1_532' title='bbox 1565 3331 1815 3389; x_wconf 76' lang='grc' dir='ltr'><strong>κολάσεως</strong></span> <span class='ocrx_word' id='word_1_533' title='bbox 1835 3331 1945 3387; x_wconf 73' lang='grc' dir='ltr'><strong>ἤτοι</strong></span> 
     </span>
    </p>
   </div>
   <div class='ocr_carea' id='block_1_68' title="bbox 393 3412 1942 3488">
    <p class='ocr_par' dir='ltr' id='par_1_68' title="bbox 393 3412 1942 3488">
     <span class='ocr_line' id='line_1_68' title="bbox 393 3412 1942 3488; baseline 0.002 -22"><span class='ocrx_word' id='word_1_534' title='bbox 393 3415 630 3485; x_wconf 73' lang='grc' dir='ltr'><strong>τιμωρίας</strong></span> <span class='ocrx_word' id='word_1_535' title='bbox 669 3412 865 3476; x_wconf 75' lang='grc' dir='ltr'><strong>ὶδέξατο</strong></span> <span class='ocrx_word' id='word_1_536' title='bbox 907 3415 964 3468; x_wconf 78' lang='grc' dir='ltr'><strong>τὸ</strong></span> <span class='ocrx_word' id='word_1_537' title='bbox 1002 3422 1151 3484; x_wconf 85' lang='grc' dir='ltr'><strong>σῶμα</strong></span> <span class='ocrx_word' id='word_1_538' title='bbox 1195 3419 1225 3474; x_wconf 78' lang='grc' dir='ltr'><strong>ἦ</strong></span> <span class='ocrx_word' id='word_1_539' title='bbox 1267 3415 1450 3488; x_wconf 71' lang='grc' dir='ltr'><strong>ψυχή,</strong></span> <span class='ocrx_word' id='word_1_540' title='bbox 1491 3415 1572 3470; x_wconf 84' lang='grc' dir='ltr'><strong>διά</strong></span> <span class='ocrx_word' id='word_1_541' title='bbox 1610 3419 1752 3470; x_wconf 82' lang='grc' dir='ltr'><strong>ποίαν</strong></span> <span class='ocrx_word' id='word_1_542' title='bbox 1781 3420 1942 3472; x_wconf 78' lang='grc' dir='ltr'><strong>αἰτίαν</strong></span> 
     </span>
    </p>
   </div>
   <div class='ocr_carea' id='block_1_69' title="bbox 393 3503 1943 3582">
    <p class='ocr_par' dir='ltr' id='par_1_69' title="bbox 393 3503 1943 3582">
     <span class='ocr_line' id='line_1_69' title="bbox 393 3503 1943 3582; baseline 0.003 -26"><span class='ocrx_word' id='word_1_543' title='bbox 393 3503 629 3564; x_wconf 57' lang='lat' dir='ltr'><strong>similae:</strong></span> <span class='ocrx_word' id='word_1_544' title='bbox 673 3505 877 3559; x_wconf 67' lang='grc' dir='ltr'><strong>θάνατον</strong></span> <span class='ocrx_word' id='word_1_545' title='bbox 902 3513 1007 3565; x_wconf 88' lang='grc' dir='ltr'><strong>τοῖς</strong></span> <span class='ocrx_word' id='word_1_546' title='bbox 1051 3507 1418 3582; x_wconf 74' lang='grc' dir='ltr'><strong>ἁμαρτάνουσιν</strong></span> <span class='ocrx_word' id='word_1_547' title='bbox 1439 3503 1599 3570; x_wconf 75' lang='grc' dir='ltr'><strong>ς”Εδει</strong></span> <span class='ocrx_word' id='word_1_548' title='bbox 1634 3515 1731 3580; x_wconf 75' lang='grc' dir='ltr'><strong>γὰρ</strong></span> <span class='ocrx_word' id='word_1_549' title='bbox 1762 3509 1943 3579; x_wconf 71' lang='grc' dir='ltr'><strong>μᾶλλον</strong></span> 
     </span>
    </p>
   </div>
   <div class='ocr_carea' id='block_1_70' title="bbox 387 3591 1944 3669">
    <p class='ocr_par' dir='ltr' id='par_1_70' title="bbox 387 3591 1944 3669">
     <span class='ocr_line' id='line_1_70' title="bbox 387 3591 1944 3669; baseline 0.002 -22"><span class='ocrx_word' id='word_1_550' title='bbox 387 3595 505 3652; x_wconf 70' lang='grc' dir='ltr'><strong>τοὺς</strong></span> <span class='ocrx_word' id='word_1_551' title='bbox 535 3591 754 3654; x_wconf 76' lang='grc' dir='ltr'><strong>δικαίους</strong></span> <span class='ocrx_word' id='word_1_552' title='bbox 785 3595 1129 3656; x_wconf 74' lang='grc' dir='ltr'><strong>ἀποθνήσκειν,</strong></span> <span class='ocrx_word' id='word_1_553' title='bbox 1167 3595 1248 3648; x_wconf 80' lang='grc' dir='ltr'><strong>ἵνα</strong></span> <span class='ocrx_word' id='word_1_554' title='bbox 1277 3594 1684 3650; x_wconf 80' lang='grc' dir='ltr'><strong>ἀπαλλάττωνται</strong></span> <span class='ocrx_word' id='word_1_555' title='bbox 1707 3603 1804 3669; x_wconf 84' lang='grc' dir='ltr'><strong>τῶν</strong></span> <span class='ocrx_word' id='word_1_556' title='bbox 1833 3595 1944 3650; x_wconf 85' lang='grc' dir='ltr'><strong>δεσ-</strong></span> 
     </span>
    </p>
   </div>
   <div class='ocr_carea' id='block_1_71' title="bbox 385 3685 1944 3762">
    <p class='ocr_par' dir='ltr' id='par_1_71' title="bbox 385 3685 1944 3762">
     <span class='ocr_line' id='line_1_71' title="bbox 385 3685 1944 3762; baseline 0.003 -26"><span class='ocrx_word' id='word_1_557' title='bbox 385 3691 510 3749; x_wconf 75' lang='grc' dir='ltr'><strong>μῶν,</strong></span> <span class='ocrx_word' id='word_1_558' title='bbox 535 3687 728 3744; x_wconf 79' lang='grc' dir='ltr'><strong>καὶτῆς</strong></span> <span class='ocrx_word' id='word_1_559' title='bbox 757 3688 1028 3757; x_wconf 75' lang='grc' dir='ltr'><strong>τιμωρίας.</strong></span> <span class='ocrx_word' id='word_1_560' title='bbox 1060 3690 1144 3758; x_wconf 70' lang='grc' dir='ltr'><strong>ζῇν</strong></span> <span class='ocrx_word' id='word_1_561' title='bbox 1180 3685 1232 3740; x_wconf 78' lang='grc' dir='ltr'><strong>δί</strong></span> <span class='ocrx_word' id='word_1_562' title='bbox 1261 3689 1378 3746; x_wconf 80' lang='grc' dir='ltr'><strong>τοὺς</strong></span> <span class='ocrx_word' id='word_1_563' title='bbox 1413 3685 1728 3762; x_wconf 76' lang='grc' dir='ltr'><strong>ἀλιτηρίους,</strong></span> <span class='ocrx_word' id='word_1_564' title='bbox 1754 3689 1832 3740; x_wconf 74' lang='grc' dir='ltr'><strong>ἵνα</strong></span> <span class='ocrx_word' id='word_1_565' title='bbox 1867 3707 1944 3740; x_wconf 80' lang='grc' dir='ltr'><strong>κο-</strong></span> 
     </span>
    </p>
   </div>
   <div class='ocr_carea' id='block_1_72' title="bbox 383 3775 1586 3847">
    <p class='ocr_par' dir='ltr' id='par_1_72' title="bbox 383 3775 1586 3847">
     <span class='ocr_line' id='line_1_72' title="bbox 383 3775 1586 3847; baseline 0.001 -21"><span class='ocrx_word' id='word_1_566' title='bbox 383 3777 626 3838; x_wconf 77' lang='grc' dir='ltr'><strong>λάζωνται</strong></span> <span class='ocrx_word' id='word_1_567' title='bbox 645 3780 712 3844; x_wconf 68' lang='grc' dir='ltr'><strong>μή</strong></span> <span class='ocrx_word' id='word_1_568' title='bbox 735 3775 1158 3846; x_wconf 80' lang='grc' dir='ltr'><strong>ἀπαλλαττόμενοι</strong></span> <span class='ocrx_word' id='word_1_569' title='bbox 1183 3784 1281 3831; x_wconf 84' lang='grc' dir='ltr'><strong>τῶν</strong></span> <span class='ocrx_word' id='word_1_570' title='bbox 1312 3775 1526 3847; x_wconf 81' lang='grc' dir='ltr'><strong>δεσμῶν.</strong></span> <span class='ocrx_word' id='word_1_571' title='bbox 1569 3793 1586 3827; x_wconf 74' lang='grc' dir='ltr'><strong>ι</strong></span> 
     </span>
    </p>
   </div>
   <div class='ocr_carea' id='block_1_73' title="bbox 447 3862 1939 3936">
    <p class='ocr_par' dir='ltr' id='par_1_73' title="bbox 447 3862 1939 3936">
     <span class='ocr_line' id='line_1_73' title="bbox 447 3862 1939 3936; baseline 0.001 -20"><span class='ocrx_word' id='word_1_572' title='bbox 447 3871 526 3916; x_wconf 84' lang='grc' dir='ltr'><strong>Ἐκ</strong></span> <span class='ocrx_word' id='word_1_573' title='bbox 573 3873 664 3922; x_wconf 78' lang='grc' dir='ltr'><strong>τῆς</strong></span> <span class='ocrx_word' id='word_1_574' title='bbox 719 3865 997 3924; x_wconf 64' lang='grc' dir='ltr'><strong>ἔκτεθείσης</strong></span> <span class='ocrx_word' id='word_1_575' title='bbox 1055 3865 1160 3920; x_wconf 73' lang='grc' dir='ltr'><strong>ὑπὸ</strong></span> <span class='ocrx_word' id='word_1_576' title='bbox 1197 3871 1294 3916; x_wconf 78' lang='grc' dir='ltr'><strong>τῶν</strong></span> <span class='ocrx_word' id='word_1_577' title='bbox 1348 3862 1456 3920; x_wconf 80' lang='grc' dir='ltr'><strong>κατ’</strong></span> <span class='ocrx_word' id='word_1_578' title='bbox 1505 3863 1796 3936; x_wconf 63' lang='grc' dir='ltr'><strong>Αὖχυπτον,</strong></span> <span class='ocrx_word' id='word_1_579' title='bbox 1855 3868 1939 3919; x_wconf 83' lang='grc' dir='ltr'><strong>καί</strong></span> 
     </span>
    </p>
   </div>
   <div class='ocr_carea' id='block_1_74' title="bbox 379 3950 1938 4025">
    <p class='ocr_par' dir='ltr' id='par_1_74' title="bbox 379 3950 1938 4025">
     <span class='ocr_line' id='line_1_74' title="bbox 379 3950 1938 4025; baseline -0.001 -21"><span class='ocrx_word' id='word_1_580' title='bbox 379 3951 734 4025; x_wconf 69' lang='grc' dir='ltr'><strong>’Δλεξάν“ρειαν</strong></span> <span class='ocrx_word' id='word_1_581' title='bbox 777 3950 1060 4009; x_wconf 65' lang='grc' dir='ltr'><strong>ἐπισκόπων</strong></span> <span class='ocrx_word' id='word_1_582' title='bbox 1103 3950 1365 4011; x_wconf 55' lang='grc' dir='ltr'><strong>συνοδικῆς</strong></span> <span class='ocrx_word' id='word_1_583' title='bbox 1393 3951 1655 4011; x_wconf 80' lang='grc' dir='ltr'><strong>ἐπιστολῆς</strong></span> <span class='ocrx_word' id='word_1_584' title='bbox 1682 3953 1812 4007; x_wconf 85' lang='grc' dir='ltr'><strong>κατά</strong></span> <span class='ocrx_word' id='word_1_585' title='bbox 1840 3958 1938 4006; x_wconf 77' lang='grc' dir='ltr'><strong>τῶν</strong></span> 
     </span>
    </p>
   </div>
   <div class='ocr_carea' id='block_1_75' title="bbox 379 4034 1936 4116">
    <p class='ocr_par' dir='ltr' id='par_1_75' title="bbox 379 4034 1936 4116">
     <span class='ocr_line' id='line_1_75' title="bbox 379 4034 1936 4116; baseline 0.003 -27"><span class='ocrx_word' id='word_1_586' title='bbox 379 4034 660 4116; x_wconf 76' lang='grc' dir='ltr'><strong>Ὠριγένους</strong></span> <span class='ocrx_word' id='word_1_587' title='bbox 683 4038 966 4109; x_wconf 62' lang='grc' dir='ltr'><strong>δογμάτων</strong></span> <span class='ocrx_word' id='word_1_588' title='bbox 990 4057 1005 4085; x_wconf 85' lang='grc' dir='ltr'><strong>ι</strong></span> <span class='ocrx_word' id='word_1_589' title='bbox 1027 4036 1184 4098; x_wconf 73' lang='grc' dir='ltr'><strong>Οὗτος</strong></span> <span class='ocrx_word' id='word_1_590' title='bbox 1214 4041 1371 4093; x_wconf 85' lang='grc' dir='ltr'><strong>τοίνυν</strong></span> <span class='ocrx_word' id='word_1_591' title='bbox 1397 4039 1422 4094; x_wconf 85' lang='grc' dir='ltr'>ὁ</span> <span class='ocrx_word' id='word_1_592' title='bbox 1461 4042 1775 4112; x_wconf 71' lang='grc' dir='ltr'><strong>προκείμενος</strong></span> <span class='ocrx_word' id='word_1_593' title='bbox 1805 4039 1936 4116; x_wconf 82' lang='grc' dir='ltr'><strong>Ὠρι-</strong></span> 
     </span>
    </p>
   </div>
   <div class='ocr_carea' id='block_1_76' title="bbox 379 4126 1936 4200">
    <p class='ocr_par' dir='ltr' id='par_1_76' title="bbox 379 4126 1936 4200">
     <span class='ocr_line' id='line_1_76' title="bbox 379 4126 1936 4200; baseline 0.003 -22"><span class='ocrx_word' id='word_1_594' title='bbox 379 4129 539 4194; x_wconf 67' lang='grc' dir='ltr'><strong>νίνης,</strong></span> <span class='ocrx_word' id='word_1_595' title='bbox 570 4128 794 4200; x_wconf 64' lang='grc' dir='ltr'><strong>καθάπερ</strong></span> <span class='ocrx_word' id='word_1_596' title='bbox 821 4129 877 4181; x_wconf 83' lang='grc' dir='ltr'><strong>τὸ</strong></span> <span class='ocrx_word' id='word_1_597' title='bbox 898 4135 986 4186; x_wconf 82' lang='grc' dir='ltr'><strong>τῆς</strong></span> <span class='ocrx_word' id='word_1_598' title='bbox 1017 4128 1312 4200; x_wconf 81' lang='grc' dir='ltr'><strong>ἐρημώσεως</strong></span> <span class='ocrx_word' id='word_1_599' title='bbox 1339 4126 1590 4196; x_wconf 72' lang='grc' dir='ltr'><strong>βδέλυγμα</strong></span> <span class='ocrx_word' id='word_1_600' title='bbox 1613 4129 1662 4179; x_wconf 82' lang='grc' dir='ltr'><strong>ἐν</strong></span> <span class='ocrx_word' id='word_1_601' title='bbox 1682 4129 1823 4198; x_wconf 73' lang='grc' dir='ltr'><strong>μέσῳ</strong></span> <span class='ocrx_word' id='word_1_602' title='bbox 1846 4135 1936 4188; x_wconf 60' lang='grc' dir='ltr'><strong>’βῆς</strong></span> 
     </span>
    </p>
   </div>
   <div class='ocr_carea' id='block_1_77' title="bbox 379 4215 1934 4294">
    <p class='ocr_par' dir='ltr' id='par_1_77' title="bbox 379 4215 1934 4294">
     <span class='ocr_line' id='line_1_77' title="bbox 379 4215 1934 4294; baseline 0.002 -29"><span class='ocrx_word' id='word_1_603' title='bbox 379 4215 582 4276; x_wconf 75' lang='grc' dir='ltr'><strong>ἀληθοῦς</strong></span> <span class='ocrx_word' id='word_1_604' title='bbox 611 4215 874 4274; x_wconf 75' lang='grc' dir='ltr'><strong>ἐκκλησίας</strong></span> <span class='ocrx_word' id='word_1_605' title='bbox 899 4217 1180 4288; x_wconf 71' lang='grc' dir='ltr'><strong>γεγένηται.</strong></span> <span class='ocrx_word' id='word_1_606' title='bbox 1210 4218 1308 4268; x_wconf 77' lang='grc' dir='ltr'><strong>Καὶ</strong></span> <span class='ocrx_word' id='word_1_607' title='bbox 1329 4216 1672 4294; x_wconf 64' lang='grc' dir='ltr'><strong>πρεσϐρτερος</strong></span> <span class='ocrx_word' id='word_1_608' title='bbox 1698 4234 1934 4288; x_wconf 61' lang='grc' dir='ltr'><strong>χειροτοσ</strong></span> 
     </span>
    </p>
   </div>
   <div class='ocr_carea' id='block_1_78' title="bbox 373 4303 1930 4379">
    <p class='ocr_par' dir='ltr' id='par_1_78' title="bbox 373 4303 1930 4379">
     <span class='ocr_line' id='line_1_78' title="bbox 373 4303 1930 4379; baseline 0.003 -24"><span class='ocrx_word' id='word_1_609' title='bbox 373 4305 526 4362; x_wconf 63' lang='lat' dir='ltr'><strong>men;</strong></span> <span class='ocrx_word' id='word_1_610' title='bbox 554 4303 654 4356; x_wconf 80' lang='grc' dir='ltr'><strong>ὑπό</strong></span> <span class='ocrx_word' id='word_1_611' title='bbox 682 4312 770 4364; x_wconf 78' lang='grc' dir='ltr'><strong>τῆς</strong></span> <span class='ocrx_word' id='word_1_612' title='bbox 801 4312 1052 4363; x_wconf 73' lang='grc' dir='ltr'><strong>κανωικῆς</strong></span> <span class='ocrx_word' id='word_1_613' title='bbox 1078 4323 1161 4366; x_wconf 81' lang='grc' dir='ltr'><strong>τε,</strong></span> <span class='ocrx_word' id='word_1_614' title='bbox 1194 4306 1277 4357; x_wconf 83' lang='grc' dir='ltr'><strong>καί</strong></span> <span class='ocrx_word' id='word_1_615' title='bbox 1317 4309 1434 4372; x_wconf 79' lang='grc' dir='ltr'><strong>μιᾶς</strong></span> <span class='ocrx_word' id='word_1_616' title='bbox 1463 4305 1638 4379; x_wconf 82' lang='grc' dir='ltr'><strong>χειρὸς</strong></span> <span class='ocrx_word' id='word_1_617' title='bbox 1675 4305 1930 4372; x_wconf 73' lang='grc' dir='ltr'><strong>ἀληθινῆς,</strong></span> 
     </span>
    </p>
   </div>
   <div class='ocr_carea' id='block_1_79' title="bbox 2042 3140 3590 3212">
    <p class='ocr_par' dir='ltr' id='par_1_79' title="bbox 2042 3140 3590 3212">
     <span class='ocr_line' id='line_1_79' title="bbox 2042 3140 3590 3212; baseline 0.003 -18"><span class='ocrx_word' id='word_1_618' title='bbox 2042 3140 2156 3196; x_wconf 82' lang='lat' dir='ltr'><strong>Hoc</strong></span> <span class='ocrx_word' id='word_1_619' title='bbox 2175 3157 2336 3211; x_wconf 85' lang='lat' dir='ltr'><strong>porro</strong></span> <span class='ocrx_word' id='word_1_620' title='bbox 2352 3143 2566 3212; x_wconf 87' lang='lat' dir='ltr'><strong>planum</strong></span> <span class='ocrx_word' id='word_1_621' title='bbox 2587 3141 2712 3200; x_wconf 76' lang='lat' dir='ltr'><strong>facit</strong></span> <span class='ocrx_word' id='word_1_622' title='bbox 2739 3151 2792 3202; x_wconf 88' lang='lat' dir='ltr'><strong>et</strong></span> <span class='ocrx_word' id='word_1_623' title='bbox 2818 3143 3002 3212; x_wconf 79' lang='lat' dir='ltr'><strong>legalis</strong></span> <span class='ocrx_word' id='word_1_624' title='bbox 3028 3143 3215 3207; x_wconf 75' lang='lat' dir='ltr'><strong>littera:</strong></span> <span class='ocrx_word' id='word_1_625' title='bbox 3231 3146 3326 3201; x_wconf 86' lang='lat' dir='ltr'><strong>vis.</strong></span> <span class='ocrx_word' id='word_1_626' title='bbox 3354 3144 3410 3200; x_wconf 91' lang='lat' dir='ltr'><strong>Si</strong></span> <span class='ocrx_word' id='word_1_627' title='bbox 3425 3146 3590 3210; x_wconf 75' lang='lat' dir='ltr'><strong>enim,</strong></span> 
     </span>
    </p>
   </div>
   <div class='ocr_carea' id='block_1_80' title="bbox 2043 3231 3587 3304">
    <p class='ocr_par' dir='ltr' id='par_1_80' title="bbox 2043 3231 3587 3304">
     <span class='ocr_line' id='line_1_80' title="bbox 2043 3231 3587 3304; baseline 0.003 -20"><span class='ocrx_word' id='word_1_628' title='bbox 2043 3240 2100 3284; x_wconf 90' lang='lat' dir='ltr'><strong>ut</strong></span> <span class='ocrx_word' id='word_1_629' title='bbox 2126 3231 2256 3286; x_wconf 91' lang='lat' dir='ltr'><strong>dicit</strong></span> <span class='ocrx_word' id='word_1_630' title='bbox 2275 3231 2599 3287; x_wconf 87' lang='lat' dir='ltr'><strong>errabundus</strong></span> <span class='ocrx_word' id='word_1_631' title='bbox 2625 3231 2898 3302; x_wconf 82' lang='lat' dir='ltr'><strong>Origenes,</strong></span> <span class='ocrx_word' id='word_1_632' title='bbox 2921 3233 2990 3288; x_wconf 89' lang='lat' dir='ltr'><strong>ob</strong></span> <span class='ocrx_word' id='word_1_633' title='bbox 3005 3235 3280 3304; x_wconf 86' lang='lat' dir='ltr'><strong>superiora</strong></span> <span class='ocrx_word' id='word_1_634' title='bbox 3310 3234 3587 3290; x_wconf 84' lang='lat' dir='ltr'><strong>commissa</strong></span> 
     </span>
    </p>
   </div>
   <div class='ocr_carea' id='block_1_81' title="bbox 2044 3319 3589 3392">
    <p class='ocr_par' dir='ltr' id='par_1_81' title="bbox 2044 3319 3589 3392">
     <span class='ocr_line' id='line_1_81' title="bbox 2044 3319 3589 3392; baseline 0.004 -22"><span class='ocrx_word' id='word_1_635' title='bbox 2044 3319 2095 3370; x_wconf 92' lang='lat' dir='ltr'><strong>in</strong></span> <span class='ocrx_word' id='word_1_636' title='bbox 2146 3319 2386 3386; x_wconf 84' lang='lat' dir='ltr'><strong>supplicii</strong></span> <span class='ocrx_word' id='word_1_637' title='bbox 2431 3335 2497 3374; x_wconf 90' lang='lat' dir='ltr'><strong>ae</strong></span> <span class='ocrx_word' id='word_1_638' title='bbox 2541 3335 2709 3388; x_wconf 62' lang='lat' dir='ltr'><strong>parum</strong></span> <span class='ocrx_word' id='word_1_639' title='bbox 2753 3322 2873 3376; x_wconf 94' lang='lat' dir='ltr'><strong>loco</strong></span> <span class='ocrx_word' id='word_1_640' title='bbox 2918 3322 3091 3376; x_wconf 87' lang='lat' dir='ltr'><strong>anima</strong></span> <span class='ocrx_word' id='word_1_641' title='bbox 3137 3337 3329 3391; x_wconf 88' lang='lat' dir='ltr'><strong>corpus</strong></span> <span class='ocrx_word' id='word_1_642' title='bbox 3365 3327 3589 3392; x_wconf 84' lang='lat' dir='ltr'><strong>accepit,</strong></span> 
     </span>
    </p>
   </div>
   <div class='ocr_carea' id='block_1_82' title="bbox 2041 3407 3591 3474">
    <p class='ocr_par' dir='ltr' id='par_1_82' title="bbox 2041 3407 3591 3474">
     <span class='ocr_line' id='line_1_82' title="bbox 2041 3407 3591 3474; baseline 0.004 -14"><span class='ocrx_word' id='word_1_643' title='bbox 2041 3407 2384 3473; x_wconf 86' lang='lat' dir='ltr'><strong>quamobrem</strong></span> <span class='ocrx_word' id='word_1_644' title='bbox 2413 3407 2685 3474; x_wconf 82' lang='lat' dir='ltr'><strong>ﬂagitiosis</strong></span> <span class='ocrx_word' id='word_1_645' title='bbox 2723 3424 2786 3464; x_wconf 89' lang='lat' dir='ltr'><strong>ac</strong></span> <span class='ocrx_word' id='word_1_646' title='bbox 2813 3411 3084 3465; x_wconf 88' lang='lat' dir='ltr'><strong>sceleratis</strong></span> <span class='ocrx_word' id='word_1_647' title='bbox 3112 3423 3338 3472; x_wconf 86' lang='lat' dir='ltr'><strong>mortem</strong></span> <span class='ocrx_word' id='word_1_648' title='bbox 3365 3413 3591 3467; x_wconf 88' lang='lat' dir='ltr'><strong>commi-</strong></span> 
     </span>
    </p>
   </div>
   <div class='ocr_carea' id='block_1_83' title="bbox 2041 3494 3590 3569">
    <p class='ocr_par' dir='ltr' id='par_1_83' title="bbox 2041 3494 3590 3569">
     <span class='ocr_line' id='line_1_83' title="bbox 2041 3494 3590 3569; baseline 0.007 -25"><span class='ocrx_word' id='word_1_649' title='bbox 2041 3501 2164 3546; x_wconf 85' lang='lat' dir='ltr'><strong>nata</strong></span> <span class='ocrx_word' id='word_1_650' title='bbox 2187 3495 2306 3548; x_wconf 87' lang='lat' dir='ltr'><strong>est?</strong></span> <span class='ocrx_word' id='word_1_651' title='bbox 2349 3494 2516 3561; x_wconf 83' lang='lat' dir='ltr'><strong>Magis</strong></span> <span class='ocrx_word' id='word_1_652' title='bbox 2544 3496 2683 3550; x_wconf 89' lang='lat' dir='ltr'><strong>enim</strong></span> <span class='ocrx_word' id='word_1_653' title='bbox 2720 3507 3064 3566; x_wconf 81' lang='lat' dir='ltr'><strong>Oportuerat,</strong></span> <span class='ocrx_word' id='word_1_654' title='bbox 3113 3501 3282 3556; x_wconf 90' lang='lat' dir='ltr'><strong>bonos</strong></span> <span class='ocrx_word' id='word_1_655' title='bbox 3317 3515 3381 3556; x_wconf 88' lang='lat' dir='ltr'><strong>ac</strong></span> <span class='ocrx_word' id='word_1_656' title='bbox 3415 3501 3590 3569; x_wconf 77' lang='lat' dir='ltr'><strong>justus</strong></span> 
     </span>
    </p>
   </div>
   <div class='ocr_carea' id='block_1_84' title="bbox 2040 3585 3589 3660">
    <p class='ocr_par' dir='ltr' id='par_1_84' title="bbox 2040 3585 3589 3660">
     <span class='ocr_line' id='line_1_84' title="bbox 2040 3585 3589 3660; baseline 0.006 -23"><span class='ocrx_word' id='word_1_657' title='bbox 2040 3585 2184 3638; x_wconf 83' lang='lat' dir='ltr'><strong>viros</strong></span> <span class='ocrx_word' id='word_1_658' title='bbox 2211 3594 2436 3640; x_wconf 88' lang='lat' dir='ltr'><strong>mortem</strong></span> <span class='ocrx_word' id='word_1_659' title='bbox 2461 3595 2738 3655; x_wconf 85' lang='lat' dir='ltr'><strong>oppetere,</strong></span> <span class='ocrx_word' id='word_1_660' title='bbox 2765 3597 2823 3642; x_wconf 91' lang='lat' dir='ltr'><strong>ut</strong></span> <span class='ocrx_word' id='word_1_661' title='bbox 2848 3589 3069 3644; x_wconf 77' lang='lat' dir='ltr'><strong>vinculis</strong></span> <span class='ocrx_word' id='word_1_662' title='bbox 3097 3599 3151 3644; x_wconf 90' lang='lat' dir='ltr'><strong>et</strong></span> <span class='ocrx_word' id='word_1_663' title='bbox 3176 3591 3436 3660; x_wconf 86' lang='lat' dir='ltr'><strong>supplicio</strong></span> <span class='ocrx_word' id='word_1_664' title='bbox 3465 3592 3589 3646; x_wconf 83' lang='lat' dir='ltr'><strong>libe-</strong></span> 
     </span>
    </p>
   </div>
   <div class='ocr_carea' id='block_1_85' title="bbox 2039 3675 3589 3748">
    <p class='ocr_par' dir='ltr' id='par_1_85' title="bbox 2039 3675 3589 3748">
     <span class='ocr_line' id='line_1_85' title="bbox 2039 3675 3589 3748; baseline 0.006 -22"><span class='ocrx_word' id='word_1_665' title='bbox 2039 3681 2287 3728; x_wconf 87' lang='lat' dir='ltr'><strong>rarentur</strong></span> <span class='ocrx_word' id='word_1_666' title='bbox 2333 3691 2346 3726; x_wconf 89' lang='lat'><strong>:</strong></span> <span class='ocrx_word' id='word_1_667' title='bbox 2387 3675 2565 3729; x_wconf 85' lang='lat' dir='ltr'><strong>vivere</strong></span> <span class='ocrx_word' id='word_1_668' title='bbox 2606 3686 2792 3731; x_wconf 87' lang='lat' dir='ltr'><strong>contra</strong></span> <span class='ocrx_word' id='word_1_669' title='bbox 2831 3679 3086 3741; x_wconf 83' lang='lat' dir='ltr'><strong>scelestos</strong></span> <span class='ocrx_word' id='word_1_670' title='bbox 3126 3695 3189 3743; x_wconf 84' lang='lat' dir='ltr'><strong>ac</strong></span> <span class='ocrx_word' id='word_1_671' title='bbox 3217 3679 3484 3748; x_wconf 79' lang='lat' dir='ltr'><strong>nefarios,</strong></span> <span class='ocrx_word' id='word_1_672' title='bbox 3530 3690 3589 3734; x_wconf 87' lang='lat' dir='ltr'><strong>ut</strong></span> 
     </span>
    </p>
   </div>
   <div class='ocr_carea' id='block_1_86' title="bbox 2039 3759 3579 3834">
    <p class='ocr_par' dir='ltr' id='par_1_86' title="bbox 2039 3759 3579 3834">
     <span class='ocr_line' id='line_1_86' title="bbox 2039 3759 3579 3834; baseline 0.003 -16"><span class='ocrx_word' id='word_1_673' title='bbox 2039 3777 2196 3832; x_wconf 75' lang='lat' dir='ltr'><strong>poena</strong></span> <span class='ocrx_word' id='word_1_674' title='bbox 2207 3759 2557 3834; x_wconf 72' lang='lat' dir='ltr'><strong>afﬁcerentur,</strong></span> <span class='ocrx_word' id='word_1_675' title='bbox 2570 3779 2670 3820; x_wconf 90' lang='lat' dir='ltr'><strong>nec</strong></span> <span class='ocrx_word' id='word_1_676' title='bbox 2680 3767 2781 3822; x_wconf 88' lang='lat' dir='ltr'><strong>ulla</strong></span> <span class='ocrx_word' id='word_1_677' title='bbox 2795 3768 3122 3834; x_wconf 82' lang='lat' dir='ltr'><strong>vinculorum</strong></span> <span class='ocrx_word' id='word_1_678' title='bbox 3136 3778 3276 3832; x_wconf 81' lang='lat' dir='ltr'><strong>esset</strong></span> <span class='ocrx_word' id='word_1_679' title='bbox 3288 3767 3544 3826; x_wconf 85' lang='lat' dir='ltr'><strong>liberatio.</strong></span> <span class='ocrx_word' id='word_1_680' title='bbox 3561 3791 3579 3822; x_wconf 76' lang='grc' dir='ltr'><strong>ε</strong></span> 
     </span>
    </p>
   </div>
   <div class='ocr_carea' id='block_1_87' title="bbox 2107 3847 3586 3929">
    <p class='ocr_par' dir='ltr' id='par_1_87' title="bbox 2107 3847 3586 3929">
     <span class='ocr_line' id='line_1_87' title="bbox 2107 3847 3586 3929; baseline 0.004 -23"><span class='ocrx_word' id='word_1_681' title='bbox 2107 3847 2186 3906; x_wconf 79' lang='lat' dir='ltr'><strong>Ex</strong></span> <span class='ocrx_word' id='word_1_682' title='bbox 2233 3853 2564 3922; x_wconf 80' lang='lat' dir='ltr'><strong>expositione</strong></span> <span class='ocrx_word' id='word_1_683' title='bbox 2615 3857 2879 3925; x_wconf 64' lang='lat' dir='ltr'><strong>synodica:</strong></span> <span class='ocrx_word' id='word_1_684' title='bbox 2925 3857 3163 3926; x_wconf 64' lang='lat' dir='ltr'><strong>epistolae</strong></span> <span class='ocrx_word' id='word_1_685' title='bbox 3213 3859 3586 3929; x_wconf 86' lang='lat' dir='ltr'><strong>episcoporum</strong></span> 
     </span>
    </p>
   </div>
   <div class='ocr_carea' id='block_1_88' title="bbox 2037 3936 3586 4014">
    <p class='ocr_par' dir='ltr' id='par_1_88' title="bbox 2037 3936 3586 4014">
     <span class='ocr_line' id='line_1_88' title="bbox 2037 3936 3586 4014; baseline 0.005 -20"><span class='ocrx_word' id='word_1_686' title='bbox 2037 3940 2254 4012; x_wconf 65' lang='lat' dir='ltr'><strong>)Egypti</strong></span> <span class='ocrx_word' id='word_1_687' title='bbox 2295 3949 2454 4010; x_wconf 88' lang='lat' dir='ltr'><strong>atque</strong></span> <span class='ocrx_word' id='word_1_688' title='bbox 2489 3936 2818 3998; x_wconf 60' lang='lat' dir='ltr'><strong>Alexandriae</strong></span> <span class='ocrx_word' id='word_1_689' title='bbox 2845 3945 3096 4000; x_wconf 86' lang='lat' dir='ltr'><strong>adversus</strong></span> <span class='ocrx_word' id='word_1_690' title='bbox 3121 3943 3362 4014; x_wconf 80' lang='lat' dir='ltr'><strong>Origenis</strong></span> <span class='ocrx_word' id='word_1_691' title='bbox 3388 3947 3586 4002; x_wconf 89' lang='lat' dir='ltr'><strong>doctri-</strong></span> 
     </span>
    </p>
   </div>
   <div class='ocr_carea' id='block_1_89' title="bbox 2037 4029 3586 4104">
    <p class='ocr_par' dir='ltr' id='par_1_89' title="bbox 2037 4029 3586 4104">
     <span class='ocr_line' id='line_1_89' title="bbox 2037 4029 3586 4104; baseline 0.005 -22"><span class='ocrx_word' id='word_1_692' title='bbox 2037 4045 2159 4083; x_wconf 89' lang='lat' dir='ltr'><strong>nam</strong></span> <span class='ocrx_word' id='word_1_693' title='bbox 2193 4047 2206 4083; x_wconf 91' lang='lat'><strong>:</strong></span> <span class='ocrx_word' id='word_1_694' title='bbox 2233 4049 2250 4082; x_wconf 91' lang='grc' dir='ltr'><strong>ι</strong></span> <span class='ocrx_word' id='word_1_695' title='bbox 2272 4029 2370 4085; x_wconf 81' lang='lat' dir='ltr'><strong>Hic</strong></span> <span class='ocrx_word' id='word_1_696' title='bbox 2387 4045 2534 4100; x_wconf 89' lang='lat' dir='ltr'><strong>ergo,</strong></span> <span class='ocrx_word' id='word_1_697' title='bbox 2560 4033 2624 4086; x_wconf 89' lang='lat' dir='ltr'><strong>de</strong></span> <span class='ocrx_word' id='word_1_698' title='bbox 2653 4048 2757 4104; x_wconf 80' lang='lat' dir='ltr'><strong>quo</strong></span> <span class='ocrx_word' id='word_1_699' title='bbox 2783 4035 2974 4104; x_wconf 81' lang='lat' dir='ltr'><strong>agitur,</strong></span> <span class='ocrx_word' id='word_1_700' title='bbox 2998 4036 3248 4104; x_wconf 78' lang='lat' dir='ltr'><strong>Origenes</strong></span> <span class='ocrx_word' id='word_1_701' title='bbox 3270 4037 3429 4091; x_wconf 83' lang='lat' dir='ltr'><strong>veluti</strong></span> <span class='ocrx_word' id='word_1_702' title='bbox 3455 4038 3586 4091; x_wconf 82' lang='lat' dir='ltr'><strong>abo-</strong></span> 
     </span>
    </p>
   </div>
   <div class='ocr_carea' id='block_1_90' title="bbox 2037 4115 3578 4190">
    <p class='ocr_par' dir='ltr' id='par_1_90' title="bbox 2037 4115 3578 4190">
     <span class='ocr_line' id='line_1_90' title="bbox 2037 4115 3578 4190; baseline 0.005 -18"><span class='ocrx_word' id='word_1_703' title='bbox 2037 4121 2339 4183; x_wconf 85' lang='lat' dir='ltr'><strong>minationis</strong></span> <span class='ocrx_word' id='word_1_704' title='bbox 2355 4115 2616 4176; x_wconf 70' lang='lat' dir='ltr'><strong>desofatio</strong></span> <span class='ocrx_word' id='word_1_705' title='bbox 2638 4124 2688 4176; x_wconf 91' lang='lat' dir='ltr'><strong>in</strong></span> <span class='ocrx_word' id='word_1_706' title='bbox 2710 4125 2883 4178; x_wconf 89' lang='lat' dir='ltr'><strong>medio</strong></span> <span class='ocrx_word' id='word_1_707' title='bbox 2909 4141 3045 4180; x_wconf 75' lang='lat' dir='ltr'><strong>veru:</strong></span> <span class='ocrx_word' id='word_1_708' title='bbox 3071 4125 3318 4181; x_wconf 79' lang='lat' dir='ltr'><strong>Ecclesize</strong></span> <span class='ocrx_word' id='word_1_709' title='bbox 3345 4126 3578 4190; x_wconf 82' lang='lat' dir='ltr'><strong>exstitit;</strong></span> 
     </span>
    </p>
   </div>
   <div class='ocr_carea' id='block_1_91' title="bbox 2035 4209 3580 4280">
    <p class='ocr_par' dir='ltr' id='par_1_91' title="bbox 2035 4209 3580 4280">
     <span class='ocr_line' id='line_1_91' title="bbox 2035 4209 3580 4280; baseline 0.004 -20"><span class='ocrx_word' id='word_1_710' title='bbox 2035 4223 2097 4261; x_wconf 88' lang='lat' dir='ltr'><strong>ac</strong></span> <span class='ocrx_word' id='word_1_711' title='bbox 2126 4209 2402 4280; x_wconf 85' lang='lat' dir='ltr'><strong>presbyter</strong></span> <span class='ocrx_word' id='word_1_712' title='bbox 2428 4212 2703 4266; x_wconf 84' lang='lat' dir='ltr'><strong>ordinatus</strong></span> <span class='ocrx_word' id='word_1_713' title='bbox 2731 4228 2758 4264; x_wconf 88' lang='lat' dir='ltr'><strong>a</strong></span> <span class='ocrx_word' id='word_1_714' title='bbox 2787 4213 3039 4267; x_wconf 88' lang='lat' dir='ltr'><strong>canonica</strong></span> <span class='ocrx_word' id='word_1_715' title='bbox 3066 4254 3082 4280; x_wconf 88' lang='lat'><strong>,</strong></span> <span class='ocrx_word' id='word_1_716' title='bbox 3129 4214 3194 4266; x_wconf 91' lang='lat' dir='ltr'><strong>ab</strong></span> <span class='ocrx_word' id='word_1_717' title='bbox 3220 4228 3319 4267; x_wconf 88' lang='lat' dir='ltr'><strong>una</strong></span> <span class='ocrx_word' id='word_1_718' title='bbox 3337 4254 3351 4278; x_wconf 93' lang='lat'><strong>,</strong></span> <span class='ocrx_word' id='word_1_719' title='bbox 3397 4228 3425 4266; x_wconf 90' lang='lat' dir='ltr'><strong>a</strong></span> <span class='ocrx_word' id='word_1_720' title='bbox 3453 4229 3580 4266; x_wconf 84' lang='lat' dir='ltr'><strong>vera</strong></span> 
     </span>
    </p>
   </div>
   <div class='ocr_carea' id='block_1_92' title="bbox 2033 4299 3580 4371">
    <p class='ocr_par' dir='ltr' id='par_1_92' title="bbox 2033 4299 3580 4371">
     <span class='ocr_line' id='line_1_92' title="bbox 2033 4299 3580 4371; baseline 0.003 -19"><span class='ocrx_word' id='word_1_721' title='bbox 2033 4315 2224 4365; x_wconf 89' lang='lat' dir='ltr'><strong>manu,</strong></span> <span class='ocrx_word' id='word_1_722' title='bbox 2275 4299 2582 4367; x_wconf 87' lang='lat' dir='ltr'><strong>dignitatem</strong></span> <span class='ocrx_word' id='word_1_723' title='bbox 2612 4301 2904 4371; x_wconf 87' lang='lat' dir='ltr'><strong>presbyteri</strong></span> <span class='ocrx_word' id='word_1_724' title='bbox 2931 4303 3122 4354; x_wconf 81' lang='lat' dir='ltr'><strong>nudam</strong></span> <span class='ocrx_word' id='word_1_725' title='bbox 3167 4317 3230 4356; x_wconf 90' lang='lat' dir='ltr'><strong>ac</strong></span> <span class='ocrx_word' id='word_1_726' title='bbox 3271 4302 3435 4358; x_wconf 85' lang='lat' dir='ltr'><strong>solam</strong></span> <span class='ocrx_word' id='word_1_727' title='bbox 3480 4303 3580 4358; x_wconf 74' lang='lat' dir='ltr'><strong>iia-</strong></span> 
     </span>
    </p>
   </div>
   <div class='ocr_carea' id='block_1_93' title="bbox 373 4383 1937 4469">
    <p class='ocr_par' dir='ltr' id='par_1_93' title="bbox 373 4383 1932 4469">
     <span class='ocr_line' id='line_1_93' title="bbox 373 4383 1932 4469; baseline 0.003 -30"><span class='ocrx_word' id='word_1_728' title='bbox 373 4383 460 4456; x_wconf 80' lang='grc' dir='ltr'><strong>εἶχ</strong></span> <span class='ocrx_word' id='word_1_729' title='bbox 469 4410 488 4439; x_wconf 90' lang='grc' dir='ltr'><strong>ε</strong></span> <span class='ocrx_word' id='word_1_730' title='bbox 507 4389 564 4451; x_wconf 78' lang='grc' dir='ltr'><strong>τὸ</strong></span> <span class='ocrx_word' id='word_1_731' title='bbox 586 4391 780 4458; x_wconf 82' lang='grc' dir='ltr'><strong>ἀξίωμα</strong></span> <span class='ocrx_word' id='word_1_732' title='bbox 807 4397 896 4445; x_wconf 82' lang='grc' dir='ltr'><strong>τοῦ</strong></span> <span class='ocrx_word' id='word_1_733' title='bbox 917 4391 1264 4466; x_wconf 70' lang='grc' dir='ltr'><strong>πρεσϐυτέρου</strong></span> <span class='ocrx_word' id='word_1_734' title='bbox 1293 4391 1429 4469; x_wconf 58' lang='grc' dir='ltr'><strong>ψιλόν</strong></span> <span class='ocrx_word' id='word_1_735' title='bbox 1440 4409 1496 4447; x_wconf 84' lang='grc' dir='ltr'><strong>τε</strong></span> <span class='ocrx_word' id='word_1_736' title='bbox 1515 4395 1594 4445; x_wconf 85' lang='grc' dir='ltr'><strong>καί</strong></span> <span class='ocrx_word' id='word_1_737' title='bbox 1622 4393 1786 4464; x_wconf 72' lang='grc' dir='ltr'><strong>μᾶνον,</strong></span> <span class='ocrx_word' id='word_1_738' title='bbox 1816 4393 1932 4444; x_wconf 84' lang='grc' dir='ltr'><strong>καθ-</strong></span> 
     </span>
    </p>
   </div>
   <div class='ocr_carea' id='block_1_94' title="bbox 2038 4383 3574 4469">
    <p class='ocr_par' dir='ltr' id='par_1_94' title="bbox 2038 4389 3574 4460">
     <span class='ocr_line' id='line_1_94' title="bbox 2038 4389 3574 4460; baseline 0.005 -18"><span class='ocrx_word' id='word_1_739' title='bbox 2038 4389 2184 4451; x_wconf 88' lang='lat' dir='ltr'><strong>buit,</strong></span> <span class='ocrx_word' id='word_1_740' title='bbox 2240 4389 2682 4456; x_wconf 90' lang='lat' dir='ltr'><strong>quemadmodum</strong></span> <span class='ocrx_word' id='word_1_741' title='bbox 2729 4398 2784 4444; x_wconf 87' lang='lat' dir='ltr'><strong>et</strong></span> <span class='ocrx_word' id='word_1_742' title='bbox 2821 4393 3368 4460; x_wconf 73' lang='lat' dir='ltr'><strong>apostolatuleabuit</strong></span> <span class='ocrx_word' id='word_1_743' title='bbox 3412 4395 3574 4450; x_wconf 84' lang='lat' dir='ltr'><strong>hono-</strong></span> 
     </span>
    </p>
   </div>
   <div class='ocr_carea' id='block_1_95' title="bbox 373 4476 1928 4554">
    <p class='ocr_par' dir='ltr' id='par_1_95' title="bbox 373 4476 1928 4554">
     <span class='ocr_line' id='line_1_95' title="bbox 373 4476 1928 4554; baseline 0.003 -25"><span class='ocrx_word' id='word_1_744' title='bbox 373 4478 504 4549; x_wconf 81' lang='grc' dir='ltr'><strong>άπερ</strong></span> <span class='ocrx_word' id='word_1_745' title='bbox 547 4481 628 4530; x_wconf 81' lang='grc' dir='ltr'><strong>καί</strong></span> <span class='ocrx_word' id='word_1_746' title='bbox 661 4480 717 4533; x_wconf 85' lang='grc' dir='ltr'><strong>τὸ</strong></span> <span class='ocrx_word' id='word_1_747' title='bbox 745 4487 833 4539; x_wconf 79' lang='grc' dir='ltr'><strong>τῆς</strong></span> <span class='ocrx_word' id='word_1_748' title='bbox 859 4481 1140 4540; x_wconf 80' lang='grc' dir='ltr'><strong>ἀποστολῆς</strong></span> <span class='ocrx_word' id='word_1_749' title='bbox 1163 4476 1302 4549; x_wconf 82' lang='grc' dir='ltr'><strong>εἶχεν</strong></span> <span class='ocrx_word' id='word_1_750' title='bbox 1328 4481 1352 4533; x_wconf 97' lang='lat'><strong>6</strong></span> <span class='ocrx_word' id='word_1_751' title='bbox 1373 4481 1584 4540; x_wconf 75' lang='grc' dir='ltr'><strong>κλέπτης</strong></span> <span class='ocrx_word' id='word_1_752' title='bbox 1635 4483 1720 4534; x_wconf 80' lang='grc' dir='ltr'><strong>καί</strong></span> <span class='ocrx_word' id='word_1_753' title='bbox 1741 4481 1928 4554; x_wconf 82' lang='grc' dir='ltr'><strong>προδό-</strong></span> 
     </span>
    </p>
   </div>
   <div class='ocr_carea' id='block_1_96' title="bbox 373 4565 1929 4643">
    <p class='ocr_par' dir='ltr' id='par_1_96' title="bbox 373 4565 1929 4643">
     <span class='ocr_line' id='line_1_96' title="bbox 373 4565 1929 4643; baseline 0.004 -25"><span class='ocrx_word' id='word_1_754' title='bbox 373 4587 464 4623; x_wconf 85' lang='grc' dir='ltr'><strong>της</strong></span> <span class='ocrx_word' id='word_1_755' title='bbox 495 4565 702 4626; x_wconf 77' lang='grc' dir='ltr'><strong>Ἰούδας.</strong></span> <span class='ocrx_word' id='word_1_756' title='bbox 733 4567 1028 4642; x_wconf 67' lang='grc' dir='ltr'><strong>Ἀρξαμένου</strong></span> <span class='ocrx_word' id='word_1_757' title='bbox 1067 4573 1166 4643; x_wconf 74' lang='grc' dir='ltr'><strong>γάρ</strong></span> <span class='ocrx_word' id='word_1_758' title='bbox 1195 4571 1350 4624; x_wconf 74' lang='grc' dir='ltr'><strong>αὐτοῦ</strong></span> <span class='ocrx_word' id='word_1_759' title='bbox 1379 4571 1702 4641; x_wconf 74' lang='grc' dir='ltr'><strong>βλασφήμους</strong></span> <span class='ocrx_word' id='word_1_760' title='bbox 1737 4571 1929 4640; x_wconf 84' lang='grc' dir='ltr'><strong>ὁμιλίας</strong></span> 
     </span>
    </p>
   </div>
   <div class='ocr_carea' id='block_1_97' title="bbox 375 4653 1925 4732">
    <p class='ocr_par' dir='ltr' id='par_1_97' title="bbox 375 4653 1925 4732">
     <span class='ocr_line' id='line_1_97' title="bbox 375 4653 1925 4732; baseline 0.003 -24"><span class='ocrx_word' id='word_1_761' title='bbox 375 4653 556 4724; x_wconf 81' lang='grc' dir='ltr'><strong>ὁμιλεῖν</strong></span> <span class='ocrx_word' id='word_1_762' title='bbox 575 4695 589 4717; x_wconf 88' lang='grc'><em>,</em></span> <span class='ocrx_word' id='word_1_763' title='bbox 625 4653 650 4707; x_wconf 93' lang='lat'><strong>6</strong></span> <span class='ocrx_word' id='word_1_764' title='bbox 683 4655 790 4708; x_wconf 77' lang='grc' dir='ltr'><strong>κατ’</strong></span> <span class='ocrx_word' id='word_1_765' title='bbox 813 4657 968 4711; x_wconf 75' lang='grc' dir='ltr'><strong>ἐκεῖνο</strong></span> <span class='ocrx_word' id='word_1_766' title='bbox 995 4659 1274 4732; x_wconf 79' lang='grc' dir='ltr'><strong>μακαρίτης</strong></span> <span class='ocrx_word' id='word_1_767' title='bbox 1301 4662 1544 4732; x_wconf 76' lang='grc' dir='ltr'><strong>Ἣρακλᾶς</strong></span> <span class='ocrx_word' id='word_1_768' title='bbox 1573 4658 1597 4712; x_wconf 84' lang='grc' dir='ltr'><strong><em>ὃ</em></strong></span> <span class='ocrx_word' id='word_1_769' title='bbox 1623 4661 1925 4725; x_wconf 76' lang='grc' dir='ltr'><strong>ἐπίσκοπος,</strong></span> 
     </span>
    </p>
   </div>
   <div class='ocr_carea' id='block_1_98' title="bbox 373 4747 1928 4823">
    <p class='ocr_par' dir='ltr' id='par_1_98' title="bbox 373 4747 1928 4823">
     <span class='ocr_line' id='line_1_98' title="bbox 373 4747 1928 4823; baseline 0.004 -25"><span class='ocrx_word' id='word_1_770' title='bbox 373 4747 440 4804; x_wconf 79' lang='grc' dir='ltr'><strong>ὡς</strong></span> <span class='ocrx_word' id='word_1_771' title='bbox 462 4747 646 4818; x_wconf 68' lang='grc' dir='ltr'><strong>ἀροτὴρ</strong></span> <span class='ocrx_word' id='word_1_772' title='bbox 691 4749 773 4799; x_wconf 84' lang='grc' dir='ltr'><strong>καί</strong></span> <span class='ocrx_word' id='word_1_773' title='bbox 797 4749 1142 4823; x_wconf 77' lang='grc' dir='ltr'><strong>ἀμπελουργὸς</strong></span> <span class='ocrx_word' id='word_1_774' title='bbox 1165 4750 1424 4822; x_wconf 71' lang='grc' dir='ltr'><strong>φιλαλήθης</strong></span> <span class='ocrx_word' id='word_1_775' title='bbox 1446 4757 1534 4804; x_wconf 84' lang='grc' dir='ltr'><strong>τοῦ</strong></span> <span class='ocrx_word' id='word_1_776' title='bbox 1556 4757 1646 4808; x_wconf 73' lang='grc' dir='ltr'><strong>τῆς</strong></span> <span class='ocrx_word' id='word_1_777' title='bbox 1670 4750 1928 4810; x_wconf 68' lang='grc' dir='ltr'><strong>ἐκκλησίας</strong></span> 
     </span>
    </p>
   </div>
   <div class='ocr_carea' id='block_1_99' title="bbox 373 4835 1927 4907">
    <p class='ocr_par' dir='ltr' id='par_1_99' title="bbox 373 4835 1927 4907">
     <span class='ocr_line' id='line_1_99' title="bbox 373 4835 1927 4907; baseline 0.004 -21"><span class='ocrx_word' id='word_1_778' title='bbox 373 4835 566 4905; x_wconf 83' lang='grc' dir='ltr'><strong>χωρίου</strong></span> <span class='ocrx_word' id='word_1_779' title='bbox 595 4837 884 4904; x_wconf 74' lang='grc' dir='ltr'><strong>τυγχάνων,</strong></span> <span class='ocrx_word' id='word_1_780' title='bbox 907 4839 960 4888; x_wconf 75' lang='grc' dir='ltr'><strong>ἐκ</strong></span> <span class='ocrx_word' id='word_1_781' title='bbox 981 4839 1131 4907; x_wconf 75' lang='grc' dir='ltr'><strong>μέσον</strong></span> <span class='ocrx_word' id='word_1_782' title='bbox 1169 4845 1258 4892; x_wconf 85' lang='grc' dir='ltr'><strong>τοῦ</strong></span> <span class='ocrx_word' id='word_1_783' title='bbox 1282 4839 1428 4892; x_wconf 77' lang='grc' dir='ltr'><strong>καλοῦ</strong></span> <span class='ocrx_word' id='word_1_784' title='bbox 1459 4841 1599 4892; x_wconf 85' lang='grc' dir='ltr'><strong>σίτου</strong></span> <span class='ocrx_word' id='word_1_785' title='bbox 1627 4845 1803 4894; x_wconf 76' lang='grc' dir='ltr'><strong>τοῦτον</strong></span> <span class='ocrx_word' id='word_1_786' title='bbox 1829 4840 1927 4902; x_wconf 77' lang='grc' dir='ltr'><strong>ἔξέ-</strong></span> 
     </span>
    </p>
   </div>
   <div class='ocr_carea' id='block_1_100' title="bbox 369 4922 1930 5002">
    <p class='ocr_par' dir='ltr' id='par_1_100' title="bbox 369 4922 1930 5002">
     <span class='ocr_line' id='line_1_100' title="bbox 369 4922 1930 5002; baseline 0.002 -22"><span class='ocrx_word' id='word_1_787' title='bbox 369 4926 527 4992; x_wconf 85' lang='grc' dir='ltr'><strong>τιλεν,</strong></span> <span class='ocrx_word' id='word_1_788' title='bbox 565 4928 630 4984; x_wconf 82' lang='grc' dir='ltr'><strong>ὡς</strong></span> <span class='ocrx_word' id='word_1_789' title='bbox 658 4933 749 4980; x_wconf 76' lang='grc' dir='ltr'><strong>τοῦ</strong></span> <span class='ocrx_word' id='word_1_790' title='bbox 777 4935 991 5001; x_wconf 84' lang='grc' dir='ltr'><strong>πονηροῦ</strong></span> <span class='ocrx_word' id='word_1_791' title='bbox 1028 4932 1238 4992; x_wconf 73' lang='grc' dir='ltr'><strong>ζιζανίου</strong></span> <span class='ocrx_word' id='word_1_792' title='bbox 1265 4927 1380 4986; x_wconf 80' lang='grc' dir='ltr'><strong>ὄντα</strong></span> <span class='ocrx_word' id='word_1_793' title='bbox 1417 4931 1658 4989; x_wconf 72' lang='grc' dir='ltr'><strong>ἀληθῶς.»</strong></span> <span class='ocrx_word' id='word_1_794' title='bbox 1699 4922 1794 4983; x_wconf 72' lang='grc' dir='ltr'><strong>Καί</strong></span> <span class='ocrx_word' id='word_1_795' title='bbox 1817 4929 1930 5002; x_wconf 79' lang='grc' dir='ltr'><strong>μετ’</strong></span> 
     </span>
    </p>
   </div>
   <div class='ocr_carea' id='block_1_101' title="bbox 369 5012 1921 5094">
    <p class='ocr_par' dir='ltr' id='par_1_101' title="bbox 369 5012 1921 5094">
     <span class='ocr_line' id='line_1_101' title="bbox 369 5012 1921 5094; baseline 0.007 -27"><span class='ocrx_word' id='word_1_796' title='bbox 369 5015 528 5084; x_wconf 72' lang='grc' dir='ltr'><strong>ὀλίγοιο</strong></span> <span class='ocrx_word' id='word_1_797' title='bbox 541 5012 814 5068; x_wconf 81' lang='grc' dir='ltr'><strong>ιἘκπεσὼν</strong></span> <span class='ocrx_word' id='word_1_798' title='bbox 829 5012 976 5076; x_wconf 75' lang='grc' dir='ltr'><strong>οὗτος</strong></span> <span class='ocrx_word' id='word_1_799' title='bbox 997 5017 1078 5069; x_wconf 82' lang='grc' dir='ltr'><strong>ίπί</strong></span> <span class='ocrx_word' id='word_1_800' title='bbox 1093 5022 1182 5074; x_wconf 78' lang='grc' dir='ltr'><strong>τήν</strong></span> <span class='ocrx_word' id='word_1_801' title='bbox 1199 5027 1288 5088; x_wconf 75' lang='grc' dir='ltr'><strong>γῆν</strong></span> <span class='ocrx_word' id='word_1_802' title='bbox 1308 5016 1566 5094; x_wconf 74' lang='grc' dir='ltr'><strong>οὐρανόθεν</strong></span> <span class='ocrx_word' id='word_1_803' title='bbox 1587 5022 1655 5078; x_wconf 83' lang='grc' dir='ltr'><strong>ὡς</strong></span> <span class='ocrx_word' id='word_1_804' title='bbox 1666 5021 1921 5094; x_wconf 71' lang='grc' dir='ltr'><strong>ἀστραπὴ.</strong></span> 
     </span>
    </p>
   </div>
   <div class='ocr_carea' id='block_1_102' title="bbox 367 5097 1922 5178">
    <p class='ocr_par' dir='ltr' id='par_1_102' title="bbox 367 5097 1922 5178">
     <span class='ocr_line' id='line_1_102' title="bbox 367 5097 1922 5178; baseline 0.003 -22"><span class='ocrx_word' id='word_1_805' title='bbox 367 5105 590 5177; x_wconf 82' lang='grc' dir='ltr'><strong>καθάπερ</strong></span> <span class='ocrx_word' id='word_1_806' title='bbox 619 5103 645 5157; x_wconf 88' lang='lat'><strong>6</strong></span> <span class='ocrx_word' id='word_1_807' title='bbox 670 5109 850 5164; x_wconf 77' lang='grc' dir='ltr'><strong>το·“του</strong></span> <span class='ocrx_word' id='word_1_808' title='bbox 884 5109 1052 5178; x_wconf 74' lang='grc' dir='ltr'><strong>πατὴρ</strong></span> <span class='ocrx_word' id='word_1_809' title='bbox 1082 5104 1106 5157; x_wconf 95' lang='lat'><strong>6</strong></span> <span class='ocrx_word' id='word_1_810' title='bbox 1137 5097 1365 5166; x_wconf 78' lang='grc' dir='ltr'><strong>διάϐολος</strong></span> <span class='ocrx_word' id='word_1_811' title='bbox 1385 5148 1399 5169; x_wconf 84' lang='grc'><em>,</em></span> <span class='ocrx_word' id='word_1_812' title='bbox 1439 5109 1596 5178; x_wconf 85' lang='grc' dir='ltr'><strong>θυμοῦ</strong></span> <span class='ocrx_word' id='word_1_813' title='bbox 1625 5109 1782 5160; x_wconf 72' lang='grc' dir='ltr'><strong>πνέων</strong></span> <span class='ocrx_word' id='word_1_814' title='bbox 1808 5105 1922 5160; x_wconf 91' lang='grc' dir='ltr'><strong>πολ-</strong></span> 
     </span>
    </p>
   </div>
   <div class='ocr_carea' id='block_1_103' title="bbox 363 5191 1920 5264">
    <p class='ocr_par' dir='ltr' id='par_1_103' title="bbox 363 5191 1920 5264">
     <span class='ocr_line' id='line_1_103' title="bbox 363 5191 1920 5264; baseline 0.004 -19"><span class='ocrx_word' id='word_1_815' title='bbox 363 5191 450 5249; x_wconf 82' lang='grc' dir='ltr'><strong>λοῦ</strong></span> <span class='ocrx_word' id='word_1_816' title='bbox 489 5196 566 5248; x_wconf 65' lang='grc' dir='ltr'><strong>καὶ</strong></span> <span class='ocrx_word' id='word_1_817' title='bbox 602 5191 760 5247; x_wconf 79' lang='grc' dir='ltr'><strong>δεινοῦ</strong></span> <span class='ocrx_word' id='word_1_818' title='bbox 797 5195 923 5247; x_wconf 89' lang='grc' dir='ltr'><strong>κατά</strong></span> <span class='ocrx_word' id='word_1_819' title='bbox 964 5199 1052 5250; x_wconf 81' lang='grc' dir='ltr'><strong>τῆς</strong></span> <span class='ocrx_word' id='word_1_820' title='bbox 1083 5193 1338 5254; x_wconf 63' lang='grc' dir='ltr'><strong>ἀληθείας,</strong></span> <span class='ocrx_word' id='word_1_821' title='bbox 1377 5196 1458 5248; x_wconf 80' lang='grc' dir='ltr'><strong>ἐπὶ</strong></span> <span class='ocrx_word' id='word_1_822' title='bbox 1493 5201 1581 5254; x_wconf 77' lang='grc' dir='ltr'><strong>τήν</strong></span> <span class='ocrx_word' id='word_1_823' title='bbox 1613 5196 1920 5264; x_wconf 47' lang='grc' dir='ltr'><strong>καλουμνην</strong></span> 
     </span>
    </p>
   </div>
   <div class='ocr_carea' id='block_1_104' title="bbox 364 5281 1918 5356">
    <p class='ocr_par' dir='ltr' id='par_1_104' title="bbox 364 5281 1918 5356">
     <span class='ocr_line' id='line_1_104' title="bbox 364 5281 1918 5356; baseline 0.001 -21"><span class='ocrx_word' id='word_1_824' title='bbox 364 5283 688 5341; x_wconf 75' lang='grc' dir='ltr'><strong>Παλαιστίνην</strong></span> <span class='ocrx_word' id='word_1_825' title='bbox 723 5285 902 5356; x_wconf 77' lang='grc' dir='ltr'><strong>χώραν</strong></span> <span class='ocrx_word' id='word_1_826' title='bbox 935 5281 1143 5336; x_wconf 70' lang='grc' dir='ltr'><strong>ἔπλευσε</strong></span> <span class='ocrx_word' id='word_1_827' title='bbox 1161 5287 1288 5343; x_wconf 85' lang='grc' dir='ltr'><strong>’,καί</strong></span> <span class='ocrx_word' id='word_1_828' title='bbox 1315 5285 1518 5344; x_wconf 79' lang='grc' dir='ltr'><strong>καθίσας</strong></span> <span class='ocrx_word' id='word_1_829' title='bbox 1553 5286 1604 5338; x_wconf 77' lang='grc' dir='ltr'><strong>ίν</strong></span> <span class='ocrx_word' id='word_1_830' title='bbox 1631 5281 1918 5354; x_wconf 74' lang='grc' dir='ltr'><strong>τῇίαισα-</strong></span> 
     </span>
    </p>
   </div>
   <div class='ocr_carea' id='block_1_105' title="bbox 365 5369 1920 5443">
    <p class='ocr_par' dir='ltr' id='par_1_105' title="bbox 365 5369 1920 5443">
     <span class='ocr_line' id='line_1_105' title="bbox 365 5369 1920 5443; baseline 0.002 -21"><span class='ocrx_word' id='word_1_831' title='bbox 365 5369 484 5442; x_wconf 73' lang='grc' dir='ltr'><strong>ρέων</strong></span> <span class='ocrx_word' id='word_1_832' title='bbox 525 5370 853 5442; x_wconf 80' lang='grc' dir='ltr'><strong>μητροπόλει,</strong></span> <span class='ocrx_word' id='word_1_833' title='bbox 903 5373 1124 5442; x_wconf 69' lang='grc' dir='ltr'><strong>κᾴκεῖθεν</strong></span> <span class='ocrx_word' id='word_1_834' title='bbox 1157 5373 1214 5425; x_wconf 85' lang='grc' dir='ltr'><strong>τὸ</strong></span> <span class='ocrx_word' id='word_1_835' title='bbox 1251 5381 1564 5443; x_wconf 79' lang='grc' dir='ltr'><strong>προσωπεῖον</strong></span> <span class='ocrx_word' id='word_1_836' title='bbox 1594 5371 1920 5442; x_wconf 53' lang='grc' dir='ltr'><strong>ἀποκαλύψας</strong></span> 
     </span>
    </p>
   </div>
   <div class='ocr_carea' id='block_1_106' title="bbox 362 5454 1922 5530">
    <p class='ocr_par' dir='ltr' id='par_1_106' title="bbox 362 5454 1922 5530">
     <span class='ocr_line' id='line_1_106' title="bbox 362 5454 1922 5530; baseline 0.005 -22"><span class='ocrx_word' id='word_1_837' title='bbox 362 5455 472 5510; x_wconf 78' lang='grc' dir='ltr'><strong>ὅλον</strong></span> <span class='ocrx_word' id='word_1_838' title='bbox 496 5457 543 5516; x_wconf 76' lang='grc' dir='ltr'><strong>ἐξ</strong></span> <span class='ocrx_word' id='word_1_839' title='bbox 573 5454 684 5510; x_wconf 83' lang='grc' dir='ltr'><strong>ὅλου</strong></span> <span class='ocrx_word' id='word_1_840' title='bbox 718 5465 806 5512; x_wconf 78' lang='grc' dir='ltr'><strong>τοῦ</strong></span> <span class='ocrx_word' id='word_1_841' title='bbox 835 5458 1179 5528; x_wconf 75' lang='grc' dir='ltr'><strong>καλύμματος,</strong></span> <span class='ocrx_word' id='word_1_842' title='bbox 1211 5459 1431 5530; x_wconf 78' lang='grc' dir='ltr'><strong>καθάπερ</strong></span> <span class='ocrx_word' id='word_1_843' title='bbox 1461 5459 1486 5512; x_wconf 83' lang='grc' dir='ltr'><strong><em>ὃ</em></strong></span> <span class='ocrx_word' id='word_1_844' title='bbox 1525 5463 1674 5529; x_wconf 76' lang='grc' dir='ltr'><strong>ἰχθὺς</strong></span> <span class='ocrx_word' id='word_1_845' title='bbox 1702 5461 1732 5516; x_wconf 77' lang='grc' dir='ltr'>ἡ</span> <span class='ocrx_word' id='word_1_846' title='bbox 1760 5463 1922 5516; x_wconf 78' lang='grc' dir='ltr'><strong>σηπία</strong></span> 
     </span>
    </p>
   </div>
   <div class='ocr_carea' id='block_1_107' title="bbox 362 5547 1914 5626">
    <p class='ocr_par' dir='ltr' id='par_1_107' title="bbox 362 5547 1914 5626">
     <span class='ocr_line' id='line_1_107' title="bbox 362 5547 1914 5626; baseline 0.005 -28"><span class='ocrx_word' id='word_1_847' title='bbox 362 5547 502 5618; x_wconf 68' lang='grc' dir='ltr'><strong>παρά</strong></span> <span class='ocrx_word' id='word_1_848' title='bbox 529 5567 635 5602; x_wconf 89' lang='grc' dir='ltr'><strong>τισι</strong></span> <span class='ocrx_word' id='word_1_849' title='bbox 661 5547 954 5616; x_wconf 73' lang='grc' dir='ltr'><strong>καλουμένη.</strong></span> <span class='ocrx_word' id='word_1_850' title='bbox 971 5548 1060 5603; x_wconf 78' lang='grc' dir='ltr'><strong>ὀπε</strong></span> <span class='ocrx_word' id='word_1_851' title='bbox 1066 5571 1094 5626; x_wconf 87' lang='grc' dir='ltr'><strong>ρ</strong></span> <span class='ocrx_word' id='word_1_852' title='bbox 1121 5551 1274 5603; x_wconf 75' lang='grc' dir='ltr'><strong>αὐτοῦ</strong></span> <span class='ocrx_word' id='word_1_853' title='bbox 1305 5549 1412 5602; x_wconf 81' lang='grc' dir='ltr'><strong>καθ’</strong></span> <span class='ocrx_word' id='word_1_854' title='bbox 1440 5548 1610 5608; x_wconf 71' lang='grc' dir='ltr'><strong>ἡδονήν</strong></span> <span class='ocrx_word' id='word_1_855' title='bbox 1637 5552 1914 5622; x_wconf 75' lang='grc' dir='ltr'><strong>ἐτύγχανε,</strong></span> 
     </span>
    </p>
   </div>
   <div class='ocr_carea' id='block_1_108' title="bbox 434 5635 1692 5709">
    <p class='ocr_par' dir='ltr' id='par_1_108' title="bbox 434 5635 1692 5709">
     <span class='ocr_line' id='line_1_108' title="bbox 434 5635 1692 5709; baseline 0.004 -18"><span class='ocrx_word' id='word_1_856' title='bbox 434 5643 462 5681; x_wconf 50' lang='lat' dir='ltr'><strong>ﬁ</strong></span> <span class='ocrx_word' id='word_1_857' title='bbox 489 5635 738 5700; x_wconf 80' lang='lat' dir='ltr'><strong>Demetrii</strong></span> <span class='ocrx_word' id='word_1_858' title='bbox 767 5641 1006 5709; x_wconf 85' lang='lat' dir='ltr'><strong>episc0pi</strong></span> <span class='ocrx_word' id='word_1_859' title='bbox 1035 5641 1372 5694; x_wconf 78' lang='lat' dir='ltr'><strong>Alexandrini</strong></span> <span class='ocrx_word' id='word_1_860' title='bbox 1395 5657 1692 5697; x_wconf 82' lang='lat' dir='ltr'><strong>successor.</strong></span> 
     </span>
    </p>
   </div>
   <div class='ocr_carea' id='block_1_109' title="bbox 658 5728 1488 5802">
    <p class='ocr_par' dir='ltr' id='par_1_109' title="bbox 658 5728 1488 5802">
     <span class='ocr_line' id='line_1_109' title="bbox 658 5728 1488 5802; baseline -0.012 0"><span class='ocrx_word' id='word_1_861' title='bbox 658 5736 928 5802; x_wconf 77' lang='lat' dir='ltr'><strong>PA&#39;tnOL.</strong></span> <span class='ocrx_word' id='word_1_862' title='bbox 975 5733 1094 5796; x_wconf 83' lang='lat' dir='ltr'><strong>Gn.</strong></span> <span class='ocrx_word' id='word_1_863' title='bbox 1145 5728 1488 5802; x_wconf 72' lang='lat' dir='ltr'><strong>LXXXVI.</strong></span> 
     </span>
    </p>
   </div>
   <div class='ocr_carea' id='block_1_110' title="bbox 2031 4477 3577 4554">
    <p class='ocr_par' dir='ltr' id='par_1_110' title="bbox 2031 4477 3577 4554">
     <span class='ocr_line' id='line_1_110' title="bbox 2031 4477 3577 4554; baseline 0.003 -22"><span class='ocrx_word' id='word_1_864' title='bbox 2031 4493 2144 4535; x_wconf 90' lang='lat' dir='ltr'><strong>rem</strong></span> <span class='ocrx_word' id='word_1_865' title='bbox 2186 4477 2269 4534; x_wconf 77' lang='lat' dir='ltr'><strong>fur</strong></span> <span class='ocrx_word' id='word_1_866' title='bbox 2315 4493 2378 4533; x_wconf 91' lang='lat' dir='ltr'><strong>ac</strong></span> <span class='ocrx_word' id='word_1_867' title='bbox 2421 4479 2660 4548; x_wconf 90' lang='lat' dir='ltr'><strong>proditor</strong></span> <span class='ocrx_word' id='word_1_868' title='bbox 2703 4478 2886 4535; x_wconf 77' lang='lat' dir='ltr'><strong>Judas.</strong></span> <span class='ocrx_word' id='word_1_869' title='bbox 2933 4481 2982 4535; x_wconf 87' lang='lat' dir='ltr'><strong>ls</strong></span> <span class='ocrx_word' id='word_1_870' title='bbox 3035 4483 3172 4536; x_wconf 90' lang='lat' dir='ltr'><strong>enim</strong></span> <span class='ocrx_word' id='word_1_871' title='bbox 3223 4497 3339 4537; x_wconf 88' lang='lat' dir='ltr'><strong>cum</strong></span> <span class='ocrx_word' id='word_1_872' title='bbox 3388 4485 3577 4554; x_wconf 64' lang='lat' dir='ltr'><strong>cuspis-</strong></span> 
     </span>
    </p>
   </div>
   <div class='ocr_carea' id='block_1_111' title="bbox 2029 4569 3577 4638">
    <p class='ocr_par' dir='ltr' id='par_1_111' title="bbox 2029 4569 3577 4638">
     <span class='ocr_line' id='line_1_111' title="bbox 2029 4569 3577 4638; baseline 0.005 -15"><span class='ocrx_word' id='word_1_873' title='bbox 2029 4579 2113 4624; x_wconf 91' lang='lat' dir='ltr'><strong>set</strong></span> <span class='ocrx_word' id='word_1_874' title='bbox 2153 4569 2486 4638; x_wconf 83' lang='lat' dir='ltr'><strong>blasphemas</strong></span> <span class='ocrx_word' id='word_1_875' title='bbox 2528 4571 2771 4624; x_wconf 88' lang='lat' dir='ltr'><strong>homilias</strong></span> <span class='ocrx_word' id='word_1_876' title='bbox 2805 4572 3028 4636; x_wconf 82' lang='lat' dir='ltr'><strong>habere,</strong></span> <span class='ocrx_word' id='word_1_877' title='bbox 3077 4572 3324 4630; x_wconf 81' lang='lat' dir='ltr'><strong>Heracias</strong></span> <span class='ocrx_word' id='word_1_878' title='bbox 3354 4584 3378 4611; x_wconf 82' lang='grc' dir='ltr'><strong>ἰ</strong></span> <span class='ocrx_word' id='word_1_879' title='bbox 3406 4576 3577 4631; x_wconf 66' lang='lat' dir='ltr'><strong>beate</strong></span> 
     </span>
    </p>
   </div>
   <div class='ocr_carea' id='block_1_112' title="bbox 2029 4659 3578 4728">
    <p class='ocr_par' dir='ltr' id='par_1_112' title="bbox 2029 4659 3578 4728">
     <span class='ocr_line' id='line_1_112' title="bbox 2029 4659 3578 4728; baseline 0.007 -16"><span class='ocrx_word' id='word_1_880' title='bbox 2029 4659 2301 4712; x_wconf 67' lang='lat' dir='ltr'><strong>memoria:</strong></span> <span class='ocrx_word' id='word_1_881' title='bbox 2327 4667 2435 4712; x_wconf 90' lang='lat' dir='ltr'><strong>tum</strong></span> <span class='ocrx_word' id='word_1_882' title='bbox 2465 4659 2761 4728; x_wconf 88' lang='lat' dir='ltr'><strong>episcopus,</strong></span> <span class='ocrx_word' id='word_1_883' title='bbox 2793 4669 2850 4712; x_wconf 93' lang='lat' dir='ltr'><strong>ut</strong></span> <span class='ocrx_word' id='word_1_884' title='bbox 2877 4664 3144 4716; x_wconf 86' lang='lat' dir='ltr'><strong>studiosus</strong></span> <span class='ocrx_word' id='word_1_885' title='bbox 3175 4664 3426 4728; x_wconf 83' lang='lat' dir='ltr'><strong>veritatis,</strong></span> <span class='ocrx_word' id='word_1_886' title='bbox 3457 4679 3578 4723; x_wconf 56' lang='lat' dir='ltr'><strong>ara&quot;</strong></span> 
     </span>
    </p>
   </div>
   <div class='ocr_carea' id='block_1_113' title="bbox 2030 4751 3574 4823">
    <p class='ocr_par' dir='ltr' id='par_1_113' title="bbox 2030 4751 3574 4823">
     <span class='ocr_line' id='line_1_113' title="bbox 2030 4751 3574 4823; baseline 0.004 -21"><span class='ocrx_word' id='word_1_887' title='bbox 2030 4758 2114 4804; x_wconf 90' lang='lat' dir='ltr'><strong>tor</strong></span> <span class='ocrx_word' id='word_1_888' title='bbox 2139 4765 2202 4805; x_wconf 88' lang='lat' dir='ltr'><strong>ac</strong></span> <span class='ocrx_word' id='word_1_889' title='bbox 2222 4751 2417 4804; x_wconf 84' lang='lat' dir='ltr'><strong>vinitor</strong></span> <span class='ocrx_word' id='word_1_890' title='bbox 2433 4751 2774 4805; x_wconf 86' lang='lat' dir='ltr'><strong>ecclesiastici</strong></span> <span class='ocrx_word' id='word_1_891' title='bbox 2796 4751 2927 4820; x_wconf 89' lang='lat' dir='ltr'><strong>agri,</strong></span> <span class='ocrx_word' id='word_1_892' title='bbox 2945 4767 3063 4806; x_wconf 84' lang='lat' dir='ltr'><strong>eum</strong></span> <span class='ocrx_word' id='word_1_893' title='bbox 3079 4767 3110 4807; x_wconf 91' lang='lat' dir='ltr'><strong>e</strong></span> <span class='ocrx_word' id='word_1_894' title='bbox 3137 4753 3312 4808; x_wconf 90' lang='lat' dir='ltr'><strong>medio</strong></span> <span class='ocrx_word' id='word_1_895' title='bbox 3340 4755 3574 4823; x_wconf 74' lang='lat' dir='ltr'><strong>pulchrm</strong></span> 
     </span>
    </p>
   </div>
   <div class='ocr_carea' id='block_1_114' title="bbox 2027 4839 3572 4909">
    <p class='ocr_par' dir='ltr' id='par_1_114' title="bbox 2027 4839 3572 4909">
     <span class='ocr_line' id='line_1_114' title="bbox 2027 4839 3572 4909; baseline 0.006 -19"><span class='ocrx_word' id='word_1_896' title='bbox 2027 4853 2090 4891; x_wconf 90' lang='lat' dir='ltr'><strong>ac</strong></span> <span class='ocrx_word' id='word_1_897' title='bbox 2123 4839 2252 4892; x_wconf 64' lang='lat' dir='ltr'><strong>lana:</strong></span> <span class='ocrx_word' id='word_1_898' title='bbox 2279 4839 2470 4904; x_wconf 77' lang='lat' dir='ltr'><strong>segetis</strong></span> <span class='ocrx_word' id='word_1_899' title='bbox 2498 4840 2710 4903; x_wconf 88' lang='lat' dir='ltr'><strong>evulsit,</strong></span> <span class='ocrx_word' id='word_1_900' title='bbox 2753 4839 2896 4909; x_wconf 90' lang='lat' dir='ltr'><strong>quod</strong></span> <span class='ocrx_word' id='word_1_901' title='bbox 2936 4855 3120 4900; x_wconf 80' lang='lat' dir='ltr'><strong>revera</strong></span> <span class='ocrx_word' id='word_1_902' title='bbox 3147 4857 3180 4898; x_wconf 76' lang='lat' dir='ltr'><strong>.e</strong></span> <span class='ocrx_word' id='word_1_903' title='bbox 3203 4843 3344 4905; x_wconf 82' lang='lat' dir='ltr'><strong>malo</strong></span> <span class='ocrx_word' id='word_1_904' title='bbox 3369 4843 3572 4898; x_wconf 80' lang='lat' dir='ltr'><strong>zizanio</strong></span> 
     </span>
    </p>
   </div>
   <div class='ocr_carea' id='block_1_115' title="bbox 2026 4927 3572 4998">
    <p class='ocr_par' dir='ltr' id='par_1_115' title="bbox 2026 4927 3572 4998">
     <span class='ocr_line' id='line_1_115' title="bbox 2026 4927 3572 4998; baseline 0.007 -18"><span class='ocrx_word' id='word_1_905' title='bbox 2026 4935 2184 4981; x_wconf 90' lang='lat' dir='ltr'><strong>esset.</strong></span> <span class='ocrx_word' id='word_1_906' title='bbox 2207 4946 2225 4979; x_wconf 75' lang='grc' dir='ltr'><strong>ι</strong></span> <span class='ocrx_word' id='word_1_907' title='bbox 2251 4927 2328 4982; x_wconf 81' lang='lat' dir='ltr'><strong>Ac</strong></span> <span class='ocrx_word' id='word_1_908' title='bbox 2342 4929 2500 4997; x_wconf 89' lang='lat' dir='ltr'><strong>paulo</strong></span> <span class='ocrx_word' id='word_1_909' title='bbox 2527 4937 2650 4998; x_wconf 91' lang='lat' dir='ltr'><strong>post</strong></span> <span class='ocrx_word' id='word_1_910' title='bbox 2675 4946 2689 4981; x_wconf 92' lang='lat'>:</span> <span class='ocrx_word' id='word_1_911' title='bbox 2720 4949 2739 4980; x_wconf 82' lang='grc' dir='ltr'><strong>ι</strong></span> <span class='ocrx_word' id='word_1_912' title='bbox 2758 4929 2930 4996; x_wconf 84' lang='lat' dir='ltr'><strong>Quare</strong></span> <span class='ocrx_word' id='word_1_913' title='bbox 2958 4930 3044 4986; x_wconf 85' lang='lat' dir='ltr'><strong>hic</strong></span> <span class='ocrx_word' id='word_1_914' title='bbox 3069 4947 3100 4986; x_wconf 93' lang='lat' dir='ltr'><strong>e</strong></span> <span class='ocrx_word' id='word_1_915' title='bbox 3128 4933 3264 4991; x_wconf 74' lang='lat' dir='ltr'><strong>cmlo</strong></span> <span class='ocrx_word' id='word_1_916' title='bbox 3293 4934 3345 4988; x_wconf 94' lang='lat' dir='ltr'><strong>in</strong></span> <span class='ocrx_word' id='word_1_917' title='bbox 3376 4943 3572 4990; x_wconf 88' lang='lat' dir='ltr'><strong>terram</strong></span> 
     </span>
    </p>
   </div>
   <div class='ocr_carea' id='block_1_116' title="bbox 2024 5014 3571 5092">
    <p class='ocr_par' dir='ltr' id='par_1_116' title="bbox 2024 5014 3571 5092">
     <span class='ocr_line' id='line_1_116' title="bbox 2024 5014 3571 5092; baseline 0.008 -24"><span class='ocrx_word' id='word_1_918' title='bbox 2024 5014 2296 5080; x_wconf 88' lang='lat' dir='ltr'><strong>decidens,</strong></span> <span class='ocrx_word' id='word_1_919' title='bbox 2317 5024 2566 5086; x_wconf 89' lang='lat' dir='ltr'><strong>tanquam</strong></span> <span class='ocrx_word' id='word_1_920' title='bbox 2589 5016 2778 5085; x_wconf 79' lang='lat' dir='ltr'><strong>fulgur,</strong></span> <span class='ocrx_word' id='word_1_921' title='bbox 2817 5019 2956 5079; x_wconf 85' lang='lat' dir='ltr'><strong>sicut</strong></span> <span class='ocrx_word' id='word_1_922' title='bbox 2982 5023 3038 5074; x_wconf 84' lang='lat' dir='ltr'><strong>et</strong></span> <span class='ocrx_word' id='word_1_923' title='bbox 3061 5020 3176 5090; x_wconf 87' lang='lat' dir='ltr'><strong>ejus</strong></span> <span class='ocrx_word' id='word_1_924' title='bbox 3203 5031 3356 5092; x_wconf 87' lang='lat' dir='ltr'><strong>pater</strong></span> <span class='ocrx_word' id='word_1_925' title='bbox 3382 5025 3571 5080; x_wconf 89' lang='lat' dir='ltr'><strong>diabo-</strong></span> 
     </span>
    </p>
   </div>
   <div class='ocr_carea' id='block_1_117' title="bbox 2025 5102 3570 5176">
    <p class='ocr_par' dir='ltr' id='par_1_117' title="bbox 2025 5102 3570 5176">
     <span class='ocr_line' id='line_1_117' title="bbox 2025 5102 3570 5176; baseline 0.008 -21"><span class='ocrx_word' id='word_1_926' title='bbox 2025 5102 2139 5169; x_wconf 82' lang='lat' dir='ltr'><strong>lus,</strong></span> <span class='ocrx_word' id='word_1_927' title='bbox 2189 5105 2368 5158; x_wconf 66' lang='lat' dir='ltr'><strong>multre</strong></span> <span class='ocrx_word' id='word_1_928' title='bbox 2413 5106 2714 5176; x_wconf 86' lang='lat' dir='ltr'><strong>atrocisque</strong></span> <span class='ocrx_word' id='word_1_929' title='bbox 2756 5108 3040 5165; x_wconf 69' lang='lat' dir='ltr'><strong>iracundias</strong></span> <span class='ocrx_word' id='word_1_930' title='bbox 3067 5115 3251 5166; x_wconf 85' lang='lat' dir='ltr'><strong>contra</strong></span> <span class='ocrx_word' id='word_1_931' title='bbox 3295 5115 3570 5168; x_wconf 87' lang='lat' dir='ltr'><strong>veritatem</strong></span> 
     </span>
    </p>
   </div>
   <div class='ocr_carea' id='block_1_118' title="bbox 2025 5191 3572 5268">
    <p class='ocr_par' dir='ltr' id='par_1_118' title="bbox 2025 5191 3572 5268">
     <span class='ocr_line' id='line_1_118' title="bbox 2025 5191 3572 5268; baseline 0.008 -25"><span class='ocrx_word' id='word_1_932' title='bbox 2025 5192 2252 5260; x_wconf 88' lang='lat' dir='ltr'><strong>spirans,</strong></span> <span class='ocrx_word' id='word_1_933' title='bbox 2273 5193 2326 5246; x_wconf 92' lang='lat' dir='ltr'><strong>in</strong></span> <span class='ocrx_word' id='word_1_934' title='bbox 2347 5191 2676 5251; x_wconf 67' lang='lat' dir='ltr'><strong>Palaestinam</strong></span> <span class='ocrx_word' id='word_1_935' title='bbox 2702 5195 2970 5264; x_wconf 80' lang='lat' dir='ltr'><strong>regionem</strong></span> <span class='ocrx_word' id='word_1_936' title='bbox 2997 5199 3290 5268; x_wconf 82' lang='lat' dir='ltr'><strong>navigavit;</strong></span> <span class='ocrx_word' id='word_1_937' title='bbox 3315 5212 3572 5258; x_wconf 86' lang='lat' dir='ltr'><strong>moratus-</strong></span> 
     </span>
    </p>
   </div>
   <div class='ocr_carea' id='block_1_119' title="bbox 2024 5280 3569 5360">
    <p class='ocr_par' dir='ltr' id='par_1_119' title="bbox 2024 5280 3569 5360">
     <span class='ocr_line' id='line_1_119' title="bbox 2024 5280 3569 5360; baseline 0.008 -28"><span class='ocrx_word' id='word_1_938' title='bbox 2024 5295 2128 5350; x_wconf 90' lang='lat' dir='ltr'><strong>que</strong></span> <span class='ocrx_word' id='word_1_939' title='bbox 2147 5280 2199 5339; x_wconf 86' lang='lat' dir='ltr'><strong>in</strong></span> <span class='ocrx_word' id='word_1_940' title='bbox 2219 5281 2628 5338; x_wconf 59' lang='lat' dir='ltr'><strong>Casareensium</strong></span> <span class='ocrx_word' id='word_1_941' title='bbox 2651 5285 2946 5356; x_wconf 87' lang='lat' dir='ltr'><strong>metropoli,</strong></span> <span class='ocrx_word' id='word_1_942' title='bbox 2967 5302 3086 5342; x_wconf 89' lang='lat' dir='ltr'><strong>cum</strong></span> <span class='ocrx_word' id='word_1_943' title='bbox 3103 5304 3380 5360; x_wconf 86' lang='lat' dir='ltr'><strong>personam</strong></span> <span class='ocrx_word' id='word_1_944' title='bbox 3405 5307 3569 5360; x_wconf 90' lang='lat' dir='ltr'><strong>quam</strong></span> 
     </span>
    </p>
   </div>
   <div class='ocr_carea' id='block_1_120' title="bbox 2023 5369 3566 5446">
    <p class='ocr_par' dir='ltr' id='par_1_120' title="bbox 2023 5369 3566 5446">
     <span class='ocr_line' id='line_1_120' title="bbox 2023 5369 3566 5446; baseline 0.006 -24"><span class='ocrx_word' id='word_1_945' title='bbox 2023 5369 2122 5423; x_wconf 90' lang='lat' dir='ltr'><strong>sibi</strong></span> <span class='ocrx_word' id='word_1_946' title='bbox 2150 5369 2395 5424; x_wconf 89' lang='lat' dir='ltr'><strong>induerat</strong></span> <span class='ocrx_word' id='word_1_947' title='bbox 2419 5371 2789 5440; x_wconf 87' lang='lat' dir='ltr'><strong>deposuisset,</strong></span> <span class='ocrx_word' id='word_1_948' title='bbox 2833 5390 2996 5445; x_wconf 89' lang='lat' dir='ltr'><strong>seque</strong></span> <span class='ocrx_word' id='word_1_949' title='bbox 3035 5378 3358 5446; x_wconf 88' lang='lat' dir='ltr'><strong>aperuisset,</strong></span> <span class='ocrx_word' id='word_1_950' title='bbox 3403 5378 3566 5432; x_wconf 85' lang='lat' dir='ltr'><strong>veluti</strong></span> 
     </span>
    </p>
   </div>
   <div class='ocr_carea' id='block_1_121' title="bbox 2021 5457 3564 5536">
    <p class='ocr_par' dir='ltr' id='par_1_121' title="bbox 2021 5457 3564 5536">
     <span class='ocr_line' id='line_1_121' title="bbox 2021 5457 3564 5536; baseline 0.003 -22"><span class='ocrx_word' id='word_1_951' title='bbox 2021 5461 2180 5528; x_wconf 89' lang='lat' dir='ltr'><strong>piscis</strong></span> <span class='ocrx_word' id='word_1_952' title='bbox 2202 5457 2297 5529; x_wconf 89' lang='lat' dir='ltr'><strong>qui</strong></span> <span class='ocrx_word' id='word_1_953' title='bbox 2314 5461 2460 5529; x_wconf 89' lang='lat' dir='ltr'><strong>sepia</strong></span> <span class='ocrx_word' id='word_1_954' title='bbox 2482 5463 2618 5532; x_wconf 87' lang='lat' dir='ltr'><strong>apud</strong></span> <span class='ocrx_word' id='word_1_955' title='bbox 2641 5465 2896 5534; x_wconf 87' lang='lat' dir='ltr'><strong>quosdam</strong></span> <span class='ocrx_word' id='word_1_956' title='bbox 2923 5468 3234 5536; x_wconf 88' lang='lat' dir='ltr'><strong>appellatur,</strong></span> <span class='ocrx_word' id='word_1_957' title='bbox 3265 5468 3564 5535; x_wconf 78' lang='lat' dir='ltr'><strong>signiﬁcans</strong></span> 
     </span>
    </p>
   </div>
   <div class='ocr_carea' id='block_1_122' title="bbox 2021 5549 3562 5622">
    <p class='ocr_par' dir='ltr' id='par_1_122' title="bbox 2021 5549 3562 5622">
     <span class='ocr_line' id='line_1_122' title="bbox 2021 5549 3562 5622; baseline 0.004 -20"><span class='ocrx_word' id='word_1_958' title='bbox 2021 5549 2162 5620; x_wconf 88' lang='lat' dir='ltr'><strong>quod</strong></span> <span class='ocrx_word' id='word_1_959' title='bbox 2183 5550 2281 5603; x_wconf 91' lang='lat' dir='ltr'><strong>sibi</strong></span> <span class='ocrx_word' id='word_1_960' title='bbox 2302 5549 2558 5618; x_wconf 83' lang='lat' dir='ltr'><strong>voluptati</strong></span> <span class='ocrx_word' id='word_1_961' title='bbox 2579 5561 2714 5622; x_wconf 87' lang='lat' dir='ltr'><strong>erat,</strong></span> <span class='ocrx_word' id='word_1_962' title='bbox 2730 5569 2792 5608; x_wconf 90' lang='lat' dir='ltr'><strong>ac</strong></span> <span class='ocrx_word' id='word_1_963' title='bbox 2813 5555 3200 5610; x_wconf 88' lang='lat' dir='ltr'><strong>tenebricosum</strong></span> <span class='ocrx_word' id='word_1_964' title='bbox 3215 5564 3374 5621; x_wconf 86' lang='lat' dir='ltr'><strong>atque</strong></span> <span class='ocrx_word' id='word_1_965' title='bbox 3387 5562 3562 5620; x_wconf 82' lang='lat' dir='ltr'><strong>atrum</strong></span> 
     </span>
    </p>
   </div>
   <div class='ocr_carea' id='block_1_123' title="bbox 3195 5721 3268 5788">
    <p class='ocr_par' dir='ltr' id='par_1_123' title="bbox 3195 5721 3268 5788">
     <span class='ocr_line' id='line_1_123' title="bbox 3195 5721 3268 5788; baseline 0.041 -3"><span class='ocrx_word' id='word_1_966' title='bbox 3195 5721 3268 5788; x_wconf 68' lang='lat'><strong>31</strong></span> 
     </span>
    </p>
   </div>
  </div>
