3994 6140
478 345 576 410 971

1777 301 2220 396 ιύετιΝιΑΝΙ
2263 331 2420 392 IMP-

3569 331 3678 396 972

474 435 726 496 σκοτεινόν
759 461 812 496 τε
855 445 939 496 καί
988 443 1169 514 μάλσινα
1193 445 1304 514 βίον
1329 444 1408 500 ἱόν
1444 445 1709 514 ίξεμίσας,
1745 446 1899 500 inter
1941 447 2005 516 ίγι

2122 443 2242 498 vitae
2269 457 2531 498 venenum
2565 456 2836 506 evomens,
2889 442 2994 496 illic
3033 441 3246 512 scriptis
3273 443 3570 511 expressit,
3619 459 3674 500 et

467 531 670 604 γράφως
696 531 1089 594 ἆπετυπῶσατο,
1127 537 1207 588 καί
1245 535 1468 610 καθάπερ
1495 533 1768 594 ἰουδαίκός
1800 537 2018 596 κάπηλος

468 628 801 698 προσχήματι
825 625 1006 695 άγαθοῦ
1033 633 1194 699 πικρῷ
1220 625 1372 697 γλυκύ
1403 627 1650 699 κατέμιξε.
1679 628 1738 682 Τί
1763 629 1859 701 γάρ
1885 625 1911 680 ό
1941 648 2027 678 κα-

468 719 758 784 κομήχανος
807 707 888 769 καί
917 715 1158 779 μανιώδης
1183 717 1311 788 λέγει
1329 717 1462 783 ςἮν,
1497 722 1636 790 φησὶ,
1657 719 1756 794 πρό
1785 721 2018 787 σώματος

466 803 497 860 ἦ
521 803 670 873 ψυχή
699 803 748 858 ίν
775 806 1000 876 οὐρανοῖς
1025 813 1259 876 προοῦσα
1279 823 1292 835 ’
1319 810 1524 881 κᾴκεῖσε
1542 848 1556 871 ,
1587 811 1764 879 φησίν,
1803 806 2018 880 ἁμαρτή-

463 913 628 948 σασαν
653 895 701 946 ἐν
719 893 906 969 φυλακῇ
929 899 1222 968 κατήγγισε,
1241 899 1496 952 τουτέστιν
1520 899 1569 951 ἕν
1591 904 1664 970 τῷ
1685 900 1884 967 σώματι
1907 917 2020 951 κατ-

463 983 701 1055 ίτεμψεν,
739 986 810 1045 είς
858 987 1185 1058 καθαρισμὸν,
1215 990 1354 1058 φησι,
1382 990 1466 1040 καί
1487 987 1826 1062 σωφρονισμὸν
1851 993 1950 1040 τῶν
1972 987 2019 1038 ἐν

462 1077 688 1146 οὐρανοῖς
712 1076 841 1149 αὐτῇ
867 1077 1194 1146 γεγενημίνων
1232 1075 1604 1150 ἁμαρτημάτων
1621 1091 1635 1106 ⁸
1664 1083 1862 1146 πρῶτον
1887 1073 2018 1128 ἔνθεν

461 1166 604 1224 εὐθὺς
625 1163 650 1218 ό
671 1164 1010 1226 ἆσεϐἕστατος
1038 1167 1314 1238 μυθολογεῖ,
1343 1169 1425 1220 καί
1452 1165 1713 1237 μάχεσθαι
1731 1175 1792 1238 τῇ
1821 1167 2017 1239 ἀληθείᾳ

460 1254 584 1309 θίλει
617 1271 636 1304 ι
663 1257 751 1308 Καί
777 1254 886 1324 μετ’
911 1255 1069 1326 ὀλίγα⁹
1090 1259 1178 1308 (Ei
1195 1255 1247 1310 δὲ
1267 1266 1424 1332 προῆν
1449 1259 1478 1314 ἡ
1498 1257 1649 1327 ψυχὴ
1674 1257 1723 1311 ἐν
1738 1265 1846 1318 τοῖς
1869 1259 2016 1328 οὐρα-

461 1354 581 1410 νοῖς,
603 1349 685 1399 καί
711 1347 1089 1422 προημάρτηκεν
1109 1349 1291 1410 ἐκεῖσε,
1320 1350 1480 1407 καθὼς
1508 1351 1759 1423 Ὠριγένης
1779 1349 1804 1402 ὁ
1825 1353 2012 1418 μανιώ-

462 1433 552 1494 δης
581 1439 662 1488 καί
688 1435 940 1505 θεομάχος
969 1435 1152 1508 ἒοησεν
1173 1477 1186 1499 ,
1214 1435 1314 1491 ἔδει
1342 1442 1410 1508 μὴ
1451 1439 1606 1507 λέγειν
1629 1439 1710 1492 τόν
1738 1438 2012 1508 ἁγιώτατον

459 1528 806 1598 προφήτηνπ-
831 1528 908 1578 καί
924 1525 1161 1579 πλάσσων
1185 1531 1386 1596 πνεῦμα
1411 1527 1672 1600 ἀνθρώπου
1697 1527 1744 1578 ίν
1765 1528 1918 1596 αὐτῷ,
1947 1554 2011 1565 ~—

461 1615 582 1669 άλλά
625 1613 826 1684 μᾶλλον,
862 1617 1246 1686 καταγγίζων
1292 1621 1535 1685 πνεῦμα
1578 1616 1896 1688 ἀνθρώπου
1954 1617 2012 1668 ἐν

457 1708 640 1775 αὐτῷ,
669 1705 699 1764 ἦ
727 1707 870 1776 τάχα
897 1708 1331 1778 καταπέμπων.
1361 1711 1459 1760 Νῦν
1488 1705 1539 1760 δέ
1572 1712 1639 1778 μή
1669 1714 1815 1761 τοῦτο
1841 1709 2008 1776 λέγων,

457 1796 577 1850 ἀλλά
621 1796 918 1852 πλάσσων
948 1799 1006 1852 ἕν
1028 1797 1212 1868 αὐτῷ,
1240 1795 1462 1851 δείκνυσι
1499 1804 1673 1852 τοῦτον
1715 1799 1856 1852 λύκον
1892 1796 1943 1852 ὅν

379 1887 386 1895 ’
456 1885 756 1958 βαρύτατον,
781 1883 1092 1956 ἐνδεδυμένον
1113 1883 1288 1949 ἔξωθεν
1314 1888 1440 1958 πρὸς
1463 1887 1656 1944 ἀπάτην
1677 1887 1924 1947 ἀπωλείας
1948 1889 2011 1942 τά

454 1971 629 2027 κώδια.
659 1971 748 2034 Ὠς
790 1976 1045 2048 οὐρανόθεν
1085 1977 1180 2050 γάρ
1209 1975 1234 2029 ό
1263 1977 1533 2038 ἐπίληπτος
1555 2017 1568 2038 ,
1602 1979 1688 2031 καί
1741 1979 1808 2032 τά
1856 1979 2008 2032 ἐκεῖσε

455 2062 869 2135 διατετυπωμίνα
899 2067 1223 2138 ἐπιστάμενος
1264 2076 1548 2142 προφανῶς,
1574 2071 1628 2122 οὐ
1655 2069 1796 2139 μόνον
1825 2075 2009 2146 προοῦ·

456 2177 569 2216 σαν,
595 2154 714 2210 άλλὰ
743 2159 825 2210 καὶ
851 2160 1280 2231 προημαρτηκὲναι
1307 2164 1394 2218 τήν
1413 2157 1592 2229 ψυχὴν
1619 2159 1768 2230 λέγει.
1806 2177 1826 2210 ε
1858 2158 2008 2214 ’Δπο-

452 2247 690 2304 δέδεικται
719 2252 878 2304 τοίνυν
907 2248 990 2304 διά
1011 2271 1063 2304 τε
1094 2259 1184 2310 τῆς
1207 2252 1340 2310 θεΞας
1365 2260 1558 2324 γραφῆς
1575 2291 1591 2316 ,
1621 2254 1702 2305 καί
1729 2259 1825 2305 τῶν
1857 2251 2010 2324 ἁγίων

453 2342 706 2414 πατέρων,
739 2339 815 2395 ὅτι
854 2338 964 2394 οὐδὲ
1091 2347 1188 2394 τῶν
1228 2347 1535 2414 Χριστιανῶν
1566 2341 1762 2414 ἀληθινῇ
1803 2343 2006 2401 πίστει.

453 2427 564 2482 οὐδὲ
591 2435 664 2500 τῷ
691 2429 815 2496 ὀρθῷ
837 2428 968 2498 λόγῳ
1001 2429 1366 2504 συμςαίνουσιν
1393 2430 1446 2483 αί
1480 2439 1576 2484 τῶν
1604 2431 1856 2506 α’ρετικῶν
1891 2435 2010 2504 περὶ

454 2517 817 2588 προτὲπάρξεως
847 2515 1035 2586 ψυχῶν
1064 2517 1344 2587 φαντασίαι.

521 2605 622 2658 Καὶ
642 2609 792 2660 τοῦτο
810 2601 861 2658 δέ
884 2605 1011 2677 πρὸς
1035 2611 1144 2664 τοῖς
1165 2601 1323 2665 ἄλλοις
1346 2610 1430 2664 την
1454 2605 1736 2682 Ὠριγένους
1759 2610 2006 2681 παρίστη-

454 2714 535 2747 σιν
561 2689 748 2755 ἄνοιαν,
776 2695 832 2748 τό
854 2693 1009 2764 λέγειν
1045 2694 1128 2748 τόν
1152 2695 1378 2767 οὐρανόν,
1408 2700 1494 2748 xxi
1516 2700 1600 2752 τόν
1619 2699 1778 2763 ἣλιον,
1810 2701 1890 2755 καί
1920 2706 2009 2760 τὴν

451 2782 684 2843 σελήνην,
707 2784 790 2836 καί
813 2785 930 2840 τούς
965 2784 1204 2856 άστέρας,
1233 2786 1316 2836 καί
1355 2786 1418 2838 τά
1444 2783 1606 2841 ὕδατα
1632 2777 1706 2841 τά.
1722 2789 1888 2844 ἐπάνω
1911 2798 2009 2846 τῶν

451 2871 666 2944 οὐρανῶν
687 2869 932 2942 ἔμψυχα,
957 2876 1036 2928 καί
1054 2873 1254 2946 λογικάς
1275 2899 1410 2938 τινας
1429 2875 1553 2933 εἶναι
1567 2879 1818 2951 δυνάμεις.
1835 2891 2010 2940 Ταῦτα

451 2958 504 3011 δὲ
530 2966 702 3028 σαφῶς
729 2959 1034 3033 ἀπαγορεύει
1074 2965 1157 3018 καί
1196 2963 1222 3018 ὃ
1267 2966 1316 3019 δν
1355 2966 1516 3038 ἁγίοις
1557 2971 1810 3032 Βασίλειος
1845 2971 1894 3026 ἕν
1935 2983 2008 3046 τῷ

450 3051 602 3120 τρίτῳ
627 3048 755 3120 λόγῳ
781 3057 869 3104 τοῦ
891 3051 1251 3124 ὑπομνήματος
1265 3057 1682 3130 τῆςἘξαημίρου,
1705 3061 1858 3132 λέγων
1880 3067 2008 3120 κατά

448 3145 546 3230 τῶν
573 3134 846 3212 Ὠριγένους
875 3139 1138 3212 δογμάτων
1167 3145 1344 3210 οὕτως·
1365 3147 1532 3218 (Ἡμῖν
1559 3149 1613 3204 δὲ
1641 3153 1870 3230 γαίπρός
1889 3160 2008 3218 τούς
2037 3149 2080 3210 C

448 3229 548 3282 ἀπό
573 3237 664 3288 τῆς
698 3231 959 3292 ἐκκλησίας
999 3233 1110 3288 ίστί
1131 3255 1210 3295 τις
1233 3235 1372 3308 λόγος
1397 3241 1513 3313 περὶ
1538 3245 1636 3294 τῶν
1663 3238 2006 3318 διακριθέντων

447 3315 674 3381 ὐδάτων,
723 3319 770 3374 οἳ
813 3323 1064 3395 προφάσει
1117 3325 1371 3396 ἀναγωγῆς
1437 3329 1520 3382 καί
1562 3315 1819 3401 νοημάτων
1865 3331 2005 3391 δῆθεν

447 3407 781 3484 ὑψηλοτέρων,
808 3413 877 3470 εἰς
901 3412 1190 3490 άλληγορὶαν
1212 3405 1502 3487 κατέφυγον.
1525 3416 1762 3490 δυνάμεις
1783 3421 2005 3494 λέγοντες

445 3502 786 3568 πνευματικὰς
821 3505 906 3555 καὶ
946 3503 1247 3573 ἀσωμάτους
1293 3513 1536 3578 τροπικῶς
1574 3509 1626 3562 ἐκ
1672 3518 1770 3565 τῶν
1807 3511 2003 3567 ὑδάτων

446 3593 774 3658 σημαίνεσθαι
835 3593 914 3649 καί
937 3591 1035 3649 ἅνω
1058 3599 1148 3666 μὲν
1184 3597 1268 3651 επὶ
1302 3604 1394 3652 τοῦ
1421 3604 1768 3674 στερεώματος
1790 3626 2003 3677 μεμενη-

449 3680 582 3732 κέναι
607 3682 698 3741 τάς
725 3686 1002 3756 κρείττους,
1033 3683 1170 3739 κάτω
1199 3684 1252 3740 δὲ
1279 3689 1328 3742 ἐν
1351 3696 1460 3749 τοῖς
1485 3695 1772 3766 περιγείοις,
1797 3697 1874 3747 κιί
1902 3696 2004 3749 ὑλι-

448 3777 548 3829 κοίς
575 3772 748 3832 τόποις
789 3785 1194 3846 προσαπομεῖναι
1229 3781 1322 3837 τάς
1364 3781 1603 3853 πονηράς.
1647 3786 1735 3837 Διά
1775 3790 1922 3840 τοῦτο
1949 3784 2002 3840 δέ

447 3883 588 3932 φασι.
621 3867 697 3917 καί
721 3866 786 3918 τά
807 3866 968 3918 ίπάνω
987 3872 1089 3930 τῶν
1109 3869 1328 3942 οὐρανῶν
1353 3867 1513 3923 ῦδκτα
1533 3871 1682 3924 αἰνεῖν
1709 3873 1790 3927 τόν
1812 3874 1998 3949 κύριον,

446 3953 685 4006 τουτέστι
711 3955 800 4012 τάς
831 3955 1022 4025 άγαθάς
1045 3953 1276 4026 δυνάμεις
1293 4001 1306 4023 ,
1331 3959 1472 4021 ἀξίας
1496 3957 1652 4022 οῦσας
1680 3959 1762 4016 διά
1789 3963 2000 4041 καθαρό-

445 4061 575 4098 τητα
612 4046 701 4096 τοῦ
746 4044 1038 4112 ἡγεμονικοῦ
1063 4045 1146 4098 τόν
1169 4047 1424 4119 πρέποντα
1451 4044 1584 4102 αἶνον
1613 4049 1903 4107 ἀποδιδόναι
1929 4063 2000 4124 τῷ

445 4133 669 4184 κτίσαντι
683 4145 696 4160 ⁸
724 4133 788 4186 τά
811 4130 864 4184 ὃὶ
885 4133 1118 4190 ὑποκάτω
1139 4140 1236 4187 τῶν
1256 4137 1479 4210 οὐρανῶν
1499 4135 1664 4192 ῦδατα
1694 4146 2001 4210 πνευματικά

445 4221 570 4282 εἶναι
596 4235 686 4287 τῆς
711 4231 966 4304 πονηρίας,
995 4229 1096 4282 άπὸ
1124 4235 1214 4284 τοῦ
1235 4232 1362 4285 κατὰ
1382 4233 1528 4303 φύσιν
1547 4232 1707 4303 ῦπιιους
1728 4237 1800 4296 εἰς
1823 4237 1882 4290 τό
1910 4247 1999 4297 τῆς

445 4320 614 4376 κακίας
636 4318 789 4387 βάθος
813 4319 1166 4374 καταπεσόντα
1187 4335 1200 4349 '
1225 4320 1353 4397 ἅπερ
1379 4325 1444 4384 ὡς
1469 4324 1750 4402 ταραχώδη
1777 4323 1891 4382 ὄντα
1919 4335 2000 4382 καί

444 4413 778 4464 στασιαστικά
795 4451 809 4476 ,
839 4413 919 4464 καί
941 4417 1052 4470 τοῖς
1073 4413 1300 4484 θορύϐοις
1322 4421 1419 4468 τῶν
1443 4419 1609 4469 παθῶν
1641 4419 1995 4490 κυμαινόμενα,

441 4497 696 4558 θαλάσσας
723 4500 1073 4570 ὀνομάζεσθαι,
1106 4499 1188 4555 διὰ
1215 4503 1270 4557 τό
1298 4505 1658 4570 εὐμετάϐλητον
1675 4545 1689 4566 ,
1719 4511 1800 4560 καί
1836 4506 1994 4564 ἄστα-

440 4607 548 4651 τον,
577 4594 674 4642 τῶν
700 4591 831 4642 κατά
858 4591 1150 4662 προαίρεσιν
1177 4595 1474 4660 κινημάτων.
1507 4599 1631 4656 Τούς
1662 4596 1714 4651 δὲ
1739 4603 1996 4660 τοιούτους

442 4677 613 4750 λόγους
663 4682 731 4740 ὡς
777 4681 1042 4754 ὀνειράτων
1085 4683 1372 4754 συγχύσεις
1409 4687 1488 4738 καί
1527 4687 1772 4759 γραώδεις
1812 4691 1999 4758 μύθους

442 4767 891 4838 άποπεμψάμενοι,
923 4771 978 4821 τὸ
1003 4768 1138 4842 ὕδωρ
1181 4773 1431 4840 νοήσωμεν
1467 4773 1604 4848 ὕδωρ
1622 4815 1634 4836 ,
1665 4780 1748 4830 καί
1775 4783 1862 4836 τήν
1890 4777 1997 4835 διά·

441 4873 606 4927 κρισιν
635 4861 720 4914 τήν
755 4857 854 4910 ὐπὸ
880 4863 970 4911 τοῦ
1013 4861 1365 4932 στερεῶματος
1393 4864 1518 4916 κατά
1544 4869 1632 4920 τήν
1671 4864 1994 4921 ἀποδοθεῖσαν

421 4945 607 5024 ,αἰτίαν
633 4943 898 5016 δεξώμεθα,
929 4943 1022 5018 κᾷν
1047 4951 1118 5008 εἰς
1145 4947 1424 5022 δοξολογίαν
1449 4955 1571 5006 ποτὲ
1597 4961 1684 5008 τοῦ
1704 4964 1867 5012 γοινοῦ
1893 4966 1989 5014 τῶν

440 5032 562 5086 ὅλων
584 5031 830 5089 δεσπότου
856 5039 920 5091 τά
940 5039 1172 5111 ὑπεράνω
1191 5045 1286 5092 τῶν
1307 5041 1519 5110 οὐρανῶν
1541 5043 1989 5115 παραλαμϐάνηται

440 5119 627 5184 εδατα,
659 5125 716 5176 οὐ
739 5124 936 5196 λογικήν
955 5127 1082 5180 αὐτά
1106 5127 1252 5196 φύσιν
1273 5131 1413 5201 παρά
1436 5136 1586 5205 τοῦτο
1605 5133 1846 5203 τιθέμεθα.
1861 5135 1988 5193 οἵτε

437 5211 536 5283 γάρ
561 5212 606 5264 oi
632 5213 834 5283 οὐρανοὶ
858 5211 1092 5283 ἕμξί-υχοι
1115 5255 1128 5278 ,
1163 5216 1330 5277 ἐπειδὴ
1359 5217 1646 5290 διηγοδνται
1670 5221 1812 5286 δόξαν
1839 5233 1988 5288 Θεοῦ,

439 5301 550 5358 οὐδὲ
602 5305 660 5360 τό
705 5306 968 5378 στερέωμα
1009 5310 1130 5369 ζῶον
1173 5310 1435 5373 αἰσθητόν,
1497 5311 1663 5372 ἐπειδὴ
1708 5315 1992 5385 ἀναγγέλλει

435 5397 635 5454 ποίησιν
653 5404 753 5450 τῶν
778 5403 963 5470 χειρῶν
987 5397 1163 5451 αὐτοῦ.
1179 5407 1288 5454 »Δεῖ
1305 5398 1356 5454 δί
1369 5403 1646 5476 προσέχειν
1667 5408 1784 5464 τοὺς
1809 5409 1990 5481 ἀκροα-

438 5493 563 5558 τὰς,
590 5491 666 5547 ὅτι
692 5501 764 5566 τῷ
797 5496 950 5547 εἰπεῖν
978 5495 1062 5550 τὸν
1086 5497 1304 5570 πατέρα,
1339 5515 1357 5548 t
1376 5501 1502 5572 πρὸς
1522 5503 1639 5560 τοὺς
1660 5503 1760 5556 άπὸ
1787 5513 1876 5563 τῆς
1916 5507 1992 5559 ἐκ·

440 5595 640 5654 κλησίας
659 5597 769 5678 ἐστὶ
794 5616 869 5654 τις
890 5598 1002 5663 ἡμῖν
1019 5597 1182 5668 λόγος,
1197 5617 1215 5648 ι
1239 5603 1354 5670 περί
1377 5603 1659 5674 Ὡριγὲνους
1685 5601 1985 5672 ⁸διαλέγεται,

443 5693 528 5744 τῆς
557 5693 645 5741 τοῦ
682 5694 806 5742 Θεοῦ
845 5690 1063 5760 χάριτος
1100 5695 1179 5744 καί
1221 5700 1305 5750 τῆς
1335 5692 1480 5762 ἁγίας
1532 5701 1622 5747 τοῦ
1650 5701 1774 5748 Θεοῦ
1818 5695 1989 5753 ἑκκληο

2120 535 2274 590 sicuti
2319 547 2487 602 caupo
2516 531 2793 598 Judaicus,
2844 533 2967 587 boni
2998 531 3177 602 specie
3207 547 3272 586 ac
3315 533 3671 601 simulatione,

2117 623 2256 677 dulci
2287 635 2522 676 amarum
2551 621 2780 676 miscuit.
2802 620 2938 686 Quid
2968 621 3109 676 enim
3141 621 3242 676 iste
3269 636 3432 691 prave
3450 625 3672 679 moliens

2118 721 2276 780 atque
2303 710 2569 765 insaniens
2597 710 2762 764 dicit?
2792 711 2936 775 Erat,
2971 712 3162 780 inquit,
3193 711 3371 767 anima
3398 721 3523 770 ante
3547 730 3668 771 cor-

2117 815 2237 869 pus,
2267 807 2321 854 et
2345 799 2714 868 praeeristebat
2739 798 2793 852 in
2817 799 2965 854 cmlis
2992 817 3006 851 :
3033 815 3279 868 eamque,
3306 815 3428 856 cum
3458 803 3530 856 ibi
3555 817 3679 871 pec-

2027 889 2033 895 '
2116 895 2307 948 casset,
2331 889 2382 940 in
2412 888 2706 942 custodiam
2737 889 2998 944 immersit
3021 890 3179 952 Deus,
3213 889 3266 944 id
3291 897 3374 946 est
3399 891 3452 946 in
3481 907 3670 963 corpus

2115 975 2329 1030 demisit
2377 992 2390 1028 :
2439 976 2506 1029 ad
2536 977 2930 1045 purgationem,
2961 979 3159 1047 inquit,
3190 990 3246 1035 et
3271 982 3668 1050 castigationem

2115 1064 2469 1120 admissurum
2490 1065 2541 1118 in
2565 1065 2712 1120 cmlis
2739 1066 3036 1121 criminum.
3069 1067 3201 1123 llinc
3223 1069 3451 1138 primum
3474 1071 3669 1140 impiis-

2113 1153 2279 1208 simus
2306 1153 2547 1223 protinus
2591 1151 2884 1218 fabulatur,
2933 1155 3318 1224 veritatemque
3356 1173 3664 1228 oppugnare

2114 1243 2340 1298 studet.)
2368 1243 2445 1296 Ac
2465 1243 2622 1312 paulo
2650 1253 2806 1312 post:
2838 1243 2921 1298 «Si
2952 1254 3076 1298 ante
3103 1244 3200 1299 fuit
3225 1247 3401 1300 anima
3423 1246 3476 1300 in
3497 1249 3664 1308 curiis.

2111 1333 2288 1402 ibique
2312 1333 2457 1401 prius
2483 1333 2720 1402 deliquit,
2754 1340 2809 1385 ut
2834 1333 3132 1388 malesanus
3169 1335 3422 1402 Origenes
3457 1335 3667 1404 Dcoquc

2111 1435 2410 1488 repugnans
2437 1419 2607 1485 dixit,
2651 1437 2757 1474 non
2795 1422 3035 1490 oportuit
3059 1422 3237 1476 dicere
3271 1424 3662 1477 sanatissimmn

2110 1509 2425 1576 prophetam
2468 1526 2482 1560 :
2531 1507 2598 1561 Et
2645 1509 2846 1578 ﬁngens
2893 1510 3126 1578 spiritum
3173 1508 3392 1563 hominis
3444 1511 3496 1562 in
3554 1511 3662 1578 ipso

2113 1596 2296 1667 (Zacli.
2327 1596 2420 1666 xu)
2455 1615 2466 1649 :
2499 1597 2592 1650 sed
2620 1599 2814 1666 potius,
2848 1597 3190 1664 Demergcns,
3221 1598 3371 1668 quasi
3393 1600 3443 1652 in
3474 1608 3662 1665 utrem,

2109 1685 2348 1754 Spiritum
2380 1687 2609 1742 hominis
2639 1688 2690 1740 in
2734 1687 2888 1756 ipso;
2937 1689 3019 1742 vel
3058 1687 3313 1749 fortasse,
3355 1687 3660 1744 Demittens.

1947 1821 2010 1854 τα
2043 1798 2084 1856 Β
2112 1773 2228 1828 Jatn
2261 1790 2387 1829 vero
2414 1792 2532 1830 cum
2562 1777 2665 1830 hoc
2693 1792 2797 1830 non
2827 1775 3004 1854 dicat,
3052 1778 3145 1831 sed
3192 1775 3420 1846 Fingens
3450 1779 3502 1831 in
3532 1780 3659 1847 ipso.

2111 1865 2340 1922 Ostendit
2367 1865 2507 1920 hunc
2538 1865 2714 1934 lupum
2743 1866 3107 1932 gravissimqu
3136 1881 3272 1927 esse,
3299 1866 3539 1920 indutum
3569 1883 3658 1920 ex-

2112 1953 2372 2010 trinsecus
2392 1956 2507 2010 ovis
2527 1957 2664 2025 pelle
2678 1956 2743 2010 ad
2761 1957 3128 2026 deccptionem
3147 1959 3478 2026 perditionis.
3504 1958 3658 2025 Quasi

2111 2043 2251 2098 enim
2273 2043 2340 2099 de
2354 2045 2494 2100 calo
2518 2045 2750 2109 veniens,
2766 2045 2941 2112 ibique
2961 2047 3246 2100 constituta
3267 2055 3453 2115 aperte
3472 2049 3658 2114 sciens,

2111 2146 2215 2186 non
2242 2133 2414 2189 solum
2435 2148 2622 2188 vecors
2641 2135 3035 2201 princxstitissc,
3059 2135 3151 2188 sed
3180 2135 3325 2203 prius
3352 2137 3512 2190 etiam
3541 2153 3660 2206 pec-

2110 2239 2263 2279 casse
2292 2225 2519 2278 animam
2551 2225 2696 2278 dicit.
2727 2244 2746 2276 ι
2798 2223 2974 2291 Quare
3001 2225 3422 2280 demonstratum
3449 2237 3530 2282 est
3559 2238 3660 2282 tum

2109 2332 2140 2370 e
2161 2316 2335 2370 divina
2361 2315 2656 2385 Scriptura,
2688 2325 2799 2370 tum
2829 2333 2860 2370 e
2887 2294 3084 2371 sanctis
3111 2316 3370 2383 Patribus,
3405 2335 3503 2374 nec
3523 2336 3658 2374 vera:

2108 2403 2529 2458 Christianorum
2556 2404 2696 2468 tidei,
2725 2420 2820 2458 nec
2849 2414 3007 2459 rectm
3028 2391 3219 2458 rationi
3246 2409 3531 2462 convenire
3559 2410 3662 2462 hau

2108 2495 2392 2549 reticorum
2411 2493 2478 2548 de
2504 2494 2801 2548 animarum
2826 2495 3216 2563 prmexistentia
3240 2496 3658 2565 iinagiuatioues.

2180 2581 2441 2636 Pmterea
2477 2582 2581 2636 hoc
2605 2595 2818 2650 quoque
2855 2579 3094 2648 Origenis
3129 2583 3458 2638 demonstrat
3487 2601 3666 2645 amen.

2107 2673 2271 2735 tiam,
2303 2668 2445 2739 quod
2473 2667 2708 2723 afﬁrmat
2735 2669 2926 2725 cmlum
2945 2710 2958 2735 ,
2989 2678 3043 2724 et
3071 2671 3258 2736 solem,
3289 2682 3344 2726 et
3385 2673 3584 2741 lunam,
3609 2684 3664 2728 et

2107 2761 2307 2824 stellas,
2329 2772 2378 2813 et
2404 2774 2566 2828 aquas
2589 2775 2707 2828 quae
2732 2774 2890 2830 super
2916 2760 3080 2815 cmlos
3107 2769 3248 2824 sunt,
3271 2763 3497 2817 animata
3525 2780 3662 2832 esse,

2107 2857 2164 2904 et
2189 2849 2444 2918 quasdam
2474 2864 2592 2904 esse
2622 2850 2842 2904 virtutes
2880 2849 3087 2906 ratione
3117 2859 3342 2906 utentes.
3385 2851 3506 2906 Haec
3535 2869 3661 2906 vero

2108 2946 2292 3008 aperte
2352 2937 2545 2993 refellit
2589 2947 2804 2993 sanctus
2849 2937 3076 2994 Basilius
3117 2939 3168 2992 in
3213 2939 3364 2992 tertio
3407 2955 3653 2994 sermone

2109 3029 2612 3085 commentariorum
2652 3028 2707 3082 in
2750 3025 3138 3091 Hexaemeron,
3165 3027 3238 3082 sic
3266 3035 3447 3082 contra
3475 3024 3650 3096 0rige~

2111 3121 2192 3175 nis
2215 3119 2507 3174 doctrinam
2528 3119 2802 3188 disputans
2823 3119 3015 3189 (Prope
3031 3118 3204 3190 ﬁnem)
3229 3137 3243 3172 :
3271 3137 3290 3170 ι
3316 3117 3474 3174 Nobis
3493 3136 3654 3190 porro

2108 3209 2176 3263 de
2203 3207 2466 3276 separatis
2495 3209 2646 3276 aquis
2675 3207 2954 3262 dicendum
3001 3216 3112 3264 est.
3133 3215 3188 3262 et
3231 3207 3296 3262 ad
3327 3222 3421 3263 eos
3459 3208 3551 3277 qui
3592 3210 3659 3265 ab

2107 3295 2349 3351 Ecclesia
2379 3297 2721 3362 exciderunt,
2750 3297 2840 3364 qui
2879 3296 2976 3351 sub
3005 3295 3229 3351 obtentu
3257 3312 3439 3352 sensus
3467 3311 3661 3365 anagn-

2104 3387 2207 3456 gici
2250 3395 2304 3440 et
2331 3385 2696 3440 sublimiorum
2726 3386 2972 3440 videlicet
3008 3387 3416 3452 sententiarum,
3441 3386 3506 3440 ad
3531 3387 3657 3441 alle-

2103 3476 2306 3544 guriam
2342 3472 2722 3542 confugerunt,
2754 3467 2810 3528 ei.
2848 3482 3092 3528 asserunt
3139 3475 3362 3530 virtutes
3406 3475 3656 3542 quasdam

2103 3565 2403 3634 spirituales
2423 3571 2477 3617 et
2498 3563 2836 3632 incorporeas
2858 3562 3062 3631 tropice
3087 3561 3154 3616 ab
3176 3561 3622 3630 aquissigniticari
3637 3603 3652 3626 ,

2105 3667 2168 3707 ac
2195 3667 2403 3707 sursum
2431 3651 2640 3720 quidem
2669 3651 2721 3704 in
2753 3651 3086 3704 ﬁrmamento
3109 3649 3366 3704 mansisse
3393 3651 3653 3714 meliores,

2102 3740 2348 3795 deorsum
2396 3756 2523 3794 vero
2573 3740 2625 3796 in
2667 3739 3000 3798 terrestribus
3047 3739 3483 3808 silvestribusque
3532 3739 3655 3792 locis

2103 3831 2399 3885 deteriores
2428 3829 2724 3898 per.~.titisse
2750 3845 2764 3893 ;
2813 3842 2876 3882 ac
2903 3827 3100 3881 idcirco
3149 3827 3318 3892 aiunt,
3349 3841 3513 3894 aquas
3542 3841 3652 3892 qmc

2099 3935 2260 3990 supra
2300 3919 2464 3974 cmlos
2500 3925 2662 3985 sunt,
2707 3916 2922 3970 laudare
2965 3914 3272 3980 Dominum,
3304 3915 3357 3970 id
3385 3924 3467 3970 est
3494 3916 3652 3970 bonas

2099 4007 2348 4070 virtutes,
2380 4021 2497 4076 quae
2525 4006 2695 4073 digna:
2723 4015 2842 4058 sunt
2873 4011 3088 4074 propter
3113 4003 3334 4070 potioris
3361 4004 3526 4072 partis
3555 4019 3648 4070 pu-

2099 4098 2330 4160 ritatem,
2361 4096 2635 4151 decentem
2665 4095 2870 4150 laudem
2901 4093 3122 4148 reddere
3159 4092 3399 4147 Creatori
3425 4110 3440 4160 ;
3486 4105 3649 4160 aquas

2099 4200 2252 4253 vero,
2281 4199 2399 4254 qua:
2439 4186 2621 4238 subter
2647 4184 2812 4239 caelos
2847 4189 2988 4247 sunt,
3017 4162 3310 4252 spiritualia
3338 4196 3455 4236 esse
3480 4196 3648 4248 ncqui-

2101 4276 2204 4341 tim,
2231 4290 2348 4344 qua:
2367 4291 2398 4330 e
2417 4274 2644 4332 naturali
2672 4274 2994 4328 sublimitate
3023 4273 3085 4326 in'
3102 4273 3315 4327 malitiae
3337 4271 3646 4342 profundum

2099 4365 2442 4428 deciderunt;
2473 4379 2640 4433 eaque
2667 4373 2723 4416 ut
2745 4363 3045 4417 turbulenta
3074 4371 3128 4416 ct
3154 4357 3424 4426 seditiosa,
3451 4362 3645 4430 passioo

2099 4470 2328 4524 numque
2355 4455 2659 4510 tumultibus
2685 4447 3009 4516 fluctuantia,
3038 4452 3204 4506 maria
3234 4451 3510 4521 appellari,
3537 4465 3646 4518 pro-

2098 4550 2216 4612 pter
2244 4541 2448 4596 facilem
2476 4535 2822 4595 mutationem
2853 4549 3012 4608 atque
3039 4539 3435 4593 instabilitatem
3461 4537 3644 4592 volun.

2097 4631 2350 4684 tariorum
2380 4637 2638 4684 motuum.
2683 4629 2751 4682 At
2782 4643 2878 4682 nos
2905 4627 3202 4696 hujusmodi
3233 4627 3499 4689 rationes,
3532 4635 3634 4680 tan-

2095 4734 2253 4788 quam
2277 4719 2496 4774 confusa
2531 4719 2736 4774 somnia
2759 4727 2812 4772 et
2840 4718 3006 4773 aniles
3031 4715 3252 4778 fabulas,
3284 4717 3642 4786 repudiemus;

2095 4823 2286 4877 aquam
2327 4823 2445 4864 esse
2472 4808 2768 4875 cogitemus
2793 4809 2832 4874 ',
2857 4807 3353 4876 separationemque
3398 4822 3428 4860 a
3477 4807 3645 4859 ﬁrma-

2094 4904 2276 4950 mento
2305 4895 2492 4950 factam
2523 4896 2844 4964 accipiamus
2884 4895 3174 4949 secundum
3203 4895 3462 4948 redditam
3489 4896 3646 4948 ratio-

2096 4998 2237 5036 nem.
2291 4989 2367 5038 Ac
2402 4984 2445 5036 si
2485 4984 2696 5052 quando
2733 4983 2798 5036 ad
2826 4983 3121 5038 Communis
3154 4983 3515 5038 universorum
3545 4983 3644 5036 Do-

2095 5070 2224 5123 mini
2270 5071 2706 5146 gioriiicationem
2765 5087 2912 5142 aqua
2973 5086 3084 5141 qua:
3135 5087 3286 5141 super
3334 5071 3484 5124 cmlos
3533 5080 3644 5125 sunt

2097 5158 2318 5228 (Psalm.
2351 5160 2564 5229 cxnvm)
2595 5169 2960 5226 assumuntur,
2993 5175 3097 5214 non
3128 5169 3408 5230 propterea
3432 5175 3523 5214 eas
3549 5160 3643 5213 du.-

2095 5261 2276 5301 camus
2299 5262 2416 5300 esse
2444 5257 2680 5300 naturam
2711 5249 2915 5303 ratione
2937 5255 3192 5302 utentem.
3227 5247 3332 5302 Nec
3359 5249 3500 5301 enim
3529 5246 3641 5300 (mli

2096 5338 2294 5392 idcirco
2339 5339 2554 5391 animati
2601 5347 2757 5402 sunt,
2805 5339 2938 5408 quod
2984 5347 3227 5390 cnarrant
3281 5338 3498 5408 gloriam
3551 5335 3644 5390 Dei

2093 5428 2261 5498 (Psal.
2290 5432 2467 5490 xviii);
2504 5445 2600 5482 nec
2633 5428 3014 5482 firmamentum
3045 5427 3236 5480 animal
3266 5435 3346 5479 est
3375 5425 3642 5495 prmtlitnm

2089 5534 2266 5585 sensu,
2287 5521 2534 5589 quoniam
2559 5535 2719 5588 Opera
2742 5534 2986 5570 manuum
3016 5516 3129 5584 ejus
3149 5518 3438 5569 annuntiat.
3473 5536 3512 5583 ι,
3527 5516 3644 5570 Huic

2093 5606 2330 5660 Basilius.
2363 5607 2751 5661 Attendendum
2777 5623 2936 5676 porro
2965 5614 3045 5660 est
3067 5605 3412 5666 auditoribus,
3437 5603 3645 5658 Patrem

2087 5694 2177 5748 illo
2209 5696 2364 5748 modo
2393 5696 2640 5763 loquendi
2670 5711 2839 5761 usum,
2871 5714 2888 5746 ι
2921 5693 3110 5748 Sermo
3152 5691 3365 5763 quidam
3395 5694 3545 5750 nobis
3559 5703 3645 5750 est

543 5766 556 5782 ⁸
575 5775 962 5833 Consonantius
992 5778 1176 5834 Grzeco
1205 5779 1468 5847 legeretur
1495 5799 1672 5852 «quam
1694 5799 1803 5836 esse
1833 5787 2102 5852 ccqilt’rittls
2128 5800 2332 5852 aquam.
2362 5783 2506 5837 er.
