3994 6140
407 395 510 456 973
1483 383 1712 444 LIBER
1754 381 2149 443 ADVERSUS
2187 381 2610 448 ORIGENEM.
3506 399 3612 471 9ἷὶ

407 506 524 563 σίας
545 507 886 573 ἀπελαθέντος,
911 508 990 558 καί
1015 511 1112 559 τῶν
1132 503 1407 578 ὁμοῖρόνων
1427 504 1612 574 ἐκείνῳ·
1635 506 1692 557 ού
1716 505 1810 579 γάρ
1833 497 1955 566 εἷπεε

2067 497 2131 552 ad
2162 514 2252 554 eos
2281 498 2372 569 qui
2396 509 2516 554 sunt
2545 503 2609 554 ab
2635 502 2889 563 iicrlesia,
2913 521 2928 552 ι
2949 503 3012 556 de
3038 501 3260 568 Origene
3283 503 3558 570 disserere,
3582 522 3611 574 a

415 613 432 644 ε
453 595 578 669 πρὸς
610 597 727 654 τούς
747 597 798 648 ἓν
829 602 892 666 τῇ
917 593 1174 666 έκκλησίᾳ,
1191 611 1209 642 ι
1401 608 1418 641 ε
1437 593 1562 664 πρὸς
1589 594 1708 652 τούς
1733 593 1834 646 ἀπὸ
1871 599 1959 650 τῆς

406 681 664 742 ἐκκλησίας
698 685 812 754 ἡμῖν
840 684 948 736 ἐστί
974 703 1051 740 τις
1088 681 1252 752 λόγος’
1277 699 1295 732 ι
1319 683 1402 736 καί
1443 680 1525 735 διά
1562 683 1650 750 μὲν
1689 687 1778 736 τοῦ
1809 683 1963 735 εἰπεῖν

411 787 432 820 ί
462 771 598 839 ύμῖν,
619 788 638 821 ε
667 773 784 831 τοὺς
808 779 897 830 τῆς
922 771 1184 830 ἐκκλησίας
1227 768 1467 826 ἐδήλωσε·
1495 767 1578 823 διὰ
1603 769 1656 824 δέ
1685 775 1774 824 τοῦ
1811 770 1962 822 εἰπεῖν

413 877 430 910 ε
465 863 584 920 τοὺς
605 860 704 914 ἀπὸ
737 867 830 920 τῆς
857 859 1143 924 έκκλησίας.
1177 876 1195 909 ε
1223 861 1341 918 τούς
1387 859 1576 916 ταύτης
1617 859 1961 916 ἀποπεῖίντας

408 949 665 1024 ἐσήμανεν.

471 1130 556 1185 Ἐν
594 1119 646 1187 δέ
681 1135 764 1188 καί
799 1131 943 1204 μόνον
977 1139 1052 1204 τῷ
1094 1128 1330 1187 δυσσεϐεῖ
1369 1131 1607 1205 Ὠριγένει
1646 1127 1960 1198 σπούδασξια

401 1226 567 1298 γέγονε
586 1263 599 1284 ,
629 1225 685 1278 τὸ
707 1229 796 1282 τὴν
821 1224 1094 1282 Ἑλληνικὴν
1116 1223 1296 1282 πλάνην
1317 1228 1556 1296 κρατῦναι
1572 1264 1586 1290 ,
1618 1223 1698 1274 καί
1725 1226 1834 1280 ταῖς
1863 1226 1960 1272 τῶν

404 1316 712 1390 σαθροτέρων
736 1314 937 1385 ψυχαῖς
978 1315 1170 1378 ζιζάνια
1202 1315 1617 1386 ἐγκατασπεῖραι.
1657 1313 1738 1366 Διὸ
1775 1314 1964 1382 κᾴκεῖνο

403 1409 459 1460 τὸ
495 1409 710 1477 γέλωτος
743 1408 833 1476 μὲν
864 1404 1029 1469 ἄξιον,
1069 1404 1191 1476 παρ’
1221 1406 1377 1458 αὐτοῦ
1423 1401 1476 1456 δέ
1511 1402 1644 1472 ὅμως
1682 1403 1958 1474 εἰρημένον,

401 1497 518 1569 περί
541 1500 630 1552 τῆς
658 1501 756 1547 τῶν
785 1495 1054 1566 ἀνθρώπων
1077 1494 1130 1547 ἐκ
1155 1499 1339 1570 νεκρῶν
1362 1492 1706 1552 ἀναστάσεως,
1733 1491 1964 1563 προσθεῖ-

401 1605 479 1636 ναι
500 1581 805 1653 συνείδομεν.
831 1584 974 1654 Λέγει
991 1583 1109 1656 γὰρ,
1135 1581 1211 1637 ὅτι
1232 1583 1280 1636 ἐν
1387 1583 1659 1636 ἀναστάσει
1678 1579 1961 1658 σφαιροειδῆ

401 1673 672 1750 έγείρονται
717 1674 784 1726 τά
832 1676 1047 1740 σώματα
1083 1679 1182 1726 τῶν
1217 1674 1506 1749 ἀνθρώπων.
1535 1671 1601 1722 Ὢ
1643 1681 1732 1732 τῆς
1767 1672 1958 1735 ἀνοίας,

401 1763 486 1813 καί
509 1759 750 1834 ἀμαθείας
773 1766 861 1814 τοῦ
891 1761 1257 1834 φρενοϐλαϐοὗς
1284 1763 1490 1820 τούτου,
1521 1765 1605 1815 καί
1633 1769 1730 1817 τῶν
1759 1761 1963 1818 Ἑλληνι-

2064 589 2153 643 Dei
2181 591 2346 660 gratia
2390 600 2442 644 et
2485 601 2665 646 sancta
2715 591 2805 646 Dei
2835 591 3064 646 Ecclesia
3094 592 3313 662 expulso
3339 635 3353 658 ,
3397 594 3617 664 ejusque

2062 681 2374 748 scquacibns
2395 698 2407 732 :
2430 697 2532 734 non
2561 683 2702 736 enim
2732 682 2882 746 dixit,
2905 701 2923 732 ι
2951 683 3014 736 ad
3045 699 3138 738 eos
3163 685 3250 752 qui
3278 693 3400 738 sunt
3429 686 3479 738 in
3510 683 3614 742 Ec.

2060 769 2272 830 clesia,i
2290 769 2401 834 sed,
2425 789 2440 820 ε
2461 769 2648 824 Sermo
2664 771 2876 839 quidam
2902 773 3056 826 nobis
3080 781 3159 828 cst
3187 773 3250 827 ad
3269 789 3362 828 eos
3377 775 3466 843 qui
3493 785 3615 840 sunt

2060 858 2126 912 ab
2153 857 2416 922 Ecclesia;
2451 877 2468 909 ι
2497 866 2550 912 et
2578 875 2672 928 per
2701 862 2826 916 illud
2856 863 3066 930 quidem
3096 865 3236 934 quod
3264 849 3426 932 dicit,
3465 885 3483 918 ι
3517 883 3615 920 [ιη.

2059 948 2159 1006 his,
2183 966 2199 998 ι
2228 945 2477 1002 Ecclesiae
2504 949 2744 1006 homines
2770 951 3108 1017 signiﬁcavit;
3139 969 3234 1022 per
3263 955 3388 1008 illud
3417 963 3615 1023 autem,

2067 1056 2083 1086 ε
2109 1038 2194 1104 qui
2225 1045 2349 1092 sunt
2377 1038 2441 1091 ab
2472 1037 2702 1090 Ecclesia
2723 1076 2737 1099 ,
2779 1057 2797 1090 ι
2823 1039 3060 1105 dejectos
3087 1043 3152 1096 ab
3183 1043 3291 1110 ipsa
3321 1044 3612 1100 denotavit.

2133 1125 2301 1179 Unum
2331 1136 2504 1178 autem
2535 1142 2599 1180 ac
2625 1127 2794 1180 solum
2825 1126 2986 1196 impio
3007 1127 3216 1194 Origcni
3239 1131 3470 1184 studium
3497 1130 3613 1194 fuit,

2062 1229 2384 1284 paganorum
2431 1230 2666 1268 errorem
2716 1215 3072 1283 confirmare,
3120 1227 3174 1270 et
3213 1218 3614 1276 imbecilliuruui

2062 1306 2250 1359 animis
2275 1306 2472 1358 zizania
2497 1305 2745 1359 inserere.
2772 1305 3124 1371 Quamobrem
3148 1307 3250 1362 hoc
3275 1324 3485 1377 quoque
3509 1311 3614 1365 risu

2060 1411 2185 1450 sane
2215 1397 2426 1464 dignum
2453 1434 2468 1456 ,
2501 1396 2566 1449 ab
2590 1411 2655 1450 eo
2684 1406 2860 1450 tamen
2890 1397 3088 1452 dictum
3113 1438 3128 1462 ,
3159 1398 3226 1452 de
3253 1399 3521 1454 hominum
3551 1417 3615 1454 ex

2061 1487 2281 1546 mortuis
2310 1486 2720 1554 resurrectione,
2765 1485 3050 1554 adjungere
3077 1487 3426 1547 decrevimus.
3457 1490 3615 1545 Ληίτ-

2060 1577 2240 1639 mavit,
2274 1577 2324 1628 in
2353 1576 2742 1630 resurrectione
2769 1592 2993 1646 corpora
3022 1578 3296 1633 hominum
3323 1581 3616 1636 orbiculata

2061 1664 2323 1718 suscitari.
2369 1661 2412 1716 Ο
2437 1663 2753 1716 dementiam
2784 1673 2944 1733 atque
2972 1665 3234 1722 inscitiam
3263 1668 3494 1725 hominis
3533 1673 3617 1725 in.

2061 1753 2194 1815 sani,
2217 1759 2268 1804 et
2290 1765 2609 1823 paganorum
2631 1752 2917 1820 disciplinae
2937 1755 3300 1822 explieatoris!
3329 1759 3417 1827 qui
3440 1770 3617 1814 mente

400 1856 496 1901 κῶν
521 1847 780 1920 δογμάτων
809 1848 1072 1922 έξηγητοῦι
1107 1845 1161 1908 ὅς
1184 1869 1261 1908 τις
1285 1848 1583 1918 τυφλώττων
1605 1853 1692 1906 τήν
1720 1847 1955 1912 διάνοιαν,

2062 1843 2345 1895 cmentiens
2367 1879 2381 1903 ,
2427 1841 2750 1909 studensque
2782 1841 3215 1898 Christianorum
3247 1845 3366 1901 ﬁdei
3396 1849 3617 1903 miscere

399 1941 480 1994 aui
500 1945 574 2014 τῇ·
597 1945 694 1992 τῶν
717 1946 1026 2015 Χριστιανῶν
1059 1941 1230 1994 πίστει
1263 1940 1450 2008 μύθους
1479 1941 1698 2009 έπιμίξαι
1729 1937 1958 1994 σπουδά-

396 2046 514 2091 σας,
541 2029 695 2086 αὐτὴν
713 2033 802 2087 τὴν
827 2035 925 2082 τῶν
953 2030 1264 2104 Χριστιανῶν
1294 2025 1465 2081 έλπίδα
1489 2048 1543 2081 τε
1584 2032 1666 2082 καί
1689 2033 1956 2105 σωτηρίαν,

397 2120 628 2174 τουτέστι
660 2124 750 2178 τήν
781 2119 1142 2191 ἐπηγγελμένην
1175 2121 1289 2190 ἡμῖν
1317 2120 1613 2185 ἀνάστασιν,
1649 2119 1961 2178 ὶσπούδασεν

397 2212 688 2286 ένυϐρίσαι,
714 2211 839 2282 μηδέ
859 2217 950 2270 τὴν
977 2218 1065 2266 τοῦ
1091 2213 1260 2286 κυρίου
1277 2211 1559 2267 ἀνάστασιν
1584 2213 1956 2288 ἐντρεπόμενος.

397 2302 638 2381 Ἐγερθεὶς
665 2304 764 2374 γάρ
794 2300 820 2356 ὁ
847 2301 1017 2374 κύριος
1044 2303 1100 2354 ὲκ
1139 2307 1322 2374 νεκρῶν
1341 2292 1466 2364 (καί
1495 2304 1712 2374 ἀπαρχή
1749 2309 1848 2354 τῶν
1879 2321 1961 2354 κε-

397 2391 702 2460 κοιμημένων
723 2391 1008 2462 γενόμενος,
1040 2396 1150 2449 τοῖς
1189 2392 1434 2460 μαθηταῖς
1473 2390 1630 2460 ἅφθη,
1665 2392 1747 2442 καί
1783 2387 1961 2454 ἔδειξεν

395 2479 563 2538 αὐτοῖς
597 2480 679 2530 καί
714 2478 805 2537 τὰς
834 2475 1121 2552 διατρήσεις
1147 2485 1246 2532 τῶν
1270 2485 1488 2551 χειρῶν,
1520 2482 1598 2532 καί
1637 2485 1736 2534 τῶν
1766 2481 1956 2543 ποδῶν,

395 2570 478 2624 καί
495 2572 584 2626 τήν
606 2567 795 2637 πληγήν
818 2574 908 2626 τῆς
930 2567 1154 2642 πλευρᾶς
1169 2583 1185 2596 ··
1212 2571 1300 2622 καί
1317 2565 1469 2639 ἔφαγε
1486 2569 1614 2636 μετά
1635 2573 1722 2624 τήν
1742 2566 1960 2623 ἀνάστα-

396 2677 495 2720 σιν,
522 2657 622 2728 οἶχ
645 2657 711 2718 ὡς
724 2665 908 2730 τροφῆς
935 2653 1180 2728 δεόμενος.
1201 2655 1304 2710 ἀλλ’
1322 2658 1404 2711 ἶνα
1419 2665 1490 2730 τῷ
1505 2657 1674 2732 τρόπῳ
1692 2657 1856 2730 τούτῳ
1871 2663 1959 2718 την

394 2751 486 2808 τοῦ
516 2746 822 2807 ἀναστάντος
847 2749 1082 2816 σώματος
1105 2748 1253 2820 φύσιν
1277 2747 1622 2805 πιστῶσηται.
1646 2744 1832 2818 ’Δμέλει
1857 2767 1952 2818 τοι,

394 2838 477 2892 καί
495 2836 956 2908 ἀναλαμϐανομένου
979 2843 1066 2893 τοῦ
1088 2840 1286 2912 κυρίου,
1313 2837 1339 2892 ὁ
1359 2834 1566 2911 ἅγγελος
1587 2838 1710 2915 πρὸς
1731 2841 1849 2896 τούς
1867 2859 1958 2908 μα-

389 2927 548 2990 θητάς
575 2923 782 2999 ἴλιγενὴ
807 2945 825 2978 ε
855 2923 1014 2988 Οὗτος
1051 2925 1076 2980 ὁ
1111 2932 1306 2987 Ἰησοῦς
1338 2925 1364 2982 ὁ
1393 2928 1681 2999 ἀναληφθεὶς
1709 2926 1790 2998 ἀφ’
1817 2927 1956 2997 ύμῶν

349 3051 354 3056 -
394 3019 466 3078 είς
493 3019 576 3073 τὸν
601 3018 836 3093 οὐρανὸν,
879 3013 1028 3082 οὗτος
1065 3017 1343 3083 ἐλεύσεται,
1381 3014 1432 3071 ὃν
1467 3018 1652 3092 τρόπον
1687 3018 1955 3072 ἐθεάσασθε

391 3109 544 3164 αὐτὸν
580 3109 914 3184 πορευόμενον
941 3115 1012 3170 εἰς
1045 3111 1131 3163 τὸν
1154 3107 1408 3184 οὐρανόν.»
1444 3113 1499 3164 Ei
1537 3109 1588 3164 δέ
1627 3111 1786 3169 mea;
1825 3115 1957 3184 Ὠρι-

2062 1932 2282 1996 fabulas,
2315 1933 2480 2000 ipsam
2507 1931 2928 1988 Christianorum
2957 1949 3104 2004 spem
3149 1951 3214 1991 ac
3239 1937 3483 2002 salutem,
3515 1941 3616 1996 hoc

2060 2031 2160 2088 est,
2185 2023 2498 2092 promissam
2529 2023 2681 2076 nobis
2701 2025 3167 2091 resurrectionem,
3193 2025 3348 2081 nixus
3377 2037 3460 2082 est
3488 2044 3618 2082 con-

2060 2116 2276 2170 tumelia
2303 2114 2508 2168 violare
2533 2155 2548 2180 ,
2581 2127 2648 2167 ne
2676 2113 3118 2168 resurrectionem
3163 2117 3376 2185 quidem
3407 2117 3615 2180 Domini

2058 2207 2339 2260 reveritus.
2389 2204 2675 2274 Resurgens
2716 2205 2853 2257 enim
2894 2203 3144 2262 Dominus
3187 2223 3254 2261 ex
3296 2210 3539 2274 mortuis,
3569 2218 3618 2270 et

2059 2293 2297 2362 primitiae
2325 2291 2683 2346 dormientium
2713 2293 2875 2362 factus
2903 2289 2954 2363 (I
2971 2291 3216 2361 Cor,xv),
3243 2295 3514 2364 discipulis
3541 2297 3619 2350 via

2058 2367 2148 2436 sus
2173 2392 2269 2447 est,
2294 2382 2476 2451 eisque
2505 2381 2737 2435 ostendit
2755 2381 3012 2437 foramina
3035 2399 3282 2440 manuum
3312 2401 3376 2441 ac
3400 2388 3614 2464 pedum,

2058 2471 2347 2564 ct‘plagam
2391 2471 2572 2552 lateris
2603 2487 2618 2524 :
2649 2476 2850 2543 etpost
2877 2475 3320 2536 resurrectionem
3366 2480 3616 2555 comedit,

2057 2561 2162 2621 non
2194 2571 2251 2616 ut
2276 2563 2394 2642 cibo
2423 2561 2683 2629 indigens.
2706 2561 2799 2616 sed
2831 2570 2886 2616 ut
2913 2578 2980 2618 eo
2999 2565 3157 2618 modo
3182 2567 3479 2628 resuscitati
3501 2585 3618 2624 θοι-γ

2056 2655 2202 2722 poris
2230 2662 2470 2706 naturam
2499 2651 2858 2714 conﬁrmaret.
2889 2653 2952 2708 Et
2977 2648 3189 2734 quidem
3217 2672 3335 2714 cum
3366 2659 3616 2715 Dominus

2057 2744 2377 2822 ascenderet
2405 2785 2419 2810 ,
2457 2744 2676 2812 angelus
2709 2745 2774 2798 ad
2812 2745 3101 2816 discipulos
3127 2748 3261 2804 dixit
3291 2767 3306 2802 :
3339 2749 3441 2806 llic
3467 2751 3619 2810 Jesus

2055 2833 2140 2903 qui
2178 2840 2464 2902 assumptus
2493 2841 2568 2886 est
2597 2850 2628 2885 a
2659 2831 2794 2888 vobis
2822 2834 2874 2888 in
2913 2835 3121 2900 caelum,
3152 2838 3226 2892 sic
3253 2841 3414 2894 veniet
3439 2857 3614 2911 quem,

2055 2922 2326 2976 ndnwdnm
2350 2921 2544 2976 vidistis
2566 2939 2680 2976 eum
2705 2933 2904 2978 euntem
2927 2926 2979 2978 in
3003 2927 3182 2981 ctutum
3212 2929 3347 2998 (Act.
3373 2929 3433 3000 ι).
3463 2931 3616 2998 Quod

2055 3014 2122 3079 si,
2151 3022 2210 3067 ut
2235 3014 2432 3068 insanit
2459 3013 2732 3082 Origenes,
2753 3017 3114 3082 orbiculatum
3143 3028 3258 3074 erat
3287 3037 3482 3092 corpus
3507 3023 3615 3078 Do»

2055 3107 2220 3172 mini,
2248 3107 2516 3176 quomodo
2546 3108 2715 3176 potuit
2744 3107 3110 3165 demonstrare
3147 3126 3394 3167 manuum
3423 3130 3487 3172 ac
3523 3133 3616 3186 pe-

392 3198 536 3268 γένης
557 3198 804 3268 μαίνεται,
837 3194 1144 3270 σφαιροειδές
1165 3193 1221 3254 ἦν
1237 3197 1294 3250 τὸ
1319 3203 1468 3266 σῶμα
1493 3201 1581 3250 τοῦ
1611 3199 1784 3264 κυρίου
1801 3240 1816 3263 ,
1847 3207 1955 3258 πῶς

2059 3195 2182 3250 dum
2211 3194 2492 3260 foramina,
2519 3203 2612 3250 aut
2636 3196 2816 3249 lateris
2844 3197 3091 3266 plagam?
3117 3209 3208 3253 aut
3231 3203 3498 3271 quomodo
3525 3223 3614 3261 co-

393 3281 506 3355 εἶχε
549 3285 707 3348 δεῖξαι
744 3288 836 3345 τάς
886 3293 984 3341 τῶν
1038 3293 1227 3362 χειρῶν
1281 3290 1367 3339 xxi
1409 3285 1576 3340 ποδῶν
1633 3286 1950 3371 διατρήσας,

395 3373 425 3432 ἦ
486 3379 576 3430 τήν
647 3373 836 3444 πληγήν
897 3382 987 3433 τῆς
1037 3375 1306 3462 οἰτλευρᾶςς
1363 3374 1394 3433 ἦ
1452 3381 1560 3435 πῶς
1613 3385 1781 3448 φαγεῖν
1839 3376 1955 3436 ἡδύ-

396 3483 533 3528 σατο,
562 3461 592 3521 ἢ
619 3461 742 3523 ὅλως
766 3464 866 3519 ύπό
893 3471 990 3519 τῶν
1010 3461 1240 3534 μαθητῶν
1267 3467 1622 3539 γνωρισθῆναι;
1653 3473 1761 3526 Πῶς
1785 3465 1835 3520 δέ
1865 3472 1954 3521 καί

395 3553 458 3606 τὰ
481 3559 578 3604 τῶν
607 3550 758 3624 ἀγίων
799 3555 1007 3622 σώματα
1041 3553 1171 3624 μετά
1208 3558 1296 3612 την
1329 3559 1419 3608 τοῦ
1461 3552 1630 3628 κυρίου
1675 3557 1950 3608 ἀνάστασιν

395 3641 667 3714 ἐγερθέντα,
692 3643 773 3694 καί
803 3643 1004 3714 ὀφθέντα
1025 3643 1070 3694 έν
1090 3651 1150 3717 τῇ
1174 3641 1294 3717 ἁγίᾳ
1318 3643 1478 3710 πέλει,
1503 3641 1712 3697 δυνατὸν
1733 3639 1789 3700 ἦν
1810 3647 1952 3718 παρά

395 3737 493 3784 τῶν
517 3726 674 3783 ἄλλων
713 3733 1014 3804 γνωσθῆναι,
1039 3717 1178 3803 ε’περ
1213 3733 1264 3784 ἐν
1299 3727 1430 3804 ἄλλῳ
1461 3737 1694 3802 σχήματι
1727 3727 1802 3789 ἦν.
1833 3732 1953 3804 παρ’

398 3817 524 3893 ὅπερ
549 3821 828 3892 ἐτύγχανεν
861 3823 911 3874 έν
934 3829 994 3896 τῇ
1023 3825 1123 3894 ζωῇ
1141 3820 1239 3885 fit:
1263 3829 1323 3894 τῇ
1362 3823 1528 3895 πέτρᾳ
1562 3826 1724 3875 τοίνυν
1750 3830 1839 3881 τῆς
1866 3823 1954 3874 πί·-

396 3931 554 3970 στεως
585 3909 603 3982 [
631 3912 978 3986 ὶστηριγμένος
1000 3911 1233 3984 οὐδαμῶς
1259 3911 1280 3984 ]
1309 3914 1392 3967 οὐκ
1425 3913 1774 3987 ἐστηριγμένος
1791 3955 1804 3979 ,
1836 3913 1956 3968 ἀλλά

395 4001 531 4056 τοιαί
539 4020 632 4058 τας
658 4003 741 4054 καί
773 4002 964 4056 τούτων
990 4001 1156 4073 πολλῷ
1189 4002 1400 4076 χείρους
1423 4001 1743 4073 βλασφημίας
1777 4000 1802 4057 ὁ
1833 4001 1956 4057 δυσ·

396 4086 549 4146 σεϐης
580 4089 831 4162 Ὧριγένης
853 4089 1119 4158 ἐκθέμενος,
1151 4091 1349 4150 εἰκότως
1375 4091 1422 4142 έν
1443 4098 1513 4160 τῷ
1534 4098 1690 4166 καιρῷ
1712 4098 1802 4146 τοῦ
1825 4113 1951 4164 μαρ-

397 4176 570 4248 τυρίου
603 4179 688 4228 τίν
726 4180 814 4230 μὲν
849 4181 1066 4252 Χριστὸν
1095 4181 1450 4252 ἀπηρνήσατο,
1483 4189 1544 4252 τῇ
1573 4180 1626 4236 δέ
1653 4180 1772 4258 παρ’
1803 4184 1954 4242 αὐτοῦ

398 4266 693 4338 εἰσαγομένῃ
727 4266 973 4340 Ἑλληνικῇ
1011 4267 1242 4344 πολυθεΐᾳ
1274 4273 1638 4342 προσεκύνησε.
1673 4279 1759 4327 Καὶ
1804 4280 1955 4329 τοῦτο

398 4349 449 4405 δέ
477 4356 604 4407 κατά
631 4362 754 4408 Θεοῦ
782 4359 946 4426 γέγονε
973 4358 1242 4432 πρόνοιαν,
1271 4361 1349 4413 ἵνα
1384 4365 1452 4430 μή
1494 4363 1603 4416 ἀντί
1627 4365 1882 4439 μάρτυρος
1911 4367 1958 4418 έν

397 4451 458 4516 τῇ
484 4443 718 4520 ἐκκλησίᾳ
745 4445 903 4521 δεχξῇ
922 4489 933 4506 .
973 4453 1052 4502 καί
1079 4450 1301 4504 έντείθεν
1328 4458 1389 4524 τῇ
1413 4441 1596 4524 ποίμνῇ
1622 4459 1709 4506 τοῦ
1735 4461 1956 4528 Χριστοῦ

399 4533 557 4600 βλάϐη
585 4541 938 4606 προσγὶνηται.
968 4541 1024 4592 Εἰ
1042 4540 1144 4614 ,γάρ
1174 4542 1302 4599 τινές
1329 4543 1430 4595 είσι
1451 4544 1530 4594 καί
1555 4547 1639 4593 νῦν
1667 4541 1958 4613 ὁμολογοῦν·

2059 3282 2272 3336 medere
2301 3283 2501 3352 potuit,
2530 3290 2622 3336 aut
2657 3282 2872 3360 omnino
2903 3299 2933 3338 a
2959 3284 3226 3355 discipulis
3255 3292 3506 3356 agnosci?
3547 3293 3616 3348 Et

2057 3372 2309 3440 quoniam
2331 3371 2520 3432 'modo
2548 3380 2850 3426 sanctorum
2875 3387 3096 3442 corpora
3119 3391 3238 3444 quae
3266 3386 3385 3446 post
3408 3379 3614 3436 Domini

2057 3460 2501 3514 resurrectionem
2547 3467 2894 3534 surrexerunt
2937 3461 3157 3532 (Matth.
3191 3467 3369 3538 xxvn)
3399 3506 3417 3535 ,
3463 3479 3516 3524 et
3563 3472 3614 3526 in

2055 3557 2237 3604 sancta
2269 3549 2484 3612 civitate
2511 3557 2909 3619 apparuerunt,
2956 3559 3183 3620 potuere
3211 3555 3277 3609 ab
3306 3557 3425 3612 aliis
3452 3574 3616 3628 agno—

2056 3637 2130 3691 sci
2153 3677 2168 3703 ,
2209 3637 2467 3706 siquidem
2510 3639 2562 3692 in
2592 3638 2695 3693 alia
2723 3647 2875 3708 erant
2903 3638 3064 3708 ﬁgura
3093 3651 3272 3714 atque
3326 3645 3534 3702 fuerant
3561 3652 3614 3704 in

2057 3725 2200 3778 vita?
2246 3723 2305 3782 In
2340 3723 2460 3780 ﬁdei
2487 3738 2613 3794 ergo
2649 3732 2802 3796 petra
2847 3727 2993 3781 nullo
3022 3729 3180 3785 modo
3209 3732 3492 3803 stabilitas,
3521 3737 3617 3792 sed

2059 3814 2358 3885 huiusmodi
2381 3855 2396 3877 ,
2439 3821 2599 3884 atque
2629 3815 2713 3870 his
2739 3817 2907 3870 multo
2941 3819 3234 3873 atrociores
3261 3821 3617 3892 blasphemias

2060 3909 2252 3978 impius
2271 3905 2526 3976 Origenes
2541 3922 2660 3962 cum
2692 3907 2961 3975 edidisset,
2991 3910 3119 3966 nihil
3145 3911 3336 3972 mirum
3363 3923 3460 3981 est,
3493 3931 3616 3970 eum

2060 4000 2112 4055 in
2140 3999 2255 4068 ipso
2276 3997 2512 4070 martyrii
2531 3996 2753 4071 articulo
2775 3997 3036 4054 Christum
3059 4001 3368 4070 abnegasse,
3389 4007 3615 4061 cultam-

2059 4105 2163 4158 que
2191 4105 2218 4140 a
2249 4087 2470 4156 paganis
2506 4086 2725 4141 deorum
2767 4089 3174 4152 multitudinem,
3204 4106 3362 4161 quam
3393 4093 3506 4162 ipse
3533 4096 3616 4149 in—

2059 4179 2222 4244 ducit,
2247 4178 2514 4232 adorasse.
2537 4177 2710 4245 Atque
2739 4177 2791 4231 id
2821 4179 2913 4233 Dci
2936 4181 3263 4248 providentia
3289 4181 3480 4238 factum
3508 4194 3613 4252 est,
3702 4195 3710 4205 '

2059 4285 2128 4324 ne
2157 4269 2208 4322 in
2238 4267 2473 4324 Ecclesia
2500 4284 2597 4336 pro
2635 4258 2866 4338 martyre
2895 4270 3226 4338 acciperetur
3246 4311 3261 4334 ,
3302 4282 3460 4342 atque
3490 4276 3613 4331 inde

2059 4361 2204 4430 gregi
2231 4359 2426 4416 Christi
2477 4357 2758 4413 inferretur
2795 4360 2990 4428 aliquid
3035 4361 3355 4418 detrimenti.
3407 4365 3535 4420 Nam
3565 4369 3612 4422 si

2059 4451 2219 4506 etiam
2247 4465 2388 4504 nunc
2414 4455 2534 4503 sunt
2562 4448 2651 4515 qui
2671 4447 2736 4502 de
2765 4447 2878 4516 ejus
2905 4449 3118 4518 quidem
3146 4452 3297 4506 ruina
3327 4452 3616 4508 cooﬁtean-

2061 4548 2167 4603 tur,
2192 4538 2483 4593 doctrinam
2511 4551 2639 4592 vero
2663 4545 2903 4592 asserant
2924 4577 2938 4602 ,
2979 4553 3046 4592 an
3077 4555 3182 4594 non
3211 4555 3327 4594 eam
3361 4551 3612 4612 tanquam

397 4641 479 4680 τες
503 4625 591 4692 μέν
617 4626 674 4679 τὸ
696 4627 874 4685 ἐκείνου
905 4633 1112 4696 πτῶμα,
1149 4627 1544 4701 ἀντιποιούμενοι
1571 4627 1624 4684 δέ
1652 4638 1750 4684 τῶν
1777 4633 1954 4695 αὐτοῦ,

446 4719 470 4730 υ
581 4715 594 4730 1
666 4711 690 4730 δ
753 4715 794 4730 ἐκ
937 4718 947 4730 I
1027 4720 1038 4730 ι
1106 4723 1129 4730 -
1177 4719 1190 4730 ι
1311 4720 1321 4730 ι
1617 4721 1627 4730 ι
1807 4720 1819 4730 ι
1887 4723 1898 4730 .

2059 4629 2307 4700 martyris
2325 4643 2388 4682 ac
2407 4625 2578 4686 Patris
2599 4637 2750 4682 erant
2769 4625 3049 4707 defensuri,
3072 4630 3116 4684 si
3137 4631 3444 4702 contigisset
3465 4649 3607 4694 eum.

396 4719 506 4772 πῶς
543 4715 630 4766 οὐκ
661 4711 858 4784 ἕμελλον
889 4718 954 4770 τά
981 4720 1133 4770 αὐτοῦ
1159 4719 1227 4776 ὡς
1259 4720 1514 4792 μάρτυρος
1548 4721 1630 4772 καί
1665 4720 1854 4792 πατρὸς
1879 4723 1960 4774 ἐκ·

395 4799 574 4866 δικεῖν,
605 4803 746 4880 εἴπερ
776 4807 963 4864 συνέϐη
1000 4807 1152 4862 αὐτὸν
1179 4813 1248 4878 μή
1283 4813 1710 4884 προσκυνήσαντα
1745 4819 1855 4872 τοῖς
1885 4815 1955 4866 si.

395 4887 570 4952 δὼλοις
593 4892 928 4958 etiamnam;
953 4894 1110 4956 οὐδεὶς
1133 4898 1233 4970 γάρ
1252 4905 1343 4957 τῆς
1369 4898 1597 4957 ἀληθείας
1625 4899 1954 4969 ἀντεχόμενος

394 4979 625 5034 ἐκπίπτει
651 4986 740 5034 τοῦ
764 4989 914 5046 Θεοῦ,
939 4980 970 5040 ἦ
999 4983 1486 5054 έγκαταλιμπάνεται
1512 4987 1600 5039 ὐπ’
1627 4988 1802 5050 αὐτοῦ,
1827 4991 1955 5043 κατά

393 5071 454 5124 τὸ
480 5073 732 5146 εἰρημένον
767 5081 828 5147 τῇ
868 5075 974 5147 θείᾳ
1003 5083 1189 5148 γραφῇο
1225 5092 1242 5124 ε
1279 5074 1582 5147 Ἐμελέψατε
1623 5081 1694 5138 εἰς
1730 5079 1956 5152 ἀρχαίας

393 5163 589 5228 γενεὰς,
623 5162 702 5212 ναί
728 5157 888 5226 ἴδετε,
911 5163 987 5221 τίς
1017 5163 1285 5216 έπίστευσε
1313 5171 1384 5236 τῷ
1412 5168 1592 5239 κυρίῳ,
1626 5169 1711 5222 καί
1745 5168 1950 5238 έγκατε-

394 5247 557 5321 λείφθη
567 5267 588 5316 ;
615 5250 646 5310 ἢ
667 5254 746 5314 τίς
771 5253 980 5311 ἤλπισεν
1005 5255 1076 5315 είς
1102 5255 1287 5321 αὐτὸν,
1329 5258 1414 5309 καί
1439 5255 1704 5329 ὑπερεῖδεν
1725 5257 1900 5320 aristis;
1926 5276 1945 5308 ε

391 5335 642 5412 Ὠριγίνης
671 5338 724 5394 δί
756 5339 782 5394 ὁ
809 5339 1061 5404 δυσσεϐὴς
1089 5345 1182 5404 τὰς
1209 5343 1394 5401 ἑαυτοῦ
1419 5345 1732 5416 βλασφημίας
1760 5347 1816 5398 οὐ
1859 5349 1951 5416 μέ-

395 5449 518 5505 χρις
541 5429 725 5484 ἑαυτοῦ
746 5428 976 5495 ἔστησεν,
1007 5417 1131 5489 ἀλλᾶ
1155 5431 1236 5488 διὰ
1262 5440 1363 5488 τῶν
1389 5433 1524 5487 ἰδίων
1546 5437 1951 5508 συγγραμμάτων

394 5522 475 5574 καί
500 5521 571 5578 είς
604 5518 815 5580 πολλοὺς
841 5519 1044 5593 ἑτέρους
1070 5527 1158 5580 τὴν
1183 5525 1360 5576 οἰκείαν
1385 5523 1571 5581 πλάνην
1598 5522 1947 5596 παρέπεμψεν.

391 5604 551 5664 Ὥστε
577 5612 708 5664 πάνυ
733 5611 809 5664 ἔπ’
833 5613 968 5682 αύτῷ
1001 5609 1242 5684 ἀρμοδίαν
1271 5607 1393 5666 εἶναι
1421 5617 1507 5670 τήν
1529 5618 1616 5666 τοῦ
1645 5612 1787 5684 ἀγίου
1817 5613 1946 5668 ἀπο-

389 5701 573 5780 ξτόλου
593 5702 787 5756 Παύλου
804 5707 961 5774 φωνην
981 5703 1240 5775 λέγουσαν,
1253 5721 1268 5752 t
1281 5702 1358 5757 ὅτι
1372 5710 1515 5758 τινῶν
1531 5707 1620 5773 μέν
1636 5705 1686 5756 αἱ
1706 5705 1946 5776 ἁμαρτίαι

2061 4723 2200 4775 nulla
2229 4719 2384 4776 idolis
2411 4719 2646 4777 exhibita
2671 4719 2998 4783 adoratione,
3023 4724 3418 4777 consummari?
3445 4724 3611 4780 Nemo

2059 4814 2200 4866 enim
2229 4811 2471 4866 veritatis
2496 4811 2731 4864 retinens
2757 4809 2952 4865 excidit
2979 4824 3010 4864 a
3038 4810 3148 4866 Deo
3172 4852 3189 4879 ,
3229 4813 3296 4866 ab
3323 4829 3497 4882 eoque
3525 4816 3614 4867 dc-

2057 4903 2266 4968 seritur,
2288 4900 2439 4969 juxta
2467 4899 2607 4966 quod
2635 4898 2759 4952 dicit
2785 4898 2959 4952 divina
2987 4897 3260 4968 Scriptura
3291 4919 3305 4952 :
3335 4901 3609 4973 Respicite,

2054 4993 2150 5060 ﬁlii
2169 5031 2184 5056 ,
2212 4991 2446 5060 nationes
2469 4988 2730 5040 hominum
2747 5026 2760 5050 ,
2787 4996 2836 5038 et
2861 4988 3029 5040 scietis
3051 4989 3170 5060 quia
3195 4989 3364 5045 nullus
3391 4994 3612 5061 sperarit

2053 5084 2104 5134 in
2140 5080 2384 5133 Domino.
2419 5087 2467 5130 et
2516 5077 2755 5134 confusus
2791 5084 2886 5128 est.
2921 5073 3046 5140 Quis
3073 5079 3208 5134 enim
3243 5082 3524 5154 permansit
3552 5083 3604 5134 in

2049 5166 2310 5219 mandatis
2349 5169 2480 5236 ejus,
2519 5171 2565 5217 et
2607 5163 2876 5219 derelictus
2914 5165 3029 5218 est?
3067 5176 3154 5220 aut
3199 5167 3311 5237 quis
3357 5168 3607 5222 invocarit

2049 5271 2194 5318 eum,
2242 5260 2294 5304 et
2344 5251 2578 5318 despexit
2627 5251 2770 5305 illaut
2827 5250 3141 5324 (Exitu)?
3182 5254 3380 5325 Impius
3421 5266 3598 5310 autem

2049 5340 2304 5408 Origenes
2333 5337 2690 5411 btaspbcnnas
2715 5355 2836 5396 suas
2875 5357 2980 5396 non
3007 5343 3184 5412 seipso
3213 5347 3598 5415 tenusstatuit,

2047 5429 2138 5482 seJ
2167 5426 2398 5496 propriis
2422 5427 2633 5496 scriptis
2659 5427 2712 5481 in
2757 5427 2952 5484 multos
2998 5431 3132 5485 alios
3168 5447 3320 5488 suum
3359 5419 3594 5488 errorem

2051 5519 2364 5588 transmisit,
2386 5527 2446 5574 ut
2471 5519 2523 5574 in
2546 5533 2666 5574 eum
2696 5519 2848 5574 valde
2873 5522 3151 5576 conveniat
3175 5524 3344 5576 sancti
3372 5523 3602 5592 apostoli

2051 5613 2197 5666 Pauli
2225 5629 2327 5666 vox
2345 5651 2360 5677 ,
2388 5627 2505 5680 qua:
2529 5611 2658 5666 dicit
2688 5629 2701 5664 :
2736 5609 3082 5674 Quorumdam
3108 5611 3367 5664 hominum
3389 5624 3600 5681 peccata

2050 5703 2324 5772 manifesta
2351 5711 2503 5766 sunt,
2543 5699 2876 5771 praecedentia
2921 5700 2990 5752 ad
3021 5699 3309 5768 judicium;
3354 5699 3605 5772 quadam

464 5789 491 5820 '
529 5787 688 5844 Certe
718 5788 993 5857 legendum
1023 5806 1242 5863 quonam
1271 5791 1439 5854 modo,
1471 5801 1528 5845 ut
1555 5801 1763 5846 constet
1790 5804 1992 5845 sensus.
2017 5788 2168 5876 Eutr.
