3994 6140
411 334 518 394 975

1687 299 2126 361 JUSTINIANI
2171 299 2324 359 1MP.

3525 305 3629 372 973

411 423 652 499 πρόδηλοί
680 427 775 479 εἱσι
798 426 1114 497 προάγουσαι
1140 426 1208 484 εἷς
1245 427 1436 497 κρίσιν,
1467 422 1564 476 τισί
1592 419 1643 475 δέ
1677 423 1759 474 καί
1778 422 1963 474 ἐπαιτο-

2082 421 2234 466 mtem
2272 420 2319 465 et
2346 409 2712 482 subsequuntur
2742 411 2793 482 (1
2820 412 2949 468 Tim.
2980 411 3056 485 v).
3096 413 3226 468 Nam
3270 427 3384 480 ejus
3429 410 3618 467 erroris

411 519 722 576 λουοοῦσιν.»
743 530 792 572 ’11
806 521 905 592 γάρ
930 517 1141 586 διαδοχή
1164 525 1252 576 τῆς
1274 517 1462 574 πλάνης
1487 517 1644 569 αὐτοῦ
1667 515 1716 566 έν
1738 522 1849 570 ταῖς
1871 519 1966 567 τῶν

417 611 728 686 σαὸροτέρων
765 611 991 680 ἕρπουσα
1019 608 1248 678 ψυχαῖς,
1289 605 1490 660 δίδωσιν
1525 605 1804 660 ἀκολουθεῖν
1833 607 1966 675 αὖτῷ

413 701 504 758 τὰς
531 701 580 762 ἔξ
617 701 788 775 ἀρχῆς
825 697 914 751 ὑπ’
953 699 1103 751 αὐτοῦ
1139 697 1400 769 γενομένας
1444 695 1696 766 ἁμαρτίας
1752 691 1838 752 Ὠς
1871 695 1966 766 γὰρ

413 793 496 842 οὐκ
527 788 829 864 ἐξαρκοῦσης
865 795 971 847 τοῖς
1004 789 1067 841 τά
1097 786 1379 861 Ὡριγένους
1418 784 1682 849 δοξάζουσι
1725 793 1813 843 τῆς
1852 786 1968 858 περί

413 878 768 950 προῦπάρξεως
794 881 892 929 τῶν
909 874 1097 944 ψυχῶν
1117 874 1374 933 ἀσεϐείας,
1403 875 1604 928 καὶτῶν
1626 869 1781 925 ἄλλων
1811 874 1969 927 αὐτοῦ

411 965 768 1037 ματαιολογιῶν
787 1003 802 1026 ,
839 967 927 1018 καί
955 972 1052 1018 τῶν
1081 967 1198 1038 περὶ
1225 971 1314 1022 τῆς
1339 963 1486 1035 ἁγίας
1513 961 1710 1035 τριάδος
1747 962 1972 1033 βλασφη-

413 1064 564 1124 μιῶν,
608 1057 694 1108 καί
731 1061 882 1110 τοῦτο
923 1062 984 1128 τῇ
1027 1057 1184 1126 οἰκείᾳ
1223 1054 1550 1126 προστιθέασι
1588 1054 1746 1124 πλάνῃ
1781 1053 1834 1104 έκ
1873 1059 1970 1106 τῶν

412 1145 598 1200 ἐκείνου
629 1145 1030 1218 διεστραμμένων
1055 1143 1375 1216 όδηγςύμενοι
1399 1144 1576 1214 λόγων,
1607 1146 1664 1197 τὸ
1686 1144 1858 1214 λέγειν,
1891 1141 1970 1196 ὅτι

416 1236 612 1288 πάντων
644 1236 840 1287 ἀσεϐῶν
872 1236 1165 1308 ἀνθρώπων,
1206 1235 1289 1285 καί
1326 1233 1454 1304 πρός
1481 1251 1534 1303 γε
1565 1229 1804 1298 δαιμὲνων
1832 1233 1862 1288 ἡ
1889 1231 1972 1283 κό-

414 1324 563 1384 λασις
591 1326 751 1398 πέρας
785 1322 818 1378 ἕ
819 1345 925 1394 χει.
955 1325 1052 1376 Καὶ
1079 1323 1642 1378 ἀποκατασταθήσονται
1667 1321 1868 1378 ἀσεϐεῖς
1892 1340 1968 1382 τε,

416 1416 498 1466 καί
540 1412 766 1484 δαίμονες
806 1418 878 1472 εἰς
913 1418 1002 1472 τήν
1029 1415 1274 1488 προτέραν
1301 1413 1462 1467 αὐτῶν
1503 1413 1657 1480 τάξιν.
1703 1418 1878 1466 Ταῦτα
1917 1410 1970 1466 δέ

416 1505 660 1574 λέγοντες,
687 1505 780 1583 ῥξθ
799 1503 944 1572 τμους
972 1506 1060 1572 μὲν
1087 1510 1290 1558 ποιοῦσι
1315 1501 1433 1562 τοὺς
1461 1504 1751 1578 ἀνθρώπους
1775 1505 1891 1576 περί
1915 1503 1972 1556 τό

415 1595 634 1664 πληροῦν
659 1596 751 1652 τάς
771 1593 968 1653 ἐντολάς
995 1599 1084 1646 τοῦ
1111 1599 1255 1654 Θεοῦ,
1279 1601 1370 1652 τῆς
1403 1601 1578 1651 στενῆς
1603 1596 1684 1648 καί
1716 1593 1974 1661 τεθλιμμέ-

415 1703 502 1742 νης
527 1682 646 1737 όδοῦ
675 1685 853 1742 αὐτοὺς
904 1685 1296 1759 ἀποτρέποντες,
1343 1687 1422 1736 καί
1454 1685 1578 1760 πρὸς
1612 1689 1700 1742 τήν
1735 1683 1972 1736 πλατεῖαν

2067 501 2333 556 successio
2375 500 2426 552 in
2479 499 2822 556 inlinninrum
2869 503 3107 572 irrepens
3149 504 3374 566 animas,
3419 501 3540 555 facit
3566 510 3620 555 ut

2066 605 2186 643 eum
2218 597 2507 656 sequantur
2555 605 2671 658 quae
2718 605 2747 644 a
2788 592 3044 661 principio
3088 595 3373 647 commissa
3413 592 3480 645 ab
3509 591 3620 660 ipso

2066 684 2284 745 peccata
2313 683 2456 728 sunt.

2138 811 2298 878 Quasi
2327 812 2466 866 enim
2491 813 2554 866 iis
2575 811 2665 880 qui
2695 811 2930 878 Drigcnis
2961 814 3150 883 placita
3179 823 3492 883 sequuntur,
3519 833 3622 870 nor.

2069 901 2197 954 satis
2224 901 2293 954 sit
2318 900 2384 954 de
2413 903 2808 970 prmexistentia
2838 904 3132 957 animarum
3164 905 3436 973 impietas,
3469 916 3624 960 caele-

2068 1003 2234 1055 raque
2262 988 2375 1056 ejus
2405 989 2793 1058 vaniloquentia
2817 1029 2832 1052 ,
2876 993 3325 1062 blasphcmimque
3351 993 3418 1048 de
3444 1004 3623 1048 sant-ta

2075 1077 2337 1132 Trinitate
2379 1097 2390 1130 :
2433 1079 2534 1132 hoc
2580 1093 2793 1150 quoque
2842 1083 3058 1150 preprio
3102 1083 3270 1136 errori
3319 1083 3625 1151 adiungunt,

2069 1167 2257 1221 ducem
2289 1176 2343 1220 et
2371 1166 2656 1221 auctorem
2693 1169 2950 1222 habentes
2988 1186 3290 1238 perversam
3333 1170 3448 1238 ejus
3475 1170 3628 1228 disci-

2069 1257 2295 1326 plinam,
2321 1264 2379 1309 ut
2407 1256 2618 1322 dicant,
2659 1259 2896 1310 omnium
2927 1259 3206 1326 impiorum
3233 1258 3538 1320 hominum,
3569 1271 3628 1309 ac

2070 1352 2328 1414 praeterea
2374 1343 2670 1398 dmmonum
2719 1361 2930 1412 pinnam
2979 1344 3136 1397 linem
3167 1345 3465 1398 habituram
3494 1359 3626 1406 esse,

2070 1433 2483 1500 restitutumque
2503 1433 2568 1486 iri
2595 1442 2705 1487 tum
2734 1435 2926 1503 impios
2947 1435 3209 1500 homines,
3233 1444 3342 1487 tum
3366 1435 3631 1489 dasmones

2074 1521 2126 1574 in
2151 1521 2430 1590 pristinum
2455 1522 2692 1576 ordinem
2717 1537 2888 1576 suum.
2913 1521 3036 1577 lltnc
3051 1539 3169 1577 cum
3193 1524 3396 1589 dicunt,
3421 1523 3631 1590 ignavos

2073 1612 2316 1668 homines
2343 1610 2579 1667 efﬁciunt
2612 1612 2665 1665 in
2701 1612 2795 1665 Dei
2825 1614 3101 1682 pncceptis
3130 1613 3512 1681 exsequendis,
3540 1628 3630 1670 eos

2076 1713 2379 1758 avertentes
2407 1703 2474 1757 ab
2498 1711 2720 1771 angusta
2742 1712 2796 1756 et
2816 1710 2970 1756 arcta
2995 1703 3097 1766 via,
3120 1713 3173 1756 et
3195 1703 3246 1756 in
3273 1703 3394 1756 latzc
3420 1719 3482 1758 ac
3509 1718 3630 1773 ειη-

415 1776 499 1826 καί
527 1774 820 1846 εὐρύχωρον
850 1772 1260 1832 ἀποπλανῶντες⁶
1289 1773 1622 1827 ἐναντιοῦνται
1659 1771 1712 1826 δέ
1747 1775 1972 1836 καθάπαξ

2082 1791 2222 1845 tiosm
2259 1779 2496 1846 errorem
2527 1792 2856 1846 induc-entes.
2885 1790 3114 1846 Omnino
3143 1801 3318 1846 autem
3346 1793 3633 1848 adversan-

414 1865 493 1916 καί
527 1871 636 1922 τοῖς
675 1865 818 1937 παρά
861 1867 950 1916 τοῦ
993 1863 1210 1934 μεγάλου
1255 1867 1378 1916 Θεοῦ
1435 1865 1516 1915 καί
1567 1869 1793 1936 σωτῆρος
1836 1864 1972 1931 ἡμῶν

413 1950 576 2011 ἰησοῦ
604 1960 823 2028 Χριστοῦ
858 1955 1158 2027 λεγομένοις.
1193 1955 1348 2014 Αὐτός
1371 1957 1470 2029 γὰρ
1500 1956 1548 2008 ἓν
1577 1961 1647 2026 τῷ
1678 1954 1802 2026 ἁγίῳ
1829 1957 1974 2027 εὐαγ-

413 2046 556 2114 γελίῳ
583 2043 808 2100 διδάσκει
827 2085 840 2107 ,
879 2046 948 2103 ὡς
987 2043 1032 2096 οί
1061 2046 1148 2115 μέν
1175 2043 1377 2102 ἀσεϐεῖς
1408 2042 1764 2098 ἀπελεύσονται
1791 2045 1861 2102 είς
1889 2045 1975 2098 κό-

414 2136 558 2188 λασιν
592 2138 812 2197 αἰώνιον,
844 2135 888 2186 οἱ
921 2132 973 2187 δέ
1001 2131 1178 2188 δίκαιοι
1205 2136 1277 2192 εἷς
1306 2137 1434 2196 ζωήν
1459 2135 1671 2187 αίῶνιον-
1705 2134 1801 2185 Καὶ
1830 2133 1975 2186 πάλιν

414 2229 542 2298 λέγει
553 2235 656 2287 τοῖς
671 2230 760 2298 μέν
780 2229 829 2280 ἐκ
845 2226 1032 2290 δεξιῶν*
1055 2231 1254 2290 «Δεῦτε,
1279 2225 1323 2278 oi
1346 2224 1650 2296 εὐλογημένοι
1669 2229 1760 2277 τοῦ
1783 2223 1976 2295 πατρίς

415 2338 530 2384 μου,
547 2317 948 2388 κληρονομήσατε
973 2321 1062 2374 τὴν
1083 2315 1445 2384 ἡτοιμασμένην
1469 2315 1582 2382 ὑμῖν
1605 2313 1855 2382 βασιλείαν
1876 2313 1976 2366 ἀπὸ

416 2407 694 2466 καταϐολῆς
723 2406 910 2476 κόσμου
932 2421 945 2434 ⁶
981 2422 1000 2456 ι
1033 2413 1136 2464 τοῖς
1165 2403 1218 2459 δέ
1246 2406 1292 2466 ἐξ
1321 2405 1615 2470 εὐωνύμων·
1651 2419 1668 2451 ε
1701 2404 1976 2476 Πομ-ἔωθε

417 2496 505 2548 ἀπ’
528 2497 668 2564 ἐμοῦ,
695 2495 740 2548 oi
767 2495 1120 2566 κατηραμένοι,
1155 2495 1224 2553 είς
1242 2493 1298 2547 τό
1318 2499 1421 2568 πῦρ
1445 2494 1500 2546 τό
1523 2495 1736 2556 αἰώνιον,
1765 2493 1822 2546 τό
1842 2493 1977 2548 ἦτοι-

419 2586 673 2655 μασμένον
700 2592 771 2654 τῷ
799 2583 1011 2654 διαϐόλῳ
1038 2586 1122 2636 καί
1156 2591 1258 2642 τοῖς
1297 2584 1517 2654 ἀγγέλοις
1548 2584 1978 2651 αὖτοῦδΐανερῶς

420 2671 506 2727 οὖν
532 2680 625 2728 τεῦ
653 2675 824 2746 κυρίου
853 2671 935 2728 διά
962 2680 1050 2728 τοῦ
1073 2672 1215 2744 ἁγίου
1237 2673 1526 2744 εὐαγγελίου
1548 2673 1866 2728 ἀτελεύτητον
1891 2675 1978 2728 τήν

421 2784 475 2818 τε
512 2765 712 2817 κόλασιν
741 2767 830 2820 τήν
872 2784 924 2817 τε
954 2763 1214 2834 βασιλείαν
1241 2762 1690 2834 ἐπαῃελλομὲνου,
1741 2758 1981 2834 πρόδηλοι

420 2857 778 2912 καθεστήκασιν
808 2849 947 2908 οὗτοι
972 2855 1090 2914 τοὺς
1117 2854 1400 2928 Ὠριγένους
1427 2851 1615 2922 μύθους
1639 2860 1980 2926 προτιμῶντες

421 2949 522 2997 τῶν
567 2947 652 2996 τοῦ
700 2943 878 3016 κυρίου
931 2941 1258 3014 ἀποφάσεων·
1288 2939 1470 3013 ὄπονγε
1515 2943 1735 3012 κᾴκεῖίεν
1762 2942 1926 2994 αὐτῶν
1950 2941 1980 2998 ἡ

421 3029 565 3084 ἄνοια
590 3028 921 3103 διελέγχεται.
949 3033 1005 3084 Εἰ
1027 3031 1126 3103 γάρ
1151 3050 1228 3090 τις
1255 3033 1386 3084 κατά
1423 3033 1540 3090 τοὺς
1583 3030 1760 3084 ἐκείνου
1796 3030 1980 3105 λήρους

2073 1889 2160 1935 tur
2180 1881 2356 1950 magni
2378 1881 2472 1935 Dei
2502 1889 2552 1936 et
2575 1879 2644 1934 Sa
2658 1881 2873 1934 lvatoris
2893 1881 3061 1937 nostri
3087 1879 3210 1938 Jesu
3231 1879 3426 1936 Christi
3446 1881 3628 1946 dictis;

2073 1970 2187 2042 ipse
2213 1971 2352 2023 enim
2383 1971 2434 2023 in
2469 1978 2654 2024 sancto
2680 1967 2965 2042 Evangelio
2990 1968 3184 2034 docet,
3214 1969 3405 2039 impios
3427 1970 3632 2038 quidem

2071 2039 2240 2110 ituros
2269 2057 2322 2112 in
2353 2066 2608 2110 aeternum
2655 2039 2968 2128 supplicium
2995 2099 3010 2124 ,
3034 2057 3206 2126 juslos
3239 2073 3367 2114 vero
3396 2059 3450 2112 in
3475 2068 3629 2116 teter-

2075 2161 2202 2200 nam
2230 2147 2392 2201 vitam
2444 2146 2656 2218 (Matth.
2689 2150 2814 2211 xxv)
2843 2165 2856 2212 ;
2905 2163 3196 2216 rursusque
3237 2147 3365 2202 dicit
3401 2147 3466 2203 iis
3489 2149 3576 2216 qui
3605 2164 3632 2202 a

2073 2237 2274 2294 dextris
2300 2247 2423 2294 sunt
2455 2245 2480 2292 ε’
2503 2237 2702 2302 Venite,
2742 2239 2995 2295 benedicti
3036 2237 3212 2291 Patris
3249 2238 3366 2301 mei,
3391 2233 3633 2308 possidete

2073 2339 2310 2398 paratum
2333 2328 2470 2382 vobis
2493 2345 2704 2399 regnum
2734 2345 2766 2380 a
2799 2328 3156 2381 constitutione
3187 2328 3394 2390 mundi;
3422 2328 3487 2382 iis
3513 2343 3633 2382 veru

2074 2418 2162 2485 qui
2193 2433 2222 2470 a
2252 2417 2504 2471 sinistris:
2529 2417 2606 2470 Ite
2627 2434 2658 2470 a
2679 2433 2776 2480 me,
2799 2416 3072 2478 maledicti,
3105 2417 3156 2468 in
3179 2416 3346 2486 ignem
3370 2425 3632 2473 aeternum.

2076 2508 2162 2575 qui
2183 2516 2393 2576 paratus
2415 2515 2490 2559 est
2525 2505 2728 2559 diabolo
2757 2514 2806 2558 et
2844 2504 3036 2574 angelis
3071 2503 3183 2572 ejus
3213 2503 3478 2575 (Ibidem).
3511 2505 3636 2560 Cum

2078 2595 2238 2663 igitur
2263 2603 2449 2665 aperte
2479 2595 2734 2651 Dominus
2781 2595 2834 2648 in
2887 2602 3072 2648 sancto
3110 2593 3400 2664 Evangelio
3445 2594 3638 2650 indesi-

2078 2701 2210 2740 nens
2231 2695 2285 2740 et
2309 2687 2625 2756 supplicium
2655 2694 2708 2740 et
2734 2699 2953 2752 regnum
2979 2683 3277 2752 denuntiet,
3305 2687 3638 2756 perspicuum

2078 2785 2158 2830 est
2186 2777 2283 2832 hos
2308 2775 2552 2845 Origenis
2597 2777 2946 2831 deliramenta
2990 2777 3272 2832 sententiis
3315 2776 3520 2832 Domini
3546 2793 3640 2830 an-

2081 2867 2296 2924 teferre.
2326 2867 2402 2924 Ex
2432 2869 2534 2926 hoc
2561 2884 2774 2940 quoque
2797 2869 3006 2924 illorum
3028 2871 3257 2924 amentia
3285 2869 3635 2937 redarguitur.

2081 2957 2137 3034 Si
2165 2959 2284 3026 quis
2311 2960 2450 3014 enim
2474 2959 2627 3027 juxta
2658 2960 2799 3014 illius
2826 2973 2992 3026 nugas
3016 2967 3176 3029 ponat
3201 2957 3511 3028 supplicium
3539 2957 3632 3010 de-

2081 3047 2304 3101 siturum
2329 3089 2344 3110 ,
2385 3063 2604 3104 necesse
2647 3056 2730 3104 est
2775 3048 2919 3103 hunc
2966 3056 3021 3102 et
3048 3046 3487 3122 promisszejustis
3511 3047 3631 3101 vitae

422 3121 656 3178 ὑπόθοιτο
671 3121 828 3194 πέρας
851 3119 882 3174 ἔ
883 3143 924 3192 χ
929 3141 998 3174 ειν
1013 3126 1102 3178 τὴν
1121 3121 1335 3187 κόλασιν,
1347 3122 1530 3194 ἀνάγκη
1553 3122 1638 3174 τὸν
1653 3128 1874 3175 τοιοῦτον
1898 3128 1980 3177 καὶ

2082 3145 2292 3190 ωιετιιτθ
2320 3145 2559 3192 statuere
2589 3138 2746 3192 linem
2772 3157 2784 3191 :
2808 3150 2960 3206 atque
2988 3119 3130 3192 enim
3158 3137 3208 3190 in
3234 3144 3458 3205 utroque
3482 3145 3639 3190 reter-

424 3220 484 3282 τῇ
513 3211 838 3284 ἒπηγγελμένῃ
865 3219 972 3272 τοῖς
999 3209 1207 3272 δικαίοις
1231 3213 1408 3280 αἰωνίῳ
1437 3217 1535 3286 ζωῇ
1561 3213 1697 3272 τᾶυς
1723 3213 1975 3266 ἐπιθεῖναι.

421 3297 616 3365 Ἐξίσης
639 3305 737 3379 γάρ
773 3303 849 3355 ἐπ’
885 3303 1173 3374 ἀμφοτέρων
1206 3303 1262 3354 τὸ
1301 3303 1494 3356 αἰώνιον
1519 3310 1670 3355 κεῖται
1689 3317 1702 3326 ’
1731 3305 1816 3355 καί
1841 3301 1978 3380 ε”περ

423 3393 580 3467 πέρας
628 3390 743 3462 ἔχει
769 3392 969 3452 κόλασίς
994 3413 1049 3451 τε
1075 3395 1156 3446 καί
1182 3393 1478 3454 ἀπόλαυσις,
1511 3391 1644 3446 διατί
1679 3395 1710 3452 ἦ
1748 3394 1980 3469 ένανθρὼ-

424 3505 582 3546 πησις
605 3491 696 3539 τοῦ
723 3488 898 3556 κυρίου
933 3487 1067 3554 ἡμῶν
1099 3482 1262 3540 Ἰησοῦ
1298 3492 1545 3561 Χριστοῦ;
1586 3484 1720 3540 διατί
1757 3485 1808 3541 δέ
1843 3491 1926 3542 καί
1951 3490 1982 3546 ἡ

428 3576 747 3646 σταύρωσις,
775 3577 860 3628 καί
883 3572 909 3628 ό
935 3575 1136 3634 θάνατος
1185 3578 1270 3628 καί
1296 3576 1325 3632 ἠ
1351 3579 1502 3647 rapi,
1531 3579 1616 3628 γαί
1641 3579 1670 3638 ἡ
1698 3579 1982 3638 ἀνάστασις

425 3667 519 3716 τοῦ
555 3667 760 3738 κυρίου;
795 3671 937 3718 ποῖον
962 3661 1012 3718 δέ
1052 3661 1221 3736 ἴφελος
1247 3671 1352 3724 τοῖς
1378 3665 1464 3719 τὸν
1489 3666 1632 3720 καλὸν
1659 3668 1826 3739 ἀγῶνα
1846 3669 1986 3740 ’ἀγω-

425 3755 728 3822 νισαμένςις,
757 3755 840 3807 καί
864 3754 994 3827 ὑπὲρ
1019 3759 1241 3825 Χριστοῦ
1269 3759 1678 3829 μαρτυρήσασιν,
1708 3758 1751 3810 εί
1771 3757 1989 3822 μέλλοιεν

427 3842 654 3914 δαίμονές
678 3864 763 3908 τε,
791 3847 874 3896 καί
899 3846 1100 3904 ἀσεϐεῖς
1133 3851 1220 3902 την
1246 3847 1401 3904 αὐτὴν
1426 3854 1532 3905 τοῖς
1559 3846 1716 3920 ἁγίοις
1743 3845 1881 3911 τοίξιν
1908 3847 1990 3902 διὰ

427 3941 517 3990 τῆς
568 3933 1026 3992 ἀποκαταστάσεως
1074 3933 1372 4004 λαμϐάνειν;
1407 3931 1548 3988 Ἀλλά
1597 3939 1678 3988 καί
1713 3942 1877 3991 ταῦτα
1903 3941 1992 4007 μὲν

428 4022 510 4074 έπί
553 4023 645 4080 τάς
689 4023 878 4074 ἐκείνων
923 4025 1136 4096 τραπείη
1181 4023 1395 4093 κεφαλάς
1439 4032 1536 4078 τῶν
1583 4031 1743 4080 ταῦτα
1785 4027 1994 4094 μυθολο-

424 4109 664 4180 γούντων.
693 4111 750 4165 Oi
773 4107 874 4186 γάρ
900 4117 988 4166 τοῦ
1015 4119 1233 4182 Χριστοῦ
1278 4113 1413 4183 λόγοι
1447 4111 1754 4182 διαμένουσιν
1781 4117 1992 4169 ἀσάλευ-

2083 3243 2210 3282 num
2259 3229 2491 3298 ponitur.
2541 3227 2596 3282 Si
2642 3238 2818 3283 autem
2861 3237 2917 3282 et
2957 3244 3116 3297 pmna
3158 3237 3212 3282 et
3247 3227 3424 3280 fruitio
3463 3226 3645 3294 gloria:

2085 3317 2284 3371 habent
2311 3317 2490 3383 linem,
2524 3334 2620 3373 cur
2647 3318 2942 3372 incarnatio
2972 3317 3068 3371 fuit
3093 3316 3300 3371 Domini
3327 3315 3496 3370 nostri
3524 3313 3647 3368 Jesn

2084 3405 2314 3462 Christi?
2352 3424 2448 3462 cur
2471 3405 2776 3474 crucifi'xio,
2807 3418 2861 3463 et
2888 3423 3052 3475 mors,
3082 3416 3138 3463 ct
3163 3407 3454 3477 sepultura,
3486 3413 3541 3459 et
3565 3419 3646 3458 re.

2085 3497 2344 3550 surrectio
2372 3496 2626 3552 Domini?
2673 3496 2818 3565 quod
2863 3497 3200 3550 commodum
3247 3496 3309 3548 iis
3335 3495 3426 3565 qui
3454 3495 3644 3550 bonum

2086 3593 2357 3638 certamen
2382 3593 2738 3650 certaverunt,
2760 3591 2812 3638 et
2833 3599 2930 3654 pro
2958 3582 3172 3637 Christo
3197 3582 3506 3652 martyrium
3527 3581 3644 3636 sub-

2089 3673 2297 3739 ierunt,
2346 3675 2390 3727 si
2428 3682 2482 3727 et
2527 3673 2792 3730 dmmones
2839 3681 2894 3727 et
2931 3671 3172 3725 homines
3205 3669 3352 3738 impii
3407 3669 3644 3723 eumdem

2089 3777 2246 3831 quem
2277 3763 2442 3816 sancti
2491 3762 2731 3817 ordinem
2761 3762 3210 3829 redintegratione
3238 3760 3469 3814 habituri
3496 3761 3644 3813 sunt?

2099 3851 2292 3904 Verum
2320 3853 2422 3906 hoc
2450 3867 2502 3906 m
2530 3866 2714 3905 eorum
2745 3851 2918 3918 capita
2945 3857 3200 3909 vertatur,
3244 3849 3330 3918 qui
3361 3848 3472 3902 htcc
3499 3845 3643 3901 fabu-

2095 3939 2286 3992 lantur.
2320 3939 2448 3993 Nam
2477 3938 2673 3992 Christi
2711 3939 2871 3993 verba
2901 3938 2956 3991 in
3005 3935 3234 3990 ﬁdelium
3283 3937 3545 3990 mentibus
3574 3935 3642 3988 in-

2098 4042 2354 4080 concussa
2384 4036 2619 4090 manent,
2651 4035 2810 4093 atque
2840 4027 2890 4080 in
2921 4025 3034 4094 ipsa
3067 4038 3239 4078 rerum
3270 4024 3507 4078 veritate.

425 4223 500 4256 τοι
527 4204 576 4254 ἓν
607 4210 719 4262 ταῖς
755 4210 852 4257 τῶν
900 4208 1094 4256 πιστῶν
1127 4202 1358 4271 ψυχαῖς,
1409 4206 1490 4256 καί
1539 4204 1588 4256 ἐν
1637 4205 1762 4276 αὐτῇ
1805 4212 1866 4275 τῇ
1892 4214 1989 4258 τῶν
2015 4210 2328 4279 πραγμάτων
2355 4209 2572 4280 ἀληθείᾳ.

499 4292 556 4342 Θί
583 4288 636 4344 δέ
661 4295 749 4348 τήν
773 4291 1054 4366 Ὠριγένους
1081 4289 1385 4350 ἐκδικοῦντες
1406 4290 1702 4354 κακοδοξίαν,
1731 4291 1994 4364 φεύγοντες

429 4381 543 4438 τοὺς
569 4383 685 4452 περί
711 4381 902 4433 τούτων
927 4381 1164 4453 ἀρῥαγεῖς
1214 4381 1481 4453 ἐλέγχους,
1533 4385 1618 4435 καί
1655 4386 1995 4456 συγκρύπτειν

426 4471 518 4524 την
542 4467 733 4521 ἑαυτῶν
757 4467 944 4525 πλάνην
959 4469 1265 4541 βουλὸμενοι,
1283 4474 1420 4530 τινάς
1445 4472 1615 4543 ῥήσεις
1641 4473 1694 4524 έκ
1717 4480 1813 4525 τῶν
1839 4473 1993 4546 ἁγίων

429 4559 663 4632 πατέρων
686 4565 844 4617 κακῶς
873 4559 1289 4629 έκλαμϐάνοντες,
1333 4564 1435 4614 καὶθ
1449 4563 1578 4633 πρὸς
1605 4563 1690 4616 τόν
1719 4560 1843 4616 ἴδιον
1883 4571 1996 4617 νοῦν

429 4650 890 4722 παρερμηνειξοντες
907 4692 919 4712 ,
950 4655 1012 4722 τῇ
1041 4651 1193 4722 οἰκεία
1219 4651 1643 4724 προσαρμόζουσι
1668 4653 1800 4723 νόσῳ
1817 4669 1828 4679 ·
1866 4651 1992 4726 ὅπερ

432 4745 640 4791 ποιοῦσι
668 4740 751 4790 καί
787 4737 872 4792 έπί
898 4744 995 4792 τῶν
1035 4738 1176 4790 θείων
1209 4747 1426 4810 γραφῶν.
1455 4737 1626 4811 Ἦμεῖς
1671 4739 1722 4794 δέ
1753 4744 1801 4804 ἐξ
1834 4745 1994 4796 αὐτῶν

432 4832 530 4879 τῶν
559 4825 712 4894 ἁγίων
739 4829 968 4900 πατέρων
999 4825 1316 4895 ἀποδείξομεν
1340 4831 1585 4896 ματαίους
1613 4825 1734 4882 εἶναι
1771 4835 1852 4884 καί
1877 4835 1994 4892 τοὺς

433 4917 704 4970 τοιούτους
733 4919 895 4970 αὐτῶν
919 4916 1112 4986 λόγους.
1141 4918 1284 4988 Λέγει
1310 4920 1472 4972 τοίνυν
1496 4918 1520 4972 ό
1544 4920 1592 4972 έν
1620 4919 1778 4990 ἁγίοις
1806 4923 1994 4994 Γρηγὸ-

433 5022 542 5078 ριος
569 5002 838 5075 όθεολὸγος
865 5005 912 5056 έν
939 5013 1009 5074 τῷ
1039 5007 1374 5076 ἀπολογητικῶ
1393 5007 1518 5076 λόγῳ
1542 5007 1691 5062 τάδε·
1727 5008 1891 5064 CILI»
1917 5011 1992 5078 δέ,

435 5089 508 5152 οἷς·
535 5093 593 5146 τὸ
621 5091 1016 5162 κινδυνευόμενόν
1039 5096 1144 5150 ἔστι
1169 5101 1396 5169 σωτηρία
1423 5097 1600 5167 ψυχῆς
1628 5108 1716 5158 τῆς
1743 5105 1994 5174 μακαρίας

434 5203 490 5238 τε
521 5185 605 5238 καὶ
652 5181 929 5250 ἀθανάτου,
957 5190 1038 5239 καί
1063 5185 1284 5241 ἀθάνατα
1312 5188 1736 5258 κολασθησοῴνης
1773 5190 1802 5250 ἦ
1847 5191 1993 5246 έπαι-
2028 5220 2032 5224 ·

433 5273 762 5343 νεξησομένης
786 5270 866 5326 διὰ
891 5276 1065 5326 κακίαν
1096 5272 1125 5333 ἣ
1155 5276 1358 5348 ἀρετὴν,
1383 5276 1536 5330 πόσον
1563 5283 1669 5348 χρὴ
1691 5277 1852 5332 δογεῖν
1871 5275 1994 5334 εἶναι

433 5362 519 5416 τόν
545 5361 736 5430 ἀγῶνα,
761 5360 847 5412 καί
875 5357 994 5419 ὅσης
1018 5358 1096 5414 δεῖ
1116 5369 1205 5421 τῆς
1230 5362 1535 5434 ἐπιστήμηςς
1559 5369 1677 5418 »καί
1704 5365 1812 5436 μετ’
1831 5368 1990 5438 ὁλίγα⁹

439 5458 557 5516 (Τίς
582 5453 771 5523 ψευδὴς
792 5453 1056 5525 ἀπολογίας
1076 5457 1197 5508 ποία
1213 5453 1473 5514 πιθανότης
1499 5456 1772 5526 ἔντεχνος;
1797 5463 1872 5516 τίς
1886 5460 1994 5512 iri—

435 5568 540 5601 wuot
573 5547 700 5600 κατά
741 5555 832 5605 τῆς
865 5546 1092 5605 ἀληθείας
1119 5546 1498 5617 παραλογιεῖτάι
1539 5547 1596 5600 τὸ
1642 5545 1989 5622 δικαστήριον,

437 5638 516 5691 καί
539 5637 708 5707 κλέψει
735 5641 821 5694 τὴν
843 5636 986 5710 ὀρθήν
1011 5639 1173 5711 κρίσιν
1199 5642 1302 5694 τοῖς
1329 5640 1458 5688 πᾶσι
1487 5631 1653 5689 ποίντα
1678 5637 1724 5686 ἐν
1753 5641 1886 5704 ζυγῷ
1913 5659 1990 5690 τι·

440 5737 628 5788 ἐἷα-αν,
657 5730 739 5780 καί
764 5727 967 5797 πρᾶξιν,
994 5729 1076 5779 καὶ
1094 5725 1255 5794 λόγον,
1287 5727 1367 5778 καί
1392 5723 1654 5792 δια-δέημα,
1685 5730 1764 5779 καί
1789 5728 1990 5782 άντιση·

2169 4296 2264 4359 Qni
2296 4311 2455 4363 porro
2489 4293 2732 4363 Origenis
2759 4295 3052 4362 improbam
3081 4294 3385 4362 opinionem
3414 4299 3640 4353 tuentur,

2097 4386 2242 4438 linna
2272 4387 2382 4440 haec
2407 4395 2715 4453 argumenta
2743 4385 3002 4453 fugientes
3027 4425 3042 4450 ,
3090 4399 3348 4452 suumque
3395 4391 3643 4437 conantes

2103 4485 2280 4542 tegere
2327 4489 2561 4530 errorem
2589 4514 2602 4538 ,
2634 4475 2872 4543 quaedam
2918 4481 3220 4527 sanctorum
3267 4471 3480 4524 Patrum
3509 4469 3642 4524 dicta

2095 4565 2234 4620 male
2261 4565 2584 4633 excipientes
2609 4604 2622 4628 ,
2671 4577 2940 4632 pravoque
2974 4577 3040 4616 ex
3077 4561 3340 4615 sententia
3365 4576 3455 4614 sua
3487 4559 3644 4612 inter-

2096 4662 2382 4724 pretantes,
2413 4653 2629 4720 proprio
2653 4651 2842 4706 morbo
2862 4649 3300 4705 accommodant:
3327 4647 3466 4716 quod
3488 4648 3644 4702 etiam

2096 4742 2148 4796 in
2197 4740 2388 4794 divinis
2428 4739 2626 4794 faciunt
2671 4737 2976 4807 Scripturis.
3023 4737 3132 4791 Nos
3177 4746 3352 4792 autem
3401 4751 3466 4792 ex
3519 4735 3642 4804 ipsis

2093 4829 2290 4884 sanctis
2319 4827 2562 4881 Patribus
2591 4827 2930 4882 ostendemus
2967 4826 3146 4880 inanes
3176 4841 3237 4880 ac
3265 4825 3438 4880 futiles
3463 4839 3642 4878 eorum

2093 4919 2328 4971 rationes
2375 4933 2510 4970 esse.
2562 4915 2685 4970 Haec
2731 4917 2890 4984 igitur
2917 4918 3098 4971 scribit
3124 4927 3338 4972 sanctus
3365 4916 3644 4984 Gregorius

2094 5005 2396 5073 Theologus
2444 5008 2494 5060 in
2537 5008 2870 5076 apologetica
2916 5008 3200 5061 oratione:
3239 5025 3258 5058 ι
3291 5006 3450 5061 Nobis
3497 5022 3641 5073 vero,

2093 5096 2283 5164 quibus
2309 5095 2642 5164 periclitatur
2667 5097 2809 5150 salus
2835 5096 3024 5149 animm
3051 5095 3217 5149 beata:
3245 5105 3405 5164 atque
3434 5097 3646 5150 immor-

2093 5187 2232 5248 talis,
2264 5201 2486 5254 quthue
2521 5188 2895 5254 sempiternam
2926 5185 3134 5240 aditura
3173 5196 3256 5240 est
3306 5188 3387 5240 vel
3435 5202 3641 5256 pmnam

2092 5275 2176 5328 vel
2207 5274 2412 5328 laudem
2439 5313 2454 5338 ,
2495 5283 2714 5344 propter
2741 5275 2994 5328 malitiam
3023 5286 3116 5329 aut
3151 5277 3394 5331 virtutem
3421 5318 3434 5340 ,
3463 5275 3643 5344 quanti

2093 5365 2388 5420 faciendum
2435 5375 2518 5419 est
2560 5365 2660 5419 hoc
2702 5373 3006 5434 certamen,
3053 5375 3144 5420 aut
3185 5375 3381 5434 quanta
3427 5365 3645 5420 scientia

2093 5473 2226 5523 opus
2255 5457 2372 5508 est?
2407 5475 2424 5505 ι
2471 5454 2533 5508 Et
2564 5465 2684 5524 post
2711 5432 2923 5524 pauca’:
2964 5475 2980 5508 ι
3017 5456 3128 5522 Qua
3162 5432 3288 5509 falsa
3318 5456 3641 5513 defensione.

2091 5561 2193 5612 qua
2225 5546 2564 5613 persuasione
2593 5545 2874 5600 artiﬁciosa
2892 5585 2906 5608 ,
2928 5561 3158 5613 quonam
3183 5557 3480 5599 commento
3508 5548 3649 5598 veri-

2093 5643 2254 5686 tntcm
2305 5644 2642 5702 oppugnante
2689 5635 3129 5689 circumvenietur
3169 5635 3285 5701 jus,
3335 5650 3395 5687 ac
3439 5634 3649 5688 fallatur

2095 5733 2294 5778 rectum
2336 5725 2622 5794 judicium,
2655 5724 2794 5794 quod
2843 5726 3086 5780 omnibus
3126 5726 3301 5780 omnia
3346 5725 3394 5777 in
3445 5733 3645 5783 statera
