3994 6140
409 305 508 372 977

1493 299 1724 358 LIBER
1759 272 2151 358 ADVERSUS
2189 251 2621 354 ORIGENEM;

3506 290 3620 352 9ῖὸ

425 424 613 476 κιοῦσαν
643 427 744 480 εοίς
770 426 1000 493 πονηροῖς
1029 422 1092 474 τὰ
1129 419 1379 488 βελτίονα,
1409 421 1488 474 ἵνα
1512 421 1568 474 τὸ
1595 420 1740 496 ῥέπον
1767 423 1972 490 νικήσῃ,

2096 411 2246 476 )οιιίι,
2279 411 2438 478 facta,
2461 411 2622 476 dicta,
2651 408 3098 478 cogitationesque
3125 422 3328 470 omnes,
3356 422 3416 461 ac.
3439 425 3621 473 ncqui-

425 512 510 563 καὶ
546 509 670 578 μετὰ
713 515 802 563 τοῦ
842 511 1061 566 πλείονος
1106 510 1135 566 ἡ
1177 509 1336 580 ψῆφος
1381 509 1611 578 γένηται,
1658 507 1762 575 μεθ’
1797 507 1855 563 ἣν
1891 508 1976 558 οὐκ

423 596 618 669 ἶφεσις,
650 601 706 652 οὐ
730 603 898 670 κριτής
943 597 1246 672 ὑψηλότερος
1265 635 1282 659 ,
1323 598 1409 650 οὐκ
1453 595 1695 666 ἀπολογία
1733 593 1795 648 δι’
1823 593 1978 668 ἔργων

421 685 700 762 δευτέρων,
729 687 818 740 οὐκ
852 683 1016 740 ἴλαιον
1061 687 1204 760 παρὰ
1228 692 1325 738 τῶν
1350 687 1594 758 φρονίμων
1639 683 1922 756 παρθένων,
1949 681 1978 740 ἢ

427 783 524 830 τῶν
558 775 850 829 πωλοῖντων
897 775 1234 834 ἰκλειπούσαις
1268 774 1554 842 λαμπάσιν,
1590 775 1649 826 οὐ
1691 771 1980 841 μεταμέλεια

430 865 665 918 πλουσίω
701 863 837 935 φλογί
875 864 1142 932 τηκομένου
1177 864 1258 915 καί
1296 870 1400 921 τοῖς
1426 865 1612 918 οἰκείοις
1639 861 1981 922 ἐπιζητοῦντος

428 951 717 1026 διόρθωσιν,
749 954 803 1005 οὐ
826 953 1107 1024 προθεσμία
1137 954 1512 1018 μεταποιὴσσοίς
1531 965 1546 978 ⁸
1577 948 1698 1002 ἀλλά
1737 949 1818 1000 καί
1850 945 1975 1016 μόνι-

429 1061 548 1110 μον,
586 1043 668 1094 καί
693 1041 930 1113 φοϐερόν,
969 1043 1055 1093 καὶ
1086 1039 1366 1093 τελευταῖον
1392 1037 1446 1091 τὸ
1486 1041 1762 1110 κρατήρων,
1803 1037 1884 1087 καὶ
1913 1031 1985 1087 δί-

429 1151 568 1184 καιον
605 1131 746 1184 πλέον
782 1130 811 1188 ἦ
856 1129 970 1184 ὅσον
1011 1130 1271 1201 έπίςιοῗον,
1311 1128 1492 1198 μᾶλλον
1532 1127 1584 1180 δέ
1625 1125 1706 1180 διὰ
1730 1131 1878 1178 τοίτο
1904 1129 1985 1177 καί

430 1221 780 1294 φοϐερώτερον,
810 1218 886 1275 ότι
911 1218 1093 1274 δίκαιον
1113 1236 1123 1248 ·
1152 1223 1294 1276 ἡνίκα
1321 1219 1491 1289 θρόνοι
1516 1220 1752 1277 τίῗενται,
1786 1219 1867 1268 καί
1891 1236 1986 1268 πα-

431 1309 566 1367 λαιὸς
593 1311 786 1380 ἡμερῶν
829 1311 1212 1383 προκαθέζεται,
1257 1311 1340 1364 καί
1383 1309 1549 1376 βίϐλοι
1574 1307 1875 1388 ἀνοίγοχται.
1907 1309 1986 1357 καί

431 1399 658 1466 ποταμός
683 1398 843 1470 πυρός
881 1398 1088 1457 ἕλκεται,
1133 1399 1211 1450 καί
1245 1399 1301 1450 τὸ
1341 1405 1440 1468 ςίῶς
1475 1395 1773 1467 ἔμπροσθεν,
1815 1397 1896 1448 καί
1932 1396 1989 1447 τό

434 1487 610 1546 σκότος
636 1489 987 1558 ἡτοιμασμένον
1055 1491 1136 1540 καί
1172 1487 1470 1558 πορεύονται
1493 1487 1538 1538 o'.
1563 1480 1628 1538 τὰ
1654 1485 1816 1555 ἀγαθά
1841 1488 1988 1540 ποιή-

433 1596 606 1634 σαντες
634 1578 704 1634 εἰς
731 1578 1005 1628 ἀνάστασιν
1043 1580 1171 1638 ζωῆς
1212 1584 1302 1634 τῆς
1345 1576 1393 1627 έν
1418 1581 1616 1650 Χριστῷ
1652 1579 1738 1626 νῦν
1764 1592 1988 1642 κρυπτο-

435 1665 612 1734 μένης,
660 1667 743 1716 καί
779 1664 988 1737 ὕστερον
1033 1667 1166 1736 αὐτῷ
1213 1663 1711 1736 συμφανερουμένης·
1753 1661 1800 1714 οί
1837 1659 1889 1714 δέ
1926 1659 1992 1714 τοὶ

2082 510 2161 554 ter
2185 501 2465 555 commissa
2514 499 2816 553 melioribus
2861 505 3124 566 repensat,
3177 505 3234 550 ut
3277 497 3454 550 vincat
3480 499 3620 564 quod

2079 589 2408 659 propendet,
2453 588 2822 654 sententiaque
2863 585 3152 640 secundum
3201 585 3350 654 plura
3396 583 3620 651 dicatur,

2079 697 2236 750 quam
2263 681 2403 734 nulla
2433 679 2662 747 excipiat
2690 675 3013 745 provocatio,
3046 690 3150 729 non
3177 675 3416 742 superior
3437 673 3620 742 judes.

2083 786 2188 822 non
2220 769 2455 820 defensio
2493 767 2716 819 aliorum
2752 763 3008 818 factorum
3036 807 3049 830 ,
3099 779 3204 816 non
3249 763 3422 816 oleum
3472 761 3550 814 vel
3594 777 3623 813 a

2083 856 2426 924 prudentibus
2453 854 2736 920 virginibus
2762 862 3025 920 sumptum
3057 851 3135 920 (Μ
3140 852 3264 904 uth.
3289 851 3435 920 xxv),
3459 852 3537 905 vel
3559 851 3626 904 ab

2084 945 2146 996 iis
2171 945 2258 1012 qui
2288 940 2658 995 deﬁcientibus
2687 941 3014 1009 lampadibus
3041 940 3290 1006 vendant,
3330 957 3432 994 non
3463 956 3626 1008 ρωιιι-

2085 1033 2243 1084 tentia
2273 1029 2448 1084 divitis
2487 1030 2576 1096 qui
2627 1029 2835 1082 ﬂamma
2866 1028 3128 1080 crucietur
3185 1026 3333 1096 (Luc.
3367 1026 3472 1096 xw)
3503 1042 3628 1081 suo-

2091 1135 2309 1188 rumque
2348 1117 2768 1171 necessariorum
2806 1124 3007 1182 quaerat
3044 1115 3494 1181 emendationem,
3526 1132 3629 1168 non

2086 1207 2149 1260 ad
2188 1207 2532 1259 mutationem
2579 1204 2830 1274 ptmlinita
2885 1203 2998 1257 dies
3029 1221 3041 1254 :
3073 1203 3166 1256 sed
3203 1211 3405 1257 certum
3434 1219 3498 1258 ac
3524 1214 3632 1258 sta-

2087 1299 2189 1352 bile
2215 1297 2301 1363 jus
2325 1335 2340 1360 ,
2377 1304 2431 1348 et
2474 1293 2870 1348 formidolosum
2895 1333 2908 1358 ,
2941 1301 2993 1346 et
3032 1293 3270 1346 ultimum
3294 1331 3308 1355 ,
3350 1301 3406 1347 et
3438 1298 3635 1362 mquius

2082 1387 2377 1454 justiusque
2401 1426 2415 1451 ,
2453 1398 2612 1451 quam
2639 1391 2868 1452 quantus
2892 1393 2970 1437 est
3000 1391 3172 1436 terror
3197 1425 3210 1450 ,
3251 1384 3484 1452 quinimo
3513 1398 3636 1454 pro-

2090 1484 2206 1543 pter
2229 1473 2484 1540 justitiam
2515 1471 2749 1524 terribile
2777 1487 2896 1524 cum
2927 1471 3101 1524 throni
3133 1478 3417 1539 ponuntur,
3446 1479 3498 1524 et
3529 1472 3636 1526 An-

2093 1561 2270 1627 tiqnus
2299 1559 2500 1612 dierum
2531 1557 2714 1618 sedet,
2756 1565 2810 1610 et
2840 1557 2954 1610 libri
2985 1557 3290 1626 aperiuntur
3313 1599 3328 1624 ,
3373 1567 3426 1611 et
3453 1557 3639 1614 ﬂuvius

2093 1649 2277 1713 igneus
2305 1647 2532 1700 trahitur
2553 1686 2566 1709 ,
2604 1653 2658 1697 et
2683 1644 2771 1698 lux
2802 1653 2924 1698 ante
2953 1645 3121 1714 ipsum
3147 1685 3161 1709 ,
3203 1653 3256 1700 et
3286 1647 3516 1699 tenebrat
3543 1663 3639 1716 pa-

436 1755 592 1822 φαῦλα
618 1754 898 1826 πράξαντες
917 1799 928 1812 .
971 1757 1039 1814 εἰς
1068 1753 1346 1810 ἀνάστασιν
1375 1758 1615 1828 κρίσεως,
1652 1754 1708 1811 ἣν
1733 1750 1826 1809 ἤδη
1851 1753 1992 1824 παρὰ

2096 1748 2218 1788 rato:
2255 1753 2267 1787 :
2299 1742 2354 1788 et
2381 1743 2508 1788 eunt
2551 1734 2639 1800 qui
2669 1734 2806 1787 bona
2840 1733 3075 1788 fecerunt
3104 1733 3155 1786 in
3198 1735 3638 1789 resurrectionem
3725 1748 3731 1754 '

437 1849 529 1899 τοῦ
557 1848 812 1918 κρίναντος
839 1846 1016 1905 αὐτοὺς
1045 1846 1206 1917 Λόγου
1234 1845 1280 1898 οἰ
1303 1850 1373 1914 μὴ
1418 1845 1736 1900 πιστεύοντες
1762 1845 1991 1913 κατεκρί-

439 1933 618 1990 θησαν.
649 1937 736 1987 Καί
760 1937 876 1992 τοὺς
902 1937 990 2002 μέν
1019 1938 1074 1988 τό
1102 1931 1354 2007 ἄφραστον
1379 1941 1480 2004 φῶς
1506 1931 1797 2000 διαδέχεται
1855 1932 1936 1982 καὶ
1961 1930 1991 1986 ἦ

437 2031 525 2081 τῆς
577 2022 721 2092 ἁγίας
765 2026 846 2075 καί
894 2023 1149 2094 βασιλικῆς
1195 2021 1399 2098 τριάδος
1445 2023 1604 2094 χάρις
1646 2019 1992 2089 ἑκλαμπονσζς

439 2110 733 2185 τρανότερόν
758 2128 816 2165 τι
839 2112 922 2164 καί
969 2113 1336 2184 καθαρώτερον,
1357 2113 1442 2163 καί
1467 2108 1579 2169 ὅλης
1607 2107 1700 2176 ὅλῳ
1724 2105 1796 2160 νοί
1823 2127 1994 2174 μιγνυ-

441 2201 616 2268 μένης·
643 2201 700 2258 ἦν
739 2199 798 2257 διδ
843 2204 924 2255 καί
955 2201 1102 2270 μόνην
1129 2203 1349 2276 οὐρανῶν
1385 2199 1640 2270 βασιλείαν
1666 2199 1762 2268 ἐγὼ
1797 2197 1991 2265 τίθημι-⁸

443 2295 549 2346 εο’ς
583 2285 634 2340 δέ
673 2283 800 2356 μετά
847 2297 943 2340 τοῖν
990 2287 1144 2342 ἄλλων
1189 2289 1440 2352 βέσανος,
1469 2287 1650 2358 μᾶλλον
1685 2285 1736 2340 δέ
1775 2287 1872 2358 πρὸ
1897 2290 1995 2338 τῶν

444 2372 598 2428 Ξλλων
625 2377 680 2428 τὸ
711 2377 1004 2450 ἁπερρίφθαι
1028 2385 1174 2445 Θεοῦ,
1199 2383 1280 2432 καί
1297 2380 1327 2436 ἡ
1349 2380 1396 2432 έν
1413 2387 1484 2450 τῷ
1511 2376 1755 2432 συνειδότι
1773 2377 1997 2445 αἰσχύνη

447 2465 601 2537 πέρας
627 2467 717 2518 οὐκ
739 2463 941 2534 ἔχουσα
982 2483 1004 2517 ε

2092 1824 2214 1876 vita:
2247 1820 2423 1884 (Joan.
2466 1823 2530 1890 ν)
2556 1861 2570 1883 ,
2619 1835 2735 1888 qua:
2778 1835 2918 1874 nunc
2954 1821 3004 1874 in
3043 1819 3255 1874 Christo
3284 1821 3640 1888 absconditur,

2093 1911 2428 1984 postmodum
2475 1927 2600 1965 vero
2647 1926 2766 1964 cum
2797 1925 2861 1965 eo
2905 1918 3152 1978 apparet;
3201 1912 3290 1978 qui
3333 1927 3461 1967 vero
3503 1913 3642 1973 mala

2095 2005 2325 2068 egerunt
2364 2000 2416 2052 in
2464 1999 2904 2053 resurrectionem
2947 1998 3166 2067 judieii;
3214 2001 3356 2069 quod
3401 2001 3491 2068 qui
3538 2018 3642 2057 non

2099 2089 2356 2150 credunt,
2385 2090 2492 2154 jam
2531 2087 2814 2156 adjndieati
2847 2087 3184 2157 damnati’que
3219 2098 3343 2157 sunt
3378 2106 3409 2144 a
3447 2091 3641 2149 Verbo.

2096 2179 2246 2248 quod
2269 2193 2362 2232 eos
2385 2153 2677 2246 judicavit;
2726 2193 2789 2232 ac
2823 2177 2955 2232 alios
2997 2153 3210 2245 quidem
3244 2153 3334 2232 ius
3371 2179 3644 2235 ineﬂabilis

2099 2268 2334 2336 excipit,
2384 2276 2438 2321 et
2477 2275 2673 2320 sancta:
2723 2267 3094 2336 rogitantisque
3140 2267 3410 2322 Trinitatis
3455 2271 3643 2338 gratia,

2102 2356 2338 2424 apertius
2361 2355 2644 2423 puriusque
2665 2355 2978 2420 eflulgentis,
3004 2371 3064 2410 ac
3093 2362 3256 2409 totam
3281 2371 3339 2410 se
3365 2359 3461 2410 toti
3483 2361 3647 2412 menti

2103 2447 2383 2501 inserentis
2407 2463 2419 2497 :
2443 2445 2584 2513 quod
2613 2445 2794 2514 utique
2819 2445 2987 2498 solum
3021 2459 3238 2512 regnum
3259 2447 3512 2500 cmlorum
3532 2464 3648 2502 esse

2093 2537 2232 2588 duco
2261 2552 2273 2586 ε
2305 2535 2436 2587 alios
2463 2549 2590 2587 vero
2613 2548 2715 2587 una
2743 2548 2862 2588 cum
2891 2533 3006 2587 aliis
3031 2534 3181 2588 malis
3202 2541 3540 2601 tormentum,
3565 2549 3646 2596 vel

448 2624 619 2694 potius
647 2633 767 2678 ante
787 2625 885 2678 alia
913 2623 1203 2694 projectum
1230 2641 1347 2682 esse
1369 2642 1398 2680 ο
1420 2628 1552 2695 Deo,
1581 2637 1634 2682 et
1657 2630 1992 2685 conscientiae
2027 2625 2296 2695 turpitudo
2323 2639 2386 2678 ac
2411 2623 2728 2678 verecundia
2758 2623 2954 2677 nullum
2987 2622 3140 2677 tinem
3169 2625 3388 2681 habens.
3425 2645 3442 2677 ε

515 2714 764 2767 Βασιλείου
801 2714 1072 2769 ἐπισκόπου
1099 2719 1394 2786 Καισαρείας
1415 2718 1785 2786 Καππαδοκίας,
1819 2721 1869 2773 ἰκ
1902 2724 1988 2773 τοῦ

451 2809 699 2855 κανονικοῦ
741 2805 890 2857 αἰτοῦ
917 2804 1132 2874 βιϐλίου.
1161 2805 1467 2882 Ἐρώτησις*
1484 2813 1540 2864 Εἰ
1564 2809 1688 2864 ὅπου
1727 2814 1816 2880 μὲν
1848 2813 1998 2883 λέγει,

454 2891 765 2963 εδαρήσετσι
787 2891 962 2955 πολλὰ,
987 2911 1006 2944 ε
1042 2892 1172 2948 ὅπου
1201 2894 1252 2948 δέ
1281 2913 1298 2945 ι
1320 2897 1476 2967 ὀλίγα,
1498 2916 1515 2946 ι
1539 2905 1645 2957 πῶς
1664 2898 1860 2968 λέγουσί
1875 2921 2000 2960 τινες

451 2987 518 3047 μή
537 2977 624 3033 εἶν..
637 3003 654 3034 ι
673 2983 811 3041 τέλος
824 2990 912 3040 τῆς
929 2981 1176 3043 κολάσεως
1188 2991 1290 3044 τοῖς
1305 2985 1639 3055 κολαζομένοις
1654 3001 1668 3049 ;
1692 2984 1997 3062 Ἀπόέρισις⁸

2116 2778 2125 2787 _
2162 2712 2340 2766 Basilii
2361 2713 2593 2782 episcopi
2615 2711 2868 2767 Cmam-ea:
2893 2711 3257 2782 Cappadociae,
3287 2731 3352 2770 ex
3379 2717 3493 2782 ejus
3517 2719 3648 2773 libro

2101 2799 2441 2867 Regularum.
2487 2800 2830 2872 Interrogatio
2855 2817 2874 2856 :
2904 2799 2961 2856 Si
3003 2810 3112 2856 tum
3156 2803 3302 2867 dicit,
3371 2805 3648 2876 Vopulubit

2099 2891 2288 2952 multis,
2321 2899 2428 2944 tum
2455 2893 2630 2960 paucis
2659 2889 2808 2960 (Luc.
2834 2889 2926 2960 xu)
2959 2909 2972 2945 :
3005 2909 3112 2962 quo
3141 2903 3296 2962 pacto
3325 2896 3534 2963 quidam
3563 2898 3646 2950 di-

2101 2989 2228 3034 cunt
2251 3019 2266 3044 ,
2312 2979 2510 3034 nullum
2541 2978 2696 3034 ﬁnem
2735 2981 2982 3050 supplicii
3007 2980 3329 3052 fore-iis.qui
3356 2986 3650 3053 pugnatam:-

452 3074 520 3123 τὰ
546 3071 812 3141 ἆμφίῗολα,
837 3073 921 3123 καί
944 3072 1396 3144 έπεκεκαλυμμένως
1426 3076 1650 3148 εἰρῆσθαι
1681 3073 1913 3130 δοκο·ἷντα
1943 3075 1996 3130 ἔν

2100 3069 2352 3122 ciuntur?
2381 3066 2662 3136 Responsio
2687 3083 2705 3122 :
2731 3066 2858 3133 Qua:
2872 3064 3124 3138 ambigua
3158 3080 3304 3136 sunt,
3326 3088 3387 3128 ac
3407 3075 3650 3130 videntur

452 3178 554 3212 τισι
579 3157 753 3217 τόποις
775 3166 866 3217 τῆς
889 3160 1216 3214 θεοπνεύστου
1243 3171 1452 3234 γραφῆς.
1495 3167 1594 3219 ὑπὸ
1631 3172 1728 3218 τοῖν
1757 3163 1913 3219 ἄλλων
1946 3169 1996 3220 ἰν

453 3243 613 3306 ἄλλοις
641 3247 1033 3321 ὁμολογουμένων
1063 3255 1404 3322 σαφηνίζεται,
1431 3259 1530 3306 Τοῦ
1555 3250 1639 3306 οὖν
1667 3259 1840 3328 κυρίου
1869 3260 1996 3310 ἁπο-

453 3336 747 3403 φηναμένου,
776 3334 852 3390 ότι
878 3338 1242 3392 ἀπελεύσονται
1273 3336 1410 3394 οὗτοι
1441 3343 1512 3399 εἰς
1540 3343 1736 3396 κόλασιν
1761 3347 1959 3399 αἰώνιον
1977 3385 1994 3412 ,

455 3419 496 3471 oi
519 3418 572 3473 δέ
601 3419 778 3482 δίκαιοι
815 3426 884 3485 εἰς
905 3429 1032 3487 ζωὴν
1057 3429 1264 3483 α’ὡνιον·
1295 3431 1416 3482 ποτέ
1440 3427 1492 3482 δὲ
1518 3431 1846 3502 ἐκπέμποντος
1869 3437 1998 3504 ἡμᾶς

456 3513 526 3569 εἰς
551 3511 608 3564 τό
636 3517 740 3586 πῦρ
772 3515 831 3566 τὸ
874 3517 1065 3569 αἰώνιον
1086 3518 1143 3570 τό
1174 3520 1534 3588 ἡτοιμασμένον
1561 3529 1632 3592 τῷ
1661 3521 1875 3592 διαϐόλῳ
1915 3527 2002 3578 καί

456 3607 565 3658 τοῖς
605 3601 825 3672 ἀγγέλοις
859 3605 1050 3656 αὐτοῦ’
1091 3609 1175 3660 καί
1227 3603 1396 3662 ἄλλοτε
1445 3609 1765 3680 ὀνομάζοντος
1803 3614 2001 3682 γέενναν

455 3690 632 3763 πυρός,
663 3691 747 3741 κ.ἰ
774 3691 1112 3766 ἐπιφέροντος,
1155 3711 1173 3743 ε
1203 3692 1378 3749 ὅπουό
1412 3697 1602 3762 σκώληξ
1629 3699 1793 3753 αὐτῶν
1837 3703 1893 3754 οὐ
1928 3721 2002 3755 τε·

455 3775 626 3846 λιυτᾷ,
657 3783 741 3832 καί
765 3780 822 3833 τό
847 3787 951 3854 πῦρ
973 3784 1028 3835 οὐ
1055 3783 1341 3839 σϐέννυται·
1366 3805 1386 3836 ι
1419 3791 1500 3840 καί
1527 3787 1559 3840 έ’
1559 3811 1608 3843 τι
1627 3789 1782 3844 πάλαι
1809 3790 1892 3846 διὰ
1911 3797 2000 3847 τοῦ

455 3884 708 3936 προφητου
738 3871 856 3942 περί
877 3889 1016 3924 τινων
1037 3891 1228 3946 προειρι
1247 3875 1406 3939 κότος,
1436 3894 1454 3926 ε
1481 3874 1558 3931 ὅτι
1579 3878 1604 3932 ό
1629 3880 1817 3944 σκώληξ
1841 3885 2001 3936 αὐτῶν

457 3955 509 4004 οὐ
539 3953 849 4018 τελευτήσει,
876 3962 958 4011 καὶ
977 3959 1033 4012 τό
1063 3966 1164 4032 πῦρ
1196 3963 1254 4014 οὐ
1277 3963 1628 4022 σϐεσθήσιταυ
1651 3986 1670 4018 ε
1703 3967 1898 4024 τούτων
1925 3975 2002 4024 καί

456 4052 687 4106 τοιούτων
705 4053 935 4114 πολλάκις
965 4057 1014 4107 έκ
1037 4064 1125 4115 τῆς
1147 4058 1476 4116 θεοπνεύστου
1496 4073 1683 4136 γραφῆς
1711 4065 1998 4137 λεγομένων,

456 4140 505 4194 ἓν
535 4145 617 4195 καί
642 4151 788 4197 τοῦτο
829 4153 918 4204 τῆς
945 4145 1198 4214 μεθοδείας
1227 4157 1315 4203 τοῦ
1353 4149 1603 4216 διαϐόλου,
1633 4157 1689 4208 τό
1725 4160 1840 4216 τοὺς
1884 4159 2003 4212 πολ⁶

457 4238 692 4300 λοὺςοτῶν
711 4244 996 4318 ἀνθρώπων,
1022 4247 1196 4320 ὥσπερ
1226 4248 1596 4320 έπύαθομένους
1623 4262 1720 4306 τὼν
1763 4257 2001 4310 τοιούτων

457 4331 540 4382 καί
566 4333 814 4384 τοσούτων
856 4337 952 4386 τοῦ
981 4336 1154 4406 κυρίου
1194 4337 1502 4408 ἀποφάσεων,
1525 4342 1664 4402 τέλος
1691 4345 1999 4416 κατατολμᾷν

458 4419 700 4472 κολάσεων
737 4429 826 4482 τῆς
865 4421 1109 4499 ἁμαρτίας
1138 4429 1208 4486 εἰς
1247 4428 1304 4480 τὸ
1339 4429 1506 4496 μέλλον
1533 4432 1730 4494 ἑαυτοῖς
1771 4436 1996 4510 ὐπογρὰο
2029 4420 2054 4478 Ῐ

457 4528 577 4577 pun.
595 4511 649 4561 Ei
666 4511 765 4580 γὰρ
793 4519 881 4570 τῆς
907 4514 1101 4565 αἰωνίου
1131 4515 1380 4577 κολάσεως
1401 4517 1546 4574 ἔσται
1573 4525 1692 4577 ποτέ
1717 4525 1874 4590 τέλος,
1905 4529 2002 4590 ἕξει

458 4609 660 4668 πάντως
678 4613 758 4663 καί
778 4611 807 4666 ri
835 4613 1025 4670 αἰώνιος
1051 4617 1151 4674 ζωὴ
1175 4613 1310 4674 τέλος
1327 4633 1340 4644 ·
1378 4618 1420 4668 εἰ
1445 4616 1498 4671 δὲ
1526 4621 1609 4672 ἰπὶ
1628 4630 1716 4680 τῆς
1744 4627 1872 4685 ζωῆς
1899 4628 2001 4695 οὐχ

459 4697 618 4759 οὕτως
655 4707 827 4757 νοῆσαι
851 4701 908 4755 τό
936 4701 1079 4776 ῥητόν
1107 4703 1492 4777 καταδεχόμεθα
1513 4748 1526 4768 ,
1557 4718 1696 4764 ποῖον
1727 4711 1840 4781 ἔχει
1863 4713 2002 4785 λόγον

461 4799 522 4863 τῇ
555 4792 752 4848 κολάσει
883 4797 1064 4866 αἰωνίῳ
1103 4798 1240 4858 τέλος
1263 4797 1482 4865 διδόναι;
1509 4803 1539 4858 ἡ
1562 4806 1657 4878 γὰρ
1690 4809 1778 4858 τοῦ
1807 4809 2000 4862 αἰωνίου

459 4883 790 4956 προσθήκη.ἰφ⁹
805 4883 1046 4959 ἑκατέρων
1061 4887 1234 4948 ἐπίσης
1249 4896 1423 4943 κεῖται·
1453 4907 1470 4940 ι
1493 4891 1866 4948 ’Δπ.λεύσοντιιι
1881 4899 2000 4968 γάρ,

459 4975 618 5040 φησίν,
643 4969 784 5027 οὗτοι
822 4978 891 5033 ε’ς
927 4977 1124 5031 κόλασιν
1147 4982 1356 5046 αἰώνιον,
1391 4983 1437 5035 οἱ
1473 4981 1524 5036 δέ
1566 4982 1741 5038 δίκαιοι
1779 4987 1851 5048 εἰς
1878 4991 2008 5049 ζωήν

457 5060 665 5115 αἰώνιον.
682 5081 698 5110 I
707 5091 775 5104 ——
785 5073 882 5118 Τοῦ
895 5067 1046 5120 αὐτοῦ
1059 5071 1111 5120 ἐκ
1121 5075 1210 5121 τοῦ
1222 5079 1579 5147 προτρεπτικοῦ
1592 5077 1660 5132 εἰς
1673 5076 1728 5129 τό
1743 5079 1766 5144 ξ
1776 5077 2005 5148 ἁπτισμα

458 5148 602 5220 λόγου
625 5166 640 5181 ⁶
671 5153 758 5206 Διά
790 5155 1096 5228 πρόσκαιρον
1123 5156 1370 5231 ἁμαρτίας
1395 5160 1567 5220 ἡδονήν
1593 5165 1812 5218 ἀθάνατα
1839 5165 2006 5236 βασα-

458 5241 681 5305 νίζομαε·
725 5241 807 5297 διὰ
843 5243 1016 5302 ἡδονήν
1044 5248 1231 5317 σαρκός
1255 5257 1327 5320 τῷ
1365 5255 1544 5321 αἰωνίῳ
1572 5258 1696 5326 πυρί
1730 5254 2006 5328 παραδιδο-

585 5339 763 5386 -Τοῦ
784 5338 833 5386 ἰν
845 5334 1000 5406 ἁγίοις
1016 5334 1201 5406 [ἁγίου]
1220 5335 1438 5393 Ἰωάννου
1455 5343 1726 5397 ἐπισκόπου
1743 5353 2008 5400 Κωνσταν-

459 5428 793 5488 τινωπόλεως,
809 5432 862 5482 ἐκ
886 5439 976 5489 τῆς
997 5434 1124 5506 πρὸς
1160 5434 1407 5507 Θεόδωρον
1432 5438 1516 5490 τὸν
1541 5443 1764 5508 μοναχὸν
1805 5445 2008 5516 πρῶτης

460 5519 758 5579 έπιστολῆς⁹
786 5527 961 5578 Ταῦτα
1002 5525 1152 5580 ἐννόει
1192 5525 1376 5592 διόλου,
1417 5533 1500 5582 καί
1543 5532 1624 5584 τὸν
1653 5537 1872 5603 ποταμὸν
1917 5542 2006 5590 τοῦ

664 5629 682 5660 ι
705 5611 925 5680 Ποταμός
949 5615 1048 5687 γὰρ
1063 5617 1224 5688 πυρός
1239 5613 1359 5671 είλκι
1376 5619 1473 5693 πρὸ
1492 5624 1762 5694 προσώπου
1788 5627 1958 5678 αὐτοῦ.
1984 5645 2000 5676 ι

466 5695 567 5746 οὐκ
589 5693 723 5757 ἔστιν
753 5700 913 5772 ἐκείνῳ
943 5701 1280 5776 παραδοθέντα
1307 5714 1377 5778 τῷ
1407 5711 1529 5778 πυρί
1555 5709 1892 5785 προσδοκῆσαι
1927 5737 2008 5770 κο-

2098 3158 2324 3212 obscure
2346 3171 2463 3212 esse
2489 3157 2629 3210 dicta
2655 3157 2705 3210 in
2725 3157 3040 3224 quibusdam
3061 3159 3190 3213 locis
3215 3160 3464 3234 divinitus
3485 3164 3648 3232 inspi-

2097 3256 2226 3302 rata:
2252 3247 2556 3316 Scriptum,
2587 3249 2709 3302 alibi
2739 3250 2806 3303 ab
2835 3249 2951 3304 aliis
2977 3265 3094 3318 qua:
3120 3253 3360 3308 confessa
3388 3264 3442 3308 et
3469 3266 3650 3324 aperta

2099 3343 2238 3398 sunt,
2268 3335 2622 3389 declarantur.
2652 3335 2783 3390 Cum
2811 3350 2938 3405 ergo
2969 3337 3220 3396 Dominus
3246 3345 3600 3412 pronuntiarit
3631 3365 3647 3401 :

2101 3423 2256 3480 Ibunt
2282 3425 2417 3478 ltiin
2445 3425 2746 3494 supplicium
2773 3436 3046 3496 aeternum,
3073 3431 3203 3500 justi
3226 3441 3391 3487 mrtem
3419 3435 3470 3487 in
3500 3437 3651 3492 vitam

2100 3523 2345 3568 uernam
2378 3513 2584 3574 (Matth.
2608 3517 2770 3587 xxv);
2801 3525 2855 3571 et
2875 3519 3066 3573 alicubi
3092 3521 3264 3575 mittat
3289 3538 3385 3578 nos
3405 3524 3456 3578 in
3479 3525 3652 3596 ignem

2098 3611 2351 3658 uernum
2379 3644 2394 3667 ,
2443 3605 2532 3672 qui
2579 3614 2796 3673 paratus
2823 3615 2906 3659 est
2946 3607 3157 3663 diabolo
3186 3618 3239 3664 et
3265 3612 3470 3679 angelis
3497 3613 3650 3682 ejus;

2102 3702 2261 3759 atque
2297 3693 2427 3745 alias
2467 3695 2702 3747 nominet
2736 3695 3030 3762 gehennam
3065 3697 3224 3764 ignis,
3263 3707 3316 3752 et
3350 3699 3600 3772 adjungat
3634 3721 3648 3756 :

2104 3779 2202 3834 Ubi
2230 3783 2408 3836 vermis
2436 3798 2608 3834 eorum
2636 3799 2737 3837 non
2757 3785 2990 3850 moritur,
3015 3795 3064 3839 et
3089 3787 3222 3856 ignis
3248 3803 3348 3841 non
3370 3791 3654 3860 exstingui-

2101 3877 2181 3922 tur
2211 3867 2402 3938 (Marc.
2433 3869 2508 3936 Ix)
2544 3886 2556 3920 :
2589 3884 2653 3923 ac
2678 3886 2860 3924 rursus
2887 3887 2984 3940 per
3010 3875 3320 3944 prophetam
3348 3877 3416 3930 de
3437 3879 3654 3946 quibus-

2098 3959 2217 4012 dam
2243 3959 2546 4028 prmdixerit
2578 3977 2590 4011 :
2627 3958 2818 4014 Vermis
2843 3979 3017 4016 eorum
3045 3980 3146 4018 non
3171 3968 3432 4032 morietur,
3455 3977 3503 4026 ct
3520 3970 3654 4038 ignis

2100 4062 2201 4099 non
2229 4047 2576 4116 exstinguetur
2618 4046 2751 4116 (Isa.
2783 4049 2925 4115 vat)
2961 4068 2973 4103 :
3005 4066 3124 4105 eum
3152 4053 3264 4109 haec
3291 4063 3447 4124 atque
3475 4055 3656 4126 hujus-

2099 4135 2242 4188 modi
2269 4150 2410 4204 saepe
2437 4150 2468 4188 a
2495 4135 2744 4190 divinitus
2771 4137 3024 4206 inspirata
3053 4140 3321 4209 Scriptura
3351 4157 3655 4213 proponan-

2107 4229 2224 4285 tur,
2256 4236 2418 4274 unum
2447 4221 2552 4277 hoc
2577 4238 2788 4292 quoque
2829 4234 2914 4279 est
2949 4225 3144 4281 diaboli
3180 4231 3308 4285 artis
3345 4241 3398 4286 et
3425 4243 3650 4294 astutiae,

2101 4315 2161 4358 ut
2196 4307 2345 4361 inulti
2381 4309 2622 4364 homines
2643 4349 2658 4374 ,
2689 4311 2850 4364 veluti
2889 4313 3036 4366 obliti
3076 4315 3256 4373 talium
3285 4325 3656 4390 tantarumque

2055 4424 2076 4474 )
2104 4390 2311 4447 Domini
2337 4397 2717 4450 sententiarum
2739 4437 2756 4462 ,
2798 4397 2973 4454 ﬁnem.
2999 4402 3101 4459 sibi
3124 4405 3355 4461 audeant
3381 4424 3654 4477 poenarum

2102 4483 2306 4550 peccati
2336 4484 2386 4537 in
2425 4493 2693 4552 posterum
2721 4488 3058 4549 adtunbrare.
3089 4493 3295 4549 Nam.si
3323 4499 3504 4552 teterni
3529 4516 3653 4569 sup-

2101 4570 2245 4640 plicii
2280 4573 2595 4648 quandoque
2637 4575 2754 4632 ﬁnis
2787 4587 2867 4632 est
2907 4579 3112 4636 l‘uturus
3139 4624 3153 4650 ,
3192 4586 3406 4644 omnino
3443 4587 3656 4645 habebit

2103 4669 2160 4714 et
2188 4661 2296 4716 vita
2341 4671 2540 4718 aeterna
2587 4667 2775 4734 linem;
2815 4668 2862 4722 si
2903 4669 2956 4722 in
2987 4671 3094 4726 vita
3131 4689 3235 4727 non
3263 4675 3340 4742 sic
3367 4679 3654 4745 evangelici

2102 4747 2229 4802 dicti
2275 4764 2486 4804 sensum
2542 4753 2864 4821 accipimus,
2908 4771 3027 4825 quae
3070 4759 3206 4814 ratio
3263 4771 3346 4816 est
3397 4766 3655 4834 supplicio

2101 4848 2302 4892 interno
2332 4837 2485 4892 tinem
2514 4844 2784 4896 statuere?
2812 4843 3019 4899 [Eterni
3047 4849 3184 4902 enim
3215 4849 3484 4917 adjunetio
3511 4861 3655 4923 pari-

2102 4931 2185 4978 ter
2213 4925 2264 4977 in
2293 4932 2516 4993 utroque
2541 4929 2770 4994 ponitur.
2802 4929 2955 4984 Ibunt
2979 4935 3132 4996 enim,
3165 4935 3352 5004 inquit,
3375 4938 3428 4992 Iti
3456 4941 3507 4994 in
3535 4957 3657 5008 sup:

2101 5013 2312 5082 plicimn
2371 5022 2614 5067 wternum
2639 5057 2654 5082 ,
2705 5017 2835 5085 justi
2893 5029 3060 5073 autem
3116 5023 3168 5076 in
3214 5025 3364 5077 vitam
3414 5037 3657 5082 alcmena

2105 5099 2318 5170 (Matth.
2364 5100 2800 5171 xxv).tEjusdem
2838 5120 2870 5159 e
2909 5121 3154 5162 sermone
3190 5110 3552 5170 adhortator-io
3589 5117 3655 5166 ad

2103 5198 2343 5243 sanctum
2380 5189 2640 5258 baptisma
2673 5210 2686 5244 :
2723 5211 2742 5244 ι
2780 5192 3006 5265 Propter
3045 5197 3258 5252 brevem
3295 5216 3358 5256 ac
3390 5210 3656 5272 tempora:

2105 5277 2235 5330 riam
2249 5279 2448 5347 peccati
2463 5281 2780 5350 voluptatem
2793 5287 3117 5354 sempiterna
3128 5291 3336 5347 crucior
3348 5307 3500 5360 pmna
3515 5311 3528 5345 :
3541 5307 3592 5362 pr
3611 5309 3670 5344 n.-

2102 5373 2224 5435 pter
2251 5369 2570 5437 voluptatem
2598 5375 2788 5438 carnis,
2811 5383 3010 5431 αξιοι-[ιο
3034 5379 3138 5446 igni
3173 5379 3406 5434 addicor.
3431 5400 3448 5432 ι
3477 5381 3657 5434 Sancti

2105 5454 2321 5511 Joannis
2341 5459 2574 5530 episcopi
2595 5461 3124 5533 Constantinopoleos
3151 5482 3182 5520 e
3209 5469 3374 5535 prima
3391 5469 3455 5521 ad
3483 5469 3652 5521 Theu-

2106 5545 2297 5602 dorum
2328 5551 2642 5606 monachum
2668 5554 2889 5621 epistola
2934 5572 2947 5606 :
2985 5574 3002 5605 ι
3035 5554 3155 5608 llaec
3183 5557 3234 5608 in
3263 5565 3439 5610 mente
3460 5554 3659 5624 jugiter

2107 5633 2332 5698 habeas.
2365 5647 2420 5690 et
2459 5636 2670 5693 ﬂuvium
2701 5643 2834 5708 ignis
2867 5659 2878 5694 :
2910 5641 3121 5696 Flavius
3149 5645 3281 5697 enim
3309 5645 3484 5713 igneus
3514 5651 3662 5711 rapi-

2107 5722 2294 5780 dusque
2321 5727 2668 5795 egrediebatur
2693 5747 2723 5782 a
2753 5731 2885 5800 {acie
2911 5731 3019 5799 ejus
3051 5731 3211 5801 (Dan.
3272 5730 3384 5801 vn).
3433 5733 3548 5789 Non
3574 5737 3657 5786 est
