3994 6140
419 217 522 285 901

1725 207 2162 274 JUSTINIANI
2205 209 2360 274 IMP.

3536 215 3638 280 ΜΞ

425 317 639 382 δίκαιον,
671 321 749 374 καί
773 320 832 374 τά
861 321 1094 376 ὁπωσοῦν
1117 318 1432 390 ἀναφυόμενα
1457 323 1520 390 τῇ
1545 315 1786 389 δρ”οδὸξῳ
1814 320 1984 373 πίστει

2095 334 2184 388 par
2223 328 2304 372 est
2346 326 2401 374 et
2437 334 2498 373 ca
2535 335 2652 390 qua:
2690 337 3010 394 quocunque
3054 323 3212 378 modo
3241 332 3433 382 contra
3461 327 3642 380 mtuu-

427 409 619 463 ἐναντία
643 410 1039 480 κατακρίνεσθαι.

495 499 804 554 Ἐπείτοίνυδ
825 497 1122 568 διέγνωσται
1142 500 1276 565 ἡμῖν,
1305 498 1373 557 ὥς
1401 501 1599 572 τιν’ςῇξν
1623 499 1988 573 Ἰεροσολύμοις

429 589 527 640 εἰσί
569 591 790 657 μοναχοί
835 585 1103 648 δήπουθεν,
1152 587 1442 659 Πυθαγόρα,
1485 591 1566 640 καί
1604 590 1856 650 Πλάτωνι,
1905 590 1988 640 καί

427 681 664 752 ⁶ιιριγένει
692 687 763 750 τῷ
787 676 1121 746 ’Δδαμαντίῳ,
1165 681 1247 730 καί
1281 686 1340 752 τῇ
1369 679 1558 732 τούτων
1591 677 1864 751 δυσσεϐείί.
1907 683 1988 732 καί

430 769 584 840 πλάνῃ
610 769 1093 832 κατακολουθοῦντες,
1125 771 1210 820 καί
1251 766 1596 828 διδάσκοντις⁹
1626 767 1730 822 δεῖν
1767 771 1990 841 ᾠήθημεν

429 857 662 932 φροντίδα
709 863 790 911 καί
817 862 1020 922 ζὰτησιν
1057 860 1363 916 πιήσασθαι
1399 863 1518 934 περί
1553 858 1782 925 τούτων,
1811 861 1893 916 ἵνα
1919 867 1989 932 μή

429 949 585 1003 alios
611 947 694 1002 διά
739 957 826 1007 τῆς
857 949 1130 1007 ’ὶύληνικῆς
1159 951 1242 1001 καί
1269 959 1579 1020 Μανιχαίκῆς
1608 951 1800 1010 ἀπάτης
1827 953 1992 1004 αὐτῶν

427 1040 640 1100 πολλοὺς
685 1041 995 1094 ἀπολέσωσι.
1038 1043 1255 1112 Λέγουσι
1293 1045 1421 1112 γὰρ,
1461 1043 1544 1096 ἵνα
1573 1043 1624 1106 ἐκ
1664 1050 1762 1096 τῶν
1801 1045 1992 1097 πολλῶν

429 1130 568 1201 away“
589 1132 1030 1200 μνημονεύσωμεν,
1056 1129 1132 1185 ὅτι
1155 1132 1259 1190 νὸες
1278 1129 1408 1189 ἦσαν
1429 1129 1557 1201 δίχα
1579 1133 1758 1198 παντὸς
1777 1133 1988 1206 ἀριθμοῦ

430 1239 484 1272 τε
515 1223 596 1272 καί
622 1219 891 1288 ὀνόματος,
923 1223 991 1278 ὡς
1020 1218 1166 1273 ίνάδα
1193 1221 1390 1273 πάντων
1417 1215 1538 1273 εἶναι
1568 1227 1668 1274 τῶν
1703 1221 1906 1292 λογικῶν
1928 1229 1990 1294 τῇ

431 1313 704 1368 ταυτότητι
740 1319 828 1370 τῆς
858 1313 1034 1370 οὐσίας
1061 1315 1143 1365 καί
1170 1310 1438 1384 ἐνεργείας,
1467 1314 1552 1364 καί
1680 1310 1885 1382 δυνάμει
1930 1321 1991 1386 τῇ

433 1403 562 1469 πρὸς
588 1402 669 1456 τὸν
691 1403 806 1454 Θεὸν
833 1401 975 1470 λόγον
1010 1401 1185 1454 ένὼσει
1219 1420 1271 1454 τε
1308 1403 1390 1453 καί
1411 1403 1610 1472 γνώσει.
1642 1405 1730 1454 Καὶ
1756 1404 1823 1460 ὡς
1849 1402 1992 1474 κόρον

437 1495 600 1546 αὶτῶν
625 1493 967 1562 λαμϐάνοντων
1001 1499 1090 1549 τῆς
1125 1491 1254 1550 θείας
1287 1492 1490 1562 ἀγάπης
1528 1494 1611 1544 καί
1635 1493 1842 1564 θεωρίας
1867 1493 1993 1546 κατά

435 1585 726 1654 ἀναλογίαν,
758 1585 840 1635 ἐπὶ
870 1583 926 1634 τὸ
957 1589 1135 1654 χεῖρον
1161 1590 1252 1641 τῆς
1278 1581 1495 1635 ἑκάστου
1533 1589 1720 1658 τροπῆς
1744 1583 1992 1652 lam-0pc-

2085 407 2278 463 doxam
2300 408 2456 464 tidem
2485 421 2827 478 enascuntur,
2855 414 3233 468 condemnare.

2155 497 2286 552 Cum
2308 511 2434 566 ergo
2449 508 2780 568 compertum
2803 501 3114 568 habeamus,
3129 517 3244 556 esse
3267 502 3642 574 Hierosolymis

2085 586 2344 653 quosdam
2382 587 2630 640 nimirum
2662 591 2952 645 monachos
2979 591 3068 659 qui
3099 589 3434 661 Pythagora,
3465 591 3641 648 Plata-

2085 673 2168 728 nis
2194 673 2542 743 Origenisque
2572 675 2873 730 Adamantii
2911 678 3104 748 impios
3132 694 3347 734 errores
3379 689 3645 736 sectentur

2088 777 2152 817 ac
2167 761 2423 827 doceant;
2446 765 2861 820 existimavimus
2881 781 3072 822 curam
3089 775 3143 822 et
3164 767 3561 837 inquisitionem
3577 770 3646 825 de

2087 849 2153 904 iis
2181 850 2556 920 adhibendam,
2583 867 2648 907 ne
2673 853 2709 906 ii
2739 853 2951 908 tandem
2981 856 3252 924 paganicis
3273 865 3330 910 et
3359 856 3648 913 Manichai-

2089 939 2165 994 cis
2183 941 2293 995 suis
2321 941 2630 1010 imposturis
2653 943 2850 997 multos
2876 945 3118 1012 perdant.
3151 944 3346 1000 Dicunt
3373 947 3514 1000 enim
3551 947 3652 1018 (ut

2088 1025 2156 1080 de
2181 1028 2361 1083 multis
2379 1043 2545 1096 pauca
2567 1032 3066 1101 commemoremus)
3094 1042 3298 1088 mentes
3312 1035 3476 1088 fuisse
3497 1049 3650 1104 pror—

2089 1132 2180 1172 sus
2201 1126 2257 1172 et
2283 1120 2489 1172 numeri
2518 1127 2574 1173 et
2593 1120 2823 1174 nominis
2849 1128 3134 1190 expertes;
3183 1123 3468 1190 omniaque
3489 1124 3648 1178 ratio-

2091 1205 2231 1258 nalia
2255 1221 2416 1259 unum
2441 1221 2560 1260 esse
2586 1208 2866 1263 identitate
2890 1208 3199 1264 substantiae
3226 1219 3282 1264 et
3300 1211 3644 1280 operationis,

2090 1303 2146 1349 et
2167 1296 2362 1350 virtute
2389 1297 2528 1365 apud
2553 1297 2721 1352 Deum
2750 1297 2981 1354 Verbum
3018 1315 3116 1368 per
3143 1301 3436 1368 unitionem
3461 1309 3518 1356 et
3553 1318 3646 1357 co-

2090 1383 2401 1451 gnitionem.
2450 1385 2557 1442 Has
2581 1400 2710 1440 vero
2737 1394 2979 1456 mentes,
3010 1390 3099 1443 ubi
3127 1391 3460 1458 susceperint
3497 1391 3646 1458 juxta

2093 1474 2507 1544 uniuscujusque
2547 1483 2762 1546 captum
2791 1477 3092 1534 satietatem
3119 1479 3315 1550 divina:
3355 1479 3660 1536 dilectionis

2093 1570 2148 1617 et
2174 1564 2666 1634 contemplationis,
2693 1580 2791 1634 per
2813 1568 3162 1622 mutationem
3208 1570 3439 1638 ipsarum
3477 1572 3528 1624 in
3555 1572 3650 1626 de-

435 1677 670 1749 ps'a'rtlca,
698 1673 726 1731 ἧ
747 1677 828 1726 καί
851 1675 1128 1744 παχύτερα
1157 1675 1372 1741 σώματα
1396 1673 1752 1743 ἀμφιάσασθαι,
1781 1675 1864 1726 καί
1890 1674 1994 1726 ὸνόο

2096 1651 2280 1716 terius,
2304 1652 2390 1706 vel
2419 1653 2707 1716 crassiora,
2732 1654 2816 1708 vel
2838 1656 3082 1709 tenuiora
3107 1671 3334 1725 corpora
3365 1659 3580 1714 induere
3596 1674 3652 1714 et

434 1784 576 1835 ματα
614 1762 980 1835 κληρώσασθαι,
1031 1760 1288 1830 κᾲντεῦθεν
1325 1761 1420 1818 τάς
1457 1761 1717 1834 οὐρανίους
1767 1764 1852 1814 καί
1895 1760 1994 1813 λει-

435 1852 701 1925 τουργικάς
732 1852 1012 1908 ὑποστῆναι
1036 1847 1289 1919 δυιάμεις.
1317 1849 1456 1902 Ἀλλά
1480 1853 1575 1918 μὴν
1603 1851 1686 1903 καί
1711 1849 1874 1911 ἥλιον,
1913 1852 1996 1902 καί

436 1943 661 2002 σελήνην.
689 1945 774 1994 καί
796 1943 915 2000 τοὺς
941 1942 1166 2015 άστέρνις
1183 1981 1196 2004 ,
1224 1943 1311 1994 καί
1339 1941 1469 1995 αὐτὰ
1491 1948 1581 1999 τῆς
1606 1941 1763 1999 αὐτῆς
1785 1947 1882 1994 τῶν
1907 1941 1994 1992 λο-

436 2039 589 2104 γικῶν
617 2030 786 2090 ἑνάδος
815 2027 965 2093 ὄντα,
1007 2031 1070 2082 in
1095 2039 1186 2088 τῆς
1223 2031 1308 2083 έπί
1333 2031 1397 2083 τὰ
1427 2030 1588 2102 χείρω
1614 2035 1806 2102 τροπῆς
1844 2034 1996 2083 τοῦτο

435 2123 706 2194 γεγονέναι,
738 2118 861 2191 ὅπερ
891 2121 1005 2173 εἰσί.
1037 2123 1110 2172 Τά
1138 2116 1190 2172 δέ
1219 2119 1303 2172 ini
1340 2117 1502 2172 πλεῖον
1524 2126 1614 2177 τῆς
1642 2118 1776 2178 θείας
1797 2119 1998 2189 ἀγάπης

436 2213 761 2284 ἀποψυγέντα
797 2213 1000 2282 λογικά.
1039 2210 1222 2280 ψυχάς
1259 2211 1618 2281 ὀνομασθῆναι,
1665 2212 1750 2263 καί
1795 2213 2001 2279 σώμασι

437 2307 756 2377 παχυτέροις
794 2310 900 2362 τοῖς
937 2303 1044 2356 καθ’
1093 2304 1225 2371 ἡμᾶς
1254 2301 1568 2370 ἐμϐληθῆναι.
1599 2302 1674 2354 Τά
1716 2298 1770 2354 δὲ
1817 2302 1901 2354 ἐπὶ
1938 2301 1998 2354 τὸ

439 2392 591 2467 ἄκρον
620 2402 708 2452 τῆς
746 2397 922 2452 κακίας
951 2391 1244 2454 ἐληλακότα,
1285 2391 1510 2466 ψυχροῖς
1537 2392 1623 2443 καὶ
1657 2393 1884 2462 ζοφεροῖς
1918 2390 1998 2442 ένο

437 2485 634 2542 δεθῆναι
659 2485 882 2552 σώμασι,
909 2485 988 2535 καί
1015 2479 1249 2548 δαίμονας
1275 2481 1604 2548 ὀνομασθῆναι
1629 2479 1878 2549 γενόμενα.
1913 2483 1999 2532 Καὶ

438 2575 518 2630 ὅτι
541 2576 592 2638 ἐξ
621 2573 880 2645 ἀγγεὴκῆς
915 2574 1004 2642 μὲν
1043 2571 1404 2628 καταστάσεως
1444 2568 1647 2638 ψυχική
1674 2570 1866 2640 γίνεται
1911 2589 1999 2621 κα-

438 2669 703 2722 τάστασις.
738 2663 789 2714 in
815 2659 869 2716 δέ
893 2669 982 2720 τῆς
1007 2659 1232 2730 ψυχικῆς
1261 2655 1588 2727 δαιμονιώδης
1614 2677 1667 2710 τε
1692 2658 1777 2710 καί
1813 2657 2000 2728 ἀνθρω-

440 2760 575 2814 πίνη.
600 2753 722 2809 Ἕνα
751 2753 803 2808 δέ
823 2755 968 2824 μόνον
993 2759 1108 2805 νοῦν
1138 2753 1190 2804 ἐκ
1220 2751 1388 2809 πάσης
1425 2755 1515 2808 τιξς
1543 2745 1717 2807 ίνάδος
1742 2753 1842 2802 τῶν
1867 2747 2001 2816 λογι-

441 2853 540 2900 κῶν
566 2844 828 2900 ἀκλὸνητον
864 2850 1024 2912 μεῖναι
1051 2842 1135 2894 καί
1165 2841 1389 2896 ἀκίνητον
1416 2844 1504 2896 τῆς
1533 2837 1668 2896 θείας
1693 2837 1894 2906 ἀγάπης
1923 2837 2001 2888 καὶ

440 2938 678 3008 θεωρίας,
711 2930 766 2995 ὃς
800 2935 882 2986 καί
908 2931 1122 3006 Χριστὸς
1150 2929 1386 3002 βασιλεὺς
1437 2927 1558 2986 Θεὸς
1595 2929 1674 2978 καί
1709 2922 1998 2999 ἄνθρωπος,

2097 1741 2311 1794 nomina
2335 1743 2538 1811 sortiri,
2576 1758 2640 1797 ac
2664 1743 2787 1797 inde
2813 1743 3060 1799 caelestes
3085 1754 3140 1798 et
3164 1745 3502 1802 administras
3529 1749 3658 1802 sub-

2094 1833 2294 1888 stitisse
2313 1832 2552 1888 virtutes.
2575 1833 2688 1887 lmo
2709 1841 2762 1888 et
2780 1833 2970 1901 solem,
2993 1842 3046 1889 et
3065 1835 3265 1902 lunam,
3294 1845 3348 1889 et
3373 1838 3571 1899 stellas,
3595 1846 3675 1892 ub-

2093 1931 2221 1991 pote
2256 1936 2373 1990 qua:
2413 1929 2470 1976 et
2512 1922 2624 1991 ipsa
2666 1923 2720 1976 in
2749 1923 3142 1980 rationabilium
3172 1926 3376 1980 unitate
3403 1926 3542 1988 sint,
3587 1942 3660 1980 ex.

2093 2011 2388 2064 mutatione
2424 2010 2478 2064 in
2516 2009 2753 2066 deterius
2777 2010 2917 2065 faeta
2933 2049 2949 2074 ,
2978 2011 3084 2066 hoc
3110 2027 3228 2068 esse
3254 2017 3482 2082 coepisse
3504 2017 3647 2082 quod

2095 2107 2237 2154 sunt.
2265 2098 2341 2154 Ea
2364 2114 2494 2155 vero
2513 2099 2869 2179 rationabilia,
2903 2101 2956 2154 in
2981 2102 3174 2170 quibus
3195 2105 3366 2171 magis
3395 2103 3487 2158 Dei
3509 2119 3650 2158 amor

2095 2189 2398 2254 refrixerit,
2459 2189 2674 2260 ψυχάς,
2718 2189 2822 2244 hoc
2861 2199 2945 2245 est
2982 2192 3190 2246 animas
3233 2195 3558 2262 nuncupari,
3603 2204 3664 2248 et

2095 2279 2477 2345 crassioribus,
2514 2280 2694 2349 qualia
2732 2289 2913 2335 nostra
2939 2287 3066 2335 sunt
3109 2296 3340 2350 corpora
3361 2322 3377 2346 ,
3428 2283 3667 2337 immitti-

2095 2365 2225 2430 Qua:
2251 2377 2427 2422 autem
2450 2369 2518 2423 ad
2554 2378 2849 2424 extremum
2878 2371 3244 2438 perversitatis
3270 2373 3516 2426 venerint
3537 2413 3555 2439 ,
3592 2387 3656 2428 eu

2087 2456 2300 2524 frigidis
2327 2473 2392 2512 ac
2421 2459 2727 2527 caliginosis
2754 2459 2916 2514 inseri
2942 2461 3286 2529 corporibus,
3317 2471 3373 2516 et
3397 2462 3659 2518 daemones

2094 2545 2211 2600 heri
2241 2556 2297 2600 et
2323 2547 2652 2616 nuncupari;
2703 2562 2767 2603 ac
2805 2548 3030 2616 proinde
3067 2563 3136 2602 ex
3176 2550 3418 2616 angelico
3449 2551 3660 2618 quidem

2097 2643 2239 2688 statu
2268 2632 2383 2689 ﬁeri
2420 2635 2738 2702 animalem,
2769 2651 2836 2691 ex
2873 2637 3096 2716 animali
3119 2653 3248 2692 vero
3272 2639 3675 2694 dmmoniacum-

2099 2732 2153 2780 et
2171 2725 2484 2780 humanum.
2506 2723 2674 2780 Unam
2698 2736 2875 2782 autem
2899 2727 3161 2782 duntaxat
3179 2737 3442 2794 mentem,
3461 2744 3530 2784 ex
3550 2739 3676 2785 tota-

2102 2813 2304 2868 unitate
2350 2815 2720 2880 rationalium,
2766 2815 3201 2884 imperturbatam
3235 2817 3562 2886 perstitisse,
3606 2829 3660 2872 ct

2100 2904 2136 2958 i.
2153 2912 2377 2958 tmotam
2397 2920 2428 2958 δ
2450 2905 2737 2961 dilectione
2751 2907 2925 2960 divina
2948 2916 3004 2961 et
3025 2909 3483 2976 contemplatione,
3507 2923 3650 2962 cam-

443 3025 711 3098 γεγονέναι.
735 3025 824 3077 Καί
843 3021 920 3078 ὅτι
939 3021 1184 3080 παντελής
1205 3020 1318 3074 έστε
1335 3024 1432 3071 τῶν
1452 3014 1700 3086 σωμάτων
1719 3015 1996 3088 ἀναίρεσις,

2102 3007 2206 3061 que
2231 2993 2391 3050 fuisse
2411 2993 2678 3049 Christum
2706 3009 2908 3063 regem,
2930 2995 3094 3051 Deum
3109 3004 3163 3051 et
3182 2995 3470 3050 hominem.
3491 2994 3656 3048 Amr-

442 3116 596 3168 αὖτοῦ
633 3120 719 3167 τοῦ
757 3115 932 3185 κυρίου
961 3113 1162 3185 πρώτου
1191 3108 1548 3176 ἀποτιθεμένου
1581 3107 1640 3160 τὸ
1665 3103 1788 3159 ἴδιον
1813 3111 1962 3174 σῶμα
1979 3142 1996 3168 ,

442 3207 524 3258 καί
549 3211 646 3258 τῶν
683 3203 864 3256 λοιπῶν
895 3199 1153 3255 ἁπάντων·
1199 3201 1280 3252 καί
1313 3195 1392 3252 ὅτι
1433 3198 1810 3264 ἁνακομίζσνταε
1850 3195 2000 3248 πάλιν

441 3291 661 3351 ἅπαντες
689 3295 760 3350 είς
801 3295 888 3348 τήν
925 3291 1080 3346 αὐτήν
1119 3285 1301 3348 ίνάδα,
1332 3289 1411 3339 καί
1449 3288 1666 3356 γίνονται
1700 3285 1828 3357 νὸες,
1870 3285 1999 3339 καθά

441 3385 524 3436 καί
547 3382 596 3434 έν
677 3381 990 3454 προϋπάρξει
1016 3379 1314 3450 ἐτύγχανον⁹
1334 3376 1800 3446 ἀποκαθισταμένου
1829 3373 2000 3433 δηλον-

441 3473 517 3526 ότι
549 3474 630 3524 καί
663 3472 816 3524 αὐτοῦ
847 3475 932 3523 τοῦ
962 3467 1198 3522 διαϐόλου
1225 3469 1308 3520 καί
1334 3474 1432 3520 τῶν
1461 3465 1642 3520 λοιπῶν
1665 3463 1908 3531 δαιμόνων
1929 3467 2001 3526 είς

441 3563 530 3618 τήν
553 3559 704 3616 αὐτὴν
744 3555 923 3622 ένάδα,
959 3559 1045 3610 καὶ
1083 3563 1180 3611 τῶν
1208 3555 1406 3611 ἀσεϐῶν
1434 3557 1517 3608 καὶ
1543 3556 1696 3609 ἀθέων
1729 3555 2000 3630 ἀνθρώπων

435 3648 572 3718 μετά
598 3655 694 3702 τῶν
719 3649 858 3701 θείων
894 3648 976 3700 καὶ
999 3649 1240 3718 θεοφέρων
1264 3642 1482 3718 ἀνδρῶν,
1513 3645 1595 3696 καί
1617 3649 1716 3696 τῶν
1757 3645 2002 3716 οὐρανίων

442 3734 698 3802 δυνάμεων
715 3774 730 3798 ,
763 3736 846 3788 καί
872 3739 961 3791 τήν
983 3734 1134 3790 αὐτὴν
1163 3731 1369 3795 έξὸντων
1395 3731 1574 3785 ἕνωσιν
1605 3733 1730 3805 πρὸς
1753 3731 1836 3786 τὸν
1859 3732 1998 3796 Θεὸν,

441 3820 618 3876 ὸποίαν
641 3822 755 3891 ἔχει
779 3826 856 3875 καί
883 3820 908 3874 ὸ
935 3821 1150 3894 Χριστὸς
1169 3861 1185 3883 ,
1221 3821 1383 3878 καθώς
1413 3822 1496 3872 καί
1533 3827 1872 3893 προϋπῆρχον
1891 3862 1902 3876 ,
1933 3823 2001 3880 ὡς

442 3907 687 3978 μηδεμίαν
706 3904 829 3962 εἶναι
847 3907 1081 3982 διαφοράν
1100 3915 1172 3981 τῷ
1189 3914 1394 3981 Χριστῷ
1417 3907 1542 3977 πρὸς
1568 3910 1633 3962 τά
1651 3907 1802 3960 λοιπὰ
1835 3908 2002 3978 λογικά

443 3997 716 4059 παντελῶς,
749 3995 866 4050 ο”τε
892 4005 954 4066 τῇ
981 3999 1146 4068 οὐσίᾳ,
1177 3995 1286 4050 οὔτε
1307 4004 1368 4068 τῇ
1387 3998 1590 4068 γνώσει.
1619 3994 1734 4052 οὔτε
1757 4005 1818 4072 τῇ
1849 3995 1997 4052 δυνά-

443 4108 541 4158 μει.
570 4085 685 4143 οὔτε
712 4097 773 4158 τῇ
797 4089 1036 4162 ἐνεργείᾳ.
1067 4086 1124 4141 '0
1151 4089 1250 4160 γάρ
1275 4107 1354 4142 τοι
1381 4087 1670 4160 Πυθαγόρας
1709 4090 1876 4163 ἀρχὴν
1903 4097 2001 4144 τῶν

442 4177 644 4233 πάντων
684 4177 862 4248 ἦησεν
898 4174 1022 4231 εἶναι
1047 4181 1136 4236 τήν
1158 4174 1372 4241 μονάδα.
1402 4181 1500 4232 Καὶ
1531 4174 1679 4230 πάλιν
1711 4177 2000 4251 Πυθαγόρας

433 4272 523 4322 καί
547 4269 742 4322 Πλάτων
771 4267 924 4337 δῆμόν
959 4289 1069 4322 τινα
1105 4267 1292 4338 ψυχῶν
1321 4266 1606 4336 ἀσωμάτων
1638 4267 1857 4326 εἰπόντες
1875 4307 1890 4328 ,
1923 4271 2000 4325 καί

2101 3089 2249 3134 mant
2275 3082 2456 3148 etiam,
2487 3098 2714 3152 corpora
2736 3085 2946 3152 penitus
2970 3085 3188 3140 interire
3228 3103 3243 3138 :
3283 3085 3400 3154 ipso
3425 3083 3665 3140 Domino

2096 3174 2324 3244 primum
2342 3217 2358 3241 ,
2384 3172 2579 3227 deinde
2606 3173 2824 3242 reliquis
2851 3175 3096 3230 omnibus
3122 3190 3273 3230 suum
3299 3189 3498 3244 corpus
3519 3173 3631 3242 ahji
3649 3202 3664 3214 -

2096 3271 2356 3328 cientibus
2379 3287 2392 3324 :
2415 3279 2470 3324 et
2486 3271 2627 3338 quod
2649 3286 2856 3325 rursum
2881 3287 3066 3327 omnes
3093 3271 3375 3325 redeuntes
3393 3270 3458 3324 ad
3483 3270 3647 3338 ipsam

2098 3370 2406 3433 veritatem,
2448 3377 2657 3424 mentes
2704 3367 2836 3424 ﬁunt
2869 3369 3021 3438 juxta
3049 3368 3178 3423 illud
3199 3383 3319 3424 esse
3343 3367 3488 3438 quod
3515 3368 3657 3437 prius

2098 3448 2368 3522 habebant
2399 3485 2412 3521 :
2437 3481 2504 3522 ac
2531 3465 2780 3521 videlicet
2810 3467 2980 3535 ipsum
3020 3467 3182 3521 etiam
3203 3466 3472 3520 diabolum
3501 3468 3654 3520 resti-

2097 3556 2353 3613 tuendum
2381 3570 2534 3624 esse,
2565 3564 2621 3612 et
2646 3557 2882 3626 reliquos
2921 3556 3188 3612 daemones
3211 3557 3266 3610 in
3288 3557 3455 3626 ipsam
3484 3559 3656 3611 unita-

2101 3654 2239 3712 tem,
2271 3654 2432 3714 atque
2453 3645 2647 3714 impios
2673 3653 2728 3700 et
2754 3645 2988 3700 nefarios
3015 3645 3259 3700 homines
3286 3661 3390 3700 una
3420 3663 3537 3702 cum
3577 3647 3658 3700 di-

2099 3737 2236 3790 vinis
2277 3751 2341 3791 ac
2370 3735 2480 3790 Deo
2509 3735 2681 3806 plenis
2708 3735 2862 3799 viris,
2894 3733 3305 3801 caelestibusque
3331 3735 3610 3788 virtutibus
3636 3777 3650 3800 ,

2099 3825 2394 3894 eodemque
2440 3822 2640 3887 modo,
2691 3839 2798 3894 quo
2838 3832 2894 3878 et
2938 3823 3214 3886 Christus,
3257 3838 3378 3877 cum
3406 3823 3518 3878 Deo
3542 3839 3654 3878 esse

2100 3917 2378 3981 uniendos,
2401 3915 2555 3971 sicuti
2579 3915 2797 3984 etprius
2820 3913 2954 3968 uniti
2973 3919 3146 3974 erant,
3179 3919 3338 3980 atque
3359 3912 3495 3965 adeo
3514 3911 3655 3965 Chri-

2098 4016 2238 4062 stum
2266 4006 2424 4076 plane
2453 4006 2580 4060 nihil
2609 4021 2640 4060 a
2669 4005 2886 4076 reliquis
2913 4005 3121 4059 ratione
3148 4004 3382 4074 praeditis
3427 4004 3653 4070 dilTerre,

2102 4113 2275 4167 neque
2302 4097 2628 4160 substantia,
2659 4111 2832 4164 neque
2859 4095 3192 4164 cognitione,
3236 4109 3411 4162 neque
3439 4095 3650 4156 virtute,

2101 4201 2276 4258 neque
2333 4187 2664 4256 operatione.
2719 4185 3046 4256 Pythagoras
3095 4184 3292 4238 etenim
3341 4183 3650 4253 principiqu

2100 4279 2336 4334 omnium
2357 4292 2535 4331 rerum
2573 4277 2828 4330 unitatem
2850 4290 2970 4332 esse
2989 4275 3140 4342 dixit,
3165 4282 3218 4328 et
3239 4288 3448 4328 rursum
3471 4273 3658 4343 Pytha-

441 4360 533 4418 τάξ
563 4357 816 4433 ἁμαρτάδι
856 4381 950 4415 τινι
987 4359 1396 4432 περιπεσούσας,
1447 4358 1690 4435 τιμωρίας
1735 4356 1891 4431 χάριν
1927 4361 1996 4417 εἰς

2098 4382 2255 4436 goras
2283 4375 2336 4420 et
2351 4363 2504 4419 Plato
2531 4364 2921 4418 multitudinem
2950 4363 3232 4430 quamdam
3260 4362 3550 4415 animarum
3577 4361 3652 4413 iu-

441 4453 504 4504 σίῖ
519 4472 654 4518 ματα
668 4451 1087 4522 καταπέμπεσθαι
1105 4451 1353 4522 λέγουσιν.
1369 4447 1512 4502 Ὀθεν
1536 4449 1562 4503 ὸ
1587 4450 1784 4504 Πλάτων
1810 4448 1840 4504 ὂ
1881 4472 1919 4519 μ
1933 4474 1958 4501 α
1973 4472 1997 4510 ς

442 4540 498 4594 τὸ
523 4547 697 4612 σῶμα,
738 4541 821 4592 καί
859 4547 1028 4610 σῆμα
1053 4539 1320 4608 ἐκάλεσεν,
1358 4540 1426 4597 ὡς
1465 4540 1606 4592 οἱονεί
1637 4546 1728 4598 τῆς
1748 4537 1926 4606 ψυχῆς
1949 4536 1999 4590 ἐν

440 4630 602 4698 τούτῳ
638 4627 898 4697 δεδεμένης
934 4632 1013 4682 καί
1049 4628 1378 4697 τεθαμμένης.
1407 4624 1528 4682 Εἶτα
1561 4631 1677 4700 περὶ
1706 4633 1794 4686 τῆς
1823 4629 1998 4697 ἐσομέ-

445 4737 526 4776 ρης
553 4722 767 4791 κρίσεως
795 4723 878 4772 καί
904 4716 1283 4776 ἀνταποδόσεως
1315 4724 1416 4771 τῶν
1443 4717 1631 4787 ψυχῶν
1668 4713 1805 4777 αὖθις
1831 4722 1996 4788 φησίνο

447 4806 529 4858 (Π
543 4809 630 4875 μὲν
648 4805 1173 4882 παιδεραστήσαντος,
1194 4808 1274 4859 καί
1291 4803 1524 4878 [ἀδόλως]
1537 4814 1697 4864 κακῶς
1723 4807 2000 4874 βιώσαντος

442 4898 569 4965 μετὰ
591 4898 874 4970 φιλοσοφίας
904 4897 1054 4968 ψυχή
1084 4901 1226 4970 τρίτῃ
1266 4895 1483 4970 περιόδῳ
1521 4904 1582 4968 τῇ
1623 4897 1838 4966 χιλιετιῖ
1861 4897 2000 4958 ἐᾶται

441 4987 761 5054 κολασθῆναι,
815 4993 883 5042 cli
911 4989 1041 5043 οὕτω
1069 4990 1383 5062 πτερωθεῑσα
1409 4995 1481 5058 τῷ
1507 4988 1874 5061 τρισχιλιοστῷ
1901 4987 2000 5043 ἴτει

441 5075 731 5133 ἐκϐάλλεται
754 5081 838 5131 καί
863 5081 1167 5151 ἀπέρχεται.
1195 5079 1249 5132 Ai
1277 5077 1330 5131 δέ
1355 5075 1494 5132 ἄλλαι
1522 5077 1710 5132 ὁπόταν
1738 5078 1876 5133 τόνδε
1918 5081 2000 5133 τὸν

441 5169 551 5236 βου
572 5169 840 5222 τελέσωσιν
859 5213 869 5228 ,
901 5171 953 5222 αἱ
981 5167 1069 5238 μέν
1107 5171 1176 5228 είς
1203 5170 1266 5224 τά
1306 5170 1404 5223 ὑπὸ
1429 5177 1522 5240 γῆς
1559 5167 1880 5242 δικαιωτήρια
1921 5171 1998 5224 ἔλ-

441 5256 617 5310 θοῦσαε
643 5254 783 5312 δίκην
807 5255 914 5325 ἅμα
949 5259 1030 5310 καί
1052 5257 1192 5326 λόγον
1227 5259 1472 5313 τίσουσιν.
1501 5257 1553 5310 αί
1587 5255 1640 5310 δέ
1668 5262 1737 5316 εἰς
1772 5259 1998 5329 οὖράνίν

441 5368 554 5402 τινα
581 5346 732 5401 τόπον
758 5347 1107 5418 κουφιτθεῖσαι
1137 5347 1238 5401 ὑπὸ
1259 5354 1348 5406 τῆς
1375 5344 1513 5406 δίκης
1538 5343 1796 5409 διάξουσιν
1820 5349 1995 5411 ἀξίως,

445 5438 605 5492 καθώς
633 5437 867 5492 ἐϐίωσαν.
901 5456 920 5488 a
953 5433 1024 5491 Οὗ
1047 5441 1134 5496 τήν
1161 5438 1372 5492 ἀτοπίαν
1409 5442 1498 5490 τοῦ
1521 5435 1668 5506 λόγου
1697 5438 1995 5507 καταμαθεῖν

533 5653 717 5712 'Plato
747 5657 798 5712 in
829 5654 1070 5722 Phaedro,
1099 5671 1210 5725 p08!
1245 5657 1339 5709 m'a
1361 5669 1608 5710 annorum
1639 5656 1828 5719 millia,

2098 4471 2479 4528 corporearum
2509 4469 2626 4509 esse
2664 4454 2923 4520 dicentes,
2953 4453 3136 4508 dicunt
3159 4453 3340 4517 etiam,
3370 4450 3514 4520 quod
3535 4450 3651 4503 siin

2099 4557 2374 4618 peccatum
2404 4545 2618 4614 aliquod
2648 4543 2963 4611 inciderint,
2990 4543 3044 4596 in
3074 4557 3285 4624 pmnam
3309 4541 3654 4595 demittuntur

2098 4639 2151 4693 in
2181 4653 2427 4707 corpora.
2465 4629 2724 4702 Quocirca
2766 4634 2916 4688 Plato
2956 4650 3150 4702 corpus
3189 4633 3477 4701 appellavit
3502 4631 3654 4699 δέμας

2098 4726 2224 4798 (hoc
2247 4734 2330 4780 est
2357 4723 2664 4790 vinculum),
2696 4729 2750 4776 et
2777 4731 2916 4792 σῆμα
2944 4723 3071 4792 (hoc
3098 4729 3181 4774 est
3199 4715 3548 4786 sepulcrum),
3578 4730 3643 4768 eo

2099 4815 2238 4884 quod
2264 4813 2438 4867 anima
2465 4814 2517 4866 in
2546 4813 2662 4881 ipso
2683 4826 2907 4880 corpore
2939 4809 3090 4879 quasi
3132 4809 3308 4862 vincta
3351 4815 3407 4861 et
3451 4805 3650 4873 sepulta

2099 4903 2169 4958 sit
2193 4919 2208 4966 ;
2239 4902 2432 4957 deinde
2460 4901 2526 4956 de
2550 4901 2725 4954 l'uturo
2749 4899 2950 4968 judicio
2977 4906 3032 4952 et
3058 4896 3407 4952 retributione
3447 4893 3650 4946 anima-

2097 5008 2217 5046 rmn
2247 5007 2429 5046 rursus
2455 4991 2627 5059 inquit
2650 5008 2663 5043 :
2692 4991 2877 5044 Anima
2905 4989 3042 5043 illius
3063 4988 3154 5056 qui
3183 5001 3286 5040 una
3311 5000 3430 5043 cum
3449 4983 3653 5050 sapien-

2097 5084 2186 5136 tia:
2214 5082 2389 5138 studio
2425 5095 2712 5155 puerorum
2742 5094 2922 5134 amore
2949 5085 3004 5132 et
3032 5073 3290 5146 ﬂagitiosa
3317 5075 3427 5128 vita
3454 5087 3513 5126 se
3539 5071 3652 5138 polo

2099 5171 2217 5237 luit,
2264 5186 2361 5240 per
2400 5180 2509 5225 tres
2545 5170 2871 5224 milleuarias
2915 5166 3255 5222 circuitiones
3283 5175 3466 5234 ptenas
3495 5161 3649 5214 luet:

2099 5269 2153 5314 et
2179 5259 2257 5314 sic
2284 5259 2612 5328 recuperatis
2653 5259 2753 5314 alis
2787 5265 2908 5326 post
2937 5269 3198 5308 annorum
3226 5251 3388 5306 millia
3417 5261 3442 5286 ⁸·
3470 5245 3649 5303 educi-

2100 5357 2186 5402 tur
2213 5355 2268 5402 et
2295 5349 2406 5402 abit
2439 5365 2451 5402 :
2493 5347 2712 5416 reliqua:
2736 5362 2863 5400 vero
2892 5360 3012 5400 cum
3043 5359 3106 5398 ex
3139 5343 3236 5397 hac
3261 5343 3369 5395 vita
3393 5337 3642 5395 discessc~

2101 5439 2226 5500 rint,
2275 5437 2390 5492 alia:
2419 5436 2630 5506 quidem
2674 5437 2773 5491 sub
2801 5443 2942 5490 terra
2972 5434 3026 5488 in
3049 5432 3232 5502 judicii
3263 5430 3438 5486 locum
3467 5425 3650 5483 delata:
