  <div class='ocr_page' id='page_1' title='image "/cluster/home/n/w/nwhite01/storage/ocr_20150623/86 pt.1/mdp.39015028803867/507.png"; bbox 0 0 3994 6140; ppageno 0'>
   <div class='ocr_carea' id='block_1_1' title="bbox 427 251 533 317">
    <p class='ocr_par' dir='ltr' id='par_1_1' title="bbox 427 251 533 317">
     <span class='ocr_line' id='line_1_1' title="bbox 427 251 533 317; baseline -0.009 -1"><span class='ocrx_word' id='word_1_1' title='bbox 427 251 533 317; x_wconf 67' lang='grc' dir='ltr'><strong>9⁴ἒ9</strong></span> 
     </span>
    </p>
   </div>
   <div class='ocr_carea' id='block_1_2' title="bbox 1737 237 2374 305">
    <p class='ocr_par' dir='ltr' id='par_1_2' title="bbox 1737 237 2374 305">
     <span class='ocr_line' id='line_1_2' title="bbox 1737 237 2374 305; baseline -0.003 0"><span class='ocrx_word' id='word_1_2' title='bbox 1737 241 2032 305; x_wconf 70' lang='lat' dir='ltr'><strong>JUSTINI</strong></span> <span class='ocrx_word' id='word_1_3' title='bbox 2045 242 2174 303; x_wconf 76' lang='grc' dir='ltr'><strong>ΑΝΙ</strong></span> <span class='ocrx_word' id='word_1_4' title='bbox 2215 237 2374 304; x_wconf 83' lang='grc' dir='ltr'>ΙΜΡ.</span> 
     </span>
    </p>
   </div>
   <div class='ocr_carea' id='block_1_3' title="bbox 3517 240 3659 306">
    <p class='ocr_par' dir='ltr' id='par_1_3' title="bbox 3517 240 3659 306">
     <span class='ocr_line' id='line_1_3' title="bbox 3517 240 3659 306; baseline 0 0"><span class='ocrx_word' id='word_1_5' title='bbox 3517 240 3659 306; x_wconf 70' lang='grc' dir='ltr'>ιθίτο</span> 
     </span>
    </p>
   </div>
   <div class='ocr_carea' id='block_1_4' title="bbox 423 331 1987 420">
    <p class='ocr_par' dir='ltr' id='par_1_4' title="bbox 423 349 1986 420">
     <span class='ocr_line' id='line_1_4' title="bbox 423 349 1986 420; baseline -0.001 -18"><span class='ocrx_word' id='word_1_6' title='bbox 423 378 541 413; x_wconf 65' lang='grc' dir='ltr'>ππ,</span> <span class='ocrx_word' id='word_1_7' title='bbox 575 355 656 408; x_wconf 80' lang='grc' dir='ltr'><strong>καί</strong></span> <span class='ocrx_word' id='word_1_8' title='bbox 685 351 709 407; x_wconf 72' lang='grc' dir='ltr'><strong>ἓν</strong></span> <span class='ocrx_word' id='word_1_9' title='bbox 739 353 990 411; x_wconf 69' lang='grc' dir='ltr'>ἀθάνατος,</span> <span class='ocrx_word' id='word_1_10' title='bbox 1023 351 1184 420; x_wconf 71' lang='grc' dir='ltr'>νόμοις</span> <span class='ocrx_word' id='word_1_11' title='bbox 1212 353 1500 408; x_wconf 60' lang='grc' dir='ltr'>ὑποκεῖσθαι</span> <span class='ocrx_word' id='word_1_12' title='bbox 1529 349 1759 404; x_wconf 80' lang='grc' dir='ltr'>θανάτου.</span> <span class='ocrx_word' id='word_1_13' title='bbox 1799 354 1986 402; x_wconf 81' lang='grc' dir='ltr'>Τοῦτον</span> 
     </span>
    </p>
   </div>
   <div class='ocr_carea' id='block_1_5' title="bbox 2088 331 3644 420">
    <p class='ocr_par' dir='ltr' id='par_1_5' title="bbox 2088 343 3644 416">
     <span class='ocr_line' id='line_1_5' title="bbox 2088 343 3644 416; baseline 0.001 -16"><span class='ocrx_word' id='word_1_14' title='bbox 2088 347 2269 403; x_wconf 90' lang='lat' dir='ltr'><strong>homo.</strong></span> <span class='ocrx_word' id='word_1_15' title='bbox 2292 348 2420 402; x_wconf 83' lang='lat' dir='ltr'><strong>Ideo</strong></span> <span class='ocrx_word' id='word_1_16' title='bbox 2449 347 2664 416; x_wconf 81' lang='lat' dir='ltr'><strong>proprie</strong></span> <span class='ocrx_word' id='word_1_17' title='bbox 2693 357 2746 402; x_wconf 85' lang='lat' dir='ltr'><strong>et</strong></span> <span class='ocrx_word' id='word_1_18' title='bbox 2777 361 2898 400; x_wconf 79' lang='lat' dir='ltr'><strong>vere</strong></span> <span class='ocrx_word' id='word_1_19' title='bbox 2929 346 3018 399; x_wconf 89' lang='lat' dir='ltr'><strong>Dei</strong></span> <span class='ocrx_word' id='word_1_20' title='bbox 3059 343 3383 400; x_wconf 85' lang='lat' dir='ltr'><strong>Geuitriccm</strong></span> <span class='ocrx_word' id='word_1_21' title='bbox 3405 357 3644 402; x_wconf 84' lang='lat' dir='ltr'><strong>sanctam</strong></span> 
     </span>
    </p>
   </div>
   <div class='ocr_carea' id='block_1_6' title="bbox 437 435 1990 516">
    <p class='ocr_par' dir='ltr' id='par_1_6' title="bbox 437 435 1990 516">
     <span class='ocr_line' id='line_1_6' title="bbox 437 435 1990 516; baseline -0.007 -19"><span class='ocrx_word' id='word_1_22' title='bbox 437 441 516 497; x_wconf 65' lang='grc' dir='ltr'><strong>τὸυ</strong></span> <span class='ocrx_word' id='word_1_23' title='bbox 555 441 603 495; x_wconf 82' lang='grc' dir='ltr'>ἓν</span> <span class='ocrx_word' id='word_1_24' title='bbox 650 442 859 511; x_wconf 71' lang='grc' dir='ltr'>θηϐλείι</span> <span class='ocrx_word' id='word_1_25' title='bbox 893 441 1178 516; x_wconf 64' lang='grc' dir='ltr'>γεννηθέντα</span> <span class='ocrx_word' id='word_1_26' title='bbox 1224 441 1278 491; x_wconf 77' lang='grc' dir='ltr'>ἐκ</span> <span class='ocrx_word' id='word_1_27' title='bbox 1325 440 1619 512; x_wconf 77' lang='grc' dir='ltr'>σπέρματος</span> <span class='ocrx_word' id='word_1_28' title='bbox 1671 435 1822 490; x_wconf 70' lang='grc' dir='ltr'>Δαῦίε</span> <span class='ocrx_word' id='word_1_29' title='bbox 1862 436 1990 488; x_wconf 84' lang='grc' dir='ltr'>κατά</span> 
     </span>
    </p>
   </div>
   <div class='ocr_carea' id='block_1_7' title="bbox 433 527 1988 610">
    <p class='ocr_par' dir='ltr' id='par_1_7' title="bbox 433 527 1988 610">
     <span class='ocr_line' id='line_1_7' title="bbox 433 527 1988 610; baseline -0.007 -22"><span class='ocrx_word' id='word_1_30' title='bbox 433 539 597 610; x_wconf 74' lang='grc' dir='ltr'>σάρκα</span> <span class='ocrx_word' id='word_1_31' title='bbox 619 573 634 597; x_wconf 90' lang='grc'><strong>,</strong></span> <span class='ocrx_word' id='word_1_32' title='bbox 668 531 962 602; x_wconf 71' lang='grc' dir='ltr'><strong>ὁμοιωθέντα</strong></span> <span class='ocrx_word' id='word_1_33' title='bbox 1007 532 1276 602; x_wconf 45' lang='grc' dir='ltr'>ἀνθρώποις</span> <span class='ocrx_word' id='word_1_34' title='bbox 1297 579 1308 595; x_wconf 59' lang='lat'><strong>,</strong></span> <span class='ocrx_word' id='word_1_35' title='bbox 1340 531 1424 580; x_wconf 89' lang='grc' dir='ltr'><strong>καί</strong></span> <span class='ocrx_word' id='word_1_36' title='bbox 1465 529 1817 600; x_wconf 70' lang='grc' dir='ltr'><strong>σταυρωθέντα</strong></span> <span class='ocrx_word' id='word_1_37' title='bbox 1863 527 1988 599; x_wconf 67' lang='grc' dir='ltr'>ὑπερ</span> 
     </span>
    </p>
   </div>
   <div class='ocr_carea' id='block_1_8' title="bbox 431 613 1990 696">
    <p class='ocr_par' dir='ltr' id='par_1_8' title="bbox 431 613 1990 696">
     <span class='ocr_line' id='line_1_8' title="bbox 431 613 1990 696; baseline -0.008 -20"><span class='ocrx_word' id='word_1_38' title='bbox 431 630 570 696; x_wconf 71' lang='grc' dir='ltr'><strong>ἣμῶν</strong></span> <span class='ocrx_word' id='word_1_39' title='bbox 606 627 703 674; x_wconf 84' lang='grc' dir='ltr'>τῶν</span> <span class='ocrx_word' id='word_1_40' title='bbox 730 621 998 694; x_wconf 72' lang='grc' dir='ltr'>ἀνθρώπων</span> <span class='ocrx_word' id='word_1_41' title='bbox 1044 619 1124 671; x_wconf 79' lang='grc' dir='ltr'><strong>ἐπὶ</strong></span> <span class='ocrx_word' id='word_1_42' title='bbox 1153 619 1353 670; x_wconf 81' lang='grc' dir='ltr'><strong>Ποντίου</strong></span> <span class='ocrx_word' id='word_1_43' title='bbox 1400 617 1624 669; x_wconf 74' lang='grc' dir='ltr'>Ιιύάτου.</span> <span class='ocrx_word' id='word_1_44' title='bbox 1673 615 1909 688; x_wconf 75' lang='grc' dir='ltr'><strong>ἐκήρυξαν</strong></span> <span class='ocrx_word' id='word_1_45' title='bbox 1944 613 1990 664; x_wconf 84' lang='grc' dir='ltr'><strong>οἱ</strong></span> 
     </span>
    </p>
   </div>
   <div class='ocr_carea' id='block_1_9' title="bbox 433 702 1989 785">
    <p class='ocr_par' dir='ltr' id='par_1_9' title="bbox 433 702 1989 785">
     <span class='ocr_line' id='line_1_9' title="bbox 433 702 1989 785; baseline -0.009 -17"><span class='ocrx_word' id='word_1_46' title='bbox 433 715 565 785; x_wconf 81' lang='grc' dir='ltr'>ἅγιοι</span> <span class='ocrx_word' id='word_1_47' title='bbox 585 711 849 767; x_wconf 78' lang='grc' dir='ltr'>ἀπόστολοι</span> <span class='ocrx_word' id='word_1_48' title='bbox 870 709 1017 764; x_wconf 80' lang='grc' dir='ltr'>αὐτὸν</span> <span class='ocrx_word' id='word_1_49' title='bbox 1041 703 1164 760; x_wconf 85' lang='grc' dir='ltr'>εἷναι</span> <span class='ocrx_word' id='word_1_50' title='bbox 1193 709 1335 764; x_wconf 80' lang='grc' dir='ltr'>Θεὸν.</span> <span class='ocrx_word' id='word_1_51' title='bbox 1368 706 1514 759; x_wconf 71' lang='grc' dir='ltr'>αὐτὸν</span> <span class='ocrx_word' id='word_1_52' title='bbox 1543 702 1832 774; x_wconf 61' lang='grc' dir='ltr'>ἆνθρωπονν</span> <span class='ocrx_word' id='word_1_53' title='bbox 1843 704 1989 756; x_wconf 76' lang='grc' dir='ltr'>αὐτὸν</span> 
     </span>
    </p>
   </div>
   <div class='ocr_carea' id='block_1_10' title="bbox 431 793 1990 872">
    <p class='ocr_par' dir='ltr' id='par_1_10' title="bbox 431 793 1990 872">
     <span class='ocr_line' id='line_1_10' title="bbox 431 793 1990 872; baseline -0.008 -16"><span class='ocrx_word' id='word_1_54' title='bbox 431 803 538 856; x_wconf 84' lang='grc' dir='ltr'><strong>υίὸν</strong></span> <span class='ocrx_word' id='word_1_55' title='bbox 563 802 820 872; x_wconf 76' lang='grc' dir='ltr'>ἀνθρώπου</span> <span class='ocrx_word' id='word_1_56' title='bbox 838 838 851 858; x_wconf 93' lang='grc'><strong>,</strong></span> <span class='ocrx_word' id='word_1_57' title='bbox 877 798 1024 851; x_wconf 74' lang='grc' dir='ltr'>αὐτὸν</span> <span class='ocrx_word' id='word_1_58' title='bbox 1055 797 1104 859; x_wconf 79' lang='grc' dir='ltr'><strong>ἐξ</strong></span> <span class='ocrx_word' id='word_1_59' title='bbox 1143 797 1354 870; x_wconf 76' lang='grc' dir='ltr'>οὖρανοῦ</span> <span class='ocrx_word' id='word_1_60' title='bbox 1373 834 1386 855; x_wconf 92' lang='grc'><strong>,</strong></span> <span class='ocrx_word' id='word_1_61' title='bbox 1415 796 1560 847; x_wconf 74' lang='grc' dir='ltr'>αὐτὸν</span> <span class='ocrx_word' id='word_1_62' title='bbox 1581 795 1681 846; x_wconf 82' lang='grc' dir='ltr'>άπὸ</span> <span class='ocrx_word' id='word_1_63' title='bbox 1701 801 1812 868; x_wconf 68' lang='grc' dir='ltr'>γῆς)</span> <span class='ocrx_word' id='word_1_64' title='bbox 1842 793 1990 845; x_wconf 81' lang='grc' dir='ltr'>αὐτὸν</span> 
     </span>
    </p>
   </div>
   <div class='ocr_carea' id='block_1_11' title="bbox 429 880 1988 958">
    <p class='ocr_par' dir='ltr' id='par_1_11' title="bbox 429 880 1988 958">
     <span class='ocr_line' id='line_1_11' title="bbox 429 880 1988 958; baseline -0.01 -10"><span class='ocrx_word' id='word_1_65' title='bbox 429 895 613 951; x_wconf 54' lang='grc' dir='ltr'>άπσῆ,</span> <span class='ocrx_word' id='word_1_66' title='bbox 643 891 792 944; x_wconf 79' lang='grc' dir='ltr'>αὐτὸν</span> <span class='ocrx_word' id='word_1_67' title='bbox 831 889 1063 946; x_wconf 81' lang='grc' dir='ltr'>παθητόν.</span> <span class='ocrx_word' id='word_1_68' title='bbox 1093 886 1156 938; x_wconf 80' lang='grc'><strong>’0</strong></span> <span class='ocrx_word' id='word_1_69' title='bbox 1189 887 1288 958; x_wconf 78' lang='grc' dir='ltr'><strong>γάρ</strong></span> <span class='ocrx_word' id='word_1_70' title='bbox 1315 885 1557 954; x_wconf 78' lang='grc' dir='ltr'>γεννηθείς</span> <span class='ocrx_word' id='word_1_71' title='bbox 1597 880 1774 936; x_wconf 78' lang='grc' dir='ltr'>ἄνωθεν</span> <span class='ocrx_word' id='word_1_72' title='bbox 1813 883 1864 933; x_wconf 79' lang='grc' dir='ltr'>ἐκ</span> <span class='ocrx_word' id='word_1_73' title='bbox 1899 883 1988 934; x_wconf 83' lang='grc' dir='ltr'><strong>τοῦ</strong></span> 
     </span>
    </p>
   </div>
   <div class='ocr_carea' id='block_1_12' title="bbox 431 967 1989 1054">
    <p class='ocr_par' dir='ltr' id='par_1_12' title="bbox 431 967 1989 1054">
     <span class='ocr_line' id='line_1_12' title="bbox 431 967 1989 1054; baseline -0.01 -19"><span class='ocrx_word' id='word_1_74' title='bbox 431 981 618 1054; x_wconf 80' lang='grc' dir='ltr'>πατρὸς</span> <span class='ocrx_word' id='word_1_75' title='bbox 641 979 784 1049; x_wconf 82' lang='grc' dir='ltr'>λόγος</span> <span class='ocrx_word' id='word_1_76' title='bbox 805 976 1054 1050; x_wconf 70' lang='grc' dir='ltr'>άρῥήτως,</span> <span class='ocrx_word' id='word_1_77' title='bbox 1079 975 1372 1048; x_wconf 75' lang='grc' dir='ltr'>ἀφράστως.</span> <span class='ocrx_word' id='word_1_78' title='bbox 1404 971 1792 1033; x_wconf 76' lang='grc' dir='ltr'>ἀκαταλήπτως,</span> <span class='ocrx_word' id='word_1_79' title='bbox 1817 971 1850 1022; x_wconf 86' lang='grc' dir='ltr'><strong>ά</strong></span> <span class='ocrx_word' id='word_1_80' title='bbox 1871 967 1989 1028; x_wconf 85' lang='grc' dir='ltr'>δίως</span> 
     </span>
    </p>
   </div>
   <div class='ocr_carea' id='block_1_13' title="bbox 429 1058 1984 1138">
    <p class='ocr_par' dir='ltr' id='par_1_13' title="bbox 429 1058 1984 1138">
     <span class='ocr_line' id='line_1_13' title="bbox 429 1058 1984 1138; baseline -0.011 -14"><span class='ocrx_word' id='word_1_81' title='bbox 429 1069 580 1128; x_wconf 71' lang='grc' dir='ltr'>αὐτὸς</span> <span class='ocrx_word' id='word_1_82' title='bbox 619 1068 669 1120; x_wconf 69' lang='grc' dir='ltr'>ἓν</span> <span class='ocrx_word' id='word_1_83' title='bbox 701 1065 874 1138; x_wconf 78' lang='grc' dir='ltr'>χρόνῳ</span> <span class='ocrx_word' id='word_1_84' title='bbox 913 1069 1138 1134; x_wconf 75' lang='grc' dir='ltr'><strong>γεννᾶται</strong></span> <span class='ocrx_word' id='word_1_85' title='bbox 1165 1062 1376 1114; x_wconf 72' lang='grc' dir='ltr'>κάτωθεν</span> <span class='ocrx_word' id='word_1_86' title='bbox 1407 1061 1459 1112; x_wconf 77' lang='grc' dir='ltr'>ἐκ</span> <span class='ocrx_word' id='word_1_87' title='bbox 1493 1059 1738 1135; x_wconf 69' lang='grc' dir='ltr'>παρθένου</span> <span class='ocrx_word' id='word_1_88' title='bbox 1771 1058 1984 1128; x_wconf 66' lang='grc' dir='ltr'>Μαρίας,</span> 
     </span>
    </p>
   </div>
   <div class='ocr_carea' id='block_1_14' title="bbox 427 1144 1988 1228">
    <p class='ocr_par' dir='ltr' id='par_1_14' title="bbox 427 1144 1988 1228">
     <span class='ocr_line' id='line_1_14' title="bbox 427 1144 1988 1228; baseline -0.006 -19"><span class='ocrx_word' id='word_1_89' title='bbox 427 1159 512 1212; x_wconf 80' lang='grc' dir='ltr'>ἵνα</span> <span class='ocrx_word' id='word_1_90' title='bbox 536 1157 580 1208; x_wconf 93' lang='grc' dir='ltr'><strong>οί</strong></span> <span class='ocrx_word' id='word_1_91' title='bbox 607 1155 824 1208; x_wconf 75' lang='grc' dir='ltr'><strong>κάτωθεν</strong></span> <span class='ocrx_word' id='word_1_92' title='bbox 851 1152 1094 1228; x_wconf 80' lang='grc' dir='ltr'>πρότερον</span> <span class='ocrx_word' id='word_1_93' title='bbox 1117 1151 1444 1221; x_wconf 76' lang='grc' dir='ltr'>γεννηθέντες,</span> <span class='ocrx_word' id='word_1_94' title='bbox 1475 1144 1654 1201; x_wconf 79' lang='grc' dir='ltr'>ἄνωθεν</span> <span class='ocrx_word' id='word_1_95' title='bbox 1675 1149 1729 1198; x_wconf 79' lang='grc' dir='ltr'>ἐκ</span> <span class='ocrx_word' id='word_1_96' title='bbox 1751 1144 1988 1220; x_wconf 68' lang='grc' dir='ltr'>δευτέρου</span> 
     </span>
    </p>
   </div>
   <div class='ocr_carea' id='block_1_15' title="bbox 427 1232 1988 1318">
    <p class='ocr_par' dir='ltr' id='par_1_15' title="bbox 427 1232 1988 1318">
     <span class='ocr_line' id='line_1_15' title="bbox 427 1232 1988 1318; baseline -0.008 -19"><span class='ocrx_word' id='word_1_97' title='bbox 427 1247 724 1318; x_wconf 77' lang='grc' dir='ltr'>γεννηθῶσι,</span> <span class='ocrx_word' id='word_1_98' title='bbox 755 1244 1016 1296; x_wconf 82' lang='grc' dir='ltr'>τουτέστιν</span> <span class='ocrx_word' id='word_1_99' title='bbox 1043 1240 1093 1294; x_wconf 75' lang='grc' dir='ltr'><strong>ίκ</strong></span> <span class='ocrx_word' id='word_1_100' title='bbox 1125 1245 1272 1293; x_wconf 92' lang='grc' dir='ltr'>Θεοῦ.</span> <span class='ocrx_word' id='word_1_101' title='bbox 1311 1240 1468 1298; x_wconf 77' lang='grc' dir='ltr'>Αὐτὸς</span> <span class='ocrx_word' id='word_1_102' title='bbox 1497 1232 1581 1290; x_wconf 66' lang='grc' dir='ltr'>οὖν</span> <span class='ocrx_word' id='word_1_103' title='bbox 1610 1237 1803 1306; x_wconf 78' lang='grc' dir='ltr'>μητέρα</span> <span class='ocrx_word' id='word_1_104' title='bbox 1845 1235 1988 1304; x_wconf 82' lang='grc' dir='ltr'>μόνον</span> 
     </span>
    </p>
   </div>
   <div class='ocr_carea' id='block_1_16' title="bbox 429 1325 1990 1406">
    <p class='ocr_par' dir='ltr' id='par_1_16' title="bbox 429 1325 1990 1406">
     <span class='ocr_line' id='line_1_16' title="bbox 429 1325 1990 1406; baseline -0.008 -16"><span class='ocrx_word' id='word_1_105' title='bbox 429 1336 546 1406; x_wconf 71' lang='grc' dir='ltr'>ἔχει</span> <span class='ocrx_word' id='word_1_106' title='bbox 576 1337 660 1388; x_wconf 79' lang='grc' dir='ltr'>ἒπί</span> <span class='ocrx_word' id='word_1_107' title='bbox 687 1341 776 1394; x_wconf 77' lang='grc' dir='ltr'>τῆς</span> <span class='ocrx_word' id='word_1_108' title='bbox 802 1341 913 1406; x_wconf 74' lang='grc' dir='ltr'>γῆς,</span> <span class='ocrx_word' id='word_1_109' title='bbox 939 1333 1023 1384; x_wconf 80' lang='grc' dir='ltr'><strong>καί</strong></span> <span class='ocrx_word' id='word_1_110' title='bbox 1051 1333 1196 1400; x_wconf 79' lang='grc' dir='ltr'>ἡμεῖς</span> <span class='ocrx_word' id='word_1_111' title='bbox 1218 1330 1414 1404; x_wconf 80' lang='grc' dir='ltr'><strong>πατέρα</strong></span> <span class='ocrx_word' id='word_1_112' title='bbox 1451 1327 1598 1398; x_wconf 77' lang='grc' dir='ltr'>μόνον</span> <span class='ocrx_word' id='word_1_113' title='bbox 1621 1325 1812 1396; x_wconf 70' lang='grc' dir='ltr'>ἔχομεν</span> <span class='ocrx_word' id='word_1_114' title='bbox 1836 1327 1884 1378; x_wconf 81' lang='grc' dir='ltr'>ἐν</span> <span class='ocrx_word' id='word_1_115' title='bbox 1907 1327 1990 1378; x_wconf 76' lang='grc' dir='ltr'><strong>οὗ·</strong></span> 
     </span>
    </p>
   </div>
   <div class='ocr_carea' id='block_1_17' title="bbox 432 1418 1990 1500">
    <p class='ocr_par' dir='ltr' id='par_1_17' title="bbox 432 1418 1990 1500">
     <span class='ocr_line' id='line_1_17' title="bbox 432 1418 1990 1500; baseline -0.006 -21"><span class='ocrx_word' id='word_1_116' title='bbox 432 1430 586 1500; x_wconf 79' lang='grc' dir='ltr'>ρανῷ.</span> <span class='ocrx_word' id='word_1_117' title='bbox 619 1425 796 1478; x_wconf 72' lang='grc' dir='ltr'>Λαϐὼν</span> <span class='ocrx_word' id='word_1_118' title='bbox 821 1425 919 1495; x_wconf 80' lang='grc' dir='ltr'>γὰρ</span> <span class='ocrx_word' id='word_1_119' title='bbox 945 1423 1028 1476; x_wconf 78' lang='grc' dir='ltr'>τὸν</span> <span class='ocrx_word' id='word_1_120' title='bbox 1061 1422 1228 1478; x_wconf 80' lang='grc' dir='ltr'>θνητὸν</span> <span class='ocrx_word' id='word_1_121' title='bbox 1255 1422 1448 1488; x_wconf 82' lang='grc' dir='ltr'><strong>πατέρα</strong></span> <span class='ocrx_word' id='word_1_122' title='bbox 1477 1425 1573 1472; x_wconf 80' lang='grc' dir='ltr'><strong>τῶν</strong></span> <span class='ocrx_word' id='word_1_123' title='bbox 1607 1419 1876 1491; x_wconf 69' lang='grc' dir='ltr'>ἀνθρώπων</span> <span class='ocrx_word' id='word_1_124' title='bbox 1903 1418 1990 1470; x_wconf 80' lang='grc' dir='ltr'>τὸν</span> 
     </span>
    </p>
   </div>
   <div class='ocr_carea' id='block_1_18' title="bbox 429 1505 1991 1582">
    <p class='ocr_par' dir='ltr' id='par_1_18' title="bbox 429 1505 1991 1582">
     <span class='ocr_line' id='line_1_18' title="bbox 429 1505 1991 1582; baseline -0.006 -14"><span class='ocrx_word' id='word_1_125' title='bbox 429 1509 583 1582; x_wconf 78' lang='grc' dir='ltr'>’Λδάμ</span> <span class='ocrx_word' id='word_1_126' title='bbox 601 1554 614 1576; x_wconf 91' lang='grc'><strong>,</strong></span> <span class='ocrx_word' id='word_1_127' title='bbox 647 1509 803 1564; x_wconf 79' lang='grc' dir='ltr'>ἔδωκε</span> <span class='ocrx_word' id='word_1_128' title='bbox 833 1519 933 1568; x_wconf 78' lang='grc' dir='ltr'>τοῖς</span> <span class='ocrx_word' id='word_1_129' title='bbox 962 1510 1240 1582; x_wconf 73' lang='grc' dir='ltr'>άιθρὼποις</span> <span class='ocrx_word' id='word_1_130' title='bbox 1263 1508 1348 1562; x_wconf 81' lang='grc' dir='ltr'>τὸν</span> <span class='ocrx_word' id='word_1_131' title='bbox 1375 1507 1560 1560; x_wconf 80' lang='grc' dir='ltr'>ἑαυτοῦ</span> <span class='ocrx_word' id='word_1_132' title='bbox 1587 1507 1786 1578; x_wconf 73' lang='grc' dir='ltr'>πατέρα</span> <span class='ocrx_word' id='word_1_133' title='bbox 1813 1505 1991 1558; x_wconf 77' lang='grc' dir='ltr'>ἀθάνα-</span> 
     </span>
    </p>
   </div>
   <div class='ocr_carea' id='block_1_19' title="bbox 429 1596 1990 1670">
    <p class='ocr_par' dir='ltr' id='par_1_19' title="bbox 429 1596 1990 1670">
     <span class='ocr_line' id='line_1_19' title="bbox 429 1596 1990 1670; baseline -0.005 -12"><span class='ocrx_word' id='word_1_134' title='bbox 429 1624 516 1658; x_wconf 84' lang='grc' dir='ltr'><strong>τον</strong></span> <span class='ocrx_word' id='word_1_135' title='bbox 552 1604 678 1657; x_wconf 74' lang='grc' dir='ltr'>κατά</span> <span class='ocrx_word' id='word_1_136' title='bbox 715 1603 771 1656; x_wconf 82' lang='grc' dir='ltr'>τὸ</span> <span class='ocrx_word' id='word_1_137' title='bbox 809 1600 1088 1670; x_wconf 71' lang='grc' dir='ltr'>λεγόμενον,</span> <span class='ocrx_word' id='word_1_138' title='bbox 1113 1615 1130 1646; x_wconf 74' lang='grc' dir='ltr'><strong>ε</strong></span> <span class='ocrx_word' id='word_1_139' title='bbox 1156 1596 1366 1650; x_wconf 78' lang='grc' dir='ltr'>Δὲδωκεν</span> <span class='ocrx_word' id='word_1_140' title='bbox 1390 1599 1562 1655; x_wconf 63' lang='grc' dir='ltr'>αὐτοῖς</span> <span class='ocrx_word' id='word_1_141' title='bbox 1591 1597 1818 1659; x_wconf 79' lang='grc' dir='ltr'>ἐξουσίαν</span> <span class='ocrx_word' id='word_1_142' title='bbox 1845 1597 1990 1650; x_wconf 80' lang='grc' dir='ltr'>τέκνα</span> 
     </span>
    </p>
   </div>
   <div class='ocr_carea' id='block_1_20' title="bbox 2089 435 3641 506">
    <p class='ocr_par' dir='ltr' id='par_1_20' title="bbox 2089 435 3641 506">
     <span class='ocr_line' id='line_1_20' title="bbox 2089 435 3641 506; baseline -0.001 -14"><span class='ocrx_word' id='word_1_143' title='bbox 2089 439 2372 506; x_wconf 79' lang='lat' dir='ltr'><strong>gloriosam</strong></span> <span class='ocrx_word' id='word_1_144' title='bbox 2405 446 2458 492; x_wconf 86' lang='lat' dir='ltr'><strong>et</strong></span> <span class='ocrx_word' id='word_1_145' title='bbox 2485 453 2698 506; x_wconf 84' lang='lat' dir='ltr'><strong>semper</strong></span> <span class='ocrx_word' id='word_1_146' title='bbox 2728 437 2979 503; x_wconf 84' lang='lat' dir='ltr'><strong>virginem</strong></span> <span class='ocrx_word' id='word_1_147' title='bbox 3023 435 3242 489; x_wconf 85' lang='lat' dir='ltr'><strong>Mariam</strong></span> <span class='ocrx_word' id='word_1_148' title='bbox 3287 435 3641 492; x_wconf 80' lang='lat' dir='ltr'><strong>conﬁtemur:</strong></span> 
     </span>
    </p>
   </div>
   <div class='ocr_carea' id='block_1_21' title="bbox 2091 525 3646 599">
    <p class='ocr_par' dir='ltr' id='par_1_21' title="bbox 2091 525 3646 599">
     <span class='ocr_line' id='line_1_21' title="bbox 2091 525 3646 599; baseline -0.003 -17"><span class='ocrx_word' id='word_1_149' title='bbox 2091 545 2196 584; x_wconf 81' lang='lat' dir='ltr'><strong>non</strong></span> <span class='ocrx_word' id='word_1_150' title='bbox 2234 530 2357 597; x_wconf 83' lang='lat' dir='ltr'><strong>quia</strong></span> <span class='ocrx_word' id='word_1_151' title='bbox 2399 528 2540 584; x_wconf 85' lang='lat' dir='ltr'><strong>Deus</strong></span> <span class='ocrx_word' id='word_1_152' title='bbox 2568 527 2798 580; x_wconf 84' lang='lat' dir='ltr'><strong>Verbum</strong></span> <span class='ocrx_word' id='word_1_153' title='bbox 2827 526 3033 579; x_wconf 91' lang='lat' dir='ltr'><strong>initium</strong></span> <span class='ocrx_word' id='word_1_154' title='bbox 3063 541 3130 578; x_wconf 83' lang='lat' dir='ltr'><strong>ex</strong></span> <span class='ocrx_word' id='word_1_155' title='bbox 3159 525 3270 593; x_wconf 87' lang='lat' dir='ltr'><strong>ipsa</strong></span> <span class='ocrx_word' id='word_1_156' title='bbox 3298 526 3526 599; x_wconf 84' lang='lat' dir='ltr'><strong>accepit,</strong></span> <span class='ocrx_word' id='word_1_157' title='bbox 3551 530 3646 585; x_wconf 80' lang='lat' dir='ltr'><strong>sed</strong></span> 
     </span>
    </p>
   </div>
   <div class='ocr_carea' id='block_1_22' title="bbox 2088 614 3646 688">
    <p class='ocr_par' dir='ltr' id='par_1_22' title="bbox 2088 614 3646 688">
     <span class='ocr_line' id='line_1_22' title="bbox 2088 614 3646 688; baseline 0.001 -20"><span class='ocrx_word' id='word_1_158' title='bbox 2088 619 2228 686; x_wconf 85' lang='lat' dir='ltr'><strong>quod</strong></span> <span class='ocrx_word' id='word_1_159' title='bbox 2256 617 2307 668; x_wconf 94' lang='lat' dir='ltr'><strong>in</strong></span> <span class='ocrx_word' id='word_1_160' title='bbox 2335 616 2534 669; x_wconf 86' lang='lat' dir='ltr'><strong>ultimis</strong></span> <span class='ocrx_word' id='word_1_161' title='bbox 2555 615 2741 668; x_wconf 88' lang='lat' dir='ltr'><strong>diebus</strong></span> <span class='ocrx_word' id='word_1_162' title='bbox 2770 615 3072 681; x_wconf 90' lang='lat' dir='ltr'><strong>unigenitus</strong></span> <span class='ocrx_word' id='word_1_163' title='bbox 3103 614 3242 668; x_wconf 87' lang='lat' dir='ltr'><strong>Deus</strong></span> <span class='ocrx_word' id='word_1_164' title='bbox 3265 614 3528 686; x_wconf 86' lang='lat' dir='ltr'><strong>Verbum,</strong></span> <span class='ocrx_word' id='word_1_165' title='bbox 3555 618 3646 688; x_wconf 89' lang='lat' dir='ltr'><strong>qui</strong></span> 
     </span>
    </p>
   </div>
   <div class='ocr_carea' id='block_1_23' title="bbox 2089 703 3649 772">
    <p class='ocr_par' dir='ltr' id='par_1_23' title="bbox 2089 703 3649 772">
     <span class='ocr_line' id='line_1_23' title="bbox 2089 703 3649 772; baseline 0.002 -15"><span class='ocrx_word' id='word_1_166' title='bbox 2089 715 2214 759; x_wconf 89' lang='lat' dir='ltr'><strong>ante</strong></span> <span class='ocrx_word' id='word_1_167' title='bbox 2251 706 2439 759; x_wconf 71' lang='lat' dir='ltr'><strong>smeula</strong></span> <span class='ocrx_word' id='word_1_168' title='bbox 2471 712 2614 769; x_wconf 90' lang='lat' dir='ltr'><strong>erat,</strong></span> <span class='ocrx_word' id='word_1_169' title='bbox 2657 703 2963 758; x_wconf 79' lang='lat' dir='ltr'><strong>incarnatus</strong></span> <span class='ocrx_word' id='word_1_170' title='bbox 2991 718 3056 757; x_wconf 81' lang='lat' dir='ltr'><strong>ex</strong></span> <span class='ocrx_word' id='word_1_171' title='bbox 3089 704 3220 772; x_wconf 86' lang='lat' dir='ltr'><strong>ipsa,</strong></span> <span class='ocrx_word' id='word_1_172' title='bbox 3249 704 3649 760; x_wconf 77' lang='lat' dir='ltr'><strong>iinmutabiliter</strong></span> 
     </span>
    </p>
   </div>
   <div class='ocr_carea' id='block_1_24' title="bbox 2089 793 3650 858">
    <p class='ocr_par' dir='ltr' id='par_1_24' title="bbox 2089 793 3650 858">
     <span class='ocr_line' id='line_1_24' title="bbox 2089 793 3650 858; baseline 0 -10"><span class='ocrx_word' id='word_1_173' title='bbox 2089 797 2250 848; x_wconf 88' lang='lat' dir='ltr'><strong>homo</strong></span> <span class='ocrx_word' id='word_1_174' title='bbox 2279 795 2448 848; x_wconf 78' lang='lat' dir='ltr'><strong>factus</strong></span> <span class='ocrx_word' id='word_1_175' title='bbox 2477 801 2560 848; x_wconf 70' lang='lat' dir='ltr'><strong>est</strong></span> <span class='ocrx_word' id='word_1_176' title='bbox 2592 811 2604 844; x_wconf 89' lang='lat'>:</span> <span class='ocrx_word' id='word_1_177' title='bbox 2633 801 2687 846; x_wconf 91' lang='lat' dir='ltr'><strong>et</strong></span> <span class='ocrx_word' id='word_1_178' title='bbox 2715 809 2834 847; x_wconf 91' lang='lat' dir='ltr'><strong>cum</strong></span> <span class='ocrx_word' id='word_1_179' title='bbox 2867 793 3144 846; x_wconf 78' lang='lat' dir='ltr'><strong>invisibilis</strong></span> <span class='ocrx_word' id='word_1_180' title='bbox 3171 793 3224 846; x_wconf 87' lang='lat' dir='ltr'><strong>in</strong></span> <span class='ocrx_word' id='word_1_181' title='bbox 3253 796 3363 847; x_wconf 87' lang='lat' dir='ltr'><strong>suis</strong></span> <span class='ocrx_word' id='word_1_182' title='bbox 3385 802 3548 858; x_wconf 82' lang='lat' dir='ltr'><strong>esset,</strong></span> <span class='ocrx_word' id='word_1_183' title='bbox 3570 795 3650 850; x_wconf 72' lang='grc' dir='ltr'>νίο</span> 
     </span>
    </p>
   </div>
   <div class='ocr_carea' id='block_1_25' title="bbox 2088 873 3650 950">
    <p class='ocr_par' dir='ltr' id='par_1_25' title="bbox 2088 873 3650 950">
     <span class='ocr_line' id='line_1_25' title="bbox 2088 873 3650 950; baseline 0.001 -12"><span class='ocrx_word' id='word_1_184' title='bbox 2088 873 2254 938; x_wconf 82' lang='lat' dir='ltr'><strong>sibilis</strong></span> <span class='ocrx_word' id='word_1_185' title='bbox 2279 882 2445 936; x_wconf 78' lang='lat' dir='ltr'><strong>Iactus</strong></span> <span class='ocrx_word' id='word_1_186' title='bbox 2472 890 2552 935; x_wconf 90' lang='lat' dir='ltr'><strong>est</strong></span> <span class='ocrx_word' id='word_1_187' title='bbox 2583 883 2632 934; x_wconf 90' lang='lat' dir='ltr'><strong>in</strong></span> <span class='ocrx_word' id='word_1_188' title='bbox 2665 883 2862 935; x_wconf 73' lang='lat' dir='ltr'><strong>uestris</strong></span> <span class='ocrx_word' id='word_1_189' title='bbox 2887 899 2900 934; x_wconf 92' lang='lat'><strong>:</strong></span> <span class='ocrx_word' id='word_1_190' title='bbox 2926 889 2979 934; x_wconf 91' lang='lat' dir='ltr'><strong>ct</strong></span> <span class='ocrx_word' id='word_1_191' title='bbox 3001 897 3118 935; x_wconf 72' lang='lat' dir='ltr'><strong>cuun</strong></span> <span class='ocrx_word' id='word_1_192' title='bbox 3151 880 3490 950; x_wconf 83' lang='lat' dir='ltr'><strong>impassihilis</strong></span> <span class='ocrx_word' id='word_1_193' title='bbox 3510 883 3650 950; x_wconf 73' lang='lat' dir='ltr'><strong>Deus</strong></span> 
     </span>
    </p>
   </div>
   <div class='ocr_carea' id='block_1_26' title="bbox 2089 973 3651 1040">
    <p class='ocr_par' dir='ltr' id='par_1_26' title="bbox 2089 973 3651 1040">
     <span class='ocr_line' id='line_1_26' title="bbox 2089 973 3651 1040; baseline 0.001 -13"><span class='ocrx_word' id='word_1_194' title='bbox 2089 981 2248 1032; x_wconf 66' lang='lat' dir='ltr'><strong>esset.</strong></span> <span class='ocrx_word' id='word_1_195' title='bbox 2279 989 2386 1026; x_wconf 87' lang='lat' dir='ltr'><strong>non</strong></span> <span class='ocrx_word' id='word_1_196' title='bbox 2427 973 2740 1039; x_wconf 81' lang='lat' dir='ltr'><strong>dedignatus</strong></span> <span class='ocrx_word' id='word_1_197' title='bbox 2767 979 2849 1026; x_wconf 86' lang='lat' dir='ltr'><strong>est</strong></span> <span class='ocrx_word' id='word_1_198' title='bbox 2888 973 3152 1040; x_wconf 82' lang='lat' dir='ltr'><strong>passibilis</strong></span> <span class='ocrx_word' id='word_1_199' title='bbox 3182 988 3301 1026; x_wconf 54' lang='lat' dir='ltr'><strong>esse</strong></span> <span class='ocrx_word' id='word_1_200' title='bbox 3340 975 3500 1028; x_wconf 89' lang='lat' dir='ltr'><strong>homo</strong></span> <span class='ocrx_word' id='word_1_201' title='bbox 3522 1014 3540 1038; x_wconf 94' lang='lat'><strong>,</strong></span> <span class='ocrx_word' id='word_1_202' title='bbox 3593 984 3651 1029; x_wconf 89' lang='lat' dir='ltr'><strong>et</strong></span> 
     </span>
    </p>
   </div>
   <div class='ocr_carea' id='block_1_27' title="bbox 2089 1060 3646 1131">
    <p class='ocr_par' dir='ltr' id='par_1_27' title="bbox 2089 1060 3646 1131">
     <span class='ocr_line' id='line_1_27' title="bbox 2089 1060 3646 1131; baseline 0.001 -15"><span class='ocrx_word' id='word_1_203' title='bbox 2089 1063 2423 1127; x_wconf 70' lang='lat' dir='ltr'><strong>immortalis,</strong></span> <span class='ocrx_word' id='word_1_204' title='bbox 2455 1062 2642 1114; x_wconf 82' lang='lat' dir='ltr'><strong>mmtis</strong></span> <span class='ocrx_word' id='word_1_205' title='bbox 2671 1061 2872 1127; x_wconf 76' lang='lat' dir='ltr'><strong>legibus</strong></span> <span class='ocrx_word' id='word_1_206' title='bbox 2912 1061 3206 1128; x_wconf 80' lang='lat' dir='ltr'><strong>subjacere.</strong></span> <span class='ocrx_word' id='word_1_207' title='bbox 3237 1060 3434 1126; x_wconf 86' lang='lat' dir='ltr'><strong>Istum,</strong></span> <span class='ocrx_word' id='word_1_208' title='bbox 3476 1063 3566 1131; x_wconf 91' lang='lat' dir='ltr'><strong>qui</strong></span> <span class='ocrx_word' id='word_1_209' title='bbox 3594 1066 3646 1118; x_wconf 89' lang='lat' dir='ltr'><strong>in</strong></span> 
     </span>
    </p>
   </div>
   <div class='ocr_carea' id='block_1_28' title="bbox 2089 1151 3649 1209">
    <p class='ocr_par' dir='ltr' id='par_1_28' title="bbox 2089 1151 3649 1209">
     <span class='ocr_line' id='line_1_28' title="bbox 2089 1151 3649 1209; baseline 0.001 -3"><span class='ocrx_word' id='word_1_210' title='bbox 2089 1153 2399 1206; x_wconf 85' lang='lat' dir='ltr'><strong>Betblchem</strong></span> <span class='ocrx_word' id='word_1_211' title='bbox 2417 1153 2482 1205; x_wconf 86' lang='lat' dir='ltr'><strong>de</strong></span> <span class='ocrx_word' id='word_1_212' title='bbox 2505 1153 2710 1206; x_wconf 79' lang='lat' dir='ltr'><strong>semine</strong></span> <span class='ocrx_word' id='word_1_213' title='bbox 2738 1151 2900 1205; x_wconf 88' lang='lat' dir='ltr'><strong>David</strong></span> <span class='ocrx_word' id='word_1_214' title='bbox 2926 1162 3082 1206; x_wconf 80' lang='lat' dir='ltr'><strong>natus</strong></span> <span class='ocrx_word' id='word_1_215' title='bbox 3107 1161 3190 1207; x_wconf 87' lang='lat' dir='ltr'><strong>est</strong></span> <span class='ocrx_word' id='word_1_216' title='bbox 3216 1154 3504 1207; x_wconf 64' lang='lat' dir='ltr'><strong>sccundum</strong></span> <span class='ocrx_word' id='word_1_217' title='bbox 3531 1169 3649 1209; x_wconf 87' lang='lat' dir='ltr'><strong>car-</strong></span> 
     </span>
    </p>
   </div>
   <div class='ocr_carea' id='block_1_29' title="bbox 2089 1238 3646 1304">
    <p class='ocr_par' dir='ltr' id='par_1_29' title="bbox 2089 1238 3646 1304">
     <span class='ocr_line' id='line_1_29' title="bbox 2089 1238 3646 1304; baseline 0.001 -11"><span class='ocrx_word' id='word_1_218' title='bbox 2089 1256 2230 1304; x_wconf 90' lang='lat' dir='ltr'><strong>nem,</strong></span> <span class='ocrx_word' id='word_1_219' title='bbox 2261 1247 2316 1294; x_wconf 89' lang='lat' dir='ltr'><strong>et</strong></span> <span class='ocrx_word' id='word_1_220' title='bbox 2345 1241 2531 1294; x_wconf 89' lang='lat' dir='ltr'><strong>similis</strong></span> <span class='ocrx_word' id='word_1_221' title='bbox 2577 1238 2747 1291; x_wconf 79' lang='lat' dir='ltr'><strong>factus</strong></span> <span class='ocrx_word' id='word_1_222' title='bbox 2791 1239 3116 1303; x_wconf 85' lang='lat' dir='ltr'><strong>hominibus,</strong></span> <span class='ocrx_word' id='word_1_223' title='bbox 3163 1251 3217 1293; x_wconf 88' lang='lat' dir='ltr'><strong>et</strong></span> <span class='ocrx_word' id='word_1_224' title='bbox 3260 1239 3544 1294; x_wconf 80' lang='lat' dir='ltr'><strong>cruciﬁxus</strong></span> <span class='ocrx_word' id='word_1_225' title='bbox 3568 1249 3646 1294; x_wconf 91' lang='lat' dir='ltr'><strong>est</strong></span> 
     </span>
    </p>
   </div>
   <div class='ocr_carea' id='block_1_30' title="bbox 2088 1325 3647 1396">
    <p class='ocr_par' dir='ltr' id='par_1_30' title="bbox 2088 1325 3647 1396">
     <span class='ocr_line' id='line_1_30' title="bbox 2088 1325 3647 1396; baseline 0.001 -16"><span class='ocrx_word' id='word_1_226' title='bbox 2088 1342 2186 1396; x_wconf 89' lang='lat' dir='ltr'><strong>pro</strong></span> <span class='ocrx_word' id='word_1_227' title='bbox 2231 1327 2532 1381; x_wconf 82' lang='lat' dir='ltr'><strong>hominibus</strong></span> <span class='ocrx_word' id='word_1_228' title='bbox 2575 1326 2673 1379; x_wconf 85' lang='lat' dir='ltr'><strong>sub</strong></span> <span class='ocrx_word' id='word_1_229' title='bbox 2719 1325 2910 1380; x_wconf 84' lang='lat' dir='ltr'><strong>Pontio</strong></span> <span class='ocrx_word' id='word_1_230' title='bbox 2959 1327 3170 1390; x_wconf 85' lang='lat' dir='ltr'><strong>Pilato,</strong></span> <span class='ocrx_word' id='word_1_231' title='bbox 3225 1328 3647 1396; x_wconf 71' lang='lat' dir='ltr'><strong>prredicaveruut</strong></span> 
     </span>
    </p>
   </div>
   <div class='ocr_carea' id='block_1_31' title="bbox 2089 1415 3642 1487">
    <p class='ocr_par' dir='ltr' id='par_1_31' title="bbox 2089 1415 3642 1487">
     <span class='ocr_line' id='line_1_31' title="bbox 2089 1415 3642 1487; baseline 0 -14"><span class='ocrx_word' id='word_1_232' title='bbox 2089 1419 2258 1474; x_wconf 84' lang='lat' dir='ltr'><strong>sancti</strong></span> <span class='ocrx_word' id='word_1_233' title='bbox 2296 1415 2522 1487; x_wconf 84' lang='lat' dir='ltr'><strong>apostoli</strong></span> <span class='ocrx_word' id='word_1_234' title='bbox 2553 1418 2724 1486; x_wconf 86' lang='lat' dir='ltr'><strong>ipsum</strong></span> <span class='ocrx_word' id='word_1_235' title='bbox 2763 1431 2881 1471; x_wconf 86' lang='lat' dir='ltr'><strong>esse</strong></span> <span class='ocrx_word' id='word_1_236' title='bbox 2911 1416 3071 1470; x_wconf 87' lang='lat' dir='ltr'><strong>Deum</strong></span> <span class='ocrx_word' id='word_1_237' title='bbox 3091 1459 3104 1480; x_wconf 91' lang='lat'><strong>,</strong></span> <span class='ocrx_word' id='word_1_238' title='bbox 3139 1417 3310 1486; x_wconf 88' lang='lat' dir='ltr'><strong>ipsum</strong></span> <span class='ocrx_word' id='word_1_239' title='bbox 3339 1417 3642 1479; x_wconf 84' lang='lat' dir='ltr'><strong>hominem;</strong></span> 
     </span>
    </p>
   </div>
   <div class='ocr_carea' id='block_1_32' title="bbox 2091 1505 3644 1578">
    <p class='ocr_par' dir='ltr' id='par_1_32' title="bbox 2091 1505 3644 1578">
     <span class='ocr_line' id='line_1_32' title="bbox 2091 1505 3644 1578; baseline 0.002 -18"><span class='ocrx_word' id='word_1_240' title='bbox 2091 1508 2260 1578; x_wconf 90' lang='lat' dir='ltr'><strong>ipsum</strong></span> <span class='ocrx_word' id='word_1_241' title='bbox 2300 1505 2488 1561; x_wconf 88' lang='lat' dir='ltr'><strong>Filium</strong></span> <span class='ocrx_word' id='word_1_242' title='bbox 2531 1506 2644 1574; x_wconf 87' lang='lat' dir='ltr'><strong>Dei,</strong></span> <span class='ocrx_word' id='word_1_243' title='bbox 2676 1506 2848 1575; x_wconf 86' lang='lat' dir='ltr'><strong>ipsum</strong></span> <span class='ocrx_word' id='word_1_244' title='bbox 2878 1505 3040 1559; x_wconf 82' lang='lat' dir='ltr'><strong>hlium</strong></span> <span class='ocrx_word' id='word_1_245' title='bbox 3073 1507 3340 1570; x_wconf 76' lang='lat' dir='ltr'><strong>hominis;</strong></span> <span class='ocrx_word' id='word_1_246' title='bbox 3381 1507 3552 1576; x_wconf 86' lang='lat' dir='ltr'><strong>ipsqu</strong></span> <span class='ocrx_word' id='word_1_247' title='bbox 3579 1508 3644 1563; x_wconf 80' lang='lat' dir='ltr'><strong>de</strong></span> 
     </span>
    </p>
   </div>
   <div class='ocr_carea' id='block_1_33' title="bbox 2091 1593 3642 1664">
    <p class='ocr_par' dir='ltr' id='par_1_33' title="bbox 2091 1593 3642 1664">
     <span class='ocr_line' id='line_1_33' title="bbox 2091 1593 3642 1664; baseline -0.001 -14"><span class='ocrx_word' id='word_1_248' title='bbox 2091 1595 2252 1659; x_wconf 60' lang='lat' dir='ltr'><strong>celo,</strong></span> <span class='ocrx_word' id='word_1_249' title='bbox 2277 1594 2446 1662; x_wconf 89' lang='lat' dir='ltr'><strong>ipsum</strong></span> <span class='ocrx_word' id='word_1_250' title='bbox 2484 1593 2552 1648; x_wconf 89' lang='lat' dir='ltr'><strong>de</strong></span> <span class='ocrx_word' id='word_1_251' title='bbox 2593 1602 2771 1660; x_wconf 89' lang='lat' dir='ltr'><strong>terra;</strong></span> <span class='ocrx_word' id='word_1_252' title='bbox 2822 1593 2992 1662; x_wconf 80' lang='lat' dir='ltr'><strong>ipsum</strong></span> <span class='ocrx_word' id='word_1_253' title='bbox 3035 1593 3444 1662; x_wconf 73' lang='lat' dir='ltr'><strong>impassibilem.</strong></span> <span class='ocrx_word' id='word_1_254' title='bbox 3475 1595 3642 1664; x_wconf 83' lang='lat' dir='ltr'><strong>ipsum</strong></span> 
     </span>
    </p>
   </div>
   <div class='ocr_carea' id='block_1_34' title="bbox 429 1683 1987 1764">
    <p class='ocr_par' dir='ltr' id='par_1_34' title="bbox 429 1685 1984 1764">
     <span class='ocr_line' id='line_1_34' title="bbox 429 1685 1984 1764; baseline -0.005 -17"><span class='ocrx_word' id='word_1_255' title='bbox 429 1701 554 1748; x_wconf 83' lang='grc' dir='ltr'><strong>Θεοῦ</strong></span> <span class='ocrx_word' id='word_1_256' title='bbox 585 1693 752 1764; x_wconf 78' lang='grc' dir='ltr'>γενὲσο</span> <span class='ocrx_word' id='word_1_257' title='bbox 788 1717 820 1744; x_wconf 87' lang='grc' dir='ltr'>ι.</span> <span class='ocrx_word' id='word_1_258' title='bbox 840 1709 858 1740; x_wconf 70' lang='grc' dir='ltr'><strong>ε</strong></span> <span class='ocrx_word' id='word_1_259' title='bbox 881 1689 1025 1742; x_wconf 78' lang='grc' dir='ltr'><strong>Ὅθεν</strong></span> <span class='ocrx_word' id='word_1_260' title='bbox 1055 1692 1136 1742; x_wconf 87' lang='grc' dir='ltr'><strong>καί</strong></span> <span class='ocrx_word' id='word_1_261' title='bbox 1158 1690 1366 1742; x_wconf 73' lang='grc' dir='ltr'>θανάτου</span> <span class='ocrx_word' id='word_1_262' title='bbox 1396 1689 1525 1740; x_wconf 82' lang='grc' dir='ltr'>κατὰ</span> <span class='ocrx_word' id='word_1_263' title='bbox 1553 1688 1714 1759; x_wconf 77' lang='grc' dir='ltr'>σάρκα</span> <span class='ocrx_word' id='word_1_264' title='bbox 1733 1689 1932 1756; x_wconf 77' lang='grc' dir='ltr'>γεύεται</span> <span class='ocrx_word' id='word_1_265' title='bbox 1959 1685 1984 1740; x_wconf 74' lang='grc' dir='ltr'><em>ὅ</em></span> 
     </span>
    </p>
   </div>
   <div class='ocr_carea' id='block_1_35' title="bbox 2088 1683 3641 1764">
    <p class='ocr_par' dir='ltr' id='par_1_35' title="bbox 2091 1683 3641 1754">
     <span class='ocr_line' id='line_1_35' title="bbox 2091 1683 3641 1754; baseline 0.001 -16"><span class='ocrx_word' id='word_1_266' title='bbox 2091 1685 2412 1754; x_wconf 81' lang='lat' dir='ltr'><strong>passibilem.</strong></span> <span class='ocrx_word' id='word_1_267' title='bbox 2440 1685 2579 1738; x_wconf 85' lang='lat' dir='ltr'><strong>Deus</strong></span> <span class='ocrx_word' id='word_1_268' title='bbox 2607 1685 2746 1738; x_wconf 92' lang='lat' dir='ltr'><strong>enim</strong></span> <span class='ocrx_word' id='word_1_269' title='bbox 2776 1683 3028 1748; x_wconf 76' lang='lat' dir='ltr'><strong>Verbum,</strong></span> <span class='ocrx_word' id='word_1_270' title='bbox 3060 1684 3150 1751; x_wconf 85' lang='lat' dir='ltr'><strong>qui</strong></span> <span class='ocrx_word' id='word_1_271' title='bbox 3182 1693 3336 1738; x_wconf 89' lang='lat' dir='ltr'><strong>natus</strong></span> <span class='ocrx_word' id='word_1_272' title='bbox 3363 1692 3444 1740; x_wconf 87' lang='lat' dir='ltr'><strong>est</strong></span> <span class='ocrx_word' id='word_1_273' title='bbox 3463 1684 3641 1740; x_wconf 57' lang='lat' dir='ltr'><strong>desuro</strong></span> 
     </span>
    </p>
   </div>
   <div class='ocr_carea' id='block_1_36' title="bbox 425 1775 1984 1848">
    <p class='ocr_par' dir='ltr' id='par_1_36' title="bbox 425 1775 1984 1848">
     <span class='ocr_line' id='line_1_36' title="bbox 425 1775 1984 1848; baseline -0.007 -11"><span class='ocrx_word' id='word_1_274' title='bbox 425 1784 534 1842; x_wconf 79' lang='grc' dir='ltr'>υίὸς</span> <span class='ocrx_word' id='word_1_275' title='bbox 571 1787 662 1837; x_wconf 86' lang='grc' dir='ltr'><strong>τοῦ</strong></span> <span class='ocrx_word' id='word_1_276' title='bbox 690 1785 818 1836; x_wconf 83' lang='grc' dir='ltr'>Θεοῦ</span> <span class='ocrx_word' id='word_1_277' title='bbox 858 1779 940 1832; x_wconf 69' lang='grc' dir='ltr'>διὰ</span> <span class='ocrx_word' id='word_1_278' title='bbox 968 1781 1049 1832; x_wconf 87' lang='grc' dir='ltr'><strong>τόν</strong></span> <span class='ocrx_word' id='word_1_279' title='bbox 1090 1778 1324 1848; x_wconf 80' lang='grc' dir='ltr'>σαρκικὸν</span> <span class='ocrx_word' id='word_1_280' title='bbox 1366 1777 1518 1830; x_wconf 75' lang='grc' dir='ltr'>αὐτοῦ</span> <span class='ocrx_word' id='word_1_281' title='bbox 1559 1776 1788 1848; x_wconf 81' lang='grc' dir='ltr'>πατέρα,</span> <span class='ocrx_word' id='word_1_282' title='bbox 1829 1775 1910 1830; x_wconf 83' lang='grc' dir='ltr'>ἵνα</span> <span class='ocrx_word' id='word_1_283' title='bbox 1943 1775 1984 1826; x_wconf 75' lang='grc' dir='ltr'>οἱ</span> 
     </span>
    </p>
   </div>
   <div class='ocr_carea' id='block_1_37' title="bbox 427 1861 1988 1946">
    <p class='ocr_par' dir='ltr' id='par_1_37' title="bbox 427 1861 1988 1946">
     <span class='ocr_line' id='line_1_37' title="bbox 427 1861 1988 1946; baseline -0.007 -20"><span class='ocrx_word' id='word_1_284' title='bbox 427 1875 527 1926; x_wconf 80' lang='grc' dir='ltr'>υἱοί</span> <span class='ocrx_word' id='word_1_285' title='bbox 562 1877 654 1926; x_wconf 85' lang='grc' dir='ltr'><strong>τοῦ</strong></span> <span class='ocrx_word' id='word_1_286' title='bbox 682 1870 938 1946; x_wconf 46' lang='grc' dir='ltr'>άνθτώπου</span> <span class='ocrx_word' id='word_1_287' title='bbox 969 1875 1056 1926; x_wconf 77' lang='grc' dir='ltr'>τῆς</span> <span class='ocrx_word' id='word_1_288' title='bbox 1086 1871 1218 1930; x_wconf 77' lang='grc' dir='ltr'>ζωῆς</span> <span class='ocrx_word' id='word_1_289' title='bbox 1257 1867 1412 1918; x_wconf 72' lang='grc' dir='ltr'>αὐτοῦ</span> <span class='ocrx_word' id='word_1_290' title='bbox 1449 1864 1771 1934; x_wconf 61' lang='grc' dir='ltr'>μεταζιάξωσι</span> <span class='ocrx_word' id='word_1_291' title='bbox 1798 1861 1878 1918; x_wconf 81' lang='grc' dir='ltr'>διὰ</span> <span class='ocrx_word' id='word_1_292' title='bbox 1905 1864 1988 1917; x_wconf 84' lang='grc' dir='ltr'>τὸν</span> 
     </span>
    </p>
   </div>
   <div class='ocr_carea' id='block_1_38' title="bbox 426 1947 1988 2031">
    <p class='ocr_par' dir='ltr' id='par_1_38' title="bbox 426 1947 1988 2031">
     <span class='ocr_line' id='line_1_38' title="bbox 426 1947 1988 2031; baseline -0.006 -15"><span class='ocrx_word' id='word_1_293' title='bbox 426 1964 553 2016; x_wconf 84' lang='grc' dir='ltr'>κατά</span> <span class='ocrx_word' id='word_1_294' title='bbox 578 1967 774 2031; x_wconf 77' lang='grc' dir='ltr'>πνεῦμα</span> <span class='ocrx_word' id='word_1_295' title='bbox 803 1961 960 2012; x_wconf 63' lang='grc' dir='ltr'>αὐτῶν</span> <span class='ocrx_word' id='word_1_296' title='bbox 1001 1957 1192 2030; x_wconf 83' lang='grc' dir='ltr'>πατέρα</span> <span class='ocrx_word' id='word_1_297' title='bbox 1225 1956 1308 2010; x_wconf 79' lang='grc' dir='ltr'>τὸν</span> <span class='ocrx_word' id='word_1_298' title='bbox 1349 1955 1485 2008; x_wconf 76' lang='grc' dir='ltr'>Θεὸν.</span> <span class='ocrx_word' id='word_1_299' title='bbox 1537 1954 1690 2014; x_wconf 75' lang='grc' dir='ltr'>Αὐτὸς</span> <span class='ocrx_word' id='word_1_300' title='bbox 1735 1947 1823 2006; x_wconf 64' lang='grc' dir='ltr'>οὖν</span> <span class='ocrx_word' id='word_1_301' title='bbox 1863 1953 1988 2006; x_wconf 83' lang='grc' dir='ltr'>κατά</span> 
     </span>
    </p>
   </div>
   <div class='ocr_carea' id='block_1_39' title="bbox 425 2043 1988 2122">
    <p class='ocr_par' dir='ltr' id='par_1_39' title="bbox 425 2043 1988 2122">
     <span class='ocr_line' id='line_1_39' title="bbox 425 2043 1988 2122; baseline -0.007 -17"><span class='ocrx_word' id='word_1_302' title='bbox 425 2053 572 2122; x_wconf 73' lang='grc' dir='ltr'>φύσιν</span> <span class='ocrx_word' id='word_1_303' title='bbox 597 2051 704 2109; x_wconf 72' lang='grc' dir='ltr'>υίὸς</span> <span class='ocrx_word' id='word_1_304' title='bbox 731 2051 835 2103; x_wconf 73' lang='grc' dir='ltr'>ἔστι</span> <span class='ocrx_word' id='word_1_305' title='bbox 860 2053 946 2101; x_wconf 87' lang='grc' dir='ltr'><strong>τοῦ</strong></span> <span class='ocrx_word' id='word_1_306' title='bbox 983 2053 1126 2107; x_wconf 83' lang='grc' dir='ltr'>Θεοῦ,</span> <span class='ocrx_word' id='word_1_307' title='bbox 1171 2048 1318 2118; x_wconf 73' lang='grc' dir='ltr'>ἡμεῖς</span> <span class='ocrx_word' id='word_1_308' title='bbox 1346 2046 1478 2098; x_wconf 85' lang='grc' dir='ltr'><strong>κατὰ</strong></span> <span class='ocrx_word' id='word_1_309' title='bbox 1506 2045 1682 2116; x_wconf 80' lang='grc' dir='ltr'>χάριν.</span> <span class='ocrx_word' id='word_1_310' title='bbox 1727 2045 1817 2096; x_wconf 73' lang='grc' dir='ltr'>Καί</span> <span class='ocrx_word' id='word_1_311' title='bbox 1837 2043 1988 2096; x_wconf 71' lang='grc' dir='ltr'>πάλιν</span> 
     </span>
    </p>
   </div>
   <div class='ocr_carea' id='block_1_40' title="bbox 427 2133 1984 2209">
    <p class='ocr_par' dir='ltr' id='par_1_40' title="bbox 427 2133 1984 2209">
     <span class='ocr_line' id='line_1_40' title="bbox 427 2133 1984 2209; baseline -0.007 -13"><span class='ocrx_word' id='word_1_312' title='bbox 427 2144 578 2200; x_wconf 80' lang='grc' dir='ltr'>αὐτὸς</span> <span class='ocrx_word' id='word_1_313' title='bbox 599 2141 704 2194; x_wconf 75' lang='grc' dir='ltr'>κατ’</span> <span class='ocrx_word' id='word_1_314' title='bbox 731 2140 1005 2209; x_wconf 68' lang='grc' dir='ltr'>οἰκονομίαν</span> <span class='ocrx_word' id='word_1_315' title='bbox 1029 2141 1114 2191; x_wconf 85' lang='grc' dir='ltr'><strong>καί</strong></span> <span class='ocrx_word' id='word_1_316' title='bbox 1135 2136 1197 2192; x_wconf 82' lang='grc' dir='ltr'>δι’</span> <span class='ocrx_word' id='word_1_317' title='bbox 1221 2139 1355 2196; x_wconf 60' lang='lat' dir='ltr'><strong>trimi;</strong></span> <span class='ocrx_word' id='word_1_318' title='bbox 1379 2136 1486 2194; x_wconf 75' lang='grc' dir='ltr'>υῗὸς</span> <span class='ocrx_word' id='word_1_319' title='bbox 1510 2137 1678 2206; x_wconf 81' lang='grc' dir='ltr'>γέγονε</span> <span class='ocrx_word' id='word_1_320' title='bbox 1705 2142 1792 2190; x_wconf 80' lang='grc' dir='ltr'><strong>τοῦ</strong></span> <span class='ocrx_word' id='word_1_321' title='bbox 1813 2133 1984 2204; x_wconf 67' lang='grc' dir='ltr'>Ἀδάμ,</span> 
     </span>
    </p>
   </div>
   <div class='ocr_carea' id='block_1_41' title="bbox 427 2224 1985 2299">
    <p class='ocr_par' dir='ltr' id='par_1_41' title="bbox 427 2224 1985 2299">
     <span class='ocr_line' id='line_1_41' title="bbox 427 2224 1985 2299; baseline -0.005 -15"><span class='ocrx_word' id='word_1_322' title='bbox 427 2232 568 2298; x_wconf 71' lang='grc' dir='ltr'>ἡμεῖς</span> <span class='ocrx_word' id='word_1_323' title='bbox 599 2228 651 2283; x_wconf 72' lang='grc' dir='ltr'><strong>δέ</strong></span> <span class='ocrx_word' id='word_1_324' title='bbox 679 2230 809 2282; x_wconf 79' lang='grc' dir='ltr'>κατὰ</span> <span class='ocrx_word' id='word_1_325' title='bbox 849 2229 996 2299; x_wconf 74' lang='grc' dir='ltr'>φύσιν</span> <span class='ocrx_word' id='word_1_326' title='bbox 1025 2226 1174 2297; x_wconf 77' lang='grc' dir='ltr'>ἐσμὲν</span> <span class='ocrx_word' id='word_1_327' title='bbox 1210 2227 1312 2279; x_wconf 82' lang='grc' dir='ltr'>υίοί</span> <span class='ocrx_word' id='word_1_328' title='bbox 1339 2231 1427 2280; x_wconf 82' lang='grc' dir='ltr'><strong>τοῦ</strong></span> <span class='ocrx_word' id='word_1_329' title='bbox 1458 2224 1636 2294; x_wconf 81' lang='grc' dir='ltr'>’Δδάμ.</span> <span class='ocrx_word' id='word_1_330' title='bbox 1681 2229 1849 2298; x_wconf 73' lang='grc' dir='ltr'>Πατήρ</span> <span class='ocrx_word' id='word_1_331' title='bbox 1887 2227 1985 2299; x_wconf 83' lang='grc' dir='ltr'><strong>γάρ</strong></span> 
     </span>
    </p>
   </div>
   <div class='ocr_carea' id='block_1_42' title="bbox 425 2316 1983 2390">
    <p class='ocr_par' dir='ltr' id='par_1_42' title="bbox 425 2316 1983 2390">
     <span class='ocr_line' id='line_1_42' title="bbox 425 2316 1983 2390; baseline -0.004 -14"><span class='ocrx_word' id='word_1_332' title='bbox 425 2322 578 2376; x_wconf 62' lang='grc' dir='ltr'>αὗτοῦ</span> <span class='ocrx_word' id='word_1_333' title='bbox 623 2321 757 2374; x_wconf 72' lang='grc' dir='ltr'>ἐστίν</span> <span class='ocrx_word' id='word_1_334' title='bbox 793 2319 817 2373; x_wconf 85' lang='grc' dir='ltr'><strong>ὃ</strong></span> <span class='ocrx_word' id='word_1_335' title='bbox 847 2319 969 2376; x_wconf 82' lang='grc' dir='ltr'>Θεὸς</span> <span class='ocrx_word' id='word_1_336' title='bbox 1011 2320 1144 2372; x_wconf 80' lang='grc' dir='ltr'>κατά</span> <span class='ocrx_word' id='word_1_337' title='bbox 1182 2322 1352 2390; x_wconf 75' lang='grc' dir='ltr'>φύσιν,</span> <span class='ocrx_word' id='word_1_338' title='bbox 1395 2319 1530 2386; x_wconf 76' lang='grc' dir='ltr'><strong>ἡμῶν</strong></span> <span class='ocrx_word' id='word_1_339' title='bbox 1557 2316 1608 2371; x_wconf 70' lang='grc' dir='ltr'><em>δέ</em></span> <span class='ocrx_word' id='word_1_340' title='bbox 1651 2319 1780 2370; x_wconf 86' lang='grc' dir='ltr'>κατά</span> <span class='ocrx_word' id='word_1_341' title='bbox 1807 2319 1983 2390; x_wconf 80' lang='grc' dir='ltr'>χάριν.</span> 
     </span>
    </p>
   </div>
   <div class='ocr_carea' id='block_1_43' title="bbox 430 2403 1984 2479">
    <p class='ocr_par' dir='ltr' id='par_1_43' title="bbox 430 2403 1984 2479">
     <span class='ocr_line' id='line_1_43' title="bbox 430 2403 1984 2479; baseline -0.002 -16"><span class='ocrx_word' id='word_1_342' title='bbox 430 2413 517 2462; x_wconf 80' lang='grc' dir='ltr'>Ιίαί</span> <span class='ocrx_word' id='word_1_343' title='bbox 539 2409 656 2467; x_wconf 82' lang='grc' dir='ltr'>Θεὸς</span> <span class='ocrx_word' id='word_1_344' title='bbox 681 2410 834 2460; x_wconf 82' lang='grc' dir='ltr'>αὐτοῦ</span> <span class='ocrx_word' id='word_1_345' title='bbox 877 2410 1042 2479; x_wconf 77' lang='grc' dir='ltr'>γέγονε</span> <span class='ocrx_word' id='word_1_346' title='bbox 1081 2407 1189 2461; x_wconf 69' lang='grc' dir='ltr'>κατ’</span> <span class='ocrx_word' id='word_1_347' title='bbox 1217 2411 1518 2475; x_wconf 79' lang='grc' dir='ltr'>οἰκονομίαν,</span> <span class='ocrx_word' id='word_1_348' title='bbox 1549 2404 1676 2460; x_wconf 76' lang='grc' dir='ltr'>διότι</span> <span class='ocrx_word' id='word_1_349' title='bbox 1703 2403 1984 2478; x_wconf 73' lang='grc' dir='ltr'>ἄνθρωπος,</span> 
     </span>
    </p>
   </div>
   <div class='ocr_carea' id='block_1_44' title="bbox 427 2495 1988 2570">
    <p class='ocr_par' dir='ltr' id='par_1_44' title="bbox 427 2495 1988 2570">
     <span class='ocr_line' id='line_1_44' title="bbox 427 2495 1988 2570; baseline 0.001 -20"><span class='ocrx_word' id='word_1_350' title='bbox 427 2501 562 2570; x_wconf 76' lang='grc' dir='ltr'><strong>ἡμῶν</strong></span> <span class='ocrx_word' id='word_1_351' title='bbox 599 2497 650 2552; x_wconf 80' lang='grc' dir='ltr'><em>δέ</em></span> <span class='ocrx_word' id='word_1_352' title='bbox 686 2501 808 2551; x_wconf 69' lang='grc' dir='ltr'>κκτίι</span> <span class='ocrx_word' id='word_1_353' title='bbox 855 2499 1000 2566; x_wconf 55' lang='grc' dir='ltr'>οὖσιν</span> <span class='ocrx_word' id='word_1_354' title='bbox 1043 2495 1291 2556; x_wconf 75' lang='grc' dir='ltr'>δεσπότης</span> <span class='ocrx_word' id='word_1_355' title='bbox 1333 2499 1442 2550; x_wconf 75' lang='grc' dir='ltr'>ἐστὶ</span> <span class='ocrx_word' id='word_1_356' title='bbox 1489 2501 1572 2550; x_wconf 85' lang='grc' dir='ltr'><strong>καί</strong></span> <span class='ocrx_word' id='word_1_357' title='bbox 1614 2498 1756 2556; x_wconf 86' lang='grc' dir='ltr'>Θεὸς.</span> <span class='ocrx_word' id='word_1_358' title='bbox 1790 2501 1877 2552; x_wconf 69' lang='grc' dir='ltr'><strong>Καὶ</strong></span> <span class='ocrx_word' id='word_1_359' title='bbox 1903 2497 1988 2552; x_wconf 81' lang='grc' dir='ltr'>διὰ</span> 
     </span>
    </p>
   </div>
   <div class='ocr_carea' id='block_1_45' title="bbox 426 2585 1988 2660">
    <p class='ocr_par' dir='ltr' id='par_1_45' title="bbox 426 2585 1988 2660">
     <span class='ocr_line' id='line_1_45' title="bbox 426 2585 1988 2660; baseline -0.001 -18"><span class='ocrx_word' id='word_1_360' title='bbox 426 2595 574 2642; x_wconf 83' lang='grc' dir='ltr'>τοῦτο</span> <span class='ocrx_word' id='word_1_361' title='bbox 603 2588 628 2640; x_wconf 87' lang='grc' dir='ltr'><strong>ὁ</strong></span> <span class='ocrx_word' id='word_1_362' title='bbox 655 2588 824 2657; x_wconf 75' lang='grc' dir='ltr'>λόγος,</span> <span class='ocrx_word' id='word_1_363' title='bbox 859 2585 917 2646; x_wconf 74' lang='grc' dir='ltr'>ὅς</span> <span class='ocrx_word' id='word_1_364' title='bbox 955 2587 1086 2640; x_wconf 83' lang='grc' dir='ltr'>ἐστιν</span> <span class='ocrx_word' id='word_1_365' title='bbox 1124 2586 1230 2640; x_wconf 68' lang='grc' dir='ltr'>υίὸς</span> <span class='ocrx_word' id='word_1_366' title='bbox 1254 2593 1341 2641; x_wconf 84' lang='grc' dir='ltr'><strong>τοῦ</strong></span> <span class='ocrx_word' id='word_1_367' title='bbox 1370 2592 1496 2641; x_wconf 84' lang='grc' dir='ltr'>Θεοῦ</span> <span class='ocrx_word' id='word_1_368' title='bbox 1536 2589 1749 2660; x_wconf 82' lang='grc' dir='ltr'>πατρὸς,</span> <span class='ocrx_word' id='word_1_369' title='bbox 1795 2587 1988 2647; x_wconf 75' lang='grc' dir='ltr'>ἔνωθείς</span> 
     </span>
    </p>
   </div>
   <div class='ocr_carea' id='block_1_46' title="bbox 428 2671 1990 2752">
    <p class='ocr_par' dir='ltr' id='par_1_46' title="bbox 428 2671 1990 2752">
     <span class='ocr_line' id='line_1_46' title="bbox 428 2671 1990 2752; baseline -0.002 -21"><span class='ocrx_word' id='word_1_370' title='bbox 428 2679 578 2752; x_wconf 76' lang='grc' dir='ltr'>σαρκί</span> <span class='ocrx_word' id='word_1_371' title='bbox 619 2677 782 2748; x_wconf 77' lang='grc' dir='ltr'>γέγονε</span> <span class='ocrx_word' id='word_1_372' title='bbox 810 2677 970 2750; x_wconf 72' lang='grc' dir='ltr'>σάρξ,</span> <span class='ocrx_word' id='word_1_373' title='bbox 995 2676 1078 2731; x_wconf 82' lang='grc' dir='ltr'>ἵνα</span> <span class='ocrx_word' id='word_1_374' title='bbox 1114 2674 1160 2728; x_wconf 90' lang='grc' dir='ltr'><strong>οί</strong></span> <span class='ocrx_word' id='word_1_375' title='bbox 1183 2671 1430 2748; x_wconf 78' lang='grc' dir='ltr'>ἄνθρωποι</span> <span class='ocrx_word' id='word_1_376' title='bbox 1457 2673 1706 2734; x_wconf 71' lang='grc' dir='ltr'>ίνωοίντες</span> <span class='ocrx_word' id='word_1_377' title='bbox 1738 2683 1810 2744; x_wconf 82' lang='grc' dir='ltr'>τῷ</span> <span class='ocrx_word' id='word_1_378' title='bbox 1839 2677 1990 2730; x_wconf 80' lang='grc' dir='ltr'>πνεύ-</span> 
     </span>
    </p>
   </div>
   <div class='ocr_carea' id='block_1_47' title="bbox 428 2759 1988 2838">
    <p class='ocr_par' dir='ltr' id='par_1_47' title="bbox 428 2759 1988 2838">
     <span class='ocr_line' id='line_1_47' title="bbox 428 2759 1988 2838; baseline 0.001 -20"><span class='ocrx_word' id='word_1_379' title='bbox 428 2787 569 2836; x_wconf 84' lang='grc' dir='ltr'>ματι.</span> <span class='ocrx_word' id='word_1_380' title='bbox 601 2766 834 2838; x_wconf 74' lang='grc' dir='ltr'>γένωνται</span> <span class='ocrx_word' id='word_1_381' title='bbox 859 2762 908 2817; x_wconf 75' lang='grc' dir='ltr'>ἓν</span> <span class='ocrx_word' id='word_1_382' title='bbox 934 2771 1150 2834; x_wconf 82' lang='grc' dir='ltr'>πνεῦμα.</span> <span class='ocrx_word' id='word_1_383' title='bbox 1178 2765 1329 2824; x_wconf 76' lang='grc' dir='ltr'>Αὐτὸς</span> <span class='ocrx_word' id='word_1_384' title='bbox 1354 2759 1439 2818; x_wconf 68' lang='grc' dir='ltr'>οὖν</span> <span class='ocrx_word' id='word_1_385' title='bbox 1471 2761 1496 2817; x_wconf 81' lang='grc' dir='ltr'><strong>ὅ</strong></span> <span class='ocrx_word' id='word_1_386' title='bbox 1522 2765 1736 2824; x_wconf 66' lang='grc' dir='ltr'>ἀληθινὸς</span> <span class='ocrx_word' id='word_1_387' title='bbox 1763 2766 1864 2825; x_wconf 64' lang='grc' dir='ltr'>ν’ὸι</span> <span class='ocrx_word' id='word_1_388' title='bbox 1899 2771 1988 2821; x_wconf 81' lang='grc' dir='ltr'><strong>τοῦ</strong></span> 
     </span>
    </p>
   </div>
   <div class='ocr_carea' id='block_1_48' title="bbox 429 2852 1990 2930">
    <p class='ocr_par' dir='ltr' id='par_1_48' title="bbox 429 2852 1990 2930">
     <span class='ocr_line' id='line_1_48' title="bbox 429 2852 1990 2930; baseline -0.001 -20"><span class='ocrx_word' id='word_1_389' title='bbox 429 2860 556 2910; x_wconf 88' lang='grc' dir='ltr'>Θεοῦ</span> <span class='ocrx_word' id='word_1_390' title='bbox 585 2857 702 2913; x_wconf 70' lang='grc' dir='ltr'>τοὺς</span> <span class='ocrx_word' id='word_1_391' title='bbox 721 2854 911 2916; x_wconf 79' lang='grc' dir='ltr'>πάντας</span> <span class='ocrx_word' id='word_1_392' title='bbox 935 2855 1067 2922; x_wconf 65' lang='grc' dir='ltr'><strong>ἡμᾶς</strong></span> <span class='ocrx_word' id='word_1_393' title='bbox 1091 2859 1246 2930; x_wconf 69' lang='grc' dir='ltr'>φορεῖ,</span> <span class='ocrx_word' id='word_1_394' title='bbox 1274 2853 1356 2907; x_wconf 80' lang='grc' dir='ltr'>ἵνα</span> <span class='ocrx_word' id='word_1_395' title='bbox 1382 2852 1427 2906; x_wconf 90' lang='grc' dir='ltr'><strong>οί</strong></span> <span class='ocrx_word' id='word_1_396' title='bbox 1457 2854 1636 2912; x_wconf 77' lang='grc' dir='ltr'>πάντας</span> <span class='ocrx_word' id='word_1_397' title='bbox 1661 2854 1745 2907; x_wconf 79' lang='grc' dir='ltr'>ἕνα</span> <span class='ocrx_word' id='word_1_398' title='bbox 1769 2855 1990 2928; x_wconf 74' lang='grc' dir='ltr'>φορέσω-</span> 
     </span>
    </p>
   </div>
   <div class='ocr_carea' id='block_1_49' title="bbox 428 2939 1982 3020">
    <p class='ocr_par' dir='ltr' id='par_1_49' title="bbox 428 2939 1982 3020">
     <span class='ocr_line' id='line_1_49' title="bbox 428 2939 1982 3020; baseline 0.001 -23"><span class='ocrx_word' id='word_1_399' title='bbox 428 2965 518 3016; x_wconf 82' lang='grc' dir='ltr'>μεν</span> <span class='ocrx_word' id='word_1_400' title='bbox 553 2945 701 3002; x_wconf 80' lang='grc' dir='ltr'>Θεὸν·</span> <span class='ocrx_word' id='word_1_401' title='bbox 733 2947 818 2997; x_wconf 84' lang='grc' dir='ltr'><strong>καί</strong></span> <span class='ocrx_word' id='word_1_402' title='bbox 841 2941 952 2997; x_wconf 68' lang='grc' dir='ltr'>ἔστι</span> <span class='ocrx_word' id='word_1_403' title='bbox 989 2947 1073 2996; x_wconf 80' lang='grc' dir='ltr'><strong>καί</strong></span> <span class='ocrx_word' id='word_1_404' title='bbox 1118 2945 1246 3014; x_wconf 84' lang='grc' dir='ltr'>μετά</span> <span class='ocrx_word' id='word_1_405' title='bbox 1269 2949 1359 3002; x_wconf 70' lang='grc' dir='ltr'>τήν</span> <span class='ocrx_word' id='word_1_406' title='bbox 1407 2939 1769 3020; x_wconf 71' lang='grc' dir='ltr'>ἐνανόρὼπησιν</span> <span class='ocrx_word' id='word_1_407' title='bbox 1803 2944 1870 3004; x_wconf 75' lang='grc' dir='ltr'>εἷς</span> <span class='ocrx_word' id='word_1_408' title='bbox 1897 2955 1982 3006; x_wconf 68' lang='grc' dir='ltr'><strong>τῆς</strong></span> 
     </span>
    </p>
   </div>
   <div class='ocr_carea' id='block_1_50' title="bbox 2086 1772 3639 1845">
    <p class='ocr_par' dir='ltr' id='par_1_50' title="bbox 2086 1772 3639 1845">
     <span class='ocr_line' id='line_1_50' title="bbox 2086 1772 3639 1845; baseline -0.001 -16"><span class='ocrx_word' id='word_1_409' title='bbox 2086 1789 2202 1829; x_wconf 92' lang='lat' dir='ltr'><strong>sum</strong></span> <span class='ocrx_word' id='word_1_410' title='bbox 2226 1789 2292 1827; x_wconf 80' lang='lat' dir='ltr'><strong>ex</strong></span> <span class='ocrx_word' id='word_1_411' title='bbox 2313 1773 2469 1828; x_wconf 87' lang='lat' dir='ltr'><strong>Patre</strong></span> <span class='ocrx_word' id='word_1_412' title='bbox 2495 1772 2853 1837; x_wconf 83' lang='lat' dir='ltr'><strong>ineﬂ&#39;abiliter,</strong></span> <span class='ocrx_word' id='word_1_413' title='bbox 2878 1773 3325 1836; x_wconf 73' lang='lat' dir='ltr'><strong>inenarrabiliter,</strong></span> <span class='ocrx_word' id='word_1_414' title='bbox 3350 1773 3639 1845; x_wconf 81' lang='lat' dir='ltr'><strong>incompre-</strong></span> 
     </span>
    </p>
   </div>
   <div class='ocr_carea' id='block_1_51' title="bbox 2085 1861 3638 1930">
    <p class='ocr_par' dir='ltr' id='par_1_51' title="bbox 2085 1861 3638 1930">
     <span class='ocr_line' id='line_1_51' title="bbox 2085 1861 3638 1930; baseline 0 -12"><span class='ocrx_word' id='word_1_415' title='bbox 2085 1863 2451 1926; x_wconf 90' lang='lat' dir='ltr'><strong>hensibiliter,</strong></span> <span class='ocrx_word' id='word_1_416' title='bbox 2501 1862 2855 1930; x_wconf 88' lang='lat' dir='ltr'><strong>scmpiterne,</strong></span> <span class='ocrx_word' id='word_1_417' title='bbox 2899 1861 3012 1930; x_wconf 87' lang='lat' dir='ltr'><strong>ipse</strong></span> <span class='ocrx_word' id='word_1_418' title='bbox 3039 1862 3092 1916; x_wconf 86' lang='lat' dir='ltr'><strong>in</strong></span> <span class='ocrx_word' id='word_1_419' title='bbox 3136 1870 3376 1930; x_wconf 75' lang='lat' dir='ltr'><strong>tempoie</strong></span> <span class='ocrx_word' id='word_1_420' title='bbox 3413 1864 3638 1920; x_wconf 80' lang='lat' dir='ltr'><strong>nascitur</strong></span> 
     </span>
    </p>
   </div>
   <div class='ocr_carea' id='block_1_52' title="bbox 2087 1948 3634 2018">
    <p class='ocr_par' dir='ltr' id='par_1_52' title="bbox 2087 1948 3634 2018">
     <span class='ocr_line' id='line_1_52' title="bbox 2087 1948 3634 2018; baseline -0.002 -12"><span class='ocrx_word' id='word_1_421' title='bbox 2087 1951 2336 2006; x_wconf 84' lang='lat' dir='ltr'><strong>deorsum</strong></span> <span class='ocrx_word' id='word_1_422' title='bbox 2363 1951 2432 2006; x_wconf 89' lang='lat' dir='ltr'><strong>de</strong></span> <span class='ocrx_word' id='word_1_423' title='bbox 2457 1949 2673 2017; x_wconf 86' lang='lat' dir='ltr'><strong>Virgine</strong></span> <span class='ocrx_word' id='word_1_424' title='bbox 2696 1948 2888 2012; x_wconf 82' lang='lat' dir='ltr'><strong>Maria,</strong></span> <span class='ocrx_word' id='word_1_425' title='bbox 2921 1956 2980 2002; x_wconf 92' lang='lat' dir='ltr'><strong>ut</strong></span> <span class='ocrx_word' id='word_1_426' title='bbox 3003 1950 3076 2003; x_wconf 89' lang='lat' dir='ltr'><strong>illi</strong></span> <span class='ocrx_word' id='word_1_427' title='bbox 3104 1949 3192 2018; x_wconf 85' lang='lat' dir='ltr'><strong>qui</strong></span> <span class='ocrx_word' id='word_1_428' title='bbox 3215 1949 3463 2004; x_wconf 87' lang='lat' dir='ltr'><strong>deorsum</strong></span> <span class='ocrx_word' id='word_1_429' title='bbox 3493 1951 3634 2018; x_wconf 60' lang='lat' dir='ltr'><strong>prius</strong></span> 
     </span>
    </p>
   </div>
   <div class='ocr_carea' id='block_1_53' title="bbox 2087 2036 3632 2106">
    <p class='ocr_par' dir='ltr' id='par_1_53' title="bbox 2087 2036 3632 2106">
     <span class='ocr_line' id='line_1_53' title="bbox 2087 2036 3632 2106; baseline -0.002 -12"><span class='ocrx_word' id='word_1_430' title='bbox 2087 2040 2198 2094; x_wconf 91' lang='lat' dir='ltr'><strong>nati</strong></span> <span class='ocrx_word' id='word_1_431' title='bbox 2223 2047 2368 2106; x_wconf 84' lang='lat' dir='ltr'><strong>sunt,</strong></span> <span class='ocrx_word' id='word_1_432' title='bbox 2397 2039 2672 2093; x_wconf 89' lang='lat' dir='ltr'><strong>desursum</strong></span> <span class='ocrx_word' id='word_1_433' title='bbox 2695 2037 2985 2092; x_wconf 89' lang='lat' dir='ltr'><strong>secundum</strong></span> <span class='ocrx_word' id='word_1_434' title='bbox 3007 2044 3374 2102; x_wconf 84' lang='lat' dir='ltr'><strong>nascerentur,</strong></span> <span class='ocrx_word' id='word_1_435' title='bbox 3395 2036 3447 2090; x_wconf 88' lang='lat' dir='ltr'><strong>id</strong></span> <span class='ocrx_word' id='word_1_436' title='bbox 3473 2046 3554 2090; x_wconf 83' lang='lat' dir='ltr'><strong>est</strong></span> <span class='ocrx_word' id='word_1_437' title='bbox 3573 2047 3632 2091; x_wconf 82' lang='lat' dir='ltr'><strong>ex</strong></span> 
     </span>
    </p>
   </div>
   <div class='ocr_carea' id='block_1_54' title="bbox 2089 2124 3639 2196">
    <p class='ocr_par' dir='ltr' id='par_1_54' title="bbox 2089 2124 3639 2196">
     <span class='ocr_line' id='line_1_54' title="bbox 2089 2124 3639 2196; baseline -0.004 -14"><span class='ocrx_word' id='word_1_438' title='bbox 2089 2128 2218 2182; x_wconf 86' lang='lat' dir='ltr'><strong>Deo.</strong></span> <span class='ocrx_word' id='word_1_439' title='bbox 2261 2127 2379 2196; x_wconf 85' lang='lat' dir='ltr'><strong>Ipse</strong></span> <span class='ocrx_word' id='word_1_440' title='bbox 2423 2127 2582 2196; x_wconf 89' lang='lat' dir='ltr'><strong>igitur</strong></span> <span class='ocrx_word' id='word_1_441' title='bbox 2609 2133 2834 2178; x_wconf 88' lang='lat' dir='ltr'><strong>matrem</strong></span> <span class='ocrx_word' id='word_1_442' title='bbox 2879 2124 3248 2178; x_wconf 87' lang='lat' dir='ltr'><strong>tantummodo</strong></span> <span class='ocrx_word' id='word_1_443' title='bbox 3279 2125 3442 2178; x_wconf 86' lang='lat' dir='ltr'><strong>habet</strong></span> <span class='ocrx_word' id='word_1_444' title='bbox 3484 2139 3639 2193; x_wconf 79' lang='lat' dir='ltr'><strong>super</strong></span> 
     </span>
    </p>
   </div>
   <div class='ocr_carea' id='block_1_55' title="bbox 2087 2215 3634 2286">
    <p class='ocr_par' dir='ltr' id='par_1_55' title="bbox 2087 2215 3634 2286">
     <span class='ocr_line' id='line_1_55' title="bbox 2087 2215 3634 2286; baseline -0.003 -13"><span class='ocrx_word' id='word_1_445' title='bbox 2087 2227 2304 2281; x_wconf 85' lang='lat' dir='ltr'><strong>terram,</strong></span> <span class='ocrx_word' id='word_1_446' title='bbox 2328 2225 2382 2272; x_wconf 85' lang='lat' dir='ltr'><strong>et</strong></span> <span class='ocrx_word' id='word_1_447' title='bbox 2405 2233 2502 2272; x_wconf 90' lang='lat' dir='ltr'><strong>nos</strong></span> <span class='ocrx_word' id='word_1_448' title='bbox 2522 2215 2887 2271; x_wconf 80' lang='lat' dir='ltr'><strong>tantummodo</strong></span> <span class='ocrx_word' id='word_1_449' title='bbox 2909 2222 3112 2286; x_wconf 84' lang='lat' dir='ltr'><strong>patrem</strong></span> <span class='ocrx_word' id='word_1_450' title='bbox 3133 2215 3395 2271; x_wconf 85' lang='lat' dir='ltr'><strong>habemus</strong></span> <span class='ocrx_word' id='word_1_451' title='bbox 3418 2216 3469 2268; x_wconf 89' lang='lat' dir='ltr'><strong>in</strong></span> <span class='ocrx_word' id='word_1_452' title='bbox 3485 2215 3634 2272; x_wconf 72' lang='lat' dir='ltr'><strong>cmlo.</strong></span> 
     </span>
    </p>
   </div>
   <div class='ocr_carea' id='block_1_56' title="bbox 2086 2307 3638 2377">
    <p class='ocr_par' dir='ltr' id='par_1_56' title="bbox 2086 2307 3638 2377">
     <span class='ocr_line' id='line_1_56' title="bbox 2086 2307 3638 2377; baseline -0.001 -15"><span class='ocrx_word' id='word_1_453' title='bbox 2086 2308 2218 2364; x_wconf 89' lang='lat' dir='ltr'><strong>Cum</strong></span> <span class='ocrx_word' id='word_1_454' title='bbox 2263 2309 2404 2363; x_wconf 90' lang='lat' dir='ltr'><strong>enim</strong></span> <span class='ocrx_word' id='word_1_455' title='bbox 2448 2308 2740 2377; x_wconf 83' lang='lat' dir='ltr'><strong>accepisset</strong></span> <span class='ocrx_word' id='word_1_456' title='bbox 2784 2307 3066 2362; x_wconf 90' lang='lat' dir='ltr'><strong>mortalem</strong></span> <span class='ocrx_word' id='word_1_457' title='bbox 3113 2318 3323 2376; x_wconf 88' lang='lat' dir='ltr'><strong>patrem</strong></span> <span class='ocrx_word' id='word_1_458' title='bbox 3372 2307 3638 2362; x_wconf 84' lang='lat' dir='ltr'><strong>hominum</strong></span> 
     </span>
    </p>
   </div>
   <div class='ocr_carea' id='block_1_57' title="bbox 2087 2389 3638 2463">
    <p class='ocr_par' dir='ltr' id='par_1_57' title="bbox 2087 2389 3638 2463">
     <span class='ocr_line' id='line_1_57' title="bbox 2087 2389 3638 2463; baseline -0.001 -11"><span class='ocrx_word' id='word_1_459' title='bbox 2087 2397 2276 2463; x_wconf 73' lang='lat' dir='ltr'><strong>Adam,</strong></span> <span class='ocrx_word' id='word_1_460' title='bbox 2317 2397 2462 2452; x_wconf 85' lang='lat' dir='ltr'><strong>dedit</strong></span> <span class='ocrx_word' id='word_1_461' title='bbox 2497 2397 2803 2452; x_wconf 86' lang='lat' dir='ltr'><strong>hominibus</strong></span> <span class='ocrx_word' id='word_1_462' title='bbox 2829 2389 2992 2451; x_wconf 82' lang='lat' dir='ltr'><strong>suum</strong></span> <span class='ocrx_word' id='word_1_463' title='bbox 3013 2395 3228 2450; x_wconf 87' lang='lat' dir='ltr'><strong>Patrem</strong></span> <span class='ocrx_word' id='word_1_464' title='bbox 3267 2396 3638 2460; x_wconf 87' lang='lat' dir='ltr'><strong>immortalem,</strong></span> 
     </span>
    </p>
   </div>
   <div class='ocr_carea' id='block_1_58' title="bbox 2088 2485 3640 2558">
    <p class='ocr_par' dir='ltr' id='par_1_58' title="bbox 2088 2485 3640 2558">
     <span class='ocr_line' id='line_1_58' title="bbox 2088 2485 3640 2558; baseline -0.001 -16"><span class='ocrx_word' id='word_1_465' title='bbox 2088 2487 2375 2542; x_wconf 79' lang='lat' dir='ltr'><strong>secundum</strong></span> <span class='ocrx_word' id='word_1_466' title='bbox 2413 2487 2517 2542; x_wconf 90' lang='lat' dir='ltr'><strong>hoc</strong></span> <span class='ocrx_word' id='word_1_467' title='bbox 2565 2485 2707 2556; x_wconf 91' lang='lat' dir='ltr'><strong>quod</strong></span> <span class='ocrx_word' id='word_1_468' title='bbox 2753 2486 2990 2540; x_wconf 83' lang='lat' dir='ltr'><strong>dicitur:</strong></span> <span class='ocrx_word' id='word_1_469' title='bbox 3027 2485 3183 2540; x_wconf 81' lang='lat' dir='ltr'><strong>Dedit</strong></span> <span class='ocrx_word' id='word_1_470' title='bbox 3227 2488 3300 2541; x_wconf 77' lang='lat' dir='ltr'><strong>eis</strong></span> <span class='ocrx_word' id='word_1_471' title='bbox 3346 2496 3640 2558; x_wconf 77' lang='lat' dir='ltr'><strong>potestatem</strong></span> 
     </span>
    </p>
   </div>
   <div class='ocr_carea' id='block_1_59' title="bbox 2089 2573 3639 2644">
    <p class='ocr_par' dir='ltr' id='par_1_59' title="bbox 2089 2573 3639 2644">
     <span class='ocr_line' id='line_1_59' title="bbox 2089 2573 3639 2644; baseline 0.003 -16"><span class='ocrx_word' id='word_1_472' title='bbox 2089 2575 2226 2641; x_wconf 74' lang='lat' dir='ltr'><strong>ﬁlios</strong></span> <span class='ocrx_word' id='word_1_473' title='bbox 2251 2573 2344 2628; x_wconf 81' lang='lat' dir='ltr'><strong>Dei</strong></span> <span class='ocrx_word' id='word_1_474' title='bbox 2369 2575 2484 2644; x_wconf 75' lang='lat' dir='ltr'><strong>ﬁeri</strong></span> <span class='ocrx_word' id='word_1_475' title='bbox 2514 2575 2692 2644; x_wconf 79' lang='lat' dir='ltr'><strong>(Joan.</strong></span> <span class='ocrx_word' id='word_1_476' title='bbox 2723 2576 2786 2644; x_wconf 82' lang='grc' dir='ltr'><strong>ι).</strong></span> <span class='ocrx_word' id='word_1_477' title='bbox 2837 2574 2987 2630; x_wconf 87' lang='lat' dir='ltr'><strong>Unde</strong></span> <span class='ocrx_word' id='word_1_478' title='bbox 3013 2583 3067 2630; x_wconf 88' lang='lat' dir='ltr'><strong>et</strong></span> <span class='ocrx_word' id='word_1_479' title='bbox 3093 2584 3324 2638; x_wconf 85' lang='lat' dir='ltr'><strong>mortem</strong></span> <span class='ocrx_word' id='word_1_480' title='bbox 3353 2578 3639 2640; x_wconf 86' lang='lat' dir='ltr'><strong>secundum</strong></span> 
     </span>
    </p>
   </div>
   <div class='ocr_carea' id='block_1_60' title="bbox 2088 2666 3640 2736">
    <p class='ocr_par' dir='ltr' id='par_1_60' title="bbox 2088 2666 3640 2736">
     <span class='ocr_line' id='line_1_60' title="bbox 2088 2666 3640 2736; baseline 0.003 -14"><span class='ocrx_word' id='word_1_481' title='bbox 2088 2680 2303 2722; x_wconf 88' lang='lat' dir='ltr'><strong>carnem</strong></span> <span class='ocrx_word' id='word_1_482' title='bbox 2333 2673 2510 2734; x_wconf 78' lang='lat' dir='ltr'><strong>gustat</strong></span> <span class='ocrx_word' id='word_1_483' title='bbox 2538 2666 2702 2721; x_wconf 79' lang='lat' dir='ltr'><strong>Filius</strong></span> <span class='ocrx_word' id='word_1_484' title='bbox 2735 2666 2860 2732; x_wconf 91' lang='lat' dir='ltr'><strong>Dei,</strong></span> <span class='ocrx_word' id='word_1_485' title='bbox 2903 2676 3128 2736; x_wconf 84' lang='lat' dir='ltr'><strong>propter</strong></span> <span class='ocrx_word' id='word_1_486' title='bbox 3170 2670 3438 2728; x_wconf 85' lang='lat' dir='ltr'><strong>carnalem</strong></span> <span class='ocrx_word' id='word_1_487' title='bbox 3487 2685 3640 2728; x_wconf 87' lang='lat' dir='ltr'><strong>suum</strong></span> 
     </span>
    </p>
   </div>
   <div class='ocr_carea' id='block_1_61' title="bbox 2088 2756 3636 2830">
    <p class='ocr_par' dir='ltr' id='par_1_61' title="bbox 2088 2756 3636 2830">
     <span class='ocr_line' id='line_1_61' title="bbox 2088 2756 3636 2830; baseline 0.002 -20"><span class='ocrx_word' id='word_1_488' title='bbox 2088 2766 2324 2830; x_wconf 85' lang='lat' dir='ltr'><strong>patrem,</strong></span> <span class='ocrx_word' id='word_1_489' title='bbox 2355 2765 2414 2812; x_wconf 90' lang='lat' dir='ltr'><strong>ut</strong></span> <span class='ocrx_word' id='word_1_490' title='bbox 2441 2756 2532 2811; x_wconf 83' lang='lat' dir='ltr'><strong>tilii</strong></span> <span class='ocrx_word' id='word_1_491' title='bbox 2557 2757 2786 2812; x_wconf 86' lang='lat' dir='ltr'><strong>hominis</strong></span> <span class='ocrx_word' id='word_1_492' title='bbox 2812 2758 2933 2812; x_wconf 75' lang='lat' dir='ltr'><strong>vita:</strong></span> <span class='ocrx_word' id='word_1_493' title='bbox 2961 2757 3077 2825; x_wconf 83' lang='lat' dir='ltr'><strong>ejus</strong></span> <span class='ocrx_word' id='word_1_494' title='bbox 3105 2759 3391 2830; x_wconf 88' lang='lat' dir='ltr'><strong>participes</strong></span> <span class='ocrx_word' id='word_1_495' title='bbox 3429 2757 3636 2820; x_wconf 78' lang='lat' dir='ltr'><strong>tierent.</strong></span> 
     </span>
    </p>
   </div>
   <div class='ocr_carea' id='block_1_62' title="bbox 2089 2850 3636 2928">
    <p class='ocr_par' dir='ltr' id='par_1_62' title="bbox 2089 2850 3636 2928">
     <span class='ocr_line' id='line_1_62' title="bbox 2089 2850 3636 2928; baseline -0.001 -18"><span class='ocrx_word' id='word_1_496' title='bbox 2089 2865 2306 2927; x_wconf 83' lang='lat' dir='ltr'><strong>propter</strong></span> <span class='ocrx_word' id='word_1_497' title='bbox 2331 2870 2482 2911; x_wconf 88' lang='lat' dir='ltr'><strong>suum</strong></span> <span class='ocrx_word' id='word_1_498' title='bbox 2506 2855 2795 2913; x_wconf 86' lang='lat' dir='ltr'><strong>secundum</strong></span> <span class='ocrx_word' id='word_1_499' title='bbox 2817 2855 3060 2924; x_wconf 70' lang='lat' dir='ltr'><strong>spiritum</strong></span> <span class='ocrx_word' id='word_1_500' title='bbox 3084 2850 3290 2909; x_wconf 80' lang='lat' dir='ltr'><strong>Patrem</strong></span> <span class='ocrx_word' id='word_1_501' title='bbox 3302 2855 3492 2928; x_wconf 73' lang='lat' dir='ltr'><strong>Deum.</strong></span> <span class='ocrx_word' id='word_1_502' title='bbox 3518 2854 3636 2922; x_wconf 84' lang='lat' dir='ltr'><strong>Ipsu</strong></span> 
     </span>
    </p>
   </div>
   <div class='ocr_carea' id='block_1_63' title="bbox 2090 2940 3626 3015">
    <p class='ocr_par' dir='ltr' id='par_1_63' title="bbox 2090 2940 3626 3015">
     <span class='ocr_line' id='line_1_63' title="bbox 2090 2940 3626 3015; baseline -0.007 -12"><span class='ocrx_word' id='word_1_503' title='bbox 2090 2949 2250 3015; x_wconf 72' lang='lat' dir='ltr'><strong>igitur</strong></span> <span class='ocrx_word' id='word_1_504' title='bbox 2277 2946 2566 3001; x_wconf 87' lang='lat' dir='ltr'><strong>secundum</strong></span> <span class='ocrx_word' id='word_1_505' title='bbox 2592 2949 2836 3014; x_wconf 82' lang='lat' dir='ltr'><strong>naturam</strong></span> <span class='ocrx_word' id='word_1_506' title='bbox 2864 2943 3028 2999; x_wconf 89' lang='lat' dir='ltr'><strong>Filius</strong></span> <span class='ocrx_word' id='word_1_507' title='bbox 3065 2953 3144 2998; x_wconf 89' lang='lat' dir='ltr'><strong>est</strong></span> <span class='ocrx_word' id='word_1_508' title='bbox 3170 2940 3281 3008; x_wconf 89' lang='lat' dir='ltr'><strong>Dei,</strong></span> <span class='ocrx_word' id='word_1_509' title='bbox 3326 2957 3424 2996; x_wconf 88' lang='lat' dir='ltr'><strong>nos</strong></span> <span class='ocrx_word' id='word_1_510' title='bbox 3449 2949 3626 2994; x_wconf 88' lang='lat' dir='ltr'><strong>autem</strong></span> 
     </span>
    </p>
   </div>
   <div class='ocr_carea' id='block_1_64' title="bbox 427 3028 1987 3106">
    <p class='ocr_par' dir='ltr' id='par_1_64' title="bbox 427 3031 1987 3106">
     <span class='ocr_line' id='line_1_64' title="bbox 427 3031 1987 3106; baseline 0.001 -19"><span class='ocrx_word' id='word_1_511' title='bbox 427 3034 574 3106; x_wconf 78' lang='grc' dir='ltr'>ἁγίας</span> <span class='ocrx_word' id='word_1_512' title='bbox 598 3031 798 3106; x_wconf 79' lang='grc' dir='ltr'>τριάδος</span> <span class='ocrx_word' id='word_1_513' title='bbox 829 3031 854 3092; x_wconf 79' lang='grc' dir='ltr'><strong><em>ὃ</em></strong></span> <span class='ocrx_word' id='word_1_514' title='bbox 882 3038 1144 3105; x_wconf 74' lang='grc' dir='ltr'>μονογενὴς</span> <span class='ocrx_word' id='word_1_515' title='bbox 1171 3033 1278 3092; x_wconf 86' lang='grc' dir='ltr'>υίὸς</span> <span class='ocrx_word' id='word_1_516' title='bbox 1314 3037 1405 3088; x_wconf 87' lang='grc' dir='ltr'><strong>τοῦ</strong></span> <span class='ocrx_word' id='word_1_517' title='bbox 1433 3040 1558 3088; x_wconf 83' lang='grc' dir='ltr'>Θεοῦ</span> <span class='ocrx_word' id='word_1_518' title='bbox 1601 3033 1626 3088; x_wconf 86' lang='grc' dir='ltr'>ὁ</span> <span class='ocrx_word' id='word_1_519' title='bbox 1649 3039 1818 3102; x_wconf 73' lang='grc' dir='ltr'>κύριος</span> <span class='ocrx_word' id='word_1_520' title='bbox 1849 3037 1987 3104; x_wconf 75' lang='grc' dir='ltr'><strong>ἡμῶν</strong></span> 
     </span>
    </p>
   </div>
   <div class='ocr_carea' id='block_1_65' title="bbox 2088 3028 3627 3106">
    <p class='ocr_par' dir='ltr' id='par_1_65' title="bbox 2089 3028 3627 3103">
     <span class='ocr_line' id='line_1_65' title="bbox 2089 3028 3627 3103; baseline -0.005 -14"><span class='ocrx_word' id='word_1_521' title='bbox 2089 3033 2378 3090; x_wconf 76' lang='lat' dir='ltr'><strong>secundum</strong></span> <span class='ocrx_word' id='word_1_522' title='bbox 2403 3033 2656 3103; x_wconf 76' lang='lat' dir='ltr'><strong>gratiam;</strong></span> <span class='ocrx_word' id='word_1_523' title='bbox 2696 3040 2753 3086; x_wconf 90' lang='lat' dir='ltr'><strong>et</strong></span> <span class='ocrx_word' id='word_1_524' title='bbox 2772 3032 2962 3086; x_wconf 88' lang='lat' dir='ltr'><strong>iterum</strong></span> <span class='ocrx_word' id='word_1_525' title='bbox 2987 3033 3094 3102; x_wconf 88' lang='lat' dir='ltr'><strong>ipse</strong></span> <span class='ocrx_word' id='word_1_526' title='bbox 3117 3031 3399 3087; x_wconf 89' lang='lat' dir='ltr'><strong>secundum</strong></span> <span class='ocrx_word' id='word_1_527' title='bbox 3419 3028 3627 3100; x_wconf 58' lang='lat' dir='ltr'><strong>dispena</strong></span> 
     </span>
    </p>
   </div>
   <div class='ocr_carea' id='block_1_66' title="bbox 429 3119 1986 3195">
    <p class='ocr_par' dir='ltr' id='par_1_66' title="bbox 429 3119 1986 3195">
     <span class='ocr_line' id='line_1_66' title="bbox 429 3119 1986 3195; baseline 0.001 -21"><span class='ocrx_word' id='word_1_528' title='bbox 429 3119 616 3180; x_wconf 82' lang='grc' dir='ltr'>Ἰησοῦς</span> <span class='ocrx_word' id='word_1_529' title='bbox 643 3121 876 3194; x_wconf 71' lang='grc' dir='ltr'>Χριστὸς,</span> <span class='ocrx_word' id='word_1_530' title='bbox 909 3122 1142 3179; x_wconf 78' lang='grc' dir='ltr'>σύνθετος</span> <span class='ocrx_word' id='word_1_531' title='bbox 1169 3122 1220 3184; x_wconf 83' lang='grc' dir='ltr'><strong>ἐξ</strong></span> <span class='ocrx_word' id='word_1_532' title='bbox 1247 3119 1490 3195; x_wconf 70' lang='grc' dir='ltr'>ἑκατέρας</span> <span class='ocrx_word' id='word_1_533' title='bbox 1523 3125 1732 3193; x_wconf 61' lang='grc' dir='ltr'>φύσεως.</span> <span class='ocrx_word' id='word_1_534' title='bbox 1761 3126 1986 3178; x_wconf 67' lang='grc' dir='ltr'>Σύνθετον</span> 
     </span>
    </p>
   </div>
   <div class='ocr_carea' id='block_1_67' title="bbox 427 3205 1986 3286">
    <p class='ocr_par' dir='ltr' id='par_1_67' title="bbox 427 3205 1986 3286">
     <span class='ocr_line' id='line_1_67' title="bbox 427 3205 1986 3286; baseline 0.004 -24"><span class='ocrx_word' id='word_1_535' title='bbox 427 3205 483 3262; x_wconf 63' lang='grc' dir='ltr'><strong>δὲ</strong></span> <span class='ocrx_word' id='word_1_536' title='bbox 502 3209 589 3269; x_wconf 81' lang='grc' dir='ltr'>τὸν</span> <span class='ocrx_word' id='word_1_537' title='bbox 606 3209 820 3284; x_wconf 76' lang='grc' dir='ltr'>Χριστὸν</span> <span class='ocrx_word' id='word_1_538' title='bbox 847 3206 1176 3280; x_wconf 58' lang='grc' dir='ltr'>ὁμολογοῦμεν</span> <span class='ocrx_word' id='word_1_539' title='bbox 1203 3217 1266 3282; x_wconf 77' lang='grc' dir='ltr'>τῇ</span> <span class='ocrx_word' id='word_1_540' title='bbox 1293 3216 1390 3262; x_wconf 82' lang='grc' dir='ltr'><strong>τῶν</strong></span> <span class='ocrx_word' id='word_1_541' title='bbox 1429 3213 1585 3281; x_wconf 80' lang='grc' dir='ltr'>ἁγίων</span> <span class='ocrx_word' id='word_1_542' title='bbox 1610 3214 1836 3286; x_wconf 75' lang='grc' dir='ltr'>πατέρων</span> <span class='ocrx_word' id='word_1_543' title='bbox 1863 3215 1986 3268; x_wconf 82' lang='grc' dir='ltr'>άκο·</span> 
     </span>
    </p>
   </div>
   <div class='ocr_carea' id='block_1_68' title="bbox 425 3292 1987 3378">
    <p class='ocr_par' dir='ltr' id='par_1_68' title="bbox 425 3292 1987 3378">
     <span class='ocr_line' id='line_1_68' title="bbox 425 3292 1987 3378; baseline 0.004 -26"><span class='ocrx_word' id='word_1_544' title='bbox 425 3295 709 3356; x_wconf 83' lang='grc' dir='ltr'>λουθοῦντες</span> <span class='ocrx_word' id='word_1_545' title='bbox 735 3292 1050 3371; x_wconf 74' lang='grc' dir='ltr'>διδασκαλίᾳ.</span> <span class='ocrx_word' id='word_1_546' title='bbox 1070 3296 1179 3352; x_wconf 84' lang='grc' dir='ltr'>Ἐπί</span> <span class='ocrx_word' id='word_1_547' title='bbox 1198 3299 1292 3378; x_wconf 81' lang='grc' dir='ltr'><strong>γάρ</strong></span> <span class='ocrx_word' id='word_1_548' title='bbox 1311 3303 1404 3352; x_wconf 87' lang='grc' dir='ltr'><strong>τοῦ</strong></span> <span class='ocrx_word' id='word_1_549' title='bbox 1423 3303 1550 3354; x_wconf 86' lang='grc' dir='ltr'><strong>κατά</strong></span> <span class='ocrx_word' id='word_1_550' title='bbox 1567 3302 1782 3377; x_wconf 76' lang='grc' dir='ltr'>Χριστὸν</span> <span class='ocrx_word' id='word_1_551' title='bbox 1793 3323 1987 3370; x_wconf 82' lang='grc' dir='ltr'>μυστη-</span> 
     </span>
    </p>
   </div>
   <div class='ocr_carea' id='block_1_69' title="bbox 425 3387 1988 3460">
    <p class='ocr_par' dir='ltr' id='par_1_69' title="bbox 425 3387 1988 3460">
     <span class='ocr_line' id='line_1_69' title="bbox 425 3387 1988 3460; baseline 0.002 -19"><span class='ocrx_word' id='word_1_552' title='bbox 425 3391 534 3459; x_wconf 80' lang='grc' dir='ltr'>ρίον</span> <span class='ocrx_word' id='word_1_553' title='bbox 563 3389 594 3446; x_wconf 76' lang='grc' dir='ltr'>ἡ</span> <span class='ocrx_word' id='word_1_554' title='bbox 621 3387 748 3441; x_wconf 84' lang='grc' dir='ltr'>κατά</span> <span class='ocrx_word' id='word_1_555' title='bbox 781 3388 1010 3441; x_wconf 80' lang='grc' dir='ltr'>σύνθεσιν</span> <span class='ocrx_word' id='word_1_556' title='bbox 1035 3387 1212 3446; x_wconf 57' lang='grc' dir='ltr'>ἔνοσις</span> <span class='ocrx_word' id='word_1_557' title='bbox 1237 3393 1324 3446; x_wconf 71' lang='grc' dir='ltr'><strong>τήν</strong></span> <span class='ocrx_word' id='word_1_558' title='bbox 1355 3388 1616 3460; x_wconf 83' lang='grc' dir='ltr'>σύγχυσιν</span> <span class='ocrx_word' id='word_1_559' title='bbox 1639 3393 1720 3444; x_wconf 86' lang='grc' dir='ltr'><strong>καί</strong></span> <span class='ocrx_word' id='word_1_560' title='bbox 1747 3389 1988 3458; x_wconf 76' lang='grc' dir='ltr'>διαίρεσιν</span> 
     </span>
    </p>
   </div>
   <div class='ocr_carea' id='block_1_70' title="bbox 425 3478 1986 3556">
    <p class='ocr_par' dir='ltr' id='par_1_70' title="bbox 425 3478 1986 3556">
     <span class='ocr_line' id='line_1_70' title="bbox 425 3478 1986 3556; baseline 0.004 -24"><span class='ocrx_word' id='word_1_561' title='bbox 425 3478 785 3538; x_wconf 73' lang='grc' dir='ltr'>ἁποϐάλλιταιο</span> <span class='ocrx_word' id='word_1_562' title='bbox 815 3480 898 3532; x_wconf 80' lang='grc' dir='ltr'><strong>καί</strong></span> <span class='ocrx_word' id='word_1_563' title='bbox 916 3479 1150 3548; x_wconf 74' lang='grc' dir='ltr'>φυλάττει</span> <span class='ocrx_word' id='word_1_564' title='bbox 1171 3479 1260 3550; x_wconf 76' lang='grc' dir='ltr'><strong>μὶν</strong></span> <span class='ocrx_word' id='word_1_565' title='bbox 1279 3483 1367 3537; x_wconf 72' lang='grc' dir='ltr'>τὴν</span> <span class='ocrx_word' id='word_1_566' title='bbox 1389 3479 1630 3556; x_wconf 73' lang='grc' dir='ltr'>ἑκατέρας</span> <span class='ocrx_word' id='word_1_567' title='bbox 1649 3483 1844 3552; x_wconf 62' lang='grc' dir='ltr'>φύσεως</span> <span class='ocrx_word' id='word_1_568' title='bbox 1867 3483 1986 3538; x_wconf 82' lang='grc' dir='ltr'>ἰδιό-</span> 
     </span>
    </p>
   </div>
   <div class='ocr_carea' id='block_1_71' title="bbox 425 3566 1986 3646">
    <p class='ocr_par' dir='ltr' id='par_1_71' title="bbox 425 3566 1986 3646">
     <span class='ocr_line' id='line_1_71' title="bbox 425 3566 1986 3646; baseline 0.004 -25"><span class='ocrx_word' id='word_1_569' title='bbox 425 3590 570 3631; x_wconf 86' lang='grc' dir='ltr'>τητα,</span> <span class='ocrx_word' id='word_1_570' title='bbox 603 3574 720 3636; x_wconf 80' lang='grc' dir='ltr'>μὲαν</span> <span class='ocrx_word' id='word_1_571' title='bbox 743 3566 796 3622; x_wconf 77' lang='grc' dir='ltr'><strong>δὲ</strong></span> <span class='ocrx_word' id='word_1_572' title='bbox 823 3569 1125 3628; x_wconf 79' lang='grc' dir='ltr'>ὑπόστασιν,</span> <span class='ocrx_word' id='word_1_573' title='bbox 1152 3569 1264 3627; x_wconf 78' lang='grc' dir='ltr'>ἦτοι</span> <span class='ocrx_word' id='word_1_574' title='bbox 1283 3569 1555 3646; x_wconf 71' lang='grc' dir='ltr'>πρόσωπον</span> <span class='ocrx_word' id='word_1_575' title='bbox 1580 3577 1670 3624; x_wconf 88' lang='grc' dir='ltr'><strong>τοῦ</strong></span> <span class='ocrx_word' id='word_1_576' title='bbox 1691 3578 1818 3626; x_wconf 86' lang='grc' dir='ltr'>Θεοῦ</span> <span class='ocrx_word' id='word_1_577' title='bbox 1841 3573 1986 3645; x_wconf 64' lang='grc' dir='ltr'>λόγου</span> 
     </span>
    </p>
   </div>
   <div class='ocr_carea' id='block_1_72' title="bbox 423 3655 1988 3732">
    <p class='ocr_par' dir='ltr' id='par_1_72' title="bbox 423 3655 1988 3732">
     <span class='ocr_line' id='line_1_72' title="bbox 423 3655 1988 3732; baseline 0.004 -22"><span class='ocrx_word' id='word_1_578' title='bbox 423 3660 506 3710; x_wconf 65' lang='grc' dir='ltr'>καί</span> <span class='ocrx_word' id='word_1_579' title='bbox 523 3655 652 3728; x_wconf 73' lang='grc' dir='ltr'>μετά</span> <span class='ocrx_word' id='word_1_580' title='bbox 677 3665 766 3716; x_wconf 77' lang='grc' dir='ltr'>τῆς</span> <span class='ocrx_word' id='word_1_581' title='bbox 805 3659 993 3732; x_wconf 77' lang='grc' dir='ltr'>σαργὸς</span> <span class='ocrx_word' id='word_1_582' title='bbox 1032 3655 1250 3712; x_wconf 78' lang='grc' dir='ltr'>δείκνυσι</span> <span class='ocrx_word' id='word_1_583' title='bbox 1267 3697 1282 3722; x_wconf 89' lang='grc'><strong>,</strong></span> <span class='ocrx_word' id='word_1_584' title='bbox 1315 3661 1400 3710; x_wconf 64' lang='grc' dir='ltr'><strong>καὶ</strong></span> <span class='ocrx_word' id='word_1_585' title='bbox 1423 3657 1455 3712; x_wconf 73' lang='grc' dir='ltr'><strong><em>ἒ</em></strong></span> <span class='ocrx_word' id='word_1_586' title='bbox 1455 3679 1565 3716; x_wconf 77' lang='grc' dir='ltr'>στιν</span> <span class='ocrx_word' id='word_1_587' title='bbox 1595 3657 1665 3720; x_wconf 81' lang='grc' dir='ltr'>εἷς</span> <span class='ocrx_word' id='word_1_588' title='bbox 1685 3660 1812 3716; x_wconf 73' lang='grc' dir='ltr'>καίὸ</span> <span class='ocrx_word' id='word_1_589' title='bbox 1837 3664 1988 3722; x_wconf 75' lang='grc' dir='ltr'>αὐτὸς</span> 
     </span>
    </p>
   </div>
   <div class='ocr_carea' id='block_1_73' title="bbox 425 3745 1990 3820">
    <p class='ocr_par' dir='ltr' id='par_1_73' title="bbox 425 3745 1990 3820">
     <span class='ocr_line' id='line_1_73' title="bbox 425 3745 1990 3820; baseline 0.003 -21"><span class='ocrx_word' id='word_1_590' title='bbox 425 3747 606 3804; x_wconf 77' lang='grc' dir='ltr'>τὲλιιος</span> <span class='ocrx_word' id='word_1_591' title='bbox 633 3747 680 3798; x_wconf 81' lang='grc' dir='ltr'>ἐν</span> <span class='ocrx_word' id='word_1_592' title='bbox 708 3745 930 3808; x_wconf 81' lang='grc' dir='ltr'>θεότητι,</span> <span class='ocrx_word' id='word_1_593' title='bbox 973 3749 1053 3798; x_wconf 83' lang='grc' dir='ltr'><strong>καί</strong></span> <span class='ocrx_word' id='word_1_594' title='bbox 1080 3746 1266 3805; x_wconf 79' lang='grc' dir='ltr'>τέλειος</span> <span class='ocrx_word' id='word_1_595' title='bbox 1295 3747 1343 3798; x_wconf 76' lang='grc' dir='ltr'>ἕν</span> <span class='ocrx_word' id='word_1_596' title='bbox 1377 3746 1752 3820; x_wconf 67' lang='grc' dir='ltr'>άνθρωτὸτητι,</span> <span class='ocrx_word' id='word_1_597' title='bbox 1793 3753 1892 3820; x_wconf 77' lang='grc' dir='ltr'><strong>οὐχ</strong></span> <span class='ocrx_word' id='word_1_598' title='bbox 1922 3754 1990 3810; x_wconf 81' lang='grc' dir='ltr'>ὡς</span> 
     </span>
    </p>
   </div>
   <div class='ocr_carea' id='block_1_74' title="bbox 424 3830 1990 3908">
    <p class='ocr_par' dir='ltr' id='par_1_74' title="bbox 424 3830 1990 3908">
     <span class='ocr_line' id='line_1_74' title="bbox 424 3830 1990 3908; baseline 0.003 -21"><span class='ocrx_word' id='word_1_599' title='bbox 424 3830 568 3887; x_wconf 82' lang='grc' dir='ltr'>δυσίν</span> <span class='ocrx_word' id='word_1_600' title='bbox 603 3833 944 3886; x_wconf 81' lang='grc' dir='ltr'>ὑποστάσιτιν</span> <span class='ocrx_word' id='word_1_601' title='bbox 979 3831 1090 3890; x_wconf 67' lang='grc' dir='ltr'>ἦτοι</span> <span class='ocrx_word' id='word_1_602' title='bbox 1125 3835 1454 3906; x_wconf 71' lang='grc' dir='ltr'>προσώποις,</span> <span class='ocrx_word' id='word_1_603' title='bbox 1485 3835 1588 3886; x_wconf 78' lang='grc' dir='ltr'>ἀλλ’</span> <span class='ocrx_word' id='word_1_604' title='bbox 1612 3837 1660 3888; x_wconf 76' lang='grc' dir='ltr'>ἐν</span> <span class='ocrx_word' id='word_1_605' title='bbox 1703 3837 1798 3908; x_wconf 65' lang='grc' dir='ltr'><strong>θεί.τ</strong></span> <span class='ocrx_word' id='word_1_606' title='bbox 1846 3840 1990 3908; x_wconf 68' lang='grc' dir='ltr'>φύσει</span> 
     </span>
    </p>
   </div>
   <div class='ocr_carea' id='block_1_75' title="bbox 425 3919 1990 4000">
    <p class='ocr_par' dir='ltr' id='par_1_75' title="bbox 425 3919 1990 4000">
     <span class='ocr_line' id='line_1_75' title="bbox 425 3919 1990 4000; baseline 0.004 -26"><span class='ocrx_word' id='word_1_607' title='bbox 425 3925 504 3981; x_wconf 62' lang='grc' dir='ltr'>καί</span> <span class='ocrx_word' id='word_1_608' title='bbox 525 3923 804 3992; x_wconf 74' lang='grc' dir='ltr'>ἀνθρωπίνῃ</span> <span class='ocrx_word' id='word_1_609' title='bbox 829 3922 1216 3994; x_wconf 74' lang='grc' dir='ltr'>γνωριζόμενος·</span> <span class='ocrx_word' id='word_1_610' title='bbox 1247 3922 1332 3974; x_wconf 81' lang='grc' dir='ltr'>ἶνα</span> <span class='ocrx_word' id='word_1_611' title='bbox 1355 3919 1425 3981; x_wconf 78' lang='grc' dir='ltr'>εἷς</span> <span class='ocrx_word' id='word_1_612' title='bbox 1507 3925 1611 3976; x_wconf 81' lang='grc' dir='ltr'>καθ’</span> <span class='ocrx_word' id='word_1_613' title='bbox 1641 3926 1882 4000; x_wconf 77' lang='grc' dir='ltr'>ἑκάτερα,</span> <span class='ocrx_word' id='word_1_614' title='bbox 1909 3929 1990 3980; x_wconf 76' lang='grc' dir='ltr'><strong>τέ-</strong></span> 
     </span>
    </p>
   </div>
   <div class='ocr_carea' id='block_1_76' title="bbox 423 4007 1989 4086">
    <p class='ocr_par' dir='ltr' id='par_1_76' title="bbox 423 4007 1989 4086">
     <span class='ocr_line' id='line_1_76' title="bbox 423 4007 1989 4086; baseline 0.001 -22"><span class='ocrx_word' id='word_1_615' title='bbox 423 4009 550 4070; x_wconf 75' lang='grc' dir='ltr'>λειος</span> <span class='ocrx_word' id='word_1_616' title='bbox 571 4011 718 4074; x_wconf 85' lang='grc' dir='ltr'>Θεὸς,</span> <span class='ocrx_word' id='word_1_617' title='bbox 749 4013 834 4064; x_wconf 82' lang='grc' dir='ltr'><strong>καί</strong></span> <span class='ocrx_word' id='word_1_618' title='bbox 866 4010 1046 4068; x_wconf 57' lang='lat' dir='ltr'><strong>ranos</strong></span> <span class='ocrx_word' id='word_1_619' title='bbox 1069 4007 1354 4086; x_wconf 73' lang='grc' dir='ltr'>ἅνθρωπος,</span> <span class='ocrx_word' id='word_1_620' title='bbox 1384 4009 1409 4063; x_wconf 86' lang='grc' dir='ltr'>ὁ</span> <span class='ocrx_word' id='word_1_621' title='bbox 1433 4012 1583 4072; x_wconf 82' lang='grc' dir='ltr'>αὐτὸς</span> <span class='ocrx_word' id='word_1_622' title='bbox 1611 4012 1636 4066; x_wconf 86' lang='grc' dir='ltr'>ὁ</span> <span class='ocrx_word' id='word_1_623' title='bbox 1665 4015 1834 4085; x_wconf 83' lang='grc' dir='ltr'>κύριος</span> <span class='ocrx_word' id='word_1_624' title='bbox 1855 4017 1989 4085; x_wconf 64' lang='grc' dir='ltr'><strong>ἡμῶν</strong></span> 
     </span>
    </p>
   </div>
   <div class='ocr_carea' id='block_1_77' title="bbox 424 4095 1992 4176">
    <p class='ocr_par' dir='ltr' id='par_1_77' title="bbox 424 4095 1992 4176">
     <span class='ocr_line' id='line_1_77' title="bbox 424 4095 1992 4176; baseline 0.004 -24"><span class='ocrx_word' id='word_1_625' title='bbox 424 4097 614 4160; x_wconf 81' lang='grc' dir='ltr'>Ἰησοῦς</span> <span class='ocrx_word' id='word_1_626' title='bbox 640 4099 876 4174; x_wconf 77' lang='grc' dir='ltr'>Χριστὸς,</span> <span class='ocrx_word' id='word_1_627' title='bbox 907 4098 932 4153; x_wconf 87' lang='grc' dir='ltr'>ὁ</span> <span class='ocrx_word' id='word_1_628' title='bbox 961 4095 1030 4160; x_wconf 74' lang='grc' dir='ltr'>εἷς</span> <span class='ocrx_word' id='word_1_629' title='bbox 1055 4107 1148 4158; x_wconf 81' lang='grc' dir='ltr'>τῆς</span> <span class='ocrx_word' id='word_1_630' title='bbox 1175 4099 1325 4172; x_wconf 72' lang='grc' dir='ltr'>ἁγίας</span> <span class='ocrx_word' id='word_1_631' title='bbox 1349 4099 1549 4176; x_wconf 80' lang='grc' dir='ltr'>τριάδος</span> <span class='ocrx_word' id='word_1_632' title='bbox 1576 4100 1992 4176; x_wconf 69' lang='grc' dir='ltr'>σωδοξαζόμενος</span> 
     </span>
    </p>
   </div>
   <div class='ocr_carea' id='block_1_78' title="bbox 423 4175 1992 4269">
    <p class='ocr_par' dir='ltr' id='par_1_78' title="bbox 423 4175 1992 4269">
     <span class='ocr_line' id='line_1_78' title="bbox 423 4175 1992 4269; baseline 0.004 -26"><span class='ocrx_word' id='word_1_633' title='bbox 423 4197 494 4258; x_wconf 84' lang='grc' dir='ltr'>τῷ</span> <span class='ocrx_word' id='word_1_634' title='bbox 513 4191 672 4262; x_wconf 88' lang='grc' dir='ltr'>πατρί</span> <span class='ocrx_word' id='word_1_635' title='bbox 689 4191 770 4242; x_wconf 75' lang='grc' dir='ltr'><strong>καί</strong></span> <span class='ocrx_word' id='word_1_636' title='bbox 788 4196 860 4262; x_wconf 83' lang='grc' dir='ltr'>τῷ</span> <span class='ocrx_word' id='word_1_637' title='bbox 881 4188 1006 4261; x_wconf 80' lang='grc' dir='ltr'>ἁγίῳ</span> <span class='ocrx_word' id='word_1_638' title='bbox 1025 4189 1287 4260; x_wconf 77' lang='grc' dir='ltr'>πνεύματι.</span> <span class='ocrx_word' id='word_1_639' title='bbox 1303 4183 1428 4246; x_wconf 76' lang='grc' dir='ltr'>Οῦτε</span> <span class='ocrx_word' id='word_1_640' title='bbox 1451 4193 1547 4268; x_wconf 73' lang='grc' dir='ltr'><strong>γάρ</strong></span> <span class='ocrx_word' id='word_1_641' title='bbox 1569 4175 1814 4267; x_wconf 69' lang='grc' dir='ltr'>τετάρτου</span> <span class='ocrx_word' id='word_1_642' title='bbox 1837 4216 1992 4269; x_wconf 74' lang='grc' dir='ltr'>προσο</span> 
     </span>
    </p>
   </div>
   <div class='ocr_carea' id='block_1_79' title="bbox 423 4275 1986 4358">
    <p class='ocr_par' dir='ltr' id='par_1_79' title="bbox 423 4275 1986 4358">
     <span class='ocr_line' id='line_1_79' title="bbox 423 4275 1986 4358; baseline 0.004 -28"><span class='ocrx_word' id='word_1_643' title='bbox 423 4280 565 4331; x_wconf 80' lang='grc' dir='ltr'>ὠπου</span> <span class='ocrx_word' id='word_1_644' title='bbox 590 4279 876 4350; x_wconf 78' lang='grc' dir='ltr'>προσθήκην</span> <span class='ocrx_word' id='word_1_645' title='bbox 912 4275 1176 4340; x_wconf 68' lang='grc' dir='ltr'>ἐπεδέξατο</span> <span class='ocrx_word' id='word_1_646' title='bbox 1205 4279 1236 4337; x_wconf 77' lang='grc' dir='ltr'><strong><em>ἠ</em></strong></span> <span class='ocrx_word' id='word_1_647' title='bbox 1275 4275 1396 4350; x_wconf 82' lang='grc' dir='ltr'>άγία</span> <span class='ocrx_word' id='word_1_648' title='bbox 1419 4283 1568 4352; x_wconf 78' lang='grc' dir='ltr'>τριάς</span> <span class='ocrx_word' id='word_1_649' title='bbox 1591 4283 1675 4336; x_wconf 80' lang='grc' dir='ltr'><strong>καί</strong></span> <span class='ocrx_word' id='word_1_650' title='bbox 1717 4285 1986 4358; x_wconf 78' lang='grc' dir='ltr'>σαρκωθίν-</span> 
     </span>
    </p>
   </div>
   <div class='ocr_carea' id='block_1_80' title="bbox 2088 3120 3632 3193">
    <p class='ocr_par' dir='ltr' id='par_1_80' title="bbox 2088 3120 3632 3193">
     <span class='ocr_line' id='line_1_80' title="bbox 2088 3120 3632 3193; baseline -0.006 -13"><span class='ocrx_word' id='word_1_651' title='bbox 2088 3124 2352 3180; x_wconf 87' lang='lat' dir='ltr'><strong>sationem</strong></span> <span class='ocrx_word' id='word_1_652' title='bbox 2381 3130 2438 3178; x_wconf 88' lang='lat' dir='ltr'><strong>et</strong></span> <span class='ocrx_word' id='word_1_653' title='bbox 2461 3130 2679 3193; x_wconf 85' lang='lat' dir='ltr'><strong>propter</strong></span> <span class='ocrx_word' id='word_1_654' title='bbox 2701 3137 2800 3177; x_wconf 83' lang='lat' dir='ltr'><strong>nos</strong></span> <span class='ocrx_word' id='word_1_655' title='bbox 2827 3121 2962 3176; x_wconf 84' lang='lat' dir='ltr'><strong>Iilius</strong></span> <span class='ocrx_word' id='word_1_656' title='bbox 2992 3121 3089 3175; x_wconf 88' lang='lat' dir='ltr'><strong>l&#39;uit</strong></span> <span class='ocrx_word' id='word_1_657' title='bbox 3118 3120 3305 3185; x_wconf 77' lang='lat' dir='ltr'><strong>Adam,</strong></span> <span class='ocrx_word' id='word_1_658' title='bbox 3331 3135 3428 3174; x_wconf 86' lang='lat' dir='ltr'><strong>nos</strong></span> <span class='ocrx_word' id='word_1_659' title='bbox 3455 3128 3632 3172; x_wconf 84' lang='lat' dir='ltr'><strong>autem</strong></span> 
     </span>
    </p>
   </div>
   <div class='ocr_carea' id='block_1_81' title="bbox 2088 3209 3637 3270">
    <p class='ocr_par' dir='ltr' id='par_1_81' title="bbox 2088 3209 3637 3270">
     <span class='ocr_line' id='line_1_81' title="bbox 2088 3209 3637 3270; baseline -0.005 0"><span class='ocrx_word' id='word_1_660' title='bbox 2088 3212 2380 3270; x_wconf 83' lang='lat' dir='ltr'><strong>secundum</strong></span> <span class='ocrx_word' id='word_1_661' title='bbox 2401 3221 2644 3266; x_wconf 87' lang='lat' dir='ltr'><strong>naturam</strong></span> <span class='ocrx_word' id='word_1_662' title='bbox 2674 3226 2855 3267; x_wconf 89' lang='lat' dir='ltr'><strong>sumus</strong></span> <span class='ocrx_word' id='word_1_663' title='bbox 2881 3211 2970 3264; x_wconf 87' lang='lat' dir='ltr'><strong>Iilii</strong></span> <span class='ocrx_word' id='word_1_664' title='bbox 2993 3209 3181 3264; x_wconf 76' lang='lat' dir='ltr'><strong>Adam.</strong></span> <span class='ocrx_word' id='word_1_665' title='bbox 3207 3209 3364 3263; x_wconf 80' lang='lat' dir='ltr'><strong>Pater</strong></span> <span class='ocrx_word' id='word_1_666' title='bbox 3389 3209 3528 3262; x_wconf 88' lang='lat' dir='ltr'><strong>enim</strong></span> <span class='ocrx_word' id='word_1_667' title='bbox 3555 3210 3637 3262; x_wconf 85' lang='lat' dir='ltr'><strong>est</strong></span> 
     </span>
    </p>
   </div>
   <div class='ocr_carea' id='block_1_82' title="bbox 2089 3299 3639 3370">
    <p class='ocr_par' dir='ltr' id='par_1_82' title="bbox 2089 3299 3639 3370">
     <span class='ocr_line' id='line_1_82' title="bbox 2089 3299 3639 3370; baseline -0.005 -14"><span class='ocrx_word' id='word_1_668' title='bbox 2089 3301 2207 3370; x_wconf 82' lang='lat' dir='ltr'><strong>ejus</strong></span> <span class='ocrx_word' id='word_1_669' title='bbox 2231 3300 2370 3355; x_wconf 89' lang='lat' dir='ltr'><strong>Deus</strong></span> <span class='ocrx_word' id='word_1_670' title='bbox 2398 3299 2686 3361; x_wconf 86' lang='lat' dir='ltr'><strong>secundum</strong></span> <span class='ocrx_word' id='word_1_671' title='bbox 2715 3309 2989 3365; x_wconf 86' lang='lat' dir='ltr'><strong>naturam,</strong></span> <span class='ocrx_word' id='word_1_672' title='bbox 3023 3306 3209 3352; x_wconf 89' lang='lat' dir='ltr'><strong>noster</strong></span> <span class='ocrx_word' id='word_1_673' title='bbox 3247 3305 3424 3351; x_wconf 83' lang='lat' dir='ltr'><strong>autem</strong></span> <span class='ocrx_word' id='word_1_674' title='bbox 3453 3311 3639 3351; x_wconf 74' lang='lat' dir='ltr'><strong>secun~</strong></span> 
     </span>
    </p>
   </div>
   <div class='ocr_carea' id='block_1_83' title="bbox 2089 3383 3638 3457">
    <p class='ocr_par' dir='ltr' id='par_1_83' title="bbox 2089 3383 3638 3457">
     <span class='ocr_line' id='line_1_83' title="bbox 2089 3383 3638 3457; baseline -0.005 -13"><span class='ocrx_word' id='word_1_675' title='bbox 2089 3389 2213 3444; x_wconf 89' lang='lat' dir='ltr'><strong>dum</strong></span> <span class='ocrx_word' id='word_1_676' title='bbox 2239 3389 2484 3457; x_wconf 74' lang='lat' dir='ltr'><strong>gratiam.</strong></span> <span class='ocrx_word' id='word_1_677' title='bbox 2515 3387 2581 3442; x_wconf 86' lang='lat' dir='ltr'><strong>Et</strong></span> <span class='ocrx_word' id='word_1_678' title='bbox 2608 3389 2749 3442; x_wconf 89' lang='lat' dir='ltr'><strong>Deus</strong></span> <span class='ocrx_word' id='word_1_679' title='bbox 2776 3388 2824 3441; x_wconf 78' lang='lat' dir='ltr'><strong>ei</strong></span> <span class='ocrx_word' id='word_1_680' title='bbox 2854 3387 2950 3442; x_wconf 82' lang='lat' dir='ltr'><strong>fuit</strong></span> <span class='ocrx_word' id='word_1_681' title='bbox 2977 3385 3271 3441; x_wconf 88' lang='lat' dir='ltr'><strong>secundum</strong></span> <span class='ocrx_word' id='word_1_682' title='bbox 3295 3383 3638 3454; x_wconf 83' lang='lat' dir='ltr'><strong>dispensatio-</strong></span> 
     </span>
    </p>
   </div>
   <div class='ocr_carea' id='block_1_84' title="bbox 2090 3476 3638 3550">
    <p class='ocr_par' dir='ltr' id='par_1_84' title="bbox 2090 3476 3638 3550">
     <span class='ocr_line' id='line_1_84' title="bbox 2090 3476 3638 3550; baseline -0.006 -15"><span class='ocrx_word' id='word_1_683' title='bbox 2090 3493 2232 3542; x_wconf 87' lang='lat' dir='ltr'><strong>nem,</strong></span> <span class='ocrx_word' id='word_1_684' title='bbox 2263 3493 2330 3532; x_wconf 91' lang='lat' dir='ltr'><strong>eo</strong></span> <span class='ocrx_word' id='word_1_685' title='bbox 2351 3477 2490 3550; x_wconf 90' lang='lat' dir='ltr'><strong>quod</strong></span> <span class='ocrx_word' id='word_1_686' title='bbox 2516 3477 2676 3532; x_wconf 91' lang='lat' dir='ltr'><strong>homo</strong></span> <span class='ocrx_word' id='word_1_687' title='bbox 2706 3476 2876 3530; x_wconf 81' lang='lat' dir='ltr'><strong>factus</strong></span> <span class='ocrx_word' id='word_1_688' title='bbox 2904 3483 3014 3541; x_wconf 89' lang='lat' dir='ltr'><strong>cst,</strong></span> <span class='ocrx_word' id='word_1_689' title='bbox 3047 3483 3231 3530; x_wconf 88' lang='lat' dir='ltr'><strong>noster</strong></span> <span class='ocrx_word' id='word_1_690' title='bbox 3258 3481 3434 3528; x_wconf 88' lang='lat' dir='ltr'><strong>autem</strong></span> <span class='ocrx_word' id='word_1_691' title='bbox 3454 3487 3638 3528; x_wconf 84' lang='lat' dir='ltr'><strong>secun-</strong></span> 
     </span>
    </p>
   </div>
   <div class='ocr_carea' id='block_1_85' title="bbox 2089 3561 3638 3626">
    <p class='ocr_par' dir='ltr' id='par_1_85' title="bbox 2089 3561 3638 3626">
     <span class='ocr_line' id='line_1_85' title="bbox 2089 3561 3638 3626; baseline -0.005 -5"><span class='ocrx_word' id='word_1_692' title='bbox 2089 3568 2213 3622; x_wconf 92' lang='lat' dir='ltr'><strong>dum</strong></span> <span class='ocrx_word' id='word_1_693' title='bbox 2258 3573 2502 3620; x_wconf 89' lang='lat' dir='ltr'><strong>naturam</strong></span> <span class='ocrx_word' id='word_1_694' title='bbox 2546 3563 2799 3619; x_wconf 90' lang='lat' dir='ltr'><strong>Dominus</strong></span> <span class='ocrx_word' id='word_1_695' title='bbox 2840 3571 2924 3618; x_wconf 86' lang='lat' dir='ltr'><strong>est</strong></span> <span class='ocrx_word' id='word_1_696' title='bbox 2958 3570 3014 3618; x_wconf 87' lang='lat' dir='ltr'><strong>et</strong></span> <span class='ocrx_word' id='word_1_697' title='bbox 3059 3562 3220 3626; x_wconf 84' lang='lat' dir='ltr'><strong>Deus.</strong></span> <span class='ocrx_word' id='word_1_698' title='bbox 3253 3561 3316 3615; x_wconf 87' lang='lat' dir='ltr'><strong>Et</strong></span> <span class='ocrx_word' id='word_1_699' title='bbox 3344 3561 3464 3616; x_wconf 87' lang='lat' dir='ltr'><strong>ideo</strong></span> <span class='ocrx_word' id='word_1_700' title='bbox 3505 3561 3638 3620; x_wconf 83' lang='lat' dir='ltr'><strong>Deus</strong></span> 
     </span>
    </p>
   </div>
   <div class='ocr_carea' id='block_1_86' title="bbox 2089 3648 3642 3722">
    <p class='ocr_par' dir='ltr' id='par_1_86' title="bbox 2089 3648 3642 3722">
     <span class='ocr_line' id='line_1_86' title="bbox 2089 3648 3642 3722; baseline -0.003 -13"><span class='ocrx_word' id='word_1_701' title='bbox 2089 3651 2338 3714; x_wconf 80' lang='lat' dir='ltr'><strong>Verbum,</strong></span> <span class='ocrx_word' id='word_1_702' title='bbox 2365 3652 2458 3722; x_wconf 88' lang='lat' dir='ltr'><strong>qui</strong></span> <span class='ocrx_word' id='word_1_703' title='bbox 2481 3650 2737 3707; x_wconf 82' lang='lat' dir='ltr'><strong>estFilius</strong></span> <span class='ocrx_word' id='word_1_704' title='bbox 2761 3651 2856 3706; x_wconf 90' lang='lat' dir='ltr'><strong>Dei</strong></span> <span class='ocrx_word' id='word_1_705' title='bbox 2873 3652 3064 3716; x_wconf 86' lang='lat' dir='ltr'><strong>Patris,</strong></span> <span class='ocrx_word' id='word_1_706' title='bbox 3083 3653 3266 3711; x_wconf 87' lang='lat' dir='ltr'><strong>unitus</strong></span> <span class='ocrx_word' id='word_1_707' title='bbox 3283 3649 3451 3710; x_wconf 83' lang='lat' dir='ltr'><strong>carni.</strong></span> <span class='ocrx_word' id='word_1_708' title='bbox 3475 3648 3642 3704; x_wconf 76' lang='lat' dir='ltr'><strong>factus</strong></span> 
     </span>
    </p>
   </div>
   <div class='ocr_carea' id='block_1_87' title="bbox 2089 3742 3636 3812">
    <p class='ocr_par' dir='ltr' id='par_1_87' title="bbox 2089 3742 3636 3812">
     <span class='ocr_line' id='line_1_87' title="bbox 2089 3742 3636 3812; baseline 0.001 -14"><span class='ocrx_word' id='word_1_709' title='bbox 2089 3752 2168 3798; x_wconf 92' lang='lat' dir='ltr'><strong>est</strong></span> <span class='ocrx_word' id='word_1_710' title='bbox 2199 3760 2344 3810; x_wconf 88' lang='lat' dir='ltr'><strong>caro,</strong></span> <span class='ocrx_word' id='word_1_711' title='bbox 2374 3752 2434 3798; x_wconf 88' lang='lat' dir='ltr'><strong>ut</strong></span> <span class='ocrx_word' id='word_1_712' title='bbox 2459 3744 2706 3799; x_wconf 84' lang='lat' dir='ltr'><strong>homines</strong></span> <span class='ocrx_word' id='word_1_713' title='bbox 2727 3743 2858 3803; x_wconf 79' lang='lat' dir='ltr'><strong>uniti</strong></span> <span class='ocrx_word' id='word_1_714' title='bbox 2889 3743 3118 3812; x_wconf 87' lang='lat' dir='ltr'><strong>spiritui,</strong></span> <span class='ocrx_word' id='word_1_715' title='bbox 3152 3743 3338 3796; x_wconf 89' lang='lat' dir='ltr'><strong>tierent</strong></span> <span class='ocrx_word' id='word_1_716' title='bbox 3376 3757 3512 3798; x_wconf 77' lang='lat' dir='ltr'><strong>unus</strong></span> <span class='ocrx_word' id='word_1_717' title='bbox 3531 3742 3636 3810; x_wconf 87' lang='lat' dir='ltr'><strong>spi-</strong></span> 
     </span>
    </p>
   </div>
   <div class='ocr_carea' id='block_1_88' title="bbox 2089 3831 3636 3900">
    <p class='ocr_par' dir='ltr' id='par_1_88' title="bbox 2089 3831 3636 3900">
     <span class='ocr_line' id='line_1_88' title="bbox 2089 3831 3636 3900; baseline 0 -14"><span class='ocrx_word' id='word_1_718' title='bbox 2089 3834 2244 3888; x_wconf 85' lang='lat' dir='ltr'><strong>ritus.</strong></span> <span class='ocrx_word' id='word_1_719' title='bbox 2266 3831 2384 3900; x_wconf 89' lang='lat' dir='ltr'><strong>Ipse</strong></span> <span class='ocrx_word' id='word_1_720' title='bbox 2406 3832 2567 3900; x_wconf 83' lang='lat' dir='ltr'><strong>igitur</strong></span> <span class='ocrx_word' id='word_1_721' title='bbox 2592 3847 2750 3890; x_wconf 76' lang='lat' dir='ltr'><strong>verus</strong></span> <span class='ocrx_word' id='word_1_722' title='bbox 2777 3832 2941 3888; x_wconf 81' lang='lat' dir='ltr'><strong>Filius</strong></span> <span class='ocrx_word' id='word_1_723' title='bbox 2968 3832 3063 3887; x_wconf 89' lang='lat' dir='ltr'><strong>Dei</strong></span> <span class='ocrx_word' id='word_1_724' title='bbox 3090 3847 3276 3886; x_wconf 89' lang='lat' dir='ltr'><strong>omnes</strong></span> <span class='ocrx_word' id='word_1_725' title='bbox 3304 3841 3401 3886; x_wconf 88' lang='lat' dir='ltr'><strong>nos</strong></span> <span class='ocrx_word' id='word_1_726' title='bbox 3431 3831 3636 3886; x_wconf 83' lang='lat' dir='ltr'><strong>indutus</strong></span> 
     </span>
    </p>
   </div>
   <div class='ocr_carea' id='block_1_89' title="bbox 2089 3917 3635 3986">
    <p class='ocr_par' dir='ltr' id='par_1_89' title="bbox 2089 3917 3635 3986">
     <span class='ocr_line' id='line_1_89' title="bbox 2089 3917 3635 3986; baseline -0.003 -9"><span class='ocrx_word' id='word_1_727' title='bbox 2089 3930 2199 3986; x_wconf 89' lang='lat' dir='ltr'><strong>est,</strong></span> <span class='ocrx_word' id='word_1_728' title='bbox 2231 3929 2290 3976; x_wconf 92' lang='lat' dir='ltr'><strong>ut</strong></span> <span class='ocrx_word' id='word_1_729' title='bbox 2328 3931 2515 3976; x_wconf 80' lang='lat' dir='ltr'><strong>Omnes</strong></span> <span class='ocrx_word' id='word_1_730' title='bbox 2556 3920 2838 3978; x_wconf 87' lang='lat' dir='ltr'><strong>induamur</strong></span> <span class='ocrx_word' id='word_1_731' title='bbox 2875 3937 3037 3976; x_wconf 89' lang='lat' dir='ltr'><strong>unum</strong></span> <span class='ocrx_word' id='word_1_732' title='bbox 3066 3917 3257 3976; x_wconf 87' lang='lat' dir='ltr'><strong>Deum.</strong></span> <span class='ocrx_word' id='word_1_733' title='bbox 3281 3919 3348 3974; x_wconf 82' lang='lat' dir='ltr'><strong>Et</strong></span> <span class='ocrx_word' id='word_1_734' title='bbox 3374 3928 3455 3976; x_wconf 88' lang='lat' dir='ltr'><strong>est</strong></span> <span class='ocrx_word' id='word_1_735' title='bbox 3482 3921 3635 3978; x_wconf 79' lang='lat' dir='ltr'><strong>etiam</strong></span> 
     </span>
    </p>
   </div>
   <div class='ocr_carea' id='block_1_90' title="bbox 2089 4010 3634 4082">
    <p class='ocr_par' dir='ltr' id='par_1_90' title="bbox 2089 4010 3634 4082">
     <span class='ocr_line' id='line_1_90' title="bbox 2089 4010 3634 4082; baseline -0.003 -16"><span class='ocrx_word' id='word_1_736' title='bbox 2089 4021 2212 4082; x_wconf 90' lang='lat' dir='ltr'><strong>post</strong></span> <span class='ocrx_word' id='word_1_737' title='bbox 2234 4011 2652 4066; x_wconf 88' lang='lat' dir='ltr'><strong>incarnationem</strong></span> <span class='ocrx_word' id='word_1_738' title='bbox 2681 4022 2818 4066; x_wconf 89' lang='lat' dir='ltr'><strong>unus</strong></span> <span class='ocrx_word' id='word_1_739' title='bbox 2845 4011 2911 4066; x_wconf 90' lang='lat' dir='ltr'><strong>de</strong></span> <span class='ocrx_word' id='word_1_740' title='bbox 2939 4019 3122 4067; x_wconf 87' lang='lat' dir='ltr'><strong>sancta</strong></span> <span class='ocrx_word' id='word_1_741' title='bbox 3145 4010 3428 4078; x_wconf 85' lang='lat' dir='ltr'><strong>Trinitate,</strong></span> <span class='ocrx_word' id='word_1_742' title='bbox 3457 4010 3634 4078; x_wconf 80' lang='lat' dir='ltr'><strong>unige-</strong></span> 
     </span>
    </p>
   </div>
   <div class='ocr_carea' id='block_1_91' title="bbox 2090 4099 3634 4167">
    <p class='ocr_par' dir='ltr' id='par_1_91' title="bbox 2090 4099 3634 4167">
     <span class='ocr_line' id='line_1_91' title="bbox 2090 4099 3634 4167; baseline -0.005 -10"><span class='ocrx_word' id='word_1_743' title='bbox 2090 4101 2229 4157; x_wconf 89' lang='lat' dir='ltr'><strong>nitus</strong></span> <span class='ocrx_word' id='word_1_744' title='bbox 2248 4100 2410 4154; x_wconf 89' lang='lat' dir='ltr'><strong>Filius</strong></span> <span class='ocrx_word' id='word_1_745' title='bbox 2430 4100 2521 4154; x_wconf 91' lang='lat' dir='ltr'><strong>Dei</strong></span> <span class='ocrx_word' id='word_1_746' title='bbox 2546 4099 2800 4160; x_wconf 88' lang='lat' dir='ltr'><strong>Dominus</strong></span> <span class='ocrx_word' id='word_1_747' title='bbox 2821 4108 3004 4156; x_wconf 89' lang='lat' dir='ltr'><strong>noster</strong></span> <span class='ocrx_word' id='word_1_748' title='bbox 3023 4099 3174 4156; x_wconf 77' lang='lat' dir='ltr'><strong>Iesus</strong></span> <span class='ocrx_word' id='word_1_749' title='bbox 3193 4099 3458 4167; x_wconf 87' lang='lat' dir='ltr'><strong>Christus,</strong></span> <span class='ocrx_word' id='word_1_750' title='bbox 3490 4114 3634 4154; x_wconf 87' lang='lat' dir='ltr'><strong>com-</strong></span> 
     </span>
    </p>
   </div>
   <div class='ocr_carea' id='block_1_92' title="bbox 2088 4185 3632 4260">
    <p class='ocr_par' dir='ltr' id='par_1_92' title="bbox 2088 4185 3632 4260">
     <span class='ocr_line' id='line_1_92' title="bbox 2088 4185 3632 4260; baseline -0.001 -19"><span class='ocrx_word' id='word_1_751' title='bbox 2088 4195 2292 4260; x_wconf 86' lang='lat' dir='ltr'><strong>positus</strong></span> <span class='ocrx_word' id='word_1_752' title='bbox 2313 4203 2379 4242; x_wconf 80' lang='lat' dir='ltr'><strong>ex</strong></span> <span class='ocrx_word' id='word_1_753' title='bbox 2405 4195 2630 4258; x_wconf 84' lang='lat' dir='ltr'><strong>utraque</strong></span> <span class='ocrx_word' id='word_1_754' title='bbox 2658 4197 2862 4242; x_wconf 87' lang='lat' dir='ltr'><strong>natura.</strong></span> <span class='ocrx_word' id='word_1_755' title='bbox 2889 4188 3252 4258; x_wconf 88' lang='lat' dir='ltr'><strong>Compositum</strong></span> <span class='ocrx_word' id='word_1_756' title='bbox 3274 4195 3451 4242; x_wconf 90' lang='lat' dir='ltr'><strong>autem</strong></span> <span class='ocrx_word' id='word_1_757' title='bbox 3479 4185 3632 4241; x_wconf 85' lang='lat' dir='ltr'><strong>Chri-</strong></span> 
     </span>
    </p>
   </div>
   <div class='ocr_carea' id='block_1_93' title="bbox 2088 4279 3634 4348">
    <p class='ocr_par' dir='ltr' id='par_1_93' title="bbox 2088 4279 3634 4348">
     <span class='ocr_line' id='line_1_93' title="bbox 2088 4279 3634 4348; baseline 0.001 -15"><span class='ocrx_word' id='word_1_758' title='bbox 2088 4289 2227 4334; x_wconf 87' lang='lat' dir='ltr'><strong>stum</strong></span> <span class='ocrx_word' id='word_1_759' title='bbox 2253 4279 2588 4348; x_wconf 81' lang='lat' dir='ltr'><strong>coniitemur,</strong></span> <span class='ocrx_word' id='word_1_760' title='bbox 2633 4289 2938 4336; x_wconf 82' lang='lat' dir='ltr'><strong>sanctorum</strong></span> <span class='ocrx_word' id='word_1_761' title='bbox 2981 4282 3194 4342; x_wconf 83' lang='lat' dir='ltr'><strong>Patrum</strong></span> <span class='ocrx_word' id='word_1_762' title='bbox 3231 4281 3524 4342; x_wconf 87' lang='lat' dir='ltr'><strong>doctrinam</strong></span> <span class='ocrx_word' id='word_1_763' title='bbox 3549 4296 3634 4335; x_wconf 83' lang='lat' dir='ltr'><strong>se-</strong></span> 
     </span>
    </p>
   </div>
   <div class='ocr_carea' id='block_1_94' title="bbox 422 4365 1987 4453">
    <p class='ocr_par' dir='ltr' id='par_1_94' title="bbox 422 4365 1987 4444">
     <span class='ocr_line' id='line_1_94' title="bbox 422 4365 1987 4444; baseline 0.003 -22"><span class='ocrx_word' id='word_1_764' title='bbox 422 4387 509 4426; x_wconf 87' lang='grc' dir='ltr'><strong>τος</strong></span> <span class='ocrx_word' id='word_1_765' title='bbox 536 4373 626 4421; x_wconf 87' lang='grc' dir='ltr'><strong>τοῦ</strong></span> <span class='ocrx_word' id='word_1_766' title='bbox 655 4367 760 4428; x_wconf 59' lang='grc' dir='ltr'>ἕντς</span> <span class='ocrx_word' id='word_1_767' title='bbox 791 4375 881 4427; x_wconf 77' lang='grc' dir='ltr'>τῆς</span> <span class='ocrx_word' id='word_1_768' title='bbox 911 4365 1056 4439; x_wconf 77' lang='grc' dir='ltr'>άγίας</span> <span class='ocrx_word' id='word_1_769' title='bbox 1095 4367 1304 4436; x_wconf 78' lang='grc' dir='ltr'>τριάδος</span> <span class='ocrx_word' id='word_1_770' title='bbox 1334 4375 1458 4424; x_wconf 84' lang='grc' dir='ltr'>Θεοῦ</span> <span class='ocrx_word' id='word_1_771' title='bbox 1481 4369 1648 4444; x_wconf 76' lang='grc' dir='ltr'>λόγου.</span> <span class='ocrx_word' id='word_1_772' title='bbox 1678 4373 1874 4431; x_wconf 75' lang='grc' dir='ltr'>Ταύτην</span> <span class='ocrx_word' id='word_1_773' title='bbox 1901 4379 1987 4433; x_wconf 71' lang='grc' dir='ltr'>τὴν</span> 
     </span>
    </p>
   </div>
   <div class='ocr_carea' id='block_1_95' title="bbox 2088 4365 3633 4453">
    <p class='ocr_par' dir='ltr' id='par_1_95' title="bbox 2088 4374 3633 4453">
     <span class='ocr_line' id='line_1_95' title="bbox 2088 4374 3633 4453; baseline -0.003 -20"><span class='ocrx_word' id='word_1_774' title='bbox 2088 4385 2331 4447; x_wconf 90' lang='lat' dir='ltr'><strong>quentes.</strong></span> <span class='ocrx_word' id='word_1_775' title='bbox 2372 4377 2429 4431; x_wconf 92' lang='lat' dir='ltr'><strong>In</strong></span> <span class='ocrx_word' id='word_1_776' title='bbox 2459 4379 2712 4453; x_wconf 84' lang='lat' dir='ltr'><strong>mysterio</strong></span> <span class='ocrx_word' id='word_1_777' title='bbox 2739 4377 2880 4432; x_wconf 89' lang='lat' dir='ltr'><strong>enim</strong></span> <span class='ocrx_word' id='word_1_778' title='bbox 2910 4374 3104 4438; x_wconf 85' lang='lat' dir='ltr'><strong>Christi</strong></span> <span class='ocrx_word' id='word_1_779' title='bbox 3146 4377 3320 4432; x_wconf 90' lang='lat' dir='ltr'><strong>unitas</strong></span> <span class='ocrx_word' id='word_1_780' title='bbox 3347 4375 3633 4440; x_wconf 78' lang='lat' dir='ltr'><strong>secundum</strong></span> 
     </span>
    </p>
   </div>
   <div class='ocr_carea' id='block_1_96' title="bbox 417 4459 1982 4539">
    <p class='ocr_par' dir='ltr' id='par_1_96' title="bbox 417 4459 1982 4539">
     <span class='ocr_line' id='line_1_96' title="bbox 417 4459 1982 4539; baseline 0.004 -27"><span class='ocrx_word' id='word_1_781' title='bbox 417 4459 572 4517; x_wconf 69' lang='grc' dir='ltr'>καλήν</span> <span class='ocrx_word' id='word_1_782' title='bbox 595 4460 1018 4534; x_wconf 72' lang='grc' dir='ltr'>παρακαταθήκην</span> <span class='ocrx_word' id='word_1_783' title='bbox 1033 4498 1050 4526; x_wconf 88' lang='grc'><strong>,</strong></span> <span class='ocrx_word' id='word_1_784' title='bbox 1070 4460 1126 4518; x_wconf 73' lang='grc' dir='ltr'>ἢν</span> <span class='ocrx_word' id='word_1_785' title='bbox 1147 4461 1290 4530; x_wconf 77' lang='grc' dir='ltr'>παρὰ</span> <span class='ocrx_word' id='word_1_786' title='bbox 1311 4467 1410 4514; x_wconf 82' lang='grc' dir='ltr'><strong>τῶν</strong></span> <span class='ocrx_word' id='word_1_787' title='bbox 1431 4461 1584 4532; x_wconf 78' lang='grc' dir='ltr'>ἁγίων</span> <span class='ocrx_word' id='word_1_788' title='bbox 1602 4465 1830 4539; x_wconf 73' lang='grc' dir='ltr'>πατέρων</span> <span class='ocrx_word' id='word_1_789' title='bbox 1855 4466 1982 4524; x_wconf 79' lang='grc' dir='ltr'>εἱλή-</span> 
     </span>
    </p>
   </div>
   <div class='ocr_carea' id='block_1_97' title="bbox 421 4545 1982 4622">
    <p class='ocr_par' dir='ltr' id='par_1_97' title="bbox 421 4545 1982 4622">
     <span class='ocr_line' id='line_1_97' title="bbox 421 4545 1982 4622; baseline 0.006 -23"><span class='ocrx_word' id='word_1_790' title='bbox 421 4567 605 4618; x_wconf 68' lang='grc' dir='ltr'>φαμεν,</span> <span class='ocrx_word' id='word_1_791' title='bbox 632 4547 957 4617; x_wconf 71' lang='grc' dir='ltr'>φυλάττομεν,</span> <span class='ocrx_word' id='word_1_792' title='bbox 985 4547 1034 4600; x_wconf 80' lang='grc' dir='ltr'>ὶν</span> <span class='ocrx_word' id='word_1_793' title='bbox 1061 4545 1090 4621; x_wconf 73' lang='grc' dir='ltr'>ᾖ</span> <span class='ocrx_word' id='word_1_794' title='bbox 1115 4552 1275 4620; x_wconf 80' lang='grc' dir='ltr'>ζῶμεν</span> <span class='ocrx_word' id='word_1_795' title='bbox 1297 4551 1379 4603; x_wconf 84' lang='grc' dir='ltr'><strong>καί</strong></span> <span class='ocrx_word' id='word_1_796' title='bbox 1413 4551 1790 4622; x_wconf 70' lang='grc' dir='ltr'>πολιτευόμεθα,</span> <span class='ocrx_word' id='word_1_797' title='bbox 1820 4559 1902 4610; x_wconf 82' lang='grc' dir='ltr'><strong>καί</strong></span> <span class='ocrx_word' id='word_1_798' title='bbox 1926 4557 1982 4614; x_wconf 76' lang='grc' dir='ltr'>ἦν</span> 
     </span>
    </p>
   </div>
   <div class='ocr_carea' id='block_1_98' title="bbox 422 4636 1981 4716">
    <p class='ocr_par' dir='ltr' id='par_1_98' title="bbox 422 4636 1981 4716">
     <span class='ocr_line' id='line_1_98' title="bbox 422 4636 1981 4716; baseline 0.008 -27"><span class='ocrx_word' id='word_1_799' title='bbox 422 4636 722 4706; x_wconf 75' lang='grc' dir='ltr'>συνέκδημον</span> <span class='ocrx_word' id='word_1_800' title='bbox 739 4639 996 4709; x_wconf 77' lang='grc' dir='ltr'>λάϐοιμεν,</span> <span class='ocrx_word' id='word_1_801' title='bbox 1025 4641 1094 4699; x_wconf 84' lang='grc' dir='ltr'>εἰς</span> <span class='ocrx_word' id='word_1_802' title='bbox 1135 4641 1358 4712; x_wconf 72' lang='grc' dir='ltr'>πατέρα,</span> <span class='ocrx_word' id='word_1_803' title='bbox 1387 4644 1468 4695; x_wconf 83' lang='grc' dir='ltr'><strong>καί</strong></span> <span class='ocrx_word' id='word_1_804' title='bbox 1510 4645 1724 4716; x_wconf 77' lang='grc' dir='ltr'>Χριστὸν</span> <span class='ocrx_word' id='word_1_805' title='bbox 1761 4648 1848 4702; x_wconf 78' lang='grc' dir='ltr'>τὸν</span> <span class='ocrx_word' id='word_1_806' title='bbox 1871 4645 1981 4702; x_wconf 74' lang='grc' dir='ltr'><strong>υίὸν</strong></span> 
     </span>
    </p>
   </div>
   <div class='ocr_carea' id='block_1_99' title="bbox 423 4725 1801 4804">
    <p class='ocr_par' dir='ltr' id='par_1_99' title="bbox 423 4725 1801 4804">
     <span class='ocr_line' id='line_1_99' title="bbox 423 4725 1801 4804; baseline 0.007 -25"><span class='ocrx_word' id='word_1_807' title='bbox 423 4731 508 4779; x_wconf 83' lang='grc' dir='ltr'><strong>τοῦ</strong></span> <span class='ocrx_word' id='word_1_808' title='bbox 536 4731 658 4780; x_wconf 82' lang='grc' dir='ltr'>Θεοῦ</span> <span class='ocrx_word' id='word_1_809' title='bbox 685 4732 774 4781; x_wconf 87' lang='grc' dir='ltr'><strong>τοῦ</strong></span> <span class='ocrx_word' id='word_1_810' title='bbox 805 4731 1004 4790; x_wconf 77' lang='grc' dir='ltr'>ζῶντος,</span> <span class='ocrx_word' id='word_1_811' title='bbox 1037 4729 1121 4780; x_wconf 78' lang='grc' dir='ltr'><strong>καί</strong></span> <span class='ocrx_word' id='word_1_812' title='bbox 1146 4725 1284 4798; x_wconf 81' lang='grc' dir='ltr'>ἅγιον</span> <span class='ocrx_word' id='word_1_813' title='bbox 1310 4734 1507 4799; x_wconf 67' lang='grc' dir='ltr'>πιιῦμα</span> <span class='ocrx_word' id='word_1_814' title='bbox 1527 4729 1801 4804; x_wconf 77' lang='grc' dir='ltr'>ὁμολογίαν.</span> 
     </span>
    </p>
   </div>
   <div class='ocr_carea' id='block_1_100' title="bbox 2087 4463 3632 4537">
    <p class='ocr_par' dir='ltr' id='par_1_100' title="bbox 2087 4463 3632 4537">
     <span class='ocr_line' id='line_1_100' title="bbox 2087 4463 3632 4537; baseline -0.004 -14"><span class='ocrx_word' id='word_1_815' title='bbox 2087 4467 2559 4537; x_wconf 86' lang='lat' dir='ltr'><strong>compositionem,</strong></span> <span class='ocrx_word' id='word_1_816' title='bbox 2604 4465 2970 4522; x_wconf 79' lang='lat' dir='ltr'><strong>confusionem</strong></span> <span class='ocrx_word' id='word_1_817' title='bbox 3009 4473 3063 4521; x_wconf 88' lang='lat' dir='ltr'><strong>et</strong></span> <span class='ocrx_word' id='word_1_818' title='bbox 3100 4465 3415 4520; x_wconf 80' lang='lat' dir='ltr'><strong>divisionem</strong></span> <span class='ocrx_word' id='word_1_819' title='bbox 3446 4463 3632 4532; x_wconf 88' lang='lat' dir='ltr'><strong>rejicit,</strong></span> 
     </span>
    </p>
   </div>
   <div class='ocr_carea' id='block_1_101' title="bbox 2087 4553 3631 4624">
    <p class='ocr_par' dir='ltr' id='par_1_101' title="bbox 2087 4553 3631 4624">
     <span class='ocr_line' id='line_1_101' title="bbox 2087 4553 3631 4624; baseline -0.005 -12"><span class='ocrx_word' id='word_1_820' title='bbox 2087 4564 2144 4612; x_wconf 91' lang='lat' dir='ltr'><strong>et</strong></span> <span class='ocrx_word' id='word_1_821' title='bbox 2183 4563 2362 4611; x_wconf 79' lang='lat' dir='ltr'><strong>servat</strong></span> <span class='ocrx_word' id='word_1_822' title='bbox 2406 4554 2621 4622; x_wconf 88' lang='lat' dir='ltr'><strong>quidem</strong></span> <span class='ocrx_word' id='word_1_823' title='bbox 2661 4553 2940 4622; x_wconf 87' lang='lat' dir='ltr'><strong>utriusque</strong></span> <span class='ocrx_word' id='word_1_824' title='bbox 2987 4563 3188 4612; x_wconf 70' lang='lat' dir='ltr'><strong>naturae</strong></span> <span class='ocrx_word' id='word_1_825' title='bbox 3216 4553 3631 4624; x_wconf 89' lang='lat' dir='ltr'><strong>proprietatem;</strong></span> 
     </span>
    </p>
   </div>
   <div class='ocr_carea' id='block_1_102' title="bbox 2097 4640 3630 4712">
    <p class='ocr_par' dir='ltr' id='par_1_102' title="bbox 2097 4640 3630 4712">
     <span class='ocr_line' id='line_1_102' title="bbox 2097 4640 3630 4712; baseline -0.007 -10"><span class='ocrx_word' id='word_1_826' title='bbox 2097 4657 2246 4702; x_wconf 67' lang='lat' dir='ltr'><strong>lnam</strong></span> <span class='ocrx_word' id='word_1_827' title='bbox 2275 4653 2452 4698; x_wconf 90' lang='lat' dir='ltr'><strong>autem</strong></span> <span class='ocrx_word' id='word_1_828' title='bbox 2480 4643 2873 4698; x_wconf 82' lang='lat' dir='ltr'><strong>subsis’tentiam</strong></span> <span class='ocrx_word' id='word_1_829' title='bbox 2913 4657 3005 4697; x_wconf 88' lang='lat' dir='ltr'><strong>seu</strong></span> <span class='ocrx_word' id='word_1_830' title='bbox 3035 4657 3315 4712; x_wconf 89' lang='lat' dir='ltr'><strong>personam</strong></span> <span class='ocrx_word' id='word_1_831' title='bbox 3345 4640 3438 4702; x_wconf 87' lang='lat' dir='ltr'><strong>Dei</strong></span> <span class='ocrx_word' id='word_1_832' title='bbox 3479 4640 3630 4695; x_wconf 70' lang='lat' dir='ltr'><strong>Verbi</strong></span> 
     </span>
    </p>
   </div>
   <div class='ocr_carea' id='block_1_103' title="bbox 2086 4730 3634 4801">
    <p class='ocr_par' dir='ltr' id='par_1_103' title="bbox 2086 4730 3634 4801">
     <span class='ocr_line' id='line_1_103' title="bbox 2086 4730 3634 4801; baseline -0.004 -11"><span class='ocrx_word' id='word_1_833' title='bbox 2086 4743 2282 4790; x_wconf 88' lang='lat' dir='ltr'><strong>etcum</strong></span> <span class='ocrx_word' id='word_1_834' title='bbox 2303 4748 2462 4788; x_wconf 86' lang='lat' dir='ltr'><strong>carae</strong></span> <span class='ocrx_word' id='word_1_835' title='bbox 2488 4731 2738 4796; x_wconf 89' lang='lat' dir='ltr'><strong>ostendit,</strong></span> <span class='ocrx_word' id='word_1_836' title='bbox 2759 4739 2816 4786; x_wconf 89' lang='lat' dir='ltr'><strong>et</strong></span> <span class='ocrx_word' id='word_1_837' title='bbox 2842 4739 2924 4787; x_wconf 91' lang='lat' dir='ltr'><strong>est</strong></span> <span class='ocrx_word' id='word_1_838' title='bbox 2945 4746 3082 4789; x_wconf 89' lang='lat' dir='ltr'><strong>unus</strong></span> <span class='ocrx_word' id='word_1_839' title='bbox 3102 4730 3346 4801; x_wconf 86' lang='lat' dir='ltr'><strong>idemque</strong></span> <span class='ocrx_word' id='word_1_840' title='bbox 3372 4730 3634 4800; x_wconf 78' lang='lat' dir='ltr'><strong>perfectus</strong></span> 
     </span>
    </p>
   </div>
   <div class='ocr_carea' id='block_1_104' title="bbox 2093 4820 3631 4890">
    <p class='ocr_par' dir='ltr' id='par_1_104' title="bbox 2093 4820 3631 4890">
     <span class='ocr_line' id='line_1_104' title="bbox 2093 4820 3631 4890; baseline -0.005 -12"><span class='ocrx_word' id='word_1_841' title='bbox 2093 4822 2147 4878; x_wconf 89' lang='lat' dir='ltr'><strong>in</strong></span> <span class='ocrx_word' id='word_1_842' title='bbox 2177 4822 2392 4887; x_wconf 86' lang='lat' dir='ltr'><strong>deitate,</strong></span> <span class='ocrx_word' id='word_1_843' title='bbox 2422 4829 2478 4876; x_wconf 91' lang='lat' dir='ltr'><strong>et</strong></span> <span class='ocrx_word' id='word_1_844' title='bbox 2503 4820 2766 4890; x_wconf 84' lang='lat' dir='ltr'><strong>perfectus</strong></span> <span class='ocrx_word' id='word_1_845' title='bbox 2791 4821 2844 4874; x_wconf 89' lang='lat' dir='ltr'><strong>in</strong></span> <span class='ocrx_word' id='word_1_846' title='bbox 2871 4820 3218 4887; x_wconf 86' lang='lat' dir='ltr'><strong>humanitate,</strong></span> <span class='ocrx_word' id='word_1_847' title='bbox 3246 4837 3352 4880; x_wconf 89' lang='lat' dir='ltr'><strong>non</strong></span> <span class='ocrx_word' id='word_1_848' title='bbox 3385 4829 3631 4890; x_wconf 84' lang='lat' dir='ltr'><strong>tanquam</strong></span> 
     </span>
    </p>
   </div>
   <div class='ocr_carea' id='block_1_105' title="bbox 422 4900 3633 4984">
    <p class='ocr_par' dir='ltr' id='par_1_105' title="bbox 422 4900 3633 4984">
     <span class='ocr_line' id='line_1_105' title="bbox 422 4900 3633 4984; baseline 0.002 -30"><span class='ocrx_word' id='word_1_849' title='bbox 422 4900 475 4954; x_wconf 88' lang='lat' dir='ltr'><strong>in</strong></span> <span class='ocrx_word' id='word_1_850' title='bbox 499 4900 697 4956; x_wconf 89' lang='lat' dir='ltr'><strong>duabus</strong></span> <span class='ocrx_word' id='word_1_851' title='bbox 719 4902 1068 4958; x_wconf 82' lang='lat' dir='ltr'><strong>subsistentiis</strong></span> <span class='ocrx_word' id='word_1_852' title='bbox 1095 4903 1206 4958; x_wconf 90' lang='lat' dir='ltr'><strong>sive</strong></span> <span class='ocrx_word' id='word_1_853' title='bbox 1235 4905 1474 4972; x_wconf 90' lang='lat' dir='ltr'><strong>personis</strong></span> <span class='ocrx_word' id='word_1_854' title='bbox 1498 4947 1512 4973; x_wconf 94' lang='lat'><strong>,</strong></span> <span class='ocrx_word' id='word_1_855' title='bbox 1559 4907 1653 4960; x_wconf 87' lang='lat' dir='ltr'><strong>sed</strong></span> <span class='ocrx_word' id='word_1_856' title='bbox 1692 4907 1746 4962; x_wconf 89' lang='lat' dir='ltr'><strong>in</strong></span> <span class='ocrx_word' id='word_1_857' title='bbox 1791 4907 1968 4966; x_wconf 87' lang='lat' dir='ltr'><strong>divina</strong></span> <span class='ocrx_word' id='word_1_858' title='bbox 2004 4918 2191 4966; x_wconf 84' lang='lat' dir='ltr'><strong>natura</strong></span> <span class='ocrx_word' id='word_1_859' title='bbox 2237 4919 2290 4966; x_wconf 91' lang='lat' dir='ltr'><strong>et</strong></span> <span class='ocrx_word' id='word_1_860' title='bbox 2331 4911 2557 4964; x_wconf 86' lang='lat' dir='ltr'><strong>humana</strong></span> <span class='ocrx_word' id='word_1_861' title='bbox 2601 4909 3000 4984; x_wconf 80' lang='lat' dir='ltr'><strong>cognoscendus</strong></span> <span class='ocrx_word' id='word_1_862' title='bbox 3021 4949 3036 4972; x_wconf 84' lang='lat'><strong>,</strong></span> <span class='ocrx_word' id='word_1_863' title='bbox 3087 4915 3143 4963; x_wconf 84' lang='lat' dir='ltr'><strong>ut</strong></span> <span class='ocrx_word' id='word_1_864' title='bbox 3171 4925 3306 4964; x_wconf 83' lang='lat' dir='ltr'><strong>unus</strong></span> <span class='ocrx_word' id='word_1_865' title='bbox 3329 4909 3396 4964; x_wconf 86' lang='lat' dir='ltr'><strong>sit</strong></span> <span class='ocrx_word' id='word_1_866' title='bbox 3419 4908 3470 4962; x_wconf 92' lang='lat' dir='ltr'><strong>iu</strong></span> <span class='ocrx_word' id='word_1_867' title='bbox 3494 4915 3633 4962; x_wconf 78' lang='lat' dir='ltr'><strong>utra-</strong></span> 
     </span>
    </p>
   </div>
   <div class='ocr_carea' id='block_1_106' title="bbox 419 4994 3634 5071">
    <p class='ocr_par' dir='ltr' id='par_1_106' title="bbox 419 4994 3634 5071">
     <span class='ocr_line' id='line_1_106' title="bbox 419 4994 3634 5071; baseline 0.002 -24"><span class='ocrx_word' id='word_1_868' title='bbox 419 5007 556 5064; x_wconf 88' lang='lat' dir='ltr'><strong>que,</strong></span> <span class='ocrx_word' id='word_1_869' title='bbox 592 4995 856 5062; x_wconf 87' lang='lat' dir='ltr'><strong>perl&#39;ectus</strong></span> <span class='ocrx_word' id='word_1_870' title='bbox 883 4994 1024 5051; x_wconf 91' lang='lat' dir='ltr'><strong>Deus</strong></span> <span class='ocrx_word' id='word_1_871' title='bbox 1071 5004 1126 5050; x_wconf 89' lang='lat' dir='ltr'><strong>et</strong></span> <span class='ocrx_word' id='word_1_872' title='bbox 1175 4995 1440 5065; x_wconf 67' lang='lat' dir='ltr'><strong>perfectus</strong></span> <span class='ocrx_word' id='word_1_873' title='bbox 1482 4997 1673 5063; x_wconf 87' lang='lat' dir='ltr'><strong>homo;</strong></span> <span class='ocrx_word' id='word_1_874' title='bbox 1741 5000 1882 5055; x_wconf 85' lang='lat' dir='ltr'><strong>idem</strong></span> <span class='ocrx_word' id='word_1_875' title='bbox 1925 5002 2040 5071; x_wconf 84' lang='lat' dir='ltr'><strong>ipse</strong></span> <span class='ocrx_word' id='word_1_876' title='bbox 2077 5001 2330 5058; x_wconf 86' lang='lat' dir='ltr'><strong>Dominus</strong></span> <span class='ocrx_word' id='word_1_877' title='bbox 2369 5000 2522 5056; x_wconf 72' lang='lat' dir='ltr'><strong>Iesus</strong></span> <span class='ocrx_word' id='word_1_878' title='bbox 2557 4999 2826 5068; x_wconf 84' lang='lat' dir='ltr'><strong>Christus,</strong></span> <span class='ocrx_word' id='word_1_879' title='bbox 2875 5015 3010 5057; x_wconf 88' lang='lat' dir='ltr'><strong>unus</strong></span> <span class='ocrx_word' id='word_1_880' title='bbox 3045 5001 3111 5055; x_wconf 89' lang='lat' dir='ltr'><strong>de</strong></span> <span class='ocrx_word' id='word_1_881' title='bbox 3156 5007 3336 5058; x_wconf 87' lang='lat' dir='ltr'><strong>sancta</strong></span> <span class='ocrx_word' id='word_1_882' title='bbox 3381 4995 3634 5052; x_wconf 81' lang='lat' dir='ltr'><strong>Trinitate</strong></span> 
     </span>
    </p>
   </div>
   <div class='ocr_carea' id='block_1_107' title="bbox 421 5081 3634 5160">
    <p class='ocr_par' dir='ltr' id='par_1_107' title="bbox 421 5081 3634 5160">
     <span class='ocr_line' id='line_1_107' title="bbox 421 5081 3634 5160; baseline 0.002 -24"><span class='ocrx_word' id='word_1_883' title='bbox 421 5081 898 5149; x_wconf 74' lang='lat' dir='ltr'><strong>congloriticandus</strong></span> <span class='ocrx_word' id='word_1_884' title='bbox 925 5081 1069 5135; x_wconf 79' lang='lat' dir='ltr'><strong>Patri</strong></span> <span class='ocrx_word' id='word_1_885' title='bbox 1111 5091 1166 5136; x_wconf 89' lang='lat' dir='ltr'><strong>et</strong></span> <span class='ocrx_word' id='word_1_886' title='bbox 1205 5093 1391 5138; x_wconf 83' lang='lat' dir='ltr'><strong>sancto</strong></span> <span class='ocrx_word' id='word_1_887' title='bbox 1419 5084 1662 5154; x_wconf 89' lang='lat' dir='ltr'><strong>Spiritui.</strong></span> <span class='ocrx_word' id='word_1_888' title='bbox 1723 5087 1832 5143; x_wconf 89' lang='lat' dir='ltr'><strong>Nec</strong></span> <span class='ocrx_word' id='word_1_889' title='bbox 1871 5091 2012 5145; x_wconf 91' lang='lat' dir='ltr'><strong>enim</strong></span> <span class='ocrx_word' id='word_1_890' title='bbox 2048 5099 2251 5160; x_wconf 69' lang='lat' dir='ltr'><strong>quarta:</strong></span> <span class='ocrx_word' id='word_1_891' title='bbox 2291 5102 2530 5158; x_wconf 68' lang='lat' dir='ltr'><strong>persona:</strong></span> <span class='ocrx_word' id='word_1_892' title='bbox 2575 5089 2924 5154; x_wconf 66' lang='lat' dir='ltr'><strong>adiectionem</strong></span> <span class='ocrx_word' id='word_1_893' title='bbox 2946 5090 3176 5159; x_wconf 79' lang='lat' dir='ltr'><strong>suScepit</strong></span> <span class='ocrx_word' id='word_1_894' title='bbox 3203 5097 3380 5144; x_wconf 85' lang='lat' dir='ltr'><strong>saneta</strong></span> <span class='ocrx_word' id='word_1_895' title='bbox 3408 5089 3634 5143; x_wconf 86' lang='lat' dir='ltr'><strong>Trinitas</strong></span> 
     </span>
    </p>
   </div>
   <div class='ocr_carea' id='block_1_108' title="bbox 421 5170 3630 5247">
    <p class='ocr_par' dir='ltr' id='par_1_108' title="bbox 421 5170 3630 5247">
     <span class='ocr_line' id='line_1_108' title="bbox 421 5170 3630 5247; baseline 0.005 -29"><span class='ocrx_word' id='word_1_896' title='bbox 421 5180 480 5225; x_wconf 70' lang='lat' dir='ltr'><strong>et</strong></span> <span class='ocrx_word' id='word_1_897' title='bbox 524 5170 796 5224; x_wconf 85' lang='lat' dir='ltr'><strong>incarnato</strong></span> <span class='ocrx_word' id='word_1_898' title='bbox 843 5186 947 5222; x_wconf 91' lang='lat' dir='ltr'><strong>uno</strong></span> <span class='ocrx_word' id='word_1_899' title='bbox 991 5171 1058 5224; x_wconf 93' lang='lat' dir='ltr'><strong>de</strong></span> <span class='ocrx_word' id='word_1_900' title='bbox 1103 5186 1287 5226; x_wconf 80' lang='lat' dir='ltr'><strong>saneta</strong></span> <span class='ocrx_word' id='word_1_901' title='bbox 1333 5171 1592 5228; x_wconf 86' lang='lat' dir='ltr'><strong>Trinitate</strong></span> <span class='ocrx_word' id='word_1_902' title='bbox 1637 5175 1747 5230; x_wconf 89' lang='lat' dir='ltr'><strong>Deo</strong></span> <span class='ocrx_word' id='word_1_903' title='bbox 1773 5176 1972 5234; x_wconf 82' lang='lat' dir='ltr'><strong>Verbo.</strong></span> <span class='ocrx_word' id='word_1_904' title='bbox 2027 5178 2186 5232; x_wconf 86' lang='lat' dir='ltr'><strong>Istam</strong></span> <span class='ocrx_word' id='word_1_905' title='bbox 2235 5177 2394 5246; x_wconf 77' lang='lat' dir='ltr'><strong>igitur</strong></span> <span class='ocrx_word' id='word_1_906' title='bbox 2442 5176 2636 5232; x_wconf 88' lang='lat' dir='ltr'><strong>bonam</strong></span> <span class='ocrx_word' id='word_1_907' title='bbox 2684 5177 3036 5239; x_wconf 85' lang='lat' dir='ltr'><strong>traditionem,</strong></span> <span class='ocrx_word' id='word_1_908' title='bbox 3067 5195 3223 5247; x_wconf 88' lang='lat' dir='ltr'><strong>quam</strong></span> <span class='ocrx_word' id='word_1_909' title='bbox 3251 5194 3278 5232; x_wconf 89' lang='lat' dir='ltr'><strong>a</strong></span> <span class='ocrx_word' id='word_1_910' title='bbox 3309 5181 3506 5234; x_wconf 86' lang='lat' dir='ltr'><strong>sanctis</strong></span> <span class='ocrx_word' id='word_1_911' title='bbox 3535 5179 3630 5235; x_wconf 80' lang='lat' dir='ltr'><strong>Pa-</strong></span> 
     </span>
    </p>
   </div>
   <div class='ocr_carea' id='block_1_109' title="bbox 422 5259 3630 5334">
    <p class='ocr_par' dir='ltr' id='par_1_109' title="bbox 422 5259 3630 5334">
     <span class='ocr_line' id='line_1_109' title="bbox 422 5259 3630 5334; baseline 0.002 -20"><span class='ocrx_word' id='word_1_912' title='bbox 422 5263 590 5314; x_wconf 73' lang='lat' dir='ltr'><strong>tribus</strong></span> <span class='ocrx_word' id='word_1_913' title='bbox 626 5259 947 5326; x_wconf 86' lang='lat' dir='ltr'><strong>accepimus,</strong></span> <span class='ocrx_word' id='word_1_914' title='bbox 989 5259 1334 5327; x_wconf 84' lang='lat' dir='ltr'><strong>custodimus,</strong></span> <span class='ocrx_word' id='word_1_915' title='bbox 1379 5261 1430 5314; x_wconf 93' lang='lat' dir='ltr'><strong>in</strong></span> <span class='ocrx_word' id='word_1_916' title='bbox 1474 5277 1576 5328; x_wconf 88' lang='lat' dir='ltr'><strong>qua</strong></span> <span class='ocrx_word' id='word_1_917' title='bbox 1603 5265 1828 5324; x_wconf 77' lang='lat' dir='ltr'><strong>vivimus</strong></span> <span class='ocrx_word' id='word_1_918' title='bbox 1863 5273 1919 5320; x_wconf 91' lang='lat' dir='ltr'><strong>et</strong></span> <span class='ocrx_word' id='word_1_919' title='bbox 1967 5281 2372 5329; x_wconf 81' lang='lat' dir='ltr'><strong>conversamur,</strong></span> <span class='ocrx_word' id='word_1_920' title='bbox 2431 5271 2486 5320; x_wconf 87' lang='lat' dir='ltr'><strong>et</strong></span> <span class='ocrx_word' id='word_1_921' title='bbox 2536 5280 2693 5332; x_wconf 90' lang='lat' dir='ltr'><strong>quam</strong></span> <span class='ocrx_word' id='word_1_922' title='bbox 2719 5306 2734 5332; x_wconf 94' lang='lat'><strong>,</strong></span> <span class='ocrx_word' id='word_1_923' title='bbox 2791 5269 2858 5321; x_wconf 92' lang='lat' dir='ltr'><strong>ab</strong></span> <span class='ocrx_word' id='word_1_924' title='bbox 2917 5267 3016 5320; x_wconf 88' lang='lat' dir='ltr'><strong>hac</strong></span> <span class='ocrx_word' id='word_1_925' title='bbox 3063 5265 3169 5318; x_wconf 82' lang='lat' dir='ltr'><strong>vita</strong></span> <span class='ocrx_word' id='word_1_926' title='bbox 3215 5265 3630 5334; x_wconf 62' lang='lat' dir='ltr'><strong>proficiscentes.</strong></span> 
     </span>
    </p>
   </div>
   <div class='ocr_carea' id='block_1_110' title="bbox 421 5345 3634 5424">
    <p class='ocr_par' dir='ltr' id='par_1_110' title="bbox 421 5345 3634 5424">
     <span class='ocr_line' id='line_1_110' title="bbox 421 5345 3634 5424; baseline 0.003 -24"><span class='ocrx_word' id='word_1_927' title='bbox 421 5360 636 5401; x_wconf 86' lang='lat' dir='ltr'><strong>oramus</strong></span> <span class='ocrx_word' id='word_1_928' title='bbox 680 5345 954 5400; x_wconf 86' lang='lat' dir='ltr'><strong>nobiscum</strong></span> <span class='ocrx_word' id='word_1_929' title='bbox 997 5345 1230 5411; x_wconf 87' lang='lat' dir='ltr'><strong>habere,</strong></span> <span class='ocrx_word' id='word_1_930' title='bbox 1275 5362 1392 5417; x_wconf 68' lang='lat' dir='ltr'><strong>quae</strong></span> <span class='ocrx_word' id='word_1_931' title='bbox 1437 5359 1522 5406; x_wconf 62' lang='lat' dir='ltr'><strong>est</strong></span> <span class='ocrx_word' id='word_1_932' title='bbox 1560 5350 1610 5403; x_wconf 93' lang='lat' dir='ltr'><strong>in</strong></span> <span class='ocrx_word' id='word_1_933' title='bbox 1650 5349 1862 5406; x_wconf 86' lang='lat' dir='ltr'><strong>Patrem</strong></span> <span class='ocrx_word' id='word_1_934' title='bbox 1908 5360 1976 5407; x_wconf 88' lang='lat' dir='ltr'><strong>et‘</strong></span> <span class='ocrx_word' id='word_1_935' title='bbox 1999 5351 2266 5409; x_wconf 87' lang='lat' dir='ltr'><strong>Christum</strong></span> <span class='ocrx_word' id='word_1_936' title='bbox 2316 5353 2504 5408; x_wconf 86' lang='lat' dir='ltr'><strong>Filium</strong></span> <span class='ocrx_word' id='word_1_937' title='bbox 2551 5355 2644 5408; x_wconf 90' lang='lat' dir='ltr'><strong>Dei</strong></span> <span class='ocrx_word' id='word_1_938' title='bbox 2687 5355 2816 5422; x_wconf 61' lang='lat' dir='ltr'><strong>sivi,</strong></span> <span class='ocrx_word' id='word_1_939' title='bbox 2865 5364 2918 5409; x_wconf 90' lang='lat' dir='ltr'><strong>et</strong></span> <span class='ocrx_word' id='word_1_940' title='bbox 2963 5361 3199 5409; x_wconf 89' lang='lat' dir='ltr'><strong>sanctum</strong></span> <span class='ocrx_word' id='word_1_941' title='bbox 3228 5353 3478 5424; x_wconf 84' lang='lat' dir='ltr'><strong>Spiritum</strong></span> <span class='ocrx_word' id='word_1_942' title='bbox 3507 5372 3634 5412; x_wconf 81' lang='lat' dir='ltr'><strong>con-</strong></span> 
     </span>
    </p>
   </div>
   <div class='ocr_carea' id='block_1_111' title="bbox 346 5436 604 5502">
    <p class='ocr_par' dir='ltr' id='par_1_111' title="bbox 346 5436 604 5502">
     <span class='ocr_line' id='line_1_111' title="bbox 346 5436 604 5502; baseline 0 -11"><span class='ocrx_word' id='word_1_943' title='bbox 346 5497 351 5502; x_wconf 55' lang='grc'><strong>,</strong></span> <span class='ocrx_word' id='word_1_944' title='bbox 421 5436 604 5491; x_wconf 79' lang='lat' dir='ltr'><strong>iesslo.</strong></span> 
     </span>
    </p>
   </div>
   <div class='ocr_carea' id='block_1_112' title="bbox 493 5549 1987 5628">
    <p class='ocr_par' dir='ltr' id='par_1_112' title="bbox 493 5551 1983 5628">
     <span class='ocr_line' id='line_1_112' title="bbox 493 5551 1983 5628; baseline 0.003 -22"><span class='ocrx_word' id='word_1_945' title='bbox 493 5559 665 5607; x_wconf 76' lang='grc' dir='ltr'>ταῦτα</span> <span class='ocrx_word' id='word_1_946' title='bbox 697 5552 857 5612; x_wconf 70' lang='grc' dir='ltr'>οὕτως</span> <span class='ocrx_word' id='word_1_947' title='bbox 893 5551 1239 5626; x_wconf 71' lang='grc' dir='ltr'>ὁμολογοῦντες</span> <span class='ocrx_word' id='word_1_948' title='bbox 1272 5555 1399 5628; x_wconf 70' lang='grc' dir='ltr'>πρὸς</span> <span class='ocrx_word' id='word_1_949' title='bbox 1443 5563 1558 5614; x_wconf 81' lang='grc' dir='ltr'>ταῖς</span> <span class='ocrx_word' id='word_1_950' title='bbox 1598 5551 1764 5611; x_wconf 72' lang='grc' dir='ltr'>ἄλλαις</span> <span class='ocrx_word' id='word_1_951' title='bbox 1804 5564 1892 5610; x_wconf 81' lang='grc' dir='ltr'><strong>τοῦ</strong></span> <span class='ocrx_word' id='word_1_952' title='bbox 1932 5560 1983 5610; x_wconf 80' lang='grc' dir='ltr'>ἓν</span> 
     </span>
    </p>
   </div>
   <div class='ocr_carea' id='block_1_113' title="bbox 2088 5549 3638 5628">
    <p class='ocr_par' dir='ltr' id='par_1_113' title="bbox 2157 5549 3638 5622">
     <span class='ocr_line' id='line_1_113' title="bbox 2157 5549 3638 5622; baseline -0.002 -15"><span class='ocrx_word' id='word_1_953' title='bbox 2157 5553 2282 5610; x_wconf 60' lang='lat' dir='ltr'><strong>Haec</strong></span> <span class='ocrx_word' id='word_1_954' title='bbox 2325 5556 2396 5609; x_wconf 91' lang='lat' dir='ltr'><strong>ita</strong></span> <span class='ocrx_word' id='word_1_955' title='bbox 2435 5553 2746 5610; x_wconf 79' lang='lat' dir='ltr'><strong>confitentes</strong></span> <span class='ocrx_word' id='word_1_956' title='bbox 2790 5567 2950 5622; x_wconf 85' lang='lat' dir='ltr'><strong>super</strong></span> <span class='ocrx_word' id='word_1_957' title='bbox 2987 5553 3119 5606; x_wconf 86' lang='lat' dir='ltr'><strong>alias</strong></span> <span class='ocrx_word' id='word_1_958' title='bbox 3164 5551 3334 5607; x_wconf 89' lang='lat' dir='ltr'><strong>sancti</strong></span> <span class='ocrx_word' id='word_1_959' title='bbox 3361 5549 3545 5608; x_wconf 79' lang='lat' dir='ltr'><strong>Cvrilli</strong></span> <span class='ocrx_word' id='word_1_960' title='bbox 3569 5552 3638 5604; x_wconf 81' lang='lat' dir='ltr'><strong>de</strong></span> 
     </span>
    </p>
   </div>
   <div class='ocr_carea' id='block_1_114' title="bbox 427 5639 1987 5716">
    <p class='ocr_par' dir='ltr' id='par_1_114' title="bbox 427 5639 1987 5714">
     <span class='ocr_line' id='line_1_114' title="bbox 427 5639 1987 5714; baseline -0.001 -20"><span class='ocrx_word' id='word_1_961' title='bbox 427 5639 582 5711; x_wconf 72' lang='grc' dir='ltr'>άγίοις</span> <span class='ocrx_word' id='word_1_962' title='bbox 617 5642 848 5714; x_wconf 53' lang='lat' dir='ltr'><strong>nuptura</strong></span> <span class='ocrx_word' id='word_1_963' title='bbox 871 5644 990 5714; x_wconf 81' lang='grc' dir='ltr'>περί</span> <span class='ocrx_word' id='word_1_964' title='bbox 1027 5650 1116 5702; x_wconf 81' lang='grc' dir='ltr'><strong>τῆς</strong></span> <span class='ocrx_word' id='word_1_965' title='bbox 1139 5643 1286 5714; x_wconf 75' lang='grc' dir='ltr'>ὀρθῆς</span> <span class='ocrx_word' id='word_1_966' title='bbox 1315 5645 1536 5701; x_wconf 79' lang='grc' dir='ltr'>πίστεως</span> <span class='ocrx_word' id='word_1_967' title='bbox 1558 5639 1894 5706; x_wconf 74' lang='grc' dir='ltr'>διδασκαλίας,</span> <span class='ocrx_word' id='word_1_968' title='bbox 1917 5660 1987 5696; x_wconf 61' lang='grc' dir='ltr'>καί</span> 
     </span>
    </p>
   </div>
   <div class='ocr_carea' id='block_1_115' title="bbox 2088 5639 3633 5716">
    <p class='ocr_par' dir='ltr' id='par_1_115' title="bbox 2088 5641 3633 5716">
     <span class='ocr_line' id='line_1_115' title="bbox 2088 5641 3633 5716; baseline 0 -20"><span class='ocrx_word' id='word_1_969' title='bbox 2088 5643 2182 5699; x_wconf 89' lang='lat' dir='ltr'><strong>llde</strong></span> <span class='ocrx_word' id='word_1_970' title='bbox 2203 5652 2348 5698; x_wconf 84' lang='lat' dir='ltr'><strong>recta</strong></span> <span class='ocrx_word' id='word_1_971' title='bbox 2375 5643 2662 5708; x_wconf 77' lang='lat' dir='ltr'><strong>doctrinas,</strong></span> <span class='ocrx_word' id='word_1_972' title='bbox 2689 5647 2752 5698; x_wconf 56' lang='lat' dir='ltr'><strong>ct»</strong></span> <span class='ocrx_word' id='word_1_973' title='bbox 2770 5643 2871 5698; x_wconf 85' lang='lat' dir='ltr'><strong>hoc</strong></span> <span class='ocrx_word' id='word_1_974' title='bbox 2893 5643 3034 5714; x_wconf 90' lang='lat' dir='ltr'><strong>quod</strong></span> <span class='ocrx_word' id='word_1_975' title='bbox 3061 5641 3261 5698; x_wconf 86' lang='lat' dir='ltr'><strong>dictum</strong></span> <span class='ocrx_word' id='word_1_976' title='bbox 3290 5653 3373 5698; x_wconf 83' lang='lat' dir='ltr'><strong>est</strong></span> <span class='ocrx_word' id='word_1_977' title='bbox 3400 5641 3468 5699; x_wconf 82' lang='lat' dir='ltr'><strong>ab</strong></span> <span class='ocrx_word' id='word_1_978' title='bbox 3495 5645 3633 5716; x_wconf 74' lang='lat' dir='ltr'><strong>ipsa.</strong></span> 
     </span>
    </p>
   </div>
  </div>
