3994 6140
458 221 645 290 ’4607

1725 244 1730 246 '
1759 227 2216 289 ‘JUSTINIAXI
2260 227 2412 288 1MP.

3573 222 3721 292 3008

480 364 574 400 τον
596 352 669 416 τῷ
699 345 882 414 ὁρατῷ,
902 345 1070 398 καὶτὸ
1096 342 1325 416 ἄχρονον
1340 351 1408 412 τῷ
1437 344 1536 396 ύπό
1566 344 1766 416 χρὸνον¹
1804 346 1888 395 οὐκ
1907 341 2049 400 aiio.-

2151 343 2290 412 quod
2320 352 2401 398 est
2429 353 2568 397 intus
2600 344 2848 410 hominis,
2874 351 2946 398 “et
2974 343 3114 414 quod
3150 351 3233 396 est
3261 341 3590 397 extrinsecus
3611 361 3628 396 :
3658 353 3712 399 et

483 429 542 486 δέ
566 437 652 488 καί
675 431 836 497 ἄλλος,
861 437 930 502 μὴ
947 434 1200 504 γένοιτο.·-ε

2155 441 2212 485 ut
2255 431 2630 502 compendiose
2655 431 2911 497 dicamus,
2948 429 3090 485 aliud
3116 431 3330 502 quidem
3361 437 3416 484 et
3459 430 3602 484 aliud
3644 445 3710 486 ea

2149 534 2216 573 ex
2243 519 2432 588 quibus
2451 519 2692 575 Saivator
2713 527 2811 586 est,
2837 535 2954 575 cum
2981 535 3086 574 non
3118 519 3258 574 idem
3285 521 3356 574 sit
3381 521 3648 576 invisibile
3663 531 3717 576 et

493 610 714 676 visibile,
741 621 798 667 et
823 612 927 666 hoc
953 609 1092 679 quod
1113 610 1229 665 sine
1257 618 1495 680 tempore
1521 619 1623 674 est,
1665 619 1720 666 et
1769 613 1871 665 hoc
1895 610 2041 680 quod
2083 610 2180 664 sub
2210 618 2448 679 tempore
2472 627 2484 660 :
2521 625 2622 665 non
2652 619 2828 664 autem
2855 611 2988 664 alius
3014 618 3068 664 et
3087 611 3224 664 alius
3249 628 3263 663 :
3293 612 3452 665 absit.
3481 631 3502 664 ε

565 699 690 755 Ἰδού
733 698 814 755 διά
845 701 1036 755 τούτων
1062 707 1231 772 σαφῶς
1261 697 1489 755 διδάσκει
1531 698 1555 753 ό
1602 701 1653 752 ἐν
1682 699 1842 771 ἁγίοις
1867 701 2054 774 mamo-

489 811 617 865 ριος,
643 789 722 846 ὅτι
743 793 824 844 ἐπί
845 797 933 844 τοῦ
955 792 1082 844 κατά
1102 791 1314 864 Χριστὸν
1333 788 1659 862 μυστηρίουό
1680 793 1769 860 μὲν
1792 791 1876 844 έπί
1895 810 2052 863 προσ-

489 884 638 934 ώπων
666 881 748 935 τὸν
777 880 980 954 ἀριθμὸν
1014 879 1174 950 λέγων
1191 920 1204 944 ,
1231 880 1301 937 ὦς
1329 879 1518 937 ἀσεϐὴς
1541 881 1916 950 κατακρίνεται·
1949 877 1974 932 ό
1997 877 2053 932 δέ

487 973 574 1025 έπί
615 977 713 1025 τῶν
750 971 946 1042 φύσεων
978 970 1026 1032 έξ
1053 965 1174 1023 ὦνό
1213 963 1284 1027 εἷς
1329 968 1563 1024 συνετέθη
1608 967 1840 1039 Χριστός,
1879 973 2054 1021 τοῦτον

489 1059 888 1134 παραλαμϐάνων
915 1058 1073 1132 ὀρθῶς
1094 1057 1322 1129 ἐμολογεῖ
1339 1071 1356 1087 ⁶
1380 1057 1448 1116 ὡς
1465 1060 1556 1114 τήν
1583 1057 1673 1125 μέν
1699 1055 1928 1130 διαφοράν
1953 1065 2054 1112 τῶν

487 1149 830 1204 συνελθουσῶν
865 1153 1055 1221 φύσεων
1085 1147 1167 1202 διὰ
1204 1149 1388 1203 τούτου
1417 1149 1692 1217 σημαίνων,
1720 1147 1960 1221 διαίρεσιν
2001 1147 2054 1202 δέ

449 1286 456 1303 ,
487 1244 578 1297 τήν
621 1239 714 1294 ἀνά
753 1239 903 1313 μέρος
939 1238 1048 1292 κατ’
1076 1237 1248 1292 οὐδένα
1281 1237 1467 1312 τρόπον
1505 1239 1823 1307 ποιούμενος.
1858 1235 2056 1312 Ὠσπερ

491 1328 592 1398 γάρ
632 1326 781 1402 έτέριι
817 1324 967 1398 φύσις
995 1333 1086 1384 τῆς
1113 1325 1320 1396 ψυχῆς,
1367 1327 1450 1380 καί
1485 1325 1632 1397 ἑτέρα
1665 1328 1938 1396 σώματος,
1974 1330 2058 1381 καί

495 1418 634 1492 ὅμως
658 1415 730 1478 εἷς
769 1420 900 1474 κατά
940 1420 1172 1474 σύνθεσιν
1209 1415 1470 1494 ἅνθρωπος
1512 1419 1964 1484 ἆποτελεῖται,-καί
1997 1423 2056 1475 ού

460 1545 469 1552 -
491 1506 584 1562 δύο
601 1523 614 1536 ⁸
645 1507 776 1562 οὕτω
817 1511 900 1562 καί
925 1509 972 1560 ἔν
1011 1516 1210 1580 Χριστῷ
1237 1511 1282 1562 εἰ
1309 1511 1391 1562 καί
1415 1507 1507 1563 δύο
1533 1510 1712 1581 φύσεις
1735 1512 2055 1584 θεωροῦνται,

480 1597 634 1670 τέτέρα
671 1601 762 1669 μέν
805 1605 896 1658 τῆς
944 1596 1198 1663 θεότητος,
1251 1598 1394 1673 έτέρα
1428 1597 1483 1653 δέ
1527 1606 1619 1658 τῆς
1653 1599 2051 1675 ἇινθρωπότητος.

2223 695 2354 750 Ecce
2385 712 2479 765 per
2503 697 2615 751 haec
2643 698 2915 751 evidenter
2940 699 3098 752 docet
3139 707 3356 753 sanctus
3405 698 3714 768 Gregorius.

2151 785 2292 854 quod
2321 787 2374 840 in
2401 787 2651 856 mysterio
2677 785 2870 840 Christi
2902 787 3224 860 ille_quidem
3253 788 3345 856 qui
3383 789 3437 842 in
3475 791 3719 858 personis

2155 889 2431 927 numerum
2461 874 2606 938 dicit,
2637 883 2693 928 ut
2729 875 2921 943 impius
2949 875 3374 929 condemnatur:
3419 877 3512 931 ille
3538 889 3718 932 autem

2152 963 2242 1030 qui
2273 962 2324 1015 in
2361 963 2593 1027 naturis,
2622 978 2692 1016 ex
2718 963 2909 1030 quibus
2943 979 3076 1016 unus
3121 962 3363 1018 Christus
3389 967 3720 1035 compositus

2157 1058 2258 1114 est,
2284 1065 2561 1104 numerum
2604 1051 2812 1120 accipit,
2862 1060 3010 1106 recte
3038 1049 3346 1116 conﬁtetur,
3376 1063 3433 1106 ut
3471 1063 3597 1124 pote
3621 1055 3722 1108 dif-

2159 1136 2433 1191 lerentiam
2463 1139 2676 1208 quidem
2705 1149 3012 1194 naturarum
3039 1155 3158 1209 qua:
3203 1152 3586 1207 convenerunt,
3625 1160 3722 1213 per

2160 1225 2264 1278 hoc
2283 1224 2584 1292 signiﬁcans
2605 1243 2630 1278 ς
2669 1225 2985 1280 divisionem
3019 1235 3220 1294 autem,
3251 1243 3368 1296 qua:
3397 1246 3494 1298 per
3515 1243 3718 1302 partem

2163 1321 2265 1376 est,
2317 1314 2462 1367 nullo
2508 1313 2668 1368 modo
2707 1313 2922 1368 faciens.
2953 1316 3100 1369 Sicut
3127 1317 3267 1370 enim
3315 1319 3483 1372 altera
3531 1331 3717 1376 natura

2156 1410 2238 1456 est
2266 1404 2470 1464 animai.
2502 1412 2556 1458 et
2584 1389 2751 1458 altera
2778 1405 3038 1473 corporis,
3069 1413 3123 1460 et
3151 1415 3330 1462 tamen
3361 1423 3498 1462 unus
3531 1425 3719 1465 secun-

2157 1491 2280 1546 dum
2305 1493 2746 1562 compositionem
2776 1493 2938 1548 homo
2975 1493 3220 1559 emcitur,
3250 1505 3308 1550 et
3340 1513 3445 1551 non
3474 1497 3578 1552 duo
3621 1501 3714 1554 ho.

2154 1583 2364 1647 mines;
2422 1583 2498 1638 sic
2550 1591 2604 1635 et
2654 1583 2708 1637 in
2756 1583 2970 1638 Christo
3022 1584 3148 1639 licet
3196 1587 3315 1641 dua:
3362 1589 3719 1658 intelligantur

463 1686 688 1741 βάλω-ού
727 1685 810 1742 διά
850 1693 1002 1742 τοῦτο
1045 1685 1136 1740 δύο
1177 1689 1408 1760 Χριστοί,
1435 1687 1466 1747 ἢ
1505 1687 1598 1742 δύο
1621 1689 1722 1742 υίοί
1749 1691 2049 1760 εἰσάγονται.

2160 1689 2378 1746 naturae,
2406 1682 2572 1736 altera
2601 1681 2813 1752 quidem
2840 1682 3070 1745 deitatis,
3103 1684 3268 1740 altera
3297 1703 3428 1741 vero
3474 1689 3717 1744 humani-

489 1778 644 1836 Ὠστε
673 1781 992 1851 τόνάριθμόν
1019 1787 1116 1834 τῶν
1141 1782 1192 1833 ὲν
1208 1787 1410 1853 Χριστῷ
1436 1781 1630 1852 φύσεων
1659 1781 1785 1836 κο.τά
1807 1783 1894 1836 τόν
1917 1783 2052 1856 sipu-

493 1874 632 1944 μένον
655 1873 835 1946 τρόπον
865 1873 1256 1948 παραιτούμενοι
1288 1871 1463 1941 λέγειν,
1497 1871 1632 1929 δῆλοί
1651 1873 1750 1927 εἰσι
1776 1875 1868 1928 τήν
1889 1869 2058 1944 διαφο-

491 1966 586 2038 ράν
628 1965 818 2018 τούτων
859 1961 1164 2037 ἀρνούμενοι,
1192 1963 1274 2014 καί
1313 1962 1574 2032 σύγχυσιν
1615 1962 1969 2031 ἐπεισάγοντες
1995 1969 2057 2032 τῇ

489 2053 758 2124 οἰκονομίᾳ.
786 2053 841 2104 El
867 2049 920 2104 δέ
949 2055 1039 2109 τήν
1059 2049 1295 2124 διαφοράν
1335 2049 1679 2120 ὁμολογοῦσιν,
1703 2051 1894 2121 ἀνάγκη
1931 2051 2058 2102 πάν·

490 2163 590 2202 τως
611 2143 700 2195 ἐπὶ
729 2145 888 2215 ταύτῃ
903 2143 1002 2193 ·καί
1037 2141 1122 2193 τόν
1163 2140 1368 2216 ἀριθμόν
1412 2146 1513 2193 τῶν
1541 2140 1857 2208 άσυγχύτως
1885 2138 2058 2191 συνελ-

488 2233 682 2285 θουσῶν
705 2233 905 2303 φύσεων
925 2232 994 2290 ιτς
1022 2231 1142 2298 μίαν
1171 2229 1460 2283 ὑπόστασιν
1483 2229 1639 2300 λέγειν
1666 2231 1868 2288 αύτούς.
1891 2225 2054 2282 Ὀπου

485 2321 590 2395 γάρ
615 2319 824 2392 διαφορά
845 2319 1168 2390 φυλάττεται,
1189 2318 1352 2389 ταύτῃ
1373 2319 1574 2376 πάντως
1597 2319 1683 2370 καί
1710 2318 1913 2392 ἀριθμός
1939 2318 2058 2372 ἕπε-

492 2431 594 2463 ται.
617 2412 704 2468 Εἰς
733 2411 984 2462 σύστασιν
1014 2405 1066 2462 δέ
1086 2414 1189 2461 τῶν
1215 2407 1338 2479 παρ’
1370 2407 1508 2476 ἡμῶν
1547 2407 1816 2479 εἰρημένων
1957 2413 2056 2460 τῶν

488 2497 644 2566 ἁγίων
671 2497 901 2568 πατέρων
921 2499 1181 2570 μαρτυρίᾳ
1209 2497 1482 2564 χρώμενοι,
1511 2492 1732 2564 δείξομεν
1754 2496 1940 2554 αύτούς
1975 2494 2058 2550 λέό

393 2587 402 2594 ’
488 2605 618 2653 γειν,
652 2583 732 2640 ὅτι
755 2585 838 2640 έπί
878 2592 969 2640 τοῦ
1011 2590 1144 2639 κατά
1179 2585 1390 2661 Χριστόν
1419 2587 1702 2659 μυστηρίου
1737 2585 1784 2637 oi
1811 2587 1899 2652 μέν
1925 2585 2056 2657 λόγοι

490 2673 804 2748 διαιροῦνται
831 2676 958 2730 κατὰ
975 2671 1324 2750 τήν-διαφοράν
1351 2681 1448 2730 τῶν
1473 2677 1688 2746 φύσεων,
1719 2676 1952 2735 θεότητος
1976 2678 2056 2728 καί

489 2767 886 2842 ἀνθρωπότητυς,
923 2767 976 2829 έξ
1003 2763 1070 2820 ὧν
1102 2768 1184 2818 καί
1211 2767 1461 2828 συνετέθη,
1494 2767 1576 2818 καί
1610 2769 1694 2818 τιὶν
1725 2766 1933 2838 ἀριθμὸν
1971 2766 2056 2819 έπί

483 2856 672 2910 τούτου
689 2855 1191 2930 παραλαμϐάνουσιν,
1213 2855 1271 2908 ού
1290 2859 1386 2923 μὴν
1409 2863 1771 2930 πραγματικῶς
1791 2857 1885 2909 ἀνά
1905 2856 2055 2930 μέρος

485 2951 575 3005 τὴν
599 2952 700 3002 τῶν
725 2947 924 3020 φύσεων
947 2951 1206 3002 ποιοῦνται
1239 2944 1477 3022 διαίρεσιν
1505 2948 1578 3006 είς
1605 2945 1695 3002 δύο
1718 2947 2051 3014 ὑποστάσεις,

483 3038 594 3094 ἦτοι
615 3033 706 3092 δύο
728 3031 996 3098 πρόσωπα.

2157 1772 2300 1836 tatis,
2329 1771 2422 1826 sed
2457 1787 2564 1826 non
2595 1779 2812 1841 propter
2841 1773 2944 1828 hoc
2969 1774 3076 1827 duo
3127 1775 3342 1842 christi,
3376 1789 3470 1832 aut
3491 1769 3608 1834 δυο
3624 1782 3712 1836 ﬁlii

2155 1861 2581 1916 introducuntur.
2613 1859 2752 1929 Ergo
2791 1863 2883 1930 qui
2919 1879 3200 1918 numerum
3247 1874 3562 1923 naturarum
3605 1887 3718 1940 qua:

2157 1952 2210 2006 in
2240 1952 2454 2006 Christo
2483 1959 2626 2018 sunt,
2647 1953 2936 2007 secundum
2965 1954 3275 2022 praedictum
3303 1957 3518 2012 modum
3545 1960 3720 2015 dicere

2156 2050 2420 2107 recusant,
2447 2042 2710 2096 manifesti
2742 2051 2868 2097 sunt
2889 2043 3241 2098 differentiam
3271 2056 3580 2103 naturarum
3621 2052 3715 2105 ab-

2157 2139 2431 2200 negantes,
2485 2141 2542 2186 et
2583 2123 2952 2188 confusionem
3005 2135 3407 2193 introducentes
3449 2139 3717 2210 dispensa-

2156 2221 2308 2276 tioni.
2356 2220 2412 2276 Si
2441 2237 2568 2277 vero
2607 2221 2957 2276 differentiam
2987 2223 3330 2292 conﬁtentur,
3382 2243 3598 2283 necesse
3639 2241 3716 2284 est

2155 2309 2460 2364 omnimodo
2485 2308 2554 2362 ad
2583 2324 2698 2364 eam
2723 2307 3142 2378 signiﬁcandam,
3171 2321 3225 2367 et
3245 2329 3523 2370 numerum
3545 2318 3715 2374 dicere

2155 2408 2461 2455 naturarum
2490 2415 2608 2469 qum
2631 2401 2746 2454 sine
2773 2401 3082 2456 confusione
3127 2404 3180 2457 in
3230 2420 3387 2459 unam
3429 2407 3715 2462 subsisten-

2155 2500 2280 2554 tiam
2309 2505 2692 2553 convenerunt.
2728 2496 2825 2551 Ubi
2855 2497 2994 2552 enim
3019 2497 3316 2555 differentia
3348 2514 3614 2572 servatur,
3645 2505 3733 2560 ibi'

2155 2587 2301 2644 omni
2343 2586 2504 2642 modo
2531 2593 2588 2642 et
2626 2601 2878 2642 numerus
2921 2589 3178 2658 sequitur.
3228 2590 3311 2645 Ad
3358 2593 3714 2650 conﬁrmanda

2156 2684 2334 2730 autem
2363 2690 2425 2730 ea
2451 2690 2570 2745 quae
2605 2675 2853 2742 diximus,
2895 2685 3204 2732 sanctorum
3233 2689 3442 2748 patrum
3473 2685 3713 2740 testimo-

2156 2767 2244 2821 nio
2264 2773 2494 2830 utentes,
2521 2765 2861 2820 ostendemus
2896 2781 2991 2822 eos
3017 2766 3216 2836 dicere,
3245 2771 3387 2838 quod
3407 2772 3459 2824 in
3488 2771 3715 2844 [myste-

2153 2857 2234 2913 rio
2261 2855 2457 2911 Christi
2480 2855 2672 2927 Greca]
2715 2871 2822 2910 uno
2849 2856 3078 2912 Domino
3117 2867 3296 2914 nostro
3329 2859 3454 2914 Iesu
3497 2861 3711 2918 Christo

2151 2948 2393 3002 rationes
2427 2946 2640 3016 quidem
2673 2945 2982 3002 dividuntur
3031 2947 3306 3003 secundum
3351 2947 3699 3020 differentiam

2085 3029 2135 3094 C
2163 3048 2472 3094 naturarum
2491 3037 2704 3092 deitatis
2731 3045 2786 3092 et
2807 3039 3144 3092 humanitatis
3176 3053 3240 3092 ex
3266 3039 3457 3107 quibus
3476 3053 3532 3093 et
3551 3054 3704 3094 com-

2155 3127 2366 3196 positus
2383 3135 2494 3194 est,
2516 3133 2572 3180 et
2589 3141 2867 3182 numerum
2890 3127 2942 3180 in
2971 3127 3076 3183 hoc
3095 3135 3378 3194 assumunt,
3399 3144 3504 3184 non
3525 3137 3708 3185 tamen

473 3216 598 3286 ipsa
638 3231 718 3273 re.
739 3225 796 3273 et
848 3233 947 3289 per
987 3227 1516 3289 partes-naturarum
1545 3217 1763 3272 ‘faciunt
1807 3217 2120 3276 divisionem
2156 3217 2210 3271 in
2235 3217 2366 3272 duas
2391 3216 2755 3274 subsistentias
2779 3217 2893 3271 sive
2927 3232 3204 3287 personas.

557 3309 698 3378 Λέγει
736 3309 835 3384 γὰρ
875 3308 900 3362 ό
938 3309 986 3362 έν
1029 3309 1186 3380 ἁγίοις
1229 3309 1458 3384 ιύριλλος
1485 3309 1536 3362 έν
1579 3314 1642 3381 τῇ
1690 3307 1924 3383 ἑρμηνείᾳ
1957 3313 2046 3362 τοῦ

484 3403 745 3452 Λευιτεκοῦ
778 3396 936 3457 οὕτως
959 3411 990 3428 ’ί
1012 3416 1031 3450 ε
1053 3396 1197 3452 ὀλον
1225 3395 1286 3458 δή
1314 3399 1463 3452 πάλιν
1495 3399 1544 3451 έν
1569 3399 1767 3456 τούτοις
1790 3399 2048 3471 περιάθρει

483 3497 654 3561 σαφῶς
681 3495 772 3545 τοῦ
799 3497 1030 3562 σωτῆρος
1053 3491 1190 3560 ἡμῶν
1215 3491 1275 3544 τό
1304 3493 1604 3564 μυστήριον,
1641 3491 1727 3544 καί
1745 3489 1826 3544 τόν
1848 3487 1932 3544 διά
1954 3495 2045 3544 τοῦ

481 3583 628 3652 ἁγίου
677 3583 1032 3652 βαπτίσματος
1072 3583 1406 3657 καθαρισμὸν.
1455 3583 1551 3636 Δύο
1597 3585 1688 3654 μέν
1729 3584 1826 3656 γάρ
1866 3583 2048 3656 ὀρνίθια

482 3673 716 3744 ληφθῆναι
750 3671 934 3726 κελεύει
959 3675 1118 3736 ζῶντα
1143 3676 1226 3726 καί
1265 3675 1475 3747 καθαρά,
1497 3678 1587 3732 ἵνα
1625 3679 1808 3746 νοήσῃς
1839 3672 1922 3729 διά
1949 3680 2048 3728 τῶν

478 3767 717 3815 πετεινῶν
753 3763 840 3816 τόν
866 3762 1092 3836 οὐράνιον
1132 3759 1393 3836 ἄνθρωπόν
1417 3783 1474 3818 τε
1511 3761 1637 3834 όμοῦ
1685 3767 1768 3817 καί
1803 3765 1927 3818 Θεὸν
1974 3768 2047 3824 ε’ς

483 3847 576 3904 δύο
597 3853 792 3920 φύσεις,
825 3849 946 3906 ὅσον
986 3849 1100 3914 ἧκεν
1141 3856 1212 3912 εὶς
1249 3855 1335 3908 τόν
1364 3853 1556 3926 ἑκάστη
1591 3856 1848 3928 πρέποντα
1879 3855 2042 3928 λόγον,

483 3935 825 4011 διαιρούμενον
841 3957 854 3972 ·
881 3939 1028 4011 λόγος
1049 3941 1143 4016 γὰρ
1159 3938 1221 4000 «ἦν
1239 3939 1274 3996 μό
1299 3943 1354 3996 in
1381 3951 1509 3997 Θεοῦ
1535 3945 1732 4014 πατρὸς
1751 3945 2049 4019 ἀναλάμψας

483 4028 532 4080 ἐν
557 4030 707 4100 σαρκί
725 4035 790 4101 τῇ
812 4029 868 4082 ix
891 4032 1142 4099 γυναικός,
1169 4031 1294 4090 πλὴν
1319 4033 1377 4085 ού
1399 4033 1718 4107 μεριζόμενος
1740 4050 1752 4063 ⁸
1781 4031 1848 4095 εἷς
1875 4038 1970 4106 γὰρ
1995 4037 2046 4100 ἐξ

483 4117 666 4188 ἀμφοῖν
691 4117 716 4172 ὁ
749 4119 984 4193 Χριστός.
1001 4137 1028 4172 J
1060 4123 1151 4177 καί
1173 4121 1312 4177 πάλιν
1331 4121 1358 4178 ό
1381 4122 1528 4184 αὖτός
1549 4123 1598 4178 έν
1617 4123 1779 4196 όιγίοις
1809 4125 2046 4201 Κύριλ).ος

481 4207 533 4262 ἐν
563 4216 629 4283 τῇ
664 4209 789 4286 πρὸς
827 4211 1094 4266 Σούκενσον
1131 4211 1352 4290 δευτέρᾳ·
1379 4211 1623 4288 έπιστολῇ
1644 4219 1820 4290 γράφει
1845 4215 2004 4277 οὕτως
2029 4232 2042 4246 ⁸

485 4316 506 4348 ε
524 4295 646 4354 Ἀλλ’
675 4299 946 4374 ἠγνόησαν,
967 4300 1044 4357 ὅτι
1064 4300 1162 4358 ὅσα
1180 4307 1303 4360 κατά
1323 4307 1474 4375 μόνην
1491 4312 1578 4365 τήν
1596 4308 1807 4380 θεωρίαν
1834 4305 2044 4380 διαιρεῖ-

479 4391 594 4450 σθαι
619 4393 764 4465 τελεῖ,
789 4399 956 4450 ταῦτα
991 4396 1048 4448 ού
1090 4397 1290 4456 πάντως
1319 4401 1400 4456 καί
1439 4401 1510 4458 ιίς
1537 4397 1810 4470 ἑτερότητα
1837 4403 1926 4457 τήν
1953 4401 2046 4454 ἀνά

479 4480 628 4552 μέρος
651 4478 930 4556 ὃλοτρόπως
969 4485 1050 4536 καί
1084 4481 1250 4544 έδικῶς
1277 4485 1650 4554 ἁποφοιτύσειεν
1693 4481 1754 4540 ἂν
1780 4488 1878 4541 ’ἀπ’
1901 4487 2042 4544 ἀλλή-

2219 3305 2357 3376 Dicit
2379 3305 2522 3360 enim
2549 3312 2768 3360 sanctus
2795 3304 3021 3376 Cyrillus
3051 3307 3102 3360 in
3136 3306 3348 3363 Levitici
3396 3309 3710 3379 interpreta—

2147 3395 2295 3450 tione
2323 3393 2506 3464 (Levit.
2566 3409 2582 3448 ι
2621 3393 2638 3462 )
2683 3394 2796 3448 sic:
2835 3394 3064 3448 «Totum
3094 3398 3146 3451 in
3169 3397 3251 3452 his
3279 3396 3470 3454 iterum
3490 3397 3711 3458 circum-

2147 3484 2296 3554 spice
2324 3491 2507 3554 aperte
2530 3481 2821 3540 Salvatoris
2848 3487 3014 3540 nostri
3046 3489 3376 3558 mysterium,
3426 3497 3482 3544 et
3525 3505 3707 3544 emun-

2149 3571 2416 3628 dationem
2437 3587 2556 3642 quae
2580 3587 2677 3642 per
2695 3583 2936 3628 sanctum
2965 3575 3224 3645 baptisma
3266 3577 3342 3630 ﬁt.
3391 3577 3532 3633 Duas
3567 3581 3704 3634 enim

2146 3663 2378 3718 aviculas
2405 3663 2541 3718 sumi
2557 3663 2708 3732 jubet
2733 3665 2882 3719 vivas
2901 3674 2956 3720 et
2979 3667 3220 3731 mundus,
3254 3677 3312 3722 ut
3333 3669 3596 3738 intelligas
3617 3685 3706 3739 per

2145 3753 2384 3808 volatilia
2415 3753 2699 3808 caelestem
2718 3755 2986 3809 hominem
3013 3756 3168 3810 simul
3193 3766 3245 3810 et
3275 3757 3460 3823 Deum,
3491 3759 3543 3812 in
3582 3758 3708 3813 duas

2147 3849 2386 3909 naturas,
2425 3850 2682 3912 quantum
2733 3845 2965 3912 pertinet
3003 3843 3069 3900 ad
3121 3846 3382 3900 rationem
3428 3847 3706 3915 unicuique.

2147 3933 2575 4001 convenientem,
2600 3933 2956 3990 dividendum.
2985 3935 3120 3990 Deus
3149 3938 3288 3991 enim
3320 3937 3572 4006 Verbum,
3595 3939 3713 4010 quia

2147 4045 2216 4086 ex
2244 4031 2356 4087 Deo
2383 4029 2540 4088 Patre
2568 4041 2669 4097 est,
2699 4032 2965 4102 splenduit
2981 4033 3036 4088 in
3064 4047 3224 4089 carne
3247 4048 3366 4102 quae
3399 4050 3465 4088 ex
3491 4037 3708 4094 muliere

2147 4129 2250 4186 est,
2293 4129 2658 4177 verumtamen
2708 4137 2816 4177 non
2863 4122 3232 4194 partiendum;
3277 4139 3410 4179 unus
3455 4125 3596 4180 enim
3641 4141 3704 4180 et

2145 4211 2386 4280 utrisque
2404 4211 2666 4267 Christus.
2701 4231 2720 4264 ι
2754 4210 2822 4267 Ει
2845 4213 3038 4269 iterum
3065 4211 3209 4271 idem
3238 4225 3456 4270 sanctus
3483 4213 3704 4286 Cyrillus

2147 4303 2201 4358 in
2245 4301 2476 4358 secunda
2509 4303 2574 4358 ad
2609 4303 2927 4360 Successum
2967 4303 3190 4376 epistola
3237 4305 3308 4360 ita
3351 4305 3515 4361 dicit:
3551 4327 3570 4358 ι
3603 4305 3705 4362 Sed

2147 4390 2525 4458 ignora-verunt
2551 4391 2692 4460 quod
2715 4407 2832 4462 qua:
2852 4411 2947 4463 per
2977 4397 3149 4452 solum
3189 4394 3516 4452 intellectum
3545 4395 3701 4452 dividi

2145 4481 2340 4545 solent,
2383 4496 2488 4535 non
2534 4482 2646 4536 haec
2702 4485 3000 4540 necessario
3055 4487 3215 4541 etiam
3270 4486 3323 4541 in
3369 4486 3700 4550 alteritatezn,

477 4569 594 4624 λων.
617 4588 640 4623 ι
657 4573 749 4625 Καί
773 4570 798 4624 ό
827 4571 878 4627 έν
895 4571 1052 4643 ἁγίοις
1073 4573 1323 4634 Βασίλειος
1343 4575 1390 4627 ἐν
1409 4583 1482 4644 τῷ
1503 4578 1730 4646 τετάρτῳ
1759 4577 1867 4632 κατ’
1897 4578 2043 4631 Εὐνο-

2149 4582 2267 4637 qute
2283 4577 2371 4624 est
2390 4584 2485 4638 per
2509 4577 2708 4639 partes,
2738 4573 3045 4628 omnimodo
3072 4582 3128 4630 et
3152 4576 3457 4642 specialiter
3479 4591 3508 4628 a
3539 4590 3599 4631 se
3627 4577 3702 4628 in-

477 4663 595 4731 μίου
619 4661 746 4732 λόγῳ
765 4662 1044 4735 έρμηνεύων
1068 4665 1374 4738 τό-ιίύριος
1399 4665 1562 4721 ἔκτισί
1582 4685 1666 4739 με,
1696 4671 1778 4720 καί
1799 4668 1900 4740 πρό
1921 4670 2043 4721 πάν-

477 4771 580 4805 των
589 4751 780 4820 βουνῶν
798 4758 935 4824 γεννᾷ
954 4772 1013 4823 με
1029 4755 1280 4828 -γράᾳει
1300 4753 1481 4812 οὕτως’
1500 4771 1518 4805 ε
1540 4757 1764 4812 Δηπτέον
1783 4751 1934 4810 οὖντὸ
1952 4759 2042 4826 μὲν

480 4841 828 4908 ἐγέννησεν,
853 4843 936 4896 έπί
962 4848 1054 4896 τοῦ
1075 4849 1200 4896 Θεοῦ
1224 4843 1348 4895 υίοῦ·
1374 4845 1432 4897 τὸ
1448 4841 1501 4898 δέ
1531 4841 1814 4909 ἔκτισεν,
1839 4845 1923 4898 έπί
1949 4852 2037 4899 τοῦ

477 4937 568 4988 τήν
583 4937 771 5004 μορφήν
788 4938 876 4987 τοῦ
894 4931 1068 4986 δούλου
1085 4932 1340 4994 λαϐόντος.
1359 4930 1434 4986 Ἐν
1457 4938 1584 4987 πᾶσι
1601 4931 1653 4987 δὲ
1670 4935 1864 4992 τούτοις
1880 4935 1935 4987 ού
1951 4933 2040 4988 δύο

479 5020 701 5091 λέγομεν,
733 5022 850 5076 Θεὸν
876 5021 1000 5088 ἰδέᾳ,
1027 5025 1113 5076 καί
1139 5020 1399 5096 ἄνθρωπον
1425 5021 1526 5098 ἰδίᾳ
1547 5040 1560 5052 ’
1584 5020 1653 5082 εἷς
1670 5025 1767 5098 γὰρ
1805 5022 1888 5082 ἦν’
1917 5025 2040 5079 άλλά

480 5109 586 5163 κατ’
615 5108 836 5178 ἐπίνοιαν
861 5116 950 5168 τήν
985 5111 1198 5165 ἑκάστου
1223 5113 1371 5181 φύσιν
1407 5111 1730 5182 λογιζόμενοι.
1759 5131 1775 5161 ι
1809 5115 1892 5166 Καὶ
1927 5112 1953 5168 ό
1993 5114 2044 5166 έν

479 5195 640 5270 ἁγίοις
665 5194 720 5250 δέ
747 5195 1016 5273 Γρηγόριος
1041 5197 1066 5250 ό
1095 5196 1314 5270 θεολόγος
1337 5201 1386 5252 έν
1422 5207 1492 5267 τῷ
1527 5205 1645 5274 περί
1683 5202 1793 5256 υίοῡ
1823 5201 2042 5276 δευτέρῳ

479 5285 610 5356 λόγῳ
635 5283 881 5339 διδάσκων
905 5287 1036 5354 ἡμᾶς
1055 5323 1070 5348 ,
1099 5283 1236 5344 ὅπως
1277 5284 1356 5340 δεῖ
1383 5289 1473 5347 τὰς
1520 5289 1568 5340 έν
1606 5296 1680 5361 τῷ
1723 5293 1879 5366 κυρίῳ
1903 5293 2042 5362 ἡμῶν

477 5367 642 5433 Ἰησοῦ
685 5381 884 5448 Χριστῷ
923 5376 1095 5444 φύσεις
1131 5377 1242 5430 κατ’
1282 5377 1502 5431 ἐπίνοιαν
1543 5376 1819 5452 διακρίνειν,
1867 5383 2043 5456 γράφει

479 5468 658 5527 οὔτως
695 5484 712 5517 ι
734 5465 898 5520 ἰΙνίκα
920 5467 972 5521 αἱ
996 5469 1171 5536 φύσεις
1195 5465 1478 5524 διίστανται
1506 5477 1619 5528 ταῖς
1641 5471 1901 5534 ἐπινοίαις,
1929 5493 2046 5525 συν-

480 5553 743 5634 διαιρεῖται
785 5558 868 5609 καί
909 5559 975 5614 τά
1017 5555 1258 5628 ὀνόματα.
1293 5556 1485 5612 Παύλου
1523 5558 1750 5628 λέγοντος
1789 5555 2040 5613 ἄκουσονο

485 5643 688 5702 -ἰνιιό
705 5646 832 5727 Θεὸς,
845 5653 933 5702 τοῦ
955 5649 1130 5727 κυρίου
1146 5649 1280 5717 ἡμῶν
1297 5645 1458 5704 Ἰησοῦ
1475 5655 1697 5721 Χριστοῦ
1721 5648 1746 5704 ό
1763 5656 1929 5724 πατιόρ
1949 5659 2039 5712 τῆς

2145 4657 2318 4712 vicem
2357 4660 2764 4728 separabuntur.
2805 4679 2824 4712 ι
2878 4659 2984 4718 Sed
3026 4669 3082 4717 et
3123 4673 3339 4719 sanctus
3381 4664 3607 4719 Basilius
3653 4665 3703 4716 in

2141 4757 2336 4818 quarto
2356 4748 2492 4804 libro
2511 4750 3052 4819 contraEtmomium,
3067 4754 3418 4822 interpretans
3445 4755 3546 4810 hoc
3566 4754 3704 4824 quod

2145 4845 2264 4892 est:
2295 4835 2547 4892 Dominus
2573 4840 2762 4892 crearit
2785 4855 2882 4904 me,
2915 4851 2965 4894 et
2997 4853 3114 4896 ante
3139 4859 3313 4897 omnes
3353 4845 3508 4898 colles
3531 4844 3702 4914 gmuii

2145 4943 2226 4980 me
2241 4927 2416 4999 (Prov.
2433 4928 2840 5001 vin):itascribit
2863 4949 2874 4982 :
2906 4951 2923 4982 ι
2947 4931 3344 5000 intelligendum
3369 4935 3472 4990 hoc
3495 4937 3699 5004 quidem

2143 5017 2290 5086 quod
2315 5017 2462 5084 dicit,
2492 5023 2696 5083 creauit,
2728 5019 2794 5074 de
2815 5035 2879 5075 eo
2907 5021 2997 5088 qni
3029 5021 3252 5076 formum
3297 5027 3432 5079 servi
3473 5026 3696 5095 accepit.

2143 5114 2201 5169 ln
2229 5115 2311 5170 his
2339 5123 2518 5170 autem
2545 5117 2790 5172 omnibus
2821 5134 2922 5173 non
2947 5121 3052 5174 duo
3079 5121 3320 5188 dicimus,
3353 5123 3517 5176 Deum
3547 5139 3699 5193 sepa-

2143 5205 2319 5267 ratim,
2366 5213 2420 5259 et
2463 5206 2732 5262 hominem
2758 5213 3062 5278 separatim,
3095 5228 3228 5265 unus
3257 5214 3396 5266 enim
3427 5224 3579 5268 erat:
3609 5213 3698 5268 sed

2143 5293 2434 5348 secundum
2489 5295 2837 5360 intellectum,
2896 5300 3168 5368 utriusque
3221 5309 3464 5356 naturam
3518 5303 3697 5356 existi-

2145 5392 2369 5438 mantes.
2395 5402 2413 5436 ι
2437 5383 2542 5438 Sed
2559 5393 2616 5439 et
2637 5395 2850 5441 sanctus
2870 5386 3155 5456 Gregorius
3178 5390 3477 5458 Theologus
3499 5391 3548 5445 in
3571 5392 3704 5445 libro

2143 5475 2378 5529 secundo
2412 5475 2479 5530 de
2505 5475 2658 5540 Filio,
2691 5478 2888 5532 docens
2935 5496 3032 5534 nos
3061 5483 3329 5550 quomodo
3378 5484 3430 5536 in
3479 5482 3704 5538 Domino

2144 5573 2328 5618 nostro
2347 5563 2474 5618 Jesu
2499 5565 2711 5621 Christo
2738 5579 2950 5638 Oportet
2981 5583 3195 5626 naturus
3215 5589 3333 5640 qua:
3385 5575 3434 5626 in
3465 5589 3533 5628 eo
3559 5581 3704 5637 sunt,

2141 5652 2430 5706 secundum
2455 5655 2776 5710 intellectum
2805 5659 2928 5712 disc:
2952 5677 3123 5726 metu,
3157 5663 3224 5715 ita
3255 5665 3436 5717 scribi:
3467 5681 3478 5715 :
3519 5681 3536 5713 ι
3569 5661 3704 5714 Cum
