3994 6140
292 336 424 403 1009

1427 347 1839 410 CONFESSIO
1879 345 2137 407 RECT/E
2150 351 2160 361 ”
2173 348 2407 410 FlDEI.

3370 332 3507 405 1010

280 458 441 520 δόξης·
470 459 694 529 Χριστοῦ
720 455 813 526 μίν
830 454 973 518 Θεὸςσ
1001 462 1092 516 τῆς
1106 454 1169 511 δᾶ
1191 453 1332 518 δόξης
1359 455 1546 529 πατήρ.
1566 455 1624 505 Εἰ
1646 453 1742 529 γάρ
1763 454 1843 505 καί

1961 456 2146 505 λοισι-ω
2174 450 2446 506 intellectu
2473 452 2690 520 distant,
2715 454 2870 508 sitnul
2897 452 3198 510 dividuntur
3221 456 3380 511 etiam
3404 474 3496 512 no-

277 552 333 606 16
350 546 715 621 συναμγότερον
733 544 802 607 ἓν,
829 546 1081 621 ἆλλόὑτῇ
1097 548 1263 618 φύσει,
1288 552 1350 621 τῇ
1375 543 1429 599 δὲ
1456 541 1666 612 συνόδῳ.
1691 545 1845 596 »σΚαΞ

283 635 309 692 6
340 639 390 691 ἄν
426 635 587 708 ἁγίοις
615 634 666 688 δὲ
695 636 959 709 Γρησγόριος
987 635 1012 689 ό
1039 637 1241 695 Νύσσης
1266 637 1536 693 ἐπίσκοπος
1558 634 1608 686 ἓν
1730 641 1843 686 κατ’

279 727 511 799 εὐνομίαν
536 724 766 798 τετάρτῳ
788 721 920 795 λόγῳ
947 725 1013 779 τά
1050 726 1179 779 αὑτά
1205 727 1340 795 ἡμᾶς
1365 722 1628 784 διδάσκων,
1667 723 1845 795 γράφει

283 815 464 873 οὕτως’
500 829 520 863 ε
540 815 624 866 Καί
652 817 719 872 ὥς
742 808 800 865 ἂν
824 817 892 882 μη
918 835 996 874 τις
1109 815 1338 890 άκηράτῳ
1364 814 1510 884 φύσει
1528 813 1584 865 1'6
1610 813 1734 865 κατά
1757 813 1844 865 τόν

294 901 519 975 σταυρόν
542 901 701 959 πάθος
723 901 1106 974 προστρίϐοιτο,
1134 898 1198 955 δι’
1224 901 1403 974 ἐτέρων
1440 896 1736 974 τρανότερον
1759 904 1846 957 τήν

285 991 519 1046 τοιαύτην
546 989 903 1060 ίπανορθοῦται
933 986 1141 1052 πλάνην,
1189 990 1396 1058 μεσίτην
1420 987 1568 1041 αὑτὸν
1608 992 1733 1040 Θεοῦ
1761 988 1847 1039 καί

285 1078 565 1151 ἀνθρώπου,
610 1078 733 1130 Θεὸν
768 1078 854 1130 καί
874 1074 1137 1151 ἄνθρωπον
1177 1077 1331 1131 αὑτὸν
1371 1072 1641 1145 ὀνομάζων,
1667 1075 1751 1128 ἵνα
1796 1075 1848 1127 ἐκ

287 1179 373 1228 τοῦ
397 1171 460 1224 τά
487 1168 576 1224 δύο
600 1172 719 1240 περί
742 1170 800 1223 τό
824 1167 875 1222 ἓν
899 1169 1125 1241 λέγεσθαι
1150 1170 1207 1222 τό
1233 1168 1515 1242 πρόσφορον
1539 1174 1699 1221 νοοῖτο
1731 1168 1849 1240 περὶ

288 1259 538 1336 ἑκάτερον,
566 1262 683 1334 περί
701 1262 791 1328 μὲν
815 1261 873 1313 1'6
900 1262 1026 1313 θεῖον
1049 1260 1080 1316 ἦ
1106 1261 1341 1325 ἀπάθεια,
1362 1260 1478 1330 περὶ
1498 1254 1551 1311 δί
1575 1257 1634 1310 τό
1663 1257 1850 1329 ἀνθρῶ-

286 1370 423 1407 πινον
451 1352 481 1407 ἡ
506 1354 634 1403 κατά
660 1350 718 1403 τό
744 1348 903 1409 πάθος
933 1350 1199 1413 οἰκονομία.
1228 1352 1328 1406 Τῆς
1363 1341 1448 1398 οὖν
1475 1345 1695 1402 ἐπινοίας
1719 1340 1851 1398 διαι-

288 1443 478 1514 ρο’σης
505 1439 566 1493 1'6
597 1440 723 1492 κατά
749 1438 1110 1509 φιλανθρωπίαν
1134 1439 1223 1507 μίν
1255 1434 1513 1513 ἡνωμένον,
1534 1440 1607 1505 τῷ
1633 1431 1684 1486 δι
1719 1433 1849 1504 λόγῳ

287 1525 675 1600 διακρινόμενον,
719 1522 838 1578 ὅταν
877 1526 966 1594 μὲν
999 1525 1057 1578 τό
1082 1524 1452 1599 ὑπερκείμενον,
1482 1523 1569 1575 καί
1596 1521 1852 1594 ὑπερίχον

289 1618 458 1671 πάντα
495 1620 609 1669 νοῦν
648 1612 915 1687 κηρύσσῃ,
960 1613 1425 1683 τοῖςὺψηλοτίροις
1460 1613 1709 1687 κέχρηται
1753 1618 1853 1665 τῶν

292 1706 556 1773 ὀνομάτων,
588 1705 671 1758 ίπί
696 1706 890 1770 πάντων
910 1704 1050 1763 θεὸν,
1078 1704 1159 1754 καί
1187 1704 1339 1772 μέγαν
1364 1703 1500 1761 Θεὸν,
1523 1707 1609 1756 καί
1634 1698 1849 1770 δύναμιν

1942 541 2104 595 mina.
2136 539 2354 597 Paulum
2375 541 2636 598 dicentem
2657 544 2813 599 audi:
2848 544 2917 600 Ut
2944 545 3089 601 Deus
3101 545 3310 603 Domini
3335 552 3497 605 nostri

1941 627 2063 684 Iesu
2082 628 2302 699 Christi;
2323 629 2480 686 Pater
2508 633 2686 703 αισι-ἕω
2711 632 2921 705 (Ephea.
2953 634 2994 705 ι)
3020 653 3033 688 :
3063 634 3258 691 Christi
3286 638 3499 706 quidem

1942 717 2102 785 Deus,
2130 720 2311 788 glarite
2330 728 2507 775 autem
2536 720 2710 776 Pater.
2738 722 2869 778 Nam
2898 725 2998 780 etsi
3027 734 3500 796 utrumquelunum

1944 817 2044 876 est,
2073 820 2248 864 tamen
2272 826 2377 865 non
2399 819 2608 880 natura,
2630 812 3025 869 sed"conventu.
3051 834 3070 868 ι
3089 814 3159 870 Et
3173 826 3387 873 sanctus
3408 834 3500 872 au-

1944 908 2053 954 tem
2081 900 2363 968 Gregorius
2391 900 2656 970 Nyssenus
2679 901 2991 973 [Episcopus
3017 904 3214 976 Nyssaz]
3236 906 3289 959 i’n
3312 918 3501 975 quarto

1946 990 2083 1045 libro
2111 998 2296 1045 contra
2326 988 2666 1055 Eunomium,
2696 989 2882 1045 eadem
2912 1007 3007 1046 nos
3040 992 3254 1058 docens,
3281 993 3354 1047 ita
3376 994 3499 1048 scri-

1947 1079 2062 1135 bit:
2095 1098 2114 1131 ι
2148 1078 2213 1134 Et
2241 1093 2310 1134 ne
2337 1078 2526 1147 aliquis
2551 1079 2934 1148 incorruptibili
2962 1087 3166 1135 natura:
3192 1082 3363 1137 crucis
3384 1098 3497 1150 pas-

1948 1171 2152 1226 sionem
2178 1170 2488 1239 applicaret,
2519 1185 2618 1238 per
2640 1169 2743 1223 alia
2772 1169 3100 1225 manifestius
3133 1170 3289 1224 talem
3319 1185 3504 1225 emen—

1948 1260 2039 1314 dat
2086 1274 2344 1323 errorem,
2398 1258 2744 1313 mediatorein
2782 1258 2953 1326 ipsum
3000 1257 3094 1312 Dei
3140 1264 3194 1312 et
3235 1257 3507 1312 hominum

1949 1348 2006 1421 (Ι
2037 1350 2165 1403 Tim.
2198 1347 2280 1417 ιι),
2310 1356 2364 1402 ct
2396 1348 2667 1403 hominem
2695 1356 2749 1403 et
2779 1348 2946 1402 Deum
2987 1349 3158 1417 ipsum
3186 1348 3467 1402 nominans
3492 1366 3505 1400 :

1949 1447 2012 1494 ut
2036 1456 2154 1495 cum
2188 1439 2294 1494 duo
2332 1438 2398 1492 de
2423 1453 2530 1492 uno
2568 1437 2835 1505 dicantur,
2869 1452 3161 1506 congruum
3187 1437 3510 1504 intelligatur

1949 1529 2090 1584 circa
2109 1536 2410 1595 utrumque,
2427 1527 2567 1581 circa
2588 1526 2839 1581 deitatem
2861 1526 3073 1595 quidem
3098 1526 3507 1595 impassibilitas,

1950 1621 2093 1675 circa
2134 1618 2516 1673 humanitatem
2545 1624 2721 1672 autem
2761 1618 3081 1687 dispensatio
3109 1617 3387 1688 passionis.
3422 1617 3510 1671 ln-

1955 1708 2169 1772 tellectu
2199 1708 2358 1776 igitur
2382 1706 2648 1762 dividente
2675 1707 2779 1762 hoc
2803 1708 2945 1775 quod
2972 1723 3069 1778 per
3095 1709 3511 1764 misericordiam

293 1798 442 1857 Θεοῦ,
470 1796 557 1847 καί
603 1794 797 1867 σογίεν,
826 1794 905 1845 καί
945 1794 1012 1845 τά
1048 1798 1257 1846 τοιαῦτα
1283 1790 1461 1844 καλῶν.
1487 1789 1645 1846 Ὀταν
1673 1789 1725 1846 δὲ
1764 1797 1853 1850 τήν

1961 1798 2181 1867 quidem
2212 1796 2416 1851 unitum
2446 1804 2546 1860 est,
2576 1796 2785 1850 ratione
2813 1804 2990 1850 autem
3018 1797 3352 1863 discernitur,
3393 1814 3513 1852 cum

292 1885 566 1957 ἀναγκαίως
602 1883 685 1938 διά
727 1885 784 1936 τὸ
823 1884 1061 1956 ἡμέτερον
1104 1883 1304 1939 ἀσθενὲς
1341 1881 1847 1954 συμπαραληφθεῖσαν

295 1980 393 2030 τῶν
417 1973 725 2040 παθημάτων
751 1978 929 2043 πεῖραν
962 1973 1240 2044 περι-γράφη
1274 1978 1345 2040 τῷ
1371 1970 1522 2040 λόγῳ,
1546 1971 1597 2023 ἐκ
1617 1976 1703 2024 τοῦ
1730 1972 1852 2043 ἠμε-

294 2070 436 2145 τίρου
481 2068 802 2135 κατονομάζει
846 2064 903 2119 τό
946 2064 1314 2135 συναμφότερον
1335 2101 1350 2120 .
1398 2059 1656 2135 mpsim
1702 2061 1851 2116 αὑτὸν

297 2159 703 2232 προσαγορεύων,
734 2157 792 2208 οὑ
818 2161 1097 2209 κοινοποιῶν
1125 2154 1252 2225 πρὸς
1276 2158 1365 2210 τήν
1400 2153 1574 2209 λοιπήν
1596 2155 1654 2224 cp-f
1663 2173 1743 2206 σιν
1771 2151 1851 2208 διὰ

298 2259 387 2308 τῆς
424 2256 583 2318 φωνῆς
614 2247 699 2302 τόν
732 2245 1048 2316 δηλούμενον,
1079 2244 1179 2298 ἀλλ’
1218 2245 1349 2299 ὥστε
1376 2246 1493 2316 περὶ
1535 2243 1758 2321 ίκάτερον
1796 2246 1852 2301 τό

301 2339 501 2398 detft;
528 2338 849 2408 φυλαχθῆναι.
891 2351 912 2389 ε

376 2787 572 2842 Τούτων
614 2785 785 2847 ο”τως;
815 2784 1230 2857 ἀποδεδειγμένων
1261 2786 1343 2842 διά
1368 2794 1458 2846 τῆς
1492 2791 1588 2838 τῶν
1629 2784 1862 2857 πατέρων

309 2876 648 2941 διδασκαλίας,
676 2879 1054 2932 παυσάσθωσαν
1096 2877 1140 2929 οί
1176 2877 1259 2930 τόν
1293 2877 1498 2950 άριθμ’.ν
1528 2882 1627 2929 τῶν
1655 2874 1703 2927 ἰν
1739 2884 1861 2947 Χρι-

310 2977 419 3040 στῷ
457 2972 650 3040 φύσεων
681 2969 929 3043 πρόςασιν
975 2977 1066 3027 τῆς
1108 2970 1292 3026 οἰκείας
1331 2966 1513 3025 πλάνης
1554 2967 1859 3035 ποιούμενοι,

310 3061 388 3112 καί
421 3065 493 3130 τῷ
525 3056 608 3112 διά
654 3056 841 3113 τούτου
867 3063 957 3116 τὴν
1002 3055 1239 3128 διαφορὰν
1284 3057 1561 3129 ἀρνεῖσθαι,
1602 3056 1861 3124 σύγχυσιν

1954 1888 2056 1942 hoc
2082 1886 2315 1956 quidem,
2338 1884 2480 1954 quod
2506 1884 2898 1953 superpositum
2926 1893 3005 1941 est
3035 1895 3089 1939 et
3115 1886 3515 1954 supereminens

1953 1992 2165 2032 omnem
2195 1991 2428 2038 sensum,
2460 1975 2733 2044 praedicat,
2763 1976 3037 2031 altioribus
3084 1977 3250 2031 utitur
3284 1979 3513 2032 nomini-

1954 2067 2070 2130 bus,
2099 2080 2259 2134 super
2285 2064 2461 2119 omnia
2482 2063 2673 2131 Deum,
2699 2072 2750 2118 et
2778 2078 3027 2133 magnum
3052 2063 3241 2130 Deum,
3270 2073 3325 2119 et
3349 2065 3514 2120 virtu-

1957 2162 2063 2208 tem
2093 2154 2208 2217 Dei,
2239 2160 2295 2207 et
2324 2152 2637 2221 sapientiam
2676 2150 2853 2221 (Rom.
2898 2168 2962 2218 x;
3012 2151 3114 2206 Tit.
3144 2168 3213 2217 n;
3248 2150 3276 2205 Ι
3308 2149 3425 2206 Car.
3455 2154 3517 2222 ι),

1956 2252 2012 2300 et
2040 2243 2166 2298 talia
2198 2248 2430 2298 voeans:
2466 2257 2588 2298 cum
2619 2250 2796 2297 autem
2837 2243 3139 2311 passionum
3178 2243 3516 2312 experimen-

1961 2341 2083 2386 tum.
2112 2332 2414 2387 necessario
2444 2340 2662 2400 propter
2686 2339 2922 2385 nostram
2965 2329 3325 2385 inﬁrmitatem
3368 2346 3521 2386 acce-

1961 2430 2108 2492 ptum
2126 2420 2301 2475 verbis
2320 2416 2598 2488 Signiﬁcat,
2623 2433 2691 2474 ex
2715 2427 2899 2474 nostro
2940 2419 3218 2474 nominans
3242 2426 3522 2486 utrumque

1965 2513 2233 2567 hominem
2261 2512 2431 2581 ipsum
2467 2511 2718 2580 appellat,
2749 2525 2855 2564 non
2884 2509 3278 2565 communicans
3303 2506 3521 2578 per'vo—

1965 2616 2083 2656 cem
2112 2600 2178 2655 ad
2226 2609 2472 2657 cat-teram
2519 2608 2761 2654 naturam
2791 2614 2912 2654 eum
2941 2599 3033 2668 qui
3061 2596 3405 2667 signiﬁcatur,
3430 2599 3522 2653 sed

1969 2699 2026 2745 ut
2049 2692 2188 2746 circa
2217 2698 2496 2759 utrumque
2524 2690 2694 2760 pietas
2720 2698 3080 2744 conservetur.
3119 2707 3176 2741 s-

2030 2780 2124 2836 llis
2148 2780 2221 2834 ita
2240 2779 2615 2835 demonstratis
2634 2784 3063 2849 per'sanctoruru
3087 2776 3303 2833 Patrum
3325 2778 3523 2833 do‘ctri—

1961 2884 2105 2935 nam,
2126 2875 2338 2925 cessent
2360 2868 2451 2938 qui
2476 2882 2753 2923 numerum
2770 2876 3074 2922 naturarum
3094 2867 3289 2936 quae-in
3313 2866 3525 2922 Christo

1960 2967 2101 3024 sunt,
2131 2959 2467 3014 occasionem
2506 2958 2589 3012 sui
2616 2957 2825 3012 erroris
2843 2956 3064 3023 faciunt,
3088 2964 3144 3013 et
3168 2972 3349 3013 earum
3376 2956 3526 3012 diti’e-

1964 3048 2191 3104 rentiam
2222 3047 2316 3119 [ob
2341 3045 2393 3100 id
2420 3044 2771 3103 differentiam
2800 3044 3063 3113 negando,
3105 3042 3296 3115 Graec]
3322 3047 3526 3101 numeri

311 3150 529 3219 εἰσάγειν
570 3152 962 3222 ίπιχειροῦντες.
994 3153 1100 3204 Πῶς
1126 3150 1224 3219 ’γὰρ
1252 3146 1338 3199 οὑκ
1375 3147 1644 3214 ἀναγκαῖος
1671 3143 1697 3198 6
1725 3145 1861 3219 ἀριθ-

1965 3136 2297 3191 recnsatione
2343 3134 2608 3203 negando,
2644 3133 3012 3189 confusionem
3060 3133 3398 3190 introducere
3437 3152 3525 3191 co-

312 3241 425 3310 μὸς,
451 3235 491 3309 ᾧ
516 3241 598 3291 ίπί
621 3239 849 3308 σημασίᾳ
867 3243 951 3295 τῆς
980 3232 1215 3307 διαφορᾶς
1240 3239 1337 3288 τῶν
1365 3232 1726 3291 ίνωθεισῶν.εἰς
1749 3234 1865 3303 μίαν

313 3328 596 3383 ὑπόστασιν
639 3328 852 3396 φύσεων,
894 3327 972 3377 καὶ
997 3325 1084 3376 οὐκ
1113 3324 1205 3376 ἐπὶ,
1229 3331 1291 3393 τῇ
1319 3323 1412 3375 άνά
1438 3323 1585 3393 μέρος
1624 3319 1868 3395 διαιρέσει

317 3417 498 3475 αὑτῶν,
536 3414 578 3466 οί
622 3414 837 3483 πατέρες
870 3415 1193 3484 ἐχρήσαντο;
1235 3407 1664 3481 ’Δποδεδειογμίνου
1706 3413 1869 3463 τοίνυν

315 3503 651 3572 πανταχιίθεν,
681 3504 748 3561 ὡς
776 3503 949 3562 ἀσεϐές
984 3503 1090 3554 ἐστι
1125 3503 1184 3555 τό
1222 3501 1377 3571 λέγειν
1428 3502 1546 3570 μίαν
1573 3501 1734 3568 φύσιν,
1760 3499 1873 3557 ἤτοι

317 3592 490 3644 οὐσίαν
518 3591 748 3649 θεότητος
775 3593 858 3644 καὶ
900 3598 991 3651 τῆς
1040 3589 1227 3662 σαρκός
1264 3594 1352 3644 τοῦ
1397 3594 1635 3661 Χριστοῦ,
1682 3590 1871 3641 κάκεῖνο

315 3683 544 3757 ἐροῦμεν,
574 3683 639 3739 ὠς
673 3678 781 3733 οὑδί
820 3681 936 3734 καθὸ
961 3678 1386 3751 μίαν-ὑπόστασιν
1412 3678 1615 3749 λέγομεν
1642 3685 1732 3735 τῆς
1764 3677 1872 3730 θεό-

315 3790 486 3833 τητος,
514 3773 597 3823 καί
629 3776 718 3829 τῆς
755 3770 1132 3842 ἀνθρωπότητος
1155 3773 1241 3822 τοῦ
1283 3773 1520 3841 Χριστοῦ,
1554 3764 1687 3821 οὕτω
1722 3764 1872 3819 δυνα-

270 3904 276 3911 .
317 3860 399 3913 τόν
448 3861 528 3912 καί
571 3860 686 3929 μίαν
714 3860 863 3930 φύσιν
904 3858 1059 3929 λέγειν
1093 3864 1340 3931 Χριστοῦ.
1376 3854 1571 3913 Ἐπειδὴ
1597 3860 1665 3924 μή
1690 3856 1871 3910 ταυτὸν

315 3948 465 4017 φύσις
493 3967 545 4001 τε
584 3950 664 4001 καί
707 3945 1012 4003 ὑπόστασις.
1040 3947 1223 4004 Πάντες
1252 3947 1351 4020 γὰρ
1398 3945 1443 3997 oi
1484 3942 1616 4015 ἅγιοι
1659 3943 1872 4016 πατέρες

318 4040 595 4107 συμφώνως
620 4039 751 4106 ἡμᾶς
786 4033 1128 4096 διδάσκουσιν,
1169 4030 1284 4087 ἄλλο
1316 4028 1439 4087 εἶναι
1471 4030 1617 4102 φύσιν
1653 4032 1765 4090 ἦτοι
1789 4034 1872 4085 οὑ-

316 4129 450 4189 σίαν,
495 4128 577 4178 καί
605 4130 813 4198 μορφήν,
844 4127 925 4176 καί
963 4119 1078 4176 me
1118 4121 1401 4176 ὑπόστασιν
1436 4121 1545 4179 ἦτοι
1576 4122 1869 4195 πρόσωπον

315 4220 395 4269 καί
438 4223 526 4273 την
552 4220 641 4284 μὲν
667 4219 832 4286 φύσιν,
864 4215 974 4271 ἦτοι
1000 4216 1171 4267 οὑσίαν
1195 4215 1278 4268 καὶ
1298 4217 1483 4285 μορφὴν
1507 4213 1565 4264 τό
1595 4213 1750 4264 κοινόν
1780 4232 1874 4269 ση-

313 4312 525 4383 μαίνειν,
553 4313 641 4366 τήν
670 4307 721 4362 δέ
749 4309 1034 4363 ὑπόστασιν
1057 4306 1168 4364 ἦτοι
1194 4305 1491 4378 πρόσωπον,
1532 4306 1593 4357 τό
1618 4302 1797 4358 ίδικόν·
1828 4304 1873 4356 εί

313 4396 366 4451 ὁέ
395 4398 594 4467 priamo-1
619 4415 766 4458 τινες,
802 4392 878 4451 ὅτι
905 4397 1081 4469 ὥσπερ
1122 4394 1214 4463 μία
1241 4393 1525 4453 ὑπόστασις
1550 4394 1782 4450 σύνθετος
1803 4388 1872 4444 εἴ·

1965 3231 2178 3279 nantur.
2203 3222 2483 3289 Quomodo
2511 3223 2654 3277 enim
2679 3238 2785 3277 non
2803 3230 2885 3277 est
2908 3224 3233 3279 necessarius
3254 3239 3526 3293 numerus,

1963 3339 2089 3393 quo,
2113 3322 2182 3377 ad
2208 3322 2605 3392 signiﬁcandam
2628 3321 2978 3378 diﬂ‘erentiam
3003 3331 3309 3379 naturarum
3330 3339 3446 3395 qua:
3474 3327 3526 3381 in

1967 3431 2123 3470 unam
2152 3414 2543 3469 subsistentiam
2564 3416 2721 3469 unita:
2748 3422 2888 3479 sunt,
2911 3423 2966 3469 et
2985 3430 3090 3470 non
3120 3415 3186 3471 ad
3215 3416 3526 3470 divisionem

1966 3520 2064 3574 per
2114 3512 2295 3574 partes
2346 3519 2548 3569 earum,
2598 3504 2679 3560 usi
2728 3511 2853 3559 sunt
2874 3503 3117 3559 Patres?‘-
3147 3505 3525 3559 Demonstrato

1969 3595 2133 3663 igitur
2158 3594 2405 3662 undique,
2435 3593 2578 3661 quod
2618 3593 2835 3662 impium
2864 3601 2947 3648 est
2980 3593 3156 3649 dicere
3188 3609 3346 3649 unam
3375 3603 3524 3651 natu-

1968 3697 2083 3738 ram
2138 3683 2251 3738 sive
2293 3682 2643 3737 substantiam
2682 3681 2893 3736 deitatis
2920 3690 2975 3736 et
3011 3680 3185 3737 carnis
3227 3680 3443 3746 Christi,
3474 3691 3524 3736 et

1969 3772 2099 3826 illud
2139 3771 2380 3837 dicimus,
2419 3772 2542 3839 quia
2583 3785 2682 3826 nec
2716 3769 3009 3825 secundum
3045 3769 3188 3840 quod
3213 3784 3370 3825 unam
3397 3770 3526 3824 sub-

1969 3860 2263 3915 sistentiam
2286 3859 2510 3914 dicimus
2540 3859 2752 3915 deitatis
2772 3867 2826 3913 et
2846 3859 3188 3914 humanitatis
3213 3859 3428 3927 Christi,
3450 3861 3526 3916 sic

1968 3949 2219 4019 possibile
2243 3957 2325 4004 est
2351 3956 2407 4003 et
2434 3964 2594 4003 unam
2622 3961 2867 4003 naturam
2903 3947 3312 4004 Ebristi’dicere
3347 3966 3361 4002 :
3401 3964 3525 4019 quo-

1970 4038 2111 4092 niam
2154 4052 2260 4092 non
2303 4038 2445 4092 idem
2487 4047 2571 4092 est
2614 4046 2805 4093 natura
2831 4045 2899 4092 et.
2930 4038 3289 4095 subsistentia.
3331 4036 3526 4092 Omnes

1970 4125 2109 4179 enim
2131 4126 2300 4180 sancti
2323 4124 2508 4181 Patres
2528 4135 2885 4181 consonanter
2905 4143 3003 4181 nos
3021 4127 3215 4181 docent
3230 4125 3381 4180 aliud
3411 4141 3526 4181 esse

1971 4223 2212 4270 naturam
2234 4217 2344 4270 sive
2372 4218 2723 4271 substantiam
2752 4224 2811 4271 et
2834 4220 3078 4280 formam,
3126 4224 3182 4271 et
3218 4216 3376 4271 aliud
3399 4218 3528 4270 sub--

1971 4311 2264 4365 sistentiam
2306 4313 2421 4365 sive
2462 4327 2774 4380 personam;
2814 4320 2870 4367 et
2912 4321 3154 4366 naturam
3184 4313 3395 4381 quidem
3443 4315 3524 4367 vel

1970 4399 2317 4453 substantiam
2356 4406 2412 4453 et
2447 4397 2693 4465 formam,
2756 4399 2882 4453 hoc'
2926 4398 3070 4468 quod
3105 4408 3187 4454 est
3224 4394 3525 4466 commune,

310 4507 464 4560 ρηται
487 4488 568 4539 ἐπὶ
593 4491 832 4559 Χριστοῦ,
867 4484 998 4538 οὕτω
1025 4483 1104 4538 δεῖ
1129 4485 1208 4535 καὶ
1238 4484 1356 4552 μίαν
1376 4483 1521 4553 φύσιν
1549 4479 1779 4535 σύνθετον
1800 4479 1861 4533 λί-

1972 4484 2296 4552 signilicare;
2321 4485 2712 4540 subsistentiam
2739 4495 2919 4541 autem
2949 4487 3061 4543 sive
3090 4502 3394 4557 personam,
3424 4489 3525 4545 hoc

311 4594 436 4643 γειν,
462 4573 779 4640 ἀποδείξομεν
804 4575 1054 4626 καὶτοῦτο
1074 4571 1325 4641 ἀλλότριον
1346 4567 1467 4624 εἶναι
1488 4577 1575 4629 τῆς
1595 4569 1868 4627 εὐσεϐείας.

314 4673 353 4714 Μ
378 4683 431 4714 αν
456 4666 554 4735 γάρ
582 4665 730 4733 φύσιν
754 4663 1000 4723 θεότητος,
1032 4660 1143 4721 ἦτοι
1172 4663 1341 4715 οὐσίαν
1362 4662 1603 4733 λέγοντες.
1633 4667 1768 4733 τρεῖς
1797 4660 1872 4714 ἐπ’

312 4751 464 4810 αὐτῆς
510 4751 773 4823 δοξάζομεν
810 4752 1116 4811 ὑποστάσεις
1153 4754 1205 4805 ίν
1236 4752 1423 4825 ἑκάστῃ
1466 4748 1749 4806 ὑποστάσει
1784 4756 1873 4810 τὴν

311 4844 468 4901 αὑτήν
499 4844 663 4915 φύσιν,
701 4843 812 4901 ἤτοι
850 4844 1023 4895 οὑσίαν
1048 4844 1365 4915 γνωρίζοντες
1390 4857 1404 4871 ⁹
1432 4845 1518 4894 καί
1564 4841 1780 4899 εὐσεϐῶς
1821 4841 1873 4895 ἐκ

311 4938 413 4987 τῶν
459 4939 608 5004 τριῶν
648 4932 974 4986 ὑποστάσεων
999 4932 1116 5001 μίαν
1154 4930 1440 4985 ὑπόστασιν
1473 4934 1565 4988 την.
1600 4935 1691 4985 τοῦ
1717 4929 1866 5001 λόγου

312 5020 445 5092 πρὸς
489 5025 579 5077 τήν
618 5021 781 5091 σάρκα
822 5021 1159 5073 συντεθεῖσθαί
1185 5039 1355 5089 φαμεν.
1401 5016 1575 5079 Οὐδείς
1611 5017 1707 5095 γάρ
1743 5037 1866 5073 ποτε

315 5109 583 5176 ὶτόλμησεν
632 5110 680 5161 ἰν
729 5116 791 5181 τῇ
834 5107 1055 5180 καθολικῇ
1104 5106 1339 5180 ἐκκλησίᾳ
1363 5110 1535 5171 εἰπεῖν,
1581 5104 1659 5161 ὅτι
1694 5109 1866 5183 ὥσπερ

313 5204 453 5270 τρεῖς
479 5197 785 5254 ὑποστάσεις
805 5236 819 5260 ,
851 5194 982 5248 οῧτω
1008 5197 1085 5247 καὶ
1110 5203 1250 5267 τρεῖς
1280 5196 1450 5263 virm;-
1477 5197 1582 5249 εἰσί
1605 5205 1695 5255 τῆς
1721 5195 1869 5265 ἁγίας

314 5283 537 5358 τριάδος,
565 5287 693 5339 ὥστε
734 5290 813 5337 καὶ
854 5285 1095 5339 δύνασθαι
1129 5283 1282 5355 λέγειν
1327 5286 1443 5354 μίαν
1488 5284 1635 5353 φύσιν
1678 5288 1733 5337 ίκ
1771 5291 1869 5338 τῶν

311 5384 466 5451 τριῶν
494 5378 690 5447 φύσεων
732 5377 1072 5430 συντεθεῖσθαι
1099 5378 1227 5449 πρὶς
1252 5377 1415 5447 σάρκα
1439 5390 1452 5402 ·
1482 5382 1612 5449 τρεῖς
1648 5375 1746 5449 γάρ
1772 5375 1867 5446 φὺ-

314 5485 426 5525 σεις
454 5467 538 5518 ἐπὶ
568 5472 658 5525 τῆς
687 5464 835 5536 ὰῖχίας
875 5463 1078 5533 τριάδος
1116 5462 1264 5537 μόνος
1290 5462 1481 5539 ’Δρειος
1508 5465 1761 5537 τολμήσας
1801 5465 1870 5517 εἰ-

313 5564 434 5610 πεῖν
461 5558 526 5614 ὡς
555 5556 843 5626 βλάσφημος
870 5559 1142 5629 κατεκρίθη.
1175 5559 1263 5610 Διά
1283 5563 1431 5610 τοῦτο
1457 5558 1613 5609 τοίνυν
1640 5556 1765 5608 κατά
1787 5556 1871 5608 τΞν

317 5647 462 5721 ὀρθόν
491 5645 631 5715 λόγον
649 5642 739 5697 δύο
767 5645 956 5712 φύσεων
981 5644 1155 5699 ἕνωσιν
1175 5646 1391 5717 λέγομεν,
1416 5647 1627 5713 καὶμίαν
1653 5643 1869 5698 ὑπόσταο

321 5757 421 5793 σιν.
453 5731 649 5793 Ἐπειδή
679 5733 701 5786 6
731 5739 813 5787 τοῦ
842 5741 964 5786 Θεοῦ
996 5735 1098 5792 7'6;
1130 5738 1251 5789 κατά
1281 5739 1363 5792 τήν
1395 5735 1672 5788 ὑπόστασιν
1703 5734 1866 5805 ἔτερος

1973 4573 2115 4641 quod
2143 4580 2227 4627 est
2262 4573 2512 4642 speciale.
2554 4573 2646 4628 Sin
2676 4590 2806 4629 vero
2843 4575 3072 4630 dixerint
3111 4576 3346 4646 quidam,
3386 4580 3525 4647 quod

1971 4662 2113 4717 sicut
2131 4677 2230 4722 una|
2257 4663 2593 4718 subsistentia
2626 4666 2919 4735 composita
2950 4666 3145 4722 dicitur
3186 4667 3400 4735 Christi,
3450 4671 3525 4727 sic

1974 4761 2186 4822 Oportet
2205 4764 2260 4807 et
2278 4769 2435 4808 unam
2460 4763 2701 4809 naturam
2727 4757 3076 4826 compositam
3111 4757 3322 4814 dicere:
3346 4767 3523 4815 osten-

1973 4841 2161 4898 demus
2186 4852 2241 4898 et
2266 4845 2369 4900 hoc
2391 4846 2620 4900 alienum
2653 4860 2772 4901 esse
2793 4861 2823 4900 a
2844 4847 3058 4916 pietate.
3086 4846 3253 4902 Unam
3275 4849 3415 4904 enim
3436 4864 3526 4905 nao

1971 4939 2141 4987 turam
2164 4934 2275 4988 sive
2299 4934 2648 4988 substantiam
2682 4934 2900 4991 deitatis
2927 4935 3187 5002 dicentes,
3215 4945 3323 4993 tres
3362 4938 3523 5007 ipsius

1968 5020 2281 5076 conﬁtemur
2334 5022 2727 5095 [gloriﬁcamus,
2772 5023 2972 5096 Grca]
3016 5025 3404 5093 aubsistentias,
3470 5028 3522 5082 in

1969 5123 2283 5178 unaquaque
2321 5111 2657 5165 subsistentia
2685 5112 2924 5167 eamdem
2971 5122 3212 5168 naturam
3251 5115 3363 5170 sive
3400 5117 3521 5172 sub-

1965 5196 2215 5249 stantiam
2244 5207 2641 5263 cognoscentes.
2666 5197 2734 5252 Et
2759 5208 2904 5254 reete
2931 5214 2998 5254 ex
3026 5201 3193 5257 tribus
3225 5202 3514 5259 subsisten-

1968 5282 2056 5336 tiis
2077 5298 2232 5335 unam
2260 5283 2648 5338 subsistentiam
2664 5283 2823 5339 Verbi
2851 5286 2916 5339 ad
2938 5302 3152 5342 carnem
3172 5290 3520 5359 compositam

1970 5386 2090 5427 esse
2114 5373 2355 5427 dicimus.
2384 5373 2550 5427 Nemo
2591 5374 2731 5427 enim
2778 5389 3010 5443 unquam
3045 5392 3204 5431 ausus
3231 5386 3310 5431 est
3346 5379 3396 5431 in
3425 5392 3521 5432 ca~

1969 5462 2160 5516 tholica
2183 5464 2415 5520 Ecclesia
2453 5464 2649 5529 dicere,
2689 5465 2829 5533 quod
2851 5466 2986 5520 sicut
3011 5474 3120 5522 tres
3145 5467 3515 5531 subsistentim,

1966 5554 2043 5607 sic
2069 5563 2123 5607 et
2151 5561 2259 5607 tres
2298 5564 2500 5609 natum
2537 5562 2659 5608 sunt
2695 5565 2889 5610 sanctas
2917 5547 3183 5608 Trinitatis
3210 5575 3222 5608 :
3254 5565 3310 5609 ut
3346 5558 3515 5624 possi-

1967 5644 2070 5698 bile
2100 5644 2171 5698 sit
2193 5644 2390 5711 dicere,
2419 5661 2575 5699 unam
2600 5653 2839 5699 naturam
2869 5661 2932 5698 ex
2958 5644 3343 5697 tribus'naturis
3369 5659 3528 5728 coma

1969 5734 2187 5802 positam
2220 5750 2330 5815 esse
2356 5736 2416 5787 αιί
2446 5752 2673 5789 carnem.
2702 5736 2828 5789 Tres
2849 5735 2985 5788 enim
3019 5743 3229 5787 naturas
3260 5733 3308 5787 in
3332 5744 3511 5790 sancta

3532 562 3579 670 ξς
