3994 6140
529 282 661 352 1011

1793 294 2232 355 JUSTiNiANl
2276 295 2430 353 1MP.

3623 292 3759 355 101‘!

512 397 582 454 ὢν
606 398 744 469 παρά
768 397 852 454 τὸν
876 398 1092 470 πατέρα,
1116 404 1205 456 τῆς
1239 396 1388 455 αὑτῆς
1415 394 1468 450 δὶ
1493 396 1686 468 φύσεως
1709 392 1774 447 ὧν
1796 402 1865 464 τῷ
1892 397 2067 469 πατρὶ,

2174 390 2431 447 Trinitate
2453 391 2599 451 solus
2619 391 2772 447 Arius
2798 407 2960 449 ausus
2979 392 3178 459 dicere,
3212 401 3462 462 tanquam
3490 395 3740 466 blasphc.

513 491 564 545 ἔν
594 495 657 561 τῇ
693 486 796 561 ἰδίᾳ
830 486 1111 544 ὑποστάσει
1143 483 1530 559 ἐδημιούργησεν
1554 484 1718 553 ἇαυτῷ
1744 485 1906 558 σάρκα
1943 484 2069 553 ἐψυ-

512 578 753 650 χωμένην
779 575 929 652 ψυχῇ
956 577 1118 650 λογικῇ
1143 590 1224 630 και
1250 580 1417 650 νοερᾴ,
1456 573 1580 650 ὅπερ
1615 572 1757 632 δηλοῖ
1790 575 2069 647 ἀνθρωπίνῃ

512 668 657 741 φύσει
675 669 903 726 ἔνωθῆνειι
925 668 1006 722 τὸν
1020 687 1047 721 τ
1059 672 1108 719 δῦ
1126 671 1250 720 Θεοῦ
1266 665 1421 738 λόγον,
1443 669 1524 719 καί
1545 667 1602 718 οὑ
1607 686 1648 735 χ
1665 666 1949 720 ὑποστάσει
1958 665 2070 723 ἤτοι

513 761 775 832 προσῶπῳ
803 756 950 812 τοῦδέ
976 774 1124 818 τινος·
1158 755 1274 811 ἔστι
1299 758 1464 810 τοίνυν
1493 755 1519 810 ὁ
1548 763 1637 811 τοῦ
1662 763 1786 810 Θεοῦ
1820 757 1960 829 λόγος
1987 758 2070 809 καὶ

515 849 787 923 σαρκωθείς
809 851 901 920 μία
927 846 1211 909 ὑπόστασις
1229 847 1277 899 ἓν
1298 846 1508 921 ἑκατέρᾳ
1532 851 1675 917 φῦσει
1690 842 2067 920 γνωριζόμενος,

513 940 564 992 ἓν
582 938 635 994 δέ
655 946 716 1011 τῇ
740 941 867 1012 θείᾳ,
896 940 946 993 δν
967 936 998 1014 ᾖ
1018 940 1223 1013 ὑπῆρχε
1252 940 1380 992 κατά
1402 939 1480 1002 τὸ,
1499 936 1661 999 --⁸Ος
1687 939 1735 992 ἐν
1757 947 1919 1013 μορφῇ
1941 946 2067 994 Θεοῦ

512 1029 789 1103 ὑπάρχων,
818 1057 887 1067 -
910 1031 988 1082 καί
1012 1028 1058 1079 ἐν
1083 1036 1145 1098 τῇ
1164 1028 1442 1101 ἀνθρωπίνῃ
1473 1029 1601 1083 κατὰ
1620 1028 1695 1093 τὸ,
1714 1038 1867 1081 -Ὲν
1886 1027 2068 1098 ὁμοιῶ-

513 1140 637 1189 ματι
656 1119 925 1191 ἀνθρώπων
943 1117 1217 1188 γενόμενος.
1233 1145 1298 1155 -
1312 1119 1410 1169 Καὶ
1430 1115 1513 1170 διά
1531 1124 1678 1172 τοῦτο
1698 1117 1919 1177 εὐσεϐῶς
1941 1115 2070 1171 εἴποι

513 1228 592 1268 τις
630 1204 693 1265 ἂν
716 1212 832 1280 μίαν
872 1206 1157 1261 ὑπόστασιν
1182 1210 1272 1258 τοῦ
1312 1211 1440 1259 Θεοῦ
1467 1206 1611 1277 λόγου
1657 1208 1910 1272 σύνθετθνν
1939 1207 2068 1281 ’ἕπερ

514 1300 634 1367 μίαν
659 1294 803 1367 φύσιν
832 1295 1081 1349 σὺιθετον⁶
1112 1292 1280 1351 ἔπειδή
1302 1292 1380 1348 ὅτε
1403 1293 1511 1346 καθ’
1535 1294 1715 1353 ἑαυτὴν
1734 1294 1905 1354 ἁπλῶς
1922 1294 2070 1366 φύσις

514 1384 730 1457 λέγεται,
763 1388 831 1453 μή
856 1383 1214 1454 προσκειμένου
1241 1384 1403 1456 ταύτῃ
1431 1382 1587 1436 ίδικοῦ
1615 1404 1746 1442 τινος
1766 1386 2067 1460 προσώπου,

517 1472 753 1548 ἀόριστόν
770 1493 838 1535 τι,
867 1474 951 1524 καί
971 1467 1317 1525 ἀνυπόστατον
1345 1470 1483 1528 δηλοῖ
1490 1488 1503 1501 '
1530 1473 1588 1527 τὸ
1609 1470 1660 1525 δὲ
1683 1473 1922 1548 ἀόριστον
1945 1475 2071 1544 πρὸς

515 1563 654 1619 οὐδὲν
680 1564 969 1621 συντεθῆναι
992 1559 1219 1616 δύναται.
1250 1565 1305 1615 Εἰ
1333 1559 1383 1615 δέ
1410 1582 1488 1621 τις
1512 1564 1592 1615 καί
1616 1568 1743 1630 μετὰ
1769 1564 1887 1622 τοὺς
1908 1565 2072 1617 τοιού·

515 1676 638 1715 τους
657 1652 833 1727 λόγους
857 1654 983 1724 πρὸς
1010 1652 1296 1725 φιλονεικίαν
1324 1652 1471 1721 μόνην
1496 1650 1645 1726 ὁρῶν,
1673 1653 1932 1707 ἀντιθεῖναι
1958 1655 2068 1707 ἕπε·-

2169 494 2292 535 mus
2320 479 2704 535 condemnatus
2732 490 2832 537 est.
2858 481 2982 537 Ideo
3004 483 3164 550 igitur
3206 484 3501 538 secundum
3538 494 3741 543 rectam

2168 570 2451 633 rationem,
2482 569 2705 624 duarum
2743 580 3050 626 naturarum
3078 572 3306 629 dicimus
3343 575 3658 641 unitionem,
3686 589 3744 633 et

2169 674 2328 713 unam
2350 660 2747 715 subsistendum
2775 678 2788 714 :
2828 663 3078 731 quoniam
3120 662 3218 718 Dei
3244 664 3428 731 Filius,
3456 683 3577 721 cum
3600 678 3744 724 esset

2168 748 2460 804 secundum
2508 751 2903 807 subsistentiam
2933 753 3070 807 alter
3106 761 3304 823 praeter
3330 755 3560 822 Patrem,
3588 774 3743 814 eam-

2168 837 2292 893 dem
2319 849 2497 894 autem
2526 849 2772 895 naturam
2798 842 3002 903 habens
3030 841 3220 911 Patris,
3246 844 3300 898 in
3327 860 3425 900 sua
3446 848 3744 911 subsisten-

2168 930 2242 983 tia
2272 928 2552 1000 plasmavit
2573 932 2671 987 sibi
2693 948 2908 989 carnem
2946 934 3235 992 aniinatam
3265 936 3443 990 anima
3488 940 3741 994 rationali

2166 1026 2223 1073 et
2243 1019 2592 1079 intellectuali
2618 1039 2631 1074 :
2659 1022 2802 1091 quod
2825 1021 3104 1090 signiﬁcat,
3132 1024 3375 1079 humanm
3404 1036 3607 1082 natura:
3624 1030 3743 1082 uni-

2167 1114 2280 1160 tum
2319 1121 2437 1162 esse
2486 1108 2654 1163 Deum
2684 1109 2936 1175 Verbum,
2994 1120 3050 1166 et
3094 1128 3201 1166 non
3247 1114 3603 1171 subsistentia:
3645 1133 3740 1172 seu

2167 1213 2409 1268 persona:
2435 1199 2729 1269 cujusdam.
2762 1200 2858 1255 Est
2879 1203 3041 1270 igitur
3066 1203 3212 1258 Deus
3242 1204 3474 1261 Verbum
3498 1216 3553 1261 et
3573 1208 3757 1262 incar-

2169 1304 2344 1361 natus,
2373 1312 2477 1351 una
2505 1297 2845 1353 subsistentia
2874 1300 2927 1354 in
2951 1307 3177 1370 utraque
3205 1311 3397 1361 natura
3416 1319 3740 1374 cognoscen-

2168 1384 2307 1440 dus:
2337 1385 2388 1440 in
2417 1385 2614 1453 divina,
2645 1388 2696 1441 in
2728 1402 2833 1457 qua
2872 1398 3009 1457 erat,
3050 1400 3211 1458 prout
3250 1391 3450 1448 dictum
3488 1405 3599 1459 est,
3638 1394 3737 1461 Qui

2168 1491 2279 1529 cum
2302 1477 2359 1531 in
2386 1479 2555 1548 [arma
2590 1476 2687 1531 Dei
2722 1488 2852 1532 esset
2880 1478 3097 1549 (Philip.
3117 1482 3210 1550 ii);
3239 1490 3294 1536 et
3316 1485 3368 1536 in
3395 1484 3627 1541 humana
3653 1501 3740 1542 se-

2168 1565 2398 1619 cundum
2426 1564 2531 1620 hoc
2549 1565 2691 1635 quod
2710 1569 2862 1620 estin
2891 1568 3273 1625 similitudinem
3293 1573 3551 1628 hominum
3573 1574 3738 1646 {actus

2172 1650 2435 1722 (Ibidem).
2470 1652 2538 1707 Et
2570 1654 2690 1709 ideo
2718 1654 2845 1726 [pie,
2885 1656 3078 1729 (ἒν-αα]
3122 1662 3322 1718 rectius
3365 1663 3509 1718 dicat
3547 1666 3739 1735 aliquis

517 1749 753 1817 χειρήσει
777 1745 947 1815 λέγων,
1002 1740 1084 1797 ὅτι
1125 1744 1253 1796 κατὰ
1290 1743 1375 1796 ’τὸν
1421 1740 1725 1797 ἀποδοθέντα
1754 1751 1844 1802 τῆς
1876 1741 2073 1813 φῦσεως

2174 1758 2331 1798 unam
2378 1745 2770 1800 subsistentiam
2815 1747 2911 1804 Dei
2956 1749 3117 1805 Verbi
3162 1755 3538 1823 compositam,
3578 1773 3736 1827 quam

513 1835 657 1904 λόγον
687 1839 795 1907 χρὴ
825 1835 906 1886 καί
932 1837 1020 1890 τήν
1049 1832 1353 1904 ἀνθρωπίνην
1383 1832 1527 1902 φύσιν
1565 1838 1655 1885 τοῦ
1691 1838 1912 1905 Χριστοῦ
1943 1830 2073 1886 ἰδίαν

514 1923 814 1985 ὑπόστασιν,
836 1923 945 1979 ἦτοι
972 1921 1242 1993 πρόσωπον
1267 1919 1389 1975 ἴδιον
1418 1919 1449 1974 ἕ
1451 1942 1583 1991 χειν,
1613 1921 1857 1994 πρόδηλός
1886 1923 2018 1978 ἔστιν
2046 1922 2071 1977 ὃ

515 2019 761 2078 τοιοῦτος,
791 2010 866 2066 ὅτι
899 2011 1281 2086 προῦποστάντι
1307 2011 1548 2085 ἀνθρώπῳ
1577 2011 1811 2068 ἑνωθῆναι
1836 2012 1963 2083 Mysi
1986 2014 2073 2068 τὸν

513 2102 677 2172 λόγον,
704 2105 788 2156 καί
806 2106 1052 2170 σχετικὴν
1068 2102 1358 2173 γεγενῆσθαι
1377 2105 1464 2158 τὴν
1489 2101 1681 2156 ἕνωσιν.
1704 2101 1799 2154 Δὺο
1821 2103 1917 2178 ⁹γάρ
1940 2102 2072 2155 ὑπο-

518 2193 774 2257 στάσεων,
813 2190 924 2249 ἦτοι
949 2192 1232 2261 προσώπων
1266 2190 1372 2242 καθ’
1398 2190 1676 2245 ὑπόστασιν
1712 2193 1936 2263 γενέσθαι
1963 2193 2077 2245 ἔνω-

517 2303 601 2338 σιν
625 2279 889 2348 ἀδύνατον.
912 2277 1070 2335 Ὥστε
1099 2279 1124 2334 ὃ
1145 2285 1312 2334 ταῦτα
1329 2279 1503 2350 λέγων,
1524 2281 1580 2334 τὸ
1600 2278 1808 2334 δυνατὸν
1833 2288 1922 2336 τοῦ
1947 2289 2073 2336 Θεοῦ

514 2370 672 2444 λὸνοις
698 2372 1004 2446 ἀνθρωπίνης
1033 2372 1210 2441 σοφίας
1236 2376 1445 2435 κενῶσαι
1477 2370 1795 2436 σπουδάζων,
1827 2373 1995 2442 ἀγνοεῖ
2016 2375 2075 2426 τὸ

518 2466 646 2538 μέγα
668 2472 759 2525 τῆς
784 2464 1039 2527 εὐσεϐείας
1065 2468 1357 2539 μυστήριον,
1387 2461 1511 2538 ὅπερ
1533 2464 1712 2540 καρδίᾳ
1728 2468 1819 2530 μέν
1842 2469 2075 2523 πιστεύε-

517 2579 603 2612 ται
640 2560 712 2617 εἰς
740 2555 1074 2619 δικαιοσύνην,
1103 2556 1319 2628 στόματι
1354 2555 1408 2610 δὲ
1455 2555 1764 2629 ὁμολογεῖται
1801 2562 1870 2619 εἰς
1909 2583 2076 2621 σωτη-

517 2652 631 2723 ρίαν
656 2665 666 2674 °
691 2644 803 2702 οὔτε
841 2648 939 2721 γάρ
967 2648 998 2706 ἦ
1038 2647 1316 2720 ἀνθρωπίνη
1338 2645 1489 2718 φύσις
1517 2654 1608 2703 τοῦ
1650 2657 1870 2721 Χριστοῦ
1908 2651 2077 2713 ἁπλῶς

518 2759 588 2793 πο
598 2758 643 2793 τε
667 2738 880 2808 λέγεται,
907 2735 1009 2790 ἀλλ’
1032 2734 1144 2791 οὔτε
1174 2735 1299 2790 ἰδίαν
1327 2737 1635 2798 ὑπὰστασεν.
1664 2738 1775 2797 ἤτοι
1802 2740 2077 2809 πρόσωπον

519 2829 702 2898 ἴσχεν,
745 2828 848 2882 ἀλλ’
871 2830 920 2881 ἓν
947 2836 1010 2903 τῇ
1041 2829 1318 2884 ὑποστάσει
1357 2836 1449 2883 τοῦ
1489 2830 1637 2902 λόγου
1677 2836 1764 2889 τήν
1790 2833 1961 2906 ἀρχὴν
1987 2842 2078 2892 τῆς

522 2919 782 2997 ὑπάρξεως
821 2918 1016 2973 ἔλαϐεν.
1042 2916 1185 2972 Ὀθεν
1209 2921 1358 2974 αὑτὸν
1386 2919 1464 2973 τὸν
1491 2922 1613 2974 Θεὸν
1643 2920 1785 2991 λόγον
1817 2924 2079 2996 ἀτρέπτως

518 3007 776 3084 ἄνθρωπον
796 3011 1087 3081 γςγενῆσθειε
1121 3009 1471 3081 ὁμολογοῦμεν,
1501 3014 1586 3064 καί
1614 3013 1703 3065 οὑκ
1724 3014 1793 3072 εἰς
1821 3010 2077 3087 ἄνθρωπόν

2175 1847 2332 1886 unam
2370 1841 2615 1909 naturam
2658 1837 3047 1905 compositam:
3088 1841 3343 1907 quoniam
3389 1859 3510 1899 cum
3550 1859 3649 1914 per
3679 1862 3739 1902 se

2170 1922 2414 1976 absolute
2446 1932 2638 1977 natura
2672 1924 2885 1992 dicitur,
2913 1942 3019 1981 non
3047 1929 3254 1996 adjecta
3300 1932 3351 1986 ei
3391 1934 3611 2001 speciali
3648 1950 3739 1990 cu-

2165 2010 2377 2081 jusdam
2405 2027 2652 2081 persona,
2686 2013 2970 2080 inﬁnitum,
3002 2025 3057 2071 et
3074 2020 3183 2072 non
3212 2020 3504 2077 subsistens
3542 2023 3738 2092 aliquid

2171 2098 2434 2166 signiﬁcat
2457 2118 2471 2153 :
2494 2100 2759 2157 inﬁnitum
2795 2114 2972 2159 autem
3001 2107 3068 2160 ad
3097 2108 3230 2162 nihil
3258 2118 3434 2178 potest
3470 2114 3733 2182 componi.

2172 2188 2266 2242 Sin
2294 2196 2472 2245 autem
2495 2190 2684 2260 aliquis
2705 2202 2759 2247 et
2780 2202 2900 2262 post
2923 2195 3057 2250 tales
3084 2197 3323 2252 rationes
3344 2199 3408 2253 ad
3439 2202 3738 2255 contentio-

2173 2294 2297 2334 nem
2340 2282 2509 2336 solam
2565 2284 2876 2353 respiciens,
2929 2301 3206 2355 apponere
3258 2298 3510 2356 conatur,
3560 2291 3738 2347 dicens

2174 2370 2318 2438 quod
2363 2372 2654 2427 secundum
2686 2373 2944 2428 redditam
2986 2382 3192 2430 natura:
3219 2379 3480 2434 rationem
3528 2388 3742 2449 oportet

2175 2474 2231 2521 et
2256 2467 2543 2522 humanam
2564 2477 2808 2524 naturam
2828 2468 3024 2525 Christi
3054 2486 3205 2526 suam
3226 2474 3621 2530 subsistentiam
3646 2492 3738 2531 seu

2174 2577 2458 2631 personam
2507 2562 2776 2631 propriam
2817 2564 3017 2619 habere
3059 2583 3071 2617 :
3115 2566 3430 2621 manifestus
3478 2576 3561 2623 est
3600 2569 3735 2631 talis,

2174 2652 2317 2720 quod
2338 2660 2462 2707 ante
2490 2652 2794 2707 subsistenti
2819 2653 3021 2707 homini
3047 2656 3251 2710 unitum
3279 2671 3398 2712 esse
3424 2658 3552 2712 dicit
3575 2656 3739 2713 Deum

2176 2746 2428 2819 Verbum,
2459 2755 2517 2801 et
2544 2746 2876 2803 aﬂ'ectualem
2921 2746 3117 2802 iactam
3149 2763 3269 2805 esse
3309 2751 3585 2804 unitatem.
3613 2749 3741 2805 Duae

2176 2836 2321 2890 enim
2350 2837 2705 2891 subsistentia:
2732 2852 2826 2891 seu
2849 2852 3090 2907 personae
3129 2839 3412 2893 secundum
3440 2838 3740 2894 subsisten-

2178 2926 2305 2979 tiam
2335 2927 2474 2980 uniri
2503 2942 2610 2981 non
2639 2934 2881 2996 possunt.
2912 2927 3014 2994 Qui
3036 2929 3187 2997 igitur
3204 2928 3318 2982 btec
3342 2928 3490 2995 dicit,
3514 2929 3608 2983 Dei
3630 2944 3729 2998 po-

2180 3017 2399 3073 tentiam
2418 3017 2595 3072 verbis
2614 3018 2856 3072 humana:
2875 3019 3139 3088 sapientia:
3163 3030 3420 3074 evacuare
3446 3018 3730 3081 festinans.

518 3123 630 3157 τινα
652 3101 796 3155 αὑτὸν
821 3100 1124 3158 ἓληλυθέναε’
1154 3102 1238 3153 καί
1272 3106 1361 3154 τοῦ
1382 3101 1536 3154 αὑτοῦ
1562 3107 1682 3153 Θεοῦ
1709 3101 1859 3174 λόγου
1887 3124 2073 3176 σαρκω-

2179 3106 2390 3173 ignorat
2415 3108 2662 3175 magnum
2685 3108 2899 3175 pietatis
2928 3108 3254 3176 mysterium,
3275 3107 3416 3176 quod
3435 3106 3600 3161 corde
3624 3107 3741 3178 qui-

518 3194 681 3252 οὲντος
706 3197 794 3251 τήν
822 3194 874 3246 ἐκ
893 3194 1138 3264 παρθένου
1163 3193 1386 3265 γέννησιν
1411 3188 1552 3256 εἶναι,
1574 3196 1658 3247 καί
1682 3191 1765 3247 διὰ
1792 3200 1946 3250 τοῦτο
1971 3198 2077 3251 θεο-

518 3284 661 3337 τόιιον
701 3278 822 3337 εἶναι
855 3288 942 3341 τήν
970 3282 1112 3354 ἁγίαν
1150 3280 1340 3346 ἔνδοξον
1383 3284 1701 3356 ἀειπάρθενσν
1739 3287 1958 3358 Μαρίαν.
1988 3290 2075 3355 Διά

518 3377 669 3425 τοῦτο
708 3373 790 3424 καί
818 3370 914 3442 πρὸ
936 3377 1025 3431 τῆς
1050 3372 1352 3443 σςτρκὼσεως
1384 3376 1472 3425 τοῦ
1503 3377 1626 3425 Θεοῦ
1652 3370 1817 3440 λόγου,
1846 3375 1927 3426 καί
1950 3376 2077 3443 μετά

519 3466 610 3520 τὴν
634 3462 789 3516 αὑτοῦ
827 3465 1077 3536 σάρκωσιν
1109 3470 1238 3538 τρεῖς
1283 3463 1592 3523 ὑποστάσεις
1628 3463 1832 3534 λέγομεν
1859 3471 1946 3519 τοῦ
1976 3488 2076 3521 πα·

519 3554 640 3629 τρδς
661 3557 740 3607 καί
765 3559 852 3609 τοῦ
875 3555 986 3607 υἱοῦ
1025 3555 1109 3607 καί
1138 3559 1227 3608 τοῦ
1264 3553 1407 3622 ἁγίου
1453 3555 1759 3625 πνεύματος,
1801 3563 1891 3614 τῆς
1930 3556 2079 3626 ἁγίας

518 3645 722 3722 τριάδος
749 3648 994 3718 τετάρτης
1032 3645 1386 3709 ὑποστάσεως,
1415 3643 1522 3703 ἦτοι
1549 3647 1827 3715 προσώπου
1860 3648 2079 3716 προσθὴ-

519 3756 605 3801 ιιην
633 3740 701 3806 μή
731 3732 1098 3802 ἐπιδεξαμένης.
1124 3731 1206 3787 Ἐκ
1232 3735 1422 3788 τούτων
1456 3735 1616 3788 τοίνυν
1653 3736 1854 3789 πάντων
1893 3733 2079 3808 dish”;-

520 3847 705 3897 χονται
742 3826 787 3878 οἷ
825 3826 1045 3897 λέγοντες
1094 3827 1195 3900 πρὸ
1239 3833 1330 3884 τῆς
1378 3825 1604 3886 ἑνῶσεως
1651 3825 1742 3882 δύο
1784 3830 1976 3898 φύσεις,
2010 3832 2078 3889 ὡς

517 3917 919 3989 προῦποστάντα
950 3917 1174 3985 λέγουσιν
1222 3912 1501 3988 ἄνθρωπον,
1544 3919 1627 3969 καί
1660 3918 1819 3977 οὑτως
1847 3919 2080 3978 ἱνωθῆνειι

521 4013 595 4077 τῷ
623 4013 730 4074 Θεῷ
758 4006 904 4074 λόγῳ,
926 4005 1055 4058 κατά
1073 4008 1161 4061 τήν
1179 4006 1363 4071 μανίαν
1386 4002 1666 4078 Θεοδώρου,
1695 4010 1779 4060 καί
1806 4012 2076 4082 Νεστορίου

517 4103 617 4152 τῶν
641 4095 861 4150 ἀσεϐῶν·
888 4095 933 4147 οί
964 4092 1015 4148 δὲ
1052 4094 1271 4164 λέγοντες
1297 4093 1375 4165 μὴ’
1404 4101 1593 4167 χρῆναι
1633 4094 1788 4164 λέγειν
1824 4098 1953 4166 μετ-ἀ
1992 4102 2079 4156 τήν

518 4185 696 4239 ἕνωσιν
722 4182 812 4238 δύο
833 4181 1008 4254 φὺσιις
1029 4183 1110 4236 ἰπὶ
1132 4188 1375 4256 Χριστοῦ,
1397 4183 1517 4237 ἀλὶά
1543 4186 1661 4253 μίαν
1683 4183 1856 4257 φύσιν,
1879 4188 2080 4259 σύγχυ-

517 4293 620 4334 σιν,
662 4277 748 4327 καί
775 4275 1052 4344 φαντασίαν
1086 4272 1371 4343 εἰσάγοντες
1396 4270 1705 4345 [εἰσάγουσι]
1735 4278 1859 4331 κατά
1886 4274 2077 4331 ’Δπολι-

508 4360 706 4431 νάριον,
729 4364 811 4415 καί
835 4362 1074 4431 Εὑτυχία
1101 4363 1217 4421 τοὺς
1244 4360 1755 4422 ἀσεϐεῖς.’Δλλόὑτοι
1781 4367 1869 4434 μὲν
1888 4372 2072 4420 ταῦτα.

2177 3194 2299 3249 dem
2320 3195 2552 3250 creditur
2579 3195 2646 3249 ad
2663 3196 2944 3265 justitiam,
2973 3213 3072 3252 ore
3099 3205 3276 3251 autem
3302 3195 3566 3251 confessio
3589 3196 3647 3250 lit
3672 3196 3739 3251 ad

2176 3283 2425 3340 salutem.
2466 3285 2649 3353 Neque
2674 3287 2817 3339 enim
2850 3286 3078 3341 humana
3107 3286 3309 3341 Christi
3334 3294 3523 3340 natura
3564 3300 3659 3356 per
3683 3300 3740 3341 se

2178 3372 2420 3426 absolute
2442 3388 2674 3441 unquam
2692 3374 2906 3438 dicitur,
2934 3374 3028 3430 sed
3054 3391 3153 3431 nec
3178 3390 3329 3430 suam
3350 3375 3738 3430 subsistentiam

2176 3478 2271 3517 seu
2301 3479 2581 3533 personam
2608 3465 2828 3520 habuit:
2864 3467 2958 3521 sed
2985 3468 3038 3521 in
3079 3467 3421 3522 subsistentia
3450 3466 3543 3522 Dei
3564 3467 3739 3531 Verbi,

2176 3562 2367 3608 natura
2400 3553 2629 3609 humana
2660 3554 2869 3609 initium
2894 3554 3125 3628 [initium
3169 3556 3468 3610 existentite
3507 3556 3732 3625 accepit,

2179 3648 2369 3720 Gram]
2401 3658 2460 3705 ut
2480 3660 2638 3717 esset,
2663 3653 2886 3707 habuit:
2919 3653 3057 3708 unde
3087 3654 3260 3723 ipsum
3311 3653 3482 3708 Deum
3510 3652 3736 3708 Verbum

2179 3738 2582 3793 immutabiliter
2607 3740 2878 3796 hominem
2927 3740 3128 3796 factum
3168 3756 3287 3797 esse
3322 3742 3657 3805 conﬁtemur,
3685 3749 3740 3796 et

2179 3844 2284 3884 non
2312 3829 2366 3882 in
2409 3830 2679 3884 hominem
2708 3829 2992 3899 quemdam
3020 3832 3263 3897 venisse;
3306 3841 3361 3885 et
3389 3831 3626 3900 ejusdem
3649 3830 3741 3885 Dei

2177 3918 2339 3974 Verbi
2369 3920 2628 3975 incarnati
2657 3934 2776 3976 esse
2815 3921 3146 3978 nativitatem
3177 3938 3246 3977 ex
3286 3923 3511 3992 virgine,
3541 3932 3596 3977 et
3622 3936 3742 3992 pro-

2177 4026 2297 4087 pter
2323 4019 2429 4087 hoc
2454 4018 2549 4073 Dei
2580 4017 2903 4074 Genitricem
2941 4029 3179 4076 sanctam
3206 4021 3490 4088 gloriosam
3534 4036 3743 4091 semper

2175 4108 2434 4176 virginem
2477 4105 2699 4160 Mariam
2738 4120 2875 4163 esse.
2909 4108 3038 4163 Ideo
3076 4117 3132 4164 et
3169 4116 3293 4163 ante
3325 4109 3739 4164 incarnationem

2177 4198 2273 4251 Dei
2298 4196 2478 4261 Verbi,
2521 4205 2576 4251 et
2613 4205 2735 4266 post
2778 4196 2893 4265 ejus
2922 4198 3364 4264 incarnationem,
3422 4207 3532 4253 tres
3572 4197 3741 4252 subsi—

2177 4288 2400 4343 stentias
2427 4287 2648 4342 dicimus
2676 4286 2867 4353 Patris,
2917 4294 2972 4341 et
3019 4285 3158 4351 Filii,
3182 4295 3237 4343 et
3276 4287 3505 4356 Spiritus
3550 4285 3736 4340 sancti.

2177 4374 2294 4430 Non
2333 4375 2475 4431 enim
2520 4383 2705 4431 sancta
2734 4375 2972 4431 Trinitas
3013 4384 3215 4445 quarta:
3261 4376 3618 4433 subsistentia:
3655 4373 3739 4429 vel

514 4452 572 4507 Οἱ
608 4451 660 4507 δὲ
687 4450 815 4522 ἅγιοι
843 4452 1060 4525 πατέρες
1100 4454 1226 4522 μετὰ
1263 4457 1352 4511 τήν
1390 4460 1478 4508 τοῦ
1522 4453 1671 4526 λόγου
1711 4456 2073 4529 ὶνανθρῶπ-ησιν

2176 4474 2420 4534 personae
2444 4464 2797 4532 adjectionem
2825 4466 3078 4535 suscepit.
3110 4462 3186 4518 Ex
3210 4465 3289 4519 his
3314 4464 3473 4533 igitur
3497 4465 3739 4519 omnibus

514 4541 854 4612 θεωρήσαντες
878 4541 941 4593 τά
962 4540 1017 4617 ἐξ
1036 4539 1102 4593 ὧν
1126 4540 1152 4595 ὁ
1178 4543 1418 4615 Χριστὸς,
1445 4545 1526 4598 καί
1563 4542 1640 4600 ὅτι
1668 4545 1964 4616 ἀσὺγχυτοι
1985 4567 2073 4617 με·

518 4635 785 4699 μενήκασιν
819 4632 869 4685 ειί
905 4634 1100 4702 φύσεις,
1135 4634 1379 4706 ὀρθότατα
1418 4636 1511 4693 τὰς
1558 4633 1648 4689 δύο
1690 4637 1864 4707 φύσεις
1898 4641 1990 4696 τήν
2016 4657 2070 4692 τε

515 4720 670 4782 θείαν,
697 4722 779 4773 καί
822 4721 1123 4798 ἀνθρωπίνην
1164 4723 1213 4774 ἐν
1251 4729 1322 4792 τῷ
1366 4730 1570 4794 Χριστῷ
1618 4721 1743 4780 εἶναι
1790 4730 2069 4800 εἰρήκασιν.

516 4807 641 4863 Οὔτε
664 4812 761 4887 γάρ
790 4812 888 4883 πρὸ
927 4819 1016 4870 τῆς
1055 4813 1471 4884 amt-opma"...-
1497 4812 1584 4868 δύο
1615 4817 1787 4885 φύσεις
1816 4816 1946 4875 ἦσαν
1980 4826 2072 4874 τοῦ

514 4898 713 4971 κυρίου,
740 4897 852 4952 οὑδί
880 4901 1011 4968 μετὰ
1044 4906 1133 4958 τήν
1167 4901 1527 4971 ἒνανθρῶπησιν
1547 4903 1597 4956 αἱ
1636 4902 1725 4958 δύο
1752 4906 1842 4976 μία
1875 4905 2075 4979 ’γεννάδα-

518 5006 614 5046 σιν,
634 4987 677 5038 εἰ
701 4989 783 5042 καί
808 4988 856 5041 ἐν
877 4992 972 5058 μιᾷ
994 4989 1277 5045 ὑποστάσει
1297 4996 1641 5065 γνωρίζονται,

2173 4557 2558 4613 convincuntur
2585 4555 2674 4627 qui
2702 4555 2913 4621 dicunt,
2944 4564 3068 4611 ante
3110 4556 3402 4611 unitionem
3432 4555 3566 4609 duas
3588 4563 3738 4608 natu-

2171 4658 2259 4698 ras
2285 4658 2420 4708 esse,
2448 4643 2590 4714 quod
2611 4651 2733 4699 ante
2756 4644 3072 4714 plasmatum
3100 4641 3534 4718 [subsistentem]
3557 4643 3740 4699 dicunt

2174 4733 2462 4799 hominem,
2497 4741 2552 4787 et
2571 4732 2649 4787 sic
2676 4733 2878 4787 unitum
2908 4746 3026 4789 esse
3063 4731 3174 4789 Deo
3209 4729 3400 4796 Verbo,
3447 4731 3738 4786 secundum

2174 4823 2433 4877 insaniam
2461 4821 2728 4878 Theodori
2750 4830 2805 4879 et
2832 4823 3061 4879 Nestorii
3088 4824 3394 4892 impiorum.
3421 4818 3524 4888 Qui
3562 4829 3738 4875 autem

2173 4912 2375 4979 dicunt,
2405 4912 2548 4980 quod
2574 4926 2683 4967 non
2710 4921 2922 4983 oportet
2946 4922 3066 4982 post
3087 4912 3344 4968 unitatem
3366 4911 3497 4965 duas
3524 4918 3739 4964 naturas

2177 5001 2234 5064 in
2259 5000 2492 5064 Christo,
2519 5001 2614 5056 sed
2642 5016 2803 5055 unam
2857 5001 3054 5069 dicere,
3095 5002 3457 5084 confusionem
3491 5009 3545 5053 et
3573 4998 3738 5068 phan-

2182 5089 2369 5148 taSiam
2392 5090 2735 5146 introducunt
2759 5093 3047 5146 secundum
3076 5091 3459 5162 Apollinarium
3497 5098 3552 5145 et
3581 5087 3738 5157 Euty-

2184 5178 2322 5236 chen
2357 5178 2565 5247 impios.
2607 5178 2714 5234 Sed
2740 5180 2827 5234 isti
2857 5179 3069 5248 quidem
3098 5181 3227 5234 hmo.
3258 5178 3439 5233 Sancti
3474 5192 3602 5231 vero
3640 5171 3746 5228 Ρο-

2180 5274 2310 5332 tres,
2334 5273 2456 5336 post
2490 5266 2585 5323 Dei
2615 5265 2772 5321 Verbi
2810 5268 3227 5323 incarnationem
3253 5265 3652 5322 considerantes
3675 5275 3738 5315 ea

514 5353 581 5394 ex
607 5337 796 5409 quibus
822 5336 1063 5398 Christus
1087 5350 1190 5412 est,
1236 5352 1294 5401 et
1333 5347 1473 5416 quod
1516 5347 1810 5406 inconfusus.
1841 5362 2150 5413 manserunt
2184 5363 2409 5422 natum,
2437 5355 2733 5410 rectissime
2758 5355 2895 5409 duas
2920 5360 3158 5421 naturas,
3186 5354 3418 5409 divinam
3455 5358 3512 5407 et
3553 5352 3742 5408 huma-

514 5443 659 5497 nam,
686 5430 738 5485 in
758 5428 973 5487 Christo
991 5448 1108 5490 esse
1129 5434 1397 5493 dixerunt.
1422 5437 1530 5494 Nec
1550 5439 1687 5493 enim
1701 5448 1826 5497 ante
1839 5442 2257 5500 incarnationem
2284 5445 2401 5500 dum
2413 5452 2618 5500 naturae
2642 5449 2797 5501 erant
2812 5444 3039 5510 Domini,
3060 5458 3161 5500 nec
3179 5453 3300 5515 post
3319 5441 3739 5498 incarnationem

511 5525 630 5581 dua:
667 5532 870 5582 naturae
894 5542 998 5582 una
1025 5527 1174 5587 factae
1198 5537 1339 5597 sunt,
1370 5530 1491 5586 licet
1512 5532 1565 5586 in
1586 5547 1693 5587 una
1718 5534 2054 5590 subsistentia
2082 5545 2486 5604 cognoscantur.

579 5624 753 5672 Ταῦτα
783 5616 837 5674 δέ
864 5622 947 5674 καί
986 5623 1041 5675 ἐκ
1074 5627 1169 5681 τῶν
1206 5622 1346 5676 θείων
1382 5630 1612 5700 γραφῶν,
1654 5627 1734 5679 καί
1774 5626 1828 5678 ἐκ
1855 5631 1943 5685 τῆς
1973 5632 2073 5680 τῶν

511 5706 739 5784 πατέρων
776 5705 1099 5779 διδασκαλίας
1137 5709 1457 5782 διδαχθέντες
1495 5716 1621 5793 πρὸς
1660 5716 2069 5791 ἀνατροπὴ-»τῶν

2250 5626 2378 5685 liam
2406 5636 2585 5684 autem
2615 5635 2670 5685 et
2698 5643 2763 5684 ex
2791 5628 2984 5684 divinis
3008 5628 3299 5700 Scripturis
3326 5634 3379 5682 et
3401 5627 3615 5681 Patrum
3642 5627 3739 5678 do-

2178 5718 2345 5789 ctrina
2387 5718 2579 5788 edocti,
2635 5721 2699 5775 ad
2730 5719 3036 5777 refutandos
3065 5734 3157 5774 eos
3186 5720 3275 5802 qui
3315 5715 3644 5781 confundunt
3682 5722 3743 5779 et
