3994 6140
326 257 464 327 1013
964 316 969 323 -
1432 276 1844 339 CONFESSIO
1883 274 2148 337 RECTIE
2186 273 2420 335 FIDEI‘.
3417 257 3559 322 1(Ηῖ

322 385 682 460 συγχεόντων,
736 388 818 441 καί
867 384 1142 457 τεμνόντων
1185 382 1245 438 τό
1288 390 1379 442 τῆς
1425 383 1558 442 θείας
1605 382 1886 452 οἰκονομίας

1993 377 2242 432 dividunt
2270 378 2462 433 divina:
2508 375 2916 446 dispensationis
2961 373 3300 444 mysterium,
3349 372 3541 427 merito

321 481 619 553 μυστήριον,
650 474 853 538 εἰκότως
881 474 1188 554 ἐγράψαμεν,
1219 476 1300 528 καί
1318 474 1375 527 οὗ
1401 479 1476 543 τῷ
1509 473 1791 542 σαφηνίζειν
1820 473 1887 525 τά

1993 468 2307 538 scripsimus,
2335 476 2391 523 et
2417 483 2523 523 non
2551 482 2617 523 eo
2643 467 2787 538 quod
2807 464 3143 522 declaramus
3176 480 3240 521 ea
3267 479 3334 520 ex
3355 464 3547 534 quibus

320 567 374 630 ἐξ
402 562 475 620 ὧν
490 568 618 630 ἐστι,
646 568 730 619 καί
757 567 807 619 ἐν
831 561 903 625 οἷς
924 561 1265 641 γνωρίζεταιὸ
1293 561 1528 639 Χριστὸς,
1556 561 1818 630 σύγχυσιν
1855 556 1886 616 ἦ

1993 564 2090 626 est,
2117 565 2174 613 et
2199 558 2254 612 in
2283 559 2475 628 quibus
2502 557 2842 626 cognoscitur
2872 554 3136 620 Christus,
3175 554 3543 611 confusionem

322 654 562 729 διαίρεσιν
586 663 648 730 τῇ
669 657 778 729 θείᾳ
805 656 1060 728 οἰκονομίᾳ
1087 655 1368 726 εἰσάγομεν.
1398 650 1589 722 ’Δμέλει
1607 649 1888 719 δοξολογίαν

1993 647 2072 702 vel
2097 641 2411 702 divisionem
2437 646 2629 701 divina:
2666 645 3054 715 dispensationi
3084 642 3325 700 facimus.
3356 641 3546 711 Itaque

323 746 412 799 καί
435 745 522 799 τόν
545 751 635 803 τῆς
658 745 878 804 ένώσεως
907 742 1050 815 λόγον
1069 744 1422 818 προφέροντες,
1452 743 1542 796 ἵνα
1557 740 1782 813 Χριστὸν
1805 742 1889 793 καί

1993 736 2429 805 gloriﬁcationem
2476 743 2531 792 et
2576 735 2847 790 unitiouis-
2876 736 3141 790 rationem
3187 731 3582 803 proferentes,.

323 836 428 889 υίόν
468 837 555 889 καί
595 836 765 909 κύριον
807 837 895 891 τόν
922 840 1015 892 τοῦ
1045 841 1169 890 Θεοῦ
1195 834 1339 906 λόγον
1367 833 1769 906 σεσαρκωμένον,
1807 832 1889 884 καί

1993 841 2150 880 unum
2170 825 2440 880 Christum
2463 832 2518 880 et
2545 824 2731 880 Filium
2762 832 2818 879 et
2841 823 3146 889 Dominum,
3187 822 3420 878 Verbum
3449 819 3546 909 Dei
3570 843 3577 851 -

324 908 774 1000 ἐνανθρωπήσαντα
796 925 1125 998 ὁμολογοῦμέν
1160 945 1244 989 τε,
1275 928 1359 979 καί
1396 932 1771 1000 προσκυνοῦμεν
1797 925 1889 978 σὺν

1993 914 2318 969 incarnatum
2347 922 2402 970 et
2439 913 2708 968 hominem
2738 911 2933 967 factum
2961 912 3279 967 conﬁtemur
3323 908 3549 965 eLado—
3576 974 3589 985 ἢ

3581 512 3623 568 ί

325 1024 399 1087 τῷ
429 1020 587 1087 πατρί
610 1021 693 1071 καί
715 1026 786 1087 τῷ
811 1018 936 1089 ἐιγίῳ
962 1020 1229 1087 πνεύματι.
1269 1019 1467 1073 Τούτων
1492 1016 1651 1077 οὕτως
1679 1017 1777 1071 ὑπὸ
1801 1022 1891 1077 τῆς

326 1114 414 1164 τοῦ
444 1113 569 1162 Θεοῦ
595 1109 846 1170 καθολεκῆς
871 1110 1133 1169 ἐκκλησίας
1160 1108 1562 1182 ὁμολογουμένων
1580 1150 1598 1178 ,
1637 1112 1893 1182 γινώσκειν

327 1198 607 1271 βουλόμεθα
630 1198 824 1260 πάντας
849 1202 967 1260 τοὺς
988 1201 1339 1274 Χριστιανοὺς,
1373 1196 1455 1254 ὅτε
1473 1200 1641 1275 ὥσπερ
1669 1198 1754 1252 ἕνα
1774 1199 1893 1253 Θεὸν

325 1290 411 1340 καί
434 1284 605 1360 κύριον
644 1285 853 1357 ἔχομεν,
883 1287 1015 1342 οὕτω
1054 1291 1135 1342 καί
1159 1292 1275 1358 μίαν
1302 1290 1493 1343 πίστιν.
1526 1284 1606 1348 Εἷς
1633 1288 1732 1361 γάρ
1758 1288 1895 1343 έστιν

328 1374 445 1451 ὄρος
474 1378 725 1441 πίστεως,
754 1377 814 1431 τὸ
843 1376 1097 1449 ὁμολογεῖν
1135 1381 1216 1433 καί
1244 1378 1397 1451 ὀρθῶς
1419 1375 1637 1441 δοξάζειν
1673 1377 1893 1450 πατέρα,

327 1471 414 1522 καί
438 1469 652 1544 Χριστὸν
676 1468 763 1523 τὸν
780 1469 883 1521 υἱὸν
904 1474 993 1521 τοῦ
1015 1473 1162 1529 Θεοῦ,
1189 1471 1277 1522 καί
1296 1466 1436 1540 ἅγιον
1461 1473 1678 1540 πνεῦμα.
1696 1469 1896 1524 Ταύτην

325 1562 417 1618 τήν
438 1556 699 1629 ὁμολογίαν
725 1556 1055 1630 φυλάττομεν,
1087 1558 1158 1617 είς
1182 1558 1240 1617 ἢν
1266 1560 1353 1610 καί
1379 1556 1765 1625 έϐαπτίσθημεν,
1792 1553 1893 1609 δωο

327 1650 556 1724 ρηθεῐσαν
584 1649 674 1718 μέν
700 1649 845 1722 παρὰ
878 1653 966 1701 τοῦ
993 1647 1211 1719 μεγάλου
1237 1652 1363 1701 Θεοῦ
1392 1648 1475 1699 καί
1504 1653 1734 1719 σωτῆρος
1760 1647 1897 1716 ἡμῶν

1988 1021 2168 1061 ramus
2199 1020 2319 1060 cum
2347 1004 2507 1060 Patre
2543 1011 2600 1059 et
2643 1002 2846 1074 Spiritu
2889 1012 3094 1059 sancto.
3137 1001 3264 1056 Haec
3307 1000 3399 1054 ita;
3427 1015 3548 1054 cum

1992 1094 2276 1152 universali
2300 1093 2395 1148 Dei
2422 1092 2659 1148 Ecclesia
2696 1088 3011 1147 conﬁtentes
3050 1093 3091 1157 ι,
3138 1090 3279 1145 scire
3304 1087 3573 1144 volumus-

1991 1201 2179 1242 omnes
2205 1184 2555 1251 Christianos,
2584 1183 2728 1253 quod
2754 1183 2893 1239 sicut
2919 1197 3082 1237 unum
3102 1181 3272 1236 Deum
3292 1186 3350 1236 et
3376 1178 3553 1234 Domi-

1994 1290 2120 1330 num
2145 1274 2417 1341 habemus,
2461 1273 2534 1328 ita
2573 1280 2628 1327 et
2653 1287 2814 1327 unam
2847 1271 3022 1327 ﬁdem.
3059 1269 3176 1326 Una
3203 1271 3347 1325 enim
3369 1267 3557 1324 deﬁni~

1996 1367 2072 1421 tio
2098 1364 2219 1421 ﬁdei
2245 1372 2346 1429 est,
2377 1364 2621 1420 conﬁteri
2647 1373 2702 1419 et
2728 1372 2875 1419 recte
2903 1363 3203 1432 gloriﬁcare
3225 1360 3461 1426 Patrem,
3501 1369 3559 1415 et

1995 1454 2263 1512 Christum
2301 1454 2491 1509 Filium
2520 1454 2635 1519 Dei,
2687 1459 2742 1509 et
2769 1453 3028 1524 Spiritum
3076 1460 3339 1508 sanctum.
3397 1450 3558 1504 istam

1996 1544 2385 1601 confessionem
2426 1558 2828 1611 conservamus,
2876 1543 2931 1597 in
2960 1558 3067 1613 qua
3113 1549 3169 1597 et
3193 1540 3449 1611 baptizati
3477 1555 3561 1595 su-

1997 1635 2394 1703 mus,donatam
2424 1634 2636 1703 quidem
2657 1650 2688 1689 a
2716 1648 2911 1702 magno
2932 1633 3043 1689 Deo
3071 1641 3127 1689 et
3153 1632 3430 1689 Salvatore
3455 1644 3561 1685 no-

325 1722 494 1796 ὀΙησοῦ
518 1743 737 1813 Χριστοῦ
765 1744 875 1797 τοῖς
1090 1739 1239 1792 αὐτοῦ
1273 1739 1523 1807 μαθηταῖς
1560 1738 1645 1791 καί
1669 1735 1889 1790 ἀποστό-

2000 1733 2112 1780 stro
2149 1724 2274 1780 Jesu
2302 1725 2514 1781 Christo
2542 1726 2740 1780 sanctis
2768 1724 2878 1779 suis
2904 1724 3178 1794 discipulis
3203 1730 3257 1779 et
3281 1722 3558 1793 apostolis,

327 1828 449 1892 λοις,
480 1829 601 1902 παρ’
623 1830 787 1882 αὐτῶν
806 1826 858 1882 δέ
884 1830 1227 1901 κηρυχθεῖσαν
1255 1829 1302 1880 έν
1317 1825 1417 1894 ὅλῳ
1441 1833 1516 1899 τῷ
1539 1827 1734 1898 κόσμῳ.
1761 1827 1820 1880 Oi
1843 1824 1896 1881 δέ

327 1919 608 1996 τριακόσιοι
643 1918 764 1974 δέκα
796 1921 879 1972 καί
914 1919 1041 1972 ὁκτὼ
1068 1919 1283 1991 πατέρες
1319 1915 1448 1989 ἅγιοι
1480 1916 1526 1970 οί
1555 1918 1896 1987 συναχθέντες

326 2011 377 2062 έν
405 2011 578 2082 Νικαὶξι
602 2010 729 2064 κατά
752 2012 962 2079 Ἀρείου,
994 2010 1075 2062 καί
1096 2013 1272 2061 τοῦτον
1300 2008 1430 2076 μετά
1455 2013 1546 2066 τῆς
1584 2008 1737 2061 αὐτοῦ
1772 2008 1895 2060 ἀσε-

328 2098 465 2159 ϐείας
493 2098 943 2164 καταδικάσαντες,
971 2103 1060 2158 τήν
1084 2099 1241 2156 αὐτὴν
1270 2096 1530 2169 ὁμολογίαν
1547 2136 1562 2159 ,
1590 2095 1621 2155 ἢ
1649 2096 1897 2167 σύμϐολον

324 2193 405 2244 καί
433 2174 594 2261 [ἅγιον
633 2185 717 2259 Ι...]
756 2191 964 2260 μάθημα
1000 2196 1091 2248 τῆς
1131 2188 1353 2246 πίστεως
1396 2183 1787 2260 παραδεδώκασι
1832 2194 1895 2260 τῇ

324 2275 445 2348 ἆγίκ
468 2281 557 2330 τοῦ
587 2281 710 2330 Θεοῦ
741 2277 1005 2350 ίκκλησίιει⁸
1036 2277 1122 2329 καί
1142 2274 1252 2345 μετ’
1276 2275 1486 2334 ἐκείνους
1507 2275 1552 2327 οἰ
1582 2274 1754 2330 έκατόν
1773 2294 1895 2329 πεν-

326 2370 540 2425 τήκοντα
568 2366 699 2438 ἅγιοι
726 2367 943 2437 πατέρες
981 2366 1026 2419 οἰ
1052 2365 1393 2435 συναχθέντες
1421 2364 1471 2417 ἐν
1502 2378 1899 2417 Κωνσταντινου-

324 2459 463 2513 πόλει
490 2460 621 2513 κατά
650 2457 951 2512 Μακεδονίαν
977 2463 1069 2513 τοῦ
1094 2459 1529 2529 πνευματομάχου
1549 2499 1563 2523 ,
1594 2459 1676 2510 καί
1694 2457 1893 2527 Μάγνου

325 2552 413 2601 τοῦ
437 2544 874 2622 ’Δπολιναριστοῦ,
923 2550 1009 2600 καί
1048 2547 1261 2606 τούτους
1296 2544 1721 2604 καταδικάσαντες
1768 2549 1895 2617 μετὰ

326 2644 420 2696 τῆς
456 2637 620 2690 αὐτῶν
663 2637 928 2700 ἀσεϐείας,
966 2636 1342 2695 ἀκολουθοῦντές
1374 2655 1428 2690 τε
1456 2636 1582 2689 κατὰ
1616 2637 1781 2690 πάντα
1821 2642 1892 2705 τῷ

327 2727 466 2799 αὖτῷ
495 2724 646 2798 ἁγίων
672 2726 910 2798 συμϐόλῳ
935 2732 1006 2798 τῷ
1030 2726 1170 2801 παρά
1196 2733 1293 2779 τῶν
1316 2728 1615 2801 τριακοσίων
1644 2723 1892 2781 δεκαοκτώ

328 2813 480 2885 ἁγίων
500 2817 728 2890 πατέρων
751 2814 1108 2888 παραδοθέντε,
1133 2815 1412 2893 έτράνωσαν
1434 2817 1500 2869 τά
1525 2818 1643 2890 περί
1668 2824 1758 2874 τῆς
1786 2816 1894 2870 θεό-

325 2920 474 2963 τητος
513 2910 604 2957 τοῦ
653 2904 795 2975 ἁγίου
841 2905 1141 2973 πνεύματος.
1169 2900 1279 2956 Ἔτι
1315 2900 1369 2957 δέ
1416 2904 1502 2959 καί
1545 2903 1589 2955 οἱ
1626 2903 1674 2955 έν
1708 2905 1893 2975 ἐγέσῳ

325 2996 663 3065 συναχθέντες
690 2998 747 3051 τὸ
782 2995 1023 3070 πρότερον
1053 2993 1186 3064 ἅγιοι
1218 2996 1432 3069 πατέρες
1470 2996 1600 3050 κατὰ
1625 2998 1891 3070 Νεστορίου

2001 1814 2068 1869 ab
2096 1814 2174 1868 eis
2202 1822 2378 1869 autem
2419 1814 2761 1884 prmdicatam
2803 1812 2856 1867 in
2902 1820 3016 1868 toto
3045 1812 3264 1867 mundo.
3308 1810 3560 1867 Trecenti

2000 1914 2178 1961 autem
2207 1905 2391 1961 decem
2421 1913 2477 1960 et
2498 1914 2621 1961 octo
2646 1906 2815 1960 sancti
2845 1903 3037 1961 Patres
3065 1905 3276 1961 collecti
3303 1905 3357 1959 in
3385 1904 3562 1960 Nicma

1999 1995 2250 2051 adversus
2276 1995 2483 2062 Arium,
2511 1996 2603 2051 illo
2625 2010 2744 2052 cum
2772 2010 2873 2051 sua
2890 1996 3162 2066 impietate
3184 1994 3562 2060 condemnato,

1999 2082 2245 2139 eamdem
2271 2082 2681 2149 confessionem,
2725 2083 2778 2139 id
2800 2092 2902 2149 est,
2944 2092 3187 2140 sanctum
3213 2084 3483 2141 mathema
3509 2094 3562 2140 et

1998 2173 2299 2244 symbolum
2327 2172 2452 2228 ﬁdei
2482 2173 2813 2228 tradiderunt
2838 2182 3037 2229 sancta:
3074 2174 3169 2228 Dei
3199 2173 3480 2242 Ecclesiae;
3511 2183 3561 2231 et

1996 2272 2120 2336 post
2166 2264 2307 2332 illos,
2351 2274 2566 2319 centum
2588 2264 2970 2334 quinquaginta
3011 2265 3183 2320 sancti
3211 2263 3396 2321 Patres
3426 2262 3562 2321 Con-

1997 2353 2345 2424 stantinopoli
2387 2354 2599 2409 collecti
2646 2353 2902 2411 adversus
2945 2353 3315 2410 Macedonium
3372 2363 3562 2410 sancto

1998 2441 2218 2511 Spiritui
2262 2451 2667 2511 repugnantem,
2710 2453 2767 2499 et
2812 2439 3060 2512 Magnum
3105 2443 3563 2514 Apollinaristam,

1998 2527 2103 2583 illis
2129 2527 2496 2584 condemnatis
2523 2544 2643 2585 cum
2664 2545 2759 2586 sua
2786 2530 3032 2602 perﬁdia,
3062 2532 3233 2587 secuti
3258 2546 3356 2602 per
3383 2533 3562 2589 omnia

1998 2625 2140 2682 idem
2165 2635 2410 2682 sanctum
2436 2628 2735 2699 symbolum
2766 2629 3016 2684 traditum
3043 2644 3075 2684 a
3095 2631 3350 2686 trecentis
3377 2632 3563 2686 decem

1998 2730 2054 2777 et
2074 2730 2197 2778 octo
2224 2725 2422 2779 sanctis
2450 2720 2718 2795 Patribus,
2753 2727 3172 2796 explanaverunt
3197 2743 3315 2798 quae
3344 2737 3468 2784 sunt
3495 2729 3563 2785 de

1999 2814 2197 2871 deitate
2236 2817 2403 2872 sancti
2452 2817 2681 2887 Spiritus
2727 2817 2864 2891 (Act.
2906 2817 2981 2889 5).
3021 2817 3243 2890 Insuper
3282 2829 3460 2876 autem
3507 2830 3563 2876 et

1998 2914 2089 2985 qui
2117 2914 2171 2969 in
2197 2913 2411 2985 Epheso
2452 2916 2599 2986 prius
2639 2916 2851 2971 collecti
2898 2927 3021 2972 sunt
3047 2919 3217 2974 sancti
3246 2917 3433 2974 Patres
3462 2919 3560 2975 ad-

1998 3022 2184 3063 versus
2238 3006 2541 3062 Nestorium
2587 3008 2840 3078 impium,
2888 3016 2945 3064 et
2982 3010 3071 3079 qui
3120 3011 3175 3064 in
3218 3008 3564 3066 Chalcedone

325 3092 415 3139 τοῦ
440 3084 753 3151 δυσσεϐοῦς,
794 3089 878 3140 καί
905 3088 950 3140 οἰ
978 3085 1027 3139 έν
1054 3084 1329 3142 Χαλκηδόνι
1363 3083 1498 3155 ἅγιοι
1523 3088 1739 3160 πατέρες
1764 3088 1889 3141 κατᾶ

1993 3105 2358 3151 convenerunt
2402 3098 2570 3152 sancti
2620 3096 2804 3152 Patres
2831 3098 3086 3153 adversus
3117 3097 3410 3170 Eutychem
3450 3100 3556 3156 ειη-

323 3178 596 3244 Εὐτυχοῦς
622 3181 711 3227 τοῦ
742 3168 1056 3240 δυσσεϐοῦς,
1098 3174 1522 3234 ἀκολουθήσαντες
1565 3178 1693 3231 κατά
1726 3178 1891 3232 πάντα

324 3272 399 3334 τῷ
425 3264 660 3333 εἰρημένῳ
690 3263 814 3334 ἁγίῳ
845 3263 1106 3333 συμϐόλῳ,
1130 3262 1242 3320 ἤτοι
1259 3264 1511 3333 μαθήματι
1531 3271 1621 3324 τῆς
1648 3268 1886 3331 πίστεως,

327 3351 662 3406 κατεδῘκασαν
701 3355 817 3412 τοὺς
865 3353 1254 3424 προειρημένους
1307 3352 1580 3430 αἰρετικοὺς
1622 3356 1755 3423 μετά
1798 3364 1889 3415 τῆς

329 3442 494 3496 αὐτῶν
520 3442 781 3508 ἀσεϐείας,
809 3444 892 3495 καί
928 3450 1028 3496 τῶν
1054 3439 1205 3513 ὅμοια
1244 3443 1409 3501 αὐτοῖς
1450 3444 1796 3516 φρονησάντων
1817 3484 1831 3508 ,
1857 3444 1887 3503 ἦ

327 3534 415 3584 καί
455 3532 778 3602 φρονούντων.
823 3534 921 3585 Καί
959 3533 1090 3604 πρὸς
1128 3533 1325 3591 τούτοις
1367 3533 1730 3601 ἀνεθεμάτισαν
1771 3536 1892 3595 τοὺς

328 3621 495 3692 ἕτερον
517 3619 631 3695 ὅρον
655 3623 870 3681 πίστεως
892 3622 1002 3680 ἦτοι
1029 3621 1278 3691 σύμϐολον
1320 3626 1398 3676 καὶ
1437 3620 1641 3693 μάθημα
1669 3621 1890 3698 παραδι-

328 3708 508 3770 δόντας
532 3718 633 3770 τοῖς
653 3717 921 3785 προσιοῦσι
942 3716 1015 3783 τῷ
1037 3709 1162 3782 ἁγίῳ
1182 3710 1526 3781 βαπτίσματι,
1547 3710 1578 3770 ἦ
1605 3714 1655 3775 ἐξ
1687 3709 1895 3767 οἱασδή-

326 3794 451 3854 ποτε
479 3800 715 3873 αἱρέσεως
744 3800 1096 3872 ἐπιστρέφουσι
1128 3800 1269 3871 παρά
1290 3800 1376 3852 τὸν
1410 3796 1781 3875 παραδοθέντα,
1822 3802 1888 3862 ὡς

327 3888 553 3962 ε’ρηται,
591 3890 691 3943 ὑπὸ
716 3895 815 3944 τῶν
851 3891 1154 3960 τριακοσίων
1179 3887 1299 3943 δέκα
1327 3891 1413 3942 καί
1453 3890 1583 3945 όκτὼ
1609 3889 1762 3962 ἁγίων
1789 3911 1899 3945 πα.

324 3980 504 4053 τάρων,
527 3983 611 4033 καί
629 3980 941 4053 τρανωθέντα
964 3980 1065 4034 ὗπὸ
1086 3984 1185 4033 τῶν
1215 3979 1384 4034 έκατὸν
1412 3986 1711 4039 πεντήκοντα
1737 3981 1889 4053 ἁγίων

323 4070 574 4144 πατέρων.
604 4072 805 4124 Τούτων
843 4070 1004 4131 οὕτως
1043 4070 1265 4142 ἐχόντων
1300 4071 1591 4144 συνείδομεν
1624 4078 1707 4129 καί
1752 4077 1894 4145 κεφά-

322 4160 441 4215 λαια
476 4162 720 4225 ὑποτάξαι
745 4167 844 4221 «τήν
880 4183 935 4217 τε
977 4170 1068 4222 τῆς
1096 4167 1318 4223 πίστεως
1355 4166 1500 4238 ὀρθὴν
1543 4163 1804 4237 ὁμολογίαν
1844 4168 1893 4219 ἐν

324 4253 584 4324 συντόμῳ,
610 4259 699 4311 τήν
716 4272 771 4308 τε
800 4258 898 4308 τῶν
919 4256 1181 4330 αἱρετικῶν
1208 4259 1499 4329 κατάκρισιν
1526 4259 1854 4328 περιέχοντα.

393 4340 457 4394 Εἴ
493 4362 573 4403 τις
618 4344 722 4413 οὐχ
765 4341 999 4415 ὁμολογεῖ
1030 4345 1264 4417 πατέρα,
1314 4348 1399 4396 καί
1441 4346 1574 4408 υῗόν,
1620 4348 1702 4398 καί
1748 4344 1884 4414 ἅγιον

1992 3188 2160 3257 pium,
2185 3190 2355 3244 secuti
2382 3204 2478 3260 per
2509 3190 2688 3245 omnia
2714 3190 3025 3259 prmdictum
3068 3200 3311 3248 sanctum
3341 3194 3557 3265 symbo~

1992 3278 2100 3332 lum
2126 3278 2238 3333 sive
2264 3282 2535 3333 mathema
2567 3279 2709 3343 ﬁdei,
2755 3279 3246 3337 condemnaverunt
3270 3284 3554 3353 praedictos

1990 3364 2274 3421 bmreticos
2301 3382 2405 3420 una
2429 3381 2549 3421 cum
2579 3382 2764 3422 eorum
2804 3369 3100 3438 impietate,
3149 3378 3205 3425 et
3232 3370 3333 3426 hos
3363 3373 3455 3440 qui
3477 3374 3553 3426 si-

1989 3455 2134 3509 milia
2157 3455 2262 3509 illis
2289 3466 2598 3525 sapuerunt,
2627 3457 2710 3511 vel
2738 3457 2971 3526 sapiunt.
3018 3457 3086 3511 Et
3112 3474 3274 3528 super
3293 3460 3407 3515 hmc
3428 3475 3559 3514 ana-

1990 3542 2469 3598 thematizaverunt
2516 3558 2610 3599 eos
2657 3544 2748 3613 qui
2797 3544 2955 3598 aliam
2995 3545 3361 3602 deﬁnitionem
3409 3548 3555 3615 ﬁdei,

1988 3634 2101 3689 sive
2129 3633 2448 3705 symbolum,
2479 3633 2591 3689 sive
2620 3633 2888 3689 mathema
2930 3633 3147 3689 tradunt
3175 3637 3552 3692 accedentibus

1993 3723 2060 3777 ad
2087 3731 2325 3777 sanctum
2353 3722 2634 3792 baptisma,
2664 3722 2750 3778 vel
2784 3738 2852 3779 ex
2879 3739 3196 3795 quacunque
3224 3726 3412 3781 haeresi
3431 3742 3556 3783 con-

1991 3813 2177 3874 versis,
2209 3820 2405 3882 przeter
2430 3813 2688 3868 traditum
2717 3813 2879 3884 (sicut
2906 3814 3105 3869 dictum
3132 3816 3235 3885 est)
3282 3831 3313 3870 a
3342 3827 3553 3873 trecen-

1990 3901 2058 3956 tis
2086 3900 2268 3955 decem
2296 3908 2351 3956 et
2380 3909 2503 3957 octo
2529 3903 2731 3957 sanctis
2758 3901 3026 3969 Patribus,
3055 3911 3110 3959 et
3146 3906 3492 3976 explanatum
3521 3924 3552 3963 ο

1988 3999 2200 4045 centum
2224 3990 2606 4061 quinquaginta
2632 3989 2831 4047 sanctis
2855 3990 3115 4048 Pati-ibus.
3146 3992 3239 4050 His
3269 3995 3342 4051 ita
3371 4011 3431 4051 se
3457 3995 3555 4051 ha-

1985 4080 2254 4146 bentibus,
2288 4081 2656 4150 perspeximus
2682 4090 2737 4137 et
2763 4083 2994 4152 capitula
3010 4098 3329 4153 supponere,
3363 4085 3557 4154 quibus

1982 4178 2090 4225 tam
2101 4179 2264 4227 rectae
2284 4171 2404 4226 ﬁdei
2428 4173 2808 4243 compendiosa
2825 4171 3114 4240 confessio,
3138 4189 3298 4244 quam
3328 4174 3547 4232 haereti-

1984 4277 2167 4318 corum
2193 4262 2565 4318 condemnatio
2593 4264 2918 4319 continetur.

2056 4350 2096 4404 Ι.
2138 4349 2194 4404 Si
2239 4350 2360 4418 quis
2411 4367 2518 4406 non
2556 4348 2845 4406 conﬁtetur
2885 4352 3135 4420 Patrem,
3165 4364 3222 4411 et
3248 4356 3465 4423 Filium,
3490 4367 3547 4414 et

318 4438 550 4502 πνεῦμα,
594 4432 777 4506 τριάδα
803 4431 1096 4502 ὁμοούσιον,
1137 4434 1256 4503 μίαν
1282 4433 1520 4492 θεότητα,
1559 4434 1711 4506 ἤγουν
1737 4435 1884 4505 φύσιν

1993 4438 2236 4509 Spiritum
2262 4446 2527 4503 sanctum,
2577 4447 2633 4495 et
2659 4440 2972 4496 Trinitatem
3017 4443 3548 4511 consubstantialem,

319 4523 404 4573 sui
431 4523 603 4575 οὐσίαν
620 4561 635 4585 ,
660 4525 778 4594 μίαν
809 4543 865 4577 τε
892 4522 1102 4597 δύναμιν
1135 4528 1217 4580 καί
1243 4528 1470 4590 ἐξουσίαν
1498 4529 1545 4581 ἐν
1570 4531 1733 4601 τρισὶν
1761 4528 1888 4583 ὐπο-

318 4616 589 4679 στάσεσιν,
617 4617 765 4688 ἤγουν
797 4620 1091 4690 προσώποις
1118 4622 1578 4691 προσκυνουμένην,
1611 4619 1636 4676 ό
1661 4627 1887 4683 τοιοῦτος

318 4705 542 4765 ἀνάθεμα
571 4704 730 4761 ἴστω.
1172 4729 1191 4737 ε

387 4791 451 4846 Εἴ
466 4814 544 4854 τις
585 4796 686 4864 οὐχ
724 4793 954 4867 ὁμολογεῖ
979 4796 1065 4849 τόν
1092 4794 1190 4868 πρὸ
1221 4796 1439 4859 αἰώνων,
1468 4798 1553 4848 καί
1575 4795 1806 4870 άχρόνως
1826 4797 1880 4851 ἐκ

315 4889 407 4940 τοῦ
433 4888 626 4960 πατρὸς
646 4887 935 4959 γεννηθέντα
960 4887 1080 4941 Θεὸν
1101 4886 1245 4959 λόγον
1271 4886 1348 4940 ἐπ’
1371 4888 1609 4957 ἐσχάτων
1633 4893 1734 4942 τῶν
1759 4889 1879 4957 ἠμε-

315 4980 419 5048 ρῶν
453 4973 773 5046 [κατελθόντα
799 4978 854 5029 έκ
874 4974 978 5030 ῗτῶν
1003 4977 1221 5051 οὐρανῶν
1247 4979 1326 5029 καί
1354 4973 1440 5046 L.]
1479 4978 1796 5052 σαρκωθέντα
1831 4982 1885 5036 ἐκ

314 5068 407 5123 τῆς
430 5061 577 5134 ἁγίας
599 5062 820 5134 [ἐνδοξσυ
841 5063 927 5133 L.]
952 5065 1181 5119 θεοτὸκου
1204 5067 1287 5120 καί
1311 5067 1645 5141 άείπαρθένου
1667 5073 1877 5143 Μαρίας,

314 5152 403 5204 καί
440 5148 695 5226 ἄνθρωπον
736 5149 990 5223 γενόμενον
1029 5154 1314 5225 γεννηθέντα
1350 5155 1403 5218 ἐξ
1444 5158 1624 5222 αὐτῆς,
1672 5161 1751 5212 καί
1795 5156 1879 5213 διὰ

306 5243 464 5293 τοῦτο
489 5249 576 5297 τοῦ
604 5245 762 5297 αὐτοῦ
791 5248 915 5297 Θεοῦ
941 5242 1087 5313 λόγου
1114 5236 1241 5296 εἶναι
1258 5244 1351 5302 τὰς
1379 5243 1469 5298 δύο
1493 5252 1766 5315 γεννήσεις,
1789 5252 1877 5303 τιζν

308 5353 367 5390 τε
395 5332 493 5407 πρό
526 5333 718 5385 αἰῶνων
758 5329 1075 5402 άσωμοὶτως,
1119 5332 1203 5384 καί
1241 5334 1332 5388 τήν
1375 5331 1454 5384 ἐπ’
1498 5334 1739 5402 ἐσχάτων
1777 5341 1877 5389 τῶν

313 5419 511 5494 ὁμερῶν
541 5422 672 5474 κατὰ
698 5422 887 5495 σάρκα,
914 5419 940 5473 ὁ
968 5425 1188 5480 τοιοῦτος
1211 5421 1425 5490 ἀνάθεμα
1447 5420 1478 5475 έ¹
1479 5443 1607 5475 στω.

377 5506 447 5563 Εἴ
460 5530 538 5570 τις
556 5510 686 5582 λέγει
707 5507 850 5565 ἄλλον
879 5507 1005 5565 εἶναι
1022 5513 1106 5567 τὸν
1134 5511 1253 5566 Θεὸν
1279 5510 1420 5582 λόγον
1441 5514 1526 5566 τὸν
1555 5514 1875 5591 θαυματουρ-

1984 4543 2145 4584 unam
2190 4528 2462 4595 deitatem,
2512 4544 2607 4584 seu
2653 4537 2920 4597 naturam,
2969 4539 3026 4586 et
3060 4533 3441 4602 substantiam,
3494 4545 3550 4590 et

1986 4633 2146 4672 unam
2185 4618 2436 4673 virtutem
2464 4627 2520 4673 et
2546 4628 2868 4689 potestatem
2896 4621 2950 4676 in
2979 4622 3149 4677 tribus
3193 4623 3551 4682 subsistentiis

1884 4754 1891 4767 ι
1981 4722 2077 4763 seu
2103 4706 2344 4778 personis
2372 4708 2712 4775 adorandam,
2748 4709 2870 4765 talis
2891 4713 3175 4767 anathema
3200 4713 3289 4768 sit.
3316 4758 3317 4761 η

2052 4797 2116 4852 ιι.
2155 4796 2213 4853 Si
2239 4799 2358 4867 quis
2385 4812 2493 4853 non
2521 4798 2808 4854 conﬁtetur
2836 4816 2975 4867 eum,
3005 4803 3098 4870 qui
3127 4810 3251 4858 ante
3277 4804 3471 4861 saecula
3493 4813 3550 4863 et

1985 4889 2101 4945 sine
2130 4896 2372 4958 tempore
2399 4904 2466 4943 ex
2510 4888 2669 4944 Patre
2696 4898 2854 4945 natus
2881 4899 2981 4959 est,
3020 4891 3187 4947 Deum
3217 4892 3449 4950 Verbum
3489 4896 3545 4951 in

1986 4979 2185 5033 ultimis
2212 4978 2398 5036 diebus
2427 4978 2767 5036 descendisse
2801 4981 2870 5037 de
2911 4984 3082 5054 caelis,
3129 4993 3185 5040 et
3210 4985 3546 5044 incarnatum

1983 5082 2102 5123 esse
2129 5067 2197 5123 de
2223 5076 2406 5123 sancta
2431 5069 2664 5136 gloriosa
2692 5070 2787 5125 Dei
2815 5072 3084 5130 Genitrice
3111 5083 3167 5130 et
3192 5090 3409 5148 semper
3435 5078 3545 5133 vir-

1979 5157 2102 5223 gine
2129 5157 2311 5224 Maria,
2343 5168 2397 5214 et
2422 5160 2693 5216 hominem
2718 5159 2935 5227 factum,
2967 5162 3293 5222 naturaesse
3315 5181 3383 5223 ex
3404 5168 3543 5239 ipsa,

1981 5250 2032 5296 ct
2054 5250 2276 5311 propter
2292 5242 2397 5299 hoc
2414 5244 2661 5315 ejusdem
2687 5245 2777 5300 Dei
2797 5244 2962 5305 Verbi
2984 5247 3122 5305 duas
3144 5266 3267 5307 esse
3290 5255 3547 5309 nativita-

1980 5338 2080 5392 tes,
2102 5328 2312 5401 [SuppL
2343 5343 2603 5390 aeternam
2627 5336 2836 5393 scilicet
2856 5337 2937 5411 et],
2956 5351 3075 5392 eam
3096 5355 3217 5408 qum
3236 5349 3316 5395 est
3341 5342 3393 5396 in
3422 5343 3547 5395 ulti-

1980 5424 2082 5477 tuis
2110 5424 2302 5478 diebus
2326 5427 2625 5481 secundum
2652 5442 2894 5493 carnem,
2916 5431 3043 5485 talis
3062 5431 3347 5485 anathema
3379 5434 3466 5485 sit.

2046 5515 2131 5570 lll.
2161 5514 2218 5571 Si
2243 5515 2361 5586 quis
2385 5514 2512 5571 dicit
2538 5514 2700 5571 alium
2722 5530 2842 5573 esse
2864 5516 3032 5574 Deum
3059 5520 3287 5579 Verbum
3316 5524 3406 5593 qui
3437 5527 3538 5580 iui-

382 5686 397 5721 ί
449 5685 763 5741 Πηὲυεγεαιὶε
806 5685 869 5740 D.
918 5704 962 5741 ε.
1007 5689 1325 5747 conﬁteatur.
1369 5691 1535 5746 (inec.
1575 5690 1740 5759 Atque
1783 5691 1853 5746 ita

1993 5733 1997 5745 .
2058 5691 2225 5748 codex
2254 5690 2508 5749 Bobierii.
