3994 6140
488 249 629 316 1015

1772 252 2206 314 ΙΒΒΤΙΝΙΑΝΙ
2248 253 2406 315 ΙΜΡ.

3597 252 3726 322 iUlﬁ

475 382 727 462 νήσαντα,
755 379 834 431 xz‘
854 375 994 433 ἄλλην
1023 381 1106 434 τᾶν
1131 377 1350 456 Χριστὸν
1373 378 1456 432 τὸν
1484 376 1733 434 παθόντα’
1763 377 1894 446 iier
1922 377 2042 431 Θεὸν

2143 372 2323 427 racula
2353 381 2604 440 Operatus
2628 379 2725 437 est,
2783 383 2844 427 et‘
2865 374 3024 430 alium
3069 375 3339 432 Christum
3387 377 3479 448 qui
3522 393 3709 448 passus

479 471 642 543 λὸγοντ
664 475 885 524 συνεῖναι
911 477 982 537 τῷ
1005 477 1206 542 Χριστῷ
1230 470 1358 542 λέγει
1389 470 1630 540 μνομένῳ
1655 471 1709 522 ἐκ
1731 469 1960 540 γυναικὸς
1975 507 1988 528 ,
2017 468 2046 526 ἦ

482 563 534 614 ἐν
553 562 688 630 αὐτῷ
715 557 840 614 εἶναι
865 561 932 619 ὡς
962 555 1102 612 ἄλλον
1129 561 1176 612 ἐν
1197 557 1346 628 ἄλλῳ,
1375 559 1476 612 ἀλλ’
1501 560 1626 628 οῦχί
1645 558 1728 612 ἕνα
1751 561 1833 610 καὶ
1857 559 1942 611 τὸν
1967 559 2048 610 αὐ-

481 653 564 706 τὸν
594 653 683 724 κύρ
693 671 760 706 ιον
787 653 924 722 ἡμῶν
949 648 1138 708 Ἰησοῦν
1155 653 1372 721 Χριστὸν
1395 652 1477 704 τὸν
1503 658 1590 706 τοῦ
1614 656 1740 705 Θεοῦ
1760 651 1900 721 λόγον
1921 670 2046 716 σαρο

482 739 730 800 κωοὲντα.
758 741 841 791 καὶ
887 739 1368 814 ἐνανθρωπὴσνντα,
1409 741 1494 793 καὶ
1521 745 1606 794 τοῦ
1637 743 1792 792 αὑτοῦ
1827 740 1891 792 τά
1920 739 2046 790 θαύ-

479 848 616 888 ματα
655 829 733 880 καὶ
767 827 830 878 τὰ
858 827 1024 890 πάθη,
1067 825 1200 903 ἅπερ
1242 829 1484 886 ἅκουσίωτ
1523 828 1750 898 ὑπέμεινε
1795 829 1978 901 σαρκὶ,
2022 825 2046 879 ὁ

477 922 706 975 τοιοῦτος
733 915 953 983 ἀνάθεμα
984 913 1015 968 ἕ
1017 937 1141 968 στω.

545 1093 610 1164 Εἴ
636 1116 714 1156 τις
755 1095 886 1165 λέγει
929 1098 1058 1150 κατὰ
1101 1096 1285 1172 χάρεν,
1334 1095 1362 1155 ἦ
1403 1097 1510 1152 κατ’
1553 1098 1822 1173 ἐνέργειαν,
1859 1097 1888 1154 ἦ
1936 1097 2047 1151 κατ’

481 1187 645 1253 ἀξίαν,
669 1185 700 1255 ἣ
726 1184 840 1239 κατ’
858 1187 1128 1256 ἰσοτιμίαν,
1159 1184 1188 1243 ἦ
1213 1185 1326 1240 κατ’
1351 1186 1606 1253 α’)θεντίαν
1622 1228 1633 1246 ,
1657 1185 1687 1244 ἦ
1714 1187 1962 1260 ἀναφορὰν
1979 1227 1992 1250 ,
2020 1185 2049 1244 ἦ

481 1279 696 1348 σχέσιν,
787 1275 1016 1348 δύναμιν,
1044 1282 1133 1335 την
1157 1277 1329 1330 ἕνωσιν
1365 1282 1454 1330 τοῦ
1484 1283 1610 1332 Θεοῦ
1634 1273 1778 1346 λόγου
1806 1276 1930 1345 πρὸς
1961 1273 2048 1328 ἆν-

481 1359 680 1442 θρωπον
703 1368 1021 1440 γεγενῆσθαι,
1050 1366 1079 1425 ἦ
1118 1367 1220 1436 καθ’
1249 1366 1552 1436 ὁμωνυμίαν,
1589 1367 1696 1433 καθ’
1721 1368 1779 1424 ἣν
1800 1367 1844 1420 οἶ
1872 1377 2050 1420 Νεστο-

480 1459 640 1532 ριανοε
667 1451 749 1510 καὶ
775 1457 858 1512 τὸν
881 1457 998 1511 Θεὸν
1019 1455 1164 1526 λόγον
1189 1458 1401 1532 Χριστὸν
1423 1457 1686 1515 καλοῦντες
1702 1497 1715 1515 ,
1746 1459 1831 1508 κςρί
1858 1455 1944 1523 τὸν
1973 1453 2052 1508 ὅν-

479 1551 678 1622 θρωπον
703 1547 1091 1620 γεχωρισμένως
1129 1545 1344 1619 Χριστὸν
1389 1547 1708 1613 ὀνομάζοντες
1747 1549 1872 1598 κατὰ
1901 1544 2050 1614 μὸνην

479 1645 569 1696 τήν
597 1638 933 1712 προσηγορίαν
952 1636 1040 1689 ἕνα
1067 1635 1279 1706 Χριστὸν
1304 1635 1556 1704 λέγουσιν’
1578 1634 1606 1692 ἢ
1631 1633 1770 1693 εἴτις
1789 1633 1917 1706 λέγει
1942 1632 2050 1688 κατ’

2147 468 2252 524 est,
2300 467 2394 513 aut
2419 459 2550 515 dicit
2581 459 2742 514 Deum
2770 460 3002 517 Verbum
3034 479 3154 518 cum
3198 463 3412 521 Christo
3458 482 3578 522 esse
3615 485 3712 522 na-

2147 557 2330 630 scente
2359 567 2421 606 ex
2453 552 2698 618 muliere,
2730 554 2812 608 vel
2836 553 2888 608 in
2917 555 3032 625 ipso
3061 570 3179 612 esse
3208 564 3460 626 tanquam
3489 559 3713 614 alterum

2148 641 2202 694 in
2230 641 2422 706 altero,
2463 641 2554 696 sed
2584 657 2691 695 non
2721 658 2884 697 unum
2926 645 3279 714 eamdemque
3309 647 3590 701 Dominum
3616 664 3716 702 no-

2149 739 2318 785 strum
2363 729 2545 786 Jesum
2573 729 2868 800 Christum,
2918 731 3084 788 Deum
3109 733 3345 789 Verbum
3377 735 3711 791 incarnatum

2147 827 2204 874 et
2230 819 2498 874 hominem
2529 819 2753 882 factum,
2805 830 2860 874 et
2901 821 3138 890 ejusdem
3167 823 3332 892 ipsius
3361 825 3620 880 miracula
3659 835 3716 881 et

2149 909 2448 979 passiones,
2475 921 2612 980 quas
2639 925 2799 966 carne
2825 919 3016 980 sponte
3043 913 3316 973 sustinuit,
3347 913 3468 968 talis
3492 915 3713 972 anathe-

2149 1014 2235 1054 ma
2264 999 2354 1054 sit.

2221 1100 2308 1155 lV.
2351 1089 2556 1170 Siquis
2583 1101 2731 1166 dicit,
2784 1100 3077 1156 secundum
3108 1101 3353 1170 gratiam,
3403 1103 3488 1156 vel
3519 1116 3713 1156 secun-

2149 1187 2276 1241 dum
2325 1188 2726 1256 operationem,
2775 1189 2860 1242 vel
2907 1189 3197 1243 secundum
3245 1190 3578 1256 dignitatem,
3633 1193 3714 1245 vel

2149 1278 2441 1332 secundum
2465 1277 2824 1346 aequalitatem
2843 1277 3082 1342 honoris,
3103 1278 3186 1332 vel
3211 1279 3502 1332 secundum
3528 1287 3716 1333 aucto-

2150 1367 2384 1434 ritatem,
2413 1367 2497 1421 vel
2529 1367 2862 1431 relationem,
2906 1367 2991 1422 vel
3020 1366 3291 1432 allectum,
3323 1369 3408 1422 vel
3439 1369 3713 1436 virtutem,

2149 1456 2446 1510 unitionem
2477 1455 2576 1510 Dei
2608 1455 2768 1510 Verbi
2799 1455 2864 1510 ad
2893 1456 3162 1509 hominem
3209 1455 3404 1510 factam
3449 1473 3584 1522 esse,
3630 1461 3712 1515 vel

2150 1545 2444 1600 secundum
2494 1545 2926 1617 homonymiam,
2979 1559 3076 1614 per
3113 1561 3273 1616 quam
3327 1547 3628 1602 Nestoriani
3661 1558 3715 1604 ct

2151 1637 2317 1692 Deum
2346 1637 2580 1691 Verbum
2611 1645 2864 1690 vocantes
2883 1634 3176 1701 Christum,
3197 1645 3250 1692 et
3275 1636 3548 1692 hominem
3568 1654 3722 1709 sepa-

480 1728 709 1784 εὐδοκίαν
739 1733 828 1785 τήν
853 1727 1028 1780 ἕνωσιν
1055 1726 1347 1798 γεγενῆσθαι
1365 1767 1377 1783 ,
1399 1728 1556 1784 καθὼς
1583 1723 1839 1796 Θεξδωρος
1864 1724 1888 1779 ὁ
1916 1726 2042 1797 αερε-

2152 1728 2307 1781 ratim
2351 1726 2621 1781 Christum
2667 1727 3024 1790 nominantes,
3073 1727 3191 1784 solo
3241 1729 3506 1784 vocabulo
3553 1745 3713 1786 unum

480 1823 616 1879 τικὸς
643 1819 821 1876 αὑταῖς
850 1814 1010 1878 λέξεσι
1036 1816 1196 1885 λέγει,
1234 1817 1298 1874 ὡς
1329 1817 1623 1886 άρεσθέντος
1650 1821 1740 1868 τοῦ
1769 1815 1881 1868 θεοῦ
1904 1815 2052 1887 λὸγου

479 1916 552 1980 τῷ
580 1907 824 1980 ἀνθρώπῳ
848 1905 948 1958 άπὸ
972 1910 1058 1958 τοῦ
1082 1899 1134 1957 εὖ
1165 1907 1246 1956 καὶ
1271 1905 1398 1957 καλά
1421 1903 1526 1966 δόξο
1543 1929 1559 1960 ι
1579 1905 1718 1975 αὑτῷ
1738 1907 1855 1980 περί
1875 1905 2050 1968 αὐτοῦ,

2155 1818 2420 1873 Christum
2450 1819 2634 1874 dicunt
2661 1836 2674 1871 :
2707 1826 2798 1881 aut
2824 1819 2868 1873 si
2897 1820 3015 1889 quis
3043 1835 3140 1888 per
3165 1821 3360 1873 bonum
3386 1821 3711 1876 voluntatem

2152 1911 2280 1965 dicit
2305 1911 2596 1966 unitionem
2625 1909 2820 1965 factam
2848 1926 2986 1976 esse,
3032 1911 3170 1966 sicut
3197 1911 3513 1968 Theodorus
3551 1914 3722 1968 haere-

476 1997 598 2065 ιῦχί
638 1993 741 2048 καθ’
769 1993 1054 2048 νζπὸστασιν
1094 1999 1186 2048 τοῦ
1223 1999 1346 2046 Θεοῦ
1387 1989 1535 2064 λόγου
1585 1997 1710 2066 πρὸς
1755 2000 1844 2052 τήν
1891 1994 2042 2069 σάρκα

2142 2013 2280 2065 licus
2313 2013 2446 2082 ipsis
2474 2010 2660 2064 verbis
2694 2009 2860 2074 dicit,
2902 2005 3059 2075 quasi
3090 2003 3356 2075 placuerit
3395 2003 3504 2058 Deo
3543 2000 3725 2056 Verbo

479 2084 815 2156 ὶψυχωμὲνην
842 2083 993 2155 ψυχῇ
1021 2084 1188 2158 λογικῇ
1218 2087 1302 2136 καὶ
1329 2091 1472 2157 νοερᾷ
1495 2089 1579 2142 τήν
1608 2085 1782 2138 ἕνωσιν
1804 2085 2048 2155 ὁμολογεῖ,

479 2182 564 2245 καὶ
595 2177 679 2234 διὰ
719 2185 871 2232 τοῦτο
907 2181 1024 2248 μίαν
1055 2179 1206 2230 αὐτοῦ
1254 2183 1342 2236 τήν
1394 2177 1681 2232 ὐπὸστασιν
1728 2179 1986 2239 σύνθετον,
2025 2175 2050 2230 ὁ

485 2275 714 2342 ¹τοιοῦτος
737 2269 956 2338 ἀνάθεμα
989 2265 1142 2336 ἴστω.

547 2559 614 2624 Et
625 2581 702 2627 τις
733 2561 861 2615 κατά
882 2561 1147 2635 ἀναφορὰν,
1172 2558 1201 2618 ἦ
1225 2567 1648 2632 καταχρηστικῶς
1678 2559 1897 2614 θεοτόκον
1923 2559 2050 2630 λέγει

478 2655 567 2722 την
597 2649 743 2720 ἁγίαν
771 2647 962 2712 ἔνδοξον
993 2650 1308 2724 άειπάρθενον
1337 2651 1558 2722 Μαρίαν,
1587 2647 1616 2706 ἦ
1646 2649 2043 2724 ἀνθρωποτὸκον,

477 2742 506 2800 ἦ
532 2741 882 2816 Χριστοτὸκον,
914 2744 980 2802 ὡς
1009 2747 1100 2796 τοῦ
1132 2747 1354 2814 Χριστοῦ
1379 2747 1447 2812 μή
1473 2737 1612 2802 ὄντος
1641 2747 1794 2804 Θεοῦ,
1833 2739 1952 2794 άλλά
1977 2745 2047 2808 μη

474 2835 660 2908 κυρίως
690 2835 774 2902 καί
815 2833 926 2888 κατ’
975 2833 1194 2891 ἀλήθειαν
1226 2835 1448 2888 θεοτὸκον
1477 2835 1629 2891 αὐτήν
1677 2833 1931 2902 ὁμολογεῖ,
1965 2830 2048 2886 διά

472 2925 532 2978 τὸ
557 2923 641 2977 τὸν
677 2922 777 2994 πρὸ
807 2923 996 2976 αἰώνων
1023 2922 1076 2974 ἐκ
1101 2929 1188 2976 τοῦ
1219 2923 1410 2996 πατρὸς
1437 2924 1726 2994 γεννηθέντα
1765 2922 1884 2976 Θεὸν
1906 2921 2046 2992 λόγον

473 3011 556 3066 ἐπ’
578 3015 818 3084 ὶσχάτων
858 3008 957 3066 τῶν
991 3014 1188 3085 ἡμερῶν
1217 3013 1265 3074 ἐξ
1289 3015 1442 3072 αὐτῆς
1469 3013 1790 3086 σαρκωθῆναι
1817 3015 1900 3064 καὶ
1928 3030 2041 3082 γεν-

471 3104 692 3166 νηθῆναι,
724 3103 748 3157 ὁ
770 3109 994 3162 τοιοῦτος
1019 3103 1239 3171 ἀνάθεμα
1262 3101 1412 3156 ἴστω.

543 3301 606 3356 Εἴ
639 3323 717 3362 τις
755 3304 855 3382 οὐχ
886 3301 1116 3372 ὁμολογεῖ
1140 3303 1224 3356 τὸν
1267 3300 1646 3375 ἐσταυρωμένον
1687 3303 1836 3374 σαρκὶ
1874 3305 2041 3374 κύριον

473 3397 612 3466 ἡμῶν
629 3392 820 3450 Ἰησοῦν
843 3404 904 3465 Χί
920 3396 1055 3456 ιστὸν
1081 3393 1204 3448 Θεὸν
1231 3387 1351 3448 εἶναι
1381 3391 1619 3454 ἀληθινὸν,
1653 3394 1735 3444 καὶ
1762 3393 1929 3467 κύριον
1951 3401 2039 3451 τῆς

471 3484 648 3556 ᾂόξης,
687 3487 764 3540 καὶ
791 3485 876 3540 ἕνα
913 3493 1004 3545 τῆς
1032 3484 1177 3556 ἁγίας
1223 3482 1455 3558 τριάδος,
1489 3483 1514 3537 ὁ
1555 3489 1780 3542 τοιοῦτος
1819 3483 2042 3554 ἀνάθεμα

475 3578 506 3634 ἒ
509 3600 634 3635 στω.

542 3688 605 3746 Εἴ
635 3711 712 3750 τις
743 3693 794 3746 ἒν
821 3689 937 3746 δυσὶ
972 3691 1158 3752 φύσεσι
1195 3693 1346 3762 λέγων
1369 3695 1435 3762 μή
1467 3693 1527 3750 ὡς
1557 3689 1606 3744 ἐν
1639 3687 1858 3749 θεότητι.
1887 3693 1965 3749 καί
1993 3691 2041 3742 ἐν

471 3783 819 3856 ἄνθρωπότητι
862 3781 948 3836 τὸν
984 3782 1074 3835 ἕνα
1113 3783 1280 3854 κύριον
1313 3785 1450 3850 ἡμῶν
1479 3778 1672 3838 Ἰησοῦν
1709 3782 1920 3855 Χριστὸν
1962 3783 2044 3834 τιίν

472 3879 558 3927 τοῦ
588 3877 712 3926 Θεοῦ
741 3872 881 3942 λόγον
903 3873 1223 3946 σαρκωθέντα
1253 3871 1502 3942 ὁμολογεῖ,
1530 3869 1653 3939 μηδὲ
1679 3873 1763 3925 ἐπὶ
1783 3877 1854 3940 τῷ
1874 3877 2041 3939 σημᾶ-

472 3983 552 4018 ναι
577 3966 667 4018 τήν
693 3959 927 4034 διαφορὰν
955 3969 1052 4015 τῶν
1092 3963 1284 4031 φύσεων
1305 4001 1318 4017 .
1352 3961 1400 4024 ἐξ
1429 3958 1494 4013 εἶν
1524 3963 1606 4013 καὶ
1634 3961 1894 4025 συνετέθη,
1938 3962 2042 4014 ἀλλ’

473 4055 558 4109 επὶ
586 4049 829 4128 διαιρέσει
855 4059 918 4124 τῇ
943 4051 1037 4105 άνά
1067 4051 1217 4122 μέρος
1241 4057 1328 4107 τήν
1357 4051 1592 4106 τοιαύτην
1619 4049 1861 4120 λαμϐάνει
1885 4059 2041 4122 φωνην

475 4144 558 4197 ἐπὶ
591 4146 679 4196 τοῦ
715 4141 842 4194 κατὰ
867 4141 1076 4214 Χριστὸν
1107 4144 1388 4213 μυστηρίου
1405 4155 1418 4168 ⁶
1459 4140 1526 4200 ὡς
1551 4141 1936 4211 κεχωρισμένας
1961 4143 2042 4195 καὶ

477 4231 894 4290 ἰδιονποστάτους
925 4227 1048 4284 εἷναι
1089 4233 1186 4290 τὰς
1227 4232 1432 4301 φύσεις,
1482 4231 1644 4290 καθὼς
1669 4229 1923 4301 Θεόδωρος
1959 4233 2042 4285 καὶ

472 4327 738 4398 Νεστόριος
761 4321 1166 4396 βλασφημοῦσιν,
1199 4321 1223 4376 ὁ
1247 4328 1472 4380 το.οὖτοε
1492 4317 1715 4391 ἀνάθεμα
1730 4317 1886 4376 ἔστω.

541 4503 602 4560 Εἴ
623 4523 700 4562 τις
727 4502 809 4556 ἐπὶ
834 4507 920 4556 τοῦ
947 4501 1048 4560 ἐνὸς
1071 4505 1246 4571 κυρίου
1272 4503 1406 4566 ἡμῶν
1425 4501 1590 4560 Ἰησοῦ
1614 4506 1834 4576 Χριστοῦ
1851 4542 1865 4566 ,
1893 4520 2042 4556 τουτ-

468 4603 577 4648 έστι
620 4598 711 4648 τοῦ
751 4592 1090 4666 σαρκωθέντος
1125 4599 1252 4646 Θεοῦ
1280 4591 1424 4664 λογον
1466 4593 1550 4647 τὸν
1588 4594 1797 4666 ἀριθμὸν
1822 4600 1918 4647 τῶν
1945 4594 2036 4664 φύ-

467 4704 594 4738 σεων
613 4682 863 4754 ὁμολογῶν
889 4687 958 4751 μή
986 4689 1048 4753 τῇ
1077 4683 1255 4754 θεωρὶτι
1291 4689 1378 4740 τήν
1404 4681 1638 4752 διαξοράν
1663 4686 1871 4747 τούτων,
1897 4684 1944 4748 ἐξ
1971 4681 2036 4735 ὦν

468 4777 549 4830 ναὶ
575 4777 836 4836 συνετέθη,
867 4773 1140 4847 λαμϐάνει,
1178 4776 1245 4832 ὡς
1278 4775 1464 4836 ταύτης
1488 4775 1577 4827 οὐκ
1615 4775 1926 4848 ἀνῃρημένης
1954 4773 2037 4830 διά

465 4871 556 4922 τὴν
586 4867 790 4932 ἕνωσιν,
816 4867 918 4920 ἀλλ’
945 4867 1028 4922 ἐπὶ
1053 4866 1296 4936 διαιρέσει
1333 4873 1397 4941 τῇ
1436 4867 1529 4920 ἀνά
1569 4865 1719 4940 μέρος
1746 4871 1819 4937 τῷ
1845 4865 2034 4940 ἀριθμῷ

467 4954 745 5024 κέχρηται,
765 4953 790 5008 ὁ
814 4962 1040 5016 τοιοῦτος
1062 4958 1282 5025 ἀνάθεμα
1302 4953 1457 5010 ἴστω.

537 5049 599 5105 Εἴ
617 5071 694 5112 τις
735 5053 918 5123 λέγων,
945 5059 1058 5123 μίαν
1083 5056 1235 5124 φύσιν
1267 5061 1354 5108 τοῦ
1381 5063 1505 5110 Θεοῦ
1530 5054 1677 5126 λόγου
1705 5057 2032 5128 σεσαρκωμί-

462 5157 578 5200 νην,
607 5141 886 5214 οὖχοῦτως
909 5145 1038 5198 αὐτὸ
1083 5143 1411 5211 ἐκλαμϐάνει,
1461 5149 1527 5205 ὡς
1573 5143 1653 5200 ὅτι
1676 5145 1732 5198 ἐκ
1771 5155 1862 5205 τῆς
1899 5149 2032 5208 θείας

467 5227 698 5304 φύσεως,
746 5235 826 5286 καὶ
868 5240 960 5292 τῆς
1007 5236 1312 5308 ἀνθρωπίνης
1357 5231 1431 5294 εἷς
1469 5238 1686 5308 Χριστὸς
1725 5237 2030 5297 ἀπετελέσθη

465 5317 738 5388 ὁμοούσιος
764 5327 832 5387 τῷ
875 5324 1037 5397 πατρὶ
1063 5323 1188 5376 κατά
1228 5327 1316 5380 τήν
1365 5323 1598 5384 θεὸτητα,
1645 5326 1730 5379 καὶ
1773 5323 2033 5394 ὁμοιῦσιος

465 5409 586 5477 ἡμῖν
612 5406 638 5462 ὃ
659 5409 810 5470 αὐτὸς
835 5412 959 5464 κατά
981 5416 1070 5469 τήν
1097 5413 1474 5483 άνθρωπὸτητα,
1511 5413 1614 5466 ἀλλ’
1640 5411 1716 5468 ὅτι
1739 5420 1830 5475 τῆς
1859 5414 2030 5472 Θεότη-

467 5519 579 5564 τος,
607 5501 689 5556 καὶ
715 5509 806 5562 τῆς
833 5501 1021 5577 σαρκὸς
1045 5508 1134 5556 τοῦ
1162 5511 1384 5578 Χριστοῦ
1413 5507 1504 5575 μία
1529 5505 1710 5578 φύσις,
1748 5506 1858 5564 ἦτοι
1885 5507 2034 5560 οὐσία

467 5587 791 5655 ἀπετελέσθη,
821 5593 954 5646 κατά
977 5595 1068 5650 τήν
1103 5591 1442 5667 Ἀπολιναρίου
1471 5597 1556 5650 καί
1592 5596 1860 5666 Εὐτυχοῦς
1888 5615 2027 5652 ramo-

469 5681 688 5750 ζεστξαν,
722 5679 744 5736 ὃ
775 5687 994 5745 τοιοῦτος
1023 5683 1240 5756 ἀνᾲθεμα
1270 5681 1426 5745 ἔστη.

2067 4441 2121 4500 D

2137 2105 2318 2166 IttHllO,
2347 2119 2412 2158 eo
2441 2102 2589 2172 quod
2625 2103 2760 2156 bene
2791 2101 2967 2154 visum
2998 2105 3082 2154 est
3128 2097 3176 2152 ei
3205 2095 3274 2150 de
3302 2095 3441 2165 ipso.
3480 2095 3573 2150 sed
3609 2111 3710 2149 non

2134 2195 2434 2249 secundum
2469 2192 2880 2249 subsistentiam
2921 2189 3012 2243 Dei
3051 2186 3216 2242 Verbi
3244 2185 3312 2240 ad
3341 2201 3560 2240 carnem
3589 2185 3706 2239 ani-

2135 2293 2332 2339 malam
2381 2286 2562 2340 anima
2599 2284 2852 2340 rationali
2899 2291 2952 2337 et
2997 2281 3355 2336 intellectuali
3407 2283 3705 2337 unitionem

2134 2377 2453 2442 confitetur,
2491 2386 2544 2431 et
2585 2376 2708 2431 ideo
2742 2389 2906 2429 unam
2944 2373 3062 2442 ejus
3109 2373 3521 2427 subsistentiam
3561 2386 3707 2425 com-

2135 2471 2362 2538 pesitam
2393 2482 2536 2530 esse,
2565 2467 2688 2521 talis
2719 2467 3004 2520 anathema
3037 2463 3129 2520 sit.

2224 2556 2281 2612 V.
2313 2555 2370 2612 Si
2410 2557 2530 2626 quis
2576 2573 2672 2627 per
2724 2559 3059 2626 relationem,
3094 2569 3188 2616 aut
3213 2560 3452 2628 abusive,
3494 2561 3588 2616 Dei
3617 2575 3711 2630 ge-

2153 2649 2397 2703 nitricem
2427 2648 2559 2704 dicit
2583 2658 2822 2704 sanctam
2868 2650 3156 2720 gloriosam
3204 2666 3418 2721 semper
3454 2652 3708 2719 virginem

2147 2739 2389 2806 Mariam,
2436 2749 2528 2794 aut
2555 2741 2787 2795 hominis
2815 2741 3148 2810 genitricem,
3195 2749 3289 2795 aut
3313 2740 3707 2809 Christotocon,

2146 2834 2397 2895 tanquam
2419 2825 2633 2883 Christo
2661 2827 2774 2883 Deo
2801 2845 2910 2884 non
2937 2829 3221 2895 existente,
3247 2829 3338 2884 sed
3361 2847 3465 2883 non
3485 2830 3706 2905 proprie

2145 2926 2200 2970 et
2234 2933 2359 2972 vere
2387 2917 2481 2972 Dei
2527 2919 2840 2986 genitricem
2879 2920 3051 2988 ipsam
3095 2917 3390 2986 conﬁtetur,
3439 2933 3506 2972 eo
3553 2918 3697 2988 quod

2146 3004 2260 3075 ipse
2307 3007 2398 3076 qui
2427 3015 2552 3061 ante
2596 3009 2791 3062 saicula
2819 3023 2884 3063 ex
2914 3007 3070 3064 Patre
3097 3015 3247 3062 natus
3288 3016 3370 3062 est
3399 3007 3540 3064 Deus
3563 3007 3698 3061 Ver-

2069 3080 2115 3144 C
2144 3094 2300 3161 bum,
2336 3097 2388 3150 in
2419 3097 2620 3152 ultimis
2667 3099 2853 3155 diebus
2883 3116 2946 3155 ex
2979 3101 3092 3171 ipsa
3118 3101 3419 3155 incarnatus
3460 3106 3518 3154 et
3543 3110 3706 3154 natus

2147 3193 2251 3254 est,
2283 3188 2402 3243 talis
2429 3190 2711 3245 anathema
2742 3192 2830 3246 sit.

2214 3293 2300 3349 Vl.
2351 3295 2410 3350 Si
2461 3295 2584 3364 quis
2629 3312 2738 3351 non
2784 3295 3072 3352 conﬁtetur
3127 3295 3411 3352 Dominum
3469 3308 3704 3354 nostrum

2141 3381 2322 3438 Jesum
2348 3383 2621 3438 Christum
2648 3385 2740 3455 qui
2766 3399 2926 3440 carne
2947 3384 3234 3440 cruciﬁxus
3263 3395 3366 3449 est,
3402 3386 3566 3441 Deum
3595 3402 3707 3442 esse

2143 3486 2350 3537 verum,
2381 3479 2434 3525 et
2463 3471 2741 3526 Dominum
2771 3472 2970 3540 gloriae,
3011 3481 3066 3526 ct
3095 3489 3260 3527 unum
3289 3473 3361 3540 de
3383 3482 3566 3528 sancta
3596 3474 3702 3528 Tri—

2145 3560 2334 3633 nitate,
2367 3559 2485 3616 talis
2513 3547 2796 3614 anathema
2823 3561 2913 3616 sit.

2215 3670 2324 3732 Vll.
2365 3670 2422 3725 Si
2450 3671 2568 3741 quis
2595 3671 2649 3724 iu
2677 3671 2882 3726 duabus
2904 3673 3108 3728 naturis
3129 3671 3312 3728 dicens
3333 3688 3439 3726 non
3463 3680 3703 3742 tanquam

2143 3761 2196 3820 in
2227 3763 2425 3818 deitate
2471 3773 2526 3817 et
2551 3763 2885 3818 humanitate
2929 3779 3092 3818 unum
3138 3763 3424 3818 Dominum
3471 3773 3704 3819 nostrum

2143 3852 2322 3908 Jesum
2348 3851 2636 3918 Christum,
2669 3853 2836 3908 Deum
2864 3853 3095 3908 Verbum
3124 3855 3460 3910 incarnatum
3487 3858 3702 3911 conllte-

2147 3953 2252 4005 tur,
2302 3957 2400 3997 nec
2425 3941 2491 3996 ad
2531 3940 2930 4012 signiﬁcandam
2977 3942 3331 4000 diﬂ'erentiam
3377 3953 3698 4010 naturarum,

2143 4049 2212 4088 ex
2253 4033 2444 4102 quibus
2488 4034 2816 4103 compositus
2864 4043 2983 4098 est,
3039 4035 3132 4089 sed
3179 4051 3278 4106 pro
3311 4036 3574 4090 divisione
3611 4051 3704 4105 per

2147 4131 2380 4191 partem,
2433 4123 2594 4177 talem
2625 4124 2824 4193 excipit
2867 4140 3054 4180 vocem
3098 4125 3152 4180 in
3197 4127 3456 4197 mysterio
3491 4126 3701 4192 Christi,

2143 4227 2297 4279 quas:
2345 4214 2630 4282 separatim
2679 4230 2995 4284 unaquaque
3045 4226 3236 4272 natura
3281 4232 3435 4274 suam
3483 4221 3701 4276 habente

2143 4304 2566 4370 subsistentiam,
2592 4305 2730 4361 sicut
2755 4305 3071 4368 Theodorus
3097 4307 3442 4366 etNestorius
3471 4311 3702 4380 blasphe-

2145 4401 2442 4458 maverunt,
2473 4395 2592 4450 talis
2617 4397 2898 4452 anathema
2921 4397 3016 4452 sit.

2215 4491 2346 4546 Vill.
2379 4491 2434 4547 Si
2463 4493 2584 4564 quis
2606 4493 2660 4548 in
2687 4510 2793 4551 uno
2821 4495 3048 4551 Domino
3075 4495 3202 4554 Jesu
3230 4496 3467 4564 Christo,
3499 4499 3598 4554 hoc
3623 4507 3700 4553 est

2145 4582 2256 4637 Deo
2271 4583 2448 4637 Verbo
2471 4585 2765 4649 incarnato,
2792 4602 3070 4643 numerum
3089 4588 3353 4644 confitens
3375 4599 3697 4653 naturarum,

2145 4687 2249 4726 non
2281 4673 2552 4728 intellectu
2579 4673 2933 4730 differentiam
2956 4691 3160 4744 earum,
3185 4694 3250 4732 ex
3273 4680 3470 4748 quibus
3489 4689 3544 4734 et
3561 4693 3702 4734 com-

2140 4761 2346 4830 positus
2392 4771 2495 4830 est,
2525 4763 2742 4834 excipit,
2793 4773 2852 4820 ut
2879 4774 3006 4836 pote
3031 4781 3136 4821 non
3167 4767 3541 4837 interemptam
3582 4783 3700 4837 pro-

2142 4861 2262 4922 pter
2287 4852 2568 4918 unitatem,
2599 4854 2694 4908 sed
2723 4869 2821 4922 pro
2839 4855 3102 4912 divisione
3128 4871 3224 4926 per
3247 4867 3458 4926 partem
3483 4871 3699 4912 numero

2144 4943 2324 5008 utitur,
2356 4943 2476 4998 talis
2501 4943 2786 5001 anathema
2810 4945 2895 5002 sit.

2211 5049 2298 5106 ιχ.
2331 5050 2386 5106 Si
2416 5052 2534 5120 quis
2560 5052 2742 5108 dicens
2767 5069 2926 5108 unam
2957 5061 3201 5110 naturam
3231 5054 3323 5110 Dei
3351 5055 3510 5111 Verbi
3532 5057 3700 5112 incar-

2143 5149 2340 5206 natam,
2373 5156 2476 5196 non
2503 5141 2581 5197 sic
2608 5142 2712 5198 hoc
2740 5143 3006 5213 intelligit,
3034 5145 3178 5212 quod
3209 5160 3276 5201 ex
3311 5146 3486 5200 divina
3515 5155 3698 5201 natura

2139 5241 2194 5288 et
2221 5232 2449 5285 humana
2478 5247 2613 5286 unus
2639 5230 2882 5287 Christus
2907 5231 3131 5289 eﬂ‘ectus
3152 5243 3253 5298 est,
3277 5236 3698 5290 consubstantia-

2140 5321 2206 5375 lis
2234 5318 2376 5374 Patri
2405 5321 2695 5376 secundum
2724 5321 2998 5388 deitatem,
3029 5332 3084 5378 et
3106 5325 3575 5381 consubstantialis
3601 5341 3699 5382 no-

2142 5409 2221 5463 bis
2247 5409 2385 5463 idem
2416 5409 2528 5478 ipse
2556 5411 2849 5466 secundum
2878 5411 3284 5480 humanitatem,
3310 5413 3404 5470 sed
3428 5413 3574 5484 quod
3597 5415 3704 5470 dei-

2139 5499 2261 5552 tatis
2297 5508 2354 5552 et
2392 5501 2570 5555 carnis
2615 5501 2810 5557 Christi
2859 5519 2962 5558 una
3015 5514 3204 5560 natura
3253 5507 3367 5561 sive
3395 5493 3698 5562 substantia

2139 5591 2326 5646 eii'ecta
2357 5601 2438 5646 est
2459 5594 2748 5649 secundum
2779 5597 3090 5666 Apollinarii
3129 5607 3185 5656 et
3240 5598 3552 5670 Eutychetis
3579 5612 3702 5672 per-

2136 5680 2332 5750 fidiam,
2361 5684 2478 5740 talis
2509 5685 2791 5741 anathema
2817 5688 2903 5750 sit.
