3954 6146
320 275 453 341 1017

1455 279 1866 341 CONFESSIO
1901 278 2166 343 RECTJS
2189 275 2413 341 .FIDEI

3417 270 3552 330 1018

392 367 599 446 ἐπίεης
635 388 732 459 γάρ
779 390 864 443 καί
903 391 1020 450 τοὺς
1067 387 1160 442 ἀνά
1201 390 1351 465 μίρος
1391 388 1736 467 διαιροῦντας,
1776 391 1890 448 ἦτοι

2033 391 2127 439 ἰ.
2153 385 2452 455 ASqualiter
2477 387 2621 442 enim
2649 396 2702 444 et
2723 403 2818 443 eos
2848 395 2937 458 qut
2962 404 3056 458 per
3081 397 3286 458 partem
3309 385 3546 444 incidunt

321 481 609 540 τίμνοντας.
639 481 722 532 καί
755 477 873 539 τοῦς
901 481 1218 550 συγχέοντας
1245 481 1303 536 τὸ
1329 488 1417 540 τῆς
1445 482 1580 540 θείας
1608 485 1886 550 οἰκονομίας

322 572 598 637 μυστήριον
633 573 724 621 τοῦ
747 576 970 643 Χριστοῦ
1004 572 1400 646 ἀποστρέφεται,
1429 575 1517 626 καί
1547 573 1887 640 ἀναθεματίζει

325 659 356 715 ἡ
381 656 608 718 καθολικῆ
635 659 882 716 ίκκλησία-
1839 731 1844 736 δ

388 745 451 800 Εἴ
466 768 544 808 τις
570 752 638 818 μή
666 749 1010 819 ἀναθεματίζει
1033 747 1250 825 ¹ΙἈρειον,
1280 752 1534 823 Εὐνόμιον,
1564 750 1886 814 Μακεδόνων,

320 835 681 914 ’Λπολινάριον,
712 841 1000 915 Νεστόριον,
1031 845 1299 913 Εὐτυχία,
1348 846 1432 898 καί
1468 847 1589 904 τούς
1626 845 1691 897 τά
1727 841 1879 912 ὅμοια

317 932 514 990 τούτοις
541 935 856 1002 φρονοῦντας,
885 931 915 990 ἣ
941 937 1298 1008 φρονήσαντας,
1324 934 1541 1003 ἀνάθεμα
1565 930 1598 986 ἔ
1598 953 1724 987 στω.

386 1108 446 1163 Εἴ
483 1131 560 1171 τις
604 1113 932 1168 ἀντιποιεῖται
976 1113 1235 1187 Θεοδώρου
1279 1121 1370 1169 τοῦ
1413 1114 1760 1185 Μοῷουεστὶας
1797 1117 1888 1166 τοῦ

316 1201 574 1266 εἰπόντος,
628 1199 772 1257 ἄλλον
813 1199 940 1257 εἶναι
985 1207 1071 1258 τόν
1113 1207 1234 1260 Θεὸν
1275 1205 1442 1273 λόγον,
1491 1209 1575 1258 καί
1619 1201 1765 1258 ἄλλον
1807 1203 1890 1257 τὸν

315 1294 558 1368 Χριστόν,
588 1292 690 1346 ῦπό
719 1296 888 1346 παθῶν
928 1293 1108 1362 ψυχῆς
1151 1298 1231 1348 καί
1256 1301 1356 1349 τῶν
1389 1302 1479 1356 τῆς
1506 1294 1690 1366 σαρκός
1716 1293 1892 1346 ὺπιθυ-

317 1386 441 1449 μιῶν
467 1381 849 1452 ἐνοχλούμενον,
878 1384 959 1435 καί
984 1385 1038 1436 ἐκ
1065 1393 1323 1458 προκοπῆς
1354 1383 1512 1458 ἔργων
1539 1383 1886 1452 βελτιωθέντα,

315 1473 402 1524 καί
429 1470 768 1540 βαπτισθέντα
807 1475 881 1532 είς
911 1468 1064 1542 ὄνομα
1099 1475 1420 1547 πατρὸς,καί
1458 1475 1708 1537 υίοῦ,καί
1744 1473 1888 1546 ἁγίου

315 1561 621 1630 πνεύματος,
645 1565 726 1614 καί
750 1559 834 1616 διά
854 1569 942 1616 τοῦ
967 1563 1323 1636 βαπτίσματο;
1343 1569 1432 1623 τήν
1454 1566 1610 1637 χάριν
1630 1572 1719 1618 τοῦ
1742 1565 1888 1636 ἁγίου

315 1649 600 1717 πνεύματος
644 1649 843 1710 λαϐεῖν,
893 1654 980 1704 καί
1025 1653 1284 1712 υἱοθεσίας
1325 1654 1616 1716 ἀξιωθῆναι,
1653 1657 1740 1707 καί
1786 1653 1890 1708 κατ’

317 1739 526 1806 ἰσότητα
554 1739 820 1808 βασιλιγῆς
845 1743 1030 1802 εἰκόνος
1057 1743 1125 1801 είς
1155 1741 1430 1815 πρόσωπον
1467 1749 1551 1797 τοῦ
1578 1750 1704 1798 Θεοῦ
1739 1745 1888 1814 λόγου

319 1830 748 1906 προσκυνούμενον
765 1871 781 1894 ,
811 1833 892 1884 καί
919 1835 1047 1898 μετὰ
1080 1839 1168 1890 τήν
1198 1835 1473 1888 ἀνάστασιν
1501 1831 1750 1908 ἄτρεπτον
1779 1843 1890 1895 ταῖς
1919 1875 1925 1881 .

319 1921 548 1982 ἐννοίαις,
572 1923 658 1974 καί
677 1923 1029 1996 ἀναμάρτητον
1054 1923 1306 1984 παντελῶς
1328 1925 1586 1996 γενόμενον
1601 1940 1612 1952 ·
1639 1927 1726 1979 καί
1742 1925 1890 1979 πάλιν

294 2009 574 2084 ἐἰρηκότος
603 2015 692 2068 τήν
720 2011 898 2067 ἕνωσιν
937 2019 1023 2066 τοῦ
1053 2019 1179 2066 Θεοῦ
1220 2014 1363 2084 λίγου
1403 2015 1527 2086 πρὸς
1565 2016 1650 2068 τόν
1677 2015 1890 2086 Χριστὸν

320 2098 556 2155 τοιαύτην
580 2101 894 2168 γεγενῆσθαι,
928 2101 1035 2153 οἷαν
1060 2097 1195 2155 εἶπεν
1223 2101 1248 2156 ὁ
1278 2105 1562 2162 ἀπόστολος
1602 2103 1683 2156 ίπί
1711 2102 1892 2178 ἀνδρὸς

321 2192 406 2244 καί
431 2190 661 2260 γυναικός
677 2211 694 2226 ο
716 2209 734 2242 ε
752 2187 993 2246 ’Ἔσονται
1007 2193 1051 2246 οί
1078 2190 1169 2246 δύο
1187 2195 1256 2252 εἰς
1275 2195 1445 2266 σάρκα
1464 2196 1600 2263 μίαν.
1624 2213 1642 2244 ε
1669 2197 1754 2248 ἰαί
1767 2194 1892 2267 πρὸς

319 2285 436 2334 ταῖς
460 2275 631 2338 ἄλλαις
651 2280 998 2356 ἀναριθμήτοις
1018 2282 1171 2335 αὐτοῦ
1194 2282 1528 2354 βλασφημίαις
1551 2283 1891 2352 τολμήσαντος

319 2373 501 2434 εἰπεῖν,
531 2368 606 2424 ὅτι
633 2373 763 2440 μετά
789 2378 877 2430 τήν
903 2373 1082 2426 άνάστι
1097 2393 1176 2426 σιν
1201 2374 1502 2444 ἐμφυσὴσας
1527 2373 1552 2427 ό
1581 2376 1750 2448 κύριος
1781 2383 1893 2436 τοῖς

319 2459 588 2527 μαθηταῖς,
619 2463 702 2513 καί
728 2465 902 2524 είπών,
934 2479 952 2510 ε
967 2461 1156 2515 Λάϐετε
1179 2468 1377 2528 πνεῦμα
1393 2461 1549 2533 ἅγιον,
1571 2480 1590 2513 ε
1611 2464 1666 2515 οὐ
1683 2461 1892 2518 δέδωκεν

321 2549 496 2608 αὐτοῖς
520 2555 720 2623 πνεῦμα
750 2549 891 2623 ἅγιον
909 2592 924 2612 ,
962 2551 1083 2606 ἀλλὰ
1119 2555 1355 2624 σχήματι
1396 2552 1542 2624 μόνον
1570 2551 1890 2626 ἓνεφῦσησεν.

321 2635 476 2698 Οὗτος
505 2637 560 2693 δὲ
587 2645 670 2693 καί
693 2646 784 2700 τήν
813 2641 1070 2714 ὁμολογίαν
1095 2647 1275 2710 Θωμᾶ,
1305 2647 1394 2700 τήν
1419 2645 1502 2697 ἐπί
1613 2643 1894 2714 ψηλαφήσει

320 2735 420 2782 τῶν
451 2737 639 2802 χειρῶν
674 2733 756 2785 καί
793 2739 885 2792 τῆς
924 2721 1148 2805 πλευρᾶς
1175 2738 1266 2787 τοῦ
1296 2736 1465 2806 κυρίου
1495 2737 1623 2802 μετά
1659 2739 1748 2792 τὴν
1777 2735 1893 2788 ἀνέε-

321 2837 523 2882 στασιν,
547 2821 696 2894 λίγων
720 2823 799 2886 τό,
827 2840 846 2874 ι
873 2823 932 2880 ⁸ο
947 2823 1114 2898 κύριός
1142 2845 1234 2887 μου
1255 2829 1338 2879 καί
1364 2825 1482 2885 Θεός
1503 2846 1622 2895 μου,
1646 2844 1664 2877 ε
1689 2823 1796 2879 εἷπε
1821 2830 1892 2895 μή

323 2911 548 2983 ε’ρῆσθαι
575 2918 806 2983 περὶτοῦ
847 2920 1070 2986 Χριστοῦ
1110 2917 1254 2986 παρά
1286 2921 1380 2971 τοῦ
1423 2921 1610 2986 Θωμὰ,
1655 2915 1766 2970 οὐδέ
1794 2919 1892 2990 γάρ

323 2997 446 3056 εἶναι
481 3002 610 3074 λέγει
637 3005 720 3058 τόν
748 3007 920 3078 κόριον
947 3008 1066 3060 Θεὸν
1083 3048 1096 3071 ,
1143 3008 1244 3062 ἀλλ’
1285 3010 1367 3063 ἓπί
1403 3017 1475 3079 τῷ
1503 3008 1775 3082 παραδόξῳ
1803 3017 1894 3068 τῆς

1985 477 2070 531 vel
2098 475 2359 540 dividunt,
2388 486 2442 532 et
2467 492 2560 532 eos
2580 479 2671 547 qui
2699 475 3030 533 confundunt
3055 478 3248 534 divina:
3275 477 3549 548 dispensa-

1988 568 2148 620 tionis
2176 569 2490 635 mysterium
2516 567 2734 634 Christi,
2787 567 2960 638 rejicit
3004 579 3058 624 et
3085 571 3405 626 condemnat
3432 571 3549 625 nni-

1985 655 2209 710 versalis
2229 655 2322 710 Dei
2353 656 2611 711 Ecclesia.

2057 746 2114 800 Si
2167 748 2288 815 quis
2323 763 2431 802 non
2472 748 2887 802 anathematizat
2943 749 3162 813 Arium,
3213 744 3550 816 Eunomium,

1987 834 2380 900 Macedoniam,
2413 834 2820 904 Apollinarium.
2863 837 3187 904 Nestorium,
3235 839 3550 909 Eutychen),

1988 934 2044 980 et
2071 941 2166 981 eos
2191 925 2282 993 qui
2309 922 2888 994 similiaeissapuerunt
2915 928 2995 981 vel
3023 930 3254 998 sapiunt,
3280 929 3398 984 talis
3421 943 3550 984 ana-

1990 1017 2168 1069 thema
2195 1015 2286 1070 sit.

2059 1103 2149 1157 XI.
2168 1102 2222 1157 Si
2239 1104 2357 1173 quis
2378 1088 2614 1157 defendit
2632 1103 2967 1158 Theodorum
2995 1105 3443 1174 Mopsuestenum,
3463 1111 3553 1179 qui

1990 1195 2123 1249 dixit
2149 1194 2310 1246 alium
2340 1209 2458 1248 esse
2496 1193 2662 1249 Deum
2695 1193 2946 1257 Verbum,
2992 1204 3048 1249 et
3094 1196 3255 1250 alium
3285 1198 3552 1253 Christum

1991 1301 2020 1348 ξι
2051 1284 2387 1354 passionihus
2411 1283 2604 1337 animze
2646 1293 2700 1338 et
2741 1285 3020 1340 desideriis
3067 1287 3241 1341 carnis
3287 1290 3556 1344 molestias

1993 1377 2305 1446 patientem,
2357 1381 2412 1428 et
2439 1390 2504 1429 ex
2535 1374 2776 1444 profectu
2821 1391 3043 1444 operum
3096 1377 3452 1450 melioratum,
3501 1391 3558 1435 et

1990 1467 2318 1536 baptizatum
2359 1467 2412 1520 in
2459 1467 2675 1520 nomine
2720 1465 2917 1531 Patris,
2970 1475 3023 1521 et
3061 1467 3200 1531 Filii,
3246 1477 3301 1523 et
3329 1469 3557 1538 Spiritus

1990 1560 2180 1624 sancti,
2211 1567 2266 1614 et
2289 1573 2383 1628 per
2409 1558 2672 1626 baptisma
2698 1559 2922 1626 gratiam
2951 1561 3122 1614 sancti
3149 1559 3376 1629 Spiritus
3403 1576 3556 1616 acce—
3637 1559 3651 1572 ’

1992 1652 2158 1722 pisse,
2188 1659 2244 1706 et
2271 1649 2635 1705 aﬂiliationem
2665 1651 2941 1714 meruisse,
2973 1660 3029 1705 et
3057 1649 3127 1704 ad
3156 1652 3554 1707 similitudinem

1924 1728 1969 1786 Β
1997 1741 2286 1811 imperialis
2323 1741 2566 1808 imaginis
2608 1740 2662 1794 in
2708 1755 2994 1809 personam
3022 1741 3116 1796 Dei
3146 1741 3305 1797 Verbi
3343 1743 3555 1799 adorari

1992 1827 2354 1903 [adoratum],
2403 1837 2458 1882 et
2502 1835 2624 1898 post
2663 1830 3112 1885 resurrectionem
3167 1831 3554 1887 immutabilem

1991 1921 2424 1989 cogitationibus,
2454 1929 2508 1976 et
2536 1920 2935 1989 impeceabilem
2961 1923 3179 1976 omnino
3207 1920 3401 1976 factum
3429 1923 3557 1979 fuis-

1991 2027 2088 2075 se;
2117 2018 2170 2064 et
2195 2012 2386 2065 iterum
2416 2011 2550 2065 dixit
2580 2011 2742 2066 talem
2773 2009 2966 2066 factam
2991 2027 3111 2068 esse
3141 2015 3432 2069 unitionem
3465 2017 3557 2071 Dei

1996 2098 2152 2152 Verbi
2184 2098 2251 2152 ad
2282 2098 2571 2163 Christum,
2625 2099 2837 2169 qualem
2867 2101 3003 2156 dixit
3033 2101 3320 2172 Apostolus
3349 2105 3416 2159 de
3444 2106 3558 2161 viro

1993 2200 2049 2244 et
2075 2191 2294 2244 muliere
2322 2209 2334 2244 :
2367 2190 2536 2244 Erunt
2563 2192 2662 2244 duo
2689 2193 2741 2244 in
2767 2208 2922 2246 carne
2947 2209 3050 2269 una
3075 2193 3233 2264 (Eph.
3268 2195 3318 2265 v)
3348 2213 3359 2246 :
3392 2205 3446 2250 et
3469 2211 3561 2252 su-

1994 2294 2091 2348 per
2120 2279 2252 2334 alias
2281 2295 2405 2334 suas
2434 2280 2848 2335 innumerabiles
2884 2281 3246 2350 blasphemias
3272 2299 3432 2339 ausus
3475 2295 3558 2340 est

1992 2369 2190 2432 dicere,
2237 2369 2532 2438 quod.post
2572 2371 3017 2425 resurrectionem
3067 2386 3189 2425 cum
3239 2372 3558 2428 insuliiasset

1994 2457 2248 2512 Dominus
2272 2457 2550 2527 discipulis
2574 2460 2708 2526 suis,
2749 2467 2807 2514 et
2833 2458 3093 2514 dixisset:
3138 2462 3365 2531 Arripite
3385 2463 3557 2531 Spiri-

1995 2554 2100 2600 tum
2138 2555 2371 2601 salictum
2413 2546 2594 2618 (Joan.
2641 2551 2734 2616 xx)
2769 2563 2783 2602 :
2837 2562 2944 2603 non
2981 2548 3129 2602 dedit
3172 2549 3251 2603 eis
3302 2548 3557 2618 Spiritum

1994 2645 2238 2691 sanctum
2271 2677 2286 2700 ,
2349 2637 2446 2691 sed
2493 2634 2759 2706 ﬁguratim
2819 2638 3188 2692 tantummodo
3235 2636 3558 2693 insufflavit:

1993 2726 2088 2780 seJ
2128 2734 2184 2778 et
2223 2723 2344 2795 [Hic
2383 2733 2562 2780 autem
2592 2726 2754 2780 etiam
2797 2723 2914 2798 Gn]
2949 2727 3356 2791 confessionem,
3401 2741 3560 2796 quam

1993 2815 2123 2870 fecit
2168 2813 2401 2869 Thomas
2427 2830 2548 2870 cum
2579 2816 2850 2885 palpasset
2886 2829 3076 2871 manus
3101 2825 3158 2872 et
3185 2816 3324 2872 latus
3351 2817 3563 2872 Domini

1996 2912 2117 2974 post
2146 2903 2612 2969 resurrectionem,
2651 2903 2836 2958 dicens
2859 2945 2874 2969 ,
2905 2903 3159 2959 Dominus
3187 2921 3328 2960 meus
3355 2913 3402 2959 et
3425 2905 3564 2961 Deus

1997 3011 2140 3049 meus
2169 2992 2438 3065 (Ibidem),
2487 2993 2658 3062 inquit
2686 3009 2792 3048 non
2833 3009 2954 3050 esse
2980 2995 3177 3050 dictam
3207 3011 3236 3050 a
3266 2995 3470 3052 Thoma
3498 2996 3565 3052 de

323 3096 656 3155 ἀναστάσεως
700 3097 1003 3168 ἐκπλαγέντα
1044 3100 1129 3153 τόν
1175 3106 1360 3170 θωμᾶν
1393 3102 1613 3170 ὑμνῆσαι
1651 3103 1734 3156 τόν
1775 3105 1896 3156 Θεὸν

2000 3084 2215 3139 Christo
2250 3087 2373 3155 (nec
2401 3085 2542 3138 enim
2571 3085 2706 3139 dixit
2735 3085 3046 3141 Theodorus
3073 3087 3240 3142 Deum
3269 3103 3385 3143 esse
3412 3087 3568 3143 Chri-

324 3186 406 3238 τόν
435 3187 696 3257 ἐγείραντα
723 3186 806 3240 τόν
829 3187 1062 3260 Χριστόν.
1087 3189 1155 3241 Τὸ
1185 3187 1237 3242 δὲ
1277 3195 1488 3260 χεῖρον,
1537 3188 1616 3244 ὅτι
1647 3193 1730 3242 καί
1763 3190 1812 3242 ἐν
1837 3197 1899 3264 τῇ

327 3281 428 3328 τῶν
453 3276 686 3348 πράξεων
709 3283 811 3330 τῶν
841 3279 1136 3331 ἀποστόλων
1164 3270 1396 3350 γενομένῃ
1425 3280 1547 3349 παρ’
1572 3282 1730 3335 αὐτοῦ
1760 3279 1902 3338 δῆθεν

329 3362 562 3436 ἰρμηνείᾳ
592 3369 868 3438 συγκρίνων
895 3365 920 3419 ὃ
951 3367 1098 3425 αὐτὸς
1127 3367 1378 3444 Θείδωρος
1403 3371 1486 3423 τόν
1521 3372 1735 3444 Χριστὸν
1776 3369 1904 3423 Πλά-

329 3473 466 3516 τωνι,
499 3455 585 3506 καί
609 3457 895 3523 Μανιχαίῳ,
927 3459 1006 3508 καί
1031 3453 1326 3528 Ἐπικούρῳ.
1350 3460 1431 3510 καί
1456 3461 1723 3530 Μαρκίωνι,
1751 3458 1900 3528 λέγει.

327 3539 405 3596 ὅτι
437 3545 610 3616 ὥσπερ
642 3545 835 3598 ίκείνων
862 3546 1076 3606 ἕκαστος
1107 3547 1374 3624 εὑράμενος
1403 3550 1572 3601 οἰκεῖοι
1599 3546 1761 3620 δόγμα
1785 3551 1905 3608 τοὺς

331 3633 466 3704 αὖτῷ
481 3635 896 3704 μαθητιύσαντας
919 3640 1154 3694 πεποίηκε
1174 3637 1426 3693 καλεῖσθαι
1448 3639 1796 3706 Ιιλατωνςκούς,
1821 3645 1907 3694 καί

335 3727 679 3794 Μανιχοίους,
725 3730 809 3780 καί
836 3725 1206 3801 Ἐπικουρείους
1225 3771 1238 3793 ,
1271 3733 1353 3783 καί
1381 3733 1794 3802 Μαρκιωνιστὸς,
1823 3733 1907 3785 τόν

330 3812 492 3886 ὅμοιον
516 3815 698 3890 τρόπον
726 3817 812 3869 καί
835 3823 925 3872 τοῦ
962 3823 1190 3892 Χριστοῦ
1231 3819 1506 3893 εὑραμένου
1533 3821 1591 3872 τὸ
1618 3818 1812 3892 δόγμα,
1856 3823 1906 3884 ἐξ

328 3907 482 3960 αὐτοῦ
523 3909 642 3967 τούς
673 3911 1005 3968 Χριστιανοὺς
1044 3909 1318 3963 καλεῖσθαι.
1363 3907 1425 3964 Εἴ
1456 3933 1533 3972 τις
1575 3913 1735 3965 τοίνυν
1771 3913 1907 3966 ἀντι-

328 4003 545 4051 ποιεῖται
564 3995 822 4070 Θεοδώρου
845 4005 935 4054 τοῦ
961 4001 1025 4054 τά
1049 4005 1258 4054 τοιαῦτα
1283 4000 1756 4072 βλασφημήσαντος,
1782 4003 1906 4057 ἀλλά

326 4093 394 4157 μὴ
425 4087 772 4156 άναθεματὶζει
795 4090 962 4154 αὐτέν,
993 4092 1074 4142 καί
1101 4092 1166 4144 τά
1191 4091 1350 4144 αὑτοῦ
1379 4092 1779 4165 συγγράμματα,
1821 4094 1904 4146 καί

325 4181 444 4240 τοὺς
470 4181 536 4234 τά
581 4177 726 4252 ὃμοια
765 4181 906 4254 αὐτῷ
941 4188 1275 4256 φρονοῦντας,
1312 4179 1343 4240 ἢ
1381 4186 1746 4257 φρονήσαντας,
1790 4185 1909 4239 ἀνά-

325 4270 453 4341 θεμα
483 4269 513 4324 ἴ
514 4293 644 4328 στω.

1999 3173 2184 3243 stum),
2217 3175 2308 3228 sed
2333 3173 2400 3227 ad
2427 3174 2742 3227 miraculum
2768 3175 3179 3229 resurrectionis
3211 3175 3564 3244 stupefactum

2001 3263 2260 3318 Thomam
2286 3262 2614 3330 glorificasse
2645 3263 2828 3326 Deum,
2866 3263 2956 3333 qui
2983 3263 3250 3319 Christum
3279 3265 3568 3319 resuscita-

2000 3355 2077 3408 vit
2102 3371 2115 3406 :
2139 3362 2194 3406 et
2218 3353 2361 3420 quod
2387 3351 2538 3420 pejus
2559 3359 2662 3416 est,
2683 3353 2847 3406 etiam
2870 3353 2922 3405 in
2947 3353 3388 3420 interpretatione
3407 3369 3566 3422 quam

2004 3446 2058 3500 in
2087 3445 2250 3498 Actus
2297 3444 2662 3513 apostolorum
2707 3444 2920 3512 scripsit
2966 3444 3300 3512 Theodorus,
3341 3445 3568 3500 similem

2005 3534 2131 3590 fecit
2155 3535 2426 3589 Christum
2467 3533 2701 3597 Platoni,
2733 3543 2788 3588 et
2816 3533 3129 3602 Manichmo,
3157 3544 3211 3591 et
3239 3535 3488 3605 Epicuro,
3517 3543 3572 3592 et

2005 3628 2283 3693 Marcioni,
2313 3628 2498 3682 dicens
2523 3627 2665 3696 quod
2707 3628 2846 3682 sicut
2873 3627 3085 3682 illorum
3111 3629 3470 3697 unusquisque
3497 3645 3566 3684 ex

2005 3720 2256 3788 dogmate
2283 3717 2425 3788 quod
2455 3718 2678 3786 invenit,
2726 3734 2854 3774 suos
2890 3717 3186 3788 discipulos
3233 3719 3359 3774 fecit
3387 3719 3568 3774 vocari
3600 3777 3615 3792 _.

2007 3812 2330 3876 Platonicos,
2376 3819 2432 3866 et
2458 3811 2797 3876 Manichaeos,
2829 3819 2884 3866 et
2913 3811 3222 3881 Epicureos,
3270 3822 3324 3868 et
3348 3812 3567 3867 Marcio-

2008 3904 2197 3971 nistas,
2220 3902 2378 3956 simili
2408 3901 2568 3956 modo
2607 3910 2658 3956 et
2685 3917 2807 3957 cum
2839 3901 3083 3959 Christus
3108 3903 3299 3971 dogma
3339 3904 3565 3960 invenis-

2005 3999 2106 4056 set,
2139 4006 2206 4046 ει
2235 3991 2348 4061 ipso
2377 3989 2713 4045 Christianos
2743 3991 2939 4046 vocari.
2970 3993 3027 4046 Si
3053 3993 3174 4060 quis
3201 3993 3358 4062 igitur
3385 3993 3568 4050 defen-

2006 4080 2085 4135 dit
2113 4079 2356 4135 eumdem
2389 4078 2749 4152 Theodorum,
2791 4081 2882 4148 qui
2905 4080 3031 4134 talia
3059 4081 3468 4150 blasphemavit,
3516 4093 3572 4136 et

2007 4185 2114 4224 non
2142 4169 2562 4232 anathematizat
2590 4181 2748 4233 eum,‘
2785 4177 2840 4224 et
2879 4169 2996 4239 ejus
3021 4171 3344 4240 conscripta,
3399 4180 3454 4226 et
3481 4187 3573 4226 eos

2007 4263 2098 4332 qui
2126 4262 2318 4318 similia
2347 4261 2422 4316 illi
2449 4269 2759 4330 sapuerunt,
2781 4261 2864 4314 vel
2893 4261 3124 4330 sapiunt,
3151 4260 3271 4314 talis
3297 4261 3573 4316 anathema

2007 4353 2096 4408 sit.

397 4450 462 4503 ιίιῖ
488 4474 564 4512 τις
601 4455 928 4514 ἀντιποιεῖται
968 4467 1068 4512 τῶν
1109 4479 1390 4532 συγγραμμ
1413 4455 1522 4513 ’των
1557 4457 1748 4532 Θεοδωρ
1761 4460 1896 4523 ίτου,

2081 4439 2194 4496 ΧΠ.
2236 4439 2292 4496 Si
2335 4440 2457 4510 quis
2500 4439 2737 4494 defendit
2765 4439 3066 4509 conscripta
3093 4440 3414 4495 Theodoreti
3459 4456 3573 4510 quze

328 4537 459 4614 άπερ
487 4543 670 4605 ἐξέθετο
693 4545 824 4620 ὑπὲρ
845 4551 1122 4622 Νεστορίου
1142 4557 1230 4604 τοῦ
1253 4550 1532 4626 α’ρετικοῦ,
1558 4553 1638 4602 καί
1661 4551 1788 4603 κατά
1811 4557 1902 4608 τῆς

327 4629 475 4704 ὀρθγές
503 4636 743 4698 πίστεως,
777 4640 862 4690 καί
888 4647 979 4698 τῆς
1009 4641 1057 4692 ἐν
1084 4641 1270 4712 Ἐφέσῳ
1310 4643 1518 4712 πρώτης
1556 4643 1707 4710 ἁγίας
1746 4641 1900 4694 πνὸ·

325 4715 434 4778 δου.
465 4723 552 4774 καί
572 4727 665 4774 τοῦ
701 4723 748 4775 ἐν
775 4723 934 4796 ἁγίοις
967 4728 1246 4800 Κυριλλου,
1283 4731 1495 4782 καὶτῶν
1521 4727 1586 4782 ιϐ’
1621 4730 1772 4781 αὐτοῦ
1816 4747 1900 4781 κε-

323 4813 554 4884 φαλαίων,
584 4815 632 4866 ἰν
661 4811 734 4874 οἷς
753 4817 960 4872 ἀσεϐέσι
985 4822 1351 4894 συγγράμμασι
1383 4825 1632 4892 σχετικήν
1658 4821 1787 4892 λέγει
1813 4825 1904 4880 τήν

295 4902 299 4905 ’
322 4904 499 4959 ἕνωσιν
537 4911 628 4958 τοῦ
657 4914 784 4960 Θεοῦ
812 4909 959 4980 λόγου
986 4917 1114 4986 πρς
1142 4913 1228 4966 τόν
1252 4934 1366 4967 τινα
1391 4910 1669 4986 ἄνθρωπον
1701 4915 1818 4988 περί
1846 4911 1902 4966 οὗ

321 4996 632 5069 βλασφημῶν
661 4997 808 5067 λέγει,
839 4997 917 5056 ὅτι
943 5002 1224 5072 ἐψηλάφησε
1261 5010 1448 5076 Θωμᾶς
1475 5007 1564 5059 τόν
1593 5006 1898 5069 ἀναστάντα,

321 5090 408 5139 καί
448 5091 790 5160 προσεκύνησε
820 5091 902 5144 τίν
929 5093 1216 5162 ἐγείραντα,
1263 5099 1348 5148 καί
1390 5093 1473 5149 διά
1509 5101 1658 5150 τοῦτο
1697 5095 1904 5154 ἀσεϐεῖς

322 5178 463 5230 καλεῖ
479 5182 596 5238 τοὺς
619 5189 708 5238 τῆς
732 5181 992 5239 ἐκκλησίας
1021 5179 1375 5246 διδασκάλους,
1399 5186 1518 5244 τοὺς
1541 5185 1646 5238 καθ’
1670 5181 1905 5239 ὑπόστα-

321 5286 404 5319 σιν
425 5274 512 5324 τήν
537 5268 714 5322 ἕνωσιν
737 5275 825 5323 τοῦ
849 5278 975 5326 Θεοῦ
999 5270 1143 5339 λόγου
1169 5274 1292 5347 πρὸς
1320 5279 1406 5331 τήν
1431 5277 1598 5346 σάρκα
1619 5273 1905 5352 ὁμολογοῦν-

319 5372 432 5416 τας⁶
465 5361 544 5410 καί
573 5359 698 5430 πρός
728 5361 924 5420 τούτοις
951 5359 1174 5413 θέο-τόκον
1207 5361 1501 5435 ἀπαρνεῑται
1537 5369 1626 5418 τήν
1656 5362 1798 5432 ἁγίαν
1822 5360 1900 5416 ἕδ-

319 5444 460 5510 δοξον
488 5450 803 5520 άειπάρθενον
849 5454 1065 5522 Μαρίαν.
1121 5449 1180 5502 Εῗ
1223 5469 1301 5510 τις
1351 5454 1516 5504 τοίνυν
1562 5453 1626 5505 τά
1673 5455 1906 5524 ιε’ρημένα

319 5557 702 5613 συγγραμματα
725 5539 1044 5615 Θεοδωρίτου
1067 5542 1280 5605 ἐπαινεῖ,
1311 5541 1432 5593 ἀλλά
1457 5547 1526 5614 μή
1557 5543 1904 5612 ἀναθεμ,.τίζει

318 5633 482 5693 αὐτὰ,
521 5631 737 5702 ἀνάθεμα
777 5629 940 5686 ἴστω³
991 5629 1076 5687 διά
1109 5633 1301 5692 ταυτας
1327 5633 1423 5706 γάρ
1465 5634 1558 5693 τάς
1584 5633 1903 5705 βλασφημίας

321 5743 406 5785 τες
433 5723 711 5786 ἐπισκοπῆς
737 5724 984 5794 ἐξεϐλήθη,
1015 5726 1247 5796 aenigma}:
1281 5732 1441 5781 τα’τα
1472 5727 1520 5779 ἐν
1548 5733 1605 5800 τῇ
1640 5724 1757 5801 ἁγίᾳ
1789 5748 1897 5782 συν-

2006 4539 2255 4608 exposuit
2311 4553 2411 4607 pro
2452 4535 2700 4591 Nestorio
2759 4537 3014 4592 haeretico
3067 4537 3324 4592 adversus
3369 4545 3572 4592 rectam

2007 4627 2188 4692 ﬁdem,
2232 4635 2288 4682 et
2328 4626 2648 4696 Ephesinam
2682 4627 2906 4697 primam
2937 4637 3174 4682 sanctam
3204 4627 3487 4699 synodum,
3519 4638 3574 4682 et

2006 4717 2065 4776 S.
2095 4718 2370 4790 Cyrillum,
2420 4727 2474 4774 et
2512 4718 2796 4773 duodecim
2832 4718 2947 4787 ejus
2987 4719 3240 4788 capitula,
3289 4720 3341 4776 in
3383 4721 3574 4790 quibus

2005 4809 2281 4865 sceleratis
2307 4810 2622 4880 conscriptis
2651 4809 2792 4865 idem
2835 4810 3206 4866 Theodoretus
3232 4811 3568 4879 alfectualem

2004 4899 2134 4956 dicit
2179 4901 2436 4954 unitatem
2481 4900 2574 4954 Dei
2624 4899 2785 4955 Verbi
2831 4900 2897 4956 ad
2943 4903 3214 4957 hominem
3263 4905 3568 4974 quemdam,

2004 4989 2072 5046 de
2115 5005 2224 5060 quo
2265 4990 2641 5060 blaSphemans
2680 4991 2834 5055 dixit,
2879 4993 3022 5060 quod
3059 4993 3299 5066 palpavit
3339 4994 3575 5053 Thomas

2005 5094 2125 5134 eum
2147 5081 2237 5149 qui
2267 5080 2577 5143 resurrexit,
2605 5088 2660 5135 et
2680 5081 2920 5136 adoravit
2939 5097 3061 5137 eum
3085 5085 3176 5154 qui
3200 5086 3572 5152 resuscitavit;

2005 5180 2062 5226 et
2100 5181 2321 5242 propter
2349 5173 2452 5228 hoc
2497 5173 2689 5243 impios
2716 5181 2876 5228 vocat
2901 5174 3154 5232 doctores
3181 5177 3434 5233 Ecclesiae
3479 5179 3570 5248 qui

2003 5263 2262 5318 unitatem
2287 5263 2578 5320 secundum
2617 5265 3013 5322 snbsistentiam
3044 5268 3138 5323 Dei
3169 5269 3324 5324 Verbi
3356 5268 3424 5324 ad
3453 5285 3569 5324 ear-

2005 5370 2125 5409 nem
2150 5353 2470 5410 conﬁtentur
2498 5371 2512 5419 ;
2559 5363 2614 5409 et
2641 5371 2800 5426 super
2843 5357 2958 5412 haec
2988 5359 3080 5413 Dei
3121 5358 3446 5413 Genitrieem
3477 5360 3570 5412 ab-

2005 5463 2168 5522 negat
2210 5462 2451 5508 sanctam
2497 5460 2551 5508 et
2593 5454 2878 5523 gloriosam
2925 5472 3140 5525 semper
3171 5457 3426 5522 virginem
3459 5455 3567 5508 Ma-

2005 5545 2156 5598 riam.
2184 5545 2238 5598 Si
2265 5545 2384 5614 q—uis
2414 5543 2574 5611 igitur
2600 5555 2894 5600 memorata
2916 5547 3218 5614 censeripta
3247 5542 3568 5597 Theodoreti

2003 5635 2260 5702 defendit,
2300 5645 2485 5691 etnon
2516 5636 2936 5691 anathematizat
2979 5651 3064 5701 ea,
3113 5635 3232 5688 talis
3278 5630 3567 5685 anathema

2007 5729 2091 5784 sit.
2134 5727 2358 5803 Propter
2409 5725 2540 5782 tales
2589 5727 2732 5783 enim
2773 5726 3128 5796 blasphemias
3158 5723 3223 5781 ab
3253 5720 3564 5788 episcopatu
