3994 6140
413 247 551 315 1οί9

1673 243 1705 302 J
1717 239 2118 302 USTIXIANI
2161 236 2319 300 IMP.

3496 229 3642 297 1020

421 369 519 442 ὁδῳ
565 383 633 446 τῇ
668 371 715 425 έν
754 368 1014 426 Χαλκηδὸνι
1051 368 1304 424 σωωθὴθη
1333 367 1497 420 πάντα
1536 364 1602 419 τά
1647 363 1840 419 έναντία
1865 371 1972 422 τοῖς

2075 361 2314 428 deiectus
2335 367 2435 422 est,
2461 365 2514 413 et
2539 365 2726 426 postea
2753 373 2804 412 In
2833 363 3017 411 sancto
3041 354 3460 411 Chalcedonensi
3485 369 3619 412 con-

418 465 815 533 μνημονευθεῖσιν
855 463 1007 514 αὐτοῦ
1057 458 1420 530 συγγράμμασι
1463 463 1670 514 ποιῆσαι
1693 493 1707 519 ,
1752 458 1840 508 καί
1883 459 1972 511 τήν

418 553 562 628 ὀρθήν
587 551 756 604 πίστιν
785 549 1099 620 ὁμολογῆσαι.

489 641 553 697 Εἴ
573 663 644 700 τις
671 643 999 694 ἀντιποιεῖται
1028 647 1114 697 τῆς
1134 637 1351 695 ἀσεϐοῦς
1373 635 1634 694 ἐπιστολῆς
1661 641 1750 692 τῆς
1774 633 1975 702 λεγομέ-

419 755 505 794 νης
535 734 674 806 παρά
699 730 807 784 Ἰϐα
826 729 1100 800 γεγράγθνι
1127 727 1252 801 πρὸς
1277 727 1441 796 Μάριν
1463 746 1495 780 τ
1522 747 1548 776 ν
1575 725 1768 797 Πέρσην
1793 724 1877 776 τὸν
1899 723 1974 777 αἶα

417 826 634 896 ρετεκὸν,
684 832 772 880 τῆς
807 824 1107 895 ἀρνουμένης
1144 821 1225 874 τὸν
1271 821 1392 871 Θεὸν
1429 816 1568 887 λόγον
1595 813 1850 887 ὄνθρωπον
1886 835 1970 886 γε.

413 917 670 996 γενῆσθαι,
709 917 789 966 καί
827 913 1067 982 λεγούσης
1099 916 1165 978 μὴ
1206 910 1289 962 τὸν
1324 910 1443 964 Θεὸν
1476 909 1620 976 λόγον
1640 909 1696 996 γέκ
1733 917 1822 966 τῆς
1844 927 1972 996 παρ·

417 995 552 1058 δίνου
597 1003 916 1076 σαρκωθέντα
943 1001 1251 1070 γεννηθῆναι.
1296 997 1413 1049 ἀλλά
1445 996 1588 1064 ψιλὸν
1629 995 1880 1070 ὅνθρωπον
1919 995 1970 1060 ἐξ

417 1095 574 1152 αὐτῆς
609 1093 924 1164 γεννηθῆναι,
957 1086 1010 1142 ὃν
1037 1089 1145 1140 ναὸν
1172 1088 1436 1148 ἀποκαλεῖ,
1478 1088 1544 1145 ὡς
1574 1083 1713 1139 ἄλλον
1739 1080 1858 1138 εἶναι
1887 1085 1972 1138 τόν

418 1183 542 1237 Θεὸν
577 1183 735 1251 λόγον,
778 1183 858 1232 καί
903 1176 1042 1231 ἄλλον
1081 1179 1164 1232 τὸν
1201 1175 1474 1249 ἄνθρωπον·
1511 1175 1634 1249 πρὸς
1679 1177 1876 1234 τούτοις
1916 1173 1966 1228 δέ

418 1273 774 1347 ένυϐριζσύσης
817 1276 906 1328 τήν
939 1271 985 1322 ίν
1009 1267 1190 1342 Ἐφέσῳ
1227 1271 1429 1342 πρώτην
1456 1264 1688 1322 σύνοδον.
1714 1268 1780 1326 ὡς
1807 1267 1970 1338 χωρίς

420 1365 676 1426 ζητήσεως
702 1363 786 1413 καὶ
804 1361 1018 1432 κρίσεως
1046 1357 1306 1426 Νεστόριον
1325 1354 1751 1415 καταδικασάσης,
1776 1357 1859 1407 καί
1886 1355 1970 1408 τὸν

361 1517 393 1533 θ
421 1453 470 1505 έν
495 1451 656 1522 ἁγίοις
684 1451 909 1523 κύριλλον
935 1450 1176 1524 ατρετικὸν
1200 1447 1577 1509 ἀποκαλούσης,
1607 1448 1692 1498 καί
1716 1445 1877 1504 ἀσεϐῆ
1905 1446 1970 1500 τά

421 1541 486 1596 ιϐ’
529 1542 677 1595 αὐτοῦ
702 1540 962 1610 κεφάλαιασ
987 1539 1251 1611 Νεστόριον
1279 1536 1329 1592 δέ
1352 1539 1434 1590 καί
1451 1533 1702 1604 Θεόδωρον
1725 1537 1850 1605 μετά
1875 1540 1974 1588 τῶν

419 1632 576 1686 αὐτοῦ
601 1631 797 1684 ἀσεϐῶν
828 1631 1230 1701 συγγραμμάτων
1271 1628 1600 1688 έπαινούσης,
1637 1631 1723 1680 καί
1749 1625 1970 1682 έκδικούο

421 1739 536 1782 σης.
567 1718 628 1773 εἴ
645 1740 722 1779 τις
747 1723 914 1773 τοίνυν
943 1727 1030 1776 τὴν
1061 1722 1315 1798 εἰρημένην
1353 1721 1512 1782 ἀσεϐῆ
1549 1720 1807 1782 ἐπιστολήν
1848 1717 1976 1779 ἐκδι-

2075 450 2198 504 cilio
2221 448 2522 517 compulsus
2549 457 2632 502 est
2659 448 2834 502 omnia
2859 447 3124 503 contraria
3154 447 3465 502 memoratis
3504 449 3616 504 suis

2075 538 2389 606 conscriptis
2411 537 2605 602 facere,
2627 545 2682 592 et
2709 545 2904 592 rectam
2923 535 3082 591 ﬁdem
3111 534 3374 592 conﬁteri.

2145 625 2278 680 Xlll.
2310 624 2366 680 Si
2405 625 2523 694 quis
2549 624 2782 679 defendit
2807 625 3020 695 impiam
3058 624 3338 694 epistolam
3365 639 3527 693 quin
3553 625 3624 683 ad

2076 715 2265 770 Harim
2315 714 2528 770 Persam
2579 715 2883 769 hmreticum
2929 713 3048 769 lbas
3093 715 3371 784 scripsisse
3408 713 3622 786 dicitur,

2076 821 2193 876 quze
2220 805 2448 872 abnegat
2493 803 2656 858 Deum
2679 803 2909 858 Verbum
2951 804 3218 859 hominem
3258 803 3456 860 factum
3481 816 3621 872 esse,

2081 903 2134 949 ct
2159 895 2287 948 dicit
2327 909 2431 948 non
2461 893 2624 947 Deum
2652 891 2882 947 Verbum
2907 907 2974 946 ex
3017 893 3221 960 virgine
3267 894 3619 959 incarnatum,

2075 993 2254 1038 natum
2281 999 2417 1048 esse,
2452 983 2544 1038 sed
2569 999 2754 1052 purum
2775 983 3038 1038 hominem
3061 998 3124 1036 ex
3149 983 3260 1053 ipsa
3282 1000 3400 1039 esse
3421 994 3620 1052 natum,

2073 1089 2230 1143 quem
2283 1073 2536 1142 templum
2584 1081 2760 1140 vocat,
2807 1081 2865 1126 ut
2909 1073 3043 1127 alius
3087 1072 3156 1127 sit
3201 1072 3343 1128 Deus
3367 1073 3622 1143 Vedium,

2071 1171 2126 1216 et
2171 1163 2303 1216 alius
2351 1162 2512 1216 homo
2535 1178 2555 1228 ς,
2592 1170 2648 1216 et
2689 1176 2849 1231 super
2895 1163 3006 1217 hmc
3045 1163 3264 1230 injuriat
3307 1161 3624 1232 Ephesinam

2072 1250 2298 1321 primum
2338 1249 2622 1321 synodum,
2665 1251 2816 1320 quasi
2842 1251 2956 1306 sine
2984 1251 3323 1320 inquisitione
3349 1259 3406 1308 et
3431 1253 3626 1308 exami-

2073 1340 2288 1394 natione
2317 1339 2384 1394 ab
2426 1340 2540 1409 ipsa
2578 1338 2825 1394 Nestorio
2873 1340 3247 1416 condemnato,
3289 1350 3346 1398 et
3383 1353 3621 1399 sanctum

2072 1428 2323 1498 Cyrillum
2352 1437 2507 1483 vocat
2531 1430 2854 1492 haereticum,
2883 1437 2940 1484 et
2964 1429 3241 1489 duodecim
3263 1431 3376 1504 ejus
3396 1431 3630 1505 capitula

2071 1517 2232 1587 impia
2279 1515 2428 1590 dicit,
2471 1520 2781 1580 Nestorium
2818 1530 2995 1581 autem
3040 1535 3095 1580 et
3137 1526 3475 1583 Theodorum
3502 1543 3622 1583 cum

2074 1611 2250 1687 impiis
2277 1632 2461 1672 eorum
2507 1616 2824 1684 conscriptis
2865 1615 3132 1670 collaudat
3173 1625 3229 1670 et
3269 1617 3522 1671 defendit.
3565 1615 3625 1672 Si

2073 1710 2190 1778 quis
2219 1709 2396 1778 igitur,
2442 1709 2578 1762 sicut
2604 1706 2801 1761 dictum
2830 1714 2933 1772 est,
2962 1707 3203 1762 eamdem
3233 1707 3398 1776 ipsam
3427 1707 3624 1775 episto-

419 1815 524 1871 κεῖ,
565 1807 595 1866 ἣ
625 1809 764 1888 ίρθήν
785 1809 937 1869 «Sed»
977 1809 1098 1867 εἶναι
1133 1816 1284 1884 λέγει,
1313 1813 1342 1872 ἦ
1371 1815 1518 1889 μέρος
1543 1817 1727 1878 αὐτῆς,
1757 1813 1876 1870 ἀ).λά
1903 1819 1971 1884 μή

2073 1795 2176 1850 lam
2205 1797 2456 1862 vindicat,
2485 1794 2569 1850 vel
2597 1803 2798 1849 rectam
2825 1809 2944 1849 esse
2971 1793 3096 1849 dicit
3121 1795 3289 1863 ipsam
3315 1795 3401 1850 vel
3421 1805 3624 1865 partem

423 1901 766 1968 ἀναϐεματίζει
790 1903 962 1964 αὐτὴν,
991 1903 1204 1972 ἀνάθεμα
1225 1901 1376 1957 ἴστω.

495 1998 592 2049 Τῆς
619 1991 853 2050 τοιαύτης
879 1993 1039 2045 τοίνυν
1066 1991 1329 2051 ἐπιστολῆς
1356 1989 1551 2048 δικαίως
1580 1991 1973 2060 ἀναθεματεσθεί·

427 2099 524 2139 σης
561 2079 642 2134 διὰ
668 2081 759 2140 τάς
795 2083 1165 2151 περιεχομένας
1193 2087 1240 2132 έν
1279 2082 1403 2153 αύτῇ
1443 2081 1787 2154 βλασφημίας,
1830 2081 1875 2134 οί
1910 2081 1973 2136 τά

422 2172 717 2242 Νεστορίου,
753 2168 783 2227 ἧ
816 2167 1074 2242 Θεοδώρου
1111 2171 1306 2228 ἀσεϐῶς
1345 2176 1621 2242 φρονοῦντες
1651 2157 1974 2242 ίπιχείρςῦσι

414 2261 598 2332 λέγειν.
627 2263 815 2318 ταύτην
855 2257 1088 2330 δεδέχθαι
1127 2263 1270 2333 παρὰ
1312 2267 1403 2319 τῆς
1441 2259 1586 2332 ἁγίας
1621 2261 1670 2312 έν
1709 2257 1974 2316 Χαλκηδόνι

431 2347 662 2414 συνόδου,
694 2356 841 2404 τοῦτο
883 2349 936 2404 δέ
966 2350 1167 2420 λέγουσι
1205 2355 1275 2408 ἠν
1294 2351 1382 2418 μέν
1411 2349 1554 2420 ἀγίαν
1582 2347 1790 2402 σύνοδον
1817 2348 1970 2401 συκο-

423 2445 734 2510 φαντοῶτες,
761 2443 829 2508 τῷ
858 2437 909 2492 δέ
932 2439 1120 2497 ταύτης
1143 2443 1479 2514 προσχήματι
1501 2436 1865 2500 σπουδάζοντες
1881 2443 1972 2498 τῆς

419 2527 728 2598 ὀφειλομένης
803 2530 1136 2598 κατακρίσεως
1200 2531 1522 2606 ἂευθερῶσαι
1577 2527 1828 2604 Θεόέωρον
1889 2531 1973 2582 καί

420 2619 714 2694 Νεστὸριον,
742 2621 827 2672 καί
853 2623 940 2677 τήν
963 2620 1118 2677 ἀσεϐῆ
1147 2619 1430 2682 ίπιστολήν,
1458 2622 1576 2692 περὶ
1599 2617 1658 2678 ἧς
1683 2616 1821 2678 ιἸϐας
1846 2618 1970 2672 πολ-

423 2708 566 2766 λάκις
595 2711 938 2778 κατηγορηθείς
965 2707 1052 2759 οὐκ
1089 2707 1352 2776 έτὸλμησεν
1386 2707 1728 2760 οἰκειώσασθαι
1769 2705 1854 2760 διὰ
1879 2708 1973 2764 τάς

419 2796 788 2868 περιεχομένας
823 2794 873 2846 έν
905 2797 1028 2868 αὐτῇ
1055 2795 1389 2865 βλασφημίας.
1418 2799 1507 2848 lui
1533 2801 1694 2850 ταῦτα
1717 2793 1974 2858 ἀποδείξο-

425 2903 515 2954 μεν
554 2885 607 2937 ἐκ
630 2889 726 2936 τῶν
768 2882 1007 2956 διαφόρως
1046 2887 1165 2952 περὶ
1189 2885 1371 2938 τούτου
1397 2887 1734 2951 κεκινημένων.
1759 2883 1834 2937 Ἐν
1874 2886 1972 2958 γὰρ

421 2981 526 3032 τοῖς
553 2975 692 3048 παρά
713 2975 927 3041 Φωτίου,
952 2976 1032 3026 καί
1052 2975 1323 3028 Βύσταθίου
1350 2975 1720 3046 πεπραγμένοις
1753 2976 1802 3028 έν
1829 2976 1973 3046 Τύρῳ

424 3066 848 3136 κατηγορουμένος
874 3063 898 3118 έ
929 3064 1224 3137 προλεχθείς
1250 3063 1390 3124 Ἰϐας
1409 3067 1525 3136 περί
1547 3071 1644 3120 τῶν
1671 3065 1863 3140 ὕϐρεων
1883 3071 1972 3120 τοῦ

2072 1886 2255 1957 ipsius,
2283 1886 2376 1942 sed
2405 1901 2510 1941 non
2537 1885 2949 1938 anathematizat
2971 1899 3113 1950 eam,
3143 1885 3426 1938 anathema
3461 1885 3550 1938 sit.

2144 1977 2256 2032 Tali
2311 1991 2438 2044 ergo
2493 1975 2652 2044 impia
2707 1975 2930 2044 cpistola
2981 1974 3124 2042 juste
3176 1975 3622 2028 anathematizata

2072 2080 2290 2140 propter
2317 2068 2542 2122 insertas
2566 2067 2615 2121 ei
2635 2066 3004 2135 blasphemias,
3035 2064 3296 2119 Theodori
3323 2075 3378 2119 et
3397 2065 3624 2120 Nestorii

2074 2163 2355 2231 impiorum
2383 2174 2640 2228 sequaces
2666 2166 2928 2214 conantur
2947 2157 3142 2220 dicere,
3173 2165 3478 2225 susceptam
3507 2169 3626 2211 esse

2074 2266 2194 2306 eam
2242 2265 2272 2304 a
2310 2258 2494 2304 sancto
2539 2247 2960 2303 Chalcedonensi
3001 2245 3250 2302 concilio.
3303 2245 3420 2302 Hoc
3447 2255 3624 2300 autem
3717 2283 3728 2292 .

2073 2343 2276 2406 dicunt,
2321 2351 2558 2397 sanctam
2586 2341 2797 2410 quidem
2826 2337 3316 2394 Chalcedonensem
3359 2337 3621 2408 synodum

2074 2431 2478 2499 calumniantes,
2509 2431 2720 2484 nomine
2750 2435 2928 2482 autem
2967 2426 3082 2494 ejus
3108 2426 3424 2482 festinantes
3449 2427 3624 2482 debita

2075 2519 2515 2575 condemnatione
2552 2519 2777 2574 liberare
2796 2515 3158 2582 Theodorum,
3211 2525 3269 2572 et
3305 2516 3622 2581 Nestorium,

2075 2614 2130 2662 et
2150 2607 2362 2674 impiam
2391 2605 2692 2675 epistolam,
2717 2620 2814 2675 pro
2840 2619 2942 2673 qua
2962 2604 3082 2664 lbas
3108 2605 3302 2672 smpius
3327 2612 3626 2670 accusatus,

2078 2711 2184 2751 non
2209 2704 2288 2749 est
2315 2710 2472 2749 ausus
2499 2709 2615 2748 eam
2655 2709 2802 2748 suam
2828 2694 3004 2749 dicere
3048 2705 3268 2763 propter
3309 2693 3535 2748 insertas
3575 2691 3628 2747 ei

2074 2783 2448 2854 blasphemias.
2494 2781 2562 2838 Et
2611 2783 2725 2838 hmc
2765 2783 3246 2838 demonstrabimus
3289 2797 3355 2837 ex
3394 2783 3478 2836 his
3503 2795 3625 2852 qua

2075 2871 2278 2928 diverse
2322 2871 2389 2926 de
2436 2872 2537 2926 ista
2583 2886 2738 2927 causa
2767 2879 2912 2925 mota
2957 2879 3098 2924 sunt.
3146 2869 3200 2924 In
3230 2871 3309 2923 his
3335 2871 3472 2922 enim
3499 2884 3622 2938 qua

2074 2959 2213 3029 apud
2241 2958 2484 3014 Photium
2512 2969 2567 3015 et
2589 2959 2918 3014 Eustathinm
2953 2958 3004 3031 [a
3032 2959 3211 3013 Photio
3237 2967 3292 3013 et
3313 2955 3612 3030 Eustathio]

2077 3045 2198 3118 Tyri
2237 3055 2356 3102 acta
2381 3056 2521 3112 sunt,
2568 3063 2688 3103 cum
2709 3058 3048 3104 accusaretur
3070 3047 3346 3116 prmdictus
3382 3045 3502 3103 lhas
3544 3047 3618 3104 de

427 3155 474 3206 έν
515 3124 672 3224 ἁγίοις
700 3124 934 3222 ὲυρίλλου
961 3124 1178 3228 paup-6;
1205 3124 1443 3206 κατέθετο
1461 3124 1484 3216 ,⁸
1517 3155 1644 3224 μετὰ
1669 3124 1756 3212 In};
1797 3155 1972 3209 ἕνωσιν

2075 3135 2280 3203 injuriis
2307 3135 2364 3190 S.
2391 3134 2591 3206 Cyrilli,
2615 3135 2894 3191 manifeste
2921 3134 3190 3190 confessus
3213 3143 3314 3199 est,
3356 3143 3482 3203 post
3505 3135 3624 3190 uui-

422 3250 522 3298 τῶν
547 3245 842 3300 ἀνατολικῶν
863 3245 990 3320 πρὸς
1012 3245 1093 3299 τὸν
1113 3245 1159 3296 ίν
1181 3243 1339 3315 ἁγίοις
1364 3245 1590 3319 ιύριλλον
1609 3245 1760 3314 μηδίν
1781 3245 1976 3320 ὕϐρεως

423 3333 663 3404 ιχὸμενον
697 3335 940 3408 εἰρηκέναι
963 3335 1080 3407 περί
1121 3334 1294 3386 αὐτοῦ’
1322 3334 1353 3390 ἠ
1377 3330 1432 3386 δέ
1470 3333 1705 3391 έπιστολή
1731 3335 1762 3390 ἡ
1787 3334 1972 3391 πεπλη-

413 3427 618 3496 ρωμένη
639 3433 735 3479 τῶν
762 3425 1026 3495 εἰρημένων
1053 3423 1404 3493 βλασφημιῶν,
1434 3423 1505 3495 ἆρ’
1527 3419 1605 3484 αἷς
1631 3431 1977 3500 κατηγορεῖται

431 3512 590 3576 ἰϐας,
619 3515 804 3574 πολλὰς
833 3515 958 3568 κατά
996 3520 1082 3566 τοῦ
1109 3514 1157 3566 έν
1191 3512 1350 3584 ἁγίοις
1390 3514 1621 3587 ιυρίλλου
1661 3515 1976 3584 περιέχουσα

417 3603 683 3675 παρίστησ-
702 3623 759 3665 ν,
790 3599 870 3656 ὅτι
899 3603 1026 3671 μετά
1049 3606 1138 3660 τὴν
1172 3603 1344 3656 ἕνωσιν
1371 3605 1458 3660 τὸν
1492 3603 1617 3675 πρὸς
1643 3603 1764 3660 τοὺς
1797 3602 1972 3655 ἀνατο-

422 3692 586 3751 λικοὺς
604 3693 818 3764 γίγονεν,
843 3693 891 3754 ίξ
912 3688 972 3744 οὗ
995 3690 1244 3746 δείκνυται
1264 3691 1404 3751 ἰϐας
1423 3692 1832 3765 daemonium“
1852 3691 1972 3744 ταύ-

422 3804 530 3840 την.
559 3782 700 3838 Ὀθεν
729 3785 773 3837 οἱ
803 3784 1213 3852 μνημονευθέντες
1249 3785 1452 3844 ῡῶτιος.
1480 3784 1559 3836 καί
1585 3782 1860 3840 eaeeae»;
1887 3778 1971 3834 ὂιά

419 3879 512 3935 τὴν
530 3881 628 3930 τῶν
648 3875 980 3946 ἐγκαλούντων
999 3873 1333 3947 πληροφορίαν
1355 3873 1609 3945 ἐγγράφως
1630 3869 1968 3935 διετύπωσαν,

420 3968 508 4023 τὸν
529 3966 773 4038 εἰρημένον
789 3962 930 4017 ἰϐαν
953 3967 1118 4019 πάντα
1138 3967 1201 4018 τά
1219 3965 1411 4018 έναντία
1427 3970 1488 4036 τῇ
1509 3961 1740 4034 έπιστολῇ
1759 3963 1968 4034 πρᾶξαι,

422 4058 583 4116 καθώς
608 4059 638 4114 ἠ
666 4059 784 4131 περί
807 4060 990 4111 τούτου
1021 4055 1220 4111 δοθεῖσα
1245 4056 1364 4131 παρ’
1396 4058 1558 4110 αὐτῶν
1585 4055 1828 4126 ἐπίκρισις
1855 4053 1976 4108 δείκ-

416 4165 592 4202 νυσιν.
614 4146 758 4199 Ἀλλά
777 4151 844 4214 μὴ
870 4147 1141 4219 πληρώσας
1161 4143 1300 4201 ἰϐας
1325 4146 1392 4199 τά
1420 4143 1540 4214 παρ’
1567 4143 1760 4194 ἐκείνων
1791 4143 1976 4215 ίπικρι-

411 4241 567 4291 θεντα
591 4236 810 4298 ἐξεϐλήθη
835 4243 926 4294 τῆς
970 4236 1247 4294 ἐπισκοπῆς
1286 4232 1368 4288 διὰ
1401 4234 1491 4292 τάς
1530 4231 1844 4304 βλασφημίας
1885 4238 1975 4288 τῆς

417 4323 678 4398 εἰρημένης
704 4324 984 4382 ίπιστολῆς.
1009 4325 1093 4376 καί
1111 4323 1282 4381 Nom:
1305 4323 1410 4376 ἀπ’
1432 4323 1582 4374 αὐτοῦ
1606 4319 1971 4391 ἐχειροτονήθη,

427 4411 481 4473 ὃς
522 4417 602 4467 καί
642 4414 972 4471 συνεκαθέσθη
993 4421 1054 4488 τῇ
1081 4414 1202 4487 ἁγίᾳ
1231 4415 1280 4466 έν
1308 4413 1576 4470 Χαλκηδόνι
1613 4411 1824 4482 συνόδῳ.
1857 4413 1972 4482 Περὶ
1998 4427 2050 4488 D

425 4511 523 4559 τῶν
549 4506 706 4560 αὐτῶν
729 4508 894 4558 τοίνυν
921 4508 1006 4558 καί
1031 4506 1080 4558 έν
1107 4503 1372 4560 Χαλκηδόνι
1410 4505 1760 4574 κατηγορηθεὶς
1798 4501 1824 4556 ὁ
1849 4523 1971 4571 μνη·

417 4597 674 4660 μονενσείς
700 4591 840 4654 Ἰϐας
865 4597 992 4663 μετά
1013 4601 1101 4653 τὴν
1121 4596 1396 4665 ἀνάγνωσιν
1416 4602 1506 4652 τῆς
1532 4594 1748 4652 ἀσεϐοῦς
1775 4591 1973 4648 έπιστο-

426 4689 517 4742 ὶῆς
541 4684 627 4735 ούκ
650 4681 884 4750 ἐτόλμησε
907 4685 1097 4740 ταύτην
1117 4684 1480 4744 οἰκειώσασθαι,
1504 4680 1603 4737 ἀλλ’
1629 4684 1774 4743 εὐθὺς
1797 4685 1971 4758 αὐταῖς

413 4777 441 4828 λ
455 4773 612 4836 ίεεσιν
633 4774 891 4843 ἐπήγαγεν,
914 4772 989 4828 ὅτι
1015 4773 1264 4845 ἀλλότριὸς
1290 4777 1392 4843 είμι
1411 4780 1506 4826 τῶν
1532 4775 1844 4844 ἐπαγομένων
1863 4796 1970 4844 μοι.

423 4855 564 4914 ’Ὅθεν
591 4863 622 4919 ἦ
647 4862 766 4930 έιγία
791 4860 1012 4923 σύνοδος,
1045 4867 1112 4932 μη
1140 4863 1438 4934 ἀρκεσθεῖσα
1459 4869 1520 4933 τῇ
1543 4863 1747 4933 ἀρνήσει
1773 4859 1889 4916 Ἰϐα
1913 4869 1974 4936 τῇ

428 4948 512 5008 In!
537 4958 597 5020 τῇ
627 4950 800 5003 ἀσεϐεῖ
823 4951 1056 5026 έπιστιδλῇ
1080 4953 1364 5009 mnam»
1387 4952 1538 5006 αὐτὸν
1562 4952 1796 5006 τάναντά
1813 4960 1971 5027 ταύτῃ

427 5039 642 5114 πρᾶξαι,
670 5042 904 5094 τουτέστι
928 5046 1016 5098 τὴν
1054 5043 1104 5093 ίν
1285 5041 1608 5108 ἀθετουμένην
1633 5043 1802 5095 πίστιν
1827 5042 1970 5114 ὀρθήν

427 5127 756 5198 ὁμολογῆσαι,
793 5134 876 5181 καί
912 5135 1003 5185 τήν
1043 5129 1188 5197 ἁγίαν
1227 5131 1276 5182 έν
1312 5133 1490 5202 Ἐφέσῳ
1524 5133 1726 5203 πρώτην
1762 5131 1971 5186 σύνοδον

425 5213 674 5278 δέξασθαι.
705 5219 789 5268 καί
812 5219 896 5271 τὸν
921 5218 968 5269 έν
990 5217 1147 5286 ἁγίοις
1174 5219 1399 5292 ιύριλλον
1418 5223 1614 5293 πατέρα
1635 5211 1718 5274 οἶαί
1739 5219 1972 5276 διδάσκα-

424 5304 502 5357 λον
527 5303 915 5378 ἐπιγράψασθαι,
941 5306 1003 5359 τά
1025 5306 1072 5356 έν
1097 5313 1158 5378 τῇ
1185 5307 1363 5361 ἀσεϐεῖ
1388 5309 1624 5384 ἐπιστολῇ
1650 5310 1963 5382 ὑϐριζόμενα·

423 5397 508 5461 καί
530 5394 801 5468 Νεστὸριον
824 5397 908 5448 καί
935 5396 991 5449 τὸ
1019 5394 1193 5454 ἀσεϐὲς
1226 5397 1377 5450 αὐτοῦ
1402 5395 1560 5468 δόγμα
1586 5399 1964 5470 ἀναθεματίσαι.

417 5480 578 5559 ’Δπερ
619 5485 648 5540 1':
675 5486 861 5560 ἀσεεῄς
881 5483 1117 5542 ἐπιστολὴ
1154 5486 1344 5538 ἐπαινεῖ
1365 5488 1452 5540 καί
1489 5485 1676 5541 ίκδικεῖ.
1717 5491 1772 5541 Εἰ
1805 5490 1967 5542 τοίνυν

422 5579 504 5630 καί
522 5574 664 5632 κᾶτός
692 5569 832 5632 Ἰοας
863 5570 1108 5645 διαθόρως
1136 5575 1478 5646 κατηγορηθείς
1499 5578 1721 5646 περὶτῆς
1749 5576 1968 5637 ἀσεϐοῦς

415 5663 704 5727 ἐπιστολῆς,
736 5665 821 5717 οὐκ
858 5663 1123 5735 έτὸλμησεν
1147 5665 1294 5722 αὐτὴν
1331 5666 1710 5728 οἰκειώσασθαι,
1743 5669 1860 5723 ἀ)λά
1889 5673 1967 5723 καί

2073 3233 2235 3279 tatem
2263 3222 2627 3288 Orientalium,
2673 3240 2790 3293 qua:
2831 3225 2895 3279 ad
2923 3232 3122 3280 sancte
3166 3225 3435 3278 memoriae
3460 3222 3628 3294 Cyril-

2072 3311 2178 3366 lum
2199 3311 2336 3366 facta
2360 3321 2462 3380 est,
2484 3312 2612 3366 nihil
2632 3312 2942 3381 injuriosum
2964 3311 3031 3366 de
3055 3327 3121 3368 eo
3143 3310 3360 3366 dixisse.
3389 3311 3625 3380 Epistula

2073 3410 2247 3455 autem
2275 3401 2430 3471 plena
2458 3400 2724 3471 praedictis
2748 3401 3109 3470 blasphemiis,
3137 3417 3238 3470 pro
3260 3401 3450 3470 quibus
3471 3415 3623 3456 accu-

2073 3496 2287 3550 sabatur
2311 3496 2449 3564 lhas,
2475 3497 2668 3552 multas
2689 3507 2872 3552 contra
2894 3497 2951 3553 S.
2981 3497 3239 3568 Cyrillum
3260 3497 3481 3565 injurias
3504 3509 3625 3548 cono

2074 3585 2266 3649 tinens,
2297 3583 2435 3639 facta
2464 3601 2580 3641 esse
2607 3587 2902 3642 ostenditur
2929 3595 3050 3657 post
3077 3587 3333 3640 unitatem
3360 3583 3426 3638 ad
3445 3584 3622 3637 Orien-

2075 3673 2207 3727 tales
2257 3674 2466 3739 factam,
2508 3690 2576 3729 ex
2602 3689 2710 3742 quo
2747 3676 3142 3730 demonstratur
3168 3674 3286 3729 [bas
3313 3689 3432 3728 eam
3460 3674 3621 3726 abne-

2071 3776 2242 3831 gasse.
2275 3762 2424 3818 Unde
2451 3766 2682 3834 praedicti
2711 3765 2930 3821 Photius
2971 3775 3028 3821 et
3054 3765 3360 3820 Eustathius
3409 3761 3616 3818 satisfa-

2072 3849 2277 3906 cientes
2304 3854 2701 3909 accusatorihus
2747 3855 2798 3908 in
2847 3855 3056 3923 scriptis
3097 3854 3434 3915 dehnierunt,
3484 3865 3615 3920 prte—

2073 3939 2270 3994 dictum
2325 3941 2467 3996 Ibam
2519 3944 2697 3998 omnia
2747 3945 3013 3998 contraria
3059 3945 3299 4014 epistola:
3341 3955 3612 4012 peragere,

2073 4029 2210 4085 sicut
2231 4030 2484 4098 judicium
2508 4033 2574 4087 ab
2615 4034 2692 4088 eis
2717 4032 2786 4088 de
2827 4034 2930 4089 hoc
2971 4034 3150 4088 datum
3195 4033 3470 4100 signiﬁcat.
3516 4029 3619 4086 Sed

2073 4135 2192 4175 cum
2221 4121 2338 4176 lbas
2361 4137 2465 4177 non
2503 4123 2844 4194 adimplesset
2871 4140 2932 4179 ea
2957 4140 3074 4195 qua:
3119 4124 3194 4178 illi
3225 4121 3613 4190 judicaverunt,

2075 4208 2274 4277 ejectus
2337 4221 2419 4265 est
2477 4213 2544 4266 ab
2614 4213 2926 4282 episcopatu
2990 4223 3210 4284 propter
3267 4207 3619 4280 blasphemiae

2075 4297 2339 4366 prmdicta:
2382 4297 2651 4368 epistolae,
2707 4309 2763 4354 et
2800 4301 3016 4356 Nonnus
3062 4316 3160 4370 pro
3211 4300 3304 4354 illo
3349 4299 3618 4354 ordinatus

2077 4393 2160 4438 est
2185 4423 2200 4448 ,
2267 4385 2355 4454 qui
2422 4395 2477 4440 et
2537 4389 2774 4444 consedit
2837 4390 2888 4443 in
2953 4399 3138 4445 sancto
3204 4385 3618 4444 Chalcedonensi

2072 4484 2315 4539 concilio.
2400 4485 2474 4539 De
2549 4485 2748 4541 eisdem
2817 4487 2974 4554 igitur
3049 4488 3209 4542 etiam
3281 4483 3619 4538 Chalcedone

2073 4590 2349 4637 accusatus
2405 4591 2729 4637 memoratus
2780 4582 2899 4638 [bas
2922 4623 2938 4649 ,
3004 4591 3128 4653 post
3177 4582 3464 4637 lectionem
3517 4579 3613 4633 im-

2074 4679 2174 4749 pia:
2217 4679 2455 4749 epistolae
2481 4695 2587 4734 non
2609 4687 2692 4734 est
2718 4695 2876 4735 ausus
2901 4695 3021 4736 eam
3049 4695 3198 4735 suam
3217 4694 3336 4736 esse
3357 4677 3615 4743 conﬁteri,

2073 4767 2168 4822 sed
2195 4768 2368 4823 statim
2384 4768 2512 4838 ipsis
2531 4769 2706 4824 verbis
2735 4769 2929 4836 intulit,
2959 4769 3188 4823 alienum
3217 4782 3276 4822 se
3297 4782 3416 4822 esse
3435 4779 3618 4823 eorum

2075 4869 2192 4924 qua)
2219 4857 2268 4910 ei
2297 4856 2672 4911 inferebantur.
2726 4855 2875 4912 Unde
2900 4867 3079 4912 sancta
3105 4857 3368 4929 synodus,
3414 4871 3535 4912 cum
3572 4855 3620 4911 ei

2075 4958 2182 4997 non
2207 4943 2474 4999 sul‘liceret
2492 4945 2769 5012 abnegatio
2795 4944 2924 5011 Ihm,
2955 4960 3072 5014 qua:
3099 4946 3235 5001 facta
3261 4953 3341 5000 est
3376 4945 3444 5000 de
3464 4945 3621 5013 impia

2075 5032 2294 5101 epistola
2313 5071 2330 5096 ,
2369 5033 2624 5102 compulit
2646 5049 2769 5088 eum
2790 5036 3058 5089 contraria
3080 5034 3128 5089 ei
3157 5047 3434 5104 peragere,
3465 5033 3516 5088 id
3542 5040 3622 5088 est

2073 5123 2408 5190 reprobatam
2437 5123 2490 5176 in
2519 5137 2581 5176 ea
2603 5132 2804 5179 rectam
2828 5123 2981 5178 [idem
3013 5124 3253 5179 conﬁteri
3270 5165 3286 5191 ,
3325 5132 3381 5178 et
3406 5122 3622 5193 Ephesi-

2073 5226 2194 5267 nam
2210 5213 2431 5282 primam
2452 5223 2690 5268 sanctam
2705 5213 2966 5284 synodum
2981 5215 3272 5282 suscipere,
3300 5221 3355 5270 et
3384 5221 3623 5270 sanctqu

2072 5301 2323 5372 Cyrillum
2339 5300 2545 5357 Patrem
2571 5311 2627 5358 et
2644 5302 2916 5358 doctorem
2938 5304 3202 5358 ascribere
3211 5317 3350 5373 quae,
3361 5303 3413 5357 in
3433 5301 3623 5357 cnam

2071 5397 2230 5466 impia
2253 5399 2476 5467 epistola
2515 5398 2858 5467 injuriantur,
2893 5407 2950 5452 et
2976 5397 3274 5452 Nestorium
3297 5397 3622 5466 impiumque

2070 5485 2118 5554 ej
2127 5502 2184 5540 ns
2203 5486 2392 5556 dogma
2420 5489 2883 5554 anathematizare,
2905 5503 3022 5558 qum
3045 5496 3098 5542 et
3118 5487 3276 5558 impia
3289 5486 3515 5556 epismla
3529 5486 3620 5541 de-

2071 5577 2237 5632 fendit
2249 5587 2304 5631 et
2318 5577 2600 5633 collaudat.
2613 5577 2670 5633 Si
2688 5579 2843 5648 igitur
2854 5589 2908 5632 et
2919 5580 3034 5649 ipse
3046 5579 3164 5633 lbas
3177 5589 3395 5648 promer
3410 5577 3623 5646 impiam

2072 5668 2347 5739 epistolam
2370 5668 2558 5738 srpius
2588 5676 2882 5734 accusatus,
2915 5683 3019 5724 non
3042 5675 3122 5724 est
3151 5684 3308 5723 ausus
3336 5681 3454 5722 eam
3476 5682 3623 5723 suam
