3994 6140
411 269 544 342 1021

1543 294 1954 360 CONFESSIO
1994 288 2256 351 RECTE
2293 285 2527 347 FIDEI.

3478 266 3495 330 l
3507 269 3614 332 0'23

411 395 442 452 ti
478 387 600 462 ἆγία
623 395 670 446 ἓν
706 393 970 452 Χαλκηδόνι
997 393 1208 455 σύνοδος
1233 395 1398 450 πάντα
1436 395 1500 449 τά
1537 395 1730 446 ἐναντία
1775 392 1963 448 ταύτης

2070 385 2269 452 dicere,
2300 385 2393 442 sed
2420 387 2579 442 etiam
2608 384 3040 445 Chalcedonense
3067 399 3307 446 sanctum
3333 393 3617 452 concilium

407 483 778 554 παρεσκεύασεν
799 485 946 538 αὐτ-ἲν
968 486 1173 557 πρᾶξαι,
1197 491 1304 542 πῶς
1328 478 1469 553 εἶχεν
1490 484 1520 541 ἦ
1542 483 1666 539 αὖτή
1687 481 1806 553 ἀγία
1833 482 1960 535 σύν·

408 566 520 630 οδος
547 577 636 629 τήν
663 573 916 644 εἰρημένην
940 574 1202 631 επιστολὴν
1247 571 1482 636 δέξασθαι
1501 613 1514 636 ,
1556 572 1730 642 καὶτῷ
1757 573 1958 643 κρίματι

406 667 496 720 τῆς
521 663 882 730 περιεχομένης
905 663 1030 734 αύτῇ
1055 662 1290 720 ἀσεϐείας
1323 661 1615 719 ὑποπεσεῖν.
1641 657 1720 730 ἀφ’
1741 656 1800 717 ἧς
1819 655 1959 713 ἰεἀν

399 746 733 820 ἕλενθερῶσαι
752 747 1096 809 ἑσπούδασενς
1123 747 1292 806 ἔπειδὴ
1313 747 1365 802 δὲ
1386 749 1561 807 πάσας
1580 746 1960 820 ὑπερϐαίνοντες

402 839 496 896 τὰς
517 841 886 914 περιεχομένας
911 848 974 914 τῇ
1002 841 1240 914 επιστολῇ
1267 839 1585 913 βλασφημίας
1611 839 1656 891 ei
1685 839 1956 912 αἴρετικοί,

403 931 551 978 τοῦτο
588 925 730 994 μόνον
758 928 808 990 ἐξ
849 929 1005 988 αὐτῆς
1038 929 1345 1002 προφέρουσι
1371 930 1429 982 τὸ
1465 927 1590 1001 πρὸς
1629 927 1824 984 ἀπάτην
1865 932 1962 980 τῶν

404 1011 760 1088 ἁπλουστέρων
783 1015 922 1088 παρά
944 1023 1034 1070 τοῦ
1062 1022 1151 1075 τήν
1173 1017 1434 1075 ίπιστολῄν
1457 1015 1744 1090 γράψαντος
1766 1016 1961 1088 εἶρηῴ·

401 1121 512 1162 νον,
552 1104 788 1159 τουτέστι
816 1102 906 1157 δύο
944 1107 1136 1176 φύσεις,
1167 1107 1288 1174 μίαν
1315 1103 1553 1174 δύναμιν,
1581 1102 1630 1158 ἓν
1673 1105 1961 1176 πρόσωπον,

403 1188 726 1262 ἀποδείξομεν
764 1194 932 1256 αύτίν,
959 1197 1042 1246 καί
1077 1195 1126 1246 ἓν
1152 1195 1316 1261 τούτῳ
1345 1197 1432 1250 τήν
1459 1191 1583 1246 ἰδίαν
1612 1191 1842 1246 ἀσέϐειαν
1864 1213 1962 1246 πα-

401 1289 729 1357 ραμιγνῦντα.
753 1286 893 1345 Τίνος
915 1286 1010 1360 γὰρ
1040 1279 1099 1339 ἀν
1131 1285 1262 1356 λέγοι
1289 1281 1379 1339 δύο
1403 1281 1596 1354 φύσεις,
1619 1286 1700 1338 καί
1728 1282 1778 1337 ἓν
1811 1283 1964 1360 πρὸσ-

402 1392 538 1426 ωπον
565 1370 591 1426 ὃ
618 1373 987 1448 ἀπαρνούμενος
1026 1377 1110 1430 τόν
1146 1375 1266 1429 Θεὸν
1286 1373 1425 1444 λόγον
1464 1375 1777 1448 σαρκωθῆναι
1802 1375 1852 1426 ἐκ
1873 1381 1964 1432 τῆς

402 1459 549 1531 ἀγίας
571 1459 765 1525 ίνδόξου
790 1462 1012 1518 θεοτὸκου
1035 1467 1121 1517 καί
1147 1463 1475 1538 ἀειπαρθίνου
1498 1465 1712 1534 Μαρίας,
1741 1464 1824 1514 καί
1841 1482 1966 1530 τεχ-

401 1549 537 1606 θῆναι
569 1549 622 1612 ἕξ
663 1553 844 1613 critic;
892 1551 1014 1606 ἄλλά
1055 1549 1298 1628 πρόδηλον
1345 1555 1413 1612 ὡς
1443 1551 1626 1624 ίκάστῃ
1666 1553 1814 1624 φύσει
1837 1549 1964 1608 ἴδιον

399 1640 676 1709 πρίσωπον
717 1641 986 1710 ἀπονέμει,
1019 1642 1180 1702 καθώς
1214 1639 1468 1717 Θεόδωρος
1503 1645 1586 1695 καί
1619 1641 1887 1716 Νεστόριος
1915 1637 1966 1696 ίν

399 1733 508 1786 τοῖς
535 1724 678 1788 ἰδίοις
697 1725 856 1800 λόγοις
874 1729 1278 1802 βλασφημοῦντες
1309 1728 1539 1795 ἐξέθεντο,
1567 1729 1654 1791 οῦς
1680 1733 1760 1784 καί
1783 1728 1966 1784 ίκδικεῖ

399 1814 428 1870 ὃ
453 1814 657 1890 γράψας
680 1821 770 1875 τήν
795 1819 1060 1878 ἐπιστολὴν
1084 1821 1212 1891 μιτά
1238 1828 1328 1880 τῆς
1354 1821 1515 1874 αὐτῶν
1545 1820 1803 1878 ἀσεϐείας.
1826 1815 1968 1872 ’Βνεῖ-

399 1923 474 1960 νει
501 1907 600 1976 γάρ
625 1913 844 1980 φανερῶς
880 1908 1083 1979 λέγουσι
1119 1907 1208 1964 δύο
1235 1911 1487 1983 πρόσωπα
1521 1917 1611 1966 τοῦ
1636 1919 1762 1964 Θεοῦ
1789 1909 1962 1980 λόγου,

400 1998 484 2048 καὶ
519 2000 612 2048 τοῦ
641 2001 882 2069 Χριστοῦ,
914 1995 968 2052 ίν
1007 1997 1146 2068 ψιλὸν
1183 1995 1440 2072 ἄνθρωπον
1469 1999 1801 2054 ἀποκαλοῦσι.
1832 1999 1966 2054 ιατὰ

401 2102 538 2154 σχετ
558 2089 646 2143 κήν
674 2082 725 2139 δὲ
747 2087 1029 2158 συνάφειαν,
1053 2091 1138 2142 καί
1159 2093 1248 2147 τήν
1273 2092 1428 2148 αὐτὴν
1453 2091 1592 2152 ἀξίαν
1614 2108 1669 2144 τε
1708 2090 1788 2143 καί
1817 2093 1964 2154 τιμήν

400 2173 451 2227 εν
485 2175 760 2248 πρόσωπον
785 2177 1131 2248 ἀναφαίνεσθαι
1156 2179 1404 2250 λέγουσιν.
1435 2181 1574 2235 una
1613 2183 1692 2234 καί
1733 2187 1832 2235 τῶν
1871 2178 1962 2236 δύο

401 2264 593 2336 φύσεων
619 2267 736 2336 μίαν
763 2265 996 2336 δύναμιν,
1042 2268 1156 2326 ἦτοι
1193 2267 1491 2324 δυναστείαν
1525 2271 1676 2342 λέγων
1713 2271 1966 2346 ὁγράψας

399 2356 490 2411 τήν
512 2353 776 2412 ίπιστολὴν
801 2356 1002 2432 φανερός
1029 2357 1184 2420 ἔστιν,
1215 2360 1278 2417 ὡς
1321 2363 1404 2412 καί
1429 2361 1478 2412 ίν
1504 2358 1668 2430 τούτῳ
1711 2361 1972 2416 ἀκολουθεῖ

399 2449 514 2501 τοῖς
541 2445 812 2518 ε’ρημένοις
841 2446 1136 2519 αἱρετικοῖς,
1179 2446 1422 2522 Θεοδώρῳ
1459 2452 1550 2520 μέν
1573 2450 1762 2522 λέγοντι
1787 2451 1836 2503 iv
1860 2457 1967 2511 τοῖς

401 2535 520 2606 περί
561 2534 972 2607 ἐνανθρωπήσεως
1001 2539 1156 2592 αὐτοῦ
1195 2535 1444 2614 διαφόροις
1471 2539 1635 2612 λόγοις
1661 2541 1862 2602 ἀσεϐῶς
1891 2542 1968 2594 ἐκ·

401 2624 612 2686 τεθεῖσι,
642 2629 894 2701 Νεστορίῳ
919 2625 972 2680 δὲ
999 2629 1046 2680 ίν
1071 2629 1273 2688 πολλοῖς
1301 2630 1671 2704 συγγράμμασι
1688 2671 1704 2694 ,
1743 2632 1966 2702 μάλιστα

403 2711 456 2768 δὲ
477 2716 527 2768 ίν
631 2717 862 2792 ἐπιστολῇ
883 2727 944 2793 τῇ
968 2723 1209 2792 γραφείσῃ
1231 2725 1358 2795 πρὸς
1379 2721 1692 2800 Ἀλέξανδρον
1711 2726 1796 2778 τὸν
1822 2726 1964 2798 αἱρε-

401 2807 539 2860 τικὸν
563 2801 920 2879 Ἰεραπολίτην,
954 2807 1032 2862 ὅτι
1073 2816 1173 2864 τῶν
1213 2807 1304 2864 δύο
1346 2813 1540 2882 φύσεων
1578 2816 1670 2883 μία
1700 2814 1836 2866 ίστίν
1873 2815 1966 2866 αύ-

402 2896 588 2962 ὕεντία,
613 2901 694 2950 καί
716 2901 808 2965 μία
830 2896 1058 2969 δύναμις.
1081 2901 1189 2958 ἦτοι
1207 2898 1477 2954 δυναστεία
1522 2906 1604 2955 καί
1625 2901 1675 2955 ἓν
1693 2903 1966 2978 πρόσωπον

401 2985 528 3038 πατά
552 2987 670 3054 μίαν
695 2987 866 3050 ἀξίαν,
897 2989 984 3040 καί
1007 2993 1094 3046 τήν
1131 2990 1283 3047 αὐτὴν
1311 2998 1478 3060 τιμήν.
1507 2987 1606 3062 ’Διΐ
1635 2988 1698 3044 ὧν
1735 2989 1967 3046 ἀποδείκ-

2065 475 2240 528 omnia
2256 475 2305 528 ei
2327 476 2590 530 contraria
2605 477 2860 546 compulit
2887 493 3007 533 eum
3028 493 3283 548 peragere
3308 498 3321 534 :
3349 483 3620 550 quomodo

2063 561 2248 616 eadem
2276 571 2458 618 sancta
2493 565 2726 634 synodus
2753 577 3100 622 memoratam
3129 570 3407 639 epistolam
3449 573 3620 627 susci-

2064 662 2236 720 peret,
2267 659 2320 705 et
2343 653 2773 709 condemnationi
2813 657 3103 724 impietatis
3127 673 3244 727 qua:
3274 660 3325 712 in
3355 674 3419 714 ea
3445 661 3619 715 conti-

2061 750 2236 807 netur,
2259 757 2379 798 sese
2398 742 2700 810 subjiceret,
2719 759 2749 797 a
2769 759 2872 812 qua
2894 745 3038 798 ibam
3069 747 3294 803 liberare
3321 749 3620 804 festinarztl

2065 827 2324 896 Quoniam
2350 839 2526 884 autem
2549 845 2735 886 omnes
2760 833 3117 902 blasphemias
3145 837 3382 904 epistola:
3411 851 3613 907 praeter

2065 927 2336 974 mittentes
2349 919 2600 985 haeretici,
2617 920 2720 976 hoc
2739 923 2908 975 solum
2931 939 2996 977 ex
3021 925 3130 992 ipsa
3161 925 3454 994 proferunt,
3479 926 3621 993 quod

2065 1007 2134 1060 ad
2171 1007 2512 1076 decipiendos
2539 1009 2890 1078 simpliciores
2919 1015 3148 1080 scriptor
3188 1015 3424 1082 epistolae
3465 1015 3621 1084 dixit,

2065 1097 2170 1152 hoc
2194 1105 2294 1160 est,
2326 1096 2458 1151 duas
2486 1108 2719 1160 naturas,
2755 1113 2914 1152 unam
2941 1100 3218 1167 virtutem,
3249 1119 3406 1156 unam
3434 1119 3622 1172 perso-

2067 1199 2218 1248 nam;
2247 1182 2732 1240 demonstrabimus
2758 1186 2902 1254 quod
2931 1187 3044 1256 ipse
3072 1189 3232 1242 etiam
3260 1190 3312 1243 in
3341 1191 3444 1246 hoc
3471 1207 3623 1248 suam

2067 1273 2400 1328 commiscuit
2420 1275 2764 1344 impietatem.
2793 1274 2955 1344 Cujus
2985 1277 3124 1331 enim
3149 1279 3348 1332 diceret
3375 1280 3508 1334 duas
3527 1295 3624 1334 na-

2067 1371 2214 1418 turas
2235 1374 2290 1418 et
2307 1380 2467 1419 unam
2495 1379 2802 1434 personam,
2831 1365 2920 1435 qui
2943 1363 3174 1435 abnegat
3201 1367 3363 1421 Deum
3391 1362 3626 1424 Verbum

2065 1455 2396 1510 lncarnatum
2423 1455 2490 1512 de
2531 1467 2715 1512 sancta
2754 1467 2809 1513 et
2843 1459 3072 1528 gloriosa
3119 1460 3214 1514 Dei
3259 1459 3526 1516 Genitriee
3569 1471 3626 1517 et

2065 1557 2278 1614 semper
2305 1543 2508 1614 virgine
2545 1545 2736 1610 Maria,
2768 1555 2823 1600 et
2851 1556 3032 1601 natum
3069 1563 3188 1602 esse
3213 1562 3279 1602 ex
3316 1549 3470 1617 ipsa?
3519 1540 3627 1604 Sed

2066 1640 2266 1686 certum
2294 1639 2404 1700 est,
2431 1631 2574 1702 quod
2599 1633 2883 1701 unicuique
2911 1642 3113 1688 natura:
3151 1649 3298 1690 suam
3343 1649 3626 1704 personam

2067 1719 2332 1786 attribuit,
2364 1721 2502 1776 sicut
2539 1719 2853 1777 Theodorus
2881 1732 2936 1776 et
2961 1720 3236 1777 Nestorius
3265 1725 3317 1777 in
3345 1723 3452 1778 suis
3479 1723 3626 1779 libris

1999 1775 2042 1835 Β
2066 1809 2499 1880 blasphemantes
2526 1822 2921 1882 exposuerunt,
2973 1828 3106 1882 quos
3135 1813 3370 1869 defendit
3397 1816 3626 1884 scriptor

2065 1899 2304 1968 epistola:
2339 1914 2460 1954 cum
2490 1915 2675 1955 eorum
2715 1901 3010 1970 impietate.
3057 1900 3134 1954 llli
3165 1902 3306 1956 enim
3335 1913 3519 1970 aperte
3545 1903 3624 1956 di-

2063 2002 2246 2050 centes
2264 1995 2397 2050 duas
2424 2009 2682 2066 personas
2711 1995 2805 2051 Dei
2829 1995 2989 2050 Verbi
3019 2005 3074 2050 et
3103 1996 3321 2064 Christi,
3349 2012 3508 2067 quem
3529 2015 3630 2070 pu-

2061 2095 2180 2138 rum
2196 2083 2467 2139 hominem
2485 2093 2703 2147 vocant,
2715 2100 2812 2154 per
2828 2083 3162 2141 affectualem
3177 2087 3625 2156 conjunctionem,

2062 2183 2119 2228 et
2162 2187 2264 2242 per
2300 2172 2541 2228 eamdem
2576 2173 2894 2242 dignitatem
2918 2183 2972 2228 et
3014 2175 3272 2230 honorem
3316 2191 3474 2230 unam
3501 2193 3626 2246 per-

2063 2273 2250 2316 sonam
2276 2273 2534 2331 apparere
2559 2261 2778 2329 dicunt;
2823 2263 2918 2318 sed
2955 2269 3009 2318 et
3049 2265 3276 2319 duarum
3321 2274 3629 2320 naturarum

2065 2361 2224 2405 unam
2243 2351 2495 2405 virtutem
2521 2353 2632 2406 sive
2655 2355 2950 2422 potentiam
2970 2353 3153 2408 dicens
3179 2356 3408 2423 scriptor
3428 2355 3631 2424 episto-

2063 2435 2154 2506 lae,
2182 2436 2494 2493 manifestus
2521 2447 2602 2494 est
2619 2440 2764 2509 quod
2790 2449 2847 2496 et
2866 2443 2920 2495 in
2947 2442 3049 2496 hoc
3075 2452 3397 2497 memoratos
3418 2444 3632 2498 haereti-

2065 2545 2158 2588 cos
2177 2533 2444 2602 sequitur,
2477 2533 2814 2589 Theodorum
2843 2535 3054 2602 quidem
3084 2535 3348 2589 dicentem
3372 2536 3424 2589 in
3454 2537 3633 2590 diver-

2065 2623 2140 2677 sis
2157 2621 2308 2677 libris
2333 2622 2401 2678 de
2428 2623 2797 2678 incarnatione
2825 2623 2987 2692 impie
3013 2624 3287 2694 expositis,
3319 2623 3622 2680 NeStorium

2063 2717 2241 2766 autem
2270 2712 2323 2765 in
2352 2711 2534 2766 multis
2561 2713 2775 2779 quidem
2802 2712 3043 2781 scriptis,
3073 2721 3129 2768 et
3170 2713 3402 2767 maxime
3427 2715 3482 2767 in
3508 2713 3626 2783 epi-

2063 2799 2202 2854 stola
2227 2799 2428 2870 scripta
2473 2799 2539 2854 ad
2566 2799 2926 2854 Alexandrum
2956 2799 3413 2871 Hierapolitanum
3461 2803 3634 2858 luere-

2065 2895 2260 2962 ticum,
2301 2895 2446 2966 quod
2471 2896 2695 2952 duarum
2719 2906 3030 2952 naturarum
3058 2913 3163 2952 una
3192 2907 3275 2954 est
3315 2901 3630 2966 auctoritas,

2065 2993 2122 3039 et
2148 3000 2254 3039 una
2283 2987 2470 3051 virtus,
2516 2987 2628 3040 sive
2654 2988 2916 3055 potentia,
2948 2996 3005 3041 et
3034 3002 3136 3040 una
3161 3002 3391 3057 persona
3419 2989 3636 3061 [secun-

399 3091 546 3126 νυται
578 3072 604 3126 ὁ
634 3081 724 3132 τήν
752 3075 1015 3132 επιστολὴν
1040 3076 1238 3146 γράψας
1264 3079 1395 3131 κατά
1420 3083 1510 3136 τήν
1551 3080 1744 3132 ἐκείνων
1767 3079 1968 3134 κακοδο-

2070 3073 2192 3129 dum
2217 3073 2397 3146 unam]
2421 3091 2516 3144 per
2533 3075 2848 3145 dignitatem
2871 3075 3222 3144 eumdemque
3241 3077 3499 3132 honorem
3525 3095 3539 3130 :
3565 3088 3638 3134 ex

401 3163 511 3226 ξίαν
537 3165 648 3216 ἀντὶ
672 3167 954 3238 προσώπων
979 3173 1039 3237 τῇ
1079 3173 1176 3233 τῷν
1197 3167 1392 3238 φύσεων
1418 3171 1732 3242 προσηγορίᾳ
1761 3171 1968 3243 χρησά-

405 3269 569 3318 μενος.
597 3256 706 3304 Μία
724 3253 822 3325 γὰρ
838 3253 1088 3315 αὺθεντία,
1111 3256 1196 3306 καί
1219 3255 1309 3322 μία
1324 3252 1534 3323 δύναμις
1550 3255 1658 3312 ἦτοι
1679 3256 1966 3321 ἃυιαστεία,

406 3343 488 3392 καί
511 3343 602 3406 μία
628 3341 763 3404 ἀξία,
793 3343 876 3393 καί
903 3341 933 3398 ἡ
954 3343 1082 3399 αύτή
1103 3347 1221 3410 τιμή
1263 3343 1352 3394 οὐκ
1379 3345 1462 3395 ίπί
1490 3341 1730 3417 διαφόρων
1753 3347 1963 3415 φύσεων,

407 3430 512 3485 ἀλλ’
537 3433 620 3485 ίπί
642 3430 886 3507 διαοόρων
924 3435 1212 3506 προσώπων
1238 3438 1321 3488 καί
1347 3442 1434 3493 τῆς
1462 3437 1617 3494 αὐτῆς
1639 3437 1810 3494 οὐσίας
1831 3437 1970 3508 λέγε-

406 3539 518 3581 ται,
539 3520 663 3595 ὅπερ
685 3524 767 3575 ίπί
793 3529 883 3581 τῆς
923 3521 1072 3594 ἁγίας
1097 3522 1297 3597 τριάδος
1332 3524 1682 3596 ὁμολογοῦμεν.
1715 3523 1854 3580 ~09w
1883 3532 1968 3580 καί

408 3611 453 3665 ei
474 3611 610 3685 ἅγιοι
623 3612 837 3686 πατέρες
859 3615 1218 3684 ἀνεθεμάτισαν
1237 3618 1354 3674 τούς
1384 3618 1494 3670 κατ’
1523 3619 1796 3684 αύῗεντίαν,
1821 3619 1848 3676 ἢ
1875 3617 1964 3672 δύ-

407 3719 574 3772 ναμιν,
601 3703 710 3760 ἦτοι
736 3703 1053 3769 δυναστείαν,
1079 3705 1109 3764 ἢ
1132 3707 1291 3769 ἀξίαν,
1318 3707 1346 3765 ἦ
1370 3708 1614 3776 ίοντιμίαν
1637 3709 1860 3778 λέγοντας
1883 3709 1967 3762 τὸν

407 3793 530 3847 θεὸν
544 3790 692 3866 λόγον
707 3800 780 3860 τῷ
793 3801 994 3868 Χριστῷ
1017 3797 1254 3859 ἡνῶσθαι,
1280 3794 1332 3850 ίν
1357 3797 1498 3868 ψιλν
1520 3795 1773 3873 ἄνθρωπον
1801 3799 1842 3850 οἶ
1868 3801 1967 3854 ἀπὸ

409 3881 668 3957 Θεοδώρου
703 3887 786 3937 καί
821 3889 1089 3960 Νεστορίου
1123 3888 1383 3950 καλοῦσιν,
1423 3887 1528 3941 ἀλλ’
1558 3891 1682 3956 οὺλὶ
1709 3889 1816 3940 καθ’
1841 3888 1967 3941 ύπό-

411 3990 596 4030 στασιν
617 3980 708 4034 τήν
725 3981 814 4030 τοῦ
839 3977 986 4048 λόγου
1023 3977 1150 4051 πρὸς
1169 3982 1258 4036 τήν
1285 3981 1445 4055 σάρκα
1467 3979 1800 4049 ίψυχωμίνην
1821 3979 1970 4054 ψυχῇ

601 4067 685 4119 καί
703 4070 846 4142 νοερᾷ
871 4086 962 4124 την
985 4066 1160 4122 ἕνωσιν
1181 4070 1473 4141 γεγενῆσθαι
1501 4069 1876 4142 ὁμολογοῦντας.

2069 3189 2176 3244 quo
2214 3175 2547 3240 ostenditur,
2594 3174 2688 3243 qui
2735 3175 2948 3242 scripsit
2989 3175 3297 3244 epistolam,
3345 3177 3636 3231 secundum

2071 3264 2280 3318 illorum
2310 3262 2586 3332 perﬁdiam
2615 3278 2712 3332 pro
2740 3265 2990 3333 personis
3019 3280 3144 3318 usus
3180 3265 3440 3320 vocabulo
3481 3275 3640 3322 natu-

2070 3368 2268 3406 rarum.
2303 3350 2418 3405 Una
2447 3353 2588 3406 enim
2618 3352 2940 3417 auitoritas,
2991 3360 3048 3406 et
3075 3368 3180 3406 una
3208 3354 3374 3406 virtus
3398 3354 3510 3407 sive
3537 3369 3639 3422 po-

2071 3441 2256 3504 tentia.
2287 3450 2341 3495 et
2369 3456 2471 3494 una
2493 3439 2722 3508 dignitas
2743 3451 2796 3494 et
2825 3441 2964 3494 idem
2991 3441 3187 3508 honor,
3211 3457 3318 3494 non
3339 3442 3394 3494 in
3415 3441 3638 3496 diversis

2072 3533 2297 3598 naturis,
2327 3531 2420 3586 sed
2452 3531 2504 3584 in
2533 3530 2754 3586 diversis
2775 3531 3020 3600 personis
3047 3531 3284 3599 ejusdem
3329 3532 3638 3586 substantia

2069 3622 2294 3688 dicitur,
2335 3621 2477 3688 quod
2515 3621 2568 3674 in
2607 3629 2794 3674 sancta
2835 3617 3093 3675 Trinitate
3121 3620 3456 3676 conﬁtemur.
3491 3621 3640 3677 Unde

2073 3721 2130 3765 et
2155 3713 2323 3765 sancti
2355 3709 2540 3764 Patres
2566 3711 3150 3765 anathematizaverunt
3187 3726 3282 3768 eos
3307 3713 3398 3782 qui
3427 3728 3524 3782 per
3544 3727 3642 3766 au-

2074 3805 2397 3866 etoritatcm,
2427 3813 2518 3856 aut
2546 3802 2813 3866 virtutem,
2845 3802 2956 3856 sive
2985 3803 3300 3872 potentiam,
3332 3811 3424 3857 aut
3465 3803 3640 3872 digni-

2077 3900 2261 3956 tatem,
2287 3899 2380 3945 aut
2407 3891 2764 3959 aequalitatem
2793 3891 3032 3956 honoris,
3079 3891 3262 3946 dicunt
3301 3891 3465 3946 Deum
3507 3891 3644 3947 Ver-

2075 3983 2200 4037 bum
2233 3984 2434 4036 unitum
2462 3996 2580 4036 esse
2622 3980 2880 4047 Lhristo;
2929 3995 3089 4050 quem
3135 3997 3322 4050 purum
3370 3981 3642 4036 hominem

2078 4069 2554 4127 vocautThcodori
2583 4069 2877 4124 ethstorii
2908 4085 3180 4137 sequaces,
3207 4071 3300 4124 sed
3325 4085 3428 4124 non
3457 4085 3644 4123 secun-

2082 4161 2205 4215 dum
2235 4163 2629 4216 subsistentiam
2661 4159 2756 4215 Dei
2796 4159 2956 4215 Verbi
2995 4159 3066 4214 ad'
3097 4175 3308 4214 carnem
3347 4161 3642 4214 animatam

414 4243 590 4298 anima
617 4245 866 4300 rationali
884 4254 939 4301 et
967 4247 1332 4312 intellectuali,
1352 4247 1608 4302 unitatem
1639 4249 1826 4302 factum
1851 4262 1968 4302 esse
2004 4249 2348 4305 conﬁtentur.

487 4339 584 4390 Καί
621 4338 754 4414 ἤρκει
790 4341 880 4406 μέν
907 4346 1070 4392 ταῦτα
1107 4343 1236 4414 πρὸς
1267 4360 1322 4394 τι
1360 4337 1598 4409 διελέγξαι
1626 4351 1714 4404 τήν
1738 4342 1970 4394 ἀσέϐειαν

2147 4339 2211 4394 Et
2235 4343 2348 4396 haec
2374 4339 2584 4409 quidem
2618 4339 2956 4395 sufﬁciebant
2983 4339 3049 4393 ad
3079 4337 3499 4392 convincendam
3544 4334 3646 4388 im-

414 4433 513 4479 τῶν
551 4426 870 4482 ίκδικούντων
910 4435 999 4486 τήν
1040 4431 1274 4502 μυσαράν
1315 4431 1494 4486 ἐκείνην
1529 4432 1807 4488 ἐπιστολήν.
1854 4435 1968 4489 Πλὴν

2077 4433 2329 4502 pietatem
2352 4447 2536 4486 eorum
2565 4433 2656 4500 qui
2683 4433 2994 4486 sceleratam
3027 4430 3306 4499 epistolam
3340 4428 3636 4481 vindicant:

415 4515 550 4587 ὅμως
597 4521 676 4570 καί
717 4519 845 4591 πρὸς
874 4525 945 4586 τῷ
983 4520 1108 4572 τίλει
1135 4527 1224 4578 τῆς
1263 4521 1419 4578 αὐτῆς
1450 4521 1710 4578 ἐπιστολῆς
1739 4519 1764 4572 ὁ
1790 4525 1976 4578 ταύτην

413 4608 618 4684 γράψας
639 4615 726 4667 τήν
757 4608 884 4663 ἰδίαν
909 4608 1130 4664 δείκνυσι
1172 4609 1462 4664 κακοδο.ίαν
1488 4611 1662 4682 λέγων,
1696 4611 1774 4665 ὅτι
1801 4609 1878 4666 δεῖ
1899 4633 1982 4666 πι-

419 4701 616 4753 στεύειν
637 4704 706 4758 εἷς
734 4703 816 4752 τὸν
839 4702 952 4753 ναὸν
978 4704 1062 4753 καί
1095 4704 1164 4761 εἰς
1183 4703 1268 4754 τὸν
1297 4702 1570 4756 ἐνοικοῦντα
1597 4703 1648 4755 ἓν
1676 4709 1746 4772 τῷ
1780 4711 1904 4774 νμῷ,
1927 4705 1978 4756 ἕν

411 4785 487 4848 οἷς
515 4798 734 4866 φανερῶς
755 4789 846 4845 δύο
881 4793 1069 4860 εἰσάγει
1090 4789 1363 4867 πρόσωπα.
1387 4793 1526 4846 Ἀλλά
1559 4795 1642 4846 καί
1676 4791 1860 4849 ταύτην
1889 4800 1976 4850 τήν

415 4883 648 4940 ἀσέϐειαν
675 4883 700 4936 ὁ
727 4883 926 4956 γράψας
967 4891 1057 4942 τὴν
1095 4885 1357 4941 ἐπιστολὴν
1396 4887 1542 4958 ποιρά
1588 4883 1864 4953 Θεοδώρου,
1897 4889 1978 4938 καί

415 4977 692 5046 Νεστορίου
737 4971 1000 5040 ἐδιδάχθη.
1047 4972 1099 5026 Ἦ
1129 4975 1292 5043 μέντοι
1341 4975 1568 5032 καθολικὴ
1623 4975 1853 5032 inﬁma-ie:
1889 4998 1978 5032 τιιν

416 5063 652 5120 τοιαύτην
685 5061 968 5126 κακοδοξίαν
1003 5066 1376 5135 κατακρίνουσα
1397 5066 1519 5134 οὐχί
1547 5067 1615 5124 είς
1639 5067 1724 5117 τὸν
1749 5066 1864 5118 ναὸν
1902 5069 1982 5118 καί

417 5157 490 5213 ε’ς
510 5155 591 5207 τὸν
616 5155 900 5208 ἐνοικοῦντα
930 5155 978 5206 ἐν
1005 5161 1074 5222 τῷ
1101 5160 1222 5224 ναῷ.
1262 5152 1364 5205 ἀλλ’
1388 5158 1460 5214 εἰς
1485 5156 1571 5208 ἕνα
1599 5153 1764 5229 κίτριον
1791 5153 1982 5212 ἰησοῦν

416 5245 632 5316 Χριστὸν
658 5265 742 5297 τ.ν
780 5250 868 5296 τοῦ
910 5249 1034 5297 Θεοῦ
1075 5243 1218 5311 λόγον
1264 5245 1599 5318 σαρκωθίντα,
1635 5247 1716 5296 καί
1753 5245 1985 5318 ἐνανθρω-

415 5337 649 5390 στήσαντα
673 5334 946 5408 ὁμολογεῖν,
972 5338 1050 5389 καί
1077 5335 1330 5389 πιστεύειν
1356 5332 1721 5406 παραδίδωσιν.
1751 5333 1906 5388 Οὐδὲν
1928 5334 1980 5388 εί

415 5421 722 5496 θαυμαστὸν,
759 5427 801 5478 εί
825 5433 886 5499 τῇ
911 5432 974 5479 ιιαέ
982 5447 1009 5478 ν
1043 5423 1236 5494 φύσεων
1275 5423 1521 5497 ίνομασίᾳ
1551 5424 1812 5494 ἐχρήσατο
1842 5421 1866 5476 ὁ
1892 5429 1980 5482 τήν

417 5515 580 5575 ἀσεϐῆ
603 5516 784 5574 ίκείνην
811 5514 1069 5571 ἐπιστολην
1092 5513 1223 5589 γράοτῖ
1235 5528 1318 5574 ας’
1337 5511 1446 5572 ἔθος
1467 5516 1564 5587 γάρ
1587 5519 1690 5571 τοῖς
1714 5513 1980 5586 αἱρετικοῖς

417 5607 550 5680 πρὸς
587 5608 787 5664 ἀπάτην
813 5611 913 5660 τῶν
941 5603 1296 5676 ἁπλουστέρων
1335 5607 1448 5661 ταῖς
1491 5605 1632 5674 παρὰ
1659 5609 1755 5656 τῶν
1793 5601 1983 5675 ὀρθοδί-

416 5701 514 5763 εων
537 5698 758 5757 εὐσεϐῶς
792 5697 1076 5768 λεγομέναις
1102 5701 1287 5768 φωναῖς
1325 5695 1632 5772 κεχρῆσθαι,
1665 5695 1746 5748 καί
1791 5699 1875 5752 τὴν
1906 5695 1988 5748 εὐ-

2079 4529 2254 4575 tamcn
2287 4529 2342 4576 et
2380 4523 2431 4574 in
2465 4519 2570 4574 (ine
2610 4523 2840 4590 scriptor
2869 4520 3104 4588 ejusdem
3143 4521 3382 4588 episto'a:
3411 4515 3645 4570 ostendit

2078 4629 2226 4666 suam
2255 4611 2565 4680 perlldiam,
2597 4611 2828 4666 dicendo
2875 4611 3017 4680 quod
3063 4619 3278 4679 oportet
3321 4610 3542 4662 credere
3588 4609 3646 4660 in

2079 4702 2356 4769 templum,
2387 4710 2442 4755 et
2471 4701 2520 4754 in
2552 4717 2670 4755 eum
2706 4702 2796 4771 qui
2827 4701 3028 4753 habitat
3055 4700 3106 4752 in
3139 4699 3335 4766 templo
3361 4715 3384 4757 ε,
3405 4713 3499 4767 per
3525 4709 3652 4766 qum

2079 4801 2263 4862 aperte
2289 4793 2419 4845 duas
2441 4793 2728 4846 introducit
2757 4805 3029 4860 personas.
3061 4789 3164 4842 Sed
3189 4796 3242 4840 et
3269 4789 3422 4839 istam
3454 4787 3652 4854 impie-

2080 4893 2240 4936 tatem
2265 4897 2295 4935 a
2327 4881 2609 4935 Theodoro
2641 4891 2693 4935 et
2718 4880 2964 4933 Nestorio
2989 4878 3220 4944 scriptor
3247 4874 3485 4944 epistulm
3515 4874 3650 4926 cdo-

2080 4983 2194 5028 ctus
2223 4982 2322 5026 est.
2367 4973 2640 5025 Catholica
2671 4978 2848 5022 autem
2887 4966 3128 5021 Ecclesia
3179 4969 3336 5018 talem
3387 4963 3648 5019 eundem-

2082 5080 2148 5118 na
2176 5081 2214 5118 .s
2237 5063 2534 5133 perﬁdiam,
2563 5077 2667 5115 non
2700 5063 2750 5114 in
2781 5061 3058 5128 templum,
3079 5069 3132 5111 et
3161 5059 3212 5110 in
3241 5073 3360 5110 eum
3381 5056 3472 5124 qui
3496 5054 3643 5107 habi-

2084 5165 2158 5210 tat
2189 5157 2238 5209 in
2272 5156 2488 5224 templo,
2512 5154 2602 5209 sed
2633 5154 2684 5206 in
2716 5168 2877 5206 unum
2901 5150 3178 5205 Dominum
3205 5157 3442 5203 nostrum
3464 5145 3651 5200 desunt

2082 5244 2346 5300 Christum
2375 5285 2391 5312 ,
2441 5244 2534 5298 Dei
2571 5243 2803 5298 Verbum
2834 5243 3160 5296 incarnatum
3189 5247 3245 5292 et
3271 5238 3541 5292 hominem
3570 5234 3648 5287 fa-

2083 5344 2226 5390 ctum
2255 5333 2496 5388 cenliteri
2523 5341 2578 5387 et
2609 5333 2828 5386 credere
2856 5331 3036 5384 tradit.
3069 5327 3207 5382 Ninil
3239 5335 3415 5380 autem
3445 5325 3636 5376 miran-

2083 5424 2209 5478 dnm
2252 5431 2368 5486 est,
2412 5422 2457 5476 si
2499 5422 2758 5476 vocabulo
2800 5428 3109 5473 naturarum
3154 5433 3282 5471 usus
3311 5423 3391 5468 est
3419 5413 3649 5482 scriptor

2082 5512 2222 5566 illius
2247 5513 2418 5582 impia:
2448 5512 2706 5580 epistola}.
2739 5509 2927 5565 Solent
2963 5511 3103 5563 cnim
3135 5505 3388 5566 limretici,
3435 5511 3492 5556 ut
3519 5502 3652 5579 sim-

2081 5602 2330 5672 pliciorcs
2350 5601 2636 5670 decipiant,
2659 5599 2880 5654 vocibus
2901 5599 3114 5667 quidem
3143 5597 3218 5650 uti
3239 5610 3358 5665 qua:
3381 5593 3448 5646 ab
3469 5593 3653 5647 ortho-

2083 5691 2235 5746 doxis
2259 5690 2344 5761 pie
2363 5690 2628 5755 dicuntur,
2660 5696 2866 5746 rectum
2891 5695 3069 5743 autem
3103 5700 3282 5742 carum
3312 5683 3658 5754 intcllectum,_
