3994 6140
356 249 491 314 1023

1608 245 1877 308 JUSTlN
1888 247 2050 308 IAN!
2090 247 2263 311 ΙΜΡ..

3438 243 3576 309 ιθει

359 378 491 438 uidi
528 376 720 435 τούτων
747 377 930 435 ἴννοιάν
971 399 1027 434 τε
1063 381 1144 435 καί
1193 380 1422 449 ἐξήγησιν
1464 378 1586 454 πρὸς
1631 383 1719 438 την
1751 379 1928 432 οἰκείαν

2036 381 2087 428 et
2132 372 2520 442 expositionem
2571 371 2648 426 ad‘
2693 385 2841 427 suam
2889 367 3219 437 impiemtenr
3255 361 3580 417 transferre:

362 471 654 545 μεταφέρειν
696 470 926 524 ἀσέϐειαν
949 485 963 501 ⁸
999 467 1168 531 ἕπειδή
1195 473 1334 528 ἔστιν
1370 467 1452 524 ὅτε
1487 470 1541 523 αί
1576 470 1726 524 αὗταί
1771 473 1922 541 φωναί

362 559 523 618 καλῶς
561 561 650 630 μέν
676 559 1015 630 ὶξηγούμεναι,
1045 559 1129 612 καί
1149 557 1431 628 νοούμεναι,
1471 559 1602 627 μετά
1638 566 1729 617 τῆς
1773 560 1922 612 εύσε-

362 648 648 714 ϐιίαςοείσί,
667 654 827 707 κακῶς
847 646 901 702 δέ
919 648 1062 714 παρά
1084 653 1183 702 τῶν
1214 647 1475 722 αἱρετικῶν
1519 647 1919 722 ἑρμηνευόμεναι,

364 741 451 790 καὶ
472 737 834 811 προφερόμεναι
863 736 923 790 τὸ
963 735 1146 796 ἀσεϐές
1174 734 1393 806 ἔχουσιν
1414 749 1430 764 ⁶
1468 736 1636 807 ἀμέλει
1662 735 1922 812 Νεστὸριον

363 827 569 881 εἰπόντα
611 827 699 896 μέν
737 823 830 880 δύο
882 829 1054 896 φύσεις
1109 827 1191 878 καί
1229 823 1281 878 ἓν
1324 823 1613 899 πρόσωπον,
1639 829 1709 896 μὴ
1753 822 1923 895 ὁμολο·

331 923 548 1005 ίγοῦντα
572 915 626 971 δέ
646 919 839 972 τούτων
863 922 952 976 τήν
973 916 1077 972 καθ’
1093 913 1383 972 ὑπόστασιν
1401 916 1598 984 ἕνωσιν,
1620 917 1651 974 ἡ
1673 917 1724 970 ἰν
1743 914 1924 988 Ἐφέσῳ

334 1009 535 1088 ’πρώτη
558 1009 678 1083 ἅγια
704 1009 938 1076 σύνοδος,
970 1009 1029 1072 ἧς
1061 1011 1276 1084 ἐξῆρχον
1327 1011 1610 1073 Κελεστῖνος
1646 1014 1733 1066 καί
1757 1013 1924 1087 ιύριλ-

361 1101 444 1160 λος
469 1102 515 1154 oi
539 1101 586 1155 έν
609 1100 724 1176 ὁσία
824 1104 1009 1174 μνήμῃ,
1033 1102 1090 1158 ού
1109 1099 1462 1174 προσεδέξατο,
1485 1102 1608 1157 ἀλλά
1631 1105 1714 1156 καί
1734 1101 1926 1157 κατεδί-

362 1210 534 1244 κασεν.
563 1189 733 1261 Ἡμεῖς
762 1188 814 1245 δέ
839 1198 903 1260 τῇ
944 1196 1044 1246 τῶν
1074 1190 1227 1262 ἀγίων
1264 1191 1496 1265 πατέρων
1519 1189 1818 1267 διδασκαλίᾳ
1844 1190 1927 1247 διὰ

363 1283 563 1336 πάντων
594 1283 972 1342 ἀκο“ουθοῦντες
989 1325 1004 1349 ,
1034 1284 1115 1336 καί
1138 1287 1229 1340 τὴν
1259 1290 1358 1338 τῶν
1384 1281 1475 1338 δύο
1499 1282 1697 1354 φύσεων
1727 1283 1926 1351 ἕνωσιν,

360 1368 415 1433 ἓξ
443 1368 510 1424 ὦν
552 1368 579 1426 ὃ
622 1371 788 1446 κύριος
827 1371 963 1440 ἡμῶν
991 1368 1186 1432 Ἰησοῦς
1210 1373 1431 1446 Χριστὸς
1469 1372 1495 1428 ὃ
1531 1368 1601 1434 εἷς
1645 1380 1738 1434 τῆς
1780 1372 1926 1445 ἁγίας

362 1459 587 1536 τριάδος.
618 1461 645 1517 ὅ
673 1466 796 1524 Θεὸς
821 1462 963 1535 λόγος
993 1464 1268 1537 σαρκωθείς
1304 1465 1562 1528 συνετέθη,
1589 1467 1674 1519 καί
1695 1469 1786 1524 τήν
1809 1467 1929 1520 ιιόύ⁹

359 1576 461 1608 των
494 1551 730 1630 διαγορὼν
767 1556 853 1609 ούκ
878 1555 1185 1630 ἀνῃρημένην
1225 1552 1312 1610 διά
1338 1559 1446 1625 ,τήν
1485 1555 1660 1610 ἕνωσιν
1696 1556 1928 1632 ἀνωτέρω

364 1646 671 1721 σαφέστερον
695 1645 1042 1718 ἀπεδείξαμεν.
1075 1651 1164 1702 Καί
1191 1647 1335 1723 ἤρκει
1356 1649 1447 1719 μέν
1466 1648 1531 1702 τά
1558 1648 1679 1722 παρ’
1705 1649 1841 1720 ἡμῶν
1863 1651 1929 1704 εί·

361 1736 548 1809 ρημίνα
574 1734 803 1811 πληροφο,
825 1743 949 1795 ἧσαι
986 1736 1106 1796 τούς
1144 1741 1215 1807 μή
1250 1735 1583 1807 βουλομίνους
1627 1736 1922 1810 φιλονεικεῖν.

361 1822 483 1877 Ἀλλ’
505 1822 676 1885 ίπειδή
697 1827 826 1900 πρὸς
853 1827 1082 1881 ἀσέϐειαν
1110 1825 1248 1892 ἅπαξ
1287 1828 1593 1889 ἐκκλίναντες
1625 1831 1709 1883 καί
1740 1829 1928 1904 ἑτέροις

363 1914 623 1990 ίπιχειροί
634 1935 716 1971 σιν
737 1953 753 1980 ,
782 1916 1060 1990 ἀναγκαίως
1085 1918 1229 1988 ἡμεῖς
1255 1919 1338 1972 καί
1369 1922 1462 1979 τὰς
1489 1919 1724 1980 τοιαύτας
1760 1922 1928 1976 αὐτῶν

362 2007 639 2081 προφάσεις
678 2007 896 2076 ματαίας
936 2005 1276 2078 ἀποδείξομεν.
1321 2011 1450 2062 Φασί
1467 2011 1566 2084 γάρ
1591 2013 1662 2080 μη
1702 2007 1801 2064 δεῖν
1825 2011 1927 2067 ύπό

364 2094 551 2167 μέμψιν
590 2097 822 2168 γενέσθαι
853 2101 945 2155 τὴν
972 2096 1133 2154 ἀσεϐῆ
1175 2096 1433 2156 ἐπιστολήν
1474 2095 1558 2154 διὰ
1601 2098 1660 2152 τὸ
1701 2099 1928 2175 φέρεσθαι

361 2186 411 2244 ἔν
431 2209 536 2242 τισι
559 2188 786 2260 βιϐλίοις.
809 2185 932 2240 Ἀλλ’
959 2191 1006 2244 εί
1039 2187 1188 2244 τοῦτό
1210 2208 1288 2248 τις
1314 2189 1441 2242 κατά
1464 2193 1549 2247 τήν
1577 2190 1738 2243 αὐτῶν
1764 2185 1928 2245 ἄνοιαν

362 2275 722 2355 προσδέξηται,
753 2274 832 2332 δεῖ
854 2279 938 2332 καί
965 2278 1200 2347 Εύτυχίοι
1245 2279 1327 2330 καί
1362 2277 1630 2342 Νεστόριιν
1662 2275 1929 2347 δέχεσθαι,

361 2365 533 2427 ἐπειδὴ
552 2367 710 2422 πολλά
732 2370 815 2422 καί
844 2370 958 2441 περί
977 2368 1166 2422 τούτων
1191 2375 1299 2428 τοῖς
1319 2366 1368 2420 έν
1483 2365 1674 2438 συνόδῳ
1700 2387 1932 2441 πεπραγ-

364 2459 524 2527 μίνιις
548 2459 828 2537 ἐμφέρεται.
846 2456 970 2511 ’Δλλ⁹
995 2456 1152 2516 οὐδείς
1177 2463 1276 2511 τῶν
1303 2458 1662 2530 εὐφρανούντων
1681 2464 1785 2517 τοῖς
1809 2458 1932 2533 παρ’

364 2548 525 2603 αότῶν
550 2548 830 2622 λεγομένοις
867 2549 1101 2624 προσέξει
1142 2549 1227 2603 τὸν
1266 2553 1403 2602 νοῦν.
1433 2549 1507 2603 Τά
1533 2550 1630 2622 γὰρ
1674 2553 1793 2623 περὶ
1832 2543 1958 2604 τῶν

365 2641 626 2715 αἱρετικῶν
651 2641 702 2694 έν
728 2649 841 2702 ταῖς
878 2639 1105 2702 συνόδοις
1131 2639 1501 2716 προφερόμενα,
1542 2643 1622 2694 καί
1651 2642 1804 2721 μέρος
1835 2646 1932 2694 τῶν

365 2729 737 2802 ὑπομνημάτων
757 2730 982 2801 γινόμενα
1005 2731 1090 2782 ούκ
1115 2732 1200 2783 ἐπί
1224 2737 1297 2803 τῷ
1318 2730 1640 2804 έλευθερωθῆν
1677 2751 1712 2795 ι,
1738 2729 1840 2784 ἀλλ’
1862 2751 1885 2783 ε
1907 2751 1933 2789 ς

367 2818 583 2892 ἔλεγχον
612 2819 792 2883 αὐτῶν,
817 2820 902 2872 καί
927 2818 1009 2872 έπί
1035 2819 1221 2889 μείζονι
1247 2819 1533 2892 κατακρίσει
1558 2818 1721 2870 αὐτῶν
1747 2837 1823 2883 τε,
1849 2820 1936 2871 καί

365 2907 432 2961 τά
456 2903 606 2977 ὅμοια
639 2908 808 2966 αὐτοῖς
837 2908 1140 2983 φρονούντων
1173 2904 1642 2979 παραλαμϐάνεται.
1668 2907 1724 2958 Εἰ
1750 2909 1830 2960 καὶ
1857 2902 1934 2961 ὅτι

367 2998 435 3054 τὰ
463 3005 556 3057 τῆς
583 2997 803 3058 ἀσεϐοῦς
829 2997 1092 3056 ἐπιστολῆς
1119 2997 1362 3073 φιρὸμενα
1386 2996 1720 3066 ὑπομνήματα
1747 2994 1805 3051 ἕν
1831 3017 1937 3054 τισι

369 3089 460 3160 μὶν
481 3087 711 3160 βιϐλίοις,
737 3090 802 3148 ὡς
824 3084 1035 3163 εἴρηται,
1076 3088 1382 3155 ἕντέτακται,
1418 3091 1466 3144 ἐν
1494 3088 1548 3145 δέ
1578 3098 1681 3150 τοῖς
1711 3091 1938 3146 αύθεντι-

369 3186 491 3242 κοῖς,
524 3180 573 3232 έν
602 3174 673 3239 (ἴς
693 3176 993 3254 ὑπέγραψαν
1012 3178 1056 3232 οἶ
1089 3176 1355 3235 ὃσιώτατοι
1385 3180 1670 3244 ἐπίσκοποι,
1701 3179 1937 3254 οὐδαμῶς

369 3268 602 3343 η’ρηται.
635 3268 756 3326 Πλὴν
779 3269 987 3340 κάκείνῳ
1025 3265 1105 3324 δεῖ
1125 3271 1408 3345 προσέχειν
1435 3273 1555 3332 τούς
1588 3277 1676 3330 τήν
1710 3271 1938 3329 ἀλήθειαν

373 3361 689 3436 ίρευνῶντας¹
721 3354 798 3414 ὅτι
823 3357 1056 3420 πολλάκις
1083 3361 1192 3415 τινὰ
1212 3359 1259 3412 έν
1297 3367 1416 3419 ταῖς
1442 3357 1667 3420 συνόδοις
1693 3360 1834 3435 παρὰ
1857 3381 1936 3413 τι·

370 3473 466 3504 νων
493 3450 544 3504 ἓν
570 3452 748 3509 αὑταῖς
770 3450 1133 3526 εὕρισκομένων
1159 3449 1352 3523 λέγεται
1373 3447 1404 3510 ἦ
1425 3451 1554 3506 κατά
1572 3452 1937 3526 προαπάθειαν,

375 3543 403 3603 ἦ
444 3542 546 3602 κατ’
572 3543 878 3606 ίναντίωσιν,
925 3539 954 3601 ἦ
995 3540 1104 3597 κατ’
1131 3538 1350 3615 ἄγνοιαν,
1396 3539 1560 3603 οὐδεὶς
1599 3539 1652 3596 δέ
1690 3543 1942 3616 προσέχει

373 3638 482 3692 τοῖς
507 3634 635 3686 κατά
658 3632 808 3706 μέρος
835 3632 976 3707 ποιρά
1004 3651 1150 3686 τινων
1169 3631 1469 3703 λε;ομένοις,
1500 3626 1622 3685 ἀλλὰ
1646 3631 1812 3701 μόνοις
1829 3638 1942 3691 τοῖς

374 3724 506 3778 κοιτά
529 3726 690 3780 κοινήν
718 3723 997 3776 συναίνεσιν
1032 3723 1176 3796 παρὰ
1200 3723 1402 3777 πάντων
1425 3720 1739 3795 ὁριζομένοις.
1769 3723 1827 3774 Ei
1845 3722 1941 3796 γὰρ

375 3811 487 3866 κατ’
535 3810 747 3871 ἐκείνους
792 3808 1048 3880 βουληθείη
1092 3830 1171 3872 τις
1212 3811 1490 3887 προσέχειν
1527 3818 1641 3870 ταῖς
1684 3811 1944 3870 τοιαύταις

376 3901 737 3960 έναντιῶσεσιν,
776 3898 960 3955 ἑκάστη
1013 3895 1228 3958 σύνοδος
1265 3899 1558 3973 εύρίσκεται
1595 3899 1780 3958 έαυτὴν
1820 3900 1942 3954 ἀνα·

376 3990 662 4062 τρέπονσα.
703 3988 790 4040 Διά
827 3992 988 4042 ταῦτα
1022 3989 1188 4042 τοίνυν
1224 3985 1327 4042 ἔδει
1368 3989 1575 4052 αὐτούς,
1605 3986 1744 4066 εἴπερ
1787 3989 1945 4060 ὀρθῶς

379 4076 616 4148 ἐδέχοντο
644 4084 732 4134 τὴν
772 4075 918 4146 ἀγίαν
944 4074 1166 4144 σύνοδον,
1203 4082 1275 4150 μή
1310 4078 1546 4138 τοιαύτας
1579 4079 1705 4154 αὐτῇ
1729 4076 1945 4150 μέμψεις

379 4168 695 4241 περιάπτειν,
719 4165 842 4220 ἀλλὰ
867 4166 1192 4226 ἀκολουθῆσαι
1214 4173 1322 4229 τοῖς
1343 4165 1662 4228 διδασκάλοις
1689 4176 1779 4229 τῆς
1805 4169 1948 4222 καθο-

2018 460 2282 529 siquidem
2329 453 2647 530 [interdum]
2693 457 2893 511 credent
2944 469 3128 519 voces,
3180 452 3397 522 quando
3442 449 3582 507 bene

2019 558 2365 619 exponuntur
2412 561 2461 601 et
2518 547 2925 611 intelliguntur,
2979 561 3102 598 cum
3166 545 3366 612 pietate
3416 552 3580 607 sunt;

2025 635 2239 705 quando
2263 643 2442 689 autem
2465 634 2600 688 male
2621 634 2688 688 ab
2715 633 2980 688 haereticis
3004 632 3369 700 intelliguntur
3386 641 3443 687 et
3464 647 3588 702 pro-

2026 723 2291 790 feruntur,
2318 724 2642 794 impietatem
2672 723 2887 779 habent.
2919 721 3103 792 Itaque
3125 722 3427 778 Nestorium
3455 723 3587 777 duas

2025 814 2242 887 quidem
2269 824 2485 870 naturas
2513 821 2569 869 et
2605 830 2766 870 unam
2805 829 3091 886 personam
3131 813 3395 868 dicentem
3415 854 3445 881 ,.
3481 830 3589 871 non

2023 905 2364 960 conﬁtentem
2389 913 2569 960 autem
2596 919 2778 959 earum
2820 903 3077 958 unitatem
3103 902 3394 959 secundum
3415 902 3587 959 subsi-

2021 1001 2298 1068 stentiam,
2339 1000 2605 1071 Ephesina
2648 1000 2815 1070 prima
2843 1000 3116 1071 synodus,
3156 997 3310 1067 cujus
3338 1005 3586 1054 auctores

2025 1101 2180 1151 erant
2210 1092 2530 1150 leestinus
2557 1101 2612 1146 et
2637 1088 2867 1163 Cyrillus
2893 1096 3093 1144 sanctas
3131 1089 3432 1152 memorias,
3481 1103 3587 1143 non

2025 1184 2298 1253 suscepit,
2343 1182 2437 1240 sed
2477 1180 2870 1238 condemnavit.
2912 1177 3022 1234 Nos
3062 1186 3243 1233 autem
3285 1186 3589 1233 sanctorum

2027 1272 2244 1329 Patrum
2264 1272 2563 1335 doctrinam
2590 1286 2688 1342 per
2710 1270 2889 1326 omnia
2911 1275 3218 1338 sequentes,
3247 1276 3304 1323 et
3331 1269 3589 1324 unitatem

2027 1363 2251 1418 duarum
2279 1369 2604 1425 naturarum.
2633 1374 2701 1416 ex
2727 1359 2920 1430 quibus
2945 1358 3202 1414 Dominus
3231 1367 3414 1415 noster
3437 1356 3590 1415 Jesus

2027 1453 2267 1510 Christus
2283 1467 2421 1508 unus
2446 1459 2646 1508 sanctae
2672 1448 2972 1517 Trinitatis,
2992 1448 3133 1504 Deus
3158 1448 3394 1504 Verbum
3422 1449 3592 1504 incar-

2027 1551 2203 1608 natus,
2227 1541 2554 1614 compositus
2573 1549 2674 1606 est,
2699 1547 2755 1595 et
2785 1537 2930 1610 quod
2953 1553 3140 1594 earum
3165 1537 3465 1594 diil'erentia
3483 1555 3590 1596 non

2028 1635 2347 1703 interempta
2382 1640 2466 1688 est
2508 1638 2732 1702 propter
2772 1629 3034 1684 unitatem
3059 1668 3076 1695 ,
3117 1629 3174 1684 in
3225 1628 3590 1700 superioribus

2029 1726 2264 1796 apertius
2316 1722 2815 1780 demonstravimus.
2874 1718 2942 1774 Et
2992 1717 3328 1776 sufﬁciebant
3378 1719 3590 1791 quidem

2028 1832 2148 1887 ane
2184 1816 2542 1886 praediximus,
2573 1813 2885 1869 satisfacere
2925 1811 3004 1868 eis
3029 1812 3122 1881 qui
3151 1813 3340 1868 nolunt
3366 1820 3591 1868 conten-

2029 1907 2174 1963 dere.
2203 1905 2312 1962 Sed
2345 1906 2597 1975 quoniam
2625 1903 2701 1959 illi
2728 1903 2820 1973 qui
2858 1902 3023 1959 semel
3047 1901 3114 1957 ad
3140 1901 3474 1973 impietatem
3499 1901 3593 1958 de-

2029 1997 2396 2063 clinaverunt,
2423 2004 2479 2052 et
2506 1994 2608 2051 alia
2637 2009 2940 2067 proponere
2966 2001 3263 2061 conantur,
3286 1995 3592 2051 necessario

2031 2102 2129 2142 nos
2173 2093 2227 2142 et
2269 2085 2402 2141 tales
2445 2100 2631 2141 eorum
2674 2084 2989 2140 occasiones
3032 2096 3201 2138 vanas
3227 2081 3588 2138 ostendemus.

2032 2175 2226 2230 Dicunt
2245 2174 2386 2229 enim
2411 2188 2518 2227 non
2543 2179 2795 2242 oportere
2823 2171 3126 2241 vituperare
3158 2169 3375 2242 impiam
3395 2171 3592 2240 episto-

2036 2266 2166 2335 lam,
2188 2281 2254 2319 eo
2275 2264 2415 2334 quod
2431 2264 2483 2318 in
2501 2263 2782 2332 aliquantis
2803 2262 2968 2318 fertur
2987 2261 3276 2318 codicibus.
3299 2262 3407 2318 Sed
3425 2263 3470 2320 si
3492 2261 3594 2321 hoc

2037 2361 2226 2430 aliquis
2241 2358 2529 2416 secundum
2543 2375 2727 2414 eorum
2751 2357 3072 2414 denientiam
3088 2358 3317 2415 suﬂiciat
3336 2359 3420 2432 {FZ
3433 2363 3597 2417 susci-

2035 2448 2188 2522 piat],
2212 2457 2421 2520 oportet
2440 2458 2496 2504 et
2509 2449 2807 2505 Nestorium
2829 2459 2884 2504 et
2905 2448 3201 2521 Eutychem
3223 2450 3439 2520 suscipi,
3464 2466 3597 2521 quo-

2039 2540 2181 2594 niam
2204 2539 2427 2608 plurima
2451 2538 2591 2594 etde
2612 2539 2693 2593 his
2715 2540 2764 2592 in
2787 2539 2949 2606 gestis
2971 2539 3310 2593 continentur
3329 2555 3447 2608 qum
3459 2541 3599 2611 apud
3636 2599 3642 2603 ,

2033 2628 2295 2700 synodum
2322 2638 2439 2682 acta
2479 2636 2621 2682 sunt.
2648 2626 2755 2683 Sed
2791 2643 2948 2682 nemo
2990 2628 3206 2696 sapiens
3227 2627 3383 2684 dictis
3408 2644 3596 2687 eorum

2034 2720 2265 2772 animum
2292 2716 2550 2772 intendet.
2578 2717 2706 2784 Qum
2727 2718 2865 2772 enim
2888 2717 2954 2771 de
2980 2717 3239 2775 haereticis
3255 2718 3600 2790 proferuntur

2036 2806 2088 2861 in
2116 2807 2334 2877 synodis
2361 2814 2417 2861 et
2440 2822 2562 2876 pars
2588 2815 2858 2874 gestorum
2891 2806 3052 2873 liunt,
3094 2823 3200 2863 non
3226 2809 3292 2863 ad
3318 2809 3592 2865 liberatio-

2037 2912 2156 2952 nem
2198 2896 2506 2952 inseruntur
2528 2940 2544 2963 ,
2585 2899 2678 2953 sed
2709 2898 2776 2953 ad
2817 2899 3070 2967 majorem
3096 2898 3583 2959 condemnationem

2037 3005 2244 3055 eorum,
2281 2998 2339 3044 et
2364 2990 2455 3060 qui
2484 2986 2562 3045 eis
2588 2989 2780 3044 similia
2809 2991 3039 3061 sapiunt.
3080 2999 3096 3028 ι
3126 2989 3373 3056 Quamvis
3404 3000 3587 3048 autem

2037 3078 2363 3148 exemplaria
2400 3079 2572 3149 impia:
2600 3079 2838 3148 epistola:
2865 3094 2984 3150 quae
3027 3077 3461 3136 circumferuntur
3479 3118 3509 3146 ι
3538 3081 3599 3137 in

2037 3171 2300 3241 aliquibus
2325 3170 2616 3238 codicibus,
2629 3178 2689 3224 ut
2711 3171 2909 3225 dictum
2925 3177 3027 3236 est,
3055 3170 3252 3225 inserta
3264 3169 3393 3232 sint.
3423 3177 3604 3227 tamen

2039 3262 2093 3317 in
2120 3262 2444 3317 authenticis
2474 3263 2527 3317 in
2549 3262 2743 3332 quibus
2769 3261 3088 3317 sanctissimi
3109 3259 3347 3331 episcopi
3373 3260 3606 3317 subseci-

2038 3365 2277 3429 pserunt,
2307 3358 2608 3412 nullatenus
2630 3356 2991 3412 inveniuntur.
3004 3352 3231 3424 Oportet
3242 3363 3422 3411 autem
3446 3356 3605 3411 etiam

2041 3446 2170 3502 illud
2190 3445 2466 3501 attendere
2481 3461 2575 3500 eos
2592 3445 2683 3514 qui
2708 3446 2987 3499 veritatem
3011 3451 3443 3514 perscrutantur,
3464 3443 3605 3515 quod

2041 3535 2266 3592 forsitan
2295 3538 2348 3590 in
2378 3536 2621 3590 conciliis
2644 3535 2885 3604 quaedam
2905 3549 2937 3589 a
2962 3533 3126 3588 certis
3146 3533 3221 3588 ibi
3248 3532 3607 3589 convenienti-

2041 3635 2141 3691 bus
2162 3634 2427 3699 dicuntur,
2454 3640 2547 3689 aut
2571 3648 2668 3703 per
2692 3630 2927 3688 favorem
2944 3673 2961 3698 ,
3000 3639 3096 3687 aut
3124 3647 3223 3702 per
3249 3630 3601 3687 contrarieta—

2044 3733 2185 3792 tem,
2230 3730 2324 3778 aut
2348 3737 2443 3794 per
2467 3723 2845 3792 ignorantiam.
2890 3721 3056 3779 Nemo
3081 3733 3264 3779 autem
3294 3721 3606 3778 attenditea

2045 3827 2164 3885 qum
2188 3827 2285 3882 per
2308 3820 2515 3883 partem
2539 3827 2570 3865 a
2595 3812 2916 3882 quibusdam
2939 3811 3186 3867 dicuntur
3217 3830 3231 3866 :
3258 3811 3357 3869 sed
3376 3811 3493 3867 sola
3516 3809 3605 3865 illa

2045 3917 2164 3973 quae
2200 3904 2268 3958 ab
2303 3904 2551 3958 omnibus
2583 3903 2851 3958 communi
2878 3917 3143 3960 consensu
3167 3902 3516 3960 deﬁniuntur.
3550 3901 3606 3959 Si

2047 3994 2188 4049 enim
2227 3993 2418 4062 aliquis
2443 3993 2734 4049 secundum
2761 3991 2882 4048 illos
2901 3993 3133 4048 voluerit
3158 3993 3440 4048 attendere
3463 3993 3603 4061 ejus-

2049 4083 2193 4140 modi
2219 4085 2649 4151 contrarietates,
2692 4098 3024 4154 unaquaeque
3047 4083 3282 4156 synodus
3310 4083 3606 4138 invenietur

2049 4176 2389 4246 semetipsam
2418 4175 2717 4231 destruens.
2756 4173 2987 4245 Propter
3008 4175 3121 4230 lucc
3143 4175 3308 4245 igitur
3329 4173 3611 4245 oportebat

379 4260 513 4318 λαιῆς
543 4258 828 4320 ἐκκλησίας.
869 4260 950 4312 καί
973 4259 1197 4329 μάλιστα
1223 4265 1296 4332 τῷ
1323 4260 1373 4313 ἕν
1399 4257 1560 4332 ἁγίοις
1582 4259 1855 4330 ’Δθανασίῳ
1874 4266 1937 4333 τῷ

2051 4279 2163 4330 eos,
2180 4265 2227 4319 si
2251 4271 2492 4319 sanctum
2514 4263 2801 4319 concilium
2821 4272 2970 4319 recte
2988 4263 3336 4332 susciperent.
3361 4277 3464 4317 nou
3483 4260 3608 4317 tales

381 4350 623 4423 γενομένῳ
646 4357 737 4409 τῆς
758 4346 1107 4423 Ἀλεξανδρέων
1126 4348 1382 4410 έκκλησίας
1412 4349 1691 4421 ίπισκὸπῳ,
1717 4352 1800 4404 καί
1827 4351 1950 4405 πολ-

381 4437 498 4497 λοὺς
535 4441 618 4491 καί
653 4437 900 4510 μεγάλους
940 4439 1139 4510 ἀγῶνας
1175 4436 1517 4511 ἀναδεξαμένῳ
1557 4441 1688 4517 ὑπὲρ
1731 4446 1822 4499 τῆς
1849 4447 1948 4494 τῶν

381 4534 688 4598 Χριστιανῶν
736 4528 955 4586 πίστεως
999 4528 1146 4603 ὀρθῆς
1185 4529 1314 4582 κατά
1351 4530 1521 4588 πάσης
1559 4529 1817 4604 αἱρέσεως,
1865 4530 1950 4582 καί

384 4618 609 4689 μάλιστα
649 4623 750 4672 τῶν
791 4616 1141 4672 ἀσεϐεστὰτων
1181 4623 1441 4690 ’Δρειανῶν
1467 4635 1478 4646 ·
1510 4625 1608 4673 τῶν
1653 4619 1750 4694 γὰρ
1778 4619 1949 4672 αὐτῶν

383 4705 648 4782 ’ὁρειανῶν
682 4708 808 4780 πρὸς
832 4706 1026 4764 ἀπάτην
1053 4712 1150 4760 τῶν
1173 4705 1304 4760 λαῶν
1327 4708 1401 4767 είς
1430 4711 1522 4766 τὴν
1551 4707 1738 4762 ἑαυτῶν
1765 4706 1948 4782 μερίδα

387 4796 748 4860 ίπισπωμένων
772 4796 1048 4859 Διονύσιον,
1078 4797 1178 4871 πρὸ
1214 4795 1404 4848 ποὶλῶν
1433 4796 1557 4850 ίτῶν
1582 4802 1672 4850 τοῦ
1701 4793 1752 4848 έν
1791 4794 1952 4866 ἀγίοις

392 4875 682 4939 ’ΔΘανασίου
725 4890 816 4943 τῆς
840 4880 1200 4956 ’Δλεξανδρείας
1240 4882 1502 4954 γενόμενον
1540 4881 1829 4945 ἐπίσκοπον,
1871 4883 1955 4936 καί

387 4968 647 5041 λεγόντων,
677 4975 744 5031 ὡς
786 4975 869 5026 καί
916 4973 1072 5032 αὐτὸς
1111 4971 1138 5026 ὃ
1185 4974 1439 5034 Διονύσιος
1483 4974 1548 5028 τά
1595 4970 1740 5043 ὅμοια
1787 4975 1956 5035 αὐτοῖς

385 5062 672 5135 ὶγρόνησεν,
701 5058 986 5120 ’Δθανὰσιος
1014 5060 1040 5116 ὃ
1066 5062 1228 5133 μέγας
1253 5070 1344 5122 τῆς
1374 5063 1633 5124 ἐκκλησίας
1659 5061 1955 5126 διδάσκαλος

387 5153 583 5212 πολλοῖς
637 5151 845 5224 τρόποις
891 5151 1150 5228 ἕγγράοως
1194 5151 1437 5217 ἀπέδειξε,
1468 5157 1558 5214 την
1603 5155 1748 5227 ὀρθήν
1784 5159 1956 5211 πίστιν

388 5246 648 5300 Διονύσιον
676 5242 724 5307 ἐξ
750 5242 922 5316 ἀρχῆς
945 5242 1169 5317 κηρύξαι,
1205 5245 1286 5296 καί
1311 5241 1552 5314 μηδαμῶς
1580 5245 1957 5302 ίπικοινωνῆσαι

385 5342 450 5408 τῇ
485 5340 582 5388 τῶν
613 5330 871 5407 Ἀρειανῶν
905 5332 1133 5405 ἀσεϐείί.
1163 5327 1320 5387 Οὗτοι
1357 5331 1410 5387 δέ
1449 5334 1514 5388 τά
1550 5340 1648 5388 τῶν
1691 5334 1956 5409 αίρετικῶν

386 5432 681 5501 φρονοῦντες
708 5430 796 5486 την
824 5428 1004 5479 οἰκείαν
1023 5424 1254 5478 ἀσέϐειαν
1280 5425 1438 5499 ταύτῃ
1465 5427 1757 5499 περιάπτειν
1785 5448 1954 5481 σπουο

389 5515 644 5584 δάζοοισιν.
672 5523 872 5573 Ὀποίον
904 5514 957 5571 δέ
987 5518 1096 5570 ἔστι
1123 5516 1427 5590 κατάκριμα,
1459 5520 1543 5570 καί
1567 5518 1687 5572 ποία
1715 5516 1956 5572 ἐπίκειται

2050 4353 2407 4421 blasphemias
2433 4353 2482 4408 ei
2513 4353 2808 4423 applicare,
2851 4353 2946 4409 sed
2971 4353 3120 4422 sequi
3149 4351 3400 4408 doctores
3425 4352 3611 4408 catho-

2050 4442 2170 4498 lica:
2192 4441 2462 4505 Ecclesiae,
2495 4451 2550 4498 et
2576 4443 2802 4497 maxime
2828 4453 3069 4498 sanctum
3100 4441 3446 4501 Athanasium
3466 4480 3482 4507 ,
3522 4441 3609 4511 qui

2050 4531 2151 4587 fuit
2188 4531 2520 4588 Alexandriae
2550 4533 2870 4602 episcOpus,
2917 4542 2971 4591 et
3011 4533 3268 4603 plurimas
3296 4540 3353 4588 et
3395 4544 3610 4601 magnos

2051 4622 2260 4679 labores
2287 4625 2520 4693 suscepit
2542 4639 2639 4694 pro
2665 4634 2811 4679 recta
2840 4623 3261 4680 Christianorum
3290 4623 3393 4679 iide
3427 4624 3613 4678 adver-

2050 4727 2142 4768 sus
2168 4729 2381 4768 omnem
2405 4713 2630 4768 hmresin
2656 4754 2671 4782 ,
2703 4722 2757 4767 et
2797 4714 3030 4768 maxime
3058 4720 3247 4768 contra
3274 4713 3613 4783 impiissimos

2051 4799 2298 4857 Arianos.
2343 4799 2477 4872 Ipsis
2504 4802 2644 4856 enim
2675 4802 2884 4856 Arianis
2924 4802 2990 4856 ad
3019 4801 3358 4871 decipiendos
3392 4800 3615 4871 populos

2053 4906 2151 4946 suo
2177 4890 2345 4945 errori
2375 4889 2817 4959 conjungentibus
2836 4890 3165 4962 Dionysium,
3204 4890 3296 4958 qui
3324 4898 3451 4944 ante
3477 4886 3612 4943 mul-

1987 5031 2001 5041 ,
2054 4987 2141 5034 tos
2166 4993 2337 5034 annos
2375 4977 2650 5034 Athanasii
2687 4979 2889 5052 [multis
2915 4979 3068 5036 annis
3094 4985 3220 5033 ante
3248 4972 3616 5047 Athanasium}

2056 5066 2155 5125 fuit
2183 5066 2520 5122 Alexandriae
2543 5068 2845 5138 episcopus,
2869 5077 2921 5122 et
2944 5067 3241 5122 dicentibus
3257 5065 3401 5136 quod
3431 5072 3489 5120 et
3507 5065 3619 5133 ipse

2055 5159 2338 5230 Dionysius
2365 5157 2555 5212 similia
2583 5159 2662 5214 eis
2689 5159 2896 5229 sapuit,
2922 5157 3242 5212 Athanasius
3270 5168 3493 5224 magnus
3514 5151 3618 5210 Ec-

2054 5250 2230 5306 clesiae
2251 5249 2441 5304 doctor
2454 5248 2636 5304 multis
2657 5248 2826 5303 modis
2841 5246 3073 5302 ostendit
3092 5247 3146 5301 in
3174 5244 3407 5314 scriptis,
3419 5252 3619 5299 rectam

2053 5338 2211 5397 ﬁdem
2227 5339 2542 5412 Dionysium
2562 5339 2628 5394 ab
2650 5339 2804 5394 initio
2832 5338 3172 5408 praedicasse,
3187 5335 3445 5404 nulloque
3464 5333 3620 5389 modo

2052 5430 2375 5502 participem
2405 5428 2616 5484 Arianze
2642 5426 2933 5497 impietatis
2958 5424 3139 5482 fuisse.
3187 5424 3279 5480 isti
3308 5432 3488 5478 autem
3514 5420 3620 5478 hae-

2053 5519 2220 5576 retica
2249 5518 2538 5591 sapientes,
2559 5532 2706 5575 suam
2733 5515 3059 5589 impietatem
3085 5516 3256 5574 cidem
3285 5514 3490 5589 synodo
3521 5526 3617 5584 ap-

464 5696 483 5731 ¹
522 5692 646 5753 liceo
673 5694 861 5752 absunt
889 5708 920 5749 a
958 5708 1056 5749 ms.
1089 5690 1446 5759 BJhicriano,
1498 5700 1550 5749 et
1593 5691 1734 5764 apud
1779 5691 2175 5753 Lc'unclarium.
