3994 6140
398 220 539 287 1025

1533 255 1944 321 CONFESSIO
1979 260 2241 322 RECTJE
2276 262 2508 323 FIDEI.

3491 261 3627 329 1026

394 354 496 426 διρά
538 350 641 416 τοῖς
666 353 739 414 είς
765 357 985 432 πατέρας
1018 356 1379 431 ἁμαρτάνωσι,
1416 359 1639 417 διδάσκει
1667 364 1800 434 ἡμᾶς
1828 365 1910 416 καί
1936 385 1951 414 ι

2069 362 2268 431 plicare
2308 361 2576 421 festinant.
2610 366 2790 434 Qualis
2819 379 2993 425 autem
3024 378 3107 427 est
3135 372 3542 446 condemnatio,
3574 386 3630 437 et

395 444 501 498 ὖεία
527 448 712 517 γραφή.
739 449 799 498 Ei
827 448 923 519 γάρ
952 450 1064 516 Kay.
1094 448 1118 500 ὁ
1150 450 1256 509 υτὸς
1284 456 1370 504 τοῦ
1400 458 1502 505 Nam
1530 454 1837 521 θεασάμενος
1862 475 1958 525 γυ-

393 533 512 600 μνὸν
537 535 620 587 τὸν
644 533 765 589 ἴδιον
791 538 941 610 τεατέέ⁸
954 559 1007 599 α,
1051 541 1134 591 καί
1171 550 1239 611 μη
1263 541 1490 611 καλύένας
1526 548 1615 600 τήν
1648 550 1738 596 τοῦ
1768 544 1960 620 πατρὸς

394 633 688 697 σωματικήν
737 630 1016 699 γύμνωσιν,
1061 632 1258 695 ἐξελθὼν
1308 636 1562 708 ἐπήγγειλε
1618 638 1805 696 ταύτην
1852 646 1959 698 τοῖς

390 715 636 790 ἀδελφοῖς,
666 724 746 774 καὶ
778 723 950 778 έκεῖνοι
980 725 1161 795 ίματίῳ
1185 725 1371 785 ταύτην
1400 730 1833 802 περιεσκέπασαν,
1863 732 1961 784 αὖ·

388 810 477 868 τὸς
507 808 560 864 δέ
586 814 700 881 Χάμ
722 816 804 867 καί
831 815 875 866 oi
906 817 956 878 ἐξ
981 818 1136 871 αὑτοῦ
1173 820 1482 888 γεννηθέντες
1509 820 1608 873 ὐπό
1634 821 1856 893 κατάραν
1882 840 1961 892 γε-

389 900 614 971 γόνασιν,
645 904 688 955 οἱ
712 900 765 957 δέ
788 909 1136 967 σκεπάσαντες
1164 910 1386 978 εὐλογίας
1414 910 1631 980 μεγάλης
1654 911 1956 973 ἠξιώθησαν*

387 990 553 1063 πολλῷ
572 992 750 1056 μᾶλλον
774 991 910 1050 οὗτοι
929 1000 1147 1068 μείζονος
1174 1000 1256 1050 καί
1276 996 1352 1051 ἔτι
1371 1000 1591 1059 πλείονος
1613 1003 1958 1073 κατὰκρίσεὼς

387 1086 513 1135 εἶσιν
547 1080 697 1148 ἄξιοι.
725 1086 771 1138 οί
811 1092 899 1145 τήν
938 1087 1180 1159 μηδαμῶς
1203 1096 1497 1162 προσοῦσαν
1523 1091 1724 1159 ἀτιμίαν
1747 1098 1810 1165 τῇ
1833 1112 1957 1145 συν-

386 1169 483 1241 ὁδῳ
520 1171 890 1237 σπουδάζοντες
935 1174 1019 1231 διὰ
1056 1185 1146 1236 τῆς
1172 1178 1406 1238 ἀσεῖῗείας
1448 1187 1538 1237 τῆς
1577 1179 1842 1238 ἐπιστολῆς
1877 1182 1957 1234 καί

386 1259 643 1329 Θεοδώρου
667 1268 964 1340 περιάπτειν
994 1269 1142 1343 αὐτῇ.
1172 1265 1292 1322 Ἀλλ’
1317 1269 1374 1321 οὐ
1405 1266 1487 1322 διὰ
1512 1275 1660 1325 τοῦτο
1698 1271 1729 1327 ἠ
1766 1271 1955 1329 ἀσεϐής

386 1354 641 1417 έπιστολή,
665 1355 694 1413 ἢ
722 1358 767 1409 οί
785 1360 976 1418 ταύτης
996 1358 1392 1428 ἀντιποιούμενοι
1419 1361 1730 1431 ἐκφεύξονται
1757 1365 1846 1419 τήν
1873 1362 1954 1413 ἐπί

384 1454 445 1519 τῇ
470 1449 632 1502 αὐτῶν
658 1450 869 1524 ἀσεϐείᾳ
891 1453 1201 1525 κατάκρισιν.
1232 1450 1349 1504 Ἀλλ’
1371 1450 1485 1505 οὐδέ
1510 1449 1768 1521 Θεόδωρος
1789 1452 1814 1506 ὁ
1834 1449 1952 1504 Ἐλ-

384 1537 530 1597 ληνάς
566 1558 620 1593 τε
669 1543 752 1592 καί
795 1538 1069 1600 Ἰουδαίους
1091 1545 1173 1594 καί
1216 1546 1408 1601 πάντας
1447 1543 1718 1615 α’ρετικοὺς
1747 1548 1809 1615 τῇ
1829 1544 1954 1596 ἀσεο

386 1625 497 1707 ϐείᾳ
524 1626 965 1702 ὑπερϐαλλόμενος.
996 1626 1157 1689 Οὗτος
1184 1632 1282 1705 γὰρ
1311 1634 1440 1704 πρὸς
1473 1639 1581 1689 ταῖς
1609 1627 1778 1690 ἄλλαις
1799 1632 1948 1685 αὐτοῦ

2065 454 2238 523 qualis
2280 455 2517 510 imminet
2543 459 2847 515 maledictio
2876 463 2953 516 eis
2977 464 3065 534 qui
3092 465 3143 517 in
3174 462 3357 518 Patres
3385 475 3626 535 peccant,

2064 544 2220 598 docet
2247 562 2343 600 nos
2372 555 2425 601 et
2463 548 2637 603 divina
2669 548 2966 620 Scriptura.
3017 553 3071 608 Si
3101 556 3242 608 enim
3285 555 3450 610 Cham
3494 558 3630 614 tilius

2063 634 2176 689 Noe
2221 636 2428 704 (Cenes.
2472 638 2547 708 Ix)
2597 656 2717 695 cum
2750 642 2968 696 vidisset
2995 644 3192 698 nudum
3220 660 3370 699 suum
3400 654 3627 715 patrem,

2062 726 2310 793 quoniam
2337 743 2443 781 non
2466 731 2745 795 cooreruit
2771 733 2935 799 patris
2958 734 3288 803 corporalem
3314 736 3627 800 nuditatem,

2062 815 2153 868 sed
2185 829 2432 882 egressus
2462 820 2724 872 nuntiavit
2752 836 2868 873 eam
2917 822 3197 887 fratribus,
3250 833 3304 878 et
3347 825 3419 878 illi
3463 828 3630 882 vesti~

2061 912 2241 957 mento
2254 918 2371 957 eam
2390 916 2799 973 cooperucrunt,
2820 908 2933 976 ipse
2946 910 3156 975 quidem
3173 910 3359 975 Cbam,
3378 923 3434 966 et
3449 913 3523 967 illi
3535 914 3626 982 qui

2060 1009 2124 1048 ex
2157 993 2272 1063 ipso
2300 997 2409 1049 nati
2438 1002 2582 1061 sunt,
2631 996 2729 1050 sub
2771 998 3143 1052 maledictione
3173 999 3294 1054 facti
3324 1011 3446 1056 sunt
3472 1020 3485 1069 ;
3534 1004 3626 1073 qui

2060 1090 2235 1136 autem
2258 1091 2669 1152 coeperuerunt,
2699 1100 2944 1152 magnam
2971 1086 3393 1143 benedictionem
3416 1106 3628 1146 merue-

2058 1183 2182 1226 runt
2230 1190 2242 1225 :
2286 1174 2455 1228 multo
2494 1174 2662 1241 magis
2705 1174 2789 1229 isti
2822 1175 3022 1244 majore
3062 1185 3117 1230 et
3144 1178 3402 1247 ampliore
3430 1181 3628 1236 conde-

2058 1265 2331 1321 mnatione
2355 1265 2498 1334 digni
2539 1273 2682 1328 sunt,
2727 1266 2818 1334 qui
2844 1267 2910 1321 ad
2938 1268 3195 1337 synodum
3223 1271 3443 1325 minime
3463 1273 3628 1340 pertio

2058 1363 2273 1407 nentetn
2296 1353 2586 1420 infamiam,
2606 1354 2858 1413 festinant
2882 1371 2980 1424 per
3006 1358 3334 1427 impietatem
3364 1362 3623 1429 cpistolm,

2057 1453 2112 1500 et
2157 1444 2451 1511 Theodori,
2500 1446 2675 1501 eidem
2721 1457 2920 1502 sancte
2950 1449 3154 1518 synodo
3182 1451 3469 1519 applicare.
3520 1451 3627 1507 Sed

2059 1550 2164 1589 non
2195 1535 2316 1589 ideo
2346 1536 2505 1604 impia
2528 1537 2781 1606 epistola,
2811 1537 2895 1591 vel
2927 1538 3276 1593 defendentes
3304 1556 3455 1607 eam,
3497 1557 3630 1596 conr-

2056 1623 2451 1678 demnatiouem
2501 1641 2607 1679 sua:
2650 1626 2941 1695 impietatis
2981 1625 3235 1695 elfugient
3278 1645 3291 1681 :
3332 1629 3425 1684 sed
3454 1645 3629 1699 nequo

381 1714 720 1788 βλασφημίαις
744 1720 829 1771 οὐκ
850 1722 1058 1793 ἠρκέσθη
1083 1728 1157 1791 τῷ
1182 1721 1309 1794 πρὸς
1330 1724 1416 1778 τήν
1444 1718 1571 1773 ἰδίαν
1604 1719 1788 1778 πλάνην
1814 1740 1948 1794 παρ-

2056 1708 2399 1778 Theodorus,
2435 1714 2525 1782 qui
2568 1729 2802 1785 paganos
2830 1726 2879 1771 et
2911 1716 3138 1781 Judceos,
3168 1727 3221 1772 et
3248 1734 3437 1774 omnes
3467 1721 3629 1774 luere-

382 1812 689 1877 ερμηνεῦσαι
715 1809 773 1862 τὸ
809 1809 1059 1880 σύμϐολον
1100 1817 1198 1864 τῶν
1224 1815 1524 1885 τριακοσίων
1552 1810 1671 1865 δέκα
1714 1814 1795 1865 καί
1822 1813 1950 1867 ὀκτὼ

382 1894 537 1967 ἆγίων
573 1898 831 1969 πατέρων.
861 1898 985 1952 ἀλλά
1025 1902 1108 1953 καί
1141 1905 1512 1975 περιφρονήσας
1553 1903 1735 1955 τοῦτον
1775 1900 1949 1973 ἕτερον

384 1987 633 2057 σύμϐολον
662 1988 847 2051 ἐξέθετο
885 1991 1055 2050 πάσης
1091 1993 1330 2050 άσεέείας
1375 1993 1793 2066 πεπληρωμένον,
1834 1995 1886 2046 έν
1910 1990 1949 2065 ᾦ

380 2076 735 2157 ἀναθεματίσαι
768 2079 888 2137 τοὺς
936 2078 1120 2152 έτέρως
1166 2087 1484 2154 φρονοῦντας,
1513 2082 1541 2139 ἦ
1579 2080 1949 2157 παραδιδόντας

381 2166 666 2237 ίτόλμησεν·
697 2167 827 2220 ὥστε
870 2165 986 2221 ὅσον
1021 2171 1150 2224 κατά
1189 2176 1279 2228 τήν
1315 2172 1506 2223 δκείνων
1534 2175 1721 2242 μανίαν
1753 2174 1947 2235 πάντας

379 2258 497 2316 τοῦς
540 2255 714 2325 ἁγίους
750 2253 1078 2321 ἀποστόλους,
1125 2262 1212 2313 καί
1257 2262 1483 2333 πατέρας
1526 2265 1945 2337 κατακεκρίσθαι·

383 2351 526 2400 τοῦτο
565 2345 617 2400 δέ
657 2346 714 2401 τὸ
754 2347 934 2408 ἀσεϐές
964 2348 1222 2423 Θεοδώρου
1259 2351 1512 2420 σύμϐολον
1554 2357 1634 2407 καί
1662 2356 1711 2407 έν
1748 2364 1809 2429 τῇ
1839 2356 1948 2410 κατ’

379 2430 583 2506 Ἐφεσον
625 2438 803 2511 πρώτῃ
829 2436 1029 2510 συνόδῳ
1067 2443 1418 2513 προκομισθέν,
1464 2447 1549 2498 καί
1600 2446 1649 2498 iv
1681 2444 1949 2503 Χαλκηδόνι

379 2528 688 2600 ἀναγνωσθέν
713 2529 790 2602 ὑφ’
816 2531 1056 2610 έκατέρας
1084 2532 1298 2589 συνόδου
1328 2538 1458 2604 μετά
1480 2542 1566 2590 τοῦ
1588 2538 1846 2607 ἐκθεμένου
1866 2541 1950 2594 καί

378 2624 478 2673 τῶν
504 2616 774 2690 δεξαμένων
801 2622 925 2676 αὐτὸ
952 2624 1232 2696 κατεκρίθη.

445 2884 643 2947 Ἐπειδὴ
686 2885 739 2944 δέ
778 2910 905 2952 τινες
931 2889 1016 2946 τὸν
1043 2890 1174 2965 ὑπέρ
1199 2891 1456 2966 Θεοδώρου
1484 2891 1626 2964 λόγον
1664 2896 1951 2963 ποιούμενοι

378 2980 749 3057 προφερομένῶν
772 2986 870 3034 τῶν
898 2982 1098 3036 ἀσεϐῶν
1116 2983 1271 3036 αὐτοῦ
1299 2985 1712 3056 συγγραμμάτων
1748 2983 1830 3038 διά
1859 2991 1949 3044 τήν

2053 1802 2190 1857 ticos
2231 1804 2506 1873 impietate
2545 1818 2785 1875 superat.
2830 1807 3000 1877 lmpio
3031 1810 3172 1863 enim
3210 1809 3494 1865 Theodoro
3521 1828 3626 1866 non

2052 1892 2264 1948 suffecit
2290 1910 2452 1964 super
2478 1896 2609 1951 alias
2647 1896 2762 1965 ejus
2797 1898 3156 1968 blasphemias
3193 1902 3259 1954 ad
3286 1917 3438 1956 suum
3475 1918 3625 1957 erro.

2054 1999 2167 2037 rem
2199 1984 2338 2039 male
2364 1985 2703 2055 interpretari
2724 1989 3024 2058 symbolum
3054 2000 3411 2046 trecentorum
3437 1993 3624 2049 decem

2052 2082 2105 2128 et
2126 2082 2248 2129 octo
2276 2084 2585 2131 sanctorum
2616 2075 2857 2144 Patrum,
2899 2080 2992 2133 sed
3020 2080 3179 2134 etiam
3200 2091 3510 2153 contempto
3531 2098 3617 2148 eo,

2051 2164 2193 2219 aliud
2223 2166 2525 2236 symbolum
2555 2169 2803 2236 exposuit
2832 2170 2976 2223 omni
3007 2172 3277 2240 impietate
3306 2174 3536 2242 plenum,
3572 2176 3626 2229 in

2050 2269 2157 2323 quo
2187 2258 2645 2311 anathematizare
2685 2272 2846 2313 ausus
2876 2268 2958 2314 est
2982 2276 3077 2315 eos
3116 2262 3208 2330 qui
3238 2262 3393 2316 aliter
3412 2266 3624 2333 sapiunt

2050 2348 2136 2403 vel
2166 2349 2400 2414 tradunt,
2427 2357 2505 2419 ut,
2537 2360 2794 2420 quantum
2817 2352 2882 2406 ad
2912 2354 3050 2408 illius
3079 2355 3339 2409 insaniam
3369 2359 3622 2426 pertinet,

2051 2453 2237 2494 omnes
2261 2441 2430 2494 sancti
2449 2442 2678 2509 apostoli
2704 2450 2757 2498 et
2775 2440 2960 2497 Patres
2983 2444 3487 2501 condemnarentur.
3512 2446 3628 2501 [Ioc

2051 2535 2231 2582 autem
2261 2528 2528 2584 Theodori
2559 2530 2776 2599 impium
2810 2532 3109 2602 symbolum
3153 2540 3209 2587 et
3254 2535 3310 2587 in
3356 2533 3624 2605 Ephesina

2050 2617 2223 2686 prima
2262 2617 2469 2689 synodo
2494 2618 2783 2688 prolatum,
2817 2629 2872 2674 et
2901 2621 2953 2673 in
2982 2618 3409 2678 Chalcedonensi
3436 2626 3631 2679 reeita-

2051 2717 2185 2773 tum,
2216 2710 2283 2764 ab
2308 2718 2533 2779 utraque
2561 2712 2768 2783 synodo
2794 2727 2912 2766 cum
2940 2713 3054 2781 ejus
3083 2715 3424 2783 expositore,
3469 2725 3525 2771 et
3551 2718 3631 2772 eis

2052 2802 2142 2870 qui
2172 2801 2299 2854 illud
2328 2801 2657 2871 suscipiunt,
2688 2803 3100 2859 condemnatum
3130 2814 3229 2861 est.

2124 2891 2387 2955 Quoniam
2417 2900 2595 2946 autem
2626 2893 2872 2962 quidam,
2918 2895 3081 2948 verba
3114 2912 3211 2964 pro
3237 2895 3522 2956 Theodoro
3546 2900 3629 2956 fa-

2055 2978 2281 3045 cientes,
2304 2995 2422 3035 cum
2454 2979 2799 3050 proferuntur
2824 2984 2985 3052 impia
3017 2983 3132 3052 ejus
3160 2989 3484 3058 conscripta,
3513 3006 3635 3061 pro-

379 3068 589 3124 ένοῦσαν
638 3071 813 3131 αὐτοῖς
848 3072 1161 3145 βλασφημίαν
1204 3080 1605 3145 προσποιοῦνται
1646 3076 1735 3145 μέν
1766 3075 1947 3148 λέγειν,

2056 3079 2175 3138 pter
2221 3069 2476 3125 insertam
2515 3072 2593 3125 eis
2628 3071 3015 3140 blasphemiam
3065 3073 3377 3145 conﬁngunt
3415 3076 3632 3148 quidem

378 3156 458 3213 ὅτι
482 3159 643 3217 ἀσεϐῆ
668 3166 836 3215 ταῦτα
874 3163 1143 3231 τυγχάνει,
1171 3163 1316 3217 αὐτὸν
1355 3161 1408 3216 δέ
1446 3164 1532 3218 τὸν
1558 3165 1792 3222 τοιαύτην
1826 3166 1951 3219 ἀσέ-

380 3250 519 3302 sim
545 3249 849 3316 ίξεμέσαντα
875 3256 1239 3323 παραιτοῦνται
1280 3253 1673 3322 ἀναθεματίζειν,
1696 3254 1952 3327 θαυμάζο-

379 3358 472 3408 μεν
494 3345 586 3399 την
612 3342 806 3395 τούτων
833 3337 1023 3407 ἄνοιαν,
1054 3339 1132 3395 ὅτι
1156 3350 1218 3416 τῇ
1243 3345 1349 3417 θείᾳ
1380 3344 1630 3413 τολμῶσιν
1659 3346 1950 3401 ἐναντιοῦσ-

377 3435 459 3485 θαι
482 3440 649 3507 γραφῇ
670 3440 887 3507 φανερῶς
910 3436 1150 3505 λεγούσῃ,
1176 3431 1254 3488 ὅτι
1279 3450 1299 3485 t
1322 3435 1369 3486 iv
1391 3432 1486 3505 ἴσῳ
1511 3436 1703 3506 μισητά
1727 3443 1835 3508 Θεῷ
1867 3440 1954 3491 καί

377 3520 406 3577 ὃ
429 3522 630 3576 ἀσεϐῶν
649 3524 734 3576 καί
753 3524 784 3581 ἠ
805 3523 1005 3577 ἀσέϐεια
1026 3524 1198 3578 αὑτοῦ.
1224 3542 1245 3574 ι
1276 3527 1366 3577 Ital
1391 3526 1488 3598 γάρ
1513 3526 1573 3580 τὸ
1601 3527 1837 3599 πραχθέν
1860 3529 1953 3581 σὺν

376 3621 448 3683 τῷ
486 3610 733 3688 δράσαντι
769 3615 1139 3672 κολασθήσεται.
1174 3617 1230 3670 Ei
1257 3613 1310 3670 δέ
1337 3614 1520 3688 ὁμοίως
1546 3623 1608 3691 τῇ
1633 3619 1786 3674 αὐτοῦ
1826 3618 1948 3671 ἀσε-

377 3702 490 3777 ϐείᾳ
515 3704 725 3774 μισητὸς
750 3711 857 3777 Θεῷ
883 3707 968 3758 καί
992 3704 1018 3758 ὁ
1044 3705 1266 3771 ἀσεϐῶν,
1303 3703 1551 3782 πρόδηλον
1578 3709 1646 3765 ὦς
1674 3705 1699 3760 ὁ
1725 3713 1951 3766 τοιοῦτος

374 3797 686 3868 κεχώρισται
705 3802 796 3850 τοῦ
821 3802 972 3860 Θιοῦ,
998 3798 1085 3851 καί
1109 3804 1182 3869 τῷ
1204 3798 1476 3866 ἀναθίματι
1503 3796 1708 3857 δικαίως
1735 3798 1953 3853 ὑποϐάλ-

372 3884 532 3941 λεται.
561 3888 628 3941 Τὸ
647 3890 746 3961 γὰρ
769 3886 990 3957 ἀνάθεμα
1029 3887 1169 3941 οὐδέν
1197 3889 1367 3963 ἴτιρον
1397 3893 1646 3959 σημαίνει,
1674 3888 1704 3947 ἦ
1740 3889 1825 3944 τὸν
1852 3889 1952 3944 ἀπὸ

374 3980 464 4029 τοῦ
485 3982 612 4031 Θεοῦ
641 3978 925 4053 χωρισμὸν,
957 3979 1025 4037 ὡς
1051 3979 1101 4031 έν
1141 3984 1205 4051 τῇ
1232 3978 1423 4051 παλαιᾷ
1445 3983 1523 4034 καί
1560 3987 1704 4049 καινῇ
1744 3978 1950 4053 διαθήκῃ

375 4066 432 4119 τὸ
457 4067 577 4141 περί
596 4072 687 4120 τοῦ
724 4066 1031 4139 άναθέματος
1067 4073 1230 4138 κρῖμα
1266 4065 1432 4125 δηλοῖ.
1453 4064 1568 4122 ὀτι
1606 4066 1660 4121 δέ
1706 4066 1734 4121 ὃ
1776 4068 1952 4144 κύριος

374 4159 494 4216 τοὺς
521 4162 591 4228 μή
620 4152 769 4218 ὄντας
802 4157 855 4212 έν
877 4164 951 4230 τῷ
974 4164 1066 4219 τῆς
1087 4157 1312 4219 ἀληθείας
1339 4159 1497 4213 αὐτοῦ
1521 4158 1674 4232 λᾶγῳ,
1699 4177 1953 4230 κεχωρισ-

372 4246 556 4320 μένους
596 4242 722 4302 εἶναι
767 4247 896 4319 λέγει
921 4255 1013 4308 τῆς
1059 4248 1338 4314 έκκλησίας,
1375 4243 1434 4302 ’έν
1469 4257 1542 4322 τῷ
1569 4251 1701 4305 κατά
1725 4247 1952 4309 Ἰωάννην

376 4337 644 4410 ιῦαγγιλιῳ
665 4338 793 4412 πρὸς
821 4340 940 4400 τοῦς
966 4337 1245 4401 Ἰουδαίους
1269 4338 1611 4413 διαλεγόμενος
1636 4342 1770 4397 οὕτω
1809 4346 1943 4415 φησί’

2056 3161 2234 3217 dicere
2259 3163 2403 3231 quod
2435 3163 2592 3233 impia
2623 3173 2773 3227 sunt,
2807 3164 2976 3231 ipsum
3007 3174 3183 3220 autem
3225 3169 3316 3235 qui
3346 3168 3504 3222 talem
3532 3170 3634 3223 im-

2056 3252 2310 3322 pietatem
2340 3253 2604 3318 evomuit,
2656 3262 2903 3308 recusant
2932 3256 3389 3311 anathematizare
3422 3275 3434 3309 :
3467 3259 3633 3313 mira-

2055 3357 2177 3397 mur
2202 3357 2388 3397 eorum
2413 3342 2757 3406 dementiam,
2788 3343 2932 3411 quod
2959 3343 3150 3399 divinae
3180 3345 3468 3415 Scriptum
3496 3362 3629 3404 con-

2054 3431 2216 3486 traria
2249 3439 2431 3500 agunt,
2464 3431 2743 3485 evidenter
2770 3433 2987 3498 dicenti,
3021 3434 3145 3501 quia
3174 3436 3442 3503 mqualiter
3468 3436 3631 3492 horri-

2055 3521 2180 3575 bilia
2209 3531 2329 3574 sunt
2356 3520 2494 3596 apud
2534 3520 2700 3575 Deum
2728 3523 2916 3591 impius
2962 3533 3011 3576 et
3042 3525 3278 3593 impietas
3317 3526 3429 3596 ejus
3458 3528 3628 3599 (δίῳ.

2055 3613 2188 3681 κεν).
2220 3610 2379 3667 Actio
2417 3612 2560 3665 enim
2600 3627 2721 3665 cum
2751 3622 2969 3667 auctore
2998 3612 3224 3686 [actore]
3266 3618 3552 3685 punietur:
3584 3619 3629 3673 si

2055 3713 2233 3761 autem
2257 3706 2502 3760 similiter
2524 3706 2782 3775 impietati
2812 3706 3080 3760 horribilis
3101 3717 3182 3761 est
3206 3708 3315 3763 Deo
3342 3717 3397 3771 et
3426 3709 3513 3764 ille
3536 3712 3628 3779 qui

2055 3798 2214 3867 impie
2242 3797 2370 3866 agit,
2399 3805 2546 3852 certe
2576 3806 2854 3866 separatus
2879 3804 2960 3852 est
2989 3798 3108 3854 talis
3129 3813 3158 3853 a
3180 3798 3310 3864 Deo,
3331 3807 3385 3853 et
3410 3801 3629 3855 anathe-

2053 3888 2181 3941 mati
2222 3887 2367 3956 juste
2408 3887 2707 3956 subjicitur.
2737 3888 3035 3942 Anathema
3065 3889 3204 3943 enim
3235 3891 3365 3945 nihil
3391 3892 3530 3945 aliud
3559 3894 3634 3946 si-

2053 3978 2298 4047 gniﬁcat,
2331 3977 2430 4033 nisi
2459 3994 2488 4033 a
2520 3978 2630 4034 Deo
2658 3979 3055 4048 scparationem
3078 3990 3094 4047 ,'
3119 3982 3255 4035 sicut
3289 3981 3342 4036 in
3370 3982 3549 4036 Veteri
3578 3990 3631 4037 et

2052 4071 2202 4127 Novo
2228 4069 2572 4126 Testamento
2595 4070 2851 4139 judicium
2877 4071 2943 4125 de
2972 4072 3312 4127 anathemate
3340 4072 3626 4141 signiﬁcat.

2052 4161 2206 4229 Quod
2236 4170 2416 4216 autem
2440 4167 2495 4214 et
2525 4160 2783 4214 Dominus
2810 4174 2906 4214 eos
2944 4160 3032 4230 qui
3065 4176 3170 4215 non
3214 4171 3530 4231 permanent
3575 4162 3629 4216 in

2051 4250 2217 4306 verbo
2245 4249 2484 4305 veritatis
2535 4248 2736 4316 ipsius,
2796 4257 3074 4316 separatos
3111 4262 3229 4302 esse
3279 4248 3347 4302 ab
3387 4248 3627 4304 Ecclesia

2050 4341 2201 4408 dicit,
2231 4340 2283 4395 in
2311 4337 2602 4406 Evangelia
2628 4337 2921 4392 secundum
2947 4334 3207 4390 Joannem
3236 4335 3449 4392 Judmos
3489 4337 3626 4393 allo-

380 4443 402 4479 ε
424 4434 525 4491 Πᾶς
546 4426 739 4485 ὁποιῶν
763 4434 856 4488 τήν
873 4430 1127 4501 ἁμαρτίαν
1146 4428 1321 4490 δοῦλός
1349 4432 1460 4486 ίστι
1484 4438 1578 4490 τῆς
1603 4430 1878 4505 ἁμαρτίας.
1899 4442 1951 4487 '0

2058 4445 2249 4501 quens,
2288 4430 2367 4485 sic
2387 4430 2463 4482 ait
2505 4444 2519 4481 :
2564 4426 2746 4480 Omnis
2772 4426 2859 4495 qui
2887 4426 3012 4497 facit
3038 4434 3319 4495 peccatum,
3351 4442 3523 4482 εενιιιιε
3552 4438 3629 4484 εει

377 4517 429 4573 δέ
454 4517 628 4580 δοῦλος
648 4524 707 4574 οὐ
731 4520 865 4587 μένει
883 4522 937 4575 έν
959 4528 1023 4596 τῇ
1042 4524 1175 4595 οἰκίᾳ
1201 4523 1273 4581 είς
1298 4523 1381 4578 τὸν
1414 4525 1592 4588 αἰῶνα,
1617 4521 1643 4576 ὅ
1663 4522 1716 4578 δέ
1735 4524 1843 4582 υίὸς
1867 4524 1950 4595 μέ-

374 4631 448 4667 νει
471 4614 543 4672 είς
569 4613 654 4666 τὸν
672 4616 849 4667 αίῶνα.
883 4630 903 4663 ι
927 4609 1044 4668 Ὀτι
1068 4610 1123 4667 δέ
1142 4613 1391 4687 τήνπαρά
1411 4620 1500 4668 τοῦ
1521 4615 1699 4685 κυρίου
1716 4615 1949 4684 ὠνομασ-

377 4704 526 4773 μένην
565 4705 723 4757 οἰκίαν
760 4705 793 4762 ἡ
816 4703 923 4758 Otia
958 4709 1123 4778 γραφὴ
1143 4704 1405 4761 έκκλησίαν
1442 4710 1568 4758 Θεοῦ
1590 4708 1771 4768 taxo.-
1794 4704 1945 4768 καλεῖ,

377 4791 404 4847 ὃ
427 4790 708 4853 ἀπόστολος
728 4801 1001 4869 μαρτυρεῖ
1034 4795 1083 4847 έν
1114 4799 1178 4868 τῇ
1209 4794 1340 4865 πρὸς
1374 4792 1612 4864 Τιμόθεον
1642 4794 1817 4871 πρώτη
1842 4794 1951 4848 ίπι-

378 4882 555 4957 στολῇ.

447 4975 507 5026 Ei
536 4971 591 5028 δέ
634 4973 837 5047 λέγουσί
880 4993 1011 5032 τινες
1046 4978 1114 5045 μὴ
1153 4970 1255 5027 δεῖν
1294 4970 1548 5047 Θεόδωρον
1577 4972 1707 5043 μετά
1744 4971 1949 5026 θά.ατον

379 5066 842 5136 ἀναθεματίζεσθαι,
875 5065 1104 5120 ἴστωσαν
1131 5065 1178 5117 oi
1205 5066 1287 5120 τὸν
1316 5071 1539 5120 τοιοῦτον
1580 5065 1825 5141 αἱρετικὸν
1866 5066 1949 5117 ἐκ·

377 5155 653 5221 ὄικοῦντες,
707 5157 777 5216 ὥς
826 5159 932 5242 πᾶς
984 5154 1233 5228 αίρετικός
1275 5157 1438 5228 μέχρι
1486 5156 1655 5216 τέλους
1693 5162 1757 5228 τῇ
1794 5155 1950 5229 οἰκεία

378 5245 541 5319 πλάνῃ
576 5246 814 5315 ἐμμείνας
848 5241 1157 5314 δικαιὸτερον
1199 5241 1416 5302 διηνεκεῖ
1458 5246 1839 5315 ἀναθεματισμῷ
1868 5246 1952 5299 καί

378 5339 508 5407 μετά
532 5337 740 5391 θάνατον
771 5333 1127 5390 ὑποϐάλλεται.
1169 5336 1268 5387 Καί
1287 5339 1438 5388 τοῦτο
1468 5334 1549 5387 έπί
1578 5333 1781 5393 πολλοῖς
1813 5334 1952 5405 γέγο-

377 5452 463 5487 νεν
485 5430 755 5505 αἰρετικοῖς
777 5428 1133 5502 ἀρχαιοτέροις
1159 5447 1212 5482 τε
1250 5428 1335 5479 καί
1375 5433 1477 5485 τοῖς
1502 5426 1782 5499 έγγυτέρω⁹
1807 5447 1951 5481 τουτ-

378 5524 490 5577 έστι
534 5521 816 5589 Βαλεντίνῳ,
857 5515 1144 5589 Βασιλείδῃ,
1190 5516 1483 5588 Μαρκίωνι,
1512 5515 1760 5588 “mea,
1790 5526 1945 5569 Μανι-

379 5613 535 5682 χαίῳ,
566 5610 815 5680 Εὐνομίῳ,
841 5610 923 5661 καί
951 5607 1166 5677 Βονὸσῳο
1191 5611 1342 5659 τοῦτο
1370 5603 1422 5660 δέ
1446 5604 1566 5659 αὐτὸ
1589 5607 1673 5658 καί
1714 5606 1796 5659 iri
1825 5613 1948 5659 Θεο-

381 5698 527 5773 δώρῳ
553 5699 718 5770 γέγονε
742 5700 824 5752 καί
850 5698 900 5750 έν
926 5699 1027 5770 ζωῇ
1050 5696 1459 5770 κατηγορηθέντι,
1484 5696 1565 5749 καί
1594 5695 1721 5765 μετά
1746 5695 1950 5750 θάνατον

2055 4520 2267 4590 peccati.
2302 4517 2488 4573 Servus
2508 4525 2676 4569 autem
2704 4531 2805 4568 non
2827 4523 2998 4567 manet
3019 4517 3072 4569 in
3101 4514 3321 4568 domoin
3346 4526 3625 4581 (clamant,-

2054 4611 2195 4681 ﬁlius
2224 4616 2391 4662 autem
2416 4600 2683 4677 permanet
2718 4607 2770 4659 in
2798 4615 3046 4671 cateruam
3076 4605 3269 4674 (Joan.
3299 4607 3440 4675 vm).
3473 4607 3625 4674 Quod

2056 4708 2254 4761 autem.
2285 4714 2445 4768 quam
2477 4699 2734 4755 Dominus
2763 4697 3005 4752 nominat
3024 4697 3265 4765 domum,
3288 4699 3463 4753 divina
3490 4699 3628 4754 Scri-

2054 4798 2209 4861 ptura
2259 4786 2689 4845 Ecclesiam'Dei
2720 4787 2825 4841 vivi
2870 4793 3054 4853 vocat,
3084 4783 3372 4855 Apostolus
3401 4795 3627 4843 testatur

2055 4882 2110 4935 in
2139 4879 2376 4950 Epistola
2402 4881 2571 4949 prima
2601 4878 2669 4932 ad
2695 4877 3032 4932 Timotheum
3065 4875 3217 4947 (Cap.
3244 4877 3346 4945 ιιι).

2088 4974 2091 4977 ’
2121 4972 2178 5027 Si
2203 4987 2331 5027 vero
2361 4969 2574 5039 quidam
2597 4968 2811 5033 dicunt,
2861 4983 2968 5023 non
2996 4976 3251 5037 oportere
3281 4966 3621 5026 Theodorum

2050 5070 2173 5134 post
2194 5071 2421 5117 mortem
2448 5060 2920 5125 anathematizari,
2951 5059 3126 5115 sciant
3148 5059 3237 5128 qui
3269 5060 3428 5115 talem
3456 5062 3624 5117 haere-

2051 5155 2213 5210 ticum
2241 5151 2572 5213 defendunt,
2621 5149 2764 5221 quod
2804 5150 2977 5204 omnis
3020 5149 3303 5205 haereticus
3348 5166 3515 5221 usque
3554 5152 3623 5206 ad

2057 5241 2212 5297 linem
2243 5243 2366 5296 vitae
2396 5242 2450 5295 in
2479 5255 2578 5295 suo
2609 5255 2793 5295 errore
2819 5255 3168 5309 permanens,
3195 5240 3338 5309 juste
3366 5248 3624 5311 perpetuo

2053 5332 2379 5388 anathemati
2430 5338 2485 5385 et
2532 5338 2653 5400 post
2692 5339 2917 5384 mortem
2948 5331 3249 5399 subjicitur.
3308 5328 3376 5382 Et
3420 5330 3524 5385 hoc
3571 5330 3623 5384 in

2052 5422 2232 5476 multis
2260 5419 2531 5475 lunt-elicis
2559 5428 2613 5473 et
2642 5418 3034 5486 antiquioribus
3062 5426 3117 5472 et
3163 5416 3501 5488 propioribus
3542 5415 3623 5468 fa-

2051 5521 2193 5567 ctum
2238 5517 2341 5576 est,
2388 5509 2443 5564 id
2472 5517 2554 5563 est
2584 5508 2895 5571 Valentino,
2931 5508 3179 5573 Basilide,
3208 5507 3493 5569 Marcione,
3522 5504 3627 5560 Ce-

2052 5602 2254 5666 rintho,
2289 5598 2605 5661 Manichaee,
2639 5596 2935 5661 Eunomio,
2965 5605 3020 5650 et
3047 5596 3277 5649 Bonoso.
3308 5595 3422 5649 Hoc
3444 5603 3621 5650 autem

2049 5693 2190 5748 idem
2221 5692 2354 5746 etin
2386 5688 2673 5745 Theodoro
2696 5689 2891 5742 factum
2922 5695 3022 5753 est,
3051 5693 3105 5740 et
3135 5685 3186 5739 in
3215 5685 3324 5740 vita
3347 5693 3616 5752 accusata.
