3954 6146
310 308 448 375 1033

1374 309 1610 373 LIBER
1645 309 2044 375 ADVERSUS
2074 309 2499 372 ORIGENEM.

3392 305 3533 374 103i:

317 432 394 482 sui
417 435 504 488 τήν
529 430 686 484 αὺτοῦ
712 429 994 496 κακοδοξίαν
1023 433 1107 488 ini
1133 435 1372 489 πλεῖστον
1412 435 1598 506 χρόνον
1624 432 1869 490 ίκδικοῦνο

1980 434 2470 492 eondemnationem
2516 437 2685 492 sancti
2731 435 2910 508 Cyrilli
2935 477 2949 503 ,
3001 447 3057 494 et
3094 438 3526 509 reprobatiouem

325 538 420 578 τες.
447 523 534 572 Καὶ
561 527 708 574 τοῦτο
729 519 984 576 δείκνυται
1003 523 1055 576 ἐκ
1081 522 1324 596 διαφόρων
1347 525 1507 577 αὐτῶν
1533 523 1688 594 λόγων
1713 543 1766 578 τε
1787 525 1868 577 καί

317 609 587 664 ἐπιστολῶν
618 612 744 682 πρός
769 610 1032 666 Θεοδόσιον
1059 613 1140 667 τόν
1167 621 1257 672 τῆς
1283 613 1520 672 εὐσεϐοῦς
1545 613 1726 676 λήξεως
1744 652 1758 676 ,
1789 613 1871 666 καί

316 699 515 772 έτέρους
539 698 805 774 διαφόρους
829 710 1131 772 γραφεισῶν.

1971 534 2131 578 rectae
2177 523 2297 578 ﬁdei
2339 525 2579 580 fecerunt
2614 524 2846 580 Joannes
2869 535 2924 580 et
2949 527 3039 595 qui
3067 542 3188 582 cum
3226 527 3318 582 illo
3347 542 3520 594 erant,

1977 626 2075 667 nec
2103 627 2209 666 non
2237 613 2400 668 etiam
2438 628 2556 682 quae
2597 614 2944 683 scripserunt.
2991 614 3288 670 Nestorium
3316 624 3373 670 et
3411 616 3525 685 ejus

1979 699 2252 768 perlidiam
2281 700 2480 756 diutius
2507 700 2869 757 defendentes.
2916 700 2982 755 Et
3008 702 3111 757 hoc
3136 704 3432 758 ostenditur
3456 719 3525 760 ex

1975 791 2201 846 diversis
2221 805 2404 846 eorum
2433 791 2580 846 libris
2625 799 2680 846 et
2719 793 2986 861 epistolis,
3023 807 3157 862 quas
3182 793 3251 847 ad
3277 792 3524 850 Theodo-

314 877 446 932 sium
471 877 573 946 piae
599 877 985 935 recordationis
1005 918 1022 944 ,
1073 886 1130 934 et
1174 878 1242 934 ad
1289 879 1425 936 alios
1463 880 1702 936 diversos
1735 881 2080 951 scripserunt.

385 972 470 1022 Καὶ
497 976 664 1024 ταῦτα
690 971 778 1040 μὶν
805 969 982 1028 οὕτως·
1012 971 1096 1026 ἵνα
1121 969 1176 1026 δὲ
1203 970 1353 1044 μηδὶν
1377 980 1468 1032 τῆς
1490 973 1746 1046 ἀκριϐείας
1771 994 1871 1026 παο

313 1057 624 1132 ραλείψωμεν
645 1098 659 1118 .
709 1061 974 1132 ἀναγκαῖον
1017 1063 1316 1130 ίνομίσαμεν
1353 1063 1625 1132 μνησθῆναι
1659 1064 1743 1116 καί
1774 1069 1871 1116 τῶν

314 1149 590 1220 γραφέντων
612 1151 755 1222 παρά
783 1150 1111 1225 Αὐγουστίνου
1139 1156 1230 1206 τοῦ
1258 1159 1349 1210 τῆς
1371 1150 1515 1213 όσίας
1535 1157 1730 1222 μνήμης
1757 1155 1870 1207 ἐπι--

313 1241 503 1295 σκόπου
541 1241 590 1292 ἰν
615 1249 813 1316 ’Δφρικῇ
839 1243 1118 1314 γενομένου.
1157 1247 1420 1304 Ζητήσεως
1455 1242 1554 1321 γείρ
1591 1265 1722 1305 τινος
1752 1249 1872 1320 περί

316 1331 616 1384 Καικιλιανοῦ
644 1331 772 1400 μετὰ
798 1333 1004 1387 θάνατον
1029 1335 1184 1388 αὐτοῦ
1227 1335 1531 1399 κινηθείσης,
1577 1338 1646 1394 ὡς
1676 1345 1766 1396 τῆς
1793 1337 1870 1388 ἐκσ-

317 1417 662 1478 κλησιαοκτικῆς
687 1417 1102 1495 παρατραπέντος
1123 1421 1470 1498 παραδόσεως,
1495 1423 1580 1477 καί
1599 1444 1740 1477 τινων
1763 1424 1874 1478 τού-

320 1526 406 1560 του
435 1504 592 1579 χάριν
631 1511 964 1580 χωρισὸιντων
995 1508 1206 1570 ἑαυτούς
1243 1511 1346 1564 ἆπό
1383 1518 1474 1572 τῆς
1501 1511 1756 1572 καθολικῆς
1793 1512 1874 1563 ἐκ·

317 1597 547 1658 κλησίας.
591 1595 766 1672 γράφει
825 1601 950 1674 πρὸς
993 1605 1272 1670 Βονιφάτιον
1323 1599 1350 1655 ό
1397 1601 1545 1660 αὐτὸς
1589 1609 1680 1662 τῆς
1727 1601 1873 1661 ὁσίας

317 1687 512 1753 μνήμης
537 1687 894 1756 Aur/auaritiae.
925 1687 990 1744 ὡς
1017 1687 1106 1737 οῦκ
1133 1683 1238 1740 ἔδει
1264 1687 1401 1746 τινὰς
1428 1685 1512 1741 διὰ
1539 1693 1688 1742 τοῦτο
1710 1689 1876 1763 χωρί-

2044 966 2108 1021 Ει
2131 968 2245 1022 haec
2265 967 2476 1036 quidem
2504 967 2582 1022 sic
2606 981 2666 1022 se
2691 966 2908 1022 habent.
2943 966 3011 1022 Ut
3035 977 3214 1025 autem
3243 969 3372 1025 nihil
3395 972 3526 1026 sub-

1975 1058 2181 1112 tilitatts
2192 1057 2674 1126 prtetermittamus,
2706 1058 3060 1112 necessarium
3086 1061 3388 1129 putavimus
3413 1074 3524 1118 me-

1973 1161 2185 1203 morare
2223 1147 2384 1201 etiam
2401 1144 2486 1198 illa
2501 1159 2621 1214 qua:
2635 1143 2703 1198 ab
2718 1143 3016 1214 Augustino
3033 1157 3230 1203 sanctae
3254 1151 3525 1204 memoria:

1973 1235 2220 1290 Africano
2245 1235 2497 1304 episcopo
2540 1236 2738 1304 scripta
2763 1244 2906 1289 sunt.
2936 1235 3239 1301 Quaestione
3264 1240 3404 1292 enim
3424 1241 3524 1294 ali-

1973 1338 2077 1392 qua
2100 1329 2222 1392 post
2247 1329 2473 1376 mortem
2516 1321 2779 1376 Caeciliani
2807 1321 2874 1376 de
2899 1337 2968 1377 eo
2990 1331 3152 1388 mota,
3180 1324 3322 1393 quod
3341 1325 3408 1380 ab
3434 1341 3528 1381 ec-

1971 1414 2267 1470 clesiastica
2294 1411 2580 1468 traditione
2601 1411 2891 1467 declinasse
2915 1412 3206 1480 dicebatur,
3232 1422 3288 1469 et
3311 1425 3531 1485 propter

1972 1502 2076 1558 hoc
2100 1501 2411 1570 quibusdam
2430 1516 2462 1556 a
2489 1501 2750 1557 catholica
2777 1499 3012 1557 Ecclesia
3038 1503 3316 1573 separatis,
3345 1504 3531 1560 scribit

1974 1593 2041 1648 ad
2068 1592 2396 1647 Bonifacium
2449 1591 2589 1646 idem
2633 1599 2847 1647 sanctus
2874 1592 3215 1660 Augustinus,
3245 1593 3389 1660 quod
3419 1607 3528 1648 non

1974 1685 2256 1753 oportebat
2297 1683 2502 1751 aliquos
2527 1681 2647 1737 ideo
2673 1697 2920 1752 separare
2944 1697 3062 1737 sese
3089 1697 3119 1736 a
3147 1683 3408 1738 catholica
3434 1681 3534 1738 Ec-

319 1793 409 1825 σαι
454 1772 664 1832 ίαυτοῦς
707 1781 798 1831 τῆς
845 1775 1102 1836 καθολεκῆς
1149 1774 1428 1834 ἐκκλησίας.
1479 1777 1536 1828 Ei
1574 1777 1672 1850 γάρ
1721 1778 1872 1836 ἀληθή

1980 1773 2154 1828 clesia.
2181 1772 2238 1826 Si
2275 1773 2417 1826 enim
2445 1786 2569 1825 vera
2590 1780 2768 1826 essent
2793 1787 2855 1827 ea
2883 1786 3000 1840 qua:
3026 1771 3310 1828 Caeciliano
3337 1773 3530 1829 infere-

318 1858 526 1930 ῦπῆρχε
546 1860 610 1912 τὰ
637 1859 916 1931 ἐπαγόμενα
938 1861 1248 1930 Καικιλιανῷ,
1279 1864 1360 1915 καί
1387 1864 1662 1936 ἐφανερώθη
1682 1866 1876 1919 ἐναντία

319 1952 572 2022 φρονήσας
599 1956 688 2008 τῆς
715 1950 972 2012 καθολικῆς
997 1952 1379 2014 καταστάσεως,
1417 1955 1501 2006 καί
1521 1955 1648 2024 μετά
1673 1954 1880 2008 θάνατον

321 2035 380 2092 ἂν
417 2045 594 2094 τοῦτον
635 2040 900 2112 ἁναθέματι
948 2041 1220 2095 ὑπέϐαλον.
1273 2039 1414 2094 Ἀλλά
1458 2043 1543 2096 καί
1586 2045 1745 2094 κανὼν
1786 2051 1879 2102 τῆς

319 2127 466 2198 ἁγίας
493 2129 542 2180 ἐν
566 2127 762 2202 ’Δᾳρικῇ
803 2128 1015 2183 συνόδου
1058 2127 1336 2202 διαγορεύει
1377 2131 1496 2190 τοὺς
1539 2129 1876 2196 έπισκόπους,

319 2224 440 2278 τοῦς
475 2227 565 2279 τήν
592 2223 772 2274 οἰκείαν
797 2219 827 2278 ἦ
867 2223 918 2273 ἓν
947 2218 1175 2292 διαθήκη,
1204 2219 1234 2278 ἦ
1267 2221 1319 2282 ἐξ
1352 2218 1608 2275 ἀδιαθέτου
1643 2220 1878 2292 αἱρετικῷ

319 2311 757 2382 παραπέμποντας
803 2316 992 2382 χρῆναι
1035 2311 1120 2362 καί
1155 2311 1284 2378 μετὰ
1327 2307 1541 2364 θάνατον
1578 2309 1880 2378 ἀναθεματί-

319 2401 512 2464 ζεσθαι.
545 2402 673 2474 Πρός
699 2401 896 2470 τούτοις
923 2399 976 2455 δὲ
1019 2400 1182 2455 ἅπασι
1203 2441 1217 2465 ,
1263 2401 1343 2462 τίς
1383 2402 1552 2472 ἀγνοεῖ
1587 2400 1651 2454 τὰ
1690 2400 1740 2452 iv
1767 2407 1878 2458 τοῖς

319 2491 573 2562 ἡμετέροις
629 2490 826 2566 χρόνοις
879 2491 930 2543 ἕν
977 2495 1040 2562 τῇ
1091 2487 1324 2562 ἐκκλησίᾳ
1389 2496 1481 2549 τῆς
1525 2489 1879 2562 πρεσϐυτέρας

319 2576 508 2650 Ῥώμης
537 2580 778 2652 γενόμενα
815 2579 944 2634 κατά
991 2581 1284 2651 Διοσκόρου;
1324 2575 1378 2640 ὃς
1417 2576 1560 2634 οὐδὲν
1581 2580 1664 2632 έπί
1703 2580 1879 2634 πίστιν

323 2671 646 2742 ἡμαρτηκὼς,
679 2668 762 2723 διὰ
792 2669 943 2740 μόνην
967 2669 1376 2726 ίκκλησιαστικήν
1407 2669 1722 2722 κατάστασιν
1748 2669 1878 2735 μετά

321 2758 527 2812 θάνατον
549 2761 672 2834 παρ’
699 2763 856 2820 αὐτῆς
889 2767 981 2820 τῆς
1019 2763 1146 2814 κατά
1169 2758 1355 2830 ⁶Ρώμην
1389 2755 1674 2829 ἁγιωτάτης
1705 2757 1880 2815 ίκκληυ

325 2849 442 2908 σίας
485 2851 862 2920 ἆνεθεματίσθη.
894 2853 949 2904 Ei
973 2853 1132 2907 τοίνυν
1159 2852 1205 2905 οἱ
1233 2849 1384 2922 μηδὲν
1411 2855 1482 2912 εἰς
1518 2855 1690 2906 πίστιν
1724 2851 1878 2906 πταί-

323 2957 504 2998 σαντες
545 2943 808 2995 ἐπίσκοποι
847 2940 931 2996 διὰ
971 2945 1278 2997 κατάστασιν
1321 2941 1752 3007 ἐκκλησιαπικήν,
1798 2945 1880 2996 καί

323 3024 405 3082 διὰ
434 3035 754 3102 χρηματικήν
776 3031 939 3084 αἰτίαν
967 3031 1230 3099 ἀναθὲματι
1256 3032 1339 3083 καί
1366 3029 1493 3100 μετά
1517 3030 1724 3084 θάνατον
1747 3030 1877 3084 ύπο·

1976 1864 2188 1927 bantur,
2220 1869 2276 1916 et
2313 1862 2682 1917 manifestatus
2707 1869 2847 1916 esset
2871 1865 3194 1916 contrarium
3220 1863 3418 1931 aliquid
3441 1877 3531 1919 ec-

1976 1954 2274 2009 clesiastico
2314 1953 2476 2008 statui
2522 1953 2778 2023 sapuisse,
2811 1953 2968 2008 etiam
3009 1963 3129 2022 post
3157 1963 3380 2010 mortem
3405 1971 3528 2010 eum

1977 2042 2298 2096 anathemati
2327 2041 2662 2108 subjicerem.
2693 2040 2798 2095 Sed
2825 2050 2880 2094 et
2913 2041 3092 2110 regula
3118 2050 3314 2097 sancta;
3341 2043 3530 2114 synodi

1978 2129 2236 2186 Africana
2261 2125 2465 2196 statuit,
2493 2129 2772 2199 episcopos
2799 2129 2888 2198 qui
2909 2145 3032 2185 suas
3061 2131 3340 2185 facultates
3369 2131 3420 2185 in
3452 2140 3532 2187 te-

1977 2229 2262 2287 stamento,
2284 2220 2368 2276 vel
2388 2235 2455 2274 ex
2483 2221 2732 2276 intestato
2752 2221 3002 2275 hzeretico
3025 2221 3350 2291 relinquunt,
3371 2236 3532 2292 opor-

1978 2322 2092 2367 tere
2129 2319 2184 2366 ct
2211 2323 2332 2381 post
2357 2319 2581 2364 mortem
2619 2311 3072 2366 anathematizari.
3105 2311 3278 2380 Super
3301 2311 3412 2366 htec
3434 2327 3531 2367 au-

1978 2411 2084 2456 tem
2113 2405 2310 2465 omnia,
2336 2403 2454 2473 quis
2499 2401 2708 2469 ignorat
2747 2415 2810 2456 ea
2839 2416 2956 2471 qua:
2987 2403 3183 2457 nostris
3211 2401 3532 2475 temporibus

1979 2492 2030 2546 in
2054 2491 2288 2546 Ecclesia
2313 2491 2624 2558 antiquioris
2652 2489 2833 2544 Roma:
2860 2499 3047 2546 contra
3076 2491 3385 2546 Dioscorum
3405 2504 3530 2546 acta

1977 2583 2134 2636 sunt?
2162 2579 2263 2647 Qui
2289 2596 2408 2635 cum
2429 2580 2558 2634 nihil
2587 2580 2640 2633 in
2671 2577 2823 2633 fidem
2847 2590 3139 2648 peccasset,
3165 2587 3341 2634 tamen
3366 2594 3529 2659 prop—

1980 2679 2063 2726 ter
2098 2671 2268 2726 solum
2297 2670 2712 2726 ecclesiasticum
2760 2670 3000 2724 ordinem
3045 2678 3168 2738 post
3212 2678 3434 2724 mortem
3461 2670 3531 2726 ab

1979 2759 2165 2816 eadem
2197 2767 2382 2816 sancta
2409 2757 2641 2814 Ecclesia
2670 2758 2907 2812 Romana
2933 2757 3401 2813 anathematizatus
3427 2767 3529 2814 est.

1979 2847 2038 2904 Si
2063 2849 2222 2918 igitur
2257 2849 2387 2902 nihil
2427 2847 2481 2901 in
2528 2845 2683 2901 ﬁdem
2711 2855 2993 2916 peccantes
3030 2846 3285 2916 episcopi,
3312 2857 3533 2916 propter

1979 2939 2151 2994 solum
2199 2937 2614 2993 ecclesiasticum
2659 2937 2921 3004 ordinem,
2969 2945 3025 2990 et
3071 2945 3289 3006 propter
3316 2953 3529 2993 causam

1980 3028 2339 3099 pecuniariam
2361 3027 2685 3082 anathemati
2707 3035 2760 3081 et
2775 3035 2896 3095 post
2915 3035 3140 3081 mortem
3163 3027 3528 3095 subjiciuntur,

324 3120 614 3190 ϐάλλονται,
644 3123 792 3191 πόσῳ
835 3122 1018 3192 μᾶλλον
1044 3121 1297 3194 Θεόδωρος
1322 3120 1347 3174 ό
1377 3123 1448 3180 είς
1481 3122 1626 3176 αὐτόν
1647 3122 1732 3176 τόν
1758 3121 1880 3175 Θεὸν

1980 3125 2180 3183 quanto
2199 3117 2366 3182 magis
2393 3114 2726 3181 Theodorus,
2753 3114 2844 3183 qui
2872 3115 2924 3170 in
2953 3113 3123 3183 ipsum
3149 3115 3312 3168 Deum
3337 3129 3533 3184 pecca-

324 3211 612 3274 ὰσεϐήσαςς
641 3209 760 3263 ὅσον
802 3207 855 3264 δέ
885 3211 1010 3284 πρὸς
1047 3215 1136 3266 τήν
1171 3207 1342 3263 ἄνοιαν
1381 3217 1480 3264 τῶν
1515 3209 1772 3278 λεγόντων,
1808 3215 1877 3278 μή

325 3298 428 3353 δεῖν
467 3300 910 3370 ἀναθεματίζεσθαι
953 3301 1082 3372 μετά
1127 3301 1336 3354 θάνατον
1381 3301 1502 3359 τοὺς
1534 3301 1582 3351 έν
1617 3306 1681 3374 τῇ
1727 3299 1880 3372 οἰκείᾳ

329 3387 536 3458 ἀσεϐείᾳ
559 3386 910 3448 τελευτῶντας,
941 3387 997 3439 ού
1036 3384 1116 3440 δεῖ
1135 3385 1256 3456 μηδέ
1282 3389 1402 3444 τοὺς
1426 3383 1612 3446 ἀδίκως
1649 3406 1881 3458 κατακρι-

329 3475 501 3532 θέντκς
525 3475 750 3548 πατέρας
777 3476 903 3546 μετά
940 3475 1146 3530 θάνατον
1181 3473 1562 3536 ἀνακαλεῖσθαι,
1593 3472 1714 3548 ὅπερ
1744 3494 1879 3544 συμ-

327 3563 506 3620 ϐέϐηκε
539 3563 622 3616 καί
657 3565 738 3616 ίπί
762 3561 960 3634 Ἰωάννῃ
988 3571 1059 3632 τῷ
1096 3563 1144 3614 ἐν
1176 3562 1290 3634 όσίᾳ
1423 3565 1586 3634 μνήμῃ
1629 3563 1882 3634 ἕπισκόπῳ

329 3653 569 3725 γενομένῳ
598 3652 1164 3711 ιωνσταντινουπόλεως
1187 3651 1289 3704 ῦπὸ
1313 3657 1404 3710 τῆς
1431 3651 1690 3709 καθολικῆς
1711 3650 1881 3707 ἐκκλη-

327 3745 447 3804 σίας
475 3748 600 3814 μετά
623 3742 834 3799 θάνατον
853 3745 1184 3801 ἆνακληθέντι⁶
1207 3745 1290 3798 καί
1315 3744 1399 3796 ἐπὶ
1423 3743 1676 3810 Φλαυιανῷ
1697 3749 1767 3810 τῷ
1793 3748 1884 3801 τῆς

327 3831 471 3890 ὁσίας
508 3835 702 3904 μνήμης
735 3834 817 3886 καί
858 3834 996 3903 αύτῷ
1035 3831 1606 3890 Κωνσταντινουπόλεως
1641 3831 1882 3900 γενομένῳ

327 3918 582 3991 ίπισκόπῳ
599 3959 616 3984 ,
645 3918 829 3981 ἀδίκως
855 3923 944 3992 μέν
974 3922 1021 3974 ἕν
1061 3925 1160 3995 ζωῇ
1187 3920 1556 3996 κατακριθέντι,
1601 3917 1803 3976 δικαίως
1829 3917 1892 3972 δέ.

325 4009 455 4074 μετὰ
479 4009 682 4063 θάνατον
723 4009 1034 4066 ἀνακληθέντι
1061 4009 1162 4062 ὑπό
1190 4029 1245 4062 τε
1273 4013 1360 4063 τοῦ
1397 4015 1490 4068 τῆς
1516 4006 1660 4066 ὁσίας
1687 4009 1882 4078 μνήμης

327 4097 470 4148 nam
497 4097 722 4156 Λέοντος,
749 4099 831 4149 καί
856 4104 947 4156 τῆς
981 4099 1030 4150 ἐν
1054 4095 1322 4154 Χαλκηδόνι
1345 4095 1494 4168 ἁγίας
1523 4095 1757 4151 συνόδου.
1786 4105 1880 4149 Ἐν-

325 4184 492 4236 τεῦθεν
511 4181 564 4236 δὲ
591 4183 856 4253 συμϐαίνει
879 4187 1009 4240 κατᾶ
1041 4186 1162 4244 τοὺς
1184 4185 1378 4239 ἐκείνων
1406 4185 1584 4256 λόγους
1600 4224 1614 4248 ,
1649 4189 1768 4244 τοὺς
1792 4187 1881 4254 μέν

327 4273 606 4348 αίρετικούς
631 4281 734 4332 τοῖς
761 4273 922 4344 ἁγίοις
949 4276 1170 4350 πατράσι
1193 4275 1614 4348 συναριθμεῖσθαι,
1643 4271 1723 4330 οἷα
1750 4275 1882 4328 ἐλευ-

326 4362 501 4435 θέρους
524 4363 812 4432 ἀφιεμένους
835 4371 926 4421 τῆς
955 4363 1262 4434 ὀφειλομένης
1302 4363 1475 4423 αὐτοῖς
1509 4366 1847 4436 κατακρίσεως
1865 4380 1878 4394 ·

1979 3207 2088 3260 vit?
2117 3205 2382 3272 Quantum
2411 3214 2586 3259 autem
2634 3205 2699 3258 ad
2727 3204 3083 3272 insipientiam
3111 3203 3397 3258 dicentium
3424 3221 3529 3262 ιιυιι

1981 3293 2228 3372 oportere
2257 3299 2690 3354 anathematizari
2721 3303 2842 3367 post
2865 3305 3091 3352 mortem
3119 3313 3215 3353 eos
3240 3298 3331 3368 qui
3357 3297 3410 3352 in
3433 3312 3529 3353 sua

1979 3389 2250 3458 impietate
2275 3387 2468 3442 mortui
2493 3395 2617 3441 sunt
2645 3403 2659 3439 :
2690 3386 2970 3454 oportebat
2991 3401 3090 3440 nec
3112 3401 3206 3440 eos
3225 3387 3314 3456 qui
3339 3387 3534 3454 injuste

1980 3477 2318 3533 condemnati
2339 3484 2464 3530 sunt
2485 3473 2672 3530 Patres
2697 3481 2818 3544 post
2836 3483 3062 3530 mortem
3082 3475 3343 3543 revocari,
3371 3475 3529 3545 quale

1979 3567 2202 3634 contigit
2246 3567 2298 3620 in
2346 3564 2551 3620 Joanne
2603 3572 2800 3619 sancta:
2846 3563 3230 3620 recordationis
3276 3565 3528 3635 episcopo

1977 3655 2573 3725 Constantinopolitanae
2597 3653 2842 3714 civitatis.
2892 3653 2958 3706 ab
2986 3652 3267 3707 universali
3295 3652 3533 3709 Ecclesia

1978 3753 2100 3817 post
2128 3753 2353 3798 mortem
2382 3751 2652 3808 revocato,
2681 3749 2734 3797 et
2756 3741 2809 3796 in
2837 3740 3090 3795 Flaviano
3117 3749 3312 3796 sancta:
3339 3756 3534 3796 memo-

1978 3833 2072 3888 ria:
2100 3843 2154 3888 et
2181 3833 2296 3902 ipso
2333 3833 2584 3902 episcopo
2630 3830 3232 3900 Constantinopolitanae
3280 3830 3532 3896 civitatis,

1979 3921 2176 3992 injuste
2196 3921 2409 3990 quidem
2431 3921 2484 3974 in
2511 3921 2619 3974 vita
2639 3919 3014 3985 condemnato,
3039 3917 3184 3988 juste
3207 3925 3386 3973 autem
3413 3929 3536 3990 post

1979 4017 2208 4066 mortem
2252 4017 2504 4065 revocato
2527 4047 2544 4072 ,
2602 4017 2712 4063 tam
2758 4023 2788 4063 a
2833 4015 3030 4063 sancta:
3081 4007 3352 4062 memoria:
3399 4022 3536 4076 papa

1980 4101 2159 4156 Leone
2178 4115 2338 4169 quam
2357 4115 2388 4154 a
2412 4107 2596 4154 sancta
2621 4097 3044 4154 Chalcedonensi
3071 4096 3294 4167 synodo.
3330 4095 3405 4152 Ex
3435 4099 3538 4153 hoc

1981 4199 2158 4245 autem
2187 4189 2446 4256 contingit
2483 4187 2774 4243 secundum
2799 4187 3008 4242 illorum
3029 4187 3213 4251 verba,
3261 4187 3538 4243 haereticos

1979 4279 2197 4348 quidem
2225 4279 2424 4332 sanctis
2469 4277 2714 4354 Pati-ibus
2740 4276 3135 4339 connumerari,
3163 4283 3223 4328 ut
3248 4285 3374 4345 pote
3400 4276 3538 4332 linea

1982 4377 2128 4424 ratos
2145 4367 2322 4422 debita
2344 4366 2422 4420 eis
2441 4365 2902 4426 condemnatione,
2917 4371 3134 4419 sanctos
3153 4373 3328 4418 autem
3351 4363 3536 4420 Patres

327 4452 446 4510 τοὺς
485 4447 538 4502 δὲ
580 4449 751 4520 όιγίους
787 4451 1011 4525 πατέρας
1055 4449 1242 4510 ἀδίκως
1287 4449 1735 4510 καταδικασθέντας
1776 4459 1880 4510 τοῖς

1981 4465 2174 4532 injuste
2199 4461 2599 4526 condemnatos,
2624 4458 2882 4512 hzereticis
2901 4457 3168 4526 conjungi,
3193 4467 3250 4512 ut
3279 4468 3402 4528 pote
3429 4477 3534 4514 non

329 4543 594 4616 αἱρετικοῖς
623 4548 964 4600 συνάπτεσθαι
983 4585 997 4609 ,
1031 4543 1110 4600 οἶα
1137 4551 1206 4615 μή
1230 4546 1471 4616 λυομένης
1494 4553 1584 4604 τῆς
1617 4545 1693 4598 ἐπ’
1716 4547 1883 4604 αὐτοῖς

331 4628 502 4685 ἀδίκου
529 4631 1327 4709 κατακρίσεως.“Δξιοπιστότερος
1355 4631 1408 4688 δί
1428 4635 1628 4688 πάντων
1656 4635 1769 4686 ἐστὶ
1807 4631 1881 4686 δι·

331 4710 576 4778 δάσκοίλος
603 4723 630 4772 ὂ
668 4721 832 4795 κύριος
868 4725 950 4774 καί
977 4721 1095 4780 Θεὸς
1119 4723 1256 4787 ἡμῶν
1291 4719 1482 4780 Ἰησοῦς
1507 4722 1725 4794 Χριστός
1767 4723 1885 4790 περὶ

332 4809 518 4863 εαυτοῦ
536 4808 687 4878 λέγων
746 4827 764 4857 t
793 4809 938 4864 οὕτω
961 4811 1059 4883 γὰρ
1082 4811 1339 4880 ἠγάπησεν
1366 4809 1392 4864 ό
1420 4811 1540 4868 Θεὸς
1563 4811 1651 4864 τόν
1673 4808 1879 4874 κόσμον.

333 4899 464 4951 ὥστε
484 4897 565 4951 τὸν
593 4897 699 4950 υίόν
723 4899 873 4952 αὐτοῦ
905 4899 989 4952 τὸν
1020 4907 1251 4968 μονογενῆ
1279 4896 1476 4959 ἔδωκεν,
1505 4898 1587 4950 ἵνα
1614 4902 1715 4952 πᾶς
1743 4895 1770 4951 ὃ
1799 4917 1888 4950 πι-

336 4987 529 5040 στεύων
553 4989 624 5046 sic
665 4988 815 5040 αὐτὸν
844 4991 912 5056 μὴ
938 4987 1209 5053 ἀπόληται,
1252 4987 1354 5040 ἀλλ’
1381 4983 1484 5058 ἔχῃ
1523 4990 1650 5050 ζωὴν
1673 4989 1886 5039 αἰώνιον.

335 5077 406 5129 οὐ
423 5077 519 5149 γάρ
548 5075 836 5130 ἀπέστειλεν
859 5073 1040 5135 ό.Θεός
1065 5075 1149 5127 τόν
1170 5075 1281 5128 υἱὸν
1309 5075 1460 5128 αὐτοῦ
1485 5077 1556 5133 είς
1582 5076 1663 5128 τόν
1685 5075 1888 5141 κόσμον,

333 5166 417 5218 ἵνα
437 5167 576 5238 κρίνῃ
601 5165 688 5218 τόν
715 5163 916 5234 κόσμον,
944 5163 1046 5216 ἀλλ’
1071 5165 1154 5217 ἵνα
1191 5163 1326 5236 σωθῇ
1351 5163 1376 5216 ό
1403 5163 1594 5233 κόσμος
1622 5162 1686 5219 δι’
1708 5165 1886 5218 αὐτοῦ.

333 5264 390 5308 ⁸0
416 5254 672 5308 πιστεύων
701 5255 770 5312 s';
793 5255 937 5306 αὐτόν
965 5255 1021 5306 οῦ
1051 5253 1296 5326 κρίνεται⁶
1322 5252 1348 5306 ό
1369 5250 1424 5306 δέ
1449 5256 1798 5324 μή,πιστεύων
1821 5256 1891 5313 εἰς

335 5343 486 5397 αὐτόν
513 5341 606 5400 ἤδη
633 5343 872 5415 κέκριται,
898 5339 975 5396 ὅτι
1000 5347 1070 5412 μή
1093 5342 1428 5395 πεπίστευκεν
1450 5345 1522 5400 είς
1543 5343 1600 5396 τό
1628 5339 1782 5412 ὄνομα
1801 5349 1890 5396 τοῦ

335 5436 629 5504 μονογενοῦς
663 5431 777 5485 υίοῦ
804 5437 896 5487 τοῦ
925 5435 1074 5486 Θεοῦ.
1099 5447 1118 5481 ε
1145 5433 1244 5484 Καὶ
1265 5429 1322 5483 τό
1343 5435 1540 5502 πνεῦμα
1565 5431 1624 5484 τὸ
1653 5430 1789 5502 ἅγιον
1813 5429 1894 5486 δά

336 5529 426 5578 τοῦ
447 5527 706 5600 προφήτου
727 5523 880 5580 Δαυὶδ
897 5526 1048 5596 λέγει,
1067 5525 1188 5585 τοῦς
1207 5522 1412 5583 ἀσεϐεῖς
1429 5527 1498 5595 μη
1517 5525 1894 5584 ἀναστήσεσθαι

337 5614 390 5667 δν
414 5616 594 5686 κρίσει.
633 5622 732 5674 Τῆς
765 5609 849 5667 οῦν
873 5615 1111 5674 τοιαύτης
1137 5619 1226 5670 τοῦ
1255 5613 1430 5686 κυρίου
1453 5613 1752 5684 ἀποφάσεως
1789 5616 1892 5678 ἑξε-

339 5708 600 5783 νεχθείσης
617 5708 747 5762 κατά
767 5706 954 5767 παντὸς
979 5706 1214 5772 ἀσεϐοῦς,
1236 5707 1319 5759 καὶ
1337 5702 1488 5775 μηδὲν
1509 5702 1896 5768 διαστελλούσης

642 5826 914 5886 ΡΑτιιοι..
961 5794 1088 5887 cui?
1121 5815 1468 5880 Lxxxw.

1985 4555 2158 4608 soluta
2183 4560 2369 4606 contra
2397 4565 2490 4604 eos
2521 4549 2658 4604 facta
2687 4549 2864 4617 iniqua
2890 4549 3249 4604 damnatione.
3285 4549 3538 4606 Omnibus

1949 4635 2164 4695 7autem
2194 4639 2361 4708 magis
2388 4637 2682 4692 credendus
2704 4636 2841 4710 [ﬁde
2863 4635 3082 4708 dignus]
3102 4647 3186 4692 est
3211 4637 3410 4693 Doctor
3431 4639 3540 4694 Do-

1986 4728 2158 4782 minus
2201 4735 2256 4781 et
2281 4725 2420 4780 Deus
2463 4733 2646 4780 noster
2667 4724 2820 4780 Jesus
2847 4725 3104 4791 Christus,
3135 4727 3202 4781 de
3229 4742 3288 4782 se
3313 4727 3494 4786 dicens
3523 4751 3536 4784 :

1987 4815 2074 4870 Sic
2095 4817 2230 4870 enim
2257 4815 2433 4868 dilexit
2462 4813 2594 4868 Deus
2640 4814 2902 4876 mundum,
2932 4823 2988 4867 ut
3027 4813 3074 4867 Ρ
3077 4815 3223 4868 ilium
3261 4805 3409 4871 suum
3434 4824 3543 4873 uni-

1986 4907 2205 4976 genitum
2229 4904 2394 4968 daret,
2417 4913 2472 4958 ut
2494 4906 2658 4958 omnis
2682 4906 2766 4974 qui
2797 4905 2956 4958 credit
2983 4905 3034 4958 in
3057 4921 3190 4969 eum,
3213 4922 3316 4960 non
3344 4919 3544 4978 pereat,

1985 4995 2074 5048 sed
2102 4994 2284 5048 habeat
2322 4996 2477 5048 vitam
2515 5003 2779 5049 aaternam.
2806 4993 2928 5048 Non
2965 4995 3100 5048 enim
3126 4997 3264 5050 misit
3295 4997 3427 5052 Deus
3452 4998 3545 5054 Fi-

1986 5083 2110 5136 lium
2131 5097 2274 5135 suum
2295 5081 2348 5134 in
2378 5083 2622 5135 mundum
2648 5091 2703 5134 ut
2723 5081 2919 5152 judicet
2942 5083 3206 5146 mundum,
3241 5085 3332 5140 sed
3360 5096 3416 5140 ut
3439 5089 3548 5141 sal—

1986 5180 2128 5224 vetur
2150 5170 2367 5224 mundus
2390 5187 2480 5240 per
2505 5173 2689 5239 ipsum.
2723 5172 2820 5234 Qui
2847 5171 3010 5224 credit
3035 5173 3089 5225 in
3115 5188 3250 5237 eum,
3281 5190 3383 5228 non
3395 5175 3546 5245 judi-

1989 5268 2178 5311 catur:
2223 5258 2308 5328 qui
2349 5268 2517 5312 autem
2560 5274 2662 5312 non
2686 5259 2862 5322 credit,
2883 5259 2997 5328 jam
3023 5261 3288 5330 judicatus
3305 5272 3399 5325 est,
3425 5265 3546 5334 quia

1988 5363 2089 5400 non
2115 5347 2274 5400 credit
2293 5347 2349 5400 in
2371 5348 2574 5401 nomine
2598 5348 2846 5418 unigeniti
2868 5347 2973 5402 Fili
3017 5347 3115 5403 Dei
3141 5349 3320 5422 (Joan.
3347 5350 3447 5416 ιιι).
3481 5347 3548 5402 Et

1988 5436 2216 5506 Spiritus
2259 5444 2436 5492 autem
2485 5444 2701 5492 sanctus
2727 5452 2826 5507 per
2861 5439 3176 5508 prophetam
3224 5437 3389 5492 David
3415 5436 3546 5492 dicit

1988 5529 2157 5596 (Psat.
2187 5527 2256 5593 ι),
2288 5527 2479 5598 impios
2523 5545 2629 5584 non
2670 5537 3068 5584 resurrecturus
3106 5529 3160 5582 in
3183 5527 3404 5596 judicio.
3426 5522 3546 5577 .Taii

1989 5617 2149 5686 igitur
2177 5617 2386 5672 Domini
2409 5618 2672 5673 sententia
2694 5618 2900 5687 prolata
2930 5617 3185 5671 adversus
3211 5628 3422 5670 omnem
3445 5609 3543 5667 itn-

1991 5707 2160 5778 pium,
2174 5706 2381 5762 etnihil
2401 5705 2738 5764 discernente
2770 5707 2908 5761 inter
2927 5705 3076 5759 vivos
3102 5711 3158 5758 et
3177 5710 3418 5757 mortuo:
3441 5701 3554 5757 hae-

3175 5789 3254 5848 33
