3954 6146
305 340 436 408 1037

1024 321 1389 383 EPISTOLA
1428 326 1824 387 ADVERSUS
1862 331 1908 389 Τ
1914 327 2341 390 ΙΙΕΟΒΟΙΠῙΜ
2386 326 2800 389 .‘JOPSUEST.

3388 331 3524 397 1038

299 452 436 503 σθαι.
463 449 551 502 Ital
583 446 642 506 δη
669 449 924 520 γενομένης
952 447 1190 521 ἀκριϐοῦς
1222 447 1498 512 ἐξετάσεως
1535 449 1857 504 κατεδίκασαν

1970 448 2142 516 ipsum
2202 447 2502 502 Nestorium
2533 447 2742 514 adesse,
2773 457 2826 503 et
2859 447 3121 515 judicium
3150 449 3218 505 de
3259 465 3326 506 eo
3375 451 3489 507 ﬁeri
3519 469 3537 509 :

308 539 568 610 Νεστόριον
589 580 602 601 ,
640 541 1088 607 ἁναθεματίσαντες
1113 542 1206 593 σύν
1243 549 1344 599 τοῖς
1375 540 1644 614 ὁμόφροσιν
1688 545 1859 597 αύτοῖ.

296 628 494 680 ’τούτων
521 625 571 680 δέ
603 627 734 680 οῦτω
763 627 1126 698 προελθόντων,
1159 629 1525 688 ἐπαναστάντες
1549 631 1765 702 Κυρίλλῳ
1793 640 1864 702 τῷ

300 715 658 782 πανοσιωτάτῳ
678 713 724 766 oi
749 722 834 772 τῆς
861 715 1124 782 ἓξαγίστου
1145 717 1418 788 Neo-sopiat)
1445 715 1660 792 μερίδος,
1685 719 1866 772 ἐσπού-

295 801 489 865 δασαν,
529 804 586 858 τό
608 823 664 874 γε
704 801 782 856 ἔπ’
805 805 990 866 αὐτοῖς,
1019 803 1296 874 ἀνατρέψαι
1321 809 1410 863 τήν
1436 809 1567 861 κατὰ
1595 812 1862 880 Νεστορίου

200 907 214 912 ’
295 895 618 962 γεγενημένην
658 895 836 967 κρίσιν.
865 890 983 945 Ἀλλ’
1027 885 1110 944 οὖν
1151 913 1206 962 γε
1259 891 1519 954 Θεοδίσιος
1552 895 1578 947 ὁ
1625 896 1864 956 βασιλεὺς

294 984 771 1051 ἀντιλαμϐανόμενος
799 990 896 1036 τῶν
937 979 1088 1044 ὄντως
1125 983 1282 1055 ὀρθῶς
1317 986 1447 1036 κατά
1486 987 1752 1058 Νεστορίου
1782 992 1865 1040 καὶ

294 1080 393 1127 τῶν
433 1081 655 1148 πονηρῶν
701 1074 855 1130 αὐτοῦ
899 1071 1160 1142 δογμάτων
1187 1073 1476 1148 κριθέντων,
1513 1075 1864 1147 παρεσκεύασε

296 1170 496 1234 κρατεῖν
547 1164 779 1234 γενναίως
819 1161 1058 1231 [Latinus
1105 1161 1364 1226 interpres
1403 1159 1530 1227 legit
1563 1159 1745 1231 οὕτως]
1778 1167 1866 1220 τήν

295 1253 372 1305 ἐπ’
421 1255 562 1324 αύτῷ
615 1253 940 1322 γεγενημένην
989 1253 1170 1323 κρίσιν.
1228 1252 1318 1302 Καὶ
1377 1251 1477 1322 γὰρ
1543 1251 1673 1324 πρὸς
1741 1252 1863 1305 τού-

291 1368 398 1406 τοις
441 1352 525 1402 καὶ
587 1345 712 1400 ἄλλα
761 1347 876 1402 τινὰ
928 1347 1054 1398 κατὰ
1101 1350 1188 1398 τοῦ
1235 1345 1366 1397 θείου
1421 1344 1655 1420 ιίυρίλλου
1709 1365 1866 1396 κατα-

292 1438 714 1508 φλυαρησάντων,
777 1437 954 1509 γράφει
1014 1437 1141 1509 πρὸς
1204 1437 1291 1490 τὸν
1352 1434 1563 1502 βασιλέα
1631 1431 1862 1506 Κύριλλος

217 1523 230 1532 ’
291 1535 519 1583 τοιαῦτ-α’
553 1546 570 1578 ε
589 1526 884 1599 Ἐπειδήπερ
907 1526 1171 1597 ἐπυθόμην,
1201 1521 1239 1577 ὦ
1267 1524 1600 1579 εὐσεϐέστατα
1628 1524 1858 1595 βασιλεῦ,

292 1629 390 1675 τῶν
414 1621 680 1692 φιλολογεῖν
718 1618 954 1672 εἰωθότων
979 1618 1116 1674 τινὰς
1160 1619 1340 1691 ἀγρίων
1373 1623 1572 1686 σφηκῶν
1609 1613 1748 1672 δίκην
1773 1635 1864 1669 πε-

292 1709 550 1784 ριϐομϐεῖν
567 1749 580 1768 ,
615 1711 699 1763 καί
736 1708 1030 1780 μοχθηρούς
1056 1707 1341 1777 ἑρεύγεσθαι
1379 1703 1490 1758 κατ’
1516 1706 1636 1773 ἐμοῦ
1661 1705 1858 1774 λόγους,

1968 538 2316 608 diligentique
2364 539 2764 593 examinatione
2791 537 2946 602 facta,
2978 540 3300 595 damnarunt
3325 551 3380 597 et
3406 557 3536 599 ana-

1970 627 2385 681 thematizarunt
2413 625 2716 682 Nestorium
2745 644 2848 683 una
2870 644 2992 684 cum
3015 631 3368 687 sectatoribus
3395 634 3533 702 ejus.

1968 718 2062 772 llis
2081 727 2260 771 autem
2289 719 2360 772 ita
2389 718 2702 781 subsecutis,
2735 734 2856 772 cum
2901 719 3312 776 insurrexissent
3345 731 3534 779 contra
3559 715 3562 718 ’

1965 807 2359 861 sanctissimum
2414 804 2670 874 Cyrillum
2726 799 3018 862 sectatores
3074 809 3220 878 impii
3269 810 3532 876 Nestorii,

1963 895 2142 948 conati
2162 902 2290 949 sunt
2309 895 2586 964 (quantum
2617 897 2668 948 in
2696 897 2823 965 ipsis
2844 898 2963 969 fuit)
2988 901 3293 956 rescindere
3311 911 3526 956 senten-

1966 986 2093 1038 tiam
2121 993 2310 1039 contra
2337 985 2639 1039 Nestorium
2660 985 2841 1039 latam.
2867 986 2971 1041 Sed
3002 988 3335 1052 Theodosius
3359 993 3534 1061 impe-

1966 1082 2130 1137 rator,
2163 1073 2456 1130 defendens
2481 1090 2544 1128 ea
2575 1090 2694 1144 qua:
2726 1076 2799 1129 ita
2831 1086 2979 1131 recte
3011 1089 3198 1134 contra
3226 1080 3527 1136 Nestorium

1965 1173 2020 1218 et
2049 1165 2206 1233 impia
2237 1164 2352 1234 ejus
2375 1166 2626 1232 dogmata
2653 1166 2865 1220 fuerant
2887 1167 3146 1236 iudicata,
3176 1170 3532 1228 damnationis

1966 1255 2282 1308 sententiam
2317 1255 2369 1308 in
2401 1270 2522 1308 eum
2553 1253 2746 1310 factam
2775 1265 2948 1310 ratam
2976 1257 3164 1312 haberi
3193 1262 3418 1315 curavit.
3447 1259 3534 1315 ln-

1965 1359 2126 1413 super
2155 1353 2332 1398 autem
2364 1361 2482 1400 cum
2504 1353 2559 1399 et
2585 1345 2826 1414 quietiam
2853 1347 2956 1401 alia
2977 1349 3202 1404 crimina
3229 1350 3409 1406 divino
3429 1350 3532 1421 Cy-

1965 1433 2085 1486 rillo
2124 1432 2263 1502 apud
2310 1434 2686 1502 imperatorem
2736 1436 3012 1502 nugaciter
3056 1437 3434 1507 impingerent,
3465 1441 3534 1495 ad

1966 1526 2342 1594 imperatorem
2372 1525 2601 1595 Cyrillus
2629 1526 2682 1580 in
2724 1526 2862 1582 hanc
2903 1529 3226 1584 sententiam
3273 1532 3528 1600 scripsit:

1972 1634 1988 1665 ε
2018 1613 2476 1683 Postquam-mihi
2497 1657 2512 1682 ,
2543 1616 2781 1684 piissime
2809 1617 3123 1686 imperator,
3166 1621 3532 1675 renuntiatum

1965 1714 2065 1769 est,
2097 1703 2356 1772 quosdam
2397 1704 2637 1772 garrulus
2665 1705 2836 1759 instar
2869 1720 3152 1775 vesparum
3182 1707 3411 1763 ferarum
3441 1725 3532 1763 su-

293 1802 360 1858 ὡς
389 1800 440 1862 ἐξ
466 1800 680 1874 ούρανοῦ
708 1798 1090 1880 κατακομισθέν,
1127 1797 1212 1848 καί
1248 1795 1332 1847 οὐκ
1357 1795 1410 1847 ἐκ
1431 1802 1520 1854 τῆς
1549 1793 1698 1864 ἁγίας
1722 1816 1856 1866 παρ-

1961 1795 2127 1849 surris
2145 1794 2254 1848 suis
2280 1809 2434 1848 aures
2483 1803 2600 1847 tuas
2627 1809 2936 1864 personare,
2973 1803 3028 1850 et
3055 1797 3338 1852 maledicta
3368 1798 3420 1852 in
3445 1814 3531 1852 me

291 1893 431 1943 θὲνου
455 1889 679 1957 λέγοντος
713 1887 771 1941 τὸ
809 1887 936 1939 Θεῐιν
965 1893 1118 1954 σῶμα
1145 1889 1365 1957 Χριστοῦ
1383 1924 1396 1946 ,
1427 1885 1511 1937 καί
1549 1884 1638 1948 μίν
1674 1904 1752 1937 τοι
1777 1888 1860 1937 καί

291 1976 382 2030 δύο
401 1979 544 2037 uio”):
571 1971 699 2032 κατά
718 1975 983 2048 Νεστόριον
1003 1974 1252 2045 ὁμολογεῖν
1267 1974 1400 2044 ἡμᾶς
1421 1974 1858 2046 κατεφλυὰρησαν,

292 2067 398 2120 δεῖν
418 2071 638 2139 ᾠήίῖημεν
660 2067 800 2136 ὀλίγα
816 2067 933 2138 περὶ
951 2066 1129 2118 τούτου
1151 2063 1278 2138 πρὸς
1299 2065 1484 2123 αύτούς
1508 2065 1661 2117 εἰπεῖν
1680 2062 1856 2120 οὕτως·

291 2155 362 2210 Ὠ
388 2159 588 2215 ἀνόητοι
611 2159 694 2211 καί
725 2158 870 2228 μόνον
897 2155 1080 2214 ε.’δὸτες
1105 2162 1449 2227 συκοφαντεῖν,
1480 2161 1589 2212 πῶς
1617 2156 1686 2214 εἰς
1715 2160 1864 2207 τοῦτο

290 2250 586 2316 παρήχθητε
629 2250 864 2316 γνώμης,
909 2249 990 2299 καί
1028 2247 1282 2302 τοσαύτην
1321 2248 1616 2302 νενοσήκατε
1649 2246 1858 2306 μανίανς

289 2335 392 2392 ἔδει
423 2344 593 2407 σαφῶς
635 2339 844 2402 ἐννοεῖν,
875 2335 952 2390 ὅτι
995 2334 1184 2404 σχεδὸν
1231 2334 1365 2394 ἄπας
1389 2337 1508 2404 ἡμῖν
1551 2333 1576 2388 ὁ
1615 2335 1742 2408 ύπέρ
1771 2344 1862 2394 τῆς

288 2430 508 2485 πίστεως
548 2429 681 2497 ἀγὼν
708 2427 1100 2493 συνεκεκρότητο
1129 2423 1616 2494 διαδεξαιουμίνοις,
1645 2423 1722 2479 ὅτι
1750 2427 1858 2478 θεο-

289 2516 430 2576 τόκος
465 2516 600 2568 ἐστίν
626 2519 656 2572 ἡ
684 2515 804 2588 ἁγία
830 2519 1016 2591 Μαρία.
1045 2510 1167 2570 Ἀλλ’
1192 2518 1398 2590 ἐπείπερ
1428 2518 1477 2580 ἐξ
1507 2519 1712 2590 οὐρανοῦ
1729 2559 1744 2582 ,
1775 2521 1861 2570 καί

287 2608 378 2660 ούκ
403 2607 450 2670 ἐξ
471 2607 621 2665 αὐτῆς
645 2609 968 2679 γεγεννῆσθαι
994 2608 1052 2660 τὸ
1090 2607 1217 2660 θεῖον
1244 2614 1394 2675 σῶμα
1416 2613 1508 2660 τοῦ
1538 2613 1760 2680 Χριστοῦ
1779 2607 1860 2660 λέ-

289 2716 464 2767 γομεν,
501 2699 568 2757 ὧς
593 2719 746 2770 φασι,
776 2705 885 2758 πῶς
914 2693 972 2751 ἂν
999 2705 1162 2752 νοοῖτο
1189 2697 1450 2761 θεοτὸκοςς
1480 2700 1588 2751 τίνα
1609 2696 1706 2771 γὰρ
1735 2697 1860 2756 ὅλως

291 2788 508 2849 τέτοκεν,
536 2791 578 2841 εἰ
598 2791 667 2856 μή
697 2789 830 2841 ἔστιν
863 2788 1033 2847 ἀληθὲς
1054 2784 1132 2842 ὅτι
1161 2787 1420 2859 γεγέννηκε
1441 2789 1570 2840 κατά
1585 2788 1750 2860 σάρκα
1777 2787 1859 2841 τὸν

293 2883 629 2954 Ἐμμανουήλς
657 2881 983 2950 γελάσθωσαν
1010 2882 1174 2936 τοίνυν
1201 2881 1248 2934 οἱ
1271 2885 1435 2935 ταῦτα
1456 2883 1539 2933 καί
1565 2881 1629 2934 τὰ
1647 2885 1858 2934 τοιαῦτα

293 2971 406 3025 κατ’
454 2972 578 3042 ἐμοῦ
631 2971 1056 3042 πεφλυαρηκὸτες.
1101 2971 1172 3022 Οὐ
1209 2973 1307 3042 γὰρ
1356 2967 1600 3038 ψεύδεται
1633 2969 1787 3039 λέγων
1832 2967 1858 3021 ὃ

289 3061 530 3130 μακάριος
553 3060 776 3120 Ἣσαῖας·
795 3087 866 3100 --
881 3059 1011 3114 Ἰδοὺ
1033 3062 1064 3116 ri
1083 3061 1326 3130 παρθένος
1353 3061 1400 3112 ἕν
1418 3062 1604 3132 γαστρὶ
1630 3060 1746 3124 ἕξει,
1775 3062 1860 3114 καί

289 3152 478 3214 τέξεται
505 3151 628 3211 υὲὁν,
659 3152 745 3203 καί
779 3150 1052 3204 καλέσουσι
1077 3151 1135 3202 τὸ
1165 3145 1319 3219 ὄνομα
1351 3151 1503 3202 αὐτοῦ
1527 3149 1852 3220 Ἐμμανουήλ,

289 3239 317 3293 ὅ
337 3239 468 3303 ἐστι,
487 3241 587 3308 μεθ’
611 3242 748 3307 ἡμῶν
771 3240 795 3290 ὁ
821 3240 965 3299 Θεὸς.
983 3266 1051 3278 ——
1068 3239 1313 3296 ’Δληθεύει
1332 3237 1384 3291 δὲ
1405 3239 1602 3299 πάντως
1625 3243 1702 3292 καί
1719 3238 1745 3292 ὀ
1767 3241 1858 3311 ἀρ·-

292 3329 545 3401 χᾶγγελος
567 3329 786 3400 Γαϐριὴλ
801 3330 927 3401 πρὸς
942 3332 1030 3384 τήν
1047 3328 1288 3400 παρθένον
1309 3327 1562 3381 εἰπώνο-
1583 3333 1657 3384 Μὴ
1680 3328 1856 3396 φοϐοῦ,

293 3424 532 3495 Μαριὰμ,
565 3416 708 3491 εὗρες
735 3421 833 3494 γὰρ
873 3421 1026 3491 χάριν
1063 3421 1202 3490 παρὰ
1224 3425 1296 3489 τῷ
1327 3425 1464 3488 Θεῷ·
1495 3420 1574 3470 καί
1606 3415 1711 3471 ἰδού
1742 3418 1862 3471 συλ-

291 3508 428 3582 λήφῃ
454 3510 502 3561 ἒν
521 3511 732 3582 γαστμ,
763 3511 846 3561 καὶ
887 3510 1044 3571 τέξεις
1078 3508 1208 3570 υἱὸν,
1253 3513 1333 3560 καὶ
1356 3507 1584 3567 καλέσεις
1623 3510 1680 3563 τὸ
1709 3507 1861 3577 {uouet

295 3600 448 3652 αὐτοῦ
473 3597 686 3654 Ἰησοῦν.
718 3596 873 3655 Αὐτὸς
893 3599 992 3668 γὰρ
1025 3598 1186 3649 σὼσει
1203 3596 1290 3649 τὸν
1316 3597 1430 3650 λαὸν
1458 3597 1610 3650 αὐτοῦ
1641 3597 1740 3651 ἀπὸ
1761 3605 1860 3651 τῶν

291 3687 550 3762 ἁμαρτιῶν
566 3689 742 3740 αὐτῶν.
760 3683 992 3738 -Ὅταν
1005 3684 1054 3739 δὲ
1067 3686 1283 3756 λέγομεν,
1299 3683 1480 3738 ἄνωθεν
1495 3685 1542 3748 ἐξ
1555 3687 1763 3758 ούρανοῦ
1777 3689 1860 3740 τὸν

290 3781 459 3851 κύριον
484 3781 620 3848 ἡμῶν
647 3777 840 3835 Ἰησοῦν
871 3779 1084 3850 Χριστὸν
1102 3816 1114 3838 ,
1151 3779 1253 3845 οὐχ
1281 3779 1349 3838 ὡς
1374 3774 1558 3830 ἄνωθεν
1578 3777 1627 3839 ἐξ
1656 3780 1858 3846 ούρανοῦ

289 3871 674 3938 κατενεχθείσης
695 3878 784 3928 τῆς
806 3869 947 3940 ἁγίας
971 3871 1129 3923 αὐτοῦ
1159 3869 1343 3939 σαρκὸς
1366 3871 1530 3923 ταῦτά
1550 3889 1724 3939 φαμεν,
1757 3870 1858 3923 ἀλλ’

289 3965 355 4019 ὡς
377 3962 605 4032 ἑπόμενοι
625 3969 698 4032 τῷ
714 3962 830 4032 ίερῷ
847 3961 1016 4028 Παύλῳ
1033 3962 1290 4030 φάσκοντι,
1309 3989 1375 3998 -
1389 3972 1442 4012 ‘0
1454 3981 1520 4032 πρ
1529 3969 1651 4020 ὦτος
1667 3957 1829 4033 ἄνορω
1845 3989 1856 3998 -

288 4070 384 4110 πος
411 4051 464 4102 ἐκ
487 4058 579 4120 γῆς
621 4052 824 4118 χοῐκός,
863 4049 888 4102 ὁ
935 4047 1166 4122 δεύτερος
1196 4047 1222 4101 ὁ
1261 4050 1426 4122 κύριος
1457 4050 1506 4111 ἐξ
1535 4051 1758 4124 ούρανοῦ.
1790 4079 1858 4090 -

287 4144 575 4210 Μεμνήμεθα
598 4138 650 4193 δὲ
694 4141 777 4192 καὶ
804 4141 954 4192 αὐτοῦ
991 4143 1082 4192 τοῦ
1122 4141 1294 4210 κυρίου
1325 4139 1570 4207 λέγοντος,
1599 4167 1667 4178 -—
1686 4137 1857 4196 Οὐδεὶς

287 4231 585 4288 ἀναϐέϐηκεν
619 4233 688 4290 εἷς
715 4231 800 4284 τὸν
831 4231 1058 4302 οὐρανὸν,
1091 4233 1134 4282 εἰ
1157 4233 1224 4299 μή
1265 4229 1290 4282 ὁ
1319 4231 1370 4281 ἐκ
1414 4236 1498 4282 τοῦ
1530 4232 1735 4300 ούρανοῦ
1767 4252 1856 4282 κα·

288 4322 474 4388 ταϐὰς,
507 4323 532 4376 ὃ
557 4324 665 4382 υίὸς
694 4330 782 4376 τοῦ
813 4323 1091 4394 ἀνθρώπου.
1121 4349 1190 4359 -
1212 4323 1372 4374 Καίτοι
1412 4324 1698 4392 γεγέννηται
1725 4327 1854 4376 κατὰ

287 4413 482 4486 σάρκα,
516 4415 583 4470 ὡς
608 4410 800 4485 εἴρηται
819 4453 832 4474 ,
875 4413 926 4464 ἐκ
957 4421 1044 4469 τῆς
1068 4411 1208 4482 ἁγίας
1237 4414 1503 4484 παρθένου.
1543 4411 1710 4468 ἐπειδὴ
1751 4411 1802 4465 δὲ
1829 4412 1854 4465 ὁ

1963 1889 2227 1946 eructare,
2261 1889 2520 1949 nugantes
2549 1896 2635 1936 me
2659 1897 2903 1937 asserere
2931 1882 3128 1939 Christi
3150 1885 3383 1940 divinum
3411 1901 3533 1942 cor-

1962 1985 2060 2041 pus
2081 1971 2216 2025 Ctelo
2245 1971 2499 2033 delatum,
2531 1979 2588 2025 et
2611 1986 2720 2025 non
2741 1970 2808 2025 de
2836 1980 3019 2027 sancta
3051 1973 3270 2041 Virgine
3292 1991 3532 2044 assump-

1965 2070 2102 2126 tum;
2136 2061 2370 2130 itemque
2398 2061 2532 2117 duos
2562 2061 2698 2116 iilios
2719 2062 2786 2116 de
2813 2064 3077 2118 sententia
3105 2064 3332 2119 Nestorii
3365 2065 3532 2120 confl-

1965 2151 2062 2205 teri
2088 2168 2101 2204 :
2135 2152 2436 2206 existimavi
2462 2152 2662 2206 debere
2691 2167 2776 2208 me
2813 2154 3068 2209 adversus
3105 2155 3250 2225 ipsos
3278 2171 3446 2226 pauca
3475 2158 3531 2210 in

1962 2241 2102 2296 hanc
2143 2241 2460 2296 sententiam
2489 2241 2668 2297 dicere
2693 2260 2706 2294 :
2750 2241 2794 2297 Ο
2823 2242 2972 2308 fatui,
3001 2253 3057 2298 et
3099 2245 3294 2299 nullius
3322 2247 3399 2300 rei
3430 2247 3532 2301 nisi

1961 2331 2317 2386 calumniandi
2390 2333 2578 2401 gnari,
2625 2333 2897 2403 quomodo
2952 2335 3006 2388 in
3055 2335 3195 2390 hanc
3239 2336 3531 2390 devenistis

1961 2421 2298 2486 sententiam,
2325 2429 2637 2491 tantumque
2665 2423 2884 2478 insania:
2911 2425 3272 2493 concepistis?
3299 2424 3529 2480 Omnino

1961 2510 2103 2564 enim
2129 2512 2413 2580 oportebat
2433 2513 2538 2568 hoc
2561 2529 2658 2568 vos
2681 2515 2961 2584 perspicue
2987 2515 3206 2579 sentire,
3233 2524 3398 2570 totam
3422 2516 3531 2570 fere

1962 2607 2198 2654 nostram
2220 2600 2288 2654 de
2310 2600 2413 2656 fide
2431 2601 2846 2670 disputationem
2887 2602 3011 2657 inde
3039 2612 3232 2667 ortam,
3263 2604 3403 2672 quod
3433 2620 3531 2660 nos

1961 2697 2200 2742 sanctam
2230 2688 2449 2743 Mariam
2480 2689 2764 2760 Deiparam
2791 2705 2911 2746 esse
2945 2691 3336 2746 contendimus.
3370 2692 3531 2760 Atqui

1960 2780 2024 2846 si,
2049 2789 2106 2834 ut
2126 2780 2202 2834 illi
2229 2781 2432 2844 dicunt,
2463 2795 2562 2836 nos
2594 2796 2792 2851 corpus
2831 2780 3028 2836 Christi
3051 2780 3291 2838 divinum
3320 2782 3531 2838 calitus

1961 2872 2327 2940 venisse,,non
2355 2887 2421 2926 ex
2452 2873 2565 2941 ipsa
2611 2880 2794 2926 natum
2837 2871 3082 2940 dicimus,
3115 2872 3386 2942 quomodo
3407 2871 3530 2928 Dei-

1963 2973 2090 3028 para
2119 2959 2224 3014 dici
2260 2961 2494 3030 poterit?
2521 2961 2690 3026 Quem
2719 2961 2862 3015 enim
2892 2961 3122 3032 peperit,
3150 2961 3195 3018 si
3221 2961 3324 3018 hoc
3345 2977 3529 3016 verum

1964 3062 2069 3101 non
2119 3054 2221 3108 est,
2252 3048 2396 3116 quod
2425 3048 2718 3102 secundum
2759 3051 2978 3104 car'nein
3028 3050 3298 3119 pepererit
3325 3049 3530 3104 Emma-

1963 3137 2210 3190 nuelem?
2240 3135 2532 3192 Rideantur
2559 3151 2690 3205 ergo
2718 3140 2807 3206 qui
2834 3140 2948 3193 haec
2977 3147 3032 3194 et
3061 3139 3184 3194 talia
3213 3141 3280 3194 de
3306 3156 3395 3196 me
3416 3141 3528 3194 bla-

1961 3231 2154 3278 terant.
2181 3225 2297 3280 Non
2327 3228 2468 3281 enim
2500 3230 2757 3282 mentitur
2780 3237 2994 3284 sanctus
3018 3229 3180 3284 Isaias
3204 3243 3322 3284 cum
3345 3229 3417 3282 ita
3447 3244 3527 3281 va-

1964 3314 2215 3368 ticinatur
2241 3333 2252 3366 :
2281 3314 2411 3369 Ecce
2422 3317 2563 3386 virgo
2582 3318 2636 3369 in
2664 3326 2808 3370 utero
2829 3317 3050 3382 habebit,
3073 3327 3122 3372 et
3145 3318 3312 3387 pariet
3339 3317 3528 3386 ﬁlium,

1961 3414 2009 3457 et
2036 3405 2283 3460 vocabunt
2307 3423 2422 3460 eum
2449 3406 2754 3461 Emmanuel
2772 3449 2788 3476 ,
2817 3409 2952 3478 quod
2974 3419 3071 3474 est,
3100 3407 3361 3461 nobiscum
3394 3406 3528 3461 Deus

1963 3502 2096 3572 (Isa.
2167 3505 2286 3571 vn).
2320 3501 2386 3556 Et
2415 3503 2556 3557 haud
2605 3503 2764 3558 dubie
2809 3519 2995 3558 verum
3039 3503 3172 3557 dixit
3198 3501 3412 3557 Gabriel
3438 3517 3498 3556 ar

1961 3593 2248 3660 changelus
2277 3595 2349 3647 ita
2379 3594 2596 3648 Mariam
2621 3595 2934 3663 alloquens:
2968 3593 3051 3648 Ne
3101 3597 3299 3658 timeas,
3329 3594 3524 3656 Maria,

1959 3685 2195 3736 invenisti
2224 3685 2356 3736 enim
2385 3685 2608 3754 gratiam
2653 3685 2790 3754 apud
2819 3683 3001 3739 Deum.
3035 3683 3170 3738 Ecce
3197 3685 3448 3753 concipies
3477 3686 3527 3736 in

1958 3782 2120 3834 utero,
2153 3783 2201 3824 et
2249 3775 2420 3841 paries
2447 3775 2632 3842 ﬁlium,
2659 3785 2710 3827 et
2736 3775 2940 3828 vocabis
2967 3791 3148 3828 nomen
3172 3776 3281 3844 ejus
3304 3773 3479 3828 Iesum
3511 3792 3527 3826 .-

1959 3865 2068 3932 ipse
2105 3865 2240 3917 enim
2281 3867 2476 3918 salvum
2508 3868 2660 3935 faciet
2689 3867 2931 3936 populum
2961 3883 3104 3920 suum
3133 3884 3163 3920 a
3193 3869 3413 3937 peccatis
3439 3885 3525 3919 co-

1959 3969 2071 4005 rum
2099 3951 2244 4020 (Luc.
2280 3970 2328 4017 i;
2361 3953 2545 4006 Matth.
2579 3951 2637 4021 ι).
2670 3955 2799 4008 Cum
2847 3963 3028 4010 autem
3074 3955 3354 4011 Dominum
3397 3973 3525 4010 nos-

1961 4062 2097 4104 trum
2129 4037 2309 4105 Jesum
2338 4052 2605 4106 Christum
2651 4053 2876 4108 dicimus
2905 4053 3134 4123 desuper
3172 4053 3237 4108 de
3263 4055 3402 4109 curio
3431 4070 3524 4106 ve-

1960 4143 2120 4206 nisse,
2170 4158 2274 4193 non
2328 4159 2393 4195 eo
2434 4159 2591 4196 sensu
2642 4143 2884 4206 dit-imus,
2935 4145 3087 4213 quasi
3131 4154 3376 4214 putemus
3403 4160 3524 4198 eum

1959 4238 2194 4282 sanctam
2221 4245 2367 4282 suam
2400 4246 2613 4284 carnem
2643 4233 2707 4285 de
2731 4234 2868 4286 cmlo
2913 4233 3197 4295 detulisse;
3228 4233 3322 4286 sed
3347 4236 3524 4300 sequi-

1957 4335 2075 4372 mur
2103 4328 2344 4372 sanctum
2396 4319 2634 4381 Paulum,
2669 4322 2756 4390 qui
2788 4322 2859 4374 ita
2888 4323 2963 4376 ait
2990 4340 3002 4374 :
3051 4321 3260 4375 Primus
3283 4323 3432 4375 homo
3463 4324 3523 4373 de

1959 4419 2095 4460 terra
2117 4418 2378 4471 terrenus;
2408 4410 2680 4475 secundus,
2701 4411 2957 4469 ,Domimts
2979 4429 3007 4463 e
3030 4413 3150 4464 uelo
3180 4410 3232 4480 (Ι
3260 4412 3378 4465 Cor.
3411 4428 3522 4466 χνι.

288 4500 468 4557 ἄνωθεν
510 4505 558 4565 ἐξ
605 4505 816 4571 ούρανοῦ
855 4509 1227 4572 καταςοιτὴσας
1257 4505 1375 4563 Θεὸς
1417 4505 1559 4575 λόγις
1599 4506 1854 4557 κεκένωκεν

1960 4496 2226 4550 imitamur
2255 4497 2412 4549 etiam
2443 4508 2497 4550 et
2522 4499 2688 4566 ipsum
2712 4499 2992 4553 Dominum
3023 4501 3289 4553 dicentem
3317 4519 3330 4552 ι
3354 4499 3521 4553 Nemo

287 4593 492 4655 ἔαυτὸν,
520 4599 706 4667 μορφήν
736 4593 912 4646 δούλου
943 4595 1136 4654 λαῗών,
1169 4597 1248 4647 καί
1274 4596 1640 4666 κεχρημάτικεν
1666 4595 1854 4666 ἀνθρὼ-

288 4704 388 4738 που
417 4684 526 4740 υίὸς
561 4684 689 4750 μετά
724 4690 810 4737 τοῦ
839 4691 998 4754 μεῖναι
1025 4681 1047 4734 ὃ
1073 4682 1151 4744 ἦν,
1180 4686 1408 4737 τουτέστι
1436 4684 1579 4742 Θεός¹
1609 4680 1855 4752 ἄτρεπτος

287 4773 386 4846 γὰρ
415 4773 502 4824 καί
521 4771 840 4829 ἀναλλοίωτος
868 4775 998 4824 κατά
1030 4775 1175 4839 φύσιν
1201 4774 1370 4826 εστίν·
1404 4775 1468 4831 ὡς
1497 4769 1565 4830 εἷς
1593 4771 1687 4828 ἤδη
1713 4773 1854 4825 νοού-

287 4879 431 4928 μενος
457 4859 585 4929 μετὰ
618 4867 706 4916 τῆς
745 4858 874 4918 ἰδίας
899 4861 1114 4932 σαρκὸς,
1145 4862 1191 4923 ἐξ
1220 4863 1432 4936 ούρανοῦ
1459 4862 1654 4932 λέγεται
1682 4863 1854 4916 κατελ-

286 4951 400 5006 θεῖν,
432 4947 722 5018 ὠνὲιμασται
745 4945 797 4998 δὲ
820 4952 900 5000 καὶ
931 4946 1185 5020 ἅνθρωπος
1215 4953 1262 5011 ἐξ
1287 4953 1530 5023 ούρανοῦ,
1573 4952 1753 5012 τέλειος
1789 4951 1854 5006 ὧν

286 5036 336 5087 ἐν
361 5035 591 5098 θεὸτητι,
622 5037 707 5086 καί
740 5036 917 5092 τέλειος
959 5034 984 5087 ὁ
1011 5037 1162 5094 αὐτὸς
1187 5038 1237 5088 ἐν
1267 5040 1634 5112 ἀνθρωπότητι,
1674 5043 1756 5092 καί
1786 5044 1852 5100 ὡς

287 5126 338 5179 ἕν
385 5125 457 5178 ἑνί
505 5127 760 5191 προσώπῳ
810 5127 1098 5194 νοούμενος.
1152 5121 1232 5184 Εἷς
1284 5128 1378 5199 γὰρ
1438 5130 1606 5201 κύριος
1659 5128 1853 5188 Ἰησοῦς

285 5214 541 5288 Χριστὸς,
586 5207 674 5266 κᾶν
716 5215 747 5271 ἡ
793 5219 890 5267 τῶν
934 5214 1128 5284 φύσεων
1175 5211 1384 5285 διαφορὰ
1421 5222 1489 5284 μη
1519 5221 1774 5288 ἀγνοῆται,
1805 5221 1852 5280 ἐξ

286 5303 350 5357 ὧν
378 5309 468 5362 τήν
506 5297 788 5377 ἆπόῥρητον
815 5303 991 5355 ἕνωσίν
1028 5321 1182 5372 φαμεν
1223 5307 1538 5372 πεπρᾶχθαι.
1579 5313 1853 5377 Τοιγαροῦν

287 5396 615 5469 ὁμολογοῦμεν
657 5395 740 5447 τὸν
787 5401 1020 5464 μονογενῆ
1067 5393 1172 5446 υἱὸν
1215 5400 1306 5446 τοῦ
1355 5401 1478 5448 Θεοῦ
1525 5396 1685 5466 λόγον,
1732 5397 1850 5450 Θεὸν

284 5485 495 5550 τέλειον,
538 5487 624 5539 καὶ
662 5481 920 5572 ἄνθρωπον
957 5482 1162 5545 τέλειον,
1207 5484 1262 5536 ἔκ
1304 5482 1486 5553 ψυχῆς
1525 5485 1722 5555 λογικῆς
1771 5491 1850 5540 καί

285 5577 536 5646 σώματος,
561 5575 661 5648 πρὸ
679 5576 866 5627 αἰώνων
882 5575 972 5648 μέν
993 5573 1047 5625 ἐκ
1066 5577 1156 5626 τοῦ
1183 5573 1375 5646 πατρὸς
1400 5575 1692 5646 γεννηθέντα
1722 5580 1850 5632 κατά

287 5672 370 5726 τήν
396 5669 634 5727 Θεὸτητα,
676 5665 754 5718 ἐπ’
780 5666 1026 5735 ἐσχάτων
1054 5660 1107 5717 δέ
1133 5673 1231 5718 τῶν
1271 5665 1466 5739 ἡμερῶν
1491 5667 1576 5718 τὸν
1613 5667 1761 5717 αὐτον
1790 5667 1855 5721 δι’

289 5760 415 5831 ὑμᾶς
435 5761 516 5813 καί
541 5755 624 5813 διὰ
648 5761 734 5816 τήν
761 5758 1005 5832 ἡμετέραν
1031 5759 1283 5831 σωτηρίαν
1307 5758 1359 5810 ἐκ
1377 5760 1573 5830 Μαρίας
1597 5765 1684 5816 τῆς
1716 5779 1848 5831 παρ·

1955 4585 2184 4639 ascendit
2213 4587 2263 4636 in
2290 4587 2486 4650 cwlum,
2520 4589 2620 4640 nisi
2673 4589 2758 4656 qui
2800 4589 3057 4642 descendit
3086 4590 3146 4642 de
3173 4589 3295 4642 coelo
3313 4629 3326 4652 ,
3352 4588 3521 4642 Filius

1954 4673 2176 4725 hominis
2203 4671 2573 4743 (Joan.ln).At
2621 4691 2750 4730 vero
2789 4678 2932 4744 quod
2961 4677 3031 4730 ad
3062 4693 3280 4732 carnem
3310 4679 3520 4740 attinet,

1954 4773 2110 4818 natus
2137 4773 2236 4828 est,
2269 4765 2406 4818 sicut
2432 4766 2677 4832 diximus,
2710 4783 2776 4821 ex
2806 4769 2959 4821 beata
2985 4768 3220 4836 Virgine.
3251 4768 3356 4822 Sed
3382 4785 3520 4838 quo-

1955 4856 2096 4910 niam
2127 4855 2358 4910 Verbum
2386 4857 2478 4911 Dci
2500 4858 2566 4912 de
2597 4860 2732 4912 coelo
2776 4858 3125 4923 descendens,
3159 4860 3382 4928 seipsum
3409 4862 3523 4912 exi-
3599 4875 3602 4879 ·

1956 4949 2172 5012 nauivit,
2224 4950 2443 5018 formant
2485 4950 2615 5002 εενυὶ
2663 4951 2991 5018 assumenda,
3022 4949 3265 5016 ﬁliusque
3293 4949 3522 5002 hominis

1953 5037 2179 5103 exstitit,
2209 5053 2331 5091 cum
2363 5047 2536 5092 tamen
2568 5040 2704 5092 idem
2735 5048 3074 5108 permaneret
3101 5041 3191 5108 qui
3221 5049 3378 5094 antea
3408 5039 3520 5092 fue-

1954 5137 2054 5191 rat,
2087 5128 2287 5182 scilicet
2317 5129 2454 5182 Deus
2485 5132 2588 5199 (est
2617 5131 2761 5184 enim
2790 5129 3153 5196 immutabilis,
3193 5139 3248 5183 et
3288 5130 3414 5182 nulli
3446 5129 3523 5182 al~

1957 5219 2206 5272 terationi
2235 5220 2479 5274 obnoxia:
2531 5220 2776 5292 natum),
2810 5237 2930 5276 cum
2955 5220 3068 5289 jam
3094 5238 3230 5276 unus
3259 5220 3521 5285 intelliga-

1955 5322 2040 5366 tur
2067 5328 2186 5368 esse
2215 5329 2336 5368 cum
2361 5317 2577 5385 propria
2605 5332 2784 5381 carne,
2810 5318 3003 5374 dicitur
3030 5322 3096 5376 de
3117 5324 3256 5378 coelo
3285 5324 3494 5377 venisse

1956 5401 2023 5456 Et
2042 5404 2346 5458 nominatur
2369 5407 2529 5460 etiam
2559 5408 2720 5462 homo
2748 5407 2814 5462 de
2835 5411 2992 5473 cmlo,
3017 5426 3138 5465 cum
3167 5413 3237 5466 sit
3256 5409 3522 5480 perfectus

1954 5493 2006 5546 in
2029 5494 2250 5560 deitate,
2282 5495 2525 5564 idemque
2559 5497 2826 5566 perfectus
2855 5499 2905 5550 in
2934 5499 3262 5552 humanitate
3287 5515 3297 5547 :
3328 5495 3520 5557 intelli-

1951 5594 2197 5652 giturque
2227 5600 2331 5638 una
2359 5599 2478 5642 esse
2506 5602 2756 5655 persona.
2793 5585 2940 5641 Unus
2968 5589 3109 5642 enim
3157 5595 3239 5640 est
3266 5584 3520 5638 Dominus

1951 5672 2107 5725 .Icsus
2161 5672 2425 5742 Christus,
2475 5678 3040 5730 tametsionaturarum
3087 5676 3368 5730 discrimen
3411 5686 3518 5724 non

1954 5764 2249 5832 ignoretur,
2273 5780 2338 5821 ex
2358 5768 2547 5835 quibus
2578 5766 2894 5822 ineffabilem
2913 5761 3054 5819 illam
3078 5763 3302 5819 dicimus
3328 5761 3518 5815 factum
