  <div class='ocr_page' id='page_1' title='image "/cluster/home/n/w/nwhite01/storage/ocr_20150623/86 pt.1/mdp.39015028803867/528.png"; bbox 0 0 3994 6140; ppageno 0'>
   <div class='ocr_carea' id='block_1_1' title="bbox 307 269 440 336">
    <p class='ocr_par' dir='ltr' id='par_1_1' title="bbox 307 269 440 336">
     <span class='ocr_line' id='line_1_1' title="bbox 307 269 440 336; baseline 0 0"><span class='ocrx_word' id='word_1_1' title='bbox 307 269 440 336; x_wconf 75' lang='grc'><strong>1041</strong></span> 
     </span>
    </p>
   </div>
   <div class='ocr_carea' id='block_1_2' title="bbox 1023 255 2775 340">
    <p class='ocr_par' dir='ltr' id='par_1_2' title="bbox 1023 255 2775 340">
     <span class='ocr_line' id='line_1_2' title="bbox 1023 255 2775 340; baseline 0.013 -24"><span class='ocrx_word' id='word_1_2' title='bbox 1023 255 1388 323; x_wconf 78' lang='lat' dir='ltr'><strong>EPISTULA</strong></span> <span class='ocrx_word' id='word_1_3' title='bbox 1425 265 1826 331; x_wconf 80' lang='lat' dir='ltr'><strong>ADVERSUS</strong></span> <span class='ocrx_word' id='word_1_4' title='bbox 1860 272 2341 335; x_wconf 84' lang='lat' dir='ltr'><strong>THEODORUM</strong></span> <span class='ocrx_word' id='word_1_5' title='bbox 2380 274 2775 340; x_wconf 86' lang='lat' dir='ltr'><strong>MOPSUEST</strong></span> 
     </span>
    </p>
   </div>
   <div class='ocr_carea' id='block_1_3' title="bbox 3397 274 3538 341">
    <p class='ocr_par' dir='ltr' id='par_1_3' title="bbox 3397 274 3538 341">
     <span class='ocr_line' id='line_1_3' title="bbox 3397 274 3538 341; baseline 0.021 -3"><span class='ocrx_word' id='word_1_6' title='bbox 3397 274 3538 341; x_wconf 68' lang='grc'><strong>1042</strong></span> 
     </span>
    </p>
   </div>
   <div class='ocr_carea' id='block_1_4' title="bbox 291 385 1886 466">
    <p class='ocr_par' dir='ltr' id='par_1_4' title="bbox 291 387 1862 466">
     <span class='ocr_line' id='line_1_4' title="bbox 291 387 1862 466; baseline -0.002 -19"><span class='ocrx_word' id='word_1_7' title='bbox 291 399 388 448; x_wconf 78' lang='grc' dir='ltr'><strong>τῶν</strong></span> <span class='ocrx_word' id='word_1_8' title='bbox 411 387 658 465; x_wconf 75' lang='grc' dir='ltr'><strong>χειρόνων</strong></span> <span class='ocrx_word' id='word_1_9' title='bbox 699 389 828 445; x_wconf 78' lang='grc' dir='ltr'><strong>κατὰ</strong></span> <span class='ocrx_word' id='word_1_10' title='bbox 853 390 1028 463; x_wconf 79' lang='grc' dir='ltr'><strong>μικρὸν</strong></span> <span class='ocrx_word' id='word_1_11' title='bbox 1055 391 1387 460; x_wconf 75' lang='grc' dir='ltr'><strong>ἀφιστάμενον</strong></span> <span class='ocrx_word' id='word_1_12' title='bbox 1429 392 1554 466; x_wconf 79' lang='grc' dir='ltr'><strong>πρὸς</strong></span> <span class='ocrx_word' id='word_1_13' title='bbox 1592 393 1657 448; x_wconf 83' lang='grc' dir='ltr'><strong>τά</strong></span> <span class='ocrx_word' id='word_1_14' title='bbox 1699 393 1862 466; x_wconf 76' lang='grc' dir='ltr'><strong>κρείτ-</strong></span> 
     </span>
    </p>
   </div>
   <div class='ocr_carea' id='block_1_5' title="bbox 1992 385 3536 466">
    <p class='ocr_par' dir='ltr' id='par_1_5' title="bbox 1992 385 3536 460">
     <span class='ocr_line' id='line_1_5' title="bbox 1992 385 3536 460; baseline -0.001 -18"><span class='ocrx_word' id='word_1_15' title='bbox 1992 399 2251 443; x_wconf 73' lang='lat' dir='ltr'><strong>naverunt</strong></span> <span class='ocrx_word' id='word_1_16' title='bbox 2295 406 2458 460; x_wconf 83' lang='lat' dir='ltr'><strong>opera</strong></span> <span class='ocrx_word' id='word_1_17' title='bbox 2486 389 2756 444; x_wconf 82' lang='lat' dir='ltr'><strong>Theodori</strong></span> <span class='ocrx_word' id='word_1_18' title='bbox 2799 386 3184 458; x_wconf 76' lang='lat' dir='ltr'><strong>Mopsuesteni,</strong></span> <span class='ocrx_word' id='word_1_19' title='bbox 3227 385 3320 459; x_wconf 87' lang='lat' dir='ltr'><strong>qui</strong></span> <span class='ocrx_word' id='word_1_20' title='bbox 3369 393 3536 444; x_wconf 82' lang='lat' dir='ltr'><strong>multo</strong></span> 
     </span>
    </p>
   </div>
   <div class='ocr_carea' id='block_1_6' title="bbox 296 477 1864 557">
    <p class='ocr_par' dir='ltr' id='par_1_6' title="bbox 296 477 1864 557">
     <span class='ocr_line' id='line_1_6' title="bbox 296 477 1864 557; baseline -0.001 -21"><span class='ocrx_word' id='word_1_21' title='bbox 296 503 406 536; x_wconf 80' lang='grc' dir='ltr'><strong>τονα</strong></span> <span class='ocrx_word' id='word_1_22' title='bbox 435 490 498 550; x_wconf 73' lang='grc' dir='ltr'><strong>τῇ</strong></span> <span class='ocrx_word' id='word_1_23' title='bbox 542 488 766 557; x_wconf 75' lang='grc' dir='ltr'><strong>προκοπῇ</strong></span> <span class='ocrx_word' id='word_1_24' title='bbox 795 487 896 534; x_wconf 80' lang='grc' dir='ltr'><strong>τῶν</strong></span> <span class='ocrx_word' id='word_1_25' title='bbox 935 477 1095 554; x_wconf 75' lang='grc' dir='ltr'><strong>ἔργων</strong></span> <span class='ocrx_word' id='word_1_26' title='bbox 1131 479 1424 542; x_wconf 72' lang='grc' dir='ltr'><strong>ἐληλυθέναι,</strong></span> <span class='ocrx_word' id='word_1_27' title='bbox 1456 485 1536 534; x_wconf 76' lang='grc' dir='ltr'><strong>καὶ</strong></span> <span class='ocrx_word' id='word_1_28' title='bbox 1577 489 1639 553; x_wconf 75' lang='grc' dir='ltr'><strong>τῇ</strong></span> <span class='ocrx_word' id='word_1_29' title='bbox 1679 483 1864 552; x_wconf 78' lang='grc' dir='ltr'><strong>ἀρίστῃ</strong></span> 
     </span>
    </p>
   </div>
   <div class='ocr_carea' id='block_1_7' title="bbox 291 565 1866 647">
    <p class='ocr_par' dir='ltr' id='par_1_7' title="bbox 291 565 1866 647">
     <span class='ocr_line' id='line_1_7' title="bbox 291 565 1866 647; baseline -0.001 -24"><span class='ocrx_word' id='word_1_30' title='bbox 291 570 515 640; x_wconf 69' lang='grc' dir='ltr'><strong>πολιτείᾳ</strong></span> <span class='ocrx_word' id='word_1_31' title='bbox 558 569 808 640; x_wconf 40' lang='grc' dir='ltr'><strong>γενόδπνον</strong></span> <span class='ocrx_word' id='word_1_32' title='bbox 847 565 1072 638; x_wconf 75' lang='grc' dir='ltr'><strong>ὕμωμον.</strong></span> <span class='ocrx_word' id='word_1_33' title='bbox 1122 572 1206 622; x_wconf 72' lang='grc' dir='ltr'><strong>Καὶ</strong></span> <span class='ocrx_word' id='word_1_34' title='bbox 1245 571 1312 628; x_wconf 85' lang='grc' dir='ltr'><strong>ὡς</strong></span> <span class='ocrx_word' id='word_1_35' title='bbox 1341 568 1481 640; x_wconf 68' lang='grc' dir='ltr'><strong>ψιλὸν</strong></span> <span class='ocrx_word' id='word_1_36' title='bbox 1521 567 1770 647; x_wconf 75' lang='grc' dir='ltr'><strong>ἄνθρωπον</strong></span> <span class='ocrx_word' id='word_1_37' title='bbox 1817 571 1866 624; x_wconf 83' lang='grc' dir='ltr'><strong>ἐν</strong></span> 
     </span>
    </p>
   </div>
   <div class='ocr_carea' id='block_1_8' title="bbox 289 659 1870 734">
    <p class='ocr_par' dir='ltr' id='par_1_8' title="bbox 289 659 1870 734">
     <span class='ocr_line' id='line_1_8' title="bbox 289 659 1870 734; baseline 0.001 -22"><span class='ocrx_word' id='word_1_38' title='bbox 289 661 494 726; x_wconf 72' lang='grc' dir='ltr'><strong>ὀνόματι</strong></span> <span class='ocrx_word' id='word_1_39' title='bbox 517 661 730 732; x_wconf 78' lang='grc' dir='ltr'><strong>πατρὸς,</strong></span> <span class='ocrx_word' id='word_1_40' title='bbox 760 663 845 714; x_wconf 79' lang='grc' dir='ltr'><strong>καὶ</strong></span> <span class='ocrx_word' id='word_1_41' title='bbox 874 659 1008 719; x_wconf 82' lang='grc' dir='ltr'><strong>υἱοῦ,</strong></span> <span class='ocrx_word' id='word_1_42' title='bbox 1041 663 1126 713; x_wconf 78' lang='grc' dir='ltr'><strong>καί</strong></span> <span class='ocrx_word' id='word_1_43' title='bbox 1155 660 1298 732; x_wconf 85' lang='grc' dir='ltr'><strong>άγίου</strong></span> <span class='ocrx_word' id='word_1_44' title='bbox 1323 662 1608 734; x_wconf 81' lang='grc' dir='ltr'><strong>πνεύματος</strong></span> <span class='ocrx_word' id='word_1_45' title='bbox 1647 663 1870 734; x_wconf 66' lang='grc' dir='ltr'><strong>βαπτισ-</strong></span> 
     </span>
    </p>
   </div>
   <div class='ocr_carea' id='block_1_9' title="bbox 289 747 1866 826">
    <p class='ocr_par' dir='ltr' id='par_1_9' title="bbox 289 747 1866 826">
     <span class='ocr_line' id='line_1_9' title="bbox 289 747 1866 826; baseline 0 -24"><span class='ocrx_word' id='word_1_46' title='bbox 289 753 450 814; x_wconf 82' lang='grc' dir='ltr'><strong>θῆναι,</strong></span> <span class='ocrx_word' id='word_1_47' title='bbox 487 752 570 802; x_wconf 80' lang='grc' dir='ltr'><strong>καί</strong></span> <span class='ocrx_word' id='word_1_48' title='bbox 613 747 694 804; x_wconf 80' lang='grc' dir='ltr'><strong>διὰ</strong></span> <span class='ocrx_word' id='word_1_49' title='bbox 721 757 810 803; x_wconf 84' lang='grc' dir='ltr'><strong>τοῦ</strong></span> <span class='ocrx_word' id='word_1_50' title='bbox 853 750 1212 822; x_wconf 60' lang='grc' dir='ltr'><strong>βαπτίσματος</strong></span> <span class='ocrx_word' id='word_1_51' title='bbox 1259 755 1348 809; x_wconf 75' lang='grc' dir='ltr'><strong>τήν</strong></span> <span class='ocrx_word' id='word_1_52' title='bbox 1390 754 1548 826; x_wconf 86' lang='grc' dir='ltr'><strong>χάριν</strong></span> <span class='ocrx_word' id='word_1_53' title='bbox 1591 758 1679 805; x_wconf 83' lang='grc' dir='ltr'><strong>τοῦ</strong></span> <span class='ocrx_word' id='word_1_54' title='bbox 1722 750 1866 818; x_wconf 77' lang='grc' dir='ltr'><strong>ἁγίου</strong></span> 
     </span>
    </p>
   </div>
   <div class='ocr_carea' id='block_1_10' title="bbox 289 837 1872 911">
    <p class='ocr_par' dir='ltr' id='par_1_10' title="bbox 289 837 1872 911">
     <span class='ocr_line' id='line_1_10' title="bbox 289 837 1872 911; baseline 0 -17"><span class='ocrx_word' id='word_1_55' title='bbox 289 837 574 910; x_wconf 76' lang='grc' dir='ltr'><strong>πνεύματος</strong></span> <span class='ocrx_word' id='word_1_56' title='bbox 625 841 860 911; x_wconf 69' lang='grc' dir='ltr'><strong>εἰληφέναι</strong></span> <span class='ocrx_word' id='word_1_57' title='bbox 907 843 994 893; x_wconf 80' lang='grc' dir='ltr'><strong>καί</strong></span> <span class='ocrx_word' id='word_1_58' title='bbox 1043 842 1294 901; x_wconf 77' lang='grc' dir='ltr'><strong>υἱοθεσίας</strong></span> <span class='ocrx_word' id='word_1_59' title='bbox 1335 844 1588 904; x_wconf 77' lang='grc' dir='ltr'><strong>ἠξιῶσθαι.</strong></span> <span class='ocrx_word' id='word_1_60' title='bbox 1637 846 1723 896; x_wconf 77' lang='grc' dir='ltr'><strong>καί</strong></span> <span class='ocrx_word' id='word_1_61' title='bbox 1763 839 1872 894; x_wconf 81' lang='grc' dir='ltr'><strong>καθ’</strong></span> 
     </span>
    </p>
   </div>
   <div class='ocr_carea' id='block_1_11' title="bbox 291 932 1870 1004">
    <p class='ocr_par' dir='ltr' id='par_1_11' title="bbox 291 932 1870 1004">
     <span class='ocr_line' id='line_1_11' title="bbox 291 932 1870 1004; baseline -0.001 -18"><span class='ocrx_word' id='word_1_62' title='bbox 291 935 526 1000; x_wconf 74' lang='grc' dir='ltr'><strong>ὁμοίωσιν</strong></span> <span class='ocrx_word' id='word_1_63' title='bbox 551 932 811 1004; x_wconf 78' lang='grc' dir='ltr'><strong>βασιλικῆς</strong></span> <span class='ocrx_word' id='word_1_64' title='bbox 841 933 1019 992; x_wconf 75' lang='grc' dir='ltr'><strong>εἰκόνος</strong></span> <span class='ocrx_word' id='word_1_65' title='bbox 1043 935 1112 992; x_wconf 86' lang='grc' dir='ltr'><strong>είς</strong></span> <span class='ocrx_word' id='word_1_66' title='bbox 1151 933 1424 1003; x_wconf 83' lang='grc' dir='ltr'><strong>πρόσωπον</strong></span> <span class='ocrx_word' id='word_1_67' title='bbox 1452 939 1544 986; x_wconf 83' lang='grc' dir='ltr'><strong>τοῦ</strong></span> <span class='ocrx_word' id='word_1_68' title='bbox 1572 939 1698 986; x_wconf 74' lang='grc' dir='ltr'><strong>Θεοῦ</strong></span> <span class='ocrx_word' id='word_1_69' title='bbox 1727 933 1870 1003; x_wconf 66' lang='grc' dir='ltr'><strong>ὶόγου</strong></span> 
     </span>
    </p>
   </div>
   <div class='ocr_carea' id='block_1_12' title="bbox 291 1025 1873 1099">
    <p class='ocr_par' dir='ltr' id='par_1_12' title="bbox 291 1025 1873 1099">
     <span class='ocr_line' id='line_1_12' title="bbox 291 1025 1873 1099; baseline -0.002 -21"><span class='ocrx_word' id='word_1_70' title='bbox 291 1027 373 1078; x_wconf 81' lang='grc' dir='ltr'><strong>τόν</strong></span> <span class='ocrx_word' id='word_1_71' title='bbox 423 1025 638 1099; x_wconf 77' lang='grc' dir='ltr'><strong>Χριστόν</strong></span> <span class='ocrx_word' id='word_1_72' title='bbox 680 1025 1093 1099; x_wconf 79' lang='grc' dir='ltr'><strong>προσκυνεῖσθαι,</strong></span> <span class='ocrx_word' id='word_1_73' title='bbox 1145 1027 1230 1076; x_wconf 73' lang='grc' dir='ltr'><strong>καί</strong></span> <span class='ocrx_word' id='word_1_74' title='bbox 1273 1025 1401 1094; x_wconf 81' lang='grc' dir='ltr'><strong>μετά</strong></span> <span class='ocrx_word' id='word_1_75' title='bbox 1447 1029 1538 1082; x_wconf 74' lang='grc' dir='ltr'><strong>τήν</strong></span> <span class='ocrx_word' id='word_1_76' title='bbox 1588 1025 1873 1077; x_wconf 72' lang='grc' dir='ltr'><strong>ἀνάστασιν</strong></span> 
     </span>
    </p>
   </div>
   <div class='ocr_carea' id='block_1_13' title="bbox 291 1112 1876 1188">
    <p class='ocr_par' dir='ltr' id='par_1_13' title="bbox 291 1112 1876 1188">
     <span class='ocr_line' id='line_1_13' title="bbox 291 1112 1876 1188; baseline -0.004 -18"><span class='ocrx_word' id='word_1_77' title='bbox 291 1112 542 1185; x_wconf 70' lang='grc' dir='ltr'><strong>ἆῖρεπτον</strong></span> <span class='ocrx_word' id='word_1_78' title='bbox 569 1121 679 1172; x_wconf 84' lang='grc' dir='ltr'><strong>ταῖς</strong></span> <span class='ocrx_word' id='word_1_79' title='bbox 707 1115 907 1173; x_wconf 57' lang='grc' dir='ltr'><strong>ἐννοίαις</strong></span> <span class='ocrx_word' id='word_1_80' title='bbox 930 1116 1016 1168; x_wconf 83' lang='grc' dir='ltr'><strong>καί</strong></span> <span class='ocrx_word' id='word_1_81' title='bbox 1038 1114 1392 1188; x_wconf 71' lang='grc' dir='ltr'><strong>ἀναμάρτητον</strong></span> <span class='ocrx_word' id='word_1_82' title='bbox 1429 1116 1743 1186; x_wconf 74' lang='grc' dir='ltr'><strong>γεγενῆσθαι.</strong></span> <span class='ocrx_word' id='word_1_83' title='bbox 1775 1115 1876 1165; x_wconf 73' lang='grc' dir='ltr'><strong>Καὶ</strong></span> 
     </span>
    </p>
   </div>
   <div class='ocr_carea' id='block_1_14' title="bbox 293 1201 1874 1279">
    <p class='ocr_par' dir='ltr' id='par_1_14' title="bbox 293 1201 1874 1279">
     <span class='ocr_line' id='line_1_14' title="bbox 293 1201 1874 1279; baseline -0.003 -19"><span class='ocrx_word' id='word_1_84' title='bbox 293 1207 421 1279; x_wconf 72' lang='grc' dir='ltr'><strong>πρὸς</strong></span> <span class='ocrx_word' id='word_1_85' title='bbox 452 1206 649 1264; x_wconf 73' lang='grc' dir='ltr'><strong>τούτοις</strong></span> <span class='ocrx_word' id='word_1_86' title='bbox 695 1201 824 1264; x_wconf 77' lang='grc' dir='ltr'><strong>εἶπε,</strong></span> <span class='ocrx_word' id='word_1_87' title='bbox 871 1207 1107 1263; x_wconf 81' lang='grc' dir='ltr'><strong>τοιαύτην</strong></span> <span class='ocrx_word' id='word_1_88' title='bbox 1132 1206 1430 1276; x_wconf 81' lang='grc' dir='ltr'><strong>γεγενῆσθαι</strong></span> <span class='ocrx_word' id='word_1_89' title='bbox 1453 1211 1542 1262; x_wconf 76' lang='grc' dir='ltr'><strong>την</strong></span> <span class='ocrx_word' id='word_1_90' title='bbox 1584 1205 1757 1258; x_wconf 81' lang='grc' dir='ltr'><strong>ἴνωσιν</strong></span> <span class='ocrx_word' id='word_1_91' title='bbox 1783 1209 1874 1258; x_wconf 83' lang='grc' dir='ltr'><strong>τοῦ</strong></span> 
     </span>
    </p>
   </div>
   <div class='ocr_carea' id='block_1_15' title="bbox 291 1291 1876 1370">
    <p class='ocr_par' dir='ltr' id='par_1_15' title="bbox 291 1291 1876 1370">
     <span class='ocr_line' id='line_1_15' title="bbox 291 1291 1876 1370; baseline -0.001 -22"><span class='ocrx_word' id='word_1_92' title='bbox 291 1302 422 1348; x_wconf 71' lang='grc' dir='ltr'><strong>Θεοῦ</strong></span> <span class='ocrx_word' id='word_1_93' title='bbox 450 1295 598 1366; x_wconf 78' lang='grc' dir='ltr'><strong>λόγου</strong></span> <span class='ocrx_word' id='word_1_94' title='bbox 641 1296 769 1368; x_wconf 84' lang='grc' dir='ltr'><strong>πρὸς</strong></span> <span class='ocrx_word' id='word_1_95' title='bbox 810 1296 892 1348; x_wconf 82' lang='grc' dir='ltr'><strong>τὸν</strong></span> <span class='ocrx_word' id='word_1_96' title='bbox 937 1297 1174 1370; x_wconf 82' lang='grc' dir='ltr'><strong>Χριστόν,</strong></span> <span class='ocrx_word' id='word_1_97' title='bbox 1207 1295 1380 1349; x_wconf 80' lang='grc' dir='ltr'><strong>ὁποίαν</strong></span> <span class='ocrx_word' id='word_1_98' title='bbox 1410 1294 1436 1348; x_wconf 90' lang='grc' dir='ltr'><strong>ό</strong></span> <span class='ocrx_word' id='word_1_99' title='bbox 1465 1295 1746 1354; x_wconf 81' lang='grc' dir='ltr'><strong>ἀπόστολος</strong></span> <span class='ocrx_word' id='word_1_100' title='bbox 1781 1291 1876 1367; x_wconf 68' lang='grc' dir='ltr'><strong>ἔφη</strong></span> 
     </span>
    </p>
   </div>
   <div class='ocr_carea' id='block_1_16' title="bbox 296 1383 1880 1463">
    <p class='ocr_par' dir='ltr' id='par_1_16' title="bbox 296 1383 1880 1463">
     <span class='ocr_line' id='line_1_16' title="bbox 296 1383 1880 1463; baseline -0.002 -22"><span class='ocrx_word' id='word_1_101' title='bbox 296 1390 416 1460; x_wconf 74' lang='grc' dir='ltr'><strong>περὶ</strong></span> <span class='ocrx_word' id='word_1_102' title='bbox 440 1393 531 1440; x_wconf 83' lang='grc' dir='ltr'><strong>τοῦ</strong></span> <span class='ocrx_word' id='word_1_103' title='bbox 568 1385 745 1463; x_wconf 76' lang='grc' dir='ltr'><strong>ἀνδρὸς</strong></span> <span class='ocrx_word' id='word_1_104' title='bbox 771 1390 856 1440; x_wconf 70' lang='grc' dir='ltr'><strong>καί</strong></span> <span class='ocrx_word' id='word_1_105' title='bbox 890 1395 980 1445; x_wconf 77' lang='grc' dir='ltr'><strong>τῆς</strong></span> <span class='ocrx_word' id='word_1_106' title='bbox 1005 1385 1242 1458; x_wconf 81' lang='grc' dir='ltr'><strong>γυναικός</strong></span> <span class='ocrx_word' id='word_1_107' title='bbox 1262 1402 1277 1416; x_wconf 79' lang='grc'><strong>⁸</strong></span> <span class='ocrx_word' id='word_1_108' title='bbox 1315 1405 1332 1436; x_wconf 83' lang='grc' dir='ltr'><strong>ε</strong></span> <span class='ocrx_word' id='word_1_109' title='bbox 1359 1383 1596 1440; x_wconf 71' lang='grc' dir='ltr'><strong>’Ἔσονται</strong></span> <span class='ocrx_word' id='word_1_110' title='bbox 1623 1387 1666 1438; x_wconf 81' lang='grc' dir='ltr'><strong>οἱ</strong></span> <span class='ocrx_word' id='word_1_111' title='bbox 1691 1383 1781 1439; x_wconf 85' lang='grc' dir='ltr'><strong>δύο</strong></span> <span class='ocrx_word' id='word_1_112' title='bbox 1807 1389 1880 1446; x_wconf 82' lang='grc' dir='ltr'><strong>εἰς</strong></span> 
     </span>
    </p>
   </div>
   <div class='ocr_carea' id='block_1_17' title="bbox 295 1478 1882 1554">
    <p class='ocr_par' dir='ltr' id='par_1_17' title="bbox 295 1478 1882 1554">
     <span class='ocr_line' id='line_1_17' title="bbox 295 1478 1882 1554; baseline -0.002 -20"><span class='ocrx_word' id='word_1_113' title='bbox 295 1481 472 1554; x_wconf 81' lang='grc' dir='ltr'><strong>σάρκα</strong></span> <span class='ocrx_word' id='word_1_114' title='bbox 497 1480 614 1548; x_wconf 74' lang='grc' dir='ltr'><strong>μίαν</strong></span> <span class='ocrx_word' id='word_1_115' title='bbox 633 1495 644 1507; x_wconf 91' lang='grc'>·</span> <span class='ocrx_word' id='word_1_116' title='bbox 675 1499 693 1530; x_wconf 69' lang='grc' dir='ltr'><strong>ι</strong></span> <span class='ocrx_word' id='word_1_117' title='bbox 733 1478 813 1534; x_wconf 73' lang='grc' dir='ltr'><strong>ἔτι</strong></span> <span class='ocrx_word' id='word_1_118' title='bbox 834 1478 886 1534; x_wconf 81' lang='grc' dir='ltr'><strong>δέ</strong></span> <span class='ocrx_word' id='word_1_119' title='bbox 909 1483 1264 1554; x_wconf 79' lang='grc' dir='ltr'><strong>προτρέπομαι</strong></span> <span class='ocrx_word' id='word_1_120' title='bbox 1283 1481 1418 1552; x_wconf 75' lang='grc' dir='ltr'><strong>ὑμᾶς</strong></span> <span class='ocrx_word' id='word_1_121' title='bbox 1440 1481 1674 1544; x_wconf 79' lang='grc' dir='ltr'><strong>ἐξετάσαι</strong></span> <span class='ocrx_word' id='word_1_122' title='bbox 1701 1480 1785 1541; x_wconf 72' lang='grc' dir='ltr'><strong>καί</strong></span> <span class='ocrx_word' id='word_1_123' title='bbox 1811 1479 1882 1532; x_wconf 82' lang='grc' dir='ltr'><strong>τά</strong></span> 
     </span>
    </p>
   </div>
   <div class='ocr_carea' id='block_1_18' title="bbox 294 1569 1884 1647">
    <p class='ocr_par' dir='ltr' id='par_1_18' title="bbox 294 1569 1884 1647">
     <span class='ocr_line' id='line_1_18' title="bbox 294 1569 1884 1647; baseline 0.004 -23"><span class='ocrx_word' id='word_1_124' title='bbox 294 1579 463 1630; x_wconf 79' lang='grc' dir='ltr'><strong>κακῶς</strong></span> <span class='ocrx_word' id='word_1_125' title='bbox 487 1575 739 1644; x_wconf 76' lang='grc' dir='ltr'><strong>γραφέντα</strong></span> <span class='ocrx_word' id='word_1_126' title='bbox 769 1575 910 1646; x_wconf 81' lang='grc' dir='ltr'><strong>παρὰ</strong></span> <span class='ocrx_word' id='word_1_127' title='bbox 949 1570 1263 1647; x_wconf 72' lang='grc' dir='ltr'><strong>Θεοδωρίτω</strong></span> <span class='ocrx_word' id='word_1_128' title='bbox 1287 1576 1371 1626; x_wconf 82' lang='grc' dir='ltr'><strong>καί</strong></span> <span class='ocrx_word' id='word_1_129' title='bbox 1406 1569 1520 1626; x_wconf 81' lang='grc' dir='ltr'><strong>Ἴϐα</strong></span> <span class='ocrx_word' id='word_1_130' title='bbox 1547 1573 1678 1626; x_wconf 85' lang='grc' dir='ltr'><strong>κατά</strong></span> <span class='ocrx_word' id='word_1_131' title='bbox 1715 1578 1806 1631; x_wconf 74' lang='grc' dir='ltr'><strong>τῆς</strong></span> <span class='ocrx_word' id='word_1_132' title='bbox 1834 1571 1884 1623; x_wconf 67' lang='grc' dir='ltr'><strong>ἓν</strong></span> 
     </span>
    </p>
   </div>
   <div class='ocr_carea' id='block_1_19' title="bbox 296 1661 1880 1738">
    <p class='ocr_par' dir='ltr' id='par_1_19' title="bbox 296 1661 1880 1738">
     <span class='ocr_line' id='line_1_19' title="bbox 296 1661 1880 1738; baseline -0.001 -22"><span class='ocrx_word' id='word_1_133' title='bbox 296 1663 482 1732; x_wconf 45' lang='lat' dir='ltr'><strong>Beier,»</strong></span> <span class='ocrx_word' id='word_1_134' title='bbox 507 1663 712 1738; x_wconf 75' lang='grc' dir='ltr'><strong>πρώτης</strong></span> <span class='ocrx_word' id='word_1_135' title='bbox 741 1663 887 1736; x_wconf 75' lang='grc' dir='ltr'><strong>ἁγίας</strong></span> <span class='ocrx_word' id='word_1_136' title='bbox 919 1661 1153 1726; x_wconf 74' lang='grc' dir='ltr'><strong>συνόδου,</strong></span> <span class='ocrx_word' id='word_1_137' title='bbox 1182 1666 1269 1717; x_wconf 78' lang='grc' dir='ltr'><strong>καὶ</strong></span> <span class='ocrx_word' id='word_1_138' title='bbox 1294 1663 1474 1736; x_wconf 78' lang='grc' dir='ltr'><strong>ὁμοίως</strong></span> <span class='ocrx_word' id='word_1_139' title='bbox 1503 1665 1570 1718; x_wconf 82' lang='grc' dir='ltr'><strong>τά</strong></span> <span class='ocrx_word' id='word_1_140' title='bbox 1593 1663 1703 1718; x_wconf 72' lang='grc' dir='ltr'><strong>κατ’</strong></span> <span class='ocrx_word' id='word_1_141' title='bbox 1726 1663 1880 1716; x_wconf 80' lang='grc' dir='ltr'><strong>αὐτοῦ</strong></span> 
     </span>
    </p>
   </div>
   <div class='ocr_carea' id='block_1_20' title="bbox 297 1751 674 1822">
    <p class='ocr_par' dir='ltr' id='par_1_20' title="bbox 297 1751 674 1822">
     <span class='ocr_line' id='line_1_20' title="bbox 297 1751 674 1822; baseline -0.008 -17"><span class='ocrx_word' id='word_1_142' title='bbox 297 1751 674 1822; x_wconf 64' lang='grc' dir='ltr'><strong>ἀποφήνασθαι.</strong></span> 
     </span>
    </p>
   </div>
   <div class='ocr_carea' id='block_1_21' title="bbox 1972 479 3536 551">
    <p class='ocr_par' dir='ltr' id='par_1_21' title="bbox 1972 479 3536 551">
     <span class='ocr_line' id='line_1_21' title="bbox 1972 479 3536 551; baseline 0.001 -18"><span class='ocrx_word' id='word_1_143' title='bbox 1972 479 2156 549; x_wconf 82' lang='lat' dir='ltr'><strong>pejora</strong></span> <span class='ocrx_word' id='word_1_144' title='bbox 2185 495 2343 549; x_wconf 85' lang='lat' dir='ltr'><strong>quam</strong></span> <span class='ocrx_word' id='word_1_145' title='bbox 2366 479 2643 536; x_wconf 85' lang='lat' dir='ltr'><strong>Nestorius</strong></span> <span class='ocrx_word' id='word_1_146' title='bbox 2674 481 2791 550; x_wconf 82' lang='lat' dir='ltr'><strong>ejus</strong></span> <span class='ocrx_word' id='word_1_147' title='bbox 2815 480 3106 550; x_wconf 86' lang='lat' dir='ltr'><strong>discipulus</strong></span> <span class='ocrx_word' id='word_1_148' title='bbox 3127 479 3536 551; x_wconf 79' lang='lat' dir='ltr'><strong>blasphemavit.</strong></span> 
     </span>
    </p>
   </div>
   <div class='ocr_carea' id='block_1_22' title="bbox 1971 568 3541 640">
    <p class='ocr_par' dir='ltr' id='par_1_22' title="bbox 1971 568 3541 640">
     <span class='ocr_line' id='line_1_22' title="bbox 1971 568 3541 640; baseline 0.001 -18"><span class='ocrx_word' id='word_1_149' title='bbox 1971 568 2079 624; x_wconf 81' lang='lat' dir='ltr'><strong>Nos</strong></span> <span class='ocrx_word' id='word_1_150' title='bbox 2106 569 2268 638; x_wconf 80' lang='lat' dir='ltr'><strong>igitur</strong></span> <span class='ocrx_word' id='word_1_151' title='bbox 2293 579 2578 638; x_wconf 73' lang='lat' dir='ltr'><strong>sequentes</strong></span> <span class='ocrx_word' id='word_1_152' title='bbox 2615 579 2832 626; x_wconf 84' lang='lat' dir='ltr'><strong>sanctos</strong></span> <span class='ocrx_word' id='word_1_153' title='bbox 2869 579 3049 640; x_wconf 90' lang='lat' dir='ltr'><strong>patres</strong></span> <span class='ocrx_word' id='word_1_154' title='bbox 3087 579 3324 637; x_wconf 86' lang='lat' dir='ltr'><strong>nostros,</strong></span> <span class='ocrx_word' id='word_1_155' title='bbox 3357 577 3414 624; x_wconf 90' lang='lat' dir='ltr'><strong>et</strong></span> <span class='ocrx_word' id='word_1_156' title='bbox 3439 584 3541 626; x_wconf 81' lang='lat' dir='ltr'><strong>vo-</strong></span> 
     </span>
    </p>
   </div>
   <div class='ocr_carea' id='block_1_23' title="bbox 1970 659 3542 724">
    <p class='ocr_par' dir='ltr' id='par_1_23' title="bbox 1970 659 3542 724">
     <span class='ocr_line' id='line_1_23' title="bbox 1970 659 3542 724; baseline 0.003 -12"><span class='ocrx_word' id='word_1_157' title='bbox 1970 659 2141 714; x_wconf 89' lang='lat' dir='ltr'><strong>lentes</strong></span> <span class='ocrx_word' id='word_1_158' title='bbox 2187 665 2389 714; x_wconf 84' lang='lat' dir='ltr'><strong>rectam</strong></span> <span class='ocrx_word' id='word_1_159' title='bbox 2431 659 2588 714; x_wconf 85' lang='lat' dir='ltr'><strong>fidem</strong></span> <span class='ocrx_word' id='word_1_160' title='bbox 2633 661 2751 715; x_wconf 87' lang='lat' dir='ltr'><strong>sine</strong></span> <span class='ocrx_word' id='word_1_161' title='bbox 2801 661 2902 714; x_wconf 82' lang='lat' dir='ltr'><strong>ulla</strong></span> <span class='ocrx_word' id='word_1_162' title='bbox 2941 659 3148 716; x_wconf 84' lang='lat' dir='ltr'><strong>macula</strong></span> <span class='ocrx_word' id='word_1_163' title='bbox 3189 675 3542 724; x_wconf 83' lang='lat' dir='ltr'><strong>conservare,</strong></span> 
     </span>
    </p>
   </div>
   <div class='ocr_carea' id='block_1_24' title="bbox 1973 749 3549 823">
    <p class='ocr_par' dir='ltr' id='par_1_24' title="bbox 1973 749 3549 823">
     <span class='ocr_line' id='line_1_24' title="bbox 1973 749 3549 823; baseline 0.003 -21"><span class='ocrx_word' id='word_1_164' title='bbox 1973 749 2252 804; x_wconf 75' lang='lat' dir='ltr'><strong>hortamur</strong></span> <span class='ocrx_word' id='word_1_165' title='bbox 2281 765 2391 814; x_wconf 85' lang='lat' dir='ltr'><strong>vos,</strong></span> <span class='ocrx_word' id='word_1_166' title='bbox 2422 760 2482 803; x_wconf 89' lang='lat' dir='ltr'><strong>ut</strong></span> <span class='ocrx_word' id='word_1_167' title='bbox 2519 750 2676 816; x_wconf 82' lang='lat' dir='ltr'><strong>hujus</strong></span> <span class='ocrx_word' id='word_1_168' title='bbox 2714 751 3312 823; x_wconf 81' lang='lat' dir='ltr'><strong>quoqueblasphemias</strong></span> <span class='ocrx_word' id='word_1_169' title='bbox 3339 751 3549 807; x_wconf 75' lang='lat' dir='ltr'><strong>exami~</strong></span> 
     </span>
    </p>
   </div>
   <div class='ocr_carea' id='block_1_25' title="bbox 1975 840 3544 914">
    <p class='ocr_par' dir='ltr' id='par_1_25' title="bbox 1975 840 3544 914">
     <span class='ocr_line' id='line_1_25' title="bbox 1975 840 3544 914; baseline 0 -19"><span class='ocrx_word' id='word_1_170' title='bbox 1975 850 2184 904; x_wconf 88' lang='lat' dir='ltr'><strong>nantes,</strong></span> <span class='ocrx_word' id='word_1_171' title='bbox 2217 840 2284 894; x_wconf 87' lang='lat' dir='ltr'><strong>de</strong></span> <span class='ocrx_word' id='word_1_172' title='bbox 2311 855 2376 894; x_wconf 91' lang='lat' dir='ltr'><strong>eo</strong></span> <span class='ocrx_word' id='word_1_173' title='bbox 2389 847 2444 894; x_wconf 91' lang='lat' dir='ltr'><strong>et</strong></span> <span class='ocrx_word' id='word_1_174' title='bbox 2463 841 2823 896; x_wconf 78' lang='lat' dir='ltr'><strong>sectatoribus</strong></span> <span class='ocrx_word' id='word_1_175' title='bbox 2835 843 2954 914; x_wconf 85' lang='lat' dir='ltr'><strong>ejus</strong></span> <span class='ocrx_word' id='word_1_176' title='bbox 2969 844 3291 898; x_wconf 81' lang='lat' dir='ltr'><strong>sententiam</strong></span> <span class='ocrx_word' id='word_1_177' title='bbox 3343 841 3544 898; x_wconf 81' lang='lat' dir='ltr'><strong>feratis.</strong></span> 
     </span>
    </p>
   </div>
   <div class='ocr_carea' id='block_1_26' title="bbox 1975 928 3554 1001">
    <p class='ocr_par' dir='ltr' id='par_1_26' title="bbox 1975 928 3554 1001">
     <span class='ocr_line' id='line_1_26' title="bbox 1975 928 3554 1001; baseline 0.003 -18"><span class='ocrx_word' id='word_1_178' title='bbox 1975 929 2107 983; x_wconf 84' lang='lat' dir='ltr'><strong>Nam</strong></span> <span class='ocrx_word' id='word_1_179' title='bbox 2136 937 2330 999; x_wconf 63' lang='lat' dir='ltr'><strong>praeter</strong></span> <span class='ocrx_word' id='word_1_180' title='bbox 2377 929 2654 982; x_wconf 85' lang='lat' dir='ltr'><strong>innumera</strong></span> <span class='ocrx_word' id='word_1_181' title='bbox 2680 928 2782 982; x_wconf 88' lang='lat' dir='ltr'><strong>alia</strong></span> <span class='ocrx_word' id='word_1_182' title='bbox 2818 943 2936 998; x_wconf 72' lang='lat' dir='ltr'><strong>qua:</strong></span> <span class='ocrx_word' id='word_1_183' title='bbox 2967 931 3130 1001; x_wconf 80' lang='lat' dir='ltr'><strong>impie</strong></span> <span class='ocrx_word' id='word_1_184' title='bbox 3177 932 3230 986; x_wconf 92' lang='lat' dir='ltr'><strong>in</strong></span> <span class='ocrx_word' id='word_1_185' title='bbox 3276 931 3554 986; x_wconf 81' lang='lat' dir='ltr'><strong>Christum</strong></span> 
     </span>
    </p>
   </div>
   <div class='ocr_carea' id='block_1_27' title="bbox 1979 1017 3554 1092">
    <p class='ocr_par' dir='ltr' id='par_1_27' title="bbox 1979 1017 3554 1092">
     <span class='ocr_line' id='line_1_27' title="bbox 1979 1017 3554 1092; baseline 0.003 -20"><span class='ocrx_word' id='word_1_186' title='bbox 1979 1021 2142 1074; x_wconf 91' lang='lat' dir='ltr'><strong>Deum</strong></span> <span class='ocrx_word' id='word_1_187' title='bbox 2173 1026 2414 1074; x_wconf 90' lang='lat' dir='ltr'><strong>nostrum</strong></span> <span class='ocrx_word' id='word_1_188' title='bbox 2440 1017 2725 1072; x_wconf 83' lang='lat' dir='ltr'><strong>maledicta</strong></span> <span class='ocrx_word' id='word_1_189' title='bbox 2769 1021 3024 1086; x_wconf 90' lang='lat' dir='ltr'><strong>evomuit,</strong></span> <span class='ocrx_word' id='word_1_190' title='bbox 3058 1019 3113 1074; x_wconf 98' lang='lat' dir='ltr'><strong>id</strong></span> <span class='ocrx_word' id='word_1_191' title='bbox 3141 1035 3354 1090; x_wconf 85' lang='lat' dir='ltr'><strong>quoque</strong></span> <span class='ocrx_word' id='word_1_192' title='bbox 3380 1034 3554 1092; x_wconf 89' lang='lat' dir='ltr'><strong>protu-</strong></span> 
     </span>
    </p>
   </div>
   <div class='ocr_carea' id='block_1_28' title="bbox 1977 1108 3557 1182">
    <p class='ocr_par' dir='ltr' id='par_1_28' title="bbox 1977 1108 3557 1182">
     <span class='ocr_line' id='line_1_28' title="bbox 1977 1108 3557 1182; baseline 0.001 -17"><span class='ocrx_word' id='word_1_193' title='bbox 1977 1111 2058 1176; x_wconf 87' lang='lat' dir='ltr'><strong>lit,</strong></span> <span class='ocrx_word' id='word_1_194' title='bbox 2086 1111 2246 1165; x_wconf 90' lang='lat' dir='ltr'><strong>alium</strong></span> <span class='ocrx_word' id='word_1_195' title='bbox 2281 1124 2400 1164; x_wconf 89' lang='lat' dir='ltr'><strong>esse</strong></span> <span class='ocrx_word' id='word_1_196' title='bbox 2447 1109 2616 1164; x_wconf 90' lang='lat' dir='ltr'><strong>Deum</strong></span> <span class='ocrx_word' id='word_1_197' title='bbox 2645 1108 2901 1175; x_wconf 81' lang='lat' dir='ltr'><strong>Verbum,</strong></span> <span class='ocrx_word' id='word_1_198' title='bbox 2934 1110 3096 1164; x_wconf 85' lang='lat' dir='ltr'><strong>alium</strong></span> <span class='ocrx_word' id='word_1_199' title='bbox 3143 1110 3432 1178; x_wconf 85' lang='lat' dir='ltr'><strong>Christum,</strong></span> <span class='ocrx_word' id='word_1_200' title='bbox 3464 1114 3557 1182; x_wconf 85' lang='lat' dir='ltr'><strong>qui</strong></span> 
     </span>
    </p>
   </div>
   <div class='ocr_carea' id='block_1_29' title="bbox 1979 1199 3561 1270">
    <p class='ocr_par' dir='ltr' id='par_1_29' title="bbox 1979 1199 3561 1270">
     <span class='ocr_line' id='line_1_29' title="bbox 1979 1199 3561 1270; baseline 0.001 -16"><span class='ocrx_word' id='word_1_201' title='bbox 1979 1202 2142 1255; x_wconf 90' lang='lat' dir='ltr'><strong>animi</strong></span> <span class='ocrx_word' id='word_1_202' title='bbox 2193 1199 2686 1270; x_wconf 82' lang='lat' dir='ltr'><strong>perturbationibus</strong></span> <span class='ocrx_word' id='word_1_203' title='bbox 2731 1206 2786 1253; x_wconf 90' lang='lat' dir='ltr'><strong>et</strong></span> <span class='ocrx_word' id='word_1_204' title='bbox 2816 1200 2994 1254; x_wconf 90' lang='lat' dir='ltr'><strong>carnis</strong></span> <span class='ocrx_word' id='word_1_205' title='bbox 3031 1202 3412 1269; x_wconf 78' lang='lat' dir='ltr'><strong>cupiditatibus</strong></span> <span class='ocrx_word' id='word_1_206' title='bbox 3449 1218 3561 1256; x_wconf 83' lang='lat' dir='ltr'><strong>mo-</strong></span> 
     </span>
    </p>
   </div>
   <div class='ocr_carea' id='block_1_30' title="bbox 1981 1288 3561 1367">
    <p class='ocr_par' dir='ltr' id='par_1_30' title="bbox 1981 1288 3561 1367">
     <span class='ocr_line' id='line_1_30' title="bbox 1981 1288 3561 1367; baseline 0 -23"><span class='ocrx_word' id='word_1_207' title='bbox 1981 1291 2190 1346; x_wconf 88' lang='lat' dir='ltr'><strong>lestiam</strong></span> <span class='ocrx_word' id='word_1_208' title='bbox 2228 1289 2330 1360; x_wconf 89' lang='lat' dir='ltr'><strong>ipsi</strong></span> <span class='ocrx_word' id='word_1_209' title='bbox 2378 1288 2772 1354; x_wconf 82' lang='lat' dir='ltr'><strong>exhibentibus,</strong></span> <span class='ocrx_word' id='word_1_210' title='bbox 2813 1289 3072 1367; x_wconf 81' lang='lat' dir='ltr'><strong>paulatim</strong></span> <span class='ocrx_word' id='word_1_211' title='bbox 3125 1305 3156 1344; x_wconf 88' lang='lat' dir='ltr'><strong>a</strong></span> <span class='ocrx_word' id='word_1_212' title='bbox 3206 1290 3561 1345; x_wconf 82' lang='lat' dir='ltr'><strong>deterioribus</strong></span> 
     </span>
    </p>
   </div>
   <div class='ocr_carea' id='block_1_31' title="bbox 1980 1379 3568 1450">
    <p class='ocr_par' dir='ltr' id='par_1_31' title="bbox 1980 1379 3568 1450">
     <span class='ocr_line' id='line_1_31' title="bbox 1980 1379 3568 1450; baseline 0 -14"><span class='ocrx_word' id='word_1_213' title='bbox 1980 1381 2264 1448; x_wconf 85' lang='lat' dir='ltr'><strong>desistens,</strong></span> <span class='ocrx_word' id='word_1_214' title='bbox 2306 1379 2573 1435; x_wconf 85' lang='lat' dir='ltr'><strong>factorum</strong></span> <span class='ocrx_word' id='word_1_215' title='bbox 2621 1379 2864 1450; x_wconf 89' lang='lat' dir='ltr'><strong>profectu</strong></span> <span class='ocrx_word' id='word_1_216' title='bbox 2910 1381 2964 1436; x_wconf 92' lang='lat' dir='ltr'><strong>in</strong></span> <span class='ocrx_word' id='word_1_217' title='bbox 2995 1381 3188 1437; x_wconf 89' lang='lat' dir='ltr'><strong>melius</strong></span> <span class='ocrx_word' id='word_1_218' title='bbox 3213 1383 3468 1449; x_wconf 87' lang='lat' dir='ltr'><strong>evaserit,</strong></span> <span class='ocrx_word' id='word_1_219' title='bbox 3489 1383 3568 1436; x_wconf 66' lang='lat' dir='ltr'><strong>in.</strong></span> 
     </span>
    </p>
   </div>
   <div class='ocr_carea' id='block_1_32' title="bbox 1983 1471 3566 1542">
    <p class='ocr_par' dir='ltr' id='par_1_32' title="bbox 1983 1471 3566 1542">
     <span class='ocr_line' id='line_1_32' title="bbox 1983 1471 3566 1542; baseline -0.001 -15"><span class='ocrx_word' id='word_1_220' title='bbox 1983 1471 2306 1542; x_wconf 87' lang='lat' dir='ltr'><strong>culpataque</strong></span> <span class='ocrx_word' id='word_1_221' title='bbox 2348 1471 2563 1540; x_wconf 77' lang='lat' dir='ltr'><strong>optimae</strong></span> <span class='ocrx_word' id='word_1_222' title='bbox 2601 1471 2726 1524; x_wconf 67' lang='lat' dir='ltr'><strong>vita:</strong></span> <span class='ocrx_word' id='word_1_223' title='bbox 2768 1471 2980 1525; x_wconf 82' lang='lat' dir='ltr'><strong>ratione</strong></span> <span class='ocrx_word' id='word_1_224' title='bbox 3031 1487 3160 1526; x_wconf 91' lang='lat' dir='ltr'><strong>usus</strong></span> <span class='ocrx_word' id='word_1_225' title='bbox 3212 1472 3302 1526; x_wconf 86' lang='lat' dir='ltr'><strong>sit.</strong></span> <span class='ocrx_word' id='word_1_226' title='bbox 3334 1471 3456 1538; x_wconf 88' lang='lat' dir='ltr'><strong>Qui,</strong></span> <span class='ocrx_word' id='word_1_227' title='bbox 3506 1481 3566 1526; x_wconf 89' lang='lat' dir='ltr'><strong>ut</strong></span> 
     </span>
    </p>
   </div>
   <div class='ocr_carea' id='block_1_33' title="bbox 1983 1559 3566 1634">
    <p class='ocr_par' dir='ltr' id='par_1_33' title="bbox 1983 1559 3566 1634">
     <span class='ocr_line' id='line_1_33' title="bbox 1983 1559 3566 1634; baseline 0 -18"><span class='ocrx_word' id='word_1_228' title='bbox 1983 1577 2150 1634; x_wconf 91' lang='lat' dir='ltr'><strong>purus</strong></span> <span class='ocrx_word' id='word_1_229' title='bbox 2175 1561 2360 1622; x_wconf 86' lang='lat' dir='ltr'><strong>homo,</strong></span> <span class='ocrx_word' id='word_1_230' title='bbox 2389 1559 2444 1614; x_wconf 91' lang='lat' dir='ltr'><strong>in</strong></span> <span class='ocrx_word' id='word_1_231' title='bbox 2476 1559 2694 1615; x_wconf 89' lang='lat' dir='ltr'><strong>nomine</strong></span> <span class='ocrx_word' id='word_1_232' title='bbox 2735 1559 2928 1627; x_wconf 87' lang='lat' dir='ltr'><strong>Patris,</strong></span> <span class='ocrx_word' id='word_1_233' title='bbox 2963 1569 3019 1616; x_wconf 87' lang='lat' dir='ltr'><strong>et</strong></span> <span class='ocrx_word' id='word_1_234' title='bbox 3064 1561 3207 1630; x_wconf 89' lang='lat' dir='ltr'><strong>Filii,</strong></span> <span class='ocrx_word' id='word_1_235' title='bbox 3236 1569 3293 1618; x_wconf 91' lang='lat' dir='ltr'><strong>et</strong></span> <span class='ocrx_word' id='word_1_236' title='bbox 3332 1561 3566 1631; x_wconf 85' lang='lat' dir='ltr'><strong>Spiritus</strong></span> 
     </span>
    </p>
   </div>
   <div class='ocr_carea' id='block_1_34' title="bbox 1985 1650 3567 1724">
    <p class='ocr_par' dir='ltr' id='par_1_34' title="bbox 1985 1650 3567 1724">
     <span class='ocr_line' id='line_1_34' title="bbox 1985 1650 3567 1724; baseline -0.001 -15"><span class='ocrx_word' id='word_1_237' title='bbox 1985 1653 2154 1710; x_wconf 85' lang='lat' dir='ltr'><strong>sancti</strong></span> <span class='ocrx_word' id='word_1_238' title='bbox 2183 1651 2506 1722; x_wconf 83' lang='lat' dir='ltr'><strong>baptizatus,</strong></span> <span class='ocrx_word' id='word_1_239' title='bbox 2556 1665 2654 1722; x_wconf 90' lang='lat' dir='ltr'><strong>per</strong></span> <span class='ocrx_word' id='word_1_240' title='bbox 2706 1650 3029 1720; x_wconf 84' lang='lat' dir='ltr'><strong>baptismum</strong></span> <span class='ocrx_word' id='word_1_241' title='bbox 3061 1653 3286 1722; x_wconf 80' lang='lat' dir='ltr'><strong>gratiam</strong></span> <span class='ocrx_word' id='word_1_242' title='bbox 3335 1652 3567 1724; x_wconf 81' lang='lat' dir='ltr'><strong>Spiritus</strong></span> 
     </span>
    </p>
   </div>
   <div class='ocr_carea' id='block_1_35' title="bbox 1914 1739 3568 1825">
    <p class='ocr_par' dir='ltr' id='par_1_35' title="bbox 1914 1739 3568 1825">
     <span class='ocr_line' id='line_1_35' title="bbox 1914 1739 3568 1825; baseline -0.001 -27"><span class='ocrx_word' id='word_1_243' title='bbox 1914 1764 1962 1825; x_wconf 74' lang='grc' dir='ltr'><strong>Β</strong></span> <span class='ocrx_word' id='word_1_244' title='bbox 1987 1741 2159 1798; x_wconf 89' lang='lat' dir='ltr'><strong>sancti</strong></span> <span class='ocrx_word' id='word_1_245' title='bbox 2177 1746 2515 1805; x_wconf 84' lang='lat' dir='ltr'><strong>consecutus,</strong></span> <span class='ocrx_word' id='word_1_246' title='bbox 2545 1739 2835 1810; x_wconf 88' lang='lat' dir='ltr'><strong>adoptione</strong></span> <span class='ocrx_word' id='word_1_247' title='bbox 2862 1741 2932 1798; x_wconf 85' lang='lat' dir='ltr'><strong>sit</strong></span> <span class='ocrx_word' id='word_1_248' title='bbox 2951 1741 3230 1810; x_wconf 88' lang='lat' dir='ltr'><strong>dignatus;</strong></span> <span class='ocrx_word' id='word_1_249' title='bbox 3253 1751 3307 1796; x_wconf 92' lang='lat' dir='ltr'><strong>et</strong></span> <span class='ocrx_word' id='word_1_250' title='bbox 3335 1741 3401 1796; x_wconf 90' lang='lat' dir='ltr'><strong>ad</strong></span> <span class='ocrx_word' id='word_1_251' title='bbox 3429 1742 3568 1797; x_wconf 83' lang='lat' dir='ltr'><strong>simi-</strong></span> 
     </span>
    </p>
   </div>
   <div class='ocr_carea' id='block_1_36' title="bbox 1989 1829 3570 1904">
    <p class='ocr_par' dir='ltr' id='par_1_36' title="bbox 1989 1829 3570 1904">
     <span class='ocr_line' id='line_1_36' title="bbox 1989 1829 3570 1904; baseline -0.002 -13"><span class='ocrx_word' id='word_1_252' title='bbox 1989 1834 2270 1891; x_wconf 87' lang='lat' dir='ltr'><strong>litudinem</strong></span> <span class='ocrx_word' id='word_1_253' title='bbox 2299 1832 2462 1901; x_wconf 61' lang='lat' dir='ltr'><strong>regia}</strong></span> <span class='ocrx_word' id='word_1_254' title='bbox 2490 1830 2738 1900; x_wconf 82' lang='lat' dir='ltr'><strong>imaginis</strong></span> <span class='ocrx_word' id='word_1_255' title='bbox 2779 1829 3023 1887; x_wconf 88' lang='lat' dir='ltr'><strong>Christus</strong></span> <span class='ocrx_word' id='word_1_256' title='bbox 3051 1834 3103 1887; x_wconf 92' lang='lat' dir='ltr'><strong>in</strong></span> <span class='ocrx_word' id='word_1_257' title='bbox 3147 1847 3376 1904; x_wconf 86' lang='lat' dir='ltr'><strong>persona</strong></span> <span class='ocrx_word' id='word_1_258' title='bbox 3404 1833 3570 1888; x_wconf 83' lang='lat' dir='ltr'><strong>Verbi</strong></span> 
     </span>
    </p>
   </div>
   <div class='ocr_carea' id='block_1_37' title="bbox 298 1920 3570 2002">
    <p class='ocr_par' dir='ltr' id='par_1_37' title="bbox 298 1920 3570 2002">
     <span class='ocr_line' id='line_1_37' title="bbox 298 1920 3570 2002; baseline -0.003 -15"><span class='ocrx_word' id='word_1_259' title='bbox 298 1931 397 1987; x_wconf 82' lang='lat' dir='ltr'><strong>Dei</strong></span> <span class='ocrx_word' id='word_1_260' title='bbox 439 1930 715 1997; x_wconf 88' lang='lat' dir='ltr'><strong>adoratus,</strong></span> <span class='ocrx_word' id='word_1_261' title='bbox 758 1943 882 2002; x_wconf 90' lang='lat' dir='ltr'><strong>post</strong></span> <span class='ocrx_word' id='word_1_262' title='bbox 919 1933 1372 1989; x_wconf 86' lang='lat' dir='ltr'><strong>resurrectionem</strong></span> <span class='ocrx_word' id='word_1_263' title='bbox 1413 1933 1594 1989; x_wconf 89' lang='lat' dir='ltr'><strong>animo</strong></span> <span class='ocrx_word' id='word_1_264' title='bbox 1649 1929 1917 1989; x_wconf 89' lang='lat' dir='ltr'><strong>constanti</strong></span> <span class='ocrx_word' id='word_1_265' title='bbox 1966 1936 2022 1984; x_wconf 89' lang='lat' dir='ltr'><strong>et</strong></span> <span class='ocrx_word' id='word_1_266' title='bbox 2061 1933 2406 1997; x_wconf 87' lang='lat' dir='ltr'><strong>peccatorum</strong></span> <span class='ocrx_word' id='word_1_267' title='bbox 2447 1936 2619 1976; x_wconf 88' lang='lat' dir='ltr'><strong>vacuo</strong></span> <span class='ocrx_word' id='word_1_268' title='bbox 2667 1920 2844 1976; x_wconf 90' lang='lat' dir='ltr'><strong>fuerit.</strong></span> <span class='ocrx_word' id='word_1_269' title='bbox 2889 1920 3154 1978; x_wconf 76' lang='lat' dir='ltr'><strong>Przeterea</strong></span> <span class='ocrx_word' id='word_1_270' title='bbox 3208 1923 3570 1992; x_wconf 86' lang='lat' dir='ltr'><strong>pronuntiavit</strong></span> 
     </span>
    </p>
   </div>
   <div class='ocr_carea' id='block_1_38' title="bbox 295 2011 3571 2092">
    <p class='ocr_par' dir='ltr' id='par_1_38' title="bbox 295 2011 3571 2092">
     <span class='ocr_line' id='line_1_38' title="bbox 295 2011 3571 2092; baseline -0.002 -14"><span class='ocrx_word' id='word_1_271' title='bbox 295 2039 420 2078; x_wconf 84' lang='lat' dir='ltr'><strong>eam</strong></span> <span class='ocrx_word' id='word_1_272' title='bbox 441 2023 604 2076; x_wconf 84' lang='lat' dir='ltr'><strong>fuisse</strong></span> <span class='ocrx_word' id='word_1_273' title='bbox 631 2021 786 2076; x_wconf 86' lang='lat' dir='ltr'><strong>Verbi</strong></span> <span class='ocrx_word' id='word_1_274' title='bbox 812 2039 932 2078; x_wconf 91' lang='lat' dir='ltr'><strong>cum</strong></span> <span class='ocrx_word' id='word_1_275' title='bbox 962 2023 1176 2078; x_wconf 85' lang='lat' dir='ltr'><strong>Christo</strong></span> <span class='ocrx_word' id='word_1_276' title='bbox 1201 2024 1530 2089; x_wconf 89' lang='lat' dir='ltr'><strong>unitionem,</strong></span> <span class='ocrx_word' id='word_1_277' title='bbox 1581 2037 1700 2092; x_wconf 73' lang='lat' dir='ltr'><strong>qua:</strong></span> <span class='ocrx_word' id='word_1_278' title='bbox 1745 2029 1828 2077; x_wconf 88' lang='lat' dir='ltr'><strong>est</strong></span> <span class='ocrx_word' id='word_1_279' title='bbox 1879 2020 1948 2074; x_wconf 88' lang='lat' dir='ltr'><strong>ab</strong></span> <span class='ocrx_word' id='word_1_280' title='bbox 1986 2013 2247 2086; x_wconf 81' lang='lat' dir='ltr'><strong>Apostolo</strong></span> <span class='ocrx_word' id='word_1_281' title='bbox 2285 2012 2426 2068; x_wconf 78' lang='lat' dir='ltr'><strong>dicta</strong></span> <span class='ocrx_word' id='word_1_282' title='bbox 2451 2011 2551 2066; x_wconf 79' lang='lat' dir='ltr'><strong>Viri</strong></span> <span class='ocrx_word' id='word_1_283' title='bbox 2595 2025 2716 2066; x_wconf 89' lang='lat' dir='ltr'><strong>cum</strong></span> <span class='ocrx_word' id='word_1_284' title='bbox 2747 2011 2974 2066; x_wconf 80' lang='lat' dir='ltr'><strong>muliere</strong></span> <span class='ocrx_word' id='word_1_285' title='bbox 3007 2029 3018 2064; x_wconf 89' lang='lat'><strong>:</strong></span> <span class='ocrx_word' id='word_1_286' title='bbox 3054 2011 3123 2065; x_wconf 73' lang='lat' dir='ltr'><strong>Et</strong></span> <span class='ocrx_word' id='word_1_287' title='bbox 3173 2020 3323 2066; x_wconf 72' lang='lat' dir='ltr'><strong>erunt</strong></span> <span class='ocrx_word' id='word_1_288' title='bbox 3370 2011 3470 2066; x_wconf 81' lang='lat' dir='ltr'><strong>duo</strong></span> <span class='ocrx_word' id='word_1_289' title='bbox 3515 2013 3571 2066; x_wconf 76' lang='lat' dir='ltr'><strong>in</strong></span> 
     </span>
    </p>
   </div>
   <div class='ocr_carea' id='block_1_39' title="bbox 296 2099 3570 2182">
    <p class='ocr_par' dir='ltr' id='par_1_39' title="bbox 296 2099 3570 2182">
     <span class='ocr_line' id='line_1_39' title="bbox 296 2099 3570 2182; baseline -0.002 -15"><span class='ocrx_word' id='word_1_290' title='bbox 296 2129 406 2167; x_wconf 80' lang='grc' dir='ltr'><strong>ειία</strong></span> <span class='ocrx_word' id='word_1_291' title='bbox 431 2125 584 2163; x_wconf 74' lang='lat' dir='ltr'><strong>carne</strong></span> <span class='ocrx_word' id='word_1_292' title='bbox 607 2108 659 2179; x_wconf 87' lang='grc' dir='ltr'><strong>(Ι</strong></span> <span class='ocrx_word' id='word_1_293' title='bbox 682 2109 800 2164; x_wconf 83' lang='lat' dir='ltr'><strong>Cor.</strong></span> <span class='ocrx_word' id='word_1_294' title='bbox 829 2111 926 2182; x_wconf 80' lang='lat' dir='ltr'><strong>Ix).</strong></span> <span class='ocrx_word' id='word_1_295' title='bbox 981 2111 1062 2164; x_wconf 85' lang='lat' dir='ltr'><strong>Ad</strong></span> <span class='ocrx_word' id='word_1_296' title='bbox 1097 2112 1212 2166; x_wconf 59' lang='lat' dir='ltr'><strong>haec</strong></span> <span class='ocrx_word' id='word_1_297' title='bbox 1253 2127 1348 2166; x_wconf 89' lang='lat' dir='ltr'><strong>vos</strong></span> <span class='ocrx_word' id='word_1_298' title='bbox 1391 2113 1598 2176; x_wconf 89' lang='lat' dir='ltr'><strong>hortor,</strong></span> <span class='ocrx_word' id='word_1_299' title='bbox 1627 2121 1769 2166; x_wconf 91' lang='lat' dir='ltr'><strong>utea</strong></span> <span class='ocrx_word' id='word_1_300' title='bbox 1799 2110 1958 2165; x_wconf 88' lang='lat' dir='ltr'><strong>etiam</strong></span> <span class='ocrx_word' id='word_1_301' title='bbox 1997 2101 2317 2160; x_wconf 75' lang='lat' dir='ltr'><strong>examinetis</strong></span> <span class='ocrx_word' id='word_1_302' title='bbox 2353 2115 2471 2170; x_wconf 68' lang='lat' dir='ltr'><strong>qua:</strong></span> <span class='ocrx_word' id='word_1_303' title='bbox 2509 2116 2542 2155; x_wconf 89' lang='lat' dir='ltr'><strong>a</strong></span> <span class='ocrx_word' id='word_1_304' title='bbox 2589 2099 2932 2156; x_wconf 88' lang='lat' dir='ltr'><strong>Theodoreto</strong></span> <span class='ocrx_word' id='word_1_305' title='bbox 2960 2110 3017 2156; x_wconf 92' lang='lat' dir='ltr'><strong>et</strong></span> <span class='ocrx_word' id='word_1_306' title='bbox 3063 2101 3156 2157; x_wconf 92' lang='lat' dir='ltr'><strong>lba</strong></span> <span class='ocrx_word' id='word_1_307' title='bbox 3205 2102 3346 2158; x_wconf 90' lang='lat' dir='ltr'><strong>male</strong></span> <span class='ocrx_word' id='word_1_308' title='bbox 3372 2103 3570 2172; x_wconf 80' lang='lat' dir='ltr'><strong>scripta</strong></span> 
     </span>
    </p>
   </div>
   <div class='ocr_carea' id='block_1_40' title="bbox 296 2188 3337 2270">
    <p class='ocr_par' dir='ltr' id='par_1_40' title="bbox 296 2188 3337 2270">
     <span class='ocr_line' id='line_1_40' title="bbox 296 2188 3337 2270; baseline -0.004 -15"><span class='ocrx_word' id='word_1_309' title='bbox 296 2211 427 2256; x_wconf 84' lang='lat' dir='ltr'><strong>sunt</strong></span> <span class='ocrx_word' id='word_1_310' title='bbox 471 2211 657 2255; x_wconf 90' lang='lat' dir='ltr'><strong>contra</strong></span> <span class='ocrx_word' id='word_1_311' title='bbox 697 2201 843 2270; x_wconf 90' lang='lat' dir='ltr'><strong>prius</strong></span> <span class='ocrx_word' id='word_1_312' title='bbox 888 2201 1214 2270; x_wconf 85' lang='lat' dir='ltr'><strong>Ephesinum</strong></span> <span class='ocrx_word' id='word_1_313' title='bbox 1260 2210 1504 2256; x_wconf 86' lang='lat' dir='ltr'><strong>sanctum</strong></span> <span class='ocrx_word' id='word_1_314' title='bbox 1548 2199 1832 2256; x_wconf 88' lang='lat' dir='ltr'><strong>concilium</strong></span> <span class='ocrx_word' id='word_1_315' title='bbox 1858 2239 1874 2265; x_wconf 93' lang='lat'><strong>,</strong></span> <span class='ocrx_word' id='word_1_316' title='bbox 1908 2201 2207 2262; x_wconf 89' lang='lat' dir='ltr'><strong>contraque</strong></span> <span class='ocrx_word' id='word_1_317' title='bbox 2227 2205 2324 2246; x_wconf 90' lang='lat' dir='ltr'><strong>eos</strong></span> <span class='ocrx_word' id='word_1_318' title='bbox 2365 2189 2556 2244; x_wconf 89' lang='lat' dir='ltr'><strong>eodem</strong></span> <span class='ocrx_word' id='word_1_319' title='bbox 2584 2188 2746 2244; x_wconf 89' lang='lat' dir='ltr'><strong>modo</strong></span> <span class='ocrx_word' id='word_1_320' title='bbox 2773 2189 3094 2244; x_wconf 87' lang='lat' dir='ltr'><strong>sententiam</strong></span> <span class='ocrx_word' id='word_1_321' title='bbox 3134 2190 3337 2246; x_wconf 83' lang='lat' dir='ltr'><strong>feratis.</strong></span> 
     </span>
    </p>
   </div>
   <div class='ocr_carea' id='block_1_41' title="bbox 378 2291 1884 2366">
    <p class='ocr_par' dir='ltr' id='par_1_41' title="bbox 378 2291 1884 2366">
     <span class='ocr_line' id='line_1_41' title="bbox 378 2291 1884 2366; baseline -0.001 -22"><span class='ocrx_word' id='word_1_322' title='bbox 378 2297 475 2346; x_wconf 77' lang='grc' dir='ltr'><strong>Καὶ</strong></span> <span class='ocrx_word' id='word_1_323' title='bbox 503 2299 668 2346; x_wconf 77' lang='grc' dir='ltr'><strong>ταῦτα</strong></span> <span class='ocrx_word' id='word_1_324' title='bbox 693 2292 840 2347; x_wconf 72' lang='grc' dir='ltr'><strong>πάλιν</strong></span> <span class='ocrx_word' id='word_1_325' title='bbox 869 2293 1116 2350; x_wconf 75' lang='grc' dir='ltr'><strong>ὡσαύτως</strong></span> <span class='ocrx_word' id='word_1_326' title='bbox 1144 2291 1190 2345; x_wconf 90' lang='grc' dir='ltr'><strong>οί</strong></span> <span class='ocrx_word' id='word_1_327' title='bbox 1211 2291 1330 2345; x_wconf 85' lang='grc' dir='ltr'><strong>θεῖοι</strong></span> <span class='ocrx_word' id='word_1_328' title='bbox 1348 2293 1566 2365; x_wconf 76' lang='grc' dir='ltr'><strong>πατέρες</strong></span> <span class='ocrx_word' id='word_1_329' title='bbox 1586 2291 1884 2366; x_wconf 85' lang='grc' dir='ltr'><strong>πολυπραγ-</strong></span> 
     </span>
    </p>
   </div>
   <div class='ocr_carea' id='block_1_42' title="bbox 233 2380 1887 2456">
    <p class='ocr_par' dir='ltr' id='par_1_42' title="bbox 299 2380 1887 2455">
     <span class='ocr_line' id='line_1_42' title="bbox 299 2380 1887 2455; baseline -0.003 -18"><span class='ocrx_word' id='word_1_330' title='bbox 299 2389 613 2447; x_wconf 68' lang='grc' dir='ltr'><strong>μονήσαντες</strong></span> <span class='ocrx_word' id='word_1_331' title='bbox 659 2383 1005 2455; x_wconf 73' lang='grc' dir='ltr'><strong>ἀπεκρίθησαν</strong></span> <span class='ocrx_word' id='word_1_332' title='bbox 1031 2399 1041 2410; x_wconf 84' lang='grc'><em>’</em></span> <span class='ocrx_word' id='word_1_333' title='bbox 1069 2383 1099 2438; x_wconf 78' lang='grc' dir='ltr'><strong><em>ἠ</em></strong></span> <span class='ocrx_word' id='word_1_334' title='bbox 1126 2383 1214 2452; x_wconf 81' lang='grc' dir='ltr'><strong>μὲν</strong></span> <span class='ocrx_word' id='word_1_335' title='bbox 1244 2381 1292 2434; x_wconf 81' lang='grc' dir='ltr'><strong>έν</strong></span> <span class='ocrx_word' id='word_1_336' title='bbox 1319 2380 1592 2438; x_wconf 72' lang='grc' dir='ltr'><strong>Χαλκηδόνι</strong></span> <span class='ocrx_word' id='word_1_337' title='bbox 1617 2383 1724 2434; x_wconf 82' lang='grc' dir='ltr'><strong>θεία</strong></span> <span class='ocrx_word' id='word_1_338' title='bbox 1765 2381 1887 2434; x_wconf 88' lang='grc' dir='ltr'><strong>σύν·</strong></span> 
     </span>
    </p>
   </div>
   <div class='ocr_carea' id='block_1_43' title="bbox 299 2469 1888 2548">
    <p class='ocr_par' dir='ltr' id='par_1_43' title="bbox 299 2469 1888 2548">
     <span class='ocr_line' id='line_1_43' title="bbox 299 2469 1888 2548; baseline -0.004 -18"><span class='ocrx_word' id='word_1_339' title='bbox 299 2475 420 2534; x_wconf 79' lang='grc' dir='ltr'><strong>οδος</strong></span> <span class='ocrx_word' id='word_1_340' title='bbox 443 2473 756 2548; x_wconf 85' lang='grc' dir='ltr'><strong>Οεοδωρίτου</strong></span> <span class='ocrx_word' id='word_1_341' title='bbox 782 2475 866 2527; x_wconf 83' lang='grc' dir='ltr'><strong>καί</strong></span> <span class='ocrx_word' id='word_1_342' title='bbox 891 2469 1004 2527; x_wconf 68' lang='grc' dir='ltr'><strong>ἰεα</strong></span> <span class='ocrx_word' id='word_1_343' title='bbox 1027 2474 1183 2526; x_wconf 50' lang='lat' dir='ltr'><strong>«and</strong></span> <span class='ocrx_word' id='word_1_344' title='bbox 1203 2474 1592 2536; x_wconf 64' lang='grc' dir='ltr'><strong>καταξοὴσασα,</strong></span> <span class='ocrx_word' id='word_1_345' title='bbox 1615 2475 1702 2526; x_wconf 81' lang='grc' dir='ltr'>οὐκ</span> <span class='ocrx_word' id='word_1_346' title='bbox 1729 2469 1888 2532; x_wconf 74' lang='grc' dir='ltr'><strong>ἄλλως</strong></span> 
     </span>
    </p>
   </div>
   <div class='ocr_carea' id='block_1_44' title="bbox 299 2559 1887 2638">
    <p class='ocr_par' dir='ltr' id='par_1_44' title="bbox 299 2559 1887 2638">
     <span class='ocr_line' id='line_1_44' title="bbox 299 2559 1887 2638; baseline -0.004 -16"><span class='ocrx_word' id='word_1_347' title='bbox 299 2569 491 2626; x_wconf 61' lang='grc' dir='ltr'><strong>αὖτοὺς</strong></span> <span class='ocrx_word' id='word_1_348' title='bbox 519 2563 737 2628; x_wconf 82' lang='grc' dir='ltr'><strong>ἐδέξατο.</strong></span> <span class='ocrx_word' id='word_1_349' title='bbox 783 2567 826 2618; x_wconf 84' lang='grc' dir='ltr'><strong>εἰ</strong></span> <span class='ocrx_word' id='word_1_350' title='bbox 867 2569 934 2637; x_wconf 78' lang='grc' dir='ltr'><strong>μή</strong></span> <span class='ocrx_word' id='word_1_351' title='bbox 980 2564 1228 2638; x_wconf 76' lang='grc' dir='ltr'><strong>πρότερον</strong></span> <span class='ocrx_word' id='word_1_352' title='bbox 1271 2565 1636 2632; x_wconf 81' lang='grc' dir='ltr'><strong>ἀνεθεμάτισαν</strong></span> <span class='ocrx_word' id='word_1_353' title='bbox 1673 2564 1740 2618; x_wconf 87' lang='grc' dir='ltr'><strong>τά</strong></span> <span class='ocrx_word' id='word_1_354' title='bbox 1782 2559 1887 2617; x_wconf 82' lang='grc' dir='ltr'><strong>ἴδια</strong></span> 
     </span>
    </p>
   </div>
   <div class='ocr_carea' id='block_1_45' title="bbox 297 2653 1884 2731">
    <p class='ocr_par' dir='ltr' id='par_1_45' title="bbox 297 2653 1884 2731">
     <span class='ocr_line' id='line_1_45' title="bbox 297 2653 1884 2731; baseline -0.002 -20"><span class='ocrx_word' id='word_1_355' title='bbox 297 2660 495 2731; x_wconf 73' lang='grc' dir='ltr'><strong>πονηρά</strong></span> <span class='ocrx_word' id='word_1_356' title='bbox 548 2657 973 2730; x_wconf 76' lang='grc' dir='ltr'><strong>συγγράμματα,</strong></span> <span class='ocrx_word' id='word_1_357' title='bbox 1025 2659 1109 2709; x_wconf 79' lang='grc' dir='ltr'><strong>καί</strong></span> <span class='ocrx_word' id='word_1_358' title='bbox 1154 2653 1410 2728; x_wconf 69' lang='grc' dir='ltr'><strong>Θεὸἳωρον</strong></span> <span class='ocrx_word' id='word_1_359' title='bbox 1459 2657 1544 2708; x_wconf 83' lang='grc' dir='ltr'><strong>καὶ</strong></span> <span class='ocrx_word' id='word_1_360' title='bbox 1592 2653 1884 2729; x_wconf 78' lang='grc' dir='ltr'><strong>Νεστόριον.</strong></span> 
     </span>
    </p>
   </div>
   <div class='ocr_carea' id='block_1_46' title="bbox 297 2745 1890 2822">
    <p class='ocr_par' dir='ltr' id='par_1_46' title="bbox 297 2745 1890 2822">
     <span class='ocr_line' id='line_1_46' title="bbox 297 2745 1890 2822; baseline -0.001 -21"><span class='ocrx_word' id='word_1_361' title='bbox 297 2755 470 2815; x_wconf 77' lang='grc' dir='ltr'><strong>Ἧμεῖς</strong></span> <span class='ocrx_word' id='word_1_362' title='bbox 512 2745 564 2801; x_wconf 83' lang='grc' dir='ltr'><strong>δέ</strong></span> <span class='ocrx_word' id='word_1_363' title='bbox 617 2751 974 2822; x_wconf 71' lang='grc' dir='ltr'><strong>κατακρίνομεν</strong></span> <span class='ocrx_word' id='word_1_364' title='bbox 1019 2750 1100 2800; x_wconf 77' lang='grc' dir='ltr'><strong>καί</strong></span> <span class='ocrx_word' id='word_1_365' title='bbox 1147 2749 1576 2818; x_wconf 76' lang='grc' dir='ltr'><strong>άναθεματίζομεν</strong></span> <span class='ocrx_word' id='word_1_366' title='bbox 1619 2748 1746 2820; x_wconf 86' lang='grc' dir='ltr'><strong>πρὸς</strong></span> <span class='ocrx_word' id='word_1_367' title='bbox 1785 2753 1890 2805; x_wconf 81' lang='grc' dir='ltr'><strong>τοῖς</strong></span> 
     </span>
    </p>
   </div>
   <div class='ocr_carea' id='block_1_47' title="bbox 297 2839 1892 2912">
    <p class='ocr_par' dir='ltr' id='par_1_47' title="bbox 297 2839 1892 2912">
     <span class='ocr_line' id='line_1_47' title="bbox 297 2839 1892 2912; baseline 0.001 -19"><span class='ocrx_word' id='word_1_368' title='bbox 297 2839 471 2902; x_wconf 78' lang='grc' dir='ltr'><strong>ἆ)).οις</strong></span> <span class='ocrx_word' id='word_1_369' title='bbox 497 2839 693 2896; x_wconf 76' lang='grc' dir='ltr'><strong>ἅπασιν</strong></span> <span class='ocrx_word' id='word_1_370' title='bbox 719 2842 990 2912; x_wconf 74' lang='grc' dir='ltr'><strong>αίρετικοῐς</strong></span> <span class='ocrx_word' id='word_1_371' title='bbox 1018 2848 1126 2900; x_wconf 85' lang='grc' dir='ltr'><strong>τοῖς</strong></span> <span class='ocrx_word' id='word_1_372' title='bbox 1151 2841 1499 2912; x_wconf 64' lang='grc' dir='ltr'><strong>κατοκριθεῐσι</strong></span> <span class='ocrx_word' id='word_1_373' title='bbox 1526 2843 1610 2893; x_wconf 76' lang='grc' dir='ltr'><strong>καί</strong></span> <span class='ocrx_word' id='word_1_374' title='bbox 1651 2841 1892 2908; x_wconf 77' lang='grc' dir='ltr'><strong>ἀναθεμα-</strong></span> 
     </span>
    </p>
   </div>
   <div class='ocr_carea' id='block_1_48' title="bbox 298 2929 1887 3006">
    <p class='ocr_par' dir='ltr' id='par_1_48' title="bbox 298 2929 1887 3006">
     <span class='ocr_line' id='line_1_48' title="bbox 298 2929 1887 3006; baseline -0.001 -21"><span class='ocrx_word' id='word_1_375' title='bbox 298 2934 548 2988; x_wconf 79' lang='grc' dir='ltr'><strong>τισθεῖσεν</strong></span> <span class='ocrx_word' id='word_1_376' title='bbox 580 2933 681 2986; x_wconf 83' lang='grc' dir='ltr'><strong>ύπό</strong></span> <span class='ocrx_word' id='word_1_377' title='bbox 719 2943 819 2986; x_wconf 88' lang='grc' dir='ltr'><strong>τῶν</strong></span> <span class='ocrx_word' id='word_1_378' title='bbox 849 2934 1120 3006; x_wconf 58' lang='grc' dir='ltr'><strong>εερημένων</strong></span> <span class='ocrx_word' id='word_1_379' title='bbox 1157 2931 1312 3004; x_wconf 75' lang='grc' dir='ltr'><strong>άγίων</strong></span> <span class='ocrx_word' id='word_1_380' title='bbox 1346 2933 1613 3006; x_wconf 87' lang='grc' dir='ltr'><strong>τεσσάρων</strong></span> <span class='ocrx_word' id='word_1_381' title='bbox 1643 2929 1887 2995; x_wconf 60' lang='grc' dir='ltr'><strong>συνόδων,</strong></span> 
     </span>
    </p>
   </div>
   <div class='ocr_carea' id='block_1_49' title="bbox 298 3019 1892 3096">
    <p class='ocr_par' dir='ltr' id='par_1_49' title="bbox 298 3019 1892 3096">
     <span class='ocr_line' id='line_1_49' title="bbox 298 3019 1892 3096; baseline 0.001 -21"><span class='ocrx_word' id='word_1_382' title='bbox 298 3019 392 3075; x_wconf 67' lang='grc' dir='ltr'><strong>διαί</strong></span> <span class='ocrx_word' id='word_1_383' title='bbox 420 3021 671 3096; x_wconf 80' lang='grc' dir='ltr'><strong>Θεόδωρον</strong></span> <span class='ocrx_word' id='word_1_384' title='bbox 700 3021 960 3093; x_wconf 82' lang='grc' dir='ltr'><strong>γενόμενον</strong></span> <span class='ocrx_word' id='word_1_385' title='bbox 989 3022 1264 3076; x_wconf 76' lang='grc' dir='ltr'><strong>ἐπίσκοπον</strong></span> <span class='ocrx_word' id='word_1_386' title='bbox 1292 3021 1646 3092; x_wconf 64' lang='grc' dir='ltr'><strong>Μοψουεστίας</strong></span> <span class='ocrx_word' id='word_1_387' title='bbox 1666 3061 1681 3085; x_wconf 87' lang='grc'><strong>,</strong></span> <span class='ocrx_word' id='word_1_388' title='bbox 1711 3025 1794 3076; x_wconf 81' lang='grc' dir='ltr'><strong>καί</strong></span> <span class='ocrx_word' id='word_1_389' title='bbox 1825 3023 1892 3076; x_wconf 77' lang='grc' dir='ltr'><strong>τά</strong></span> 
     </span>
    </p>
   </div>
   <div class='ocr_carea' id='block_1_50' title="bbox 2068 2277 3572 2350">
    <p class='ocr_par' dir='ltr' id='par_1_50' title="bbox 2068 2277 3572 2350">
     <span class='ocr_line' id='line_1_50' title="bbox 2068 2277 3572 2350; baseline 0.001 -18"><span class='ocrx_word' id='word_1_390' title='bbox 2068 2279 2274 2344; x_wconf 89' lang='lat' dir='ltr'><strong>Patres,</strong></span> <span class='ocrx_word' id='word_1_391' title='bbox 2305 2277 2388 2332; x_wconf 91' lang='lat' dir='ltr'><strong>his</strong></span> <span class='ocrx_word' id='word_1_392' title='bbox 2415 2291 2626 2332; x_wconf 87' lang='lat' dir='ltr'><strong>rursum</strong></span> <span class='ocrx_word' id='word_1_393' title='bbox 2655 2281 2906 2333; x_wconf 84' lang='lat' dir='ltr'><strong>accurate</strong></span> <span class='ocrx_word' id='word_1_394' title='bbox 2951 2278 3324 2345; x_wconf 88' lang='lat' dir='ltr'><strong>consideratis,</strong></span> <span class='ocrx_word' id='word_1_395' title='bbox 3356 2293 3572 2350; x_wconf 82' lang='lat' dir='ltr'><strong>respon-</strong></span> 
     </span>
    </p>
   </div>
   <div class='ocr_carea' id='block_1_51' title="bbox 1997 2367 3572 2426">
    <p class='ocr_par' dir='ltr' id='par_1_51' title="bbox 1997 2367 3572 2426">
     <span class='ocr_line' id='line_1_51' title="bbox 1997 2367 3572 2426; baseline 0.001 0"><span class='ocrx_word' id='word_1_396' title='bbox 1997 2370 2194 2426; x_wconf 90' lang='lat' dir='ltr'><strong>derunt</strong></span> <span class='ocrx_word' id='word_1_397' title='bbox 2223 2387 2236 2422; x_wconf 91' lang='lat'><strong>:</strong></span> <span class='ocrx_word' id='word_1_398' title='bbox 2269 2367 2712 2424; x_wconf 90' lang='lat' dir='ltr'><strong>Chalcedonense</strong></span> <span class='ocrx_word' id='word_1_399' title='bbox 2753 2383 2967 2424; x_wconf 88' lang='lat' dir='ltr'><strong>sacrum</strong></span> <span class='ocrx_word' id='word_1_400' title='bbox 3013 2370 3301 2425; x_wconf 88' lang='lat' dir='ltr'><strong>concilium</strong></span> <span class='ocrx_word' id='word_1_401' title='bbox 3330 2369 3572 2426; x_wconf 88' lang='lat' dir='ltr'><strong>Theodo-</strong></span> 
     </span>
    </p>
   </div>
   <div class='ocr_carea' id='block_1_52' title="bbox 1995 2459 3573 2528">
    <p class='ocr_par' dir='ltr' id='par_1_52' title="bbox 1995 2459 3573 2528">
     <span class='ocr_line' id='line_1_52' title="bbox 1995 2459 3573 2528; baseline 0 -12"><span class='ocrx_word' id='word_1_402' title='bbox 1995 2473 2171 2516; x_wconf 90' lang='lat' dir='ltr'><strong>retum</strong></span> <span class='ocrx_word' id='word_1_403' title='bbox 2198 2467 2252 2515; x_wconf 94' lang='lat' dir='ltr'><strong>et</strong></span> <span class='ocrx_word' id='word_1_404' title='bbox 2294 2459 2440 2514; x_wconf 90' lang='lat' dir='ltr'><strong>lbam</strong></span> <span class='ocrx_word' id='word_1_405' title='bbox 2491 2459 2726 2528; x_wconf 79' lang='lat' dir='ltr'><strong>graviter</strong></span> <span class='ocrx_word' id='word_1_406' title='bbox 2751 2460 2931 2516; x_wconf 85' lang='lat' dir='ltr'><strong>verbis</strong></span> <span class='ocrx_word' id='word_1_407' title='bbox 2959 2460 3300 2525; x_wconf 85' lang='lat' dir='ltr'><strong>insectatum,</strong></span> <span class='ocrx_word' id='word_1_408' title='bbox 3332 2477 3440 2516; x_wconf 87' lang='lat' dir='ltr'><strong>non</strong></span> <span class='ocrx_word' id='word_1_409' title='bbox 3471 2462 3573 2516; x_wconf 89' lang='lat' dir='ltr'><strong>alia</strong></span> 
     </span>
    </p>
   </div>
   <div class='ocr_carea' id='block_1_53' title="bbox 1993 2549 3574 2620">
    <p class='ocr_par' dir='ltr' id='par_1_53' title="bbox 1993 2549 3574 2620">
     <span class='ocr_line' id='line_1_53' title="bbox 1993 2549 3574 2620; baseline 0 -14"><span class='ocrx_word' id='word_1_410' title='bbox 1993 2551 2302 2607; x_wconf 88' lang='lat' dir='ltr'><strong>conditione</strong></span> <span class='ocrx_word' id='word_1_411' title='bbox 2331 2549 2384 2604; x_wconf 90' lang='lat' dir='ltr'><strong>in</strong></span> <span class='ocrx_word' id='word_1_412' title='bbox 2431 2550 2658 2618; x_wconf 79' lang='lat' dir='ltr'><strong>gratiam</strong></span> <span class='ocrx_word' id='word_1_413' title='bbox 2702 2549 2936 2619; x_wconf 88' lang='lat' dir='ltr'><strong>recepit,</strong></span> <span class='ocrx_word' id='word_1_414' title='bbox 2975 2564 3138 2619; x_wconf 88' lang='lat' dir='ltr'><strong>quam</strong></span> <span class='ocrx_word' id='word_1_415' title='bbox 3185 2559 3246 2604; x_wconf 91' lang='lat' dir='ltr'><strong>ut</strong></span> <span class='ocrx_word' id='word_1_416' title='bbox 3283 2550 3432 2620; x_wconf 90' lang='lat' dir='ltr'><strong>prius</strong></span> <span class='ocrx_word' id='word_1_417' title='bbox 3477 2565 3574 2606; x_wconf 81' lang='lat' dir='ltr'><strong>sua</strong></span> 
     </span>
    </p>
   </div>
   <div class='ocr_carea' id='block_1_54' title="bbox 1995 2639 3573 2710">
    <p class='ocr_par' dir='ltr' id='par_1_54' title="bbox 1995 2639 3573 2710">
     <span class='ocr_line' id='line_1_54' title="bbox 1995 2639 3573 2710; baseline -0.001 -13"><span class='ocrx_word' id='word_1_418' title='bbox 1995 2641 2314 2697; x_wconf 88' lang='lat' dir='ltr'><strong>damnarent</strong></span> <span class='ocrx_word' id='word_1_419' title='bbox 2332 2641 2473 2694; x_wconf 88' lang='lat' dir='ltr'><strong>mala</strong></span> <span class='ocrx_word' id='word_1_420' title='bbox 2496 2639 2714 2710; x_wconf 89' lang='lat' dir='ltr'><strong>scripta,</strong></span> <span class='ocrx_word' id='word_1_421' title='bbox 2737 2639 3152 2696; x_wconf 89' lang='lat' dir='ltr'><strong>etTheodorum</strong></span> <span class='ocrx_word' id='word_1_422' title='bbox 3166 2656 3232 2697; x_wconf 89' lang='lat' dir='ltr'><strong>ac</strong></span> <span class='ocrx_word' id='word_1_423' title='bbox 3248 2641 3573 2699; x_wconf 87' lang='lat' dir='ltr'><strong>Nestorium.</strong></span> 
     </span>
    </p>
   </div>
   <div class='ocr_carea' id='block_1_55' title="bbox 1990 2739 3576 2810">
    <p class='ocr_par' dir='ltr' id='par_1_55' title="bbox 1990 2739 3576 2810">
     <span class='ocr_line' id='line_1_55' title="bbox 1990 2739 3576 2810; baseline 0.001 -13"><span class='ocrx_word' id='word_1_424' title='bbox 1990 2741 2100 2797; x_wconf 87' lang='lat' dir='ltr'><strong>Nos</strong></span> <span class='ocrx_word' id='word_1_425' title='bbox 2129 2749 2309 2796; x_wconf 87' lang='lat' dir='ltr'><strong>autem</strong></span> <span class='ocrx_word' id='word_1_426' title='bbox 2339 2747 2536 2810; x_wconf 81' lang='lat' dir='ltr'><strong>praeter</strong></span> <span class='ocrx_word' id='word_1_427' title='bbox 2562 2739 2801 2809; x_wconf 88' lang='lat' dir='ltr'><strong>reliquos</strong></span> <span class='ocrx_word' id='word_1_428' title='bbox 2831 2754 3022 2796; x_wconf 89' lang='lat' dir='ltr'><strong>omnes</strong></span> <span class='ocrx_word' id='word_1_429' title='bbox 3051 2741 3335 2797; x_wconf 79' lang='lat' dir='ltr'><strong>haereticos</strong></span> <span class='ocrx_word' id='word_1_430' title='bbox 3356 2757 3388 2796; x_wconf 86' lang='lat' dir='ltr'><strong>a</strong></span> <span class='ocrx_word' id='word_1_431' title='bbox 3416 2741 3576 2799; x_wconf 85' lang='lat' dir='ltr'><strong>dictis</strong></span> 
     </span>
    </p>
   </div>
   <div class='ocr_carea' id='block_1_56' title="bbox 1992 2829 3575 2902">
    <p class='ocr_par' dir='ltr' id='par_1_56' title="bbox 1992 2829 3575 2902">
     <span class='ocr_line' id='line_1_56' title="bbox 1992 2829 3575 2902; baseline 0.001 -18"><span class='ocrx_word' id='word_1_432' title='bbox 1992 2838 2226 2902; x_wconf 81' lang='lat' dir='ltr'><strong>quatuOr</strong></span> <span class='ocrx_word' id='word_1_433' title='bbox 2265 2829 2466 2886; x_wconf 85' lang='lat' dir='ltr'><strong>sanctis</strong></span> <span class='ocrx_word' id='word_1_434' title='bbox 2503 2829 2749 2884; x_wconf 87' lang='lat' dir='ltr'><strong>conciliis</strong></span> <span class='ocrx_word' id='word_1_435' title='bbox 2789 2829 3094 2898; x_wconf 88' lang='lat' dir='ltr'><strong>damnatos,</strong></span> <span class='ocrx_word' id='word_1_436' title='bbox 3147 2838 3308 2900; x_wconf 87' lang='lat' dir='ltr'><strong>atque</strong></span> <span class='ocrx_word' id='word_1_437' title='bbox 3337 2830 3575 2887; x_wconf 87' lang='lat' dir='ltr'><strong>Ecclesia</strong></span> 
     </span>
    </p>
   </div>
   <div class='ocr_carea' id='block_1_57' title="bbox 1991 2922 3584 2992">
    <p class='ocr_par' dir='ltr' id='par_1_57' title="bbox 1991 2922 3584 2992">
     <span class='ocr_line' id='line_1_57' title="bbox 1991 2922 3584 2992; baseline 0 -13"><span class='ocrx_word' id='word_1_438' title='bbox 1991 2923 2264 2990; x_wconf 81' lang='lat' dir='ltr'><strong>exclusos,</strong></span> <span class='ocrx_word' id='word_1_439' title='bbox 2287 2922 2604 2977; x_wconf 89' lang='lat' dir='ltr'><strong>damnamus</strong></span> <span class='ocrx_word' id='word_1_440' title='bbox 2628 2922 2788 2976; x_wconf 91' lang='lat' dir='ltr'><strong>etiam</strong></span> <span class='ocrx_word' id='word_1_441' title='bbox 2812 2931 2974 2992; x_wconf 88' lang='lat' dir='ltr'><strong>atque</strong></span> <span class='ocrx_word' id='word_1_442' title='bbox 2996 2923 3378 2992; x_wconf 87' lang='lat' dir='ltr'><strong>proscribimus</strong></span> <span class='ocrx_word' id='word_1_443' title='bbox 3407 2923 3584 2980; x_wconf 85' lang='lat' dir='ltr'><strong>Theo-</strong></span> 
     </span>
    </p>
   </div>
   <div class='ocr_carea' id='block_1_58' title="bbox 1993 3012 3576 3085">
    <p class='ocr_par' dir='ltr' id='par_1_58' title="bbox 1993 3012 3576 3085">
     <span class='ocr_line' id='line_1_58' title="bbox 1993 3012 3576 3085; baseline 0 -15"><span class='ocrx_word' id='word_1_444' title='bbox 1993 3014 2210 3084; x_wconf 90' lang='lat' dir='ltr'><strong>dorum,</strong></span> <span class='ocrx_word' id='word_1_445' title='bbox 2239 3014 2332 3084; x_wconf 88' lang='lat' dir='ltr'><strong>qui</strong></span> <span class='ocrx_word' id='word_1_446' title='bbox 2377 3012 2479 3068; x_wconf 87' lang='lat' dir='ltr'><strong>fuit</strong></span> <span class='ocrx_word' id='word_1_447' title='bbox 2505 3012 2845 3084; x_wconf 67' lang='lat' dir='ltr'><strong>Mopsuestia:</strong></span> <span class='ocrx_word' id='word_1_448' title='bbox 2886 3014 3192 3084; x_wconf 86' lang='lat' dir='ltr'><strong>episcopus,</strong></span> <span class='ocrx_word' id='word_1_449' title='bbox 3225 3013 3446 3085; x_wconf 82' lang='lat' dir='ltr'><strong>ejusque</strong></span> <span class='ocrx_word' id='word_1_450' title='bbox 3475 3017 3576 3071; x_wconf 87' lang='lat' dir='ltr'><strong>im-</strong></span> 
     </span>
    </p>
   </div>
   <div class='ocr_carea' id='block_1_59' title="bbox 299 3102 1886 3186">
    <p class='ocr_par' dir='ltr' id='par_1_59' title="bbox 299 3108 1886 3183">
     <span class='ocr_line' id='line_1_59' title="bbox 299 3108 1886 3183; baseline 0 -19"><span class='ocrx_word' id='word_1_451' title='bbox 299 3108 541 3168; x_wconf 78' lang='grc' dir='ltr'><strong>ὂυσσεϐἦ</strong></span> <span class='ocrx_word' id='word_1_452' title='bbox 569 3113 954 3183; x_wconf 73' lang='grc' dir='ltr'><strong>συγγράμματα</strong></span> <span class='ocrx_word' id='word_1_453' title='bbox 981 3112 1157 3166; x_wconf 75' lang='grc' dir='ltr'><strong>αὐτοῦ.</strong></span> <span class='ocrx_word' id='word_1_454' title='bbox 1190 3114 1282 3165; x_wconf 67' lang='grc' dir='ltr'><strong>Καί</strong></span> <span class='ocrx_word' id='word_1_455' title='bbox 1306 3113 1396 3181; x_wconf 88' lang='grc' dir='ltr'><strong>μέν</strong></span> <span class='ocrx_word' id='word_1_456' title='bbox 1423 3132 1501 3166; x_wconf 89' lang='grc' dir='ltr'><strong>τοι</strong></span> <span class='ocrx_word' id='word_1_457' title='bbox 1528 3115 1611 3164; x_wconf 81' lang='grc' dir='ltr'><strong>καὶ</strong></span> <span class='ocrx_word' id='word_1_458' title='bbox 1639 3113 1706 3166; x_wconf 86' lang='grc' dir='ltr'><strong>τά</strong></span> <span class='ocrx_word' id='word_1_459' title='bbox 1730 3118 1886 3170; x_wconf 84' lang='grc' dir='ltr'><strong>κακῶς</strong></span> 
     </span>
    </p>
   </div>
   <div class='ocr_carea' id='block_1_60' title="bbox 1992 3102 3576 3186">
    <p class='ocr_par' dir='ltr' id='par_1_60' title="bbox 1999 3102 3576 3176">
     <span class='ocr_line' id='line_1_60' title="bbox 1999 3102 3576 3176; baseline 0.002 -18"><span class='ocrx_word' id='word_1_460' title='bbox 1999 3102 2118 3176; x_wconf 85' lang='lat' dir='ltr'><strong>pios</strong></span> <span class='ocrx_word' id='word_1_461' title='bbox 2143 3105 2308 3161; x_wconf 88' lang='lat' dir='ltr'><strong>libros</strong></span> <span class='ocrx_word' id='word_1_462' title='bbox 2343 3123 2356 3157; x_wconf 91' lang='lat'><strong>:</strong></span> <span class='ocrx_word' id='word_1_463' title='bbox 2384 3119 2487 3160; x_wconf 89' lang='lat' dir='ltr'><strong>nec</strong></span> <span class='ocrx_word' id='word_1_464' title='bbox 2511 3119 2618 3158; x_wconf 91' lang='lat' dir='ltr'><strong>non</strong></span> <span class='ocrx_word' id='word_1_465' title='bbox 2640 3118 2704 3158; x_wconf 89' lang='lat' dir='ltr'><strong>ea</strong></span> <span class='ocrx_word' id='word_1_466' title='bbox 2733 3118 2854 3174; x_wconf 83' lang='lat' dir='ltr'><strong>quae</strong></span> <span class='ocrx_word' id='word_1_467' title='bbox 2885 3103 3256 3160; x_wconf 88' lang='lat' dir='ltr'><strong>Theodoretus</strong></span> <span class='ocrx_word' id='word_1_468' title='bbox 3288 3106 3430 3160; x_wconf 90' lang='lat' dir='ltr'><strong>male</strong></span> <span class='ocrx_word' id='word_1_469' title='bbox 3453 3106 3576 3162; x_wconf 84' lang='lat' dir='ltr'><strong>scri-</strong></span> 
     </span>
    </p>
   </div>
   <div class='ocr_carea' id='block_1_61' title="bbox 302 3199 1893 3276">
    <p class='ocr_par' dir='ltr' id='par_1_61' title="bbox 302 3199 1893 3276">
     <span class='ocr_line' id='line_1_61' title="bbox 302 3199 1893 3276; baseline 0.001 -21"><span class='ocrx_word' id='word_1_470' title='bbox 302 3203 453 3274; x_wconf 79' lang='grc' dir='ltr'><strong>παρά</strong></span> <span class='ocrx_word' id='word_1_471' title='bbox 498 3199 812 3275; x_wconf 82' lang='grc' dir='ltr'><strong>Θιοδωρίτου</strong></span> <span class='ocrx_word' id='word_1_472' title='bbox 843 3202 1196 3273; x_wconf 72' lang='grc' dir='ltr'><strong>συγγραφέντα</strong></span> <span class='ocrx_word' id='word_1_473' title='bbox 1222 3203 1354 3254; x_wconf 85' lang='grc' dir='ltr'><strong>κατά</strong></span> <span class='ocrx_word' id='word_1_474' title='bbox 1395 3221 1445 3256; x_wconf 86' lang='grc' dir='ltr'><strong>τε</strong></span> <span class='ocrx_word' id='word_1_475' title='bbox 1482 3211 1574 3261; x_wconf 80' lang='grc' dir='ltr'><strong>τῆς</strong></span> <span class='ocrx_word' id='word_1_476' title='bbox 1613 3203 1762 3276; x_wconf 76' lang='grc' dir='ltr'><strong>ὀρθῆς</strong></span> <span class='ocrx_word' id='word_1_477' title='bbox 1806 3208 1893 3256; x_wconf 89' lang='grc' dir='ltr'><strong>πί-</strong></span> 
     </span>
    </p>
   </div>
   <div class='ocr_carea' id='block_1_62' title="bbox 306 3287 1892 3364">
    <p class='ocr_par' dir='ltr' id='par_1_62' title="bbox 306 3287 1892 3364">
     <span class='ocr_line' id='line_1_62' title="bbox 306 3287 1892 3364; baseline 0.001 -21"><span class='ocrx_word' id='word_1_478' title='bbox 306 3309 466 3347; x_wconf 75' lang='grc' dir='ltr'><strong>στεως</strong></span> <span class='ocrx_word' id='word_1_479' title='bbox 490 3292 572 3341; x_wconf 80' lang='grc' dir='ltr'><strong>καὶ</strong></span> <span class='ocrx_word' id='word_1_480' title='bbox 599 3296 699 3342; x_wconf 84' lang='grc' dir='ltr'><strong>τῶν</strong></span> <span class='ocrx_word' id='word_1_481' title='bbox 721 3287 917 3342; x_wconf 78' lang='grc' dir='ltr'><strong>δώδεκα</strong></span> <span class='ocrx_word' id='word_1_482' title='bbox 944 3289 1221 3361; x_wconf 71' lang='grc' dir='ltr'><strong>κεφαλαίων</strong></span> <span class='ocrx_word' id='word_1_483' title='bbox 1247 3296 1336 3342; x_wconf 80' lang='grc' dir='ltr'><strong>τοῦ</strong></span> <span class='ocrx_word' id='word_1_484' title='bbox 1367 3290 1414 3342; x_wconf 79' lang='grc' dir='ltr'><strong>ἐν</strong></span> <span class='ocrx_word' id='word_1_485' title='bbox 1439 3289 1602 3360; x_wconf 75' lang='grc' dir='ltr'><strong>όιγίοις</strong></span> <span class='ocrx_word' id='word_1_486' title='bbox 1632 3290 1892 3364; x_wconf 72' lang='grc' dir='ltr'><strong>ιυρῦιλου,</strong></span> 
     </span>
    </p>
   </div>
   <div class='ocr_carea' id='block_1_63' title="bbox 311 3379 1894 3459">
    <p class='ocr_par' dir='ltr' id='par_1_63' title="bbox 311 3379 1894 3459">
     <span class='ocr_line' id='line_1_63' title="bbox 311 3379 1894 3459; baseline 0.004 -29"><span class='ocrx_word' id='word_1_487' title='bbox 311 3381 402 3430; x_wconf 76' lang='grc' dir='ltr'><strong>καί</strong></span> <span class='ocrx_word' id='word_1_488' title='bbox 441 3386 530 3436; x_wconf 73' lang='grc' dir='ltr'><strong>τῆς</strong></span> <span class='ocrx_word' id='word_1_489' title='bbox 561 3379 608 3430; x_wconf 84' lang='grc' dir='ltr'><strong>ἐν</strong></span> <span class='ocrx_word' id='word_1_490' title='bbox 629 3381 810 3450; x_wconf 60' lang='grc' dir='ltr'><strong>Ἐφέσῳ</strong></span> <span class='ocrx_word' id='word_1_491' title='bbox 847 3381 1055 3449; x_wconf 82' lang='grc' dir='ltr'><strong>πρώτης</strong></span> <span class='ocrx_word' id='word_1_492' title='bbox 1077 3381 1217 3454; x_wconf 79' lang='grc' dir='ltr'><strong>ἱερᾶς</strong></span> <span class='ocrx_word' id='word_1_493' title='bbox 1243 3379 1482 3442; x_wconf 83' lang='grc' dir='ltr'><strong>συνόδου,</strong></span> <span class='ocrx_word' id='word_1_494' title='bbox 1511 3385 1596 3436; x_wconf 79' lang='grc' dir='ltr'><strong>καί</strong></span> <span class='ocrx_word' id='word_1_495' title='bbox 1635 3379 1738 3438; x_wconf 84' lang='grc' dir='ltr'><strong>ὅσα</strong></span> <span class='ocrx_word' id='word_1_496' title='bbox 1765 3385 1894 3459; x_wconf 79' lang='grc' dir='ltr'><strong>ὑπέρ</strong></span> 
     </span>
    </p>
   </div>
   <div class='ocr_carea' id='block_1_64' title="bbox 314 3469 1895 3547">
    <p class='ocr_par' dir='ltr' id='par_1_64' title="bbox 314 3469 1895 3547">
     <span class='ocr_line' id='line_1_64' title="bbox 314 3469 1895 3547; baseline 0.001 -25"><span class='ocrx_word' id='word_1_497' title='bbox 314 3471 626 3539; x_wconf 76' lang='grc' dir='ltr'><strong>συνηγορίας</strong></span> <span class='ocrx_word' id='word_1_498' title='bbox 655 3469 918 3543; x_wconf 82' lang='grc' dir='ltr'><strong>Θεοδώρου</strong></span> <span class='ocrx_word' id='word_1_499' title='bbox 963 3475 1044 3525; x_wconf 82' lang='grc' dir='ltr'><strong>ιιαί</strong></span> <span class='ocrx_word' id='word_1_500' title='bbox 1083 3476 1356 3547; x_wconf 72' lang='grc' dir='ltr'><strong>Νεστορὸου</strong></span> <span class='ocrx_word' id='word_1_501' title='bbox 1405 3473 1542 3545; x_wconf 80' lang='grc' dir='ltr'><strong>αὐτῷ</strong></span> <span class='ocrx_word' id='word_1_502' title='bbox 1585 3474 1895 3546; x_wconf 73' lang='grc' dir='ltr'><strong>γέγραπτοι.</strong></span> 
     </span>
    </p>
   </div>
   <div class='ocr_carea' id='block_1_65' title="bbox 313 3559 1897 3633">
    <p class='ocr_par' dir='ltr' id='par_1_65' title="bbox 313 3559 1897 3633">
     <span class='ocr_line' id='line_1_65' title="bbox 313 3559 1897 3633; baseline 0.002 -20"><span class='ocrx_word' id='word_1_503' title='bbox 313 3559 439 3633; x_wconf 54' lang='grc' dir='ltr'><strong>Πρὸς</strong></span> <span class='ocrx_word' id='word_1_504' title='bbox 483 3561 684 3619; x_wconf 82' lang='grc' dir='ltr'><strong>τούτοις</strong></span> <span class='ocrx_word' id='word_1_505' title='bbox 718 3561 1143 3630; x_wconf 77' lang='grc' dir='ltr'><strong>ἀναθεματίζομεν</strong></span> <span class='ocrx_word' id='word_1_506' title='bbox 1181 3565 1264 3614; x_wconf 82' lang='grc' dir='ltr'><strong>καί</strong></span> <span class='ocrx_word' id='word_1_507' title='bbox 1290 3567 1380 3620; x_wconf 65' lang='grc' dir='ltr'><strong>τήν</strong></span> <span class='ocrx_word' id='word_1_508' title='bbox 1419 3561 1582 3619; x_wconf 80' lang='grc' dir='ltr'><strong>ἀσεϐῆ</strong></span> <span class='ocrx_word' id='word_1_509' title='bbox 1629 3563 1897 3624; x_wconf 76' lang='grc' dir='ltr'><strong>ἐπιστολήν</strong></span> 
     </span>
    </p>
   </div>
   <div class='ocr_carea' id='block_1_66' title="bbox 309 3649 1896 3730">
    <p class='ocr_par' dir='ltr' id='par_1_66' title="bbox 309 3649 1896 3730">
     <span class='ocr_line' id='line_1_66' title="bbox 309 3649 1896 3730; baseline 0.002 -25"><span class='ocrx_word' id='word_1_510' title='bbox 309 3656 402 3708; x_wconf 76' lang='grc' dir='ltr'><strong>τὴν</strong></span> <span class='ocrx_word' id='word_1_511' title='bbox 425 3651 687 3721; x_wconf 73' lang='grc' dir='ltr'><strong>λεγομένην</strong></span> <span class='ocrx_word' id='word_1_512' title='bbox 711 3653 857 3728; x_wconf 81' lang='grc' dir='ltr'><strong>παρὰ</strong></span> <span class='ocrx_word' id='word_1_513' title='bbox 877 3649 991 3706; x_wconf 77' lang='grc' dir='ltr'><strong>ἰϐα</strong></span> <span class='ocrx_word' id='word_1_514' title='bbox 1013 3655 1290 3726; x_wconf 80' lang='grc' dir='ltr'><strong>γεγράφθαι</strong></span> <span class='ocrx_word' id='word_1_515' title='bbox 1325 3656 1452 3728; x_wconf 72' lang='grc' dir='ltr'><strong>πρὸς</strong></span> <span class='ocrx_word' id='word_1_516' title='bbox 1477 3656 1636 3730; x_wconf 88' lang='grc' dir='ltr'><strong>Μάριν</strong></span> <span class='ocrx_word' id='word_1_517' title='bbox 1660 3656 1745 3710; x_wconf 87' lang='grc' dir='ltr'><strong>τὸν</strong></span> <span class='ocrx_word' id='word_1_518' title='bbox 1773 3657 1896 3729; x_wconf 83' lang='grc' dir='ltr'><strong>Πέρο</strong></span> 
     </span>
    </p>
   </div>
   <div class='ocr_carea' id='block_1_67' title="bbox 309 3741 1896 3822">
    <p class='ocr_par' dir='ltr' id='par_1_67' title="bbox 309 3741 1896 3822">
     <span class='ocr_line' id='line_1_67' title="bbox 309 3741 1896 3822; baseline 0.003 -27"><span class='ocrx_word' id='word_1_519' title='bbox 309 3762 429 3804; x_wconf 86' lang='grc' dir='ltr'><strong>σην,</strong></span> <span class='ocrx_word' id='word_1_520' title='bbox 458 3745 548 3799; x_wconf 78' lang='grc' dir='ltr'><strong>τήν</strong></span> <span class='ocrx_word' id='word_1_521' title='bbox 577 3741 883 3815; x_wconf 75' lang='grc' dir='ltr'><strong>ἀρνουμένην</strong></span> <span class='ocrx_word' id='word_1_522' title='bbox 910 3745 993 3798; x_wconf 86' lang='grc' dir='ltr'><strong>τὸν</strong></span> <span class='ocrx_word' id='word_1_523' title='bbox 1019 3745 1140 3798; x_wconf 84' lang='grc' dir='ltr'><strong>Θεὸν</strong></span> <span class='ocrx_word' id='word_1_524' title='bbox 1177 3744 1318 3816; x_wconf 82' lang='grc' dir='ltr'><strong>λόγον</strong></span> <span class='ocrx_word' id='word_1_525' title='bbox 1348 3745 1401 3798; x_wconf 76' lang='grc' dir='ltr'><em>ἔκ</em></span> <span class='ocrx_word' id='word_1_526' title='bbox 1421 3754 1510 3805; x_wconf 77' lang='grc' dir='ltr'><strong>τῆς</strong></span> <span class='ocrx_word' id='word_1_527' title='bbox 1540 3745 1688 3818; x_wconf 85' lang='grc' dir='ltr'><strong>άγίας</strong></span> <span class='ocrx_word' id='word_1_528' title='bbox 1707 3748 1896 3822; x_wconf 82' lang='grc' dir='ltr'><strong>παρθέ-</strong></span> 
     </span>
    </p>
   </div>
   <div class='ocr_carea' id='block_1_68' title="bbox 309 3836 1895 3916">
    <p class='ocr_par' dir='ltr' id='par_1_68' title="bbox 309 3836 1895 3916">
     <span class='ocr_line' id='line_1_68' title="bbox 309 3836 1895 3916; baseline 0.003 -27"><span class='ocrx_word' id='word_1_529' title='bbox 309 3857 400 3890; x_wconf 89' lang='grc' dir='ltr'><strong>νου</strong></span> <span class='ocrx_word' id='word_1_530' title='bbox 427 3843 518 3896; x_wconf 81' lang='grc' dir='ltr'><strong>τῆς</strong></span> <span class='ocrx_word' id='word_1_531' title='bbox 542 3837 771 3890; x_wconf 81' lang='grc' dir='ltr'><strong>θεοτόκου</strong></span> <span class='ocrx_word' id='word_1_532' title='bbox 807 3843 999 3908; x_wconf 84' lang='grc' dir='ltr'><strong>Μαρίας</strong></span> <span class='ocrx_word' id='word_1_533' title='bbox 1023 3839 1346 3914; x_wconf 86' lang='grc' dir='ltr'><strong>σαρκωθέντα</strong></span> <span class='ocrx_word' id='word_1_534' title='bbox 1365 3836 1622 3916; x_wconf 78' lang='grc' dir='ltr'><strong>ἄνθρωπον</strong></span> <span class='ocrx_word' id='word_1_535' title='bbox 1655 3849 1895 3914; x_wconf 80' lang='grc' dir='ltr'><strong>γεγενῆσ·</strong></span> 
     </span>
    </p>
   </div>
   <div class='ocr_carea' id='block_1_69' title="bbox 309 3929 1900 4008">
    <p class='ocr_par' dir='ltr' id='par_1_69' title="bbox 309 3929 1900 4008">
     <span class='ocr_line' id='line_1_69' title="bbox 309 3929 1900 4008; baseline 0.004 -28"><span class='ocrx_word' id='word_1_536' title='bbox 309 3930 414 3991; x_wconf 86' lang='grc' dir='ltr'><strong>Θαι,</strong></span> <span class='ocrx_word' id='word_1_537' title='bbox 439 3931 526 3981; x_wconf 73' lang='grc' dir='ltr'><strong>καί</strong></span> <span class='ocrx_word' id='word_1_538' title='bbox 551 3930 637 3984; x_wconf 85' lang='grc' dir='ltr'><strong>τόν</strong></span> <span class='ocrx_word' id='word_1_539' title='bbox 663 3929 928 3984; x_wconf 75' lang='grc' dir='ltr'><strong>Θεσπέσιον</strong></span> <span class='ocrx_word' id='word_1_540' title='bbox 958 3930 1198 4004; x_wconf 75' lang='grc' dir='ltr'><strong>Κύριλλον</strong></span> <span class='ocrx_word' id='word_1_541' title='bbox 1227 3933 1294 3992; x_wconf 84' lang='grc' dir='ltr'><strong>ὡς</strong></span> <span class='ocrx_word' id='word_1_542' title='bbox 1326 3932 1572 4008; x_wconf 79' lang='grc' dir='ltr'><strong>αἱρετικὸν</strong></span> <span class='ocrx_word' id='word_1_543' title='bbox 1603 3930 1900 3987; x_wconf 75' lang='grc' dir='ltr'><strong>διαϐάλλου-</strong></span> 
     </span>
    </p>
   </div>
   <div class='ocr_carea' id='block_1_70' title="bbox 308 4019 1898 4096">
    <p class='ocr_par' dir='ltr' id='par_1_70' title="bbox 308 4019 1898 4096">
     <span class='ocr_line' id='line_1_70' title="bbox 308 4019 1898 4096; baseline 0.005 -26"><span class='ocrx_word' id='word_1_544' title='bbox 308 4037 432 4082; x_wconf 80' lang='grc' dir='ltr'><strong>σαν,</strong></span> <span class='ocrx_word' id='word_1_545' title='bbox 481 4020 564 4070; x_wconf 82' lang='grc' dir='ltr'><strong>καὶ</strong></span> <span class='ocrx_word' id='word_1_546' title='bbox 605 4019 923 4090; x_wconf 70' lang='grc' dir='ltr'><strong>μεμφομένην</strong></span> <span class='ocrx_word' id='word_1_547' title='bbox 951 4023 1040 4090; x_wconf 82' lang='grc' dir='ltr'><strong>μέν</strong></span> <span class='ocrx_word' id='word_1_548' title='bbox 1067 4025 1157 4081; x_wconf 76' lang='grc' dir='ltr'><strong>τήν</strong></span> <span class='ocrx_word' id='word_1_549' title='bbox 1194 4021 1248 4076; x_wconf 79' lang='grc' dir='ltr'><strong>έν</strong></span> <span class='ocrx_word' id='word_1_550' title='bbox 1275 4020 1465 4094; x_wconf 74' lang='grc' dir='ltr'><strong>Ἐφέσῳ</strong></span> <span class='ocrx_word' id='word_1_551' title='bbox 1501 4025 1711 4096; x_wconf 78' lang='grc' dir='ltr'><strong>πρώτην</strong></span> <span class='ocrx_word' id='word_1_552' title='bbox 1751 4023 1898 4096; x_wconf 80' lang='grc' dir='ltr'><strong>ἁγίαν</strong></span> 
     </span>
    </p>
   </div>
   <div class='ocr_carea' id='block_1_71' title="bbox 307 4106 1896 4191">
    <p class='ocr_par' dir='ltr' id='par_1_71' title="bbox 307 4106 1896 4191">
     <span class='ocr_line' id='line_1_71' title="bbox 307 4106 1896 4191; baseline 0.006 -30"><span class='ocrx_word' id='word_1_553' title='bbox 307 4106 544 4171; x_wconf 84' lang='grc' dir='ltr'><strong>σύνοδον,</strong></span> <span class='ocrx_word' id='word_1_554' title='bbox 575 4111 644 4170; x_wconf 83' lang='grc' dir='ltr'><strong>ὡς</strong></span> <span class='ocrx_word' id='word_1_555' title='bbox 673 4114 840 4185; x_wconf 84' lang='grc' dir='ltr'><strong>χωρίς</strong></span> <span class='ocrx_word' id='word_1_556' title='bbox 872 4116 1084 4186; x_wconf 82' lang='grc' dir='ltr'><strong>κρίσεως</strong></span> <span class='ocrx_word' id='word_1_557' title='bbox 1118 4117 1204 4168; x_wconf 86' lang='grc' dir='ltr'><strong>καί</strong></span> <span class='ocrx_word' id='word_1_558' title='bbox 1231 4118 1491 4179; x_wconf 77' lang='grc' dir='ltr'><strong>ζητήσεως</strong></span> <span class='ocrx_word' id='word_1_559' title='bbox 1519 4117 1605 4170; x_wconf 89' lang='grc' dir='ltr'><strong>τόν</strong></span> <span class='ocrx_word' id='word_1_560' title='bbox 1627 4116 1896 4191; x_wconf 79' lang='grc' dir='ltr'><strong>Νεστόριυν</strong></span> 
     </span>
    </p>
   </div>
   <div class='ocr_carea' id='block_1_72' title="bbox 309 4197 1898 4281">
    <p class='ocr_par' dir='ltr' id='par_1_72' title="bbox 309 4197 1898 4281">
     <span class='ocr_line' id='line_1_72' title="bbox 309 4197 1898 4281; baseline 0.007 -32"><span class='ocrx_word' id='word_1_561' title='bbox 309 4197 640 4262; x_wconf 65' lang='grc' dir='ltr'><strong>καθελοῦ-σαν,</strong></span> <span class='ocrx_word' id='word_1_562' title='bbox 670 4202 756 4253; x_wconf 75' lang='grc' dir='ltr'><strong>καί</strong></span> <span class='ocrx_word' id='word_1_563' title='bbox 793 4202 860 4256; x_wconf 81' lang='grc' dir='ltr'><strong>τά</strong></span> <span class='ocrx_word' id='word_1_564' title='bbox 901 4200 1092 4257; x_wconf 83' lang='grc' dir='ltr'><strong>δώδεκα</strong></span> <span class='ocrx_word' id='word_1_565' title='bbox 1118 4205 1358 4275; x_wconf 70' lang='grc' dir='ltr'><strong>κεφάλαια</strong></span> <span class='ocrx_word' id='word_1_566' title='bbox 1382 4211 1477 4260; x_wconf 80' lang='grc' dir='ltr'><strong>τοῦ</strong></span> <span class='ocrx_word' id='word_1_567' title='bbox 1513 4208 1764 4281; x_wconf 80' lang='grc' dir='ltr'><strong>μακαρίου</strong></span> <span class='ocrx_word' id='word_1_568' title='bbox 1793 4217 1898 4260; x_wconf 79' lang='lat' dir='ltr'><strong>Ku-</strong></span> 
     </span>
    </p>
   </div>
   <div class='ocr_carea' id='block_1_73' title="bbox 309 4283 1900 4370">
    <p class='ocr_par' dir='ltr' id='par_1_73' title="bbox 309 4283 1900 4370">
     <span class='ocr_line' id='line_1_73' title="bbox 309 4283 1900 4370; baseline 0.01 -34"><span class='ocrx_word' id='word_1_569' title='bbox 309 4285 480 4360; x_wconf 60' lang='grc' dir='ltr'><strong>ριὶλου</strong></span> <span class='ocrx_word' id='word_1_570' title='bbox 506 4283 879 4352; x_wconf 76' lang='grc' dir='ltr'><strong>διαπτύουσαν,</strong></span> <span class='ocrx_word' id='word_1_571' title='bbox 911 4289 1208 4346; x_wconf 79' lang='grc' dir='ltr'><strong>ἐκδικοῦσαν</strong></span> <span class='ocrx_word' id='word_1_572' title='bbox 1233 4291 1286 4346; x_wconf 81' lang='grc' dir='ltr'><strong>δέ</strong></span> <span class='ocrx_word' id='word_1_573' title='bbox 1317 4293 1572 4370; x_wconf 77' lang='grc' dir='ltr'><strong>Θεόδωρον</strong></span> <span class='ocrx_word' id='word_1_574' title='bbox 1608 4299 1692 4354; x_wconf 77' lang='grc' dir='ltr'><strong>καὶ</strong></span> <span class='ocrx_word' id='word_1_575' title='bbox 1719 4298 1900 4352; x_wconf 69' lang='lat' dir='ltr'><strong>Nam-6—</strong></span> 
     </span>
    </p>
   </div>
   <div class='ocr_carea' id='block_1_74' title="bbox 309 4379 1896 4461">
    <p class='ocr_par' dir='ltr' id='par_1_74' title="bbox 309 4379 1896 4461">
     <span class='ocr_line' id='line_1_74' title="bbox 309 4379 1896 4461; baseline 0.011 -35"><span class='ocrx_word' id='word_1_576' title='bbox 309 4394 441 4450; x_wconf 81' lang='grc' dir='ltr'><strong>ριον,</strong></span> <span class='ocrx_word' id='word_1_577' title='bbox 472 4379 554 4429; x_wconf 82' lang='grc' dir='ltr'><strong>καί</strong></span> <span class='ocrx_word' id='word_1_578' title='bbox 579 4379 644 4432; x_wconf 86' lang='grc' dir='ltr'><strong>τά</strong></span> <span class='ocrx_word' id='word_1_579' title='bbox 679 4379 924 4452; x_wconf 82' lang='grc' dir='ltr'><strong>θεοστυγῆ</strong></span> <span class='ocrx_word' id='word_1_580' title='bbox 967 4382 1130 4435; x_wconf 81' lang='grc' dir='ltr'><strong>αὐτῶν</strong></span> <span class='ocrx_word' id='word_1_581' title='bbox 1164 4385 1550 4456; x_wconf 86' lang='grc' dir='ltr'><strong>συγγράμματά</strong></span> <span class='ocrx_word' id='word_1_582' title='bbox 1581 4406 1636 4441; x_wconf 90' lang='grc' dir='ltr'><strong>τε</strong></span> <span class='ocrx_word' id='word_1_583' title='bbox 1665 4391 1751 4442; x_wconf 81' lang='grc' dir='ltr'><strong>καί</strong></span> <span class='ocrx_word' id='word_1_584' title='bbox 1777 4387 1896 4461; x_wconf 83' lang='grc' dir='ltr'><strong>δόγ-</strong></span> 
     </span>
    </p>
   </div>
   <div class='ocr_carea' id='block_1_75' title="bbox 1997 3201 3578 3275">
    <p class='ocr_par' dir='ltr' id='par_1_75' title="bbox 1997 3201 3578 3275">
     <span class='ocr_line' id='line_1_75' title="bbox 1997 3201 3578 3275; baseline 0.003 -19"><span class='ocrx_word' id='word_1_585' title='bbox 1997 3203 2106 3272; x_wconf 91' lang='lat' dir='ltr'><strong>psit</strong></span> <span class='ocrx_word' id='word_1_586' title='bbox 2127 3212 2316 3258; x_wconf 87' lang='lat' dir='ltr'><strong>contra</strong></span> <span class='ocrx_word' id='word_1_587' title='bbox 2347 3217 2528 3257; x_wconf 86' lang='lat' dir='ltr'><strong>veram</strong></span> <span class='ocrx_word' id='word_1_588' title='bbox 2559 3201 2734 3266; x_wconf 87' lang='lat' dir='ltr'><strong>fidem,</strong></span> <span class='ocrx_word' id='word_1_589' title='bbox 2767 3210 2822 3256; x_wconf 90' lang='lat' dir='ltr'><strong>et</strong></span> <span class='ocrx_word' id='word_1_590' title='bbox 2869 3202 3157 3258; x_wconf 89' lang='lat' dir='ltr'><strong>duodecim</strong></span> <span class='ocrx_word' id='word_1_591' title='bbox 3186 3203 3357 3258; x_wconf 87' lang='lat' dir='ltr'><strong>sancti</strong></span> <span class='ocrx_word' id='word_1_592' title='bbox 3393 3202 3578 3275; x_wconf 85' lang='lat' dir='ltr'><strong>Cyrilli</strong></span> 
     </span>
    </p>
   </div>
   <div class='ocr_carea' id='block_1_76' title="bbox 1997 3290 3578 3364">
    <p class='ocr_par' dir='ltr' id='par_1_76' title="bbox 1997 3290 3578 3364">
     <span class='ocr_line' id='line_1_76' title="bbox 1997 3290 3578 3364; baseline 0.003 -18"><span class='ocrx_word' id='word_1_593' title='bbox 1997 3292 2196 3362; x_wconf 87' lang='lat' dir='ltr'><strong>capita,</strong></span> <span class='ocrx_word' id='word_1_594' title='bbox 2223 3307 2287 3346; x_wconf 89' lang='lat' dir='ltr'><strong>ac</strong></span> <span class='ocrx_word' id='word_1_595' title='bbox 2312 3292 2539 3362; x_wconf 88' lang='lat' dir='ltr'><strong>primam</strong></span> <span class='ocrx_word' id='word_1_596' title='bbox 2582 3301 2825 3347; x_wconf 88' lang='lat' dir='ltr'><strong>sanctam</strong></span> <span class='ocrx_word' id='word_1_597' title='bbox 2856 3290 3183 3363; x_wconf 90' lang='lat' dir='ltr'><strong>Ephesinam</strong></span> <span class='ocrx_word' id='word_1_598' title='bbox 3211 3293 3498 3364; x_wconf 82' lang='lat' dir='ltr'><strong>synodum,</strong></span> <span class='ocrx_word' id='word_1_599' title='bbox 3523 3304 3578 3352; x_wconf 85' lang='lat' dir='ltr'><strong>et</strong></span> 
     </span>
    </p>
   </div>
   <div class='ocr_carea' id='block_1_77' title="bbox 1997 3389 3580 3463">
    <p class='ocr_par' dir='ltr' id='par_1_77' title="bbox 1997 3389 3580 3463">
     <span class='ocr_line' id='line_1_77' title="bbox 1997 3389 3580 3463; baseline 0.001 -17"><span class='ocrx_word' id='word_1_600' title='bbox 1997 3406 2096 3463; x_wconf 90' lang='lat' dir='ltr'><strong>pro</strong></span> <span class='ocrx_word' id='word_1_601' title='bbox 2116 3390 2430 3447; x_wconf 88' lang='lat' dir='ltr'><strong>defensione</strong></span> <span class='ocrx_word' id='word_1_602' title='bbox 2457 3389 2728 3445; x_wconf 84' lang='lat' dir='ltr'><strong>Theodori</strong></span> <span class='ocrx_word' id='word_1_603' title='bbox 2763 3405 2827 3446; x_wconf 90' lang='lat' dir='ltr'><strong>ac</strong></span> <span class='ocrx_word' id='word_1_604' title='bbox 2855 3389 3105 3445; x_wconf 86' lang='lat' dir='ltr'><strong>Nestorii.</strong></span> <span class='ocrx_word' id='word_1_605' title='bbox 3133 3389 3403 3446; x_wconf 65' lang='lat' dir='ltr'><strong>Praeterea</strong></span> <span class='ocrx_word' id='word_1_606' title='bbox 3433 3391 3580 3448; x_wconf 87' lang='lat' dir='ltr'><strong>dant-</strong></span> 
     </span>
    </p>
   </div>
   <div class='ocr_carea' id='block_1_78' title="bbox 1997 3479 3578 3554">
    <p class='ocr_par' dir='ltr' id='par_1_78' title="bbox 1997 3479 3578 3554">
     <span class='ocr_line' id='line_1_78' title="bbox 1997 3479 3578 3554; baseline 0.001 -16"><span class='ocrx_word' id='word_1_607' title='bbox 1997 3497 2189 3538; x_wconf 89' lang='lat' dir='ltr'><strong>namus</strong></span> <span class='ocrx_word' id='word_1_608' title='bbox 2226 3481 2391 3537; x_wconf 90' lang='lat' dir='ltr'><strong>etiam</strong></span> <span class='ocrx_word' id='word_1_609' title='bbox 2426 3481 2713 3552; x_wconf 86' lang='lat' dir='ltr'><strong>epistolam</strong></span> <span class='ocrx_word' id='word_1_610' title='bbox 2751 3496 2913 3551; x_wconf 78' lang='lat' dir='ltr'><strong>quam</strong></span> <span class='ocrx_word' id='word_1_611' title='bbox 2957 3479 3076 3537; x_wconf 83' lang='lat' dir='ltr'><strong>[bas</strong></span> <span class='ocrx_word' id='word_1_612' title='bbox 3099 3481 3273 3536; x_wconf 88' lang='lat' dir='ltr'><strong>fertur</strong></span> <span class='ocrx_word' id='word_1_613' title='bbox 3299 3483 3578 3554; x_wconf 86' lang='lat' dir='ltr'><strong>scripsisse</strong></span> 
     </span>
    </p>
   </div>
   <div class='ocr_carea' id='block_1_79' title="bbox 1997 3569 3578 3641">
    <p class='ocr_par' dir='ltr' id='par_1_79' title="bbox 1997 3569 3578 3641">
     <span class='ocr_line' id='line_1_79' title="bbox 1997 3569 3578 3641; baseline 0.003 -15"><span class='ocrx_word' id='word_1_614' title='bbox 1997 3573 2066 3626; x_wconf 87' lang='lat' dir='ltr'><strong>ad</strong></span> <span class='ocrx_word' id='word_1_615' title='bbox 2089 3572 2277 3627; x_wconf 81' lang='lat' dir='ltr'><strong>Marim</strong></span> <span class='ocrx_word' id='word_1_616' title='bbox 2303 3571 2545 3637; x_wconf 87' lang='lat' dir='ltr'><strong>Persam,</strong></span> <span class='ocrx_word' id='word_1_617' title='bbox 2569 3585 2690 3640; x_wconf 64' lang='lat' dir='ltr'><strong>quae</strong></span> <span class='ocrx_word' id='word_1_618' title='bbox 2721 3579 2884 3641; x_wconf 87' lang='lat' dir='ltr'><strong>negat</strong></span> <span class='ocrx_word' id='word_1_619' title='bbox 2907 3569 3145 3627; x_wconf 89' lang='lat' dir='ltr'><strong>Verbum</strong></span> <span class='ocrx_word' id='word_1_620' title='bbox 3185 3572 3371 3628; x_wconf 81' lang='lat' dir='ltr'><strong>Deiex</strong></span> <span class='ocrx_word' id='word_1_621' title='bbox 3391 3583 3578 3630; x_wconf 89' lang='lat' dir='ltr'><strong>sancta</strong></span> 
     </span>
    </p>
   </div>
   <div class='ocr_carea' id='block_1_80' title="bbox 1997 3662 3582 3738">
    <p class='ocr_par' dir='ltr' id='par_1_80' title="bbox 1997 3662 3582 3738">
     <span class='ocr_line' id='line_1_80' title="bbox 1997 3662 3582 3738; baseline 0 -18"><span class='ocrx_word' id='word_1_622' title='bbox 1997 3664 2216 3738; x_wconf 83' lang='lat' dir='ltr'><strong>Virgine</strong></span> <span class='ocrx_word' id='word_1_623' title='bbox 2263 3665 2491 3734; x_wconf 88' lang='lat' dir='ltr'><strong>Deipara</strong></span> <span class='ocrx_word' id='word_1_624' title='bbox 2541 3662 2709 3718; x_wconf 81' lang='lat' dir='ltr'><strong>Maria</strong></span> <span class='ocrx_word' id='word_1_625' title='bbox 2757 3664 3092 3719; x_wconf 84' lang='lat' dir='ltr'><strong>incarnatqu</strong></span> <span class='ocrx_word' id='word_1_626' title='bbox 3142 3665 3413 3720; x_wconf 89' lang='lat' dir='ltr'><strong>hominem</strong></span> <span class='ocrx_word' id='word_1_627' title='bbox 3463 3681 3582 3722; x_wconf 78' lang='lat' dir='ltr'><strong>esse</strong></span> 
     </span>
    </p>
   </div>
   <div class='ocr_carea' id='block_1_81' title="bbox 1997 3753 3581 3828">
    <p class='ocr_par' dir='ltr' id='par_1_81' title="bbox 1997 3753 3581 3828">
     <span class='ocr_line' id='line_1_81' title="bbox 1997 3753 3581 3828; baseline 0.003 -18"><span class='ocrx_word' id='word_1_628' title='bbox 1997 3755 2218 3824; x_wconf 86' lang='lat' dir='ltr'><strong>factum,</strong></span> <span class='ocrx_word' id='word_1_629' title='bbox 2250 3764 2308 3812; x_wconf 91' lang='lat' dir='ltr'><strong>et</strong></span> <span class='ocrx_word' id='word_1_630' title='bbox 2326 3756 2507 3812; x_wconf 83' lang='lat' dir='ltr'><strong>divum</strong></span> <span class='ocrx_word' id='word_1_631' title='bbox 2533 3753 2788 3828; x_wconf 88' lang='lat' dir='ltr'><strong>Cyrillum</strong></span> <span class='ocrx_word' id='word_1_632' title='bbox 2811 3767 2912 3826; x_wconf 89' lang='lat' dir='ltr'><strong>pro</strong></span> <span class='ocrx_word' id='word_1_633' title='bbox 2939 3756 3196 3812; x_wconf 68' lang='lat' dir='ltr'><strong>haeretico</strong></span> <span class='ocrx_word' id='word_1_634' title='bbox 3225 3757 3486 3824; x_wconf 89' lang='lat' dir='ltr'><strong>traducit;</strong></span> <span class='ocrx_word' id='word_1_635' title='bbox 3517 3772 3581 3815; x_wconf 76' lang='lat' dir='ltr'><strong>ac</strong></span> 
     </span>
    </p>
   </div>
   <div class='ocr_carea' id='block_1_82' title="bbox 1997 3845 3582 3921">
    <p class='ocr_par' dir='ltr' id='par_1_82' title="bbox 1997 3845 3582 3921">
     <span class='ocr_line' id='line_1_82' title="bbox 1997 3845 3582 3921; baseline 0.003 -21"><span class='ocrx_word' id='word_1_636' title='bbox 1997 3849 2222 3919; x_wconf 87' lang='lat' dir='ltr'><strong>primam</strong></span> <span class='ocrx_word' id='word_1_637' title='bbox 2253 3847 2467 3918; x_wconf 80' lang='lat' dir='ltr'><strong>quidem</strong></span> <span class='ocrx_word' id='word_1_638' title='bbox 2517 3845 2840 3918; x_wconf 87' lang='lat' dir='ltr'><strong>Ephesinam</strong></span> <span class='ocrx_word' id='word_1_639' title='bbox 2871 3862 3078 3903; x_wconf 88' lang='lat' dir='ltr'><strong>sacram</strong></span> <span class='ocrx_word' id='word_1_640' title='bbox 3099 3848 3365 3920; x_wconf 84' lang='lat' dir='ltr'><strong>synodum</strong></span> <span class='ocrx_word' id='word_1_641' title='bbox 3403 3863 3582 3921; x_wconf 84' lang='lat' dir='ltr'><strong>repre-</strong></span> 
     </span>
    </p>
   </div>
   <div class='ocr_carea' id='block_1_83' title="bbox 1997 3937 3582 4008">
    <p class='ocr_par' dir='ltr' id='par_1_83' title="bbox 1997 3937 3582 4008">
     <span class='ocr_line' id='line_1_83' title="bbox 1997 3937 3582 4008; baseline 0.001 -14"><span class='ocrx_word' id='word_1_642' title='bbox 1997 3937 2208 4004; x_wconf 87' lang='lat' dir='ltr'><strong>hendit,</strong></span> <span class='ocrx_word' id='word_1_643' title='bbox 2233 3945 2292 3994; x_wconf 91' lang='lat' dir='ltr'><strong>ut</strong></span> <span class='ocrx_word' id='word_1_644' title='bbox 2318 3953 2439 4008; x_wconf 70' lang='lat' dir='ltr'><strong>qua:</strong></span> <span class='ocrx_word' id='word_1_645' title='bbox 2484 3938 2753 4007; x_wconf 83' lang='lat' dir='ltr'><strong>incognita</strong></span> <span class='ocrx_word' id='word_1_646' title='bbox 2781 3953 2942 3994; x_wconf 85' lang='lat' dir='ltr'><strong>causa</strong></span> <span class='ocrx_word' id='word_1_647' title='bbox 2971 3937 3276 3995; x_wconf 87' lang='lat' dir='ltr'><strong>Nestorium</strong></span> <span class='ocrx_word' id='word_1_648' title='bbox 3299 3939 3582 3995; x_wconf 55' lang='lat' dir='ltr'><strong>dann&#39;tave-</strong></span> 
     </span>
    </p>
   </div>
   <div class='ocr_carea' id='block_1_84' title="bbox 1997 4027 3578 4100">
    <p class='ocr_par' dir='ltr' id='par_1_84' title="bbox 1997 4027 3578 4100">
     <span class='ocr_line' id='line_1_84' title="bbox 1997 4027 3578 4100; baseline 0 -18"><span class='ocrx_word' id='word_1_649' title='bbox 1997 4029 2100 4094; x_wconf 90' lang='lat' dir='ltr'><strong>rit;</strong></span> <span class='ocrx_word' id='word_1_650' title='bbox 2127 4029 2409 4084; x_wconf 89' lang='lat' dir='ltr'><strong>duodecim</strong></span> <span class='ocrx_word' id='word_1_651' title='bbox 2429 4037 2610 4084; x_wconf 87' lang='lat' dir='ltr'><strong>autem</strong></span> <span class='ocrx_word' id='word_1_652' title='bbox 2638 4027 2872 4099; x_wconf 88' lang='lat' dir='ltr'><strong>capitula</strong></span> <span class='ocrx_word' id='word_1_653' title='bbox 2899 4028 3074 4084; x_wconf 90' lang='lat' dir='ltr'><strong>sancti</strong></span> <span class='ocrx_word' id='word_1_654' title='bbox 3093 4027 3283 4100; x_wconf 87' lang='lat' dir='ltr'><strong>Cyrilli</strong></span> <span class='ocrx_word' id='word_1_655' title='bbox 3309 4029 3578 4100; x_wconf 87' lang='lat' dir='ltr'><strong>conspuit,</strong></span> 
     </span>
    </p>
   </div>
   <div class='ocr_carea' id='block_1_85' title="bbox 1997 4117 3581 4190">
    <p class='ocr_par' dir='ltr' id='par_1_85' title="bbox 1997 4117 3581 4190">
     <span class='ocr_line' id='line_1_85' title="bbox 1997 4117 3581 4190; baseline 0.001 -18"><span class='ocrx_word' id='word_1_656' title='bbox 1997 4117 2246 4174; x_wconf 85' lang='lat' dir='ltr'><strong>Nestorio</strong></span> <span class='ocrx_word' id='word_1_657' title='bbox 2275 4134 2403 4174; x_wconf 86' lang='lat' dir='ltr'><strong>vero</strong></span> <span class='ocrx_word' id='word_1_658' title='bbox 2431 4126 2487 4174; x_wconf 92' lang='lat' dir='ltr'><strong>et</strong></span> <span class='ocrx_word' id='word_1_659' title='bbox 2514 4118 2799 4174; x_wconf 86' lang='lat' dir='ltr'><strong>Theodoro</strong></span> <span class='ocrx_word' id='word_1_660' title='bbox 2843 4133 3140 4188; x_wconf 90' lang='lat' dir='ltr'><strong>eorumque</strong></span> <span class='ocrx_word' id='word_1_661' title='bbox 3168 4119 3346 4188; x_wconf 90' lang='lat' dir='ltr'><strong>impiis</strong></span> <span class='ocrx_word' id='word_1_662' title='bbox 3370 4119 3581 4190; x_wconf 85' lang='lat' dir='ltr'><strong>scriptis</strong></span> 
     </span>
    </p>
   </div>
   <div class='ocr_carea' id='block_1_86' title="bbox 1998 4207 3582 4280">
    <p class='ocr_par' dir='ltr' id='par_1_86' title="bbox 1998 4207 3582 4280">
     <span class='ocr_line' id='line_1_86' title="bbox 1998 4207 3582 4280; baseline -0.001 -14"><span class='ocrx_word' id='word_1_663' title='bbox 1998 4219 2055 4266; x_wconf 88' lang='lat' dir='ltr'><strong>et</strong></span> <span class='ocrx_word' id='word_1_664' title='bbox 2075 4211 2420 4280; x_wconf 88' lang='lat' dir='ltr'><strong>opinionibus</strong></span> <span class='ocrx_word' id='word_1_665' title='bbox 2449 4210 2840 4280; x_wconf 89' lang='lat' dir='ltr'><strong>patrocinatur.</strong></span> <span class='ocrx_word' id='word_1_666' title='bbox 2864 4208 3206 4278; x_wconf 85' lang='lat' dir='ltr'><strong>Quapropter</strong></span> <span class='ocrx_word' id='word_1_667' title='bbox 3224 4207 3452 4264; x_wconf 83' lang='lat' dir='ltr'><strong>eﬂ&#39;renes</strong></span> <span class='ocrx_word' id='word_1_668' title='bbox 3479 4209 3582 4264; x_wconf 68' lang='lat' dir='ltr'><strong>ha:-</strong></span> 
     </span>
    </p>
   </div>
   <div class='ocr_carea' id='block_1_87' title="bbox 1999 4307 3580 4378">
    <p class='ocr_par' dir='ltr' id='par_1_87' title="bbox 1999 4307 3580 4378">
     <span class='ocr_line' id='line_1_87' title="bbox 1999 4307 3580 4378; baseline 0.001 -16"><span class='ocrx_word' id='word_1_669' title='bbox 1999 4309 2289 4364; x_wconf 84' lang='lat' dir='ltr'><strong>reticorum</strong></span> <span class='ocrx_word' id='word_1_670' title='bbox 2335 4308 2563 4363; x_wconf 89' lang='lat' dir='ltr'><strong>istorum</strong></span> <span class='ocrx_word' id='word_1_671' title='bbox 2611 4307 2838 4374; x_wconf 77' lang='lat' dir='ltr'><strong>linguas,</strong></span> <span class='ocrx_word' id='word_1_672' title='bbox 2890 4307 3308 4378; x_wconf 86' lang='lat' dir='ltr'><strong>impiissimaqtte</strong></span> <span class='ocrx_word' id='word_1_673' title='bbox 3361 4309 3580 4378; x_wconf 86' lang='lat' dir='ltr'><strong>scripta,</strong></span> 
     </span>
    </p>
   </div>
   <div class='ocr_carea' id='block_1_88' title="bbox 1998 4395 3583 4470">
    <p class='ocr_par' dir='ltr' id='par_1_88' title="bbox 1998 4395 3583 4470">
     <span class='ocr_line' id='line_1_88' title="bbox 1998 4395 3583 4470; baseline 0.002 -18"><span class='ocrx_word' id='word_1_674' title='bbox 1998 4396 2252 4468; x_wconf 88' lang='lat' dir='ltr'><strong>ipsosque</strong></span> <span class='ocrx_word' id='word_1_675' title='bbox 2276 4395 2345 4451; x_wconf 88' lang='lat' dir='ltr'><strong>ad</strong></span> <span class='ocrx_word' id='word_1_676' title='bbox 2373 4403 2694 4470; x_wconf 78' lang='lat' dir='ltr'><strong>extremum</strong></span> <span class='ocrx_word' id='word_1_677' title='bbox 2723 4397 2776 4450; x_wconf 91' lang='lat' dir='ltr'><strong>in</strong></span> <span class='ocrx_word' id='word_1_678' title='bbox 2827 4396 2976 4451; x_wconf 85' lang='lat' dir='ltr'><strong>falsis</strong></span> <span class='ocrx_word' id='word_1_679' title='bbox 3004 4397 3115 4452; x_wconf 90' lang='lat' dir='ltr'><strong>suis</strong></span> <span class='ocrx_word' id='word_1_680' title='bbox 3145 4397 3490 4467; x_wconf 90' lang='lat' dir='ltr'><strong>opinionibus</strong></span> <span class='ocrx_word' id='word_1_681' title='bbox 3518 4414 3583 4456; x_wconf 87' lang='lat' dir='ltr'><strong>ac</strong></span> 
     </span>
    </p>
   </div>
   <div class='ocr_carea' id='block_1_89' title="bbox 313 4466 1886 4558">
    <p class='ocr_par' dir='ltr' id='par_1_89' title="bbox 313 4466 1886 4547">
     <span class='ocr_line' id='line_1_89' title="bbox 313 4466 1886 4547; baseline 0.01 -31"><span class='ocrx_word' id='word_1_682' title='bbox 313 4488 472 4536; x_wconf 67' lang='grc' dir='ltr'><strong>ματα.</strong></span> <span class='ocrx_word' id='word_1_683' title='bbox 504 4471 584 4521; x_wconf 72' lang='grc' dir='ltr'><strong>Διό</strong></span> <span class='ocrx_word' id='word_1_684' title='bbox 613 4466 675 4528; x_wconf 77' lang='grc' dir='ltr'><strong>δὴ</strong></span> <span class='ocrx_word' id='word_1_685' title='bbox 704 4473 869 4524; x_wconf 91' lang='grc' dir='ltr'><strong>τοίνυν</strong></span> <span class='ocrx_word' id='word_1_686' title='bbox 903 4473 995 4531; x_wconf 82' lang='grc' dir='ltr'><strong>τὰς</strong></span> <span class='ocrx_word' id='word_1_687' title='bbox 1021 4475 1112 4542; x_wconf 82' lang='grc' dir='ltr'><strong>μέν</strong></span> <span class='ocrx_word' id='word_1_688' title='bbox 1141 4481 1241 4528; x_wconf 88' lang='grc' dir='ltr'><strong>τῶν</strong></span> <span class='ocrx_word' id='word_1_689' title='bbox 1269 4477 1528 4547; x_wconf 82' lang='grc' dir='ltr'><strong>αίρετικῶν</strong></span> <span class='ocrx_word' id='word_1_690' title='bbox 1567 4479 1777 4538; x_wconf 84' lang='grc' dir='ltr'><strong>τούτων,</strong></span> <span class='ocrx_word' id='word_1_691' title='bbox 1812 4501 1886 4532; x_wconf 55' lang='grc' dir='ltr'><strong>καί</strong></span> 
     </span>
    </p>
   </div>
   <div class='ocr_carea' id='block_1_90' title="bbox 1992 4466 3582 4558">
    <p class='ocr_par' dir='ltr' id='par_1_90' title="bbox 2003 4466 3582 4558">
     <span class='ocr_line' id='line_1_90' title="bbox 2003 4466 3582 4558; baseline 0.003 -18"><span class='ocrx_word' id='word_1_692' title='bbox 2003 4466 2202 4540; x_wconf 86' lang='lat' dir='ltr'><strong>malitia</strong></span> <span class='ocrx_word' id='word_1_693' title='bbox 2231 4493 2660 4556; x_wconf 87' lang='lat' dir='ltr'><strong>perseverantes,</strong></span> <span class='ocrx_word' id='word_1_694' title='bbox 2686 4466 2894 4555; x_wconf 83' lang='lat' dir='ltr'><strong>optimo</strong></span> <span class='ocrx_word' id='word_1_695' title='bbox 2935 4486 3057 4556; x_wconf 90' lang='lat' dir='ltr'><strong>jure</strong></span> <span class='ocrx_word' id='word_1_696' title='bbox 3079 4466 3223 4558; x_wconf 86' lang='lat' dir='ltr'><strong>patri</strong></span> <span class='ocrx_word' id='word_1_697' title='bbox 3269 4489 3582 4546; x_wconf 87' lang='lat' dir='ltr'><strong>mendacio-</strong></span> 
     </span>
    </p>
   </div>
   <div class='ocr_carea' id='block_1_91' title="bbox 307 4560 1897 4637">
    <p class='ocr_par' dir='ltr' id='par_1_91' title="bbox 307 4560 1897 4637">
     <span class='ocr_line' id='line_1_91' title="bbox 307 4560 1897 4637; baseline 0.008 -26"><span class='ocrx_word' id='word_1_698' title='bbox 307 4560 520 4611; x_wconf 83' lang='grc' dir='ltr'><strong>πάντων</strong></span> <span class='ocrx_word' id='word_1_699' title='bbox 560 4561 946 4634; x_wconf 84' lang='grc' dir='ltr'><strong>ἀθυροστόμους</strong></span> <span class='ocrx_word' id='word_1_700' title='bbox 973 4565 1234 4637; x_wconf 60' lang='grc' dir='ltr'><strong>γλώσσας,</strong></span> <span class='ocrx_word' id='word_1_701' title='bbox 1265 4570 1464 4628; x_wconf 77' lang='grc' dir='ltr'><strong>καὶτὰς</strong></span> <span class='ocrx_word' id='word_1_702' title='bbox 1489 4565 1683 4622; x_wconf 87' lang='grc' dir='ltr'><strong>τούτων</strong></span> <span class='ocrx_word' id='word_1_703' title='bbox 1711 4570 1897 4624; x_wconf 71' lang='grc' dir='ltr'><strong>ἀσεϐε-</strong></span> 
     </span>
    </p>
   </div>
   <div class='ocr_carea' id='block_1_92' title="bbox 305 4649 1897 4733">
    <p class='ocr_par' dir='ltr' id='par_1_92' title="bbox 305 4649 1897 4733">
     <span class='ocr_line' id='line_1_92' title="bbox 305 4649 1897 4733; baseline 0.006 -31"><span class='ocrx_word' id='word_1_704' title='bbox 305 4649 507 4711; x_wconf 81' lang='grc' dir='ltr'><strong>στάτας</strong></span> <span class='ocrx_word' id='word_1_705' title='bbox 541 4655 861 4727; x_wconf 76' lang='grc' dir='ltr'><strong>συγγραφάς,</strong></span> <span class='ocrx_word' id='word_1_706' title='bbox 885 4653 1068 4716; x_wconf 83' lang='grc' dir='ltr'><strong>αύτούς</strong></span> <span class='ocrx_word' id='word_1_707' title='bbox 1092 4677 1146 4710; x_wconf 83' lang='grc' dir='ltr'><strong>τε</strong></span> <span class='ocrx_word' id='word_1_708' title='bbox 1190 4660 1312 4718; x_wconf 84' lang='grc' dir='ltr'><strong>τοὺς</strong></span> <span class='ocrx_word' id='word_1_709' title='bbox 1356 4658 1636 4733; x_wconf 69' lang='grc' dir='ltr'><strong>αίρετιηούς</strong></span> <span class='ocrx_word' id='word_1_710' title='bbox 1661 4660 1780 4719; x_wconf 83' lang='grc' dir='ltr'><strong>τούς</strong></span> <span class='ocrx_word' id='word_1_711' title='bbox 1805 4660 1897 4730; x_wconf 84' lang='grc' dir='ltr'><strong>μέ-</strong></span> 
     </span>
    </p>
   </div>
   <div class='ocr_carea' id='block_1_93' title="bbox 309 4741 1888 4825">
    <p class='ocr_par' dir='ltr' id='par_1_93' title="bbox 309 4741 1888 4825">
     <span class='ocr_line' id='line_1_93' title="bbox 309 4741 1888 4825; baseline 0.006 -33"><span class='ocrx_word' id='word_1_712' title='bbox 309 4757 412 4806; x_wconf 85' lang='grc' dir='ltr'><strong>χρι</strong></span> <span class='ocrx_word' id='word_1_713' title='bbox 435 4741 607 4801; x_wconf 79' lang='grc' dir='ltr'><strong>τέλους</strong></span> <span class='ocrx_word' id='word_1_714' title='bbox 633 4743 957 4814; x_wconf 72' lang='grc' dir='ltr'><strong>ἐμμείναντας</strong></span> <span class='ocrx_word' id='word_1_715' title='bbox 985 4754 1047 4818; x_wconf 77' lang='grc' dir='ltr'><strong>τῇ</strong></span> <span class='ocrx_word' id='word_1_716' title='bbox 1071 4749 1228 4820; x_wconf 77' lang='grc' dir='ltr'><strong>οἰκείᾳ</strong></span> <span class='ocrx_word' id='word_1_717' title='bbox 1255 4746 1520 4822; x_wconf 79' lang='grc' dir='ltr'><strong>κακοδοξίᾳ</strong></span> <span class='ocrx_word' id='word_1_718' title='bbox 1545 4752 1631 4803; x_wconf 78' lang='grc' dir='ltr'><strong>καί</strong></span> <span class='ocrx_word' id='word_1_719' title='bbox 1658 4753 1888 4825; x_wconf 77' lang='grc' dir='ltr'><strong>πονηρίᾳ,</strong></span> 
     </span>
    </p>
   </div>
   <div class='ocr_carea' id='block_1_94' title="bbox 305 4828 1891 4906">
    <p class='ocr_par' dir='ltr' id='par_1_94' title="bbox 305 4828 1891 4906">
     <span class='ocr_line' id='line_1_94' title="bbox 305 4828 1891 4906; baseline 0.01 -26"><span class='ocrx_word' id='word_1_720' title='bbox 305 4828 444 4896; x_wconf 77' lang='grc' dir='ltr'><strong>μετὰ</strong></span> <span class='ocrx_word' id='word_1_721' title='bbox 471 4835 564 4882; x_wconf 81' lang='grc' dir='ltr'><strong>τοῦ</strong></span> <span class='ocrx_word' id='word_1_722' title='bbox 589 4834 786 4906; x_wconf 87' lang='grc' dir='ltr'><strong>πατρὸς</strong></span> <span class='ocrx_word' id='word_1_723' title='bbox 828 4841 920 4890; x_wconf 81' lang='grc' dir='ltr'><strong>τοῦ</strong></span> <span class='ocrx_word' id='word_1_724' title='bbox 961 4834 1184 4906; x_wconf 73' lang='grc' dir='ltr'><strong>ψεύδους</strong></span> <span class='ocrx_word' id='word_1_725' title='bbox 1209 4836 1412 4898; x_wconf 79' lang='grc' dir='ltr'><strong>εἰκότως</strong></span> <span class='ocrx_word' id='word_1_726' title='bbox 1455 4835 1688 4892; x_wconf 58' lang='grc' dir='ltr'><strong>διαῗολου</strong></span> <span class='ocrx_word' id='word_1_727' title='bbox 1732 4859 1891 4895; x_wconf 89' lang='grc' dir='ltr'><strong>συνα-</strong></span> 
     </span>
    </p>
   </div>
   <div class='ocr_carea' id='block_1_95' title="bbox 2001 4575 3576 4643">
    <p class='ocr_par' dir='ltr' id='par_1_95' title="bbox 2001 4575 3576 4643">
     <span class='ocr_line' id='line_1_95' title="bbox 2001 4575 3576 4643; baseline 0.001 -13"><span class='ocrx_word' id='word_1_728' title='bbox 2001 4591 2121 4630; x_wconf 91' lang='lat' dir='ltr'><strong>rum</strong></span> <span class='ocrx_word' id='word_1_729' title='bbox 2147 4575 2371 4632; x_wconf 85' lang='lat' dir='ltr'><strong>diabolo</strong></span> <span class='ocrx_word' id='word_1_730' title='bbox 2418 4581 2858 4643; x_wconf 86' lang='lat' dir='ltr'><strong>annumerantes,</strong></span> <span class='ocrx_word' id='word_1_731' title='bbox 2885 4576 3126 4632; x_wconf 89' lang='lat' dir='ltr'><strong>dicemus</strong></span> <span class='ocrx_word' id='word_1_732' title='bbox 3154 4595 3167 4631; x_wconf 91' lang='lat'><strong>:</strong></span> <span class='ocrx_word' id='word_1_733' title='bbox 3209 4577 3394 4634; x_wconf 80' lang='lat' dir='ltr'><strong>Vadite</strong></span> <span class='ocrx_word' id='word_1_734' title='bbox 3419 4579 3476 4634; x_wconf 80' lang='lat' dir='ltr'><strong>in</strong></span> <span class='ocrx_word' id='word_1_735' title='bbox 3503 4579 3576 4634; x_wconf 84' lang='lat' dir='ltr'><strong>lu-</strong></span> 
     </span>
    </p>
   </div>
   <div class='ocr_carea' id='block_1_96' title="bbox 1997 4666 3582 4753">
    <p class='ocr_par' dir='ltr' id='par_1_96' title="bbox 1997 4666 3582 4742">
     <span class='ocr_line' id='line_1_96' title="bbox 1997 4666 3582 4742; baseline 0.004 -23"><span class='ocrx_word' id='word_1_736' title='bbox 1997 4667 2139 4720; x_wconf 80' lang='lat' dir='ltr'><strong>mine</strong></span> <span class='ocrx_word' id='word_1_737' title='bbox 2181 4666 2322 4737; x_wconf 74' lang='lat' dir='ltr'><strong>ignis</strong></span> <span class='ocrx_word' id='word_1_738' title='bbox 2367 4666 2542 4735; x_wconf 75' lang='lat' dir='ltr'><strong>vestri,</strong></span> <span class='ocrx_word' id='word_1_739' title='bbox 2595 4675 2647 4721; x_wconf 78' lang='lat' dir='ltr'><strong>et</strong></span> <span class='ocrx_word' id='word_1_740' title='bbox 2707 4667 2764 4721; x_wconf 82' lang='lat' dir='ltr'><strong>in</strong></span> <span class='ocrx_word' id='word_1_741' title='bbox 2816 4667 3031 4736; x_wconf 77' lang='lat' dir='ltr'><strong>ﬂamma</strong></span> <span class='ocrx_word' id='word_1_742' title='bbox 3075 4685 3232 4740; x_wconf 77' lang='lat' dir='ltr'><strong>quam</strong></span> <span class='ocrx_word' id='word_1_743' title='bbox 3277 4670 3582 4742; x_wconf 66' lang='lat' dir='ltr'><strong>concepisti:</strong></span> 
     </span>
    </p>
   </div>
   <div class='ocr_carea' id='block_1_97' title="bbox 1998 4753 2284 4826">
    <p class='ocr_par' dir='ltr' id='par_1_97' title="bbox 1998 4753 2284 4826">
     <span class='ocr_line' id='line_1_97' title="bbox 1998 4753 2284 4826; baseline 0 -16"><span class='ocrx_word' id='word_1_744' title='bbox 1998 4753 2156 4826; x_wconf 80' lang='grc' dir='ltr'><strong>(ιεαί.</strong></span> <span class='ocrx_word' id='word_1_745' title='bbox 2207 4758 2284 4826; x_wconf 79' lang='grc' dir='ltr'><strong>ι).</strong></span> 
     </span>
    </p>
   </div>
   <div class='ocr_carea' id='block_1_98' title="bbox 307 4922 2852 5012">
    <p class='ocr_par' dir='ltr' id='par_1_98' title="bbox 307 4922 2852 5012">
     <span class='ocr_line' id='line_1_98' title="bbox 307 4922 2852 5012; baseline 0.006 -36"><span class='ocrx_word' id='word_1_746' title='bbox 307 4922 612 4994; x_wconf 70' lang='grc' dir='ltr'><strong>ριθμοῦντες</strong></span> <span class='ocrx_word' id='word_1_747' title='bbox 658 4923 864 4998; x_wconf 82' lang='grc' dir='ltr'><strong>ἐροῦμιν</strong></span> <span class='ocrx_word' id='word_1_748' title='bbox 895 4941 909 4956; x_wconf 90' lang='grc'><strong>·</strong></span> <span class='ocrx_word' id='word_1_749' title='bbox 959 4929 1232 5002; x_wconf 78' lang='grc' dir='ltr'><strong>Πορεύεσθε</strong></span> <span class='ocrx_word' id='word_1_750' title='bbox 1279 4936 1353 4999; x_wconf 85' lang='grc' dir='ltr'><strong>τῷ</strong></span> <span class='ocrx_word' id='word_1_751' title='bbox 1397 4931 1525 5001; x_wconf 73' lang='grc' dir='ltr'><strong>φωτί</strong></span> <span class='ocrx_word' id='word_1_752' title='bbox 1565 4937 1658 4986; x_wconf 84' lang='grc' dir='ltr'><strong>τοῦ</strong></span> <span class='ocrx_word' id='word_1_753' title='bbox 1693 4933 1860 5008; x_wconf 86' lang='grc' dir='ltr'><strong>πυρὸς</strong></span> <span class='ocrx_word' id='word_1_754' title='bbox 1896 4932 2060 5003; x_wconf 82' lang='grc' dir='ltr'><strong>ὑμῶν,</strong></span> <span class='ocrx_word' id='word_1_755' title='bbox 2089 4939 2171 4993; x_wconf 74' lang='grc' dir='ltr'><strong>καί</strong></span> <span class='ocrx_word' id='word_1_756' title='bbox 2195 4943 2258 5012; x_wconf 73' lang='grc' dir='ltr'><strong>τῇ</strong></span> <span class='ocrx_word' id='word_1_757' title='bbox 2285 4935 2446 5010; x_wconf 72' lang='grc' dir='ltr'><strong>φλογί,</strong></span> <span class='ocrx_word' id='word_1_758' title='bbox 2478 4935 2508 5012; x_wconf 75' lang='grc' dir='ltr'>ᾖ</span> <span class='ocrx_word' id='word_1_759' title='bbox 2537 4937 2852 5002; x_wconf 80' lang='grc' dir='ltr'><strong>έξεκαύσατε.</strong></span> 
     </span>
    </p>
   </div>
   <div class='ocr_carea' id='block_1_99' title="bbox 325 5054 3576 5099">
    <p class='ocr_par' dir='ltr' id='par_1_99' title="bbox 325 5054 3576 5099">
     <span class='ocr_line' id='line_1_99' title="bbox 325 5054 3576 5099; baseline 0.001 -32"><span class='ocrx_word' id='word_1_760' title='bbox 325 5054 3576 5099; x_wconf 79' lang='lat'><strong>__.______________________________________</strong></span> 
     </span>
    </p>
   </div>
   <div class='ocr_carea' id='block_1_100' title="bbox 934 5160 2959 5250">
    <p class='ocr_par' dir='ltr' id='par_1_100' title="bbox 934 5160 2959 5250">
     <span class='ocr_line' id='line_1_100' title="bbox 934 5160 2959 5250; baseline 0.009 -20"><span class='ocrx_word' id='word_1_761' title='bbox 934 5160 1544 5238; x_wconf 85' lang='lat' dir='ltr'><strong>JUSTINIANI</strong></span> <span class='ocrx_word' id='word_1_762' title='bbox 1601 5167 2364 5246; x_wconf 82' lang='lat' dir='ltr'><strong>IMPERATOBIS</strong></span> <span class='ocrx_word' id='word_1_763' title='bbox 2421 5174 2959 5250; x_wconf 82' lang='lat' dir='ltr'><strong>EPISTOLA</strong></span> 
     </span>
    </p>
   </div>
   <div class='ocr_carea' id='block_1_101' title="bbox 319 5286 1886 5381">
    <p class='ocr_par' dir='ltr' id='par_1_101' title="bbox 319 5286 1886 5381">
     <span class='ocr_line' id='line_1_101' title="bbox 319 5286 1886 5381; baseline 0.009 -36"><span class='ocrx_word' id='word_1_764' title='bbox 319 5286 654 5345; x_wconf 73' lang='lat' dir='ltr'><strong>ADVERSUS</strong></span> <span class='ocrx_word' id='word_1_765' title='bbox 699 5301 1066 5350; x_wconf 72' lang='lat' dir='ltr'><strong>NONNULLOB</strong></span> <span class='ocrx_word' id='word_1_766' title='bbox 1110 5308 1344 5355; x_wconf 72' lang='lat' dir='ltr'><strong>IMPIUM</strong></span> <span class='ocrx_word' id='word_1_767' title='bbox 1383 5313 1792 5381; x_wconf 60' lang='grc' dir='ltr'><strong>θιτιιεοῡοεισω</strong></span> <span class='ocrx_word' id='word_1_768' title='bbox 1841 5317 1886 5358; x_wconf 78' lang='grc' dir='ltr'><strong>Δ⁴</strong></span> 
     </span>
    </p>
   </div>
   <div class='ocr_carea' id='block_1_102' title="bbox 1992 5286 3582 5381">
    <p class='ocr_par' dir='ltr' id='par_1_102' title="bbox 1992 5317 3582 5380">
     <span class='ocr_line' id='line_1_102' title="bbox 1992 5317 3582 5380; baseline 0.011 -21"><span class='ocrx_word' id='word_1_769' title='bbox 1992 5317 2046 5360; x_wconf 78' lang='grc' dir='ltr'><strong>ΙΒ</strong></span> <span class='ocrx_word' id='word_1_770' title='bbox 2088 5318 2308 5372; x_wconf 67' lang='grc' dir='ltr'><strong>ιηιρω</strong></span> <span class='ocrx_word' id='word_1_771' title='bbox 2355 5321 2505 5365; x_wconf 78' lang='lat' dir='ltr'><strong>EJUS</strong></span> <span class='ocrx_word' id='word_1_772' title='bbox 2553 5322 2894 5380; x_wconf 58' lang='lat' dir='ltr'><strong>DOGMATI,</strong></span> <span class='ocrx_word' id='word_1_773' title='bbox 2941 5325 3020 5367; x_wconf 79' lang='lat' dir='ltr'><strong>ET</strong></span> <span class='ocrx_word' id='word_1_774' title='bbox 3064 5326 3410 5372; x_wconf 74' lang='lat' dir='ltr'><strong>EPISTOLAM</strong></span> <span class='ocrx_word' id='word_1_775' title='bbox 3461 5331 3582 5376; x_wconf 65' lang='lat' dir='ltr'><strong>HM!</strong></span> 
     </span>
    </p>
   </div>
   <div class='ocr_carea' id='block_1_103' title="bbox 421 5397 3474 5479">
    <p class='ocr_par' dir='ltr' id='par_1_103' title="bbox 421 5397 3474 5479">
     <span class='ocr_line' id='line_1_103' title="bbox 421 5397 3474 5479; baseline 0.011 -40"><span class='ocrx_word' id='word_1_776' title='bbox 421 5397 692 5454; x_wconf 68' lang='lat' dir='ltr'><strong>DICTAM,</strong></span> <span class='ocrx_word' id='word_1_777' title='bbox 720 5399 843 5443; x_wconf 71' lang='lat' dir='ltr'><strong>NEC</strong></span> <span class='ocrx_word' id='word_1_778' title='bbox 883 5401 1007 5446; x_wconf 72' lang='lat' dir='ltr'><strong>NON</strong></span> <span class='ocrx_word' id='word_1_779' title='bbox 1045 5405 1370 5452; x_wconf 72' lang='lat' dir='ltr'><strong>THEUDOBI</strong></span> <span class='ocrx_word' id='word_1_780' title='bbox 1413 5411 1630 5456; x_wconf 71' lang='grc' dir='ltr'><strong>ιιΒιιοο</strong></span> <span class='ocrx_word' id='word_1_781' title='bbox 1657 5412 1905 5458; x_wconf 71' lang='lat' dir='ltr'><strong>CONTRA</strong></span> <span class='ocrx_word' id='word_1_782' title='bbox 1936 5415 2350 5462; x_wconf 66' lang='lat' dir='ltr'><strong>CATHOLICAH</strong></span> <span class='ocrx_word' id='word_1_783' title='bbox 2385 5420 2612 5479; x_wconf 74' lang='lat' dir='ltr'><strong>FIDEM,</strong></span> <span class='ocrx_word' id='word_1_784' title='bbox 2650 5423 2926 5467; x_wconf 74' lang='lat' dir='ltr'><strong>SCRIPTIS</strong></span> <span class='ocrx_word' id='word_1_785' title='bbox 2957 5424 3474 5474; x_wconf 55' lang='lat' dir='ltr'><strong>PROPUGNAN&#39;IES.</strong></span> 
     </span>
    </p>
   </div>
   <div class='ocr_carea' id='block_1_104' title="bbox 311 5585 1892 5684">
    <p class='ocr_par' dir='ltr' id='par_1_104' title="bbox 311 5585 1892 5684">
     <span class='ocr_line' id='line_1_104' title="bbox 311 5585 1892 5684; baseline 0.015 -42"><span class='ocrx_word' id='word_1_786' title='bbox 311 5585 752 5676; x_wconf 53' lang='grc' dir='ltr'><strong>’ἰσονέπιστολῆς</strong></span> <span class='ocrx_word' id='word_1_787' title='bbox 793 5591 1183 5684; x_wconf 44' lang='grc' dir='ltr'><strong>ἀντιγραφείσης,</strong></span> <span class='ocrx_word' id='word_1_788' title='bbox 1205 5604 1350 5684; x_wconf 87' lang='grc' dir='ltr'><strong>παρά</strong></span> <span class='ocrx_word' id='word_1_789' title='bbox 1387 5609 1481 5659; x_wconf 85' lang='grc' dir='ltr'><strong>τοῦ</strong></span> <span class='ocrx_word' id='word_1_790' title='bbox 1523 5607 1892 5665; x_wconf 77' lang='grc' dir='ltr'><strong>εὐσεϐεστάτου</strong></span> 
     </span>
    </p>
   </div>
   <div class='ocr_carea' id='block_1_105' title="bbox 385 5665 1894 5750">
    <p class='ocr_par' dir='ltr' id='par_1_105' title="bbox 385 5665 1894 5750">
     <span class='ocr_line' id='line_1_105' title="bbox 385 5665 1894 5750; baseline 0.017 -40"><span class='ocrx_word' id='word_1_791' title='bbox 385 5665 467 5714; x_wconf 81' lang='grc' dir='ltr'><strong>καί</strong></span> <span class='ocrx_word' id='word_1_792' title='bbox 496 5665 982 5750; x_wconf 52' lang='grc' dir='ltr'><strong>χριστιανικωτάτόυ</strong></span> <span class='ocrx_word' id='word_1_793' title='bbox 1008 5665 1255 5750; x_wconf 73' lang='grc' dir='ltr'><strong>Βασιλέως</strong></span> <span class='ocrx_word' id='word_1_794' title='bbox 1279 5665 1636 5730; x_wconf 82' lang='grc' dir='ltr'><strong>Ἰουστινιανοῦ</strong></span> <span class='ocrx_word' id='word_1_795' title='bbox 1665 5681 1795 5750; x_wconf 83' lang='grc' dir='ltr'><strong>πρός</strong></span> <span class='ocrx_word' id='word_1_796' title='bbox 1816 5702 1894 5734; x_wconf 64' lang='grc' dir='ltr'><strong>τις</strong></span> 
     </span>
    </p>
   </div>
   <div class='ocr_carea' id='block_1_106' title="bbox 385 5733 1887 5821">
    <p class='ocr_par' dir='ltr' id='par_1_106' title="bbox 385 5733 1887 5821">
     <span class='ocr_line' id='line_1_106' title="bbox 385 5733 1887 5821; baseline 0.019 -39"><span class='ocrx_word' id='word_1_797' title='bbox 385 5748 472 5790; x_wconf 73' lang='grc' dir='ltr'><strong>νας</strong></span> <span class='ocrx_word' id='word_1_798' title='bbox 485 5733 778 5802; x_wconf 66' lang='grc' dir='ltr'><strong>γράψαντας</strong></span> <span class='ocrx_word' id='word_1_799' title='bbox 797 5737 879 5788; x_wconf 80' lang='grc' dir='ltr'><strong>καὶ</strong></span> <span class='ocrx_word' id='word_1_800' title='bbox 899 5733 1061 5798; x_wconf 78' lang='grc' dir='ltr'><strong>ἐκδικιί</strong></span> <span class='ocrx_word' id='word_1_801' title='bbox 1069 5760 1256 5802; x_wconf 75' lang='grc' dir='ltr'><strong>σανταε</strong></span> <span class='ocrx_word' id='word_1_802' title='bbox 1272 5745 1524 5818; x_wconf 84' lang='grc' dir='ltr'><strong>Θεόδωρον</strong></span> <span class='ocrx_word' id='word_1_803' title='bbox 1544 5749 1628 5804; x_wconf 87' lang='grc' dir='ltr'><strong>τόν</strong></span> <span class='ocrx_word' id='word_1_804' title='bbox 1640 5733 1794 5806; x_wconf 68' lang='grc' dir='ltr'><strong>δνὲτάὶ</strong></span> <span class='ocrx_word' id='word_1_805' title='bbox 1873 5793 1887 5821; x_wconf 83' lang='grc'><strong>,</strong></span> 
     </span>
    </p>
   </div>
   <div class='ocr_carea' id='block_1_107' title="bbox 1959 5588 3582 5684">
    <p class='ocr_par' dir='ltr' id='par_1_107' title="bbox 1959 5588 3582 5684">
     <span class='ocr_line' id='line_1_107' title="bbox 1959 5588 3582 5684; baseline 0.006 -20"><span class='ocrx_word' id='word_1_806' title='bbox 1959 5588 1966 5596; x_wconf 43' lang='grc'><strong><em>¹</em></strong></span> <span class='ocrx_word' id='word_1_807' title='bbox 2001 5609 2290 5682; x_wconf 50' lang='lat' dir='ltr'><strong>Exemplar</strong></span> <span class='ocrx_word' id='word_1_808' title='bbox 2334 5613 2566 5684; x_wconf 70' lang='lat' dir='ltr'><strong>cpistola:</strong></span> <span class='ocrx_word' id='word_1_809' title='bbox 2602 5629 2634 5666; x_wconf 87' lang='lat' dir='ltr'><strong>a</strong></span> <span class='ocrx_word' id='word_1_810' title='bbox 2664 5613 2897 5684; x_wconf 80' lang='lat' dir='ltr'><strong>piissimo</strong></span> <span class='ocrx_word' id='word_1_811' title='bbox 2943 5625 3095 5684; x_wconf 77' lang='lat' dir='ltr'><strong>atque</strong></span> <span class='ocrx_word' id='word_1_812' title='bbox 3142 5614 3582 5674; x_wconf 66' lang='lat' dir='ltr'><strong>(Iliristirmiuimo</strong></span> 
     </span>
    </p>
   </div>
   <div class='ocr_carea' id='block_1_108' title="bbox 2071 5683 3582 5752">
    <p class='ocr_par' dir='ltr' id='par_1_108' title="bbox 2071 5683 3582 5752">
     <span class='ocr_line' id='line_1_108' title="bbox 2071 5683 3582 5752; baseline 0 -14"><span class='ocrx_word' id='word_1_813' title='bbox 2071 5683 2382 5752; x_wconf 64' lang='lat' dir='ltr'><strong>imperator:</strong></span> <span class='ocrx_word' id='word_1_814' title='bbox 2405 5683 2706 5736; x_wconf 68' lang='lat' dir='ltr'><strong>Justiniano</strong></span> <span class='ocrx_word' id='word_1_815' title='bbox 2743 5685 3046 5752; x_wconf 76' lang='lat' dir='ltr'><strong>perscriptw</strong></span> <span class='ocrx_word' id='word_1_816' title='bbox 3079 5686 3320 5740; x_wconf 73' lang='lat' dir='ltr'><strong>adversus</strong></span> <span class='ocrx_word' id='word_1_817' title='bbox 3360 5704 3582 5742; x_wconf 77' lang='lat' dir='ltr'><strong>uanum-</strong></span> 
     </span>
    </p>
   </div>
   <div class='ocr_carea' id='block_1_109' title="bbox 2071 5753 3576 5829">
    <p class='ocr_par' dir='ltr' id='par_1_109' title="bbox 2071 5753 3576 5829">
     <span class='ocr_line' id='line_1_109' title="bbox 2071 5753 3576 5829; baseline 0.005 -23"><span class='ocrx_word' id='word_1_818' title='bbox 2071 5755 2151 5808; x_wconf 83' lang='grc' dir='ltr'><strong>Ιοε</strong></span> <span class='ocrx_word' id='word_1_819' title='bbox 2181 5753 2394 5822; x_wconf 77' lang='lat' dir='ltr'><strong>impium</strong></span> <span class='ocrx_word' id='word_1_820' title='bbox 2427 5753 2745 5809; x_wconf 79' lang='lat' dir='ltr'><strong>Theodorum</strong></span> <span class='ocrx_word' id='word_1_821' title='bbox 2776 5763 2928 5824; x_wconf 80' lang='lat' dir='ltr'><strong>atque</strong></span> <span class='ocrx_word' id='word_1_822' title='bbox 2955 5753 3130 5824; x_wconf 76' lang='lat' dir='ltr'><strong>iniqua</strong></span> <span class='ocrx_word' id='word_1_823' title='bbox 3158 5755 3271 5826; x_wconf 77' lang='lat' dir='ltr'><strong>ejus</strong></span> <span class='ocrx_word' id='word_1_824' title='bbox 3304 5757 3576 5829; x_wconf 71' lang='lat' dir='ltr'><strong>dogmata,</strong></span> 
     </span>
    </p>
   </div>
  </div>
