3994 6140
396 291 416 354 l
427 291 530 356 047

1704 285 2132 348 JUSTINIANI
2177 284 2333 344 IMP.

3473 282 3478 289 ’
3517 273 3648 339 ίῦ-ἔθ

395 409 612 482 Μαρίαν,
645 405 808 478 μέχρι
833 401 988 472 μόνης
1029 405 1120 456 τῆς
1150 417 1295 451 τινων
1317 393 1545 458 ὑποψίας
1575 394 1850 452 ἐληλυθέναι
1875 412 1969 466 φη·

2091 385 2306 440 eriisse.
2337 384 2470 440 Cum
2493 399 2636 438 enim
2683 389 2735 439 In
2775 399 2837 440 ea
2883 383 3110 454 epistola
3147 385 3215 439 d'e
3259 383 3424 440 beato
3453 383 3650 453 Cyrillo

398 510 500 564 σιν,
526 499 584 554 ού
627 501 723 569 μὴν
763 494 1014 570 αἱρετικὸν
1039 493 1094 544 εκ
1122 491 1308 546 τούτου
1351 497 1577 562 φανῆναι·
1608 491 1692 544 τὶν
1721 489 1770 543 ἓν
1810 488 1970 561 ἀγέοις

398 590 453 645 δὲ
481 587 710 663 κύριλλον
735 586 817 640 τὸν
837 592 932 644 τῆς
959 581 1223 640 ἐκκλησίας
1248 578 1564 641 διδάσκαλον,
1595 582 1666 640 εἰς
1690 581 1748 634 τὸ
1775 577 1971 635 Ἀπολι-

399 685 570 756 νοιρίου
600 679 766 750 δόγμα
793 677 1051 732 ὀλισθῆσαι
1080 669 1132 726 δι
1153 676 1464 742 σχυρίζεται
1491 675 1577 724 καί
1601 679 1795 726 πεσεῖν.
1841 669 1974 724 Διὸτι

399 769 535 826 εἶπεν
569 771 722 824 αὐτὸν
755 766 838 820 τὸν
863 773 928 818 Θε
957 786 984 816 ν
1018 763 1160 834 λόγον
1204 763 1523 834 σαρκωθὴναι
1547 764 1634 813 καὶ
1661 761 1976 833 ἐνανθρωπῆ-

400 875 510 914 σαι’
539 862 625 911 καί
648 863 808 910 ταῦτα
833 855 924 920 μέν
949 854 1016 908 τά
1039 853 1240 929 ῥήματα
1267 850 1650 923 παραλέλοιπεν,
1681 853 1748 909 ὡς
1772 852 1975 925 εἰρήκα-

399 969 508 1020 μεν,
532 947 558 1002 ὸ
585 944 882 1003 διδάσκαλος
928 943 1088 1012 ὑμῶν,
1117 944 1375 1012 γινώσκων
1411 937 1490 994 ὃτι
1536 938 1564 994 ὸ
1604 940 1758 1012 λέγων
1801 941 1886 994 τὸν
1927 941 1977 991 ἒν

398 1041 561 1112 ἁγίοις
607 1035 838 1112 ιύριλλον
885 1035 1146 1091 ὸλισθῆσαι
1190 1035 1275 1085 καί
1317 1040 1511 1093 πεσεῖν,
1561 1035 1645 1086 καί
1693 1032 1978 1106 αἱρετικούς

397 1133 560 1185 καλῶν
585 1130 706 1188 τούς
739 1129 924 1181 τούτου
965 1124 1164 1194 λῦγους,
1193 1128 1368 1176 πᾶσαν
1412 1121 1733 1185 καταδικάζει
1771 1127 1861 1180 τήν
1901 1121 1978 1173 ἰκ-

399 1222 633 1285 κλησίαν,
666 1224 756 1276 τήν
797 1217 996 1286 πατέρα
1039 1217 1125 1267 καί
1165 1212 1465 1268 διδάσκαλον
1509 1215 1708 1271 εἰκέτως
1740 1211 1978 1288 Κύριλλον

403 1309 662 1381 ἶχουσαν.
694 1314 804 1365 Πῶς
840 1305 892 1358 δὲ
927 1306 1017 1358 οὐκ
1047 1303 1215 1377 ἔφρσξε
1259 1304 1434 1375 λέγων,
1469 1305 1536 1364 ὡς
1561 1301 1588 1356 ὸ
1617 1309 1662 1355 ἰν
1687 1301 1846 1374 ἀγίοις
1874 1303 1980 1354 κύ-

405 1402 573 1476 ριλλος
610 1397 862 1472 αἰρετικὸς
902 1399 1068 1459 ἔστιν,
1098 1392 1266 1452 ἐπειδή
1313 1391 1478 1450 εἶπεν.
1511 1391 1592 1448 ὅτι
1634 1395 1782 1454 αὐτὸς
1805 1392 1830 1446 6
1856 1395 1981 1452 Θεὸς

405 1489 549 1562 λόγος
571 1484 831 1561 ἅνθρωπος
853 1485 1020 1554 γέγονε
1036 1523 1047 1539 .
1069 1486 1151 1536 και
1181 1480 1264 1536 ὅτι
1288 1481 1422 1537 οὕτω
1444 1482 1598 1553 λέγων
1623 1480 1866 1553 διαφορὰν
1889 1488 1980 1536 τοῦ

406 1586 531 1636 ναοῦ
567 1584 654 1634 καί
689 1583 781 1634 τοῦ
829 1577 1130 1635 ἐνοικοῦντος
1171 1577 1221 1628 ἐν
1264 1577 1400 1644 αὐτῷ
1447 1577 1556 1643 οὐχ
1601 1573 1837 1645 ὁμολογεῖ
1847 1594 1864 1644 ;
1896 1577 1982 1630 Διά

406 1669 600 1726 τούτων
620 1670 722 1740 γὰρ
747 1673 847 1722 τῶν
888 1664 1047 1736 λόγων
1074 1665 1134 1718 οὐ
1169 1663 1318 1734 μόνον
1351 1665 1434 1718 τ-ἶν
1461 1665 1512 1718 ὸν
1555 1663 1714 1736 ἀγίοις
1742 1665 1982 1734 Κύριλλον

2073 487 2235 547 atque
2265 477 2432 546 impio
2461 476 2710 531 Nestorio
2739 487 3004 540 narretur,
3037 475 3360 546 proscidisse
3391 491 3486 531 eos
3533 493 3650 534 sese

2073 563 2301 619 invicem
2350 565 2640 626 conviciis;
2681 573 2841 632 atque
2884 563 3181 618 allirmasse
3212 563 3515 618 Nestorium
3556 567 3652 621 mi-

2077 661 2220 714 nime
2245 659 2526 729 Deiparam
2555 674 2673 714 esse
2702 659 2913 714 beatam
2943 658 3240 728 Virginem,
3271 667 3330 713 ut
3359 659 3528 728 ipsam
3557 677 3653 714 no—

2075 751 2269 805 minari
2300 751 2579 820 permultis
2608 765 2677 804 ex-
2701 749 2848 803 Pauli
2875 749 3216 803 Samosateni
3246 751 3435 804 lnrresi
3480 751 3654 818 plaee-

2076 843 2203 909 bat;
2231 841 2488 914 Cyrillum
2516 853 2724 906 contra,
2751 843 2842 910 qui
2872 841 3102 894 Nestorii
3151 857 3392 895 errorem
3423 841 3653 894 refutare

2079 936 2358 999 niteretur,
2417 935 2622 1004 lapsum
2675 934 2876 1003 pariter
2929 949 3068 998 esse,
3126 933 3286 1001 inque
3342 933 3653 997 Apollinarii

2077 1025 2327 1093 dogmata
2355 1025 2697 1079 descendisse
2729 1041 2742 1076 :
2775 1023 2893 1078 luce
2919 1023 3110 1078 clarius
3139 1033 3221 1076 est
3249 1024 3488 1092 epistola:
3517 1023 3656 1091 ejus-

2079 1113 2200 1167 dem
2229 1113 2544 1182 scriptorem
2575 1111 2890 1166 Nestoriana
2916 1111 3186 1166 dementia
3225 1121 3656 1180 pncoeeupatum

2079 1203 2318 1271 agnosci,
2358 1205 2448 1273 qui
2496 1203 2798 1258 Nestorimn
2847 1213 3088 1258 sanctam
3136 1202 3356 1256 Mariam
3389 1202 3656 1272 Virginem

2082 1293 2364 1360 Deiparam
2414 1295 2568 1346 fateri
2614 1291 3042 1358 detrectantem,
3087 1292 3405 1361 suspicionis
3454 1301 3656 1346 tantum

2082 1383 2338 1436 adversus
2357 1399 2416 1437 se
2443 1382 2616 1437 locum
2645 1383 2962 1452 quibusdam
2987 1383 3264 1446 tribuisse,
3291 1384 3510 1438 minime
3533 1400 3659 1438 vero

2083 1471 2278 1528 exinde
2306 1473 2612 1527 htereticutn
2653 1473 3010 1528 demonstrari
3040 1474 3330 1528 contendat
3361 1493 3372 1526 :
3407 1473 3660 1544 Cyrillum

2083 1575 2262 1618 autem
2305 1574 2551 1617 sanctum
2604 1561 2862 1617 Ecclesia:
2918 1563 3193 1618 doctorem
3244 1565 3297 1618 in
3350 1565 3662 1634 Apollinarii

2086 1652 2331 1708 haeresim
2380 1652 2631 1707 incidisse
2679 1652 2876 1708 diserte
2925 1653 3130 1718 tradat,
3180 1664 3466 1724 propterea
3519 1656 3661 1724 quod

411 1765 680 1836 μέμφεται,
709 1761 834 1816 ἀλλὰ
861 1760 1044 1813 καὶτὸν
1063 1757 1416 1829 εύαγγελιστιέν
1440 1757 1528 1812 τὸν
1551 1757 1780 1828 λέγοντα,
1809 1753 1886 1812 ὅτι
1919 1773 1938 1808 ε
1959 1755 1984 1812 6

2091 1745 2259 1816 ipsum
2289 1745 2456 1800 Deum
2481 1743 2715 1799 Verbutn
2747 1745 3082 1798 incarnattnn
3111 1759 3232 1801 esse
3259 1747 3473 1809 dixerit,
3505 1757 3661 1816 atque

409 1853 554 1928 λόγος
583 1853 711 1926 σάρξ
737 1851 950 1924 ἐγένετο,
979 1866 998 1900 ι
1027 1851 1111 1902 καί
1132 1849 1328 1907 πάντας
1353 1849 1474 1907 τούς
1499 1850 1761 1920 προῖήτας
1783 1851 1870 1904 τήν
1901 1843 1984 1901 διά

409 1945 598 2020 σαρκὸς
628 1941 895 2015 δπιδημίαν
922 1943 1077 1996 αὑτοῦ
1106 1946 1196 1994 τοῦ
1223 1945 1350 1994 Θεοῦ
1375 1937 1522 2010 λόγου
1549 1939 1880 2013 κηρύξαντας,
1905 1940 1984 1990 καί

409 2036 634 2109 μαλιστα
679 2034 921 2108 Ἰερεμίαν
945 2031 1030 2086 τὸν
1051 2029 1278 2101 λέγοντα⁵
1298 2043 1318 2075 ι
1338 2024 1507 2101 ,οὗτος
1533 2025 1558 2080 ὸ
1579 2029 1704 2087 Θεὸς
1732 2029 1900 2099 ἡμῶν,
1929 2028 1986 2080 ού

411 2125 763 2198 λογισθήσεται
785 2123 958 2195 ἔτερος
983 2121 1114 2196 πρὸς
1140 2119 1312 2172 αὐτόν·
1334 2120 1465 2191 μετὰ
1485 2123 1652 2172 ταῦτα
1673 2117 1756 2171 ἐπὶ
1781 2125 1874 2176 τῆς
1892 2125 1986 2188 γῆς

412 2215 549 2286 ὤφθη
569 2253 586 2280 ,
628 2217 713 2269 καὶ
756 2219 863 2272 τοῖς
901 2210 1179 2286 ἀνθρώπως
1227 2209 1630 2281 συνανεστράφηο
1663 2223 1681 2256 ι
1714 2209 1798 2261 καὶ
1838 2206 1986 2260 πάλιν

414 2301 618 2357 Ἡσαΐαν
644 2301 877 2374 λὲγοντα,
913 2315 932 2350 ε
963 2305 1029 2352 To
1054 2293 1252 2352 παιδίον
1283 2297 1402 2350 Θεὸν
1437 2295 1660 2368 ἰσχυρὸν
1687 2295 1877 2362 (Ἦσαΐ.
1909 2309 1984 2359 lx,

414 2390 498 2458 6)·
537 2406 559 2441 ε
592 2391 675 2444 καί
689 2389 813 2464 πρὸς
829 2388 1028 2447 τούτοις
1060 2387 1144 2440 τὸν
1169 2381 1452 2440 ἀπόστολον
1488 2385 1676 2439 Παῦλον
1709 2385 1914 2456 λέγοντα
1941 2387 1989 2440 ἐν

412 2490 476 2552 τῇ
513 2480 647 2556 πρὸς
687 2479 943 2550 Ἐφεσίους
988 2476 1245 2550 ἐπιστολῇ,
1275 2492 1296 2526 ε
1331 2474 1388 2528 Ὀ
1418 2475 1647 2536 καταϐάς
1675 2477 1827 2536 αὐτὸς
1853 2478 1986 2538 ἰστι,

414 2575 502 2628 καί
525 2571 552 2627 ὸ
572 2570 766 2631 ἀναϐὰς
784 2569 1022 2644 ὑπεράνω
1034 2570 1234 2623 πάντων
1252 2573 1353 2622 τῶν
1379 2567 1617 2643 οὐρανῶν,
1638 2566 1722 2620 ἶνα
1745 2566 1989 2641 πληρώσῃ

415 2667 482 2718 τὰ
523 2663 712 2718 πάντα.
744 2676 764 2711 ι
813 2661 898 2712 Isti
938 2657 1060 2732 γὰρ,
1090 2659 1158 2717 ὡς
1201 2657 1382 2716 ὃκεῖνος
1425 2656 1566 2726 ύμῶν
1615 2654 1640 2710 ὸ
1690 2653 1990 2716 διδάσκαλος

416 2756 750 2825 παραφρονῶν
772 2747 925 2818 λέγει,
955 2745 1190 2818 μέμψεώς
1215 2745 1339 2824 εἰσιν
1365 2741 1496 2808 ἄξιοι
1522 2747 1602 2798 καί
1635 2753 1681 2798 οι
1715 2753 1989 2818 προφῆται,

418 2845 501 2894 nati
527 2840 573 2893 οἰ
605 2838 976 2911 εὐαγγελισταὶ,
996 2839 1081 2890 καί
1101 2835 1148 2890 οἰ
1173 2833 1448 2890 ἀπόστολοι
1471 2835 1717 2906 λέγοντες,
1741 2833 1819 2890 ὅτι
1840 2837 1993 2895 αὐτὸς

419 2930 447 2984 6
471 2930 592 2989 Θεὸς
617 2929 762 3001 λόγος
791 2928 1184 3001 ἐνηνθρώπησεν,
1212 2927 1279 2986 ὡς
1307 2924 1389 2980 διὰ
1411 2927 1603 2980 τούτων
1630 2935 1728 2982 τῶν
1755 2927 1992 3002 ῥημάτων

419 3025 610 3096 τροπήν
646 3028 736 3081 τῆς
776 3016 1006 3079 θεότητος
1035 3021 1108 3077 εἰς
1136 3022 1226 3075 τήν
1259 3016 1624 3091 ἀνθρωπὸτητα
1658 3017 1884 3090 λέγοντες
1906 3037 1994 3090 γε·

2083 1834 2438 1904 οέειιηιρείεεο
2461 1834 2868 1888 humanitatem.
2893 1833 3018 1889 llarc
3039 1847 3220 1890 autem
3248 1838 3433 1899 verba,
3475 1847 3533 1890 ut
3569 1853 3660 1891 su-

2083 1925 2265 1996 perins
2293 1923 2788 1988 animadvertimus,
2833 1923 3092 1994 prmteriit
3133 1933 3438 1996 przeceptor
3465 1937 3660 1993 vester,

2084 2027 2242 2097 plane
2274 2026 2624 2097 perspiciens,
2655 2041 2777 2080 eum
2806 2025 2895 2094 qui
2925 2024 3183 2096 Cyrillum
3224 2026 3432 2096 lapsum
3461 2042 3582 2082 esse
3609 2029 3660 2082 in

2083 2118 2329 2172 haeresim
2375 2116 2566 2182 tradat,
2599 2117 2997 2186 contendatque
3019 2117 3302 2172 htcretieas
3349 2119 3523 2188 ipsum
3570 2119 3662 2175 de-

2084 2207 2319 2264 fendisse
2349 2208 2672 2273 sententias,
2706 2207 2760 2262 in
2790 2207 3092 2261 universam
3124 2206 3420 2263 Ecclesiam
3447 2209 3666 2263 damna-

2089 2300 2250 2356 tionis
2277 2297 2418 2353 ferre
2433 2297 2714 2368 judicium,
2745 2313 2866 2352 eum
2890 2297 3137 2351 universa
3165 2299 3371 2353 scilicet
3389 2297 3642 2368 Cyrillum

2087 2398 2148 2444 ut
2186 2387 2398 2442 Patrem
2439 2387 2583 2442 colat
2626 2395 2788 2456 atque
2817 2387 3112 2443 doctorem.
3143 2388 3406 2443 Creternm
3436 2390 3527 2458 qui
3559 2387 3670 2448 (ierl

2088 2477 2263 2548 potuit
2292 2486 2350 2532 ut
2375 2493 2483 2531 non
2511 2477 2919 2532 cxhorresceret
2959 2478 3270 2532 luereticum
3297 2479 3480 2533 dicens
3501 2479 3667 2550 Cyril-

2088 2565 2220 2627 lum.
2250 2575 2534 2636 propterea
2561 2565 2704 2634 quod
2726 2565 2892 2619 Deum
2914 2565 3148 2620 Verbum
3179 2567 3448 2621 hominem
3472 2572 3668 2642 factum

2091 2677 2211 2718 esse
2251 2662 2496 2718 docuerit
2539 2679 2552 2715 :
2600 2662 2835 2730 indeque
2884 2663 3143 2733 consequi
3195 2664 3550 2732 subjungens,
3603 2667 3673 2720 ab

2091 2753 2292 2824 Cyrillo
2340 2753 2456 2808 haec
2506 2753 2736 2808 docente
2789 2753 3077 2807 discrimen
3130 2753 3269 2808 inter
3317 2756 3571 2824 templum
3616 2756 3672 2809 in

2092 2857 2266 2912 eoque
2294 2841 2680 2896 inhabitantem
2712 2857 2822 2897 non
2860 2842 3104 2895 admitti?
3135 2841 3243 2895 Hac
3270 2844 3464 2911 quippe
3489 2844 3669 2899 aiendi

2090 2932 2301 2988 ratione
2326 2947 2431 2986 non
2462 2939 2708 2986 sanctum
2739 2929 2994 3002 Cyrillum
3018 2932 3337 2994 criminatur,
3362 2932 3456 2984 sed
3485 2929 3671 2984 Evan:

2091 3021 2360 3092 gelistam,
2399 3020 2622 3076 Verbum
2641 3038 2849 3076 carnem
2885 3023 3077 3094 factum
3105 3038 3210 3075 esse
3253 3020 3468 3092 (Joann.
3497 3037 3535 3084 ι,
3569 3020 3663 3094 14)

418 3113 670 3187 γενῆσθαι·
698 3111 744 3164 οἰ
780 3109 834 3166 δί
881 3111 1030 3164 αὐτὸν
1062 3110 1148 3162 τὸν
1179 3107 1301 3163 Θεὸν
1341 3109 1478 3179 λόγον
1521 3109 1900 3183 ἕνανθρωπῆσαι
1923 3113 1987 3180 μή

2096 3115 2296 3169 diserte
2349 3114 2810 3184 pronuntiantem,
2861 3113 2956 3168 sed
2996 3108 3279 3183 prophetas
3323 3128 3534 3177 omnes,
3574 3113 3674 3180 qui

419 3203 778 3276 ὁμολογοῦντες
795 3241 810 3265 ,
837 3202 1035 3276 φανεροί
1061 3199 1164 3254 εἰσι
1189 3203 1273 3253 τὸν
1313 3198 1538 3272 Χριστὸν
1733 3196 1992 3273 ἄνθρωπον

417 3285 564 3353 εἶναι,
595 3292 682 3346 καί
723 3290 853 3345 κατά
879 3291 1037 3366 χάριν
1063 3289 1170 3343 υίὸν
1216 3294 1345 3344 Θεοῦ
1389 3289 1718 3360 ὀνομάζεσθαι
1745 3289 1990 3360 λέγοντες,

417 3381 490 3444 ὡς
509 3381 543 3441 ἦ
569 3379 834 3445 κακοδοξία
859 3381 1126 3453 Νεστορίου
1161 3382 1248 3434 καί
1273 3378 1531 3439 Θεοδώρου
1557 3385 1654 3434 τοῦ
1684 3378 1990 3438 διδασκάλου

415 3474 578 3528 αὐτοῦ
605 3471 754 3542 λέγει.

2099 3204 2259 3260 Verbi
2290 3203 2384 3257 Dei
2415 3203 2702 3257 adventum
2730 3217 2829 3272 per
2855 3217 3071 3257 carnem
3105 3202 3482 3272 pratdixerunt,
3524 3200 3679 3256 lere-

2097 3296 2260 3350 miam
2288 3294 2624 3364 potissimum
2651 3294 2916 3350 dicentem
2948 3311 2960 3347 :
2987 3293 3092 3348 Hic
3121 3293 3264 3348 Deus
3292 3302 3466 3348 noster
3494 3309 3512 3347 :
3543 3294 3679 3348 alius

2099 3385 2344 3439 adversus
2363 3399 2476 3438 eum
2503 3399 2605 3438 non
2625 3381 2965 3438 wstimabitur
2991 3401 3010 3441 :
3038 3390 3154 3454 post
3184 3383 3294 3437 lues
3323 3385 3377 3436 in
3409 3384 3562 3436 terris
3585 3399 3678 3453 ap-

2099 3476 2292 3544 paruit,
2339 3482 2390 3528 et
2440 3489 2555 3527 cum
2601 3474 2892 3528 hominibus
2942 3483 3269 3528 conversatus
3314 3483 3391 3528 est
3448 3473 3674 3544 (Baruclt

2104 3566 2204 3633 ιιι),
2261 3574 2423 3634 atque
2469 3565 2659 3620 Isaiam
2711 3565 2942 3620 aientem
2992 3565 3279 3620 similiter:
3325 3565 3482 3630 Puer,
3536 3565 3675 3620 Deus

378 3710 387 3718 ,
419 3657 572 3726 fortis
601 3653 756 3719 (lsai.
783 3669 854 3719 ιι,
887 3654 944 3721 6)
976 3669 989 3705 :
1017 3653 1112 3707 sed
1135 3653 1438 3722 apostolum
1480 3666 1590 3722 pra)
1632 3653 1840 3708 caneris
1880 3653 2125 3723 Paulum,
2175 3655 2327 3726 cujus
2355 3657 2469 3712 ιιωο
2516 3665 2601 3711 est
2642 3657 2696 3710 in
2744 3655 2983 3727 Epistula
3030 3671 3122 3713 sua
3154 3656 3221 3712 ad
3249 3657 3511 3728 Ephesios
3554 3673 3673 3713 sen-

417 3744 588 3801 tentia
619 3763 633 3798 :
663 3743 763 3811 Qui
797 3744 1078 3809 descendit,
1109 3747 1220 3816 ipse
1255 3752 1328 3800 est
1363 3754 1414 3799 et
1450 3745 1540 3816 qui
1575 3745 1806 3798 ascendit
1841 3761 1995 3816 super
2031 3763 2206 3802 omnes
2259 3748 2410 3802 caelos
2431 3789 2448 3816 ,
2475 3757 2532 3802 ut
2558 3747 2791 3819 impleret
2832 3749 3008 3802 onmia
3053 3745 3213 3819 (Eph.
3248 3765 3322 3814 tv,
3367 3750 3446 3819 9).
3492 3748 3550 3804 Si
3575 3750 3672 3818 igi-

416 3839 508 3888 tur
539 3833 824 3903 desipienti
862 3833 1070 3888 doctori
1115 3840 1297 3888 vestro
1342 3833 1594 3887 assentiri
1637 3833 1863 3890 velimus
1885 3873 1900 3898 ,
1963 3839 2256 3908 prophetas
2281 3875 2296 3900 ,
2344 3838 2732 3905 evangelistas,
2775 3838 3050 3908 apostolos
3091 3839 3358 3894 haereseos
3401 3841 3673 3896 accusabi-

417 3938 563 3992 ιιιιιε,
589 3926 682 3995 qui
705 3924 802 3980 Dei
829 3924 1064 3980 Verbum
1101 3924 1336 3980 dixerint
1373 3923 1642 3978 hominem
1679 3923 1876 3979 factum
1902 3941 2044 3990 esse,
2081 3928 2233 3997 quasi
2273 3927 2358 3982 his
2394 3927 2650 3997 loquendi
2691 3925 2865 3981 modis
2907 3927 3220 3982 admiserint
3267 3930 3670 3983 conversionem

416 4015 720 4072 ilivinttatis
778 4016 832 4070 in
879 4015 1289 4071 humanitatem.
1343 4013 1545 4069 Vertun
1582 4016 1675 4083 qui
1723 4013 1893 4070 Deum
1940 4015 2178 4074 Verbum
2222 4019 2499 4074 hominem
2542 4017 2741 4073 factum
2780 4033 2900 4074 esse
2945 4034 3050 4073 non
3110 4018 3458 4087 conﬁtentur,
3514 4021 3673 4076 iidem

417 4108 702 4167 manifeste
739 4109 1010 4166 Christum
1053 4121 1248 4179 purum
1292 4107 1566 4163 hominem
1611 4107 1838 4175 faciunt,
1889 4125 1987 4179 per
2029 4112 2256 4179 gratiam
2295 4119 2500 4166 tantum
2542 4109 2661 4165 Filii
2709 4111 2802 4166 Dei
2846 4110 3066 4166 nomine
3107 4111 3440 4177 decoratum,
3489 4126 3673 4180 quem-

420 4199 706 4256 admodum
731 4213 959 4255 erranea
987 4196 1215 4252 Nestor-ii
1241 4195 1618 4267 Theodorique
1645 4199 1884 4266 magistri
1922 4200 2091 4270 ipsius
2117 4202 2384 4257 sententia
2410 4199 2776 4260 constituitur.

491 4291 552 4345 Δί
587 4291 688 4364 γάρ
736 4291 863 4344 θεῖαι
909 4289 1130 4361 γραφαί,
1158 4288 1245 4341 καί
1271 4287 1316 4341 οἰ
1343 4285 1478 4360 ἅγιοι
1523 4287 1739 4362 πατέρες
1782 4286 1998 4349 ταύταις

420 4380 803 4439 ἀκολουθοῦντες
821 4419 836 4442 ,
879 4380 1029 4434 αὐτὸν
1058 4377 1144 4432 τὸν
1171 4377 1290 4431 Θεὸν
1335 4376 1473 4448 λόγον
1503 4377 1587 4431 τὸν
1633 4375 1880 4450 ἀόρατον,
1910 4379 1998 4432 τὸν

2173 4288 2374 4344 Divina:
2402 4303 2632 4358 namque
2657 4288 2896 4356 Litterae,
2915 4297 3076 4372 atque
3104 4290 3186 4344 his
3213 4290 3534 4346 inhaerentes
3553 4306 3676 4346 san-

2102 4380 2177 4436 cti
2201 4377 2458 4434 Ecclesia:
2484 4375 2673 4433 Patres
2701 4379 2873 4448 ipsum
2917 4379 3086 4434 Deum
3124 4377 3358 4435 Verbum
3388 4380 3672 4447 invisibile,

420 4473 718 4541 ἀσώματον,
747 4469 805 4523 τὸ
860 4469 913 4522 ἐκ
938 4473 1030 4523 τοῦ
1055 4467 1218 4540 φωτὸς
1258 4474 1388 4538 φῶς,
1419 4467 1506 4522 τὸν
1546 4468 1648 4541 πρὸ
1680 4468 1891 4531 αἰώνων,
1916 4471 1987 4522 καὶ

2100 4469 2344 4540 corporis
2388 4483 2602 4538 expers,
2647 4467 2824 4522 lumen
2851 4467 2920 4523 de
2957 4467 3180 4538 lumine,
3228 4479 3354 4524 ante
3397 4470 3591 4525 saecula
3619 4479 3671 4525 et

421 4561 664 4636 ἀχρὸνως
689 4559 742 4613 ἐκ
767 4565 858 4614 τοῦ
887 4557 1081 4630 πατρὸς
1102 4559 1392 4630 γεννηθέντα
1432 4558 1582 4612 αὐτὸν
1611 4558 1890 4620 κατελθεῖν,
1915 4561 1998 4611 καί

419 4654 758 4727 σαρκωθῆναι,
804 4652 888 4704 καί
927 4651 1307 4722 ἰνανθρωπῆσαι
1351 4647 1604 4718 λέγουσιν.
1645 4651 1734 4702 Καὶ
1755 4648 1782 4702 ὸ
1949 4649 1998 4702 ἰν

420 4743 583 4814 ἁγίοις
622 4741 892 4817 Γρηγὸριος
929 4739 980 4792 ἰν
1006 4743 1080 4808 τῷ
1115 4736 1246 4806 λόγῳ
1273 4742 1346 4805 τῷ
1374 4741 1447 4796 εἰς
1484 4737 1552 4791 τά
1590 4739 1832 4809 Θεοφάνια
1861 4737 1997 4791 οὕτω

422 4833 568 4906 λέγει’
599 4849 616 4882 t
642 4833 797 4891 Δύτὸς
819 4830 844 4884 ὸ
871 4835 962 4885 τοῦ
981 4834 1104 4883 Θεοῦ
1125 4824 1293 4900 λόγος,
1315 4827 1340 4882 6
1362 4831 1682 4900 προαιῶνιος,
1702 4828 1728 4882 ὸ
1753 4828 1993 4902 ἀόρατος,

422 4921 448 4974 ὸ
473 4920 845 4994 ἀπερίληπτος,
879 4918 906 4974 ὸ
933 4921 1206 4988 ἀσώματος
1217 4959 1230 4984 ,
1258 4919 1290 4974 ἠ
1319 4918 1372 4969 ἔκ
1409 4923 1500 4977 τῆς
1528 4917 1702 4989 ἀρχῆς
1737 4917 1906 4990 ἀρχή,
1936 4920 1996 4973 τὸ

421 5013 480 5063 ὲκ
509 5015 602 5064 τοῦ
627 5010 790 5080 φωτὸς
825 5016 951 5080 φῶς,
983 5009 1014 5065 ἡ
1050 5012 1187 5076 πηγή
1215 5015 1302 5064 τῆς
1333 5009 1464 5068 ζωῆς
1491 5012 1572 5058 καί
1599 5013 1689 5064 τῆς
1717 5004 1998 5066 ἀθανασίας

421 5109 483 5164 τὸ
509 5107 770 5176 ἐκμαγεῖον
797 5109 886 5158 τοῦ
919 5103 1248 5179 ἀρχετύπου,
1279 5102 1309 5158 ἠ
1336 5104 1406 5169 μὴ
1452 5100 1709 5170 κ.νουμένη
1753 5102 1992 5171 σφραγίς,

421 5207 454 5258 ἠ
480 5197 864 5271 ἀπαράλλακτος
887 5197 1050 5256 εἰκὼν,
1082 5193 1108 5248 ὸ
1137 5200 1224 5247 τοῦ
1251 5194 1447 5267 πατρὸς
1473 5190 1590 5266 ὅρος
1632 5197 1718 5247 καί
1744 5193 1884 5266 λὰγος
1911 5196 1997 5246 ini

421 5297 512 5350 τήν
550 5288 678 5344 ἰδίαν
707 5289 868 5342 εἰκὸνα
893 5293 1062 5358 χωρεῖ
1088 5288 1173 5338 καί
1207 5288 1377 5358 σάρκα
1414 5291 1556 5358 εορεῑ
1581 5283 1664 5339 διὰ
1689 5289 1776 5342 τήν
1803 5287 1992 5356 σάρκα,

423 5383 510 5436 καί
537 5379 690 5452 ψυχή
716 5379 863 5453 νοερά
892 5377 974 5432 διὰ
1003 5381 1091 5434 τήν
1117 5373 1238 5447 ἐμήν
1264 5376 1442 5446 ψυχήν
1470 5376 1726 5445 μίγνυται,
1750 5381 1822 5446 τῷ
1842 5373 1997 5446 ὁμοίῳ

421 5474 484 5528 τὸ
514 5470 682 5544 ὅμοιον
703 5471 1070 5543 ἀνακαθαὶρων,
1085 5469 1170 5521 καί
1189 5469 1350 5522 πάντα
1375 5471 1562 5538 γίνεται
1583 5466 1705 5524 πλὴν
1726 5474 1812 5526 τῆς
1833 5465 1997 5536 ἀμαρ-

425 5567 538 5629 τὶεξς
563 5561 856 5638 ἅνθρωπος,
880 5561 1078 5620 κυηθείς
1103 5560 1160 5614 ἑκ
1188 5567 1279 5619 τῆς
1303 5559 1548 5632 παρθένου
1594 5561 1678 5611 καί
1705 5557 1884 5628 ψυχήν
1912 5561 1998 5611 καί

423 5661 597 5726 σάρκα
638 5655 1066 5731 προκαθαρθείσης
1105 5659 1177 5720 τῷ
1218 5653 1485 5723 πνεύματι’
1514 5647 1616 5705 ἔδει
1642 5651 1738 5724 γάρ
1774 5653 1859 5704 καί
1883 5650 1994 5721 γίν-

425 5765 565 5804 ’δησιν
601 5749 883 5820 τιμηθῆναι,
917 5747 998 5801 καί
1031 5743 1298 5820 παρθενίαν
1339 5742 1719 5816 προτιμηθῆναι.
1743 5760 1760 5793 ι
1794 5743 1868 5796 Τά
1897 5763 1998 5796 πα·

2104 4570 2347 4631 tempora
2373 4575 2442 4615 ex
2469 4559 2628 4614 Patre
2655 4559 2928 4627 genitum,
2959 4559 3061 4615 hoc
3104 4559 3242 4614 idem
3278 4560 3590 4625 advenisse,
3621 4569 3677 4620 et

2104 4653 2436 4708 incarnatum
2465 4665 2606 4717 esse,
2637 4658 2692 4705 et
2719 4651 2992 4706 hominem
3032 4651 3228 4706 factum
3272 4666 3396 4707 esse
3437 4653 3677 4708 disertis-

2101 4743 2237 4798 sime
2257 4742 2600 4798 conlitentur.
2626 4741 2856 4796 Sanctus
2883 4741 3026 4796 enim
3045 4739 3334 4808 Gregorius
3355 4740 3408 4794 in
3430 4755 3677 4796 sermone

2104 4830 2171 4885 de
2197 4830 2580 4901 Theopltaniis,
2600 4846 2698 4886 seu
2716 4829 2784 4886 de
2802 4829 3001 4885 Christi
3028 4829 3316 4884 Nativitate
3341 4830 3456 4884 haec
3485 4829 3680 4884 habet:

2109 4940 2128 4974 ε
2155 4921 2332 4991 Ipsum
2353 4921 2450 4976 Dei
2472 4921 2737 4976 invisibile
2760 4920 3012 4986 Verbum,
3038 4919 3128 4974 ille
3151 4919 3360 4974 saeculis
3387 4919 3676 4988 antiquior,

2103 5009 2193 5063 ille
2215 5009 2785 5079 incomprehensibilis,
2814 5008 2905 5062 ille
2931 5007 3309 5077 incorporeus,
3341 5007 3472 5060 illud
3498 5007 3679 5060 lumen

2103 5112 2172 5152 ex
2201 5099 2421 5165 lttrnine,
2445 5113 2515 5152 ex
2543 5097 2806 5168 principio
2835 5096 3174 5167 principium,
3199 5094 3319 5151 fons
3345 5097 3470 5150 vita:
3497 5105 3553 5150 et
3581 5095 3680 5148 im-

2102 5191 2465 5257 mortalitatis,
2497 5191 2584 5245 illa
2614 5191 2891 5260 archetypi
2913 5189 3217 5260 expressio,
3241 5189 3370 5244 illud
3397 5190 3674 5243 immotum

2100 5281 2384 5352 sigillum,
2415 5282 2506 5336 illa
2550 5297 2646 5352 per
2685 5281 2868 5336 omnia
2912 5280 3102 5335 similis
3140 5280 3338 5348 imago,
3376 5280 3468 5334 ille
3505 5277 3674 5333 Patris

2101 5373 2360 5428 terminus
2397 5379 2454 5426 et
2491 5372 2662 5438 ratio;
2701 5371 2810 5437 ille,
2851 5371 3088 5440 inquam,
3120 5369 3187 5424 ad
3213 5369 3500 5436 imaginem
3522 5381 3671 5422 suam

2098 5481 2160 5522 se
2210 5466 2439 5529 confert,
2470 5474 2522 5519 et
2562 5479 2779 5520 carnem
2823 5464 2892 5519 ob
2933 5477 3152 5518 carnem
3188 5463 3346 5530 gerit,
3393 5471 3450 5518 et
3485 5463 3673 5517 anim

2098 5554 2446 5610 iutellectuali
2487 5563 2706 5624 propter
2735 5552 2968 5606 animam
3011 5566 3186 5606 meam
3215 5551 3474 5621 jungitur,
3505 5562 3563 5606 ut
3596 5551 3672 5608 si-

2050 5671 2054 5674 ·
2095 5648 2224 5702 mile
2274 5662 2370 5717 per
2419 5647 2593 5703 simile
2639 5654 2919 5716 repurget,
2970 5654 3134 5715 atque
3183 5645 3416 5700 htnnana
3471 5645 3671 5711 omnia.

2097 5747 2326 5809 excepto
2352 5747 2594 5809 peccato,
2625 5737 2866 5809 suscipit,
2899 5743 3192 5808 conceptus
3217 5735 3430 5805 quidem
3457 5751 3528 5792 es
3553 5735 3674 5792 Vir-
