3994 6140
313 281 451 348 1049

1009 281 1376 342 EPISTULA
1409 280 1805 342 ADVERSUS
1842 277 2322 340 THEODORUM
2355 276 2770 338 MOPSUEST.

1999 168 2016 178 ι
2026 162 2146 178 .-.ιο-α

3414 270 3551 336 1050

318 403 577 479 ραπλήσια
603 397 658 454 δέ
686 402 770 454 καί
799 398 825 454 ὸ
859 399 908 452 ἐν
937 397 1098 470 ἁγίοις
1134 391 1426 459 ’Δθανάσιος
1453 401 1502 452 ἐν
1529 406 1600 466 τῷ
1626 401 1744 472 περὶ
1787 403 1876 452 τοῦ
1907 448 1908 451 η

2019 396 2123 456 ine,
2153 392 2334 447 animo
2382 399 2432 446 el
2465 407 2692 462 corpore
2719 408 2750 446 a
2777 392 2976 464 Spiritu
3018 403 3378 465 prtepurgata;
3423 410 3548 453 nam

313 495 461 562 ἁγίου
489 490 777 560 πνεύματος
811 488 940 558 λόγῳ
978 489 1107 542 κατὰ
1130 485 1398 552 Ἀρειανῶν
1423 486 1558 542 οὕτω
1583 487 1731 568 λέγει*
1769 502 1788 536 t
1825 483 1884 540 ⁸0

319 583 562 654 γεννηθεῖς
603 576 788 634 ἄνωθεν
833 579 886 632 iit
923 583 1016 633 τοῦ
1064 581 1259 652 πατρὸς
1294 579 1555 652 ἀρρήτως,
1587 575 1883 649 ἀφράστως,

317 671 682 728 ἀκαταλήπτοις
699 709 716 733 ,
741 667 934 728 άίδίως.
961 669 1105 728 αὐτὸς
1134 669 1183 720 ἐν
1213 669 1386 738 χρόνῳ
1407 673 1642 738 γεννᾶται
1669 667 1886 720 κάτωθεν

319 763 372 816 έκ
399 769 490 822 τῆς
523 763 770 836 παρθένου
815 761 1031 835 Μαρίας.
1063 777 1080 808 ι
1110 762 1200 812 Καὶ
1239 760 1384 813 πάλιν
1415 758 1510 812 ὸὲν
1543 758 1700 830 ἁγίοις
1735 759 1889 810 Bato-i-

319 853 443 912 λειος
478 853 608 926 πρὸς
639 849 958 942 ’Δμφιλὸλιον
1001 851 1204 924 γράφων
1245 853 1296 904 έν
1334 859 1406 923 τῷ
1442 848 1598 922 ὀγδόῳ
1643 848 1890 919 κεγαλαίῳ

321 943 475 1002 οὕτως
502 938 658 996 εἶπεν·
693 959 710 990 ι
735 942 807 995 Οὐ
834 938 933 1014 γὰρ
958 949 1198 994 τοσοῦτον
1229 942 1462 1020 οιξρανὸς,
1491 943 1572 992 καί
1597 946 1684 1012 γῆ,
1715 941 1798 991 καί
1826 941 1892 992 τά

323 1031 502 1100 μεγέθη
540 1035 638 1084 τῶν
663 1029 916 1101 πεληῶν,
943 1033 1030 1085 καὶ
1057 1033 1123 1085 τὰ
1172 1031 1221 1082 ἐν
1255 1029 1412 1084 ὕδασι
1457 1027 1778 1097 διαιτώμενοι,
1811 1029 1894 1080 καὶ

324 1125 385 1174 τά
414 1127 648 1192 χερσαῖα
683 1127 782 1174 τῶν
810 1123 966 1183 ζώων,
998 1123 1078 1174 καί
1113 1123 1262 1192 φυτὰ,
1297 1123 1383 1174 καί
1408 1121 1638 1193 ἀστέρες.
1663 1122 1746 1172 καί
1773 1119 1892 1192 ἀήρ.

323 1211 406 1262 καί
448 1207 613 1278 ὧραι,
655 1211 738 1261 καί
778 1211 808 1265 ἡ
850 1209 1046 1267 ποικίλη
1093 1214 1180 1262 τοῦ
1227 1210 1410 1267 παντὸς
1457 1205 1794 1274 διακόσμησις
1838 1205 1896 1259 τὸ

325 1301 586 1373 ὑπερέχον
610 1307 698 1358 τῆς
727 1301 920 1368 ἰσχύος
948 1303 1264 1358 συνίστησιν,
1297 1299 1412 1353 ὅσον
1441 1302 1497 1353 τὸ
1525 1297 1790 1356 δυνηθῆναι
1815 1299 1898 1352 τὸν

326 1393 446 1446 Θεὸν
482 1393 563 1445 τὸν
607 1391 877 1464 άχὼρητον
923 1391 1133 1451 ἀπαθῶς
1178 1388 1260 1445 διὰ
1305 1391 1500 1461 σαρκὸς
1547 1389 1898 1458 συμπλακῆναι

327 1489 400 1546 τῷ
423 1482 644 1550 θανάτῳ,
672 1481 754 1533 ἴνα
783 1481 906 1550 ἡμῖν
929 1486 1002 1549 τῷ
1030 1477 1140 1550 ἰδίῳ
1183 1481 1335 1534 πάθει
1361 1485 1451 1536 τήν
1474 1479 1714 1531 ἀπάθειαν
1743 1481 1900 1547 χαρί-

329 1591 500 1628 σηται.
531 1587 551 1619 ε
581 1569 721 1624 Ἄ).λά
769 1573 856 1622 καὶ
900 1567 926 1622 ὸ
967 1571 1017 1624 ἓν
1057 1569 1218 1642 ἁγίοις
1250 1571 1587 1641 Δύγουστῐνος
1624 1569 1900 1627 έπίσκοπος

329 1661 384 1716 έκ
407 1669 497 1720 τῆς
519 1667 619 1714 τῶν
645 1661 829 1732 ’Δφρῶν
857 1663 1038 1734 χώρας
1059 1663 1106 1714 ἐν
1129 1669 1193 1734 τῇ
1216 1666 1335 1736 περὶ
1360 1667 1449 1716 τοῦ
1479 1660 1734 1730 συμϐόλου
1766 1658 1900 1714 έκθέ-

1987 492 2043 539 et
2069 483 2412 538 Nativitatem
2457 481 2667 537 honore
2711 483 2873 546 allici.
2915 494 2971 537 et
3017 485 3376 553 virginitatem
3417 501 3555 558 pra-

1987 571 2113 627 ferri
2157 571 2458 641 oportebat.
2495 589 2514 622 ›
2545 569 2714 625 Simili
2763 587 2982 641 prorsus
3027 573 3186 628 modo
3235 573 3556 631 Athanasius

1988 659 2235 714 edisserit
2261 661 2312 713 in
2340 674 2402 713 ea
2439 659 2683 713 oratione
2725 674 2845 728 qua:
2885 661 3139 715 adversus
3183 660 3410 717 Arianos
3453 673 3555 728 est,

1989 749 2058 803 de
2085 750 2285 817 Spiritu
2309 758 2516 802 saneto.
2554 768 2572 799 ι
2612 748 2723 812 Ille,
2757 751 2945 820 inquit,
2977 751 3067 818 qui
3095 768 3304 806 sursum
3332 753 3382 805 in
3411 753 3560 808 cmlis

1991 854 2058 892 ex
2081 837 2238 891 Patre
2283 837 2492 904 genitus
2534 845 2650 890 erat
2687 837 3040 904 inell'abiliter,
3094 841 3559 909 inexplicabiliter,

1993 927 2412 990 immutabiliter,
2442 936 2687 986 aeterne;
2720 928 2833 996 ipse
2863 929 2916 981 in
2941 928 3097 985 terzis
3126 930 3376 986 deorsum
3409 937 3562 1002 geni-

1994 1027 2080 1070 tus
2119 1024 2200 1069 est
2243 1017 2294 1068 in
2329 1023 2570 1082 tempore
2597 1030 2663 1068 ex
2693 1015 2908 1082 Virgine
2935 1017 3119 1072 Maria.
3160 1038 3179 1071 ι
3215 1019 3439 1077 Basilius
3467 1039 3564 1092 pa.

1996 1109 2125 1162 riter
2154 1115 2346 1160 octavo
2375 1107 2492 1160 libri
2515 1107 2584 1160 ad
2603 1106 3028 1178 Amphilochium
3055 1112 3232 1180 capite
3252 1113 3329 1168 sic
3345 1115 3563 1169 scribit:

2003 1225 2022 1259 ι
2056 1207 2239 1276 Neque
2267 1207 2409 1261 enim
2437 1207 2630 1262 cmlum
2671 1223 2734 1261 ac
2767 1217 2930 1275 terra,
2975 1208 3340 1280 immensaque
3377 1215 3569 1280 maria,

1997 1313 2096 1352 nec
2127 1297 2436 1362 animantia,
2485 1298 2567 1352 vel
2605 1299 2655 1352 in
2697 1299 2868 1367 aquis,
2899 1300 2983 1354 vel
3014 1301 3066 1354 in
3107 1303 3261 1357 terris
3299 1305 3569 1374 degentia,

2000 1405 2100 1444 nec
2139 1389 2354 1459 planae,
2385 1403 2483 1444 nec
2509 1400 2675 1454 astra,
2706 1405 2806 1444 nec
2833 1405 2948 1455 aer,
2977 1407 3080 1446 nec
3114 1393 3280 1458 borm,
3310 1409 3412 1448 nec
3437 1397 3572 1450 mul-

2001 1480 2166 1548 tijzlex
2196 1479 2429 1533 universi
2471 1488 2692 1534 ornatus
2727 1481 3098 1536 excellentiam
3143 1485 3396 1552 potentia:
3435 1485 3573 1540 illius

2003 1571 2156 1626 nobis
2201 1569 2430 1641 perinde
2471 1571 2873 1636 commendant,
2918 1581 3080 1642 atque
3125 1575 3267 1644 quod
3311 1574 3452 1632 Deus
3489 1577 3574 1632 in~

2006 1661 2502 1730 comprehensibilis
2533 1661 2609 1714 sic
2639 1677 2733 1731 per
2771 1678 2984 1718 carnem
3013 1663 3349 1721 conflictatus
3375 1677 3490 1734 est,
3517 1677 3576 1724 ut

330 1773 412 1807 σει
422 1757 589 1806 ταῦτα
601 1752 749 1822 λέγει·
775 1770 792 1802 t
817 1754 933 1806 Εἰπέ
949 1757 1032 1806 καὶ
1047 1755 1137 1817 σὺ,
1193 1753 1486 1826 ’Δμϐακοῦμ
1500 1760 1757 1826 προφῆτα,
1769 1774 1902 1825 μαρ-

2013 1751 2118 1820 ipsa
2146 1751 2392 1805 divinitas
2421 1751 2550 1804 nihil
2581 1761 2882 1820 pateretur,
2927 1770 3034 1824 quo
3073 1756 3228 1810 nobis
3265 1773 3362 1812 sua
3403 1768 3578 1816 morte

331 1845 509 1918 τυρέαν
551 1847 671 1910 περὶ
712 1851 800 1898 τοῦ
837 1851 1081 1917 Χριστοῦ.
1113 1845 1288 1916 Κύριε,
1317 1849 1484 1916 φησίν,
1515 1865 1536 1898 ε
1560 1849 1786 1902 σηιὴκοα
1813 1847 1904 1901 τήν

331 1940 477 1997 ἀκοήν
499 1959 616 2002 σου,
639 1941 718 1992 καί
747 1938 1004 2009 ἔφοϐηθηνο
1031 1959 1313 1996 κατ.νοησκ
1337 1931 1404 1992 τά
1429 1937 1552 2012 ἔργα
1571 1958 1687 1996 σου.
1710 1937 1736 1991 ὸ
1761 1939 1902 1997 Θεὸς,

330 2032 414 2082 καί
463 2029 680 2091 ἐξέστην.
722 2047 738 2078 ι
789 2035 914 2082 Ποῖα
962 2027 1087 2102 ἔργα
1136 2035 1226 2083 τοῦ
1271 2033 1396 2082 Θεοῦ
1443 2025 1588 2088 οὗτος
1639 2029 1908 2098 θαυμάσας

330 2117 535 2180 liis-ru;
564 2120 634 2189 μή
660 2139 710 2172 τι
735 2122 824 2176 τήν
863 2121 1025 2172 κτίσιν
1067 2123 1157 2172 τοῦ
1198 2117 1419 2188 necnon;
1446 2121 1516 2187 μή
1561 2121 1774 2188 γένοιτο·
1803 2116 1908 2169 ἀλλ’

337 2203 364 2220 ι.
676 2207 688 2223 .
714 2205 725 2216 ι
799 2209 813 2226 ,
854 2207 920 2239 τ.
1127 2206 1140 2222 .
1278 2208 1290 2222 .
1556 2210 1567 2228 .
1667 2209 1686 2242 η.
1809 2208 1820 2223 .

329 2226 566 2260 ακουςον
595 2225 727 2280 προς
759 2227 810 2260 τι
845 2225 1040 2269 ιτεστη.
1080 2223 1098 2254 ι
1145 2217 1204 2259 Εν
1230 2226 1403 2276 μεσῳ,
1447 2227 1602 2278 φησι.
1631 2205 1724 2260 δλο
1764 2211 1903 2268 ζωων

327 2301 701 2370 γνωσθήσονται
727 2297 790 2351 τά
818 2294 950 2370 ἔργα
995 2319 1094 2352 σου
1115 2314 1126 2326 ·
1170 2296 1248 2352 ὅτι
1274 2301 1339 2351 σὺ
1371 2297 1396 2352 ὸ
1437 2299 1562 2358 Θεὸς
1605 2297 1746 2370 λόγος
1773 2299 1903 2372 σάρξ

328 2387 524 2459 ὶγένου·
549 2388 599 2439 ἐν
623 2387 765 2457 μέσῳ
791 2385 881 2440 δύο
900 2390 1038 2450 ζώων
1063 2389 1349 2458 γνωσθήσῃ.
1377 2391 1468 2447 Τίς
1495 2386 1561 2442 ὧν
1589 2389 1750 2460 μέχρι
1775 2389 1906 2446 τίνος

328 2475 566 2535 κατέϐηςὶ
586 2477 857 2551 "Eata-rium:
883 2497 944 2548 με
973 2479 1252 2536 πεποίηκας
1269 2517 1283 2536 .
1312 2475 1393 2532 ὅτι
1421 2477 1446 2530 ὸ
1471 2479 1638 2548 λόγος,
1670 2476 1734 2532 δι’
1757 2475 1813 2530 οὗ
1841 2481 1906 2532 τά

329 2567 501 2621 πάντα
527 2566 717 2637 ἐγένετο
743 2566 790 2617 ἐν
811 2567 967 2639 φάτνῃ
1011 2567 1242 2634 ἐτέχθης.
1269 2583 1287 2615 ι
1312 2569 1387 2618 Τὰ
1419 2563 1569 2634 ὅμοια
1613 2564 1665 2619 δὲ
1696 2570 1776 2618 καί
1804 2565 1828 2618 ὁ
1859 2567 1908 2619 ἐν

329 2653 494 2723 ἁγίοις
538 2655 673 2707 Λέων
715 2655 892 2714 πάπας
936 2657 1122 2724 Ῥώμης
1153 2657 1204 2708 ἐν
1250 2664 1311 2729 τῇ
1355 2657 1479 2730 πρὸς
1521 2655 1794 2708 Φλαυιανὸν
1819 2657 1905 2709 τὸν

328 2744 742 2817 ἀρχιεπίσκοπον
786 2745 1350 2806 κωνσταντινονπόλεως
1378 2745 1616 2819 ἐπιστολῇ
1649 2746 1811 2804 ο”τως
1834 2743 1905 2798 εί-

329 2849 444 2886 πεν’
477 2850 494 2882 t
523 2831 580 2886 '0
605 2834 802 2892 ἀπαθής
837 2837 960 2894 Θεὸς
989 2836 1073 2887 cf»:
1115 2838 1371 2898 ἀπηξίωσε
1401 2839 1618 2896 παθητὸς
1663 2833 1783 2892 εἶναι
1817 2834 1906 2891 ἄν-

330 2923 554 2999 θρωπος,
584 2927 668 2978 καὶ
689 2923 714 2978 ὁ
737 2925 978 2984 ἀθάνατος
1003 2928 1096 2996 νιίμ
1127 2947 1170 2986 ις
1197 2928 1498 2981 ιποκεῑσθαι
1527 2929 1758 2982 θανάτου.
1775 2947 1792 2978 ι

2007 1842 2290 1910 largiretur
2317 1843 2792 1897 immortalitatem.
2831 1863 2850 1896 ι
2884 1844 3112 1900 Sanctus
3140 1847 3301 1902 etiam
3327 1849 3579 1918 Augusti-

2007 1946 2106 1984 nus
2135 1929 2396 1984 Africante
2425 1930 2698 1999 cujusdam
2727 1931 2958 1987 civitatis
2992 1935 3297 2004 episcopus,
3331 1937 3383 1991 in
3411 1953 3579 2008 expo-

2007 2019 2201 2072 sitione
2228 2017 2468 2088 Symboli
2495 2018 2710 2074 disserit
2736 2019 2788 2072 in
2817 2019 2961 2074 hunc
2997 2023 3211 2076 modum
3239 2041 3252 2076 :
3303 2043 3322 2075 ι
3351 2023 3580 2080 Protulit

2007 2108 2101 2161 tibi
2125 2105 2316 2179 [στας.
2331 2106 2511 2176 profer
2537 2115 2591 2162 et
2617 2116 2672 2162 ιιι
2677 2129 2695 2180 1
2719 2107 2972 2188 llabacuc
2993 2112 3252 2182 pr0pheta
3277 2113 3346 2169 de
3367 2113 3580 2169 Christo

2011 2199 2414 2252 testimonium:
2449 2197 2692 2264 Domine,
2735 2200 2998 2270 inquiens,
3045 2203 3218 2258 audivi
3265 2206 3582 2260 auditionem

2010 2296 2171 2352 tuam,
2182 2297 2231 2340 et
2255 2289 2396 2342 timui
2403 2329 2416 2350 ,
2430 2289 2664 2344 intellexi
2686 2307 2844 2357 opera
2857 2301 2960 2359 tua,
2981 2291 3138 2362 Deus,
3154 2304 3200 2348 et
3215 2297 3415 2364 expetvi.
3432 2297 3582 2364 ρυω-

2009 2395 2134 2434 nam
2172 2395 2336 2449 opera
2368 2381 2460 2436 Dei
2501 2383 2590 2436 hic
2618 2383 2910 2438 admiratus
2938 2387 3186 2455 expavit?
3221 2388 3358 2443 Num
3399 2391 3582 2446 mundi

2011 2469 2378 2524 creationem?
2407 2469 2774 2540 Nequaquam.
2805 2473 2912 2528 Cur
2939 2485 3118 2530 autem
3151 2480 3444 2546 expaverit,
3489 2494 3584 2535 ac-

2012 2561 2148 2630 cipe.
2173 2560 2230 2614 ln
2253 2561 2643 2632 medio,inquit,
2668 2565 2896 2618 duorum
2925 2566 3232 2621 animalium
3255 2583 3586 2637 cognosceno

2014 2659 2100 2704 tur
2132 2667 2297 2721 opera
2334 2659 2445 2719 tua,
2469 2652 2625 2717 Deus,
2657 2654 2912 2722 quoniam
2950 2663 3004 2709 tu
3033 2656 3172 2711 Deus
3202 2656 3431 2712 Verbum
3458 2675 3585 2716 caro

2015 2742 2212 2798 factum
2235 2744 2288 2797 in
2311 2742 2488 2798 medio
2518 2744 2744 2799 duorum
2777 2746 3081 2801 animalium
3112 2747 3428 2803 innotesces.
3452 2749 3584 2816 Qua-

2014 2834 2079 2888 lis
2107 2850 2228 2888 cum
2267 2849 2433 2896 esses,
2461 2849 2629 2904 usque
2651 2849 2758 2903 quo
2786 2836 3140 2891 descendisti!
3197 2841 3586 2910 Obstupescere

2014 2940 2101 2980 me
2133 2925 2320 2988 fecisti,
2353 2925 2604 2993 quoniam
2653 2925 2910 2994 Verbum,
2940 2943 3039 2996 per
3080 2944 3239 2998 quem
3281 2928 3420 2984 facta
3460 2939 3587 2986 sunt

2023 3019 2221 3082 omnia,
2247 3019 2299 3070 in
2327 3033 2564 3086 praesepe
2593 3026 2748 3072 natus
2775 3034 2884 3072 es.»
2921 3019 3120 3074 Horum
3145 3021 3336 3076 similia
3373 3029 3588 3077 sanctus

332 3102 444 3161 Leo
473 3101 745 3159 Romanus
765 3104 1004 3176 pontifex
1033 3106 1194 3160 habet
1215 3107 1269 3162 lt!
1296 3107 1523 3176 epistola
1551 3109 1618 3162 ad
1649 3107 1958 3162 Flavianum
1985 3107 2446 3177 archiepisc0pum
2486 3107 3152 3177 ConstantinOpolitanum.
3185 3129 3203 3162 ι
3226 3109 3588 3181 lmpassibilis,

334 3196 528 3264 inquit,
559 3195 696 3250 Deus
736 3212 845 3258 non
886 3197 1197 3264 dedignatus
1224 3205 1308 3252 est
1331 3212 1452 3252 esse
1492 3199 1656 3253 homo
1686 3199 1972 3268 passibilis,
1999 3208 2054 3252 et
2081 3197 2394 3250 immortalis
2423 3195 2608 3250 mortis
2633 3195 2838 3264 legibus
2865 3197 3162 3266 subjacere.
3191 3215 3210 3248 ε

409 3291 500 3340 Καὶ
523 3295 687 3342 ταῦτα
711 3291 802 3357 μέν
838 3289 889 3341 αἶ
920 3309 974 3341 τε
1013 3292 1140 3342 θεῖαι
1171 3287 1392 3362 γραφαὶ,
1432 3291 1517 3343 καί
1552 3290 1598 3342 οἱ
1637 3287 1768 3360 ἅγιοι
1810 3310 1911 3343 πα·
1939 3293 1983 3352 C

339 3379 476 3448 τέρες
511 3379 782 3450 εἰρήκασιν
830 3377 948 3432 ὅσον
991 3379 1045 3434 δέ
1090 3381 1220 3454 πρὸς
1261 3383 1380 3442 τοὺς
1419 3381 1696 3454 ὑμετέρους
1736 3380 1913 3453 λόγους

338 3473 642 3542 κατηγορίας
675 3475 800 3524 ε’σὶν
841 3468 998 3534 ἄξιοι,
1043 3474 1109 3531 ὡς
1155 3474 1420 3542 σύγχυσιν
1461 3480 1551 3531 τῆς
1588 3474 1806 3543 σαρκὸς,
1833 3475 1916 3525 καί

339 3570 429 3622 τῆς
473 3561 704 3622 θεότητος
747 3563 1060 3634 εἰσάγοντες,
1099 3562 1271 3622 ἒπειδή
1310 3563 1464 3616 αὐτὸν
1502 3563 1589 3618 τὸν
1616 3564 1736 3617 Θεὸν
1771 3563 1916 3634 λόγον

336 3648 600 3727 ἄνθρωπον
625 3654 920 3726 γεγενῆσθαι
945 3657 1198 3727 ετρήκασιν
1216 3691 1234 3716 ,
1279 3653 1430 3710 ὁπότε
1463 3657 1549 3707 καὶ
1573 3659 1658 3708 τὶν
1685 3654 1734 3706 ἐν
1759 3653 1916 3726 άγίοις

339 3743 566 3818 κύριλλον
590 3741 794 3814 λέγοντα
817 3744 970 3797 αὐτὸν
989 3745 1076 3798 τὸν
1096 3744 1214 3798 Θεὸν
1235 3741 1375 3816 λόγον
1397 3741 1658 3821 ἄνθρωπον
1683 3746 1917 3816 γενέσθαι

338 3837 606 3905 σύγχυσιν
634 3836 850 3908 εἰσάγειν
893 3835 976 3890 διά
1013 3841 1208 3892 τούτων
1242 3847 1342 3892 τῶν
1377 3839 1620 3910 {inpar-tv
1661 3844 1914 3916 εἰρήκατε.

333 3913 452 3979 Ὀτι
473 3923 525 3979 δέ
548 3923 572 3978 ὸ
592 3931 681 3984 τήν
699 3927 962 3986 ἐπιστολήν
981 3928 1186 4004 γράψας
1207 3937 1267 4002 τῇ
1293 3928 1554 4003 Θεοδώρου
1578 3913 1918 4002 κατεχόμενος

339 4021 493 4090 μανίᾳ
519 4022 768 4093 ἠρνήσατο
795 4021 882 4072 τὸν
916 4021 1034 4074 Θεὸν
1075 4020 1215 4092 λόγον
1258 4018 1519 4094 ἄνθρωπον
1545 4023 1819 4094 γεγονέναι.
1867 4023 1918 4086 ἐξ

337 4111 507 4164 αὐτῶν
539 4107 775 4179 δείξωμεν
810 4118 910 4164 τῶν
939 4112 1073 4166 κατὰ
1100 4109 1447 4188 ’Δπολιναρίου
1483 4118 1576 4166 τοῦ
1601 4113 1825 4196 ἀσεβοῦς
1845 4121 1919 4184 τῷ

337 4200 481 4270 αὐτῷ
507 4199 746 4271 α’ρετικῷ
775 4199 1019 4275 Θεοδώρῳ
1040 4203 1347 4276 γραφέντων.
1376 4201 1452 4256 Ἐν
1472 4205 1572 4275 γάρ
1593 4211 1662 4274 τῷ
1689 4211 1918 4276 τετάρτῳ

338 4285 466 4362 λόγῳ
485 4289 864 4362 γράφειοῦτως·
895 4307 914 4340 t
945 4291 1216 4348 Δεδωκέναι
1243 4296 1328 4346 σοί
1358 4313 1499 4354 τινας
1533 4301 1634 4348 τῶν
1669 4295 1920 4368 ἡμετέρων

336 4371 490 4435 εἶπας
517 4379 582 4431 τὰ
610 4383 696 4431 οὐκ
722 4375 781 4432 ἂν
805 4399 926 4434 ποτε
954 4379 1160 4436 δοθέντα
1187 4385 1328 4456 παρά
1354 4404 1486 4443 τινος
1509 4391 1608 4438 τῶν
1627 4392 1718 4444 τῆς
1748 4386 1920 4444 ἔκκλη-

337 4475 616 4527 σιαστικῆς
648 4469 955 4540 ἀντέχεσθαι
991 4469 1139 4536 δόξης
1173 4471 1580 4530 ἐσπουδακότων.
1620 4474 1924 4532 Ἐπυνθανό·

337 4557 470 4626 μεθα
503 4559 600 4632 γάρ
639 4559 682 4610 εἰ
707 4563 795 4615 τὸν
827 4561 946 4614 Θεὸν
975 4561 1114 4632 λόγον
1143 4561 1465 4636 ὁμολογοῦσιν
1492 4563 1754 4635 ἄνθρωπον
1774 4585 1920 4638 γεγε-

2086 3285 2141 3338 In
2172 3285 2312 3339 hanc
2341 3285 2501 3354 igitur
2531 3287 2851 3340 sententiam
2872 3287 3064 3342 divina:
3081 3287 3294 3342 Littera:
3312 3291 3590 3360 sanctique

2015 3374 2203 3430 Patres
2225 3375 2533 3444 loquuntur,
2554 3384 2729 3429 vestra
2750 3375 2955 3431 scilicet
2983 3377 3247 3432 sententia
3274 3380 3588 3448 castigandi.

2017 3477 2275 3538 tanquam
2327 3467 2504 3522 carnis
2557 3468 2958 3538 divinitatisque
3012 3469 3385 3528 confusionem
3433 3474 3590 3530 indu-

2015 3568 2229 3624 centes,
2286 3574 2408 3613 cum
2462 3557 2562 3628 ipsi
2623 3573 2840 3629 quoque
2887 3560 2978 3614 Dei
3031 3560 3266 3616 Verbum
3318 3565 3590 3621 hominem

2017 3649 2214 3705 factum
2243 3665 2362 3707 esse
2398 3650 2595 3706 diserte
2622 3652 3002 3721 pronuntient,
3033 3652 3219 3709 eadem
3249 3671 3467 3726 prorsus
3505 3674 3594 3712 ra-

2018 3741 2166 3794 tione
2214 3755 2319 3809 qua
2368 3739 2626 3811 Cyrillum
2675 3739 2926 3806 aieutem,
2978 3743 3153 3812 ipsum
3205 3743 3302 3800 Dei
3355 3746 3592 3802 Verbum

2018 3829 2288 3884 hominem
2319 3829 2516 3884 factum
2555 3845 2696 3896 esse,
2723 3831 2875 3899 quasi
2913 3831 3242 3889 confusionis
3273 3835 3378 3890 hoc
3417 3837 3592 3892 aieudi

2017 3921 2179 3976 modo
2201 3922 2553 3988 invectorem,
2573 3923 2902 3980 traduxistis.
2917 3923 3180 3980 Cancrum
3197 3927 3434 3997 epistola:
3455 3922 3595 3985 illius

2018 4020 2297 4068 auctorem
2351 4012 2622 4070 Theodori
2679 4013 3046 4072 deliramentis
3100 4027 3317 4089 captum
3370 4036 3596 4089 negasse

2018 4103 2187 4160 Deum
2215 4103 2450 4158 Verbum
2491 4104 2764 4159 hominem
2801 4105 2999 4160 factum
3028 4122 3150 4162 esse
3188 4107 3364 4175 lateri,
3407 4125 3475 4164 ex
3514 4111 3596 4166 bis

2020 4195 2300 4250 manifeste
2345 4197 2724 4258 conclusimus,
2770 4212 2890 4266 qua:
2931 4199 2999 4252 ab
3029 4199 3144 4268 ipso
3173 4201 3241 4255 ad
3284 4203 3593 4258 haireticum

2021 4284 2362 4340 Theodorum
2418 4295 2603 4340 contra
2665 4286 2886 4355 impium
2945 4287 3332 4358 Apollinarium
3395 4295 3594 4364 scripta

2020 4389 2163 4436 sunt.
2194 4379 2318 4436 llzec
2347 4382 2544 4452 quippe
2566 4382 2620 4436 in
2648 4393 2840 4451 quarto
2865 4398 3113 4440 sermone
3134 4388 3315 4444 scribit
3346 4407 3361 4443 :
3395 4389 3596 4446 «Dixi-

2019 4472 2087 4526 sti
2117 4472 2376 4540 quosdam
2405 4487 2474 4528 ex
2517 4473 2714 4528 nostris
2749 4474 3004 4530 nonnulla
3047 4478 3248 4534 sentire
3286 4493 3408 4548 qua:
3453 4497 3595 4543 nun.

2022 4574 2182 4630 quam
2211 4562 2276 4617 iis
2307 4561 2532 4633 probata
2569 4571 2694 4618 sunt
2725 4563 2816 4633 qui
2847 4565 3223 4624 ecclesiasticis
3257 4569 3598 4640 dogmatibus

337 4650 518 4706 νῆσθαι
555 4651 706 4704 εἰπὼν
745 4651 1278 4724 ἐπήγαγες⁶έδίδοσαν⁶
1317 4657 1405 4708 καί
1436 4655 1514 4714 τίς
1549 4648 1607 4707 ἄν
1634 4651 1776 4724 ἔχων
1805 4661 1908 4708 νοῦτ

2025 4651 2297 4706 adhaerere
2321 4650 2557 4706 student.
2595 4650 2729 4707 Cum
2759 4654 2902 4708 enim
2939 4656 3008 4710 ab
3051 4655 3117 4712 iis
3152 4659 3405 4714 sciscitati
3444 4676 3594 4716 esse-

336 4735 605 4812 ἅνθρωπον
649 4738 784 4794 ε”ποι
825 4743 908 4796 τὸν
946 4743 1066 4796 Θεὸν
1102 4745 1398 4830 magna“;
1439 4744 1608 4814 λόγον,
1655 4747 1724 4806 ὡς
1766 4747 1917 4813 ὑμεῖς

336 4845 495 4904 φασι-η
553 4833 597 4884 εἰ
635 4837 704 4902 μή
743 4831 845 4907 ἄρα
872 4837 962 4892 τήν
1008 4836 1160 4894 αὐτὴν
1205 4837 1329 4906 ὑμῖν
1375 4836 1616 4913 πρότερον
1661 4841 1918 4896 νοσήσειεν

335 4917 534 4974 ἄνοιαν.
565 4929 728 4990 Ἦμεῐς
761 4926 858 4997 γάρ
904 4925 1146 4996 εᾶηφέναι
1181 4923 1438 5002 ἄνθρωπον
1483 4929 1570 4984 τὸν
1617 4928 1740 4983 Θεὸν
1779 4929 1916 5001 λόγον

335 5014 426 5066 καὶ
445 5009 640 5086 σφόδρα
657 5019 840 5086 φαμὲν,
857 5019 1153 5086 γεγενῆσθαι
1172 5015 1225 5072 δὲ
1243 5017 1495 5094 ἄνθρωπον
1520 5022 1625 5076 καθ’
1645 5022 1802 5092 ὑμᾶς.
1829 5023 1919 5076 οὐκ

340 5103 408 5160 ἄν
433 5120 553 5156 ποτε
583 5107 737 5158 εἰπεῖν
762 5106 1133 5177 ἀνασχοίμεθα.
1175 5127 1194 5158 ε

2028 4757 2166 4807 mus,
2183 4757 2311 4796 num
2333 4741 2430 4797 Dei
2455 4741 2692 4799 Verbum
2715 4744 2986 4801 hominem
3011 4746 3209 4804 factum
3227 4765 3344 4807 esse
3363 4743 3596 4808 faterenq

2028 4838 2136 4896 tur,
2150 4829 2422 4894 affirmans
2435 4832 2709 4900 protulere
2723 4849 3056 4904 responsum.
3072 4836 3201 4904 Quis
3217 4847 3392 4896 autem
3413 4841 3594 4898 meriti

2027 4925 2124 5000 [Ρ.
2157 4922 2378 4997 mentis]
2406 4937 2628 4993 compos
2658 4921 2826 4978 Deum
2861 4924 3092 4978 Verbum
3116 4922 3316 4978 factum
3340 4939 3463 4980 esse
3491 4926 3596 4980 bo-t

2029 5017 2227 5071 minem
2259 5013 2480 5079 dixerit,
2529 5022 2588 5068 ut
2620 5029 2651 5068 a
2684 5014 2839 5069 vobis
2887 5015 3112 5086 proponi
3143 5016 3310 5083 solet,
3345 5016 3450 5070 nisi
3483 5017 3598 5084 prin
3625 5075 3628 5080 _

2029 5121 2176 5160 mum
2227 5103 2518 5160 dementiae
2567 5111 2762 5159 vestrae
2813 5104 3000 5158 morbo
3050 5103 3122 5158 sit
3171 5103 3438 5160 affectus?
3483 5102 3600 5159 Nos

334 5215 508 5272 porro
542 5201 713 5259 Deum
744 5207 1022 5266 hominem
1069 5217 1440 5285 assumpsisse
1467 5227 1789 5275 constanter
1837 5219 2092 5286 fatemur.
2124 5232 2382 5276 cieterum
2419 5220 2691 5276 hominem
2723 5219 2922 5278 factum
2955 5236 3099 5288 esse,
3125 5218 3587 5292 quemadmodum

333 5296 647 5362 exprimere
674 5299 829 5356 vobis
857 5312 1182 5360 consuetum
1212 5316 1316 5375 est,
1353 5310 1501 5364 nulla
1531 5311 1742 5368 ratione
1767 5311 1874 5366 dici
1911 5314 2229 5370 toleramus.
2269 5333 2290 5366 ε

399 5393 820 5464 ’Δποδειχθέντος
865 5405 1028 5455 τοίνυν
1070 5400 1150 5457 διά
1201 5413 1300 5459 τῶν
1348 5409 1617 5481 εἰρημένων
1667 5409 1910 5482 Θεοδώρῳ

328 5483 603 5555 σύμφωνον
631 5481 756 5541 εἶναι
781 5495 873 5547 τήν
905 5491 1134 5546 ἀσέϐειαν
1169 5501 1261 5553 τῆς
1300 5497 1568 5556 ἐπιστολῆς
1595 5507 1654 5570 τῇ
1684 5500 1910 5574 αῖρετικῇ

326 5571 520 5626 ἐκείνου
543 5577 720 5648 μανίᾳ,
751 5582 862 5637 πῶς
896 5581 962 5632 ,οὐ
986 5578 1190 5642 δικαίως
1216 5590 1318 5644 πᾶς
1347 5591 1436 5642 τήν
1464 5584 1642 5641 ἐλπίδα
1669 5571 1812 5658 ἔχων
1841 5571 1911 5648 εἰς

327 5661 420 5718 τὸ)
446 5665 772 5736 «amoma
795 5671 874 5722 καὶ
901 5669 1348 5746 ἐνανθρωπήσαντα
1375 5676 1500 5730 Θεὸν
1535 5675 1695 5748 λόγον,
1727 5677 1911 5749 ὁμοίως

406 5760 429 5783 ⁹
459 5759 623 5822 Forte
655 5766 942 5840 legendum
969 5773 1251 5837 ἀπάντησιν
1273 5795 1373 5850 pro
1403 5785 1556 5839 εἰπὼν
1587 5787 1734 5859 ἐπήν.
1764 5789 1910 5847 lion.

2082 5409 2216 5464 Cum
2247 5409 2427 5480 itaque
2477 5427 2544 5468 ex
2591 5413 2655 5469 iis
2703 5430 2822 5484 qua:
2869 5418 2937 5473 ad
2989 5419 3330 5478 Theodorum
3375 5425 3586 5492 scribit,

2011 5497 2262 5553 ostendat
2287 5513 2409 5554 cum
2430 5501 2660 5578 hujusce
2686 5504 3050 5564 deliramentis
3078 5511 3314 5580 epistola:
3335 5513 3586 5582 impieta-

2014 5596 2122 5642 tem
2148 5589 2360 5656 egregie
2388 5593 2698 5662 convenire,
2719 5598 2988 5665 quomodo
3011 5616 3116 5654 non
3137 5599 3364 5669 quisque
3383 5599 3583 5671 justus.

2015 5675 2168 5747 cujus
2215 5676 2284 5732 sit
2330 5677 2381 5733 in
2432 5679 2525 5735 Dei
2565 5681 2743 5739 Verbo
2791 5685 3066 5744 incarnato
3093 5689 3418 5762 homineque
3441 5688 3586 5750 facto
