3994 6140
392 285 533 352 1055

1647 279 2081 343 IUSTINIANI
2121 281 2279 342 IMP.

3453 275 3594 341 1056

393 405 423 461 ὃ
440 411 541 470 ’ζῶν
563 410 754 478 πατὴρ,
776 405 913 474 κάγῶ
932 408 1002 468 ζῶ
1029 401 1111 459 διὰ
1138 401 1220 458 τόν
1244 404 1458 478 πατέρα,
1483 407 1572 456 καί
1610 402 1636 456 ό
1660 409 1866 476 τρώγων
1887 424 1950 472 με

2075 421 2106 458 η
2136 420 2214 458 me
2243 413 2432 468 manet,
2457 412 2507 458 et
2524 421 2617 474 ego
2637 406 2690 458 in
2717 419 2776 458 eo
2799 404 2974 474 (Joan.
3007 417 3095 468 v1,
3126 389 3234 470 δι).
3287 400 3435 456 Sicut
3463 405 3606 460 misit

394 495 617 554 κάκεῖνος
644 497 790 557 ζήτει
829 491 891 546 δι’
921 492 1024 561 έμέ.
1053 508 1072 541 ι
1115 495 1214 544 Καί
1253 497 1416 547 ταῦτα
1445 493 1533 560 μέν
1574 491 1704 546 οὕτω
1744 493 1826 544 καί
1867 513 1954 545 πι-

397 583 652 648 στεύομεν,
678 583 762 634 καί
787 580 1136 650 ὁμολογοῦμεν.

469 756 628 811 Πόσον
655 754 708 810 δὲ
737 753 954 824 ’ψεύδους
980 755 1094 808 έστί
1147 755 1345 806 κάκεῖιο
1371 754 1567 825 μεστόν,
1589 751 1714 825 ὅπερ
1735 761 1796 824 τῇ
1835 775 1949 821 μνη·

398 847 686 916 μονωθείσῃ
716 845 890 898 ἀσεϐεῖ
917 844 1154 917 έπιστολῇ
1183 845 1480 918 περιέχεται
1506 848 1623 917 περί
1647 852 1744 916 τῶν
1765 843 1958 897 δώδεκα

397 937 664 1004 κεφαλαίων
691 941 780 988 τοῦ
820 937 868 988 έν
896 935 1055 1006 ἁγίοις
1085 935 1356 1006 κυρίλλου;
1399 940 1696 1004 Συκοφαντεῐ
1728 935 1824 1006 γάρ
1863 933 1956 986 αὑ·

396 1026 496 1088 τόν,
536 1027 602 1082 ὡς
629 1026 747 1093 μίαν
777 1026 921 1096 φύσιν
958 1032 1048 1083 τῆς
1074 1025 1318 1080 Θεότητος
1355 1025 1436 1075 καί
1461 1030 1551 1080 τῆς
1576 1024 1958 1094 ἀνθρωπότητος

396 1118 487 1166 τοῦ
529 1120 749 1186 Χριστοῦ
788 1113 836 1165 έν
861 1113 1058 1170 τοὺτοες
1098 1113 1327 1182 λέγοντα,
1365 1114 1450 1163 καί
1492 1110 1576 1166 διά
1603 1118 1752 1164 τοῦτο
1790 1113 1958 1171 πάσης

395 1205 632 1263 eausa“;
669 1204 1030 1275 πεπληρῶσθαι
1063 1205 1128 1256 τά
1171 1205 1299 1256 αὑτά
1343 1203 1580 1272 κεφάλαια
1622 1203 1772 1272 λέγει.
1795 1199 1956 1276 ὀπερ

397 1291 425 1346 ό
449 1293 688 1364 ὑμέτερος
707 1289 1008 1350 διδάσκαλος
1032 1292 1326 1362 πανούργως
1348 1290 1649 1363 ἑρμηνεῦσαι
1683 1291 1834 1358 λέγων
1863 1287 1953 1360 [1⁸.

345 1427 348 1429 λ
398 1382 708 1450 ἅρμηνεὺσας
755 1377 933 1451 Myrr].
971 1385 1040 1442 μή
1084 1378 1168 1434 διά
1209 1381 1273 1434 τὰ
1313 1377 1502 1434 δώδεκα
1552 1378 1792 1448 κεφάλαια
1820 1381 1865 1431 έν
1897 1387 1959 1450 τῇ

400 1470 641 1541 ἐπιστολῇ
679 1470 906 1538 εἰρῆσθαι
924 1467 1002 1522 ὅτι
1027 1473 1192 1522 ταῦτα
1217 1469 1384 1527 πάσης
1411 1468 1648 1526 ἀσεϐείας
1675 1467 1961 1542 πεπλήρων·

401 1582 506 1626 ται,
546 1561 648 1614 ἀλλ’
675 1558 752 1614 ὅτι
775 1558 967 1632 ετρηται
991 1561 1110 1629 μίαν
1145 1555 1270 1612 εἶναι
1307 1559 1454 1631 φύσιν
1489 1558 1722 1618 θεότητος
1757 1562 1842 1612 καί
1882 1561 1962 1612 ἀν-

401 1652 740 1727 θρωπότητος.
759 1647 919 1725 Ὀπερ
948 1651 1191 1728 προςανές
1217 1648 1400 1719 ψεῦδός
1427 1651 1587 1702 ἔστιν.

2051 511 2131 548 me
2158 496 2322 550 vivens
2363 494 2536 560 Pater,
2564 503 2613 548 et
2637 510 2732 565 ego
2770 495 2877 548 vivo
2907 503 3116 562 propter
3163 491 3390 554 Patrem,
3423 503 3472 546 et
3515 495 3604 559 qui

2053 585 2329 637 manducet
2371 599 2453 637 me
2501 594 2550 635 et
2585 584 2696 653 ipse
2737 583 2862 638 vivet
2908 590 3116 651 propter
3144 597 3242 634 me.
3275 581 3449 649 Atque
3490 586 3603 638 hanc

2053 675 2266 743 quidem
2293 674 2561 728 credimus
2585 680 2640 726 et
2667 672 2998 727 conﬁtemur.

2123 762 2319 828 Quanti
2365 778 2578 832 quoque
2620 761 2883 815 mendacii
2931 760 3142 829 plenum
3190 768 3274 815 est
3302 761 3352 814 id
3381 760 3521 829 quod
3551 761 3605 816 in

2054 861 2346 907 memorata
2375 853 2534 921 impia
2561 851 2785 920 epistola
2834 850 2900 904 de
2921 850 3200 904 duodecim
3229 851 3398 903 sancti
3427 851 3606 920 Cyrilli

2055 943 2314 1011 capitibus
2340 943 2645 997 continetur
2669 941 2682 993 Ξ
2715 940 3078 995 Calumniatur
3099 955 3327 1008 namque
3353 938 3606 1010 Cyrillum

2057 1031 2246 1099 ipsum,
2276 1030 2419 1098 quod
2457 1045 2616 1083 unam
2644 1029 2933 1083 divinitatis
2956 1029 3407 1096 humanitatisque
3448 1038 3606 1083 natu-

2057 1133 2170 1170 ram
2199 1119 2251 1172 in
2279 1117 2511 1184 Christo,
2539 1119 2590 1171 in
2621 1117 2851 1186 pradatis
2889 1117 3152 1184 capitibus
3180 1116 3472 1180 admiserit,
3521 1118 3606 1170 in-

2056 1207 2229 1275 deque
2269 1215 2475 1260 scatere
2523 1221 2584 1258 ea
2613 1207 2788 1274 capita
2826 1203 3098 1259 concludit
3124 1205 3266 1258 omni
3313 1205 3605 1272 iniquitale,

2056 1296 2198 1364 quod
2230 1296 2401 1364 ipsum
2429 1294 2618 1348 callide
2647 1295 2713 1347 ab
2740 1301 3070 1362 praeceptore
3103 1301 3280 1346 vestro
3303 1293 3604 1360 expositum

2057 1395 2157 1448 est,
2207 1385 2432 1447 dicente,
2481 1399 2588 1438 non
2634 1391 2692 1437 ut
2737 1383 2836 1452 ipsi
2880 1383 3070 1451 injuria
3119 1383 3268 1436 ﬁeret
3314 1398 3377 1436 ea
3420 1392 3608 1437 vocata

2057 1476 2219 1531 fuisse
2249 1475 2508 1530 universze
2556 1474 2844 1543 impietatis
2885 1473 3075 1542 plena,
3126 1472 3218 1526 sed
3247 1473 3497 1539 quoniam
3537 1473 3608 1527 ibi

2059 1568 2268 1620 unicam
2295 1580 2413 1619 esse
2440 1564 2664 1618 docetur
2689 1563 2978 1617 divinitatis
3019 1561 3468 1630 humanitatisque
3507 1577 3608 1617 na-

2060 1663 2252 1708 turam.
2291 1653 2348 1706 ld
2373 1660 2550 1706 autem
2579 1651 2818 1720 putidum
2845 1657 2928 1705 est
2948 1657 3239 1718 patensque
3254 1651 3608 1708 mendacium.

471 1738 528 1794 ’0
573 1741 668 1810 γάρ
698 1739 745 1791 έν
773 1739 947 1812 άγίοις.
971 1739 1198 1812 κὺριλλος
1225 1735 1338 1792 οὔτε
1380 1739 1430 1790 έν
1469 1745 1580 1796 τοῖς
1614 1734 1775 1797 ἄλλοις
1805 1737 1956 1790 αὑτοῦ

2071 1741 2254 1795 Nullibi
2289 1731 2429 1794 enim
2472 1739 2870 1793 demonstratur
2919 1735 3194 1808 Cyrillum,
3235 1753 3408 1806 neque
3442 1739 3496 1793 in
3545 1753 3610 1795 ea

402 1829 808 1902 συγγράμμασιν.
844 1824 958 1882 οὔτε
993 1828 1041 1878 έν
1082 1834 1144 1898 τῇ
1183 1826 1441 1898 έπιστολῇ,
1553 1847 1649 1880 τινι
1677 1828 1742 1879 τά
1771 1823 1964 1878 δώδεκα

403 1918 641 1988 κεφάλαικ
667 1919 1018 1980 ὑποτέτακται,
1047 1915 1152 1970 ἀλλ’
1193 1914 1308 1970 οὑδέ
1349 1919 1396 1969 ἐν
1441 1918 1617 1976 αὑτοῖς
1665 1923 1772 1976 τοῖς
1819 1937 1966 1986 κεφα-

402 2007 556 2084 λαίοις
584 2011 704 2080 μίαν
731 2010 876 2077 φύσιν
906 2007 1136 2069 θεότητος
1180 2009 1263 2060 καί
1303 2007 1681 2080 ἀνθρωπότητος
1719 2005 1966 2060 δείκνυται

403 2103 642 2170 ε’ρηκώς.
687 2093 810 2152 ἀλλά
843 2102 958 2168 μίαν
985 2097 1267 2152 ὑπόστασιν
1293 2097 1402 2155 ἦτοι
1426 2096 1700 2170 πρόσωπον
1731 2106 1822 2157 τῆς
1861 2096 1938 2150 θεό

404 2207 554 2246 τητος
591 2189 672 2240 καί
711 2194 796 2246 τῆς
828 2182 1208 2258 ἀνθρωπότητος
1249 2191 1336 2238 τοῦ
1378 2192 1596 2259 Χριστοῦ
1636 2181 1759 2238 εἶναι
1788 2183 1962 2238 διδάσ-

406 2297 500 2330 κει.
525 2274 685 2348 Ὀπερ
721 2277 805 2328 καί
826 2272 857 2327 ’ό
885 2274 1004 2343 άγία
1029 2281 1118 2328 τοῦ
1148 2281 1274 2327 Θεοῦ
1316 2274 1550 2328 ἐκκλησία
1591 2275 1844 2346 κηρύττει,
1885 2275 1966 2325 καὶ

407 2362 592 2422 πάντες
622 2363 666 2415 οἱ
703 2364 917 2433 πατέρες
952 2360 1207 2424 ἐδίδαξαν,
1240 2362 1673 2429 ἀιαθεματίζον·ες
1711 2363 1824 2418 τοὺς
1854 2381 1968 2428 μίαν

408 2452 557 2522 φύσιν
585 2457 672 2508 τῆς
701 2449 927 2523 θεότητος
955 2452 1038 2500 καί
1078 2457 1166 2506 τῆς
1207 2449 1588 2522 ἀνθρωπότητος
1631 2456 1720 2502 τοῦ
1753 2457 1966 2520 Χριστοῦ

409 2537 654 2609 λέγοντας.
683 2535 826 2591 “me
869 2539 966 2613 γάρ
1009 2541 1118 2590 ἐστι
1155 2541 1320 2608 φῖσις.
1366 2540 1452 2590 καί
1492 2535 1606 2590 ἄλλο
1658 2539 1964 2600 ὑπόστοσις,

411 2627 520 2684 6m
546 2627 839 2697 πρόσωπον.
874 2630 958 2679 Καὶ
997 2627 1028 2683 ἡ
1064 2629 1154 2696 μὲν
1185 2627 1336 2696 φύσις
1362 2626 1420 2680 τὸ
1461 2632 1627 2684 κοινῶς
1656 2630 1735 2679 καί
1767 2635 1970 2696 γενικῶς

410 2721 539 2784 κατά
584 2719 782 2773 πάντων
835 2720 1119 2788 προσώπων
1165 2719 1596 2789 κατηγορούμενον
1643 2720 1891 2784 σημαίνει,
1939 2720 1970 2775 ἡ

411 2809 695 2866 ὑπόστασις
723 2805 776 2860 δέ
825 2805 932 2862 ἦτοι
974 2806 1240 2878 πρόσωπον
1267 2808 1326 2858 τό
1361 2803 1514 2858 ἱδινόν
1547 2805 1788 2859 δείκνυσι⁹
1816 2806 1972 2878 πρόσι

412 2916 548 2948 ωπον
593 2898 692 2969 γάρ
737 2895 784 2946 έν
818 2890 946 2962 ἄλλῳ
974 2895 1228 2966 προσώπῳ
1266 2889 1357 2944 οὒκ
1386 2893 1750 2965 έπιθεωρεῐται.
1778 2890 1891 2946 Ὀτι
1918 2892 1972 2947 δέ

413 2988 444 3042 ἡ
472 2987 679 3055 μυσαρά
709 2983 946 3040 ἐπιστολή
989 2985 1106 3053 περὶ
1137 2989 1236 3035 τῶν
1273 2979 1464 3034 δώδεκα
1503 2982 1770 3052 κεφαλαίων
1804 2988 1896 3036 τοῦ
1925 2983 1972 3035 έν

414 3071 572 3140 ἁγίοις
618 3071 848 3143 κυρίλλου
886 3071 1033 3139 λέγει,
1063 3072 1130 3128 ὡς
1158 3069 1329 3126 πάσης
1353 3069 1589 3127 ἀσεϐείας
1630 3071 1969 3140 πεπλήρωται,
1999 3099 2044 3162 C

413 3158 604 3222 ἔξεστιν
628 3161 743 3229 ὑμίν
770 3156 827 3211 έκ
855 3165 952 3211 τῶν
969 3159 1136 3228 ἐφεξῆς
1161 3166 1251 3215 τῆς
1279 3159 1434 3216 αὑτῆς
1461 3158 1682 3216 ἀσεϐοῦς
1707 3159 1973 3220 ἐπιστολῆς

415 3256 564 3305 τοῦτο
592 3251 780 3322 εὑρεῖν,
814 3250 862 3302 ἐν
904 3246 975 3308 οἷς
1000 3257 1218 3322 (perv-poi;
1259 3245 1364 3303 εἶπε
1418 3252 1482 3302 τά
1519 3251 1646 3304 αὑτά
1675 3249 1862 3304 δώδεκα
1889 3271 1973 3304 κε-

417 3342 596 3412 ςάλαια
624 3342 818 3392 ἐναντία
839 3335 961 3392 εἶναι
984 3347 1045 3413 τῇ
1073 3340 1191 3412 ὀρθῇ
1212 3342 1401 3393 πίστει.
1422 3329 1624 3398 Ἐπειδή
1653 3339 1704 3394 δέ
1733 3343 1976 3412 μέμφεται

416 3433 445 3488 ἡ
474 3432 596 3488 αὐτή
635 3429 823 3488 ἀσεϐής
863 3429 1097 3486 έπιστολη
1139 3431 1169 3486 ἡ
1209 3429 1439 3499 λεγομένη
1461 3425 1573 3482 Ἷϐα
1600 3431 1686 3483 τόν
1733 3429 1780 3482 iv
1817 3429 1978 3500 όιγίοις

419 3519 665 3594 ιὺριλλον,
698 3521 764 3578 ὡς
793 3526 960 3588 φωνῶν
1004 3517 1238 3590 διαφοράν
1269 3520 1660 3590 άπαρνοὺμενον.
1707 3520 1976 3589 γινώσκετε

421 3609 502 3666 ὅτι
543 3611 625 3661 καί
662 3611 711 3661 έν
750 3610 917 3676 τούτῳ
942 3611 1024 3660 καί
1051 3606 1076 3660 ό
1103 3607 1305 3681 γράψας
1346 3613 1435 3666 τήν
1479 3609 1641 3665 ἀσεϐῇ
1693 3609 1974 3672 ἐπιστολήν,

421 3700 505 3752 καί
541 3697 567 3752 ό
604 3699 840 3773 ὑμέτερος
865 3695 1165 3756 διδάσκαλος
1205 3695 1466 3766 ψεύδεται.
1490 3696 1562 3749 Ἐν
1592 3703 1718 3750 πᾶσι
1743 3698 1838 3768 γάρ
1876 3705 1978 3756 τοῖς

418 3789 561 3851 έδίοις
587 3791 748 3860 λόγοις
774 3787 799 3842 ό
824 3790 873 3841 έν
901 3787 1059 3858 ἁγίοις
1089 3789 1341 3864 κὺριλλος,
1384 3791 1502 3862 περί
1528 3795 1616 3843 τοῦ
1646 3790 1818 3858 κυρίου
1844 3790 1978 3858 ἡμῶν

415 3879 579 3938 Ἰησοῦ
599 3886 821 3952 Χριστοῦ
847 3877 1114 3942 διδάσκων,
1145 3886 1310 3949 φωνῶν
1335 3879 1466 3950 λέγει
1491 3879 1748 3951 διαφορὰν,
1777 3884 1859 3932 καί
1886 3882 1979 3938 τάς

418 3972 508 4032 μέν
548 3970 745 4033 ὑψηλάς
785 3969 914 4023 κατά
958 3973 1046 4026 την
1080 3970 1290 4026 θεότητα
1335 3970 1522 4030 αὑτοῦ,
1547 3973 1640 4029 τὰς
1664 3968 1717 4023 δέ
1743 3971 1978 4028 ταπεινάς

417 4063 544 4116 κατά
579 4065 667 4119 τήν
705 4059 1058 4133 ἀνθρωπότητα
1097 4059 1274 4118 αὑτοῦ.
1315 4061 1489 4117 πάσας
1517 4056 1569 4112 δέ
1600 4059 1733 4128 ὅμως
1771 4059 1819 4121 έξ
1847 4059 1975 4121 ένός,

417 4151 506 4203 καί
536 4151 652 4224 περὶ
683 4147 812 4210 ένός,
842 4149 928 4201 καί
953 4152 1044 4200 τοῦ
1088 4147 1238 4199 αὑτοῦ
1269 4153 1394 4200 Θεοῦ
1422 4147 1564 4216 λόγου
1592 4148 1978 4220 σεσαρκωμένου

418 4242 669 4316 είρῆσθαι’
714 4241 1014 4314 ἀπαγορεύει
1063 4235 1116 4292 δέ
1161 4236 1186 4291 ό
1232 4239 1378 4297 αὑτός
1421 4239 1470 4291 έν
1516 4237 1676 4310 ἁγίοις
1717 4239 1978 4312 Κὺριλλος.

416 4329 552 4401 ἄλλῳ
603 4333 684 4384 καί
739 4327 866 4399 ἄλλῳ
912 4332 1168 4402 προσώπῳ
1219 4325 1532 4398 διανέμεσθαι
1578 4329 1788 4386 ταύτας.
1840 4324 1980 4382 ’Λλλά

417 4421 758 4490 ἀναμφιϐόλως
777 4421 922 4489 ὑμεῖς
945 4417 1036 4473 δυο
1062 4421 1358 4493 προσώποις
1379 4417 1624 4486 διανέμειν
1648 4419 1864 4477 θέλοντες
1887 4421 1978 4476 τὰς
2010 4446 2054 4504 D

417 4508 614 4580 φωνάς,
646 4504 729 4562 διὰ
763 4516 916 4563 τοῖτο
954 4508 1120 4580 λέγετε
1157 4509 1241 4562 τόν
1280 4509 1330 4560 έν
1367 4507 1526 4576 ἁγίοις
1560 4505 1785 4584 [ὑριλλον
1813 4513 1984 4578 φωνῶν

417 4596 653 4672 διαφοράν
699 4597 1108 4671 ἀπαρνήσασθαι.
1145 4591 1348 4654 Ἐπειδὴ
1393 4593 1444 4648 δέ
1499 4594 1791 4666 βουλόμενος
1845 4594 1982 4662 ὑμᾶς

415 4690 682 4748 ἀπατῆσαι
727 4690 813 4742 καί
839 4688 888 4740 έν
913 4689 1077 4756 τούτῳ
1109 4685 1135 4740 ό
1179 4684 1474 4746 διδάσκαλος
1507 4688 1646 4756 ὑμῶν
1683 4683 1848 4748 εἶπεν,
1896 4691 1983 4744 τήν

412 4780 569 4840 αὐτήν
603 4778 761 4838 ἀσεϐῆ
808 4776 1065 4834 ima-ro).er
1099 4781 1189 4833 τήν
1221 4775 1487 4846 λεγομένην
1524 4774 1639 4830 Ἴδα
1664 4786 1754 4835 τῆς
1789 4778 1982 4832 Ἀπολι-

413 4868 589 4942 νᾳρίου
611 4866 844 4925 ἀσεϐείας
864 4867 1214 4938 καταγράφειν,
1237 4866 1319 4916 καί
1333 4863 1414 4919 διά
1431 4871 1582 4918 τοῦτο
1605 4866 1802 4936 ὀφείλειν
1822 4867 1978 4924 αὑτήν

419 4953 672 5026 όρθόδοξον
693 4957 998 5025 νομίζεσθαι⁹
1035 4954 1214 5009 εἰδέναι
1236 4956 1370 5025 ὑμᾶς
1396 4961 1504 5032 χρή
1537 4952 1614 5010 ὅτι
1639 4959 1724 5010 καί
1744 4957 1793 5009 έν
1813 4959 1977 5029 τοὺτῳ

417 5043 686 5114 έψεὺσατοο
711 5041 825 5098 οὔτε
845 5047 943 5119 γάρ
963 5047 1088 5099 κατά
1112 5047 1472 5118 ’Δποἰ.ιναρίου,
1493 5043 1720 5119 καθάπερ
1751 5047 1979 5119 ἀνωτέρω

416 5135 708 5206 εἰρήκαμεν,
737 5134 1038 5204 γέγραπται·
1065 5131 1202 5202 ὅμως
1223 5131 1275 5188 δέ
1300 5136 1344 5187 εί
1363 5137 1443 5187 καί
1467 5133 1573 5188 καθ’
1598 5135 1732 5202 ὑμᾶς
1751 5141 1896 5189 τοῦτο
1920 5133 1980 5195 ἦν

413 5223 612 5285 ἀληθές,
635 5223 692 5275 οὐ
714 5221 796 5277 διὰ
815 5228 966 5278 τοῦτο
986 5223 1308 5295 ἠλευθεροῦτο
1328 5231 1416 5283 τῆς
1439 5225 1774 5297 κατακρίσεως
1796 5227 1826 5283 ἠ
1848 5228 1980 5284 αὑτὴ

411 5314 675 5371 ἐπιστολή.
713 5308 810 5366 [ἂν
844 5310 941 5385 γὰρ
979 5310 1124 5372 εἴτις
1165 5313 1410 5386 αίρετικός
1438 5309 1566 5368 κατά
1605 5315 1884 5390 α’ρετικοῦ,
1924 5312 1982 5368 οὗ

411 5400 497 5454 διὰ
519 5407 668 5456 τοῦτο
690 5402 837 5461 αὑτός
854 5399 1110 5475 όρθόδοξος
1131 5398 1395 5456 δείκνυται.
1419 5405 1503 5456 Καί
1525 5401 1719 5476 ’Δρειος
1738 5405 1834 5480 γάρ
1856 5407 1985 5461 κατά

413 5490 674 5545 Σαῗελλίου
703 5486 842 5547 εἶπεν
859 5531 873 5553 ,
904 5493 989 5546 καί
1011 5489 1350 5565 ’Δπολινάριος
1376 5491 1502 5546 »ωιτά
1529 5494 1712 5570 Ἀρεῖου
1730 5536 1744 5558 ,
1782 5497 1867 5547 καί
1894 5497 1983 5548 Ed.

411 5580 586 5648 ι’·-ιχιῦε
631 5574 764 5636 κατά
807 5583 1100 5656 Νεστορίου.
1143 5583 1232 5634 ιαί
1269 5576 1358 5634 κᾶν
1400 5583 1466 5636 τά
1505 5582 1730 5648 μάλιστα
1764 5581 1984 5660 διαφόρῳ

415 5669 573 5737 πλάνῃ
596 5668 780 5729 πάντες
815 5666 953 5724 οὗτοι
993 5672 1319 5740 κατείχοντο,
1366 5668 1500 5740 ὅμως
1540 5670 1702 5732 οὐδεὶς
1732 5675 1894 5728 αὐτῶν
1930 5673 1982 5726 έκ

2061 1829 2286 1898 epistola
2315 1843 2432 1896 quae
2458 1826 2734 1882 duodecim
2761 1825 2992 1894 capitula
3017 1826 3406 1894 complectitur,
3439 1841 3613 1896 neque

2061 1918 2119 1971 in
2143 1931 2326 1971 eorum
2355 1916 2586 1984 capitum
2625 1915 2826 1982 aliquo,
2877 1928 3052 1982 neque
3079 1913 3132 1966 in
3160 1915 3367 1968 ceteris
3393 1915 3611 1982 quibus-

2062 2007 2192 2061 libet
2235 2005 2385 2058 libris
2425 2005 2538 2060 suis
2584 2004 2795 2058 unicam
2837 2004 3128 2059 divinitatis
3169 2005 3615 2074 humanitatisque

2062 2105 2302 2152 naturam
2330 2095 2544 2160 dixisse,
2575 2109 2694 2148 cum
2725 2102 2910 2148 contra
2939 2094 3136 2149 diserte
3163 2095 3372 2158 doceat,
3403 2096 3616 2151 unicam

2063 2201 2182 2240 esse
2211 2186 2264 2239 in
2290 2185 2502 2239 Christo
2557 2183 2846 2238 divinitatis
2893 2184 3338 2252 humanitatisque
3364 2185 3616 2256 hyposta-

2064 2275 2162 2328 sim
2193 2275 2305 2329 sive
2333 2287 2634 2342 personam,
2681 2271 2823 2339 quod
2865 2282 3048 2327 sancta
3078 2272 3170 2327 Dei
3207 2274 3488 2342 profitetur
3517 2273 3614 2328 Ec-

2065 2365 2246 2428 clesia,
2292 2363 2631 2429 universique
2679 2360 2860 2416 Patres
2902 2372 3161 2431 perpetuo
3206 2363 3457 2429 docuere,
3498 2380 3617 2418 ana-

2068 2457 2244 2509 thema
2293 2455 2345 2508 in
2375 2469 2469 2508 eos
2521 2453 2760 2506 dicentes
2804 2452 2895 2520 qui
2929 2454 3134 2507 unicam
3186 2453 3481 2508 divinitatis
3524 2455 3618 2508 bu-

2069 2545 2438 2612 manitatisque
2503 2552 2744 2596 naturam
2809 2557 2929 2598 esse
2984 2543 3036 2596 in
3091 2542 3305 2598 Christo
3345 2543 3616 2609 dicerent;

2069 2633 2212 2687 aliud
2275 2632 2469 2699 quippe
2523 2637 2710 2683 natura
2767 2639 2880 2696 est,
2956 2631 3094 2684 aliud
3154 2632 3456 2703 bypostasis
3506 2634 3619 2688 sive

2073 2734 2324 2790 persona.
2369 2719 2565 2772 Natura
2592 2717 2841 2772 videlicet
2868 2720 3221 2774 communiter
3270 2729 3431 2788 atque
3456 2733 3618 2787 gene-

2071 2810 2180 2864 rice
2207 2810 2276 2863 de
2315 2808 2501 2877 quavis
2527 2822 2753 2875 persona
2782 2807 3121 2876 prmdicatur,
3169 2823 3392 2878 persona
3420 2817 3614 2872 autem,

2076 2899 2188 2952 sive
2218 2898 2519 2968 bypostasis
2544 2898 2794 2964 exprimit
2827 2898 3241 2966 proprietatem;
3271 2900 3611 2965 quamobrem

2076 3004 2178 3042 una
2223 3003 2452 3057 persona
2499 2987 2717 3040 minime
2766 2990 2818 3040 in
2863 2987 3031 3040 altera
3059 2985 3430 3042 consideratur.
3461 2985 3605 3050 Quo-

2075 3079 2216 3130 niam
2241 3085 2416 3130 autem
2439 3076 2490 3128 in
2517 3075 2752 3143 improba
2776 3091 2838 3129 ea
2854 3075 3072 3144 epistola
3083 3075 3142 3130 de
3155 3075 3428 3130 duodecim
3443 3073 3610 3130 sancti

2073 3165 2252 3236 Cyrilli
2275 3165 2535 3233 capitibus
2569 3164 2780 3228 dicitur,
2820 3165 2932 3233 ipsa
2962 3181 3080 3219 esse
3109 3165 3394 3232 iniquitatis
3435 3164 3618 3233 plena,

2075 3258 2126 3312 id
2166 3271 2324 3326 quam
2371 3253 2556 3307 falsum
2605 3254 2675 3307 sit
2701 3269 2767 3307 ex
2799 3254 2909 3322 ipsa
2933 3255 3171 3324 cpistola:
3213 3255 3354 3308 serie
3377 3253 3624 3323 pervesti-

2073 3361 2200 3414 gare
2228 3345 2404 3399 licebit
2433 3345 2627 3412 illaque
2657 3345 2986 3412 perquirere,
3033 3347 3088 3399 in
3129 3347 3324 3413 quibus
3347 3345 3625 3399 duodecim

2074 3451 2137 3490 ea
2167 3435 2338 3504 capita
2367 3432 2596 3486 afﬁrmat
2620 3449 2739 3487 cum
2771 3443 2914 3488 recta
2945 3433 3046 3489 title
3071 3450 3330 3504 pugnare.
3374 3434 3506 3488 Cum
3529 3449 3624 3488 au-

2078 3530 2184 3575 tem
2209 3522 2368 3589 impia
2397 3536 2459 3574 ea
2485 3521 2708 3587 epistola
2735 3536 2853 3589 qua:
2876 3522 2978 3576 Iba:
3001 3523 3216 3590 dicitur,
3246 3524 3426 3592 negati
3451 3513 3629 3593 appel-

2077 3609 2334 3663 lationum
2363 3607 2681 3662 discriminis
2701 3619 2939 3663 sanctum
2960 3609 3214 3682 Cyrillum
3237 3621 3469 3678 accuset,
3491 3612 3628 3666 scia-

2079 3700 2167 3765 tis,
2211 3699 2352 3754 circa
2403 3699 2505 3754 hoc
2552 3699 2725 3768 ipsum
2770 3713 2983 3766 quoque
3028 3715 3136 3752 non
3183 3699 3348 3754 modo
3393 3701 3631 3768 epistolae

2077 3788 2216 3842 illius
2242 3789 2576 3856 scriptorem,
2605 3804 2786 3842 verum
2817 3790 3120 3856 magistrum
3151 3805 3367 3858 quoque
3395 3799 3632 3852 vestrum

2077 3893 2195 3932 esse
2247 3879 2548 3932 mentitum.
2600 3877 2884 3933 Enimvero
2928 3895 3244 3948 quocunque
3289 3882 3342 3935 in
3385 3895 3635 3935 sermone

2077 3983 2173 4021 suo
2201 3975 2414 4021 sanctus
2437 3965 2662 4037 Cyrillus
2691 3967 2758 4020 de
2781 3965 2909 4020 Jesu
2949 3966 3162 4024 Christo
3191 3968 3420 4023 Domino
3449 3977 3634 4023 nostro

2077 4069 2378 4108 sermonem
2403 4055 2650 4117 instituit,
2680 4056 3090 4124 appellationum
3112 4057 3224 4111 sive
3244 4057 3638 4130 denominatio-

2079 4159 2202 4198 num
2227 4145 2510 4198 discrimen
2535 4146 2634 4200 hoc
2661 4146 2836 4211 docet,
2863 4155 2917 4200 et
2937 4147 3188 4202 sublimes
3207 4147 3422 4220 quidem
3449 4147 3636 4206 dicen-

2077 4235 2130 4290 di
2166 4236 2402 4290 rationes
2431 4235 2530 4304 ipsi
2565 4235 2858 4290 secundum
2885 4237 3234 4301 divinitatem,
3280 4237 3508 4292 humiles
3546 4253 3641 4308 au-

2079 4333 2185 4378 tem
2237 4331 2292 4377 et
2320 4323 2578 4378 demissas
2605 4325 2890 4380 secundum
2920 4326 3303 4380 humanitatem
3329 4327 3639 4388 convenire,

2081 4428 2266 4468 omnes
2293 4421 2469 4468 tamen
2519 4429 2584 4468 ex
2617 4431 2721 4468 uno
2751 4424 2910 4483 atque
2949 4415 3016 4469 de
3047 4432 3153 4469 uno
3203 4417 3477 4470 incantato
3525 4416 3642 4471 Deo

2083 4499 2264 4555 Verbo
2293 4501 2588 4570 praedicari.
2627 4502 2788 4556 Vetat
2806 4512 2984 4558 autem
3011 4504 3239 4574 Cyrillns
3266 4520 3334 4559 ne
3377 4505 3642 4573 ejusmodi

2081 4591 2542 4652 denominationes
2568 4593 2658 4647 alii
2707 4603 2764 4649 et
2792 4593 2881 4647 alii
2910 4609 3152 4662 personae
3173 4595 3380 4650 divisim
3410 4597 3646 4656 tribuan-

2083 4689 2190 4735 tur.
2224 4681 2335 4736 Yos
2364 4690 2543 4736 autem
2572 4683 2759 4752 procul
2786 4683 2948 4737 dubio
2977 4683 3172 4752 duplici
3205 4685 3487 4752 sejunctim
3516 4699 3647 4756 per-

2083 4803 2230 4843 some
2291 4789 2552 4858 ejusmodi
2608 4791 2994 4860 appellationes
3063 4795 3300 4848 tribuere
3355 4794 3598 4849 volentes
3621 4834 3640 4860 ,

2083 4879 2338 4952 Cyrillum
2384 4882 2506 4937 ideo
2553 4883 2966 4952 appellationum
3012 4884 3315 4940 discrimina
3359 4885 3645 4940 sustulisse

2080 4969 2496 5026 calumniamini.
2537 4970 2670 5032 Cum
2717 4972 2861 5026 enim
2899 4974 3042 5028 circa
3081 4974 3184 5028 hoc
3211 4988 3424 5042 quoque
3459 4989 3554 5028 vos
3583 4975 3643 5028 in

2080 5072 2314 5112 errorem
2335 5059 2584 5115 inducere
2607 5061 2705 5116 sibi
2731 5062 3091 5131 proposuisset
3120 5064 3171 5117 in
3191 5065 3378 5118 animo
3390 5065 3647 5132 magister

2082 5154 2279 5211 vester,
2328 5147 2509 5215 itaque
2557 5158 2889 5205 commentus
2913 5159 3054 5206 esset
3083 5166 3200 5206 eam
3229 5166 3348 5220 qua
3371 5151 3477 5205 [hie
3505 5151 3647 5206 dici-

2087 5242 2175 5288 tur
2201 5234 2484 5303 epistolam
2505 5235 2763 5290 adversus
2791 5237 3100 5318 Apellinarii
3129 5239 3454 5309 impietatem
3483 5237 3649 5294 fuisse
3713 5249 3722 5258 '

2084 5326 2433 5394 perscriptam
2454 5365 2470 5391 ,
2520 5326 2850 5397 proindeque
2915 5329 3169 5398 expedire
3220 5337 3282 5384 ut
3336 5329 3642 5385 orthodoxa

2079 5409 2432 5480 judicaretur,
2463 5413 2898 5470 animadvertatis
2940 5424 3174 5486 oportet,
3206 5431 3272 5472 eo
3294 5431 3512 5486 quoque
3537 5416 3644 5470 loci

2084 5504 2364 5554 mentitum
2393 5501 2593 5570 pariter
2619 5517 2738 5558 esse
2765 5520 2779 5554 :
2819 5520 2924 5558 non
2955 5505 3117 5568 enim,
3149 5513 3208 5559 ut
3233 5506 3478 5574 superius
3505 5503 3647 5559 indi—

2083 5587 2340 5654 cavimus,
2357 5589 2608 5644 adversus
2621 5589 3002 5660 Apollinarium
3021 5595 3218 5662 scripta
3239 5601 3342 5648 est.
3355 5592 3644 5652 Cmterum.

2083 5675 2315 5738 etiamsi.
2345 5683 2400 5730 ut
2430 5677 2584 5734 vobis
2612 5679 2806 5750 placet,
2838 5682 2888 5737 id
2913 5685 3082 5753 ipsum
3103 5699 3203 5752 pro
3228 5698 3356 5739 vero
3381 5679 3647 5738 conceda-
