3954 6146
371 297 511 364 1057

1107 288 1466 352 EPISTOLA
1508 292 1906 355 ADVERSUS
1941 295 2423 362 THEODORUM
2462 299 2861 382 MOPSUEST

3477 305 3622 370 1058

377 427 474 479 τῆς
534 417 777 476 τοιαύτης
829 415 1169 488 ἆντιρρἡεως
1221 411 1486 488 ὸρθὸδοξος
1551 411 1802 489 κρίνεται.
1859 413 1963 469 ἀλλ’

2069 419 2169 480 tur,
2200 430 2308 470 non
2351 427 2640 488 propterea
2681 422 2795 492 ipsa
2841 425 3091 482 immunis
3137 432 3404 489 censenda
3443 438 3546 492 erit
3591 454 3624 494 a

377 508 568 579 ὁμοίως
594 509 782 568 πάντες
803 507 901 560 ἀπὸ
919 514 1011 567 τῆς
1035 505 1298 565 καθολικῆς
1322 503 1582 563 ἐκκλησίας
1611 501 1961 567 καταδικάζον-

335 649 358 662 ,
377 619 482 652 ται.
522 601 612 652 καί
639 597 691 650 έκ
721 597 908 651 τούτου
935 593 989 650 δέ
1017 593 1228 668 φανερός
1254 595 1392 649 ἐστιν
1425 593 1451 648 ὸ
1479 598 1568 651 τήν
1601 594 1962 662 μνημονευθεῖ-

373 708 476 742 σαν
501 687 670 744 ἀσεϐῆ
686 686 892 760 γράψας
921 685 1190 744 έπιστολην
1213 684 1306 740 δύο
1331 685 1583 760 πρόσωπα
1611 683 1830 758 εἰσάγων
1845 725 1858 747 ,
1883 683 1961 740 ὅτι

374 773 539 842 εἶπεν,
575 794 596 828 ε
620 785 727 837 Πῶς
751 775 962 832 δυνατὸν
979 777 1219 848 ληφθῆναι
1239 777 1326 832 τὸν
1355 779 1402 830 ἐν
1434 779 1578 851 ἀρχῇ
1605 776 1747 849 λόγον
1771 778 1848 830 έπί
1874 783 1963 832 τοῦ

375 873 500 922 δαοῦ
521 873 614 922 τοῦ
636 867 689 920 έκ
711 868 916 942 Μαρίας
931 871 1279 941 γεννηθέντοςξ
1305 887 1323 922 ι
1349 869 1420 923 Δι’
1446 867 1509 923 ὧν
1527 871 1759 948 ῥημάτων
1771 869 1964 925 δείκνυο

375 979 462 1013 ται
504 967 761 1034 φανερῶς,
807 958 886 1015 ὅτι
925 963 986 1014 οῦ
1010 962 1097 1016 τὸν
1141 963 1262 1016 Θεὸν
1309 961 1458 1035 λόγον
1493 962 1842 1036 σαρκωθῆναι,
1879 963 1966 1016 καί

372 1048 622 1118 τεχθῆναι
645 1049 700 1102 in
723 1056 816 1110 τῆς
837 1049 986 1122 ἁγίας
1003 1053 1250 1128 παρθένου
1276 1051 1474 1125 Μαρίας
1495 1053 1648 1124 λέγει,
1674 1047 1798 1106 ἀλλά
1822 1051 1964 1122 ψιλὸν

371 1135 638 1214 ἄνθρωπον
677 1143 768 1197 τὸν
813 1129 1057 1215 Χριστὸν.
1079 1140 1132 1196 ὸν
1171 1143 1290 1197 ναὸν
1331 1143 1592 1198 ἀποκαλεῖ.
1620 1140 1735 1196 ὀτι
1779 1141 1833 1198 δέ
1883 1145 1966 1198 καί

371 1229 566 1287 ταύτην
591 1234 682 1288 τήν
710 1229 946 1284 ἀσέϐειαν
972 1231 1024 1284 έκ
1043 1239 1132 1290 τῆς
1153 1229 1412 1306 Θεοδώρου
1443 1229 1766 1290 διδασκαλίας
1788 1229 1964 1285 ἔλαϐεν

373 1317 401 1372 ὁ
420 1323 514 1376 τήν
543 1321 787 1391 μυσαρὰν
809 1319 996 1377 ἐκείνην
1021 1320 1226 1393 γράψας
1253 1321 1546 1380 έπιστολην.
1573 1318 1716 1378 δῆλον
1744 1321 1793 1385 ἐξ
1819 1317 1885 1373 ὧν
1915 1323 1964 1374 ἐν
2006 1317 2018 1326 ”

372 1413 448 1476 τῷ
481 1410 644 1482 τρίτῳ
669 1409 802 1480 λόγῳ
829 1411 959 1462 κατὰ
981 1409 1330 1482 ’Δπολιναρίου
1359 1415 1452 1464 τοῦ
1481 1411 1738 1484 αἱρετικοῦ
1763 1410 1788 1464 ὸ
1814 1413 1967 1472 αὐτὸς

373 1496 574 1558 ἀσεϐής
600 1497 858 1572 Θεόδωρος
885 1497 1078 1573 ἔγραψε
1132 1499 1288 1571 λέγων
1305 1499 1504 1560 οὕτως·
1541 1516 1559 1550 ε
1585 1496 1708 1552 Ἀλλ’
1735 1496 1817 1572 ὅγε
1847 1502 1968 1560 Θεὸς

375 1589 466 1640 καί
485 1587 540 1640 έκ
566 1594 694 1643 Θεοῦ
720 1591 808 1642 καί
829 1587 1094 1659 ὸμοούσιος
1116 1597 1189 1660 τῷ
1214 1593 1402 1666 πατρί,
1428 1597 1502 1664 τῷ
1527 1592 1615 1660 μέν
1637 1590 1690 1642 έκ
1717 1605 1808 1650 τῆς
1835 1609 1970 1662 παρ-τ

375 1681 522 1734 θένου
552 1681 853 1754 γεννηθέντι,
886 1677 926 1734 ὦ
954 1683 1236 1753 θαυμάσιε,
1274 1685 1362 1736 καί
1389 1683 1490 1737 ὑπὸ
1516 1687 1610 1738 τοῦ
1639 1681 1784 1755 ἁγίου
1815 1679 1970 1736 πνεύ-

2063 506 2521 564 condcmnationis
2553 511 2789 580 judicio;
2839 531 2945 570 non
2991 519 3134 573 enim
3176 521 3296 578 ideo
3343 525 3628 584 haareticus

2061 595 2324 664 quispiam
2367 597 2425 651 lit
2471 601 2822 667 orthodoxus,
2868 615 3154 674 propterea
3200 611 3344 678 quod
3371 612 3629 669 adversus

2062 684 2224 739 alium
2255 685 2561 742 haereticum
2587 689 2959 760 disputaverit.
3001 696 3240 768 Namque
3271 702 3427 758 Arius
3462 705 3626 760 etiam

2063 773 2318 828 adversus
2359 775 2648 832 Sabellium
2694 781 2984 848 disseruit,
3037 795 3090 840 et
3139 789 3394 846 adversus
3439 793 3626 851 Arium

2063 861 2440 932 Apollinarius,
2463 876 2519 922 et
2539 867 2804 940 Eutyches
2827 885 3012 930 contra
3033 878 3354 946 Nestorium,
3383 896 3435 938 e:
3455 901 3629 955 quan-

2061 969 2220 1023 quam
2247 957 2470 1013 diversis
2498 962 2830 1028 potissimum
2859 967 3128 1023 erroribus
3155 971 3487 1028 adbazrereut
3509 979 3630 1031 uni-

2063 1047 2225 1114 versi,
2273 1063 2432 1104 nemo
2479 1058 2658 1105 tamen
2699 1067 2768 1106 ex
2809 1053 2972 1122 ipsis,
3021 1067 3322 1114 mutuarum
3365 1063 3630 1132 ejusmodi

2062 1139 2522 1194 concertationum
2550 1156 2730 1207 causa,
2781 1145 3112 1201 orthodoxus
3153 1159 3238 1204 est
3276 1151 3505 1218 habitus,
3537 1157 3631 1210 sed

2063 1243 2250 1282 omnes
2273 1229 2392 1298 pari
2419 1231 2638 1286 omnino
2669 1233 2878 1288 ratione
2898 1236 2966 1290 ab
2994 1235 3236 1293 Ecclesia
3265 1243 3630 1298 condemnan-

2064 1323 2170 1370 tur.
2205 1319 2280 1371 Ex
2322 1318 2426 1373 hoc
2465 1335 2628 1390 porro
2657 1325 2996 1392 perspicuum
3021 1333 3125 1391 est,
3175 1342 3487 1386 memorata:
3519 1335 3632 1402 epi-

2063 1407 2214 1460 stola:
2239 1409 2552 1478 scriptorem
2582 1409 2845 1480 duplicem
2873 1429 3158 1483 personam
3187 1417 3460 1487 inducere,
3489 1422 3632 1488 quod

2064 1496 2260 1552 dixerit
2285 1515 2298 1550 :
2337 1517 2356 1549 ε
2383 1497 2665 1564 Quomodo
2693 1501 2810 1557 fieri
2838 1513 3016 1574 potest
3045 1512 3103 1560 ut
3119 1505 3355 1563 Verbum
3387 1509 3453 1564 ab
3480 1511 3632 1566 initio

2064 1585 2132 1641 de
2158 1588 2358 1657 templo
2385 1591 2680 1659 acceperit,
2713 1595 2858 1661 quod
2889 1610 2959 1649 ex
2985 1594 3154 1651 Maria
3179 1599 3419 1666 genitum
3452 1609 3534 1655 est
3557 1601 3580 1656 ?
3607 1620 3628 1654 ι

2068 1675 2270 1743 Quibus
2297 1679 2476 1733 verbis
2517 1683 2772 1750 exprimit
2789 1680 3088 1740 'evidenter
3128 1701 3187 1756 se
3216 1689 3436 1744 minime
3463 1690 3635 1745 conli-

379 1790 550 1840 ματος
577 1773 706 1826 κατὰ
737 1772 832 1830 τὰς
859 1771 996 1832 θείας
1024 1770 1384 1826 διαπλασθέντι
1421 1772 1642 1844 γραφὰς,
1681 1773 1759 1824 καί
1789 1774 1880 1828 τήν
1906 1790 1963 1842 γε

2069 1767 2168 1820 teri
2197 1767 2428 1823 Verbum
2458 1769 2624 1824 Deum
2670 1772 3002 1828 incarnatum
3048 1791 3187 1842 esse,
3236 1793 3301 1832 ac
3344 1779 3413 1833 de
3451 1789 3634 1837 sancta

379 1862 644 1916 σύστασιν
669 1861 751 1916 έπί
766 1869 858 1924 τῆς
879 1863 1166 1935 γυναικείας
1189 1859 1436 1933 δεξαμένῳ
1456 1861 1698 1934 γαστρὸς,
1727 1861 1835 1918 ένῆν
1853 1902 1866 1924 ,
1898 1863 1966 1920 ὡς

379 1944 542 2019 εἰκὸς,
575 1949 746 2010 ἐπειδὴ
783 1949 892 2027 ἅμα
934 1957 1008 2024 τῷ
1035 1949 1434 2015 διαπλασθῆναι,
1475 1953 1559 2004 καί
1593 1950 1652 2005 τὸ
1692 1947 1815 2006 εἶναι
1839 1956 1964 2004 Θεοῦ

379 2041 502 2094 ναὸν
530 2041 746 2115 εἰλήφει·
785 2045 842 2095 οὐ
869 2047 966 2112 μὴν
997 2043 1080 2096 τὸν
1118 2043 1238 2096 Θεὸν
1277 2043 1577 2114 γεγενῆσθαι
1613 2042 1820 2112 ἡγητέον
1845 2043 1966 2112 ἡμῖν

381 2129 440 2182 έκ
467 2137 564 2190 τῆς
582 2131 852 2204 παρθένου,
877 2133 920 2186 εί
939 2137 1008 2202 μή
1023 2129 1124 2206 ἄρα
1145 2134 1331 2188 ταυτὸν
1351 2133 1558 2204 ἡγητέον
1573 2134 1694 2192 ἡμῖν
1709 2133 1768 2186 τὸ
1788 2153 1842 2187 τε
1856 2152 1966 2205 γεν-

382 2221 527 2278 νηθὲν
557 2226 640 2275 καί
666 2224 724 2277 τὸ
751 2224 800 2276 ἐν
837 2229 900 2295 τῷ
930 2224 1206 2295 γεννηθέντι
1231 2226 1316 2280 τὸν
1333 2227 1472 2290 ναὸν,
1495 2225 1682 2280 καὶτὸν
1701 2224 1750 2277 έν
1769 2233 1842 2298 τῷ
1865 2233 1968 2297 ναῷ

379 2311 508 2364 Θεὸν
538 2313 702 2384 λόγον’
733 2314 792 2366 οὐ
819 2319 914 2382 μὴν
935 2312 1046 2368 οὐδέ
1071 2316 1200 2369 κατὰ
1224 2320 1313 2374 τήν
1343 2321 1437 2373 σὴν
1467 2319 1627 2387 φωνὴν
1660 2317 1968 2386 ἆποφαντέον

380 2402 551 2460 πάντη
576 2403 659 2458 τὸν
686 2404 739 2456 έκ
765 2411 854 2462 τῆς
877 2404 1126 2476 παρθένου
1153 2405 1440 2476 γεννηθέντα
1467 2407 1590 2462 Θεὸν
1619 2399 1739 2458 εἶναι
1764 2405 1818 2458 ὲκ
1839 2411 1966 2458 Θεοῦ

383 2488 657 2560 ὃμοούσιον
676 2497 750 2564 τῷ
779 2496 958 2564 πατρί.
987 2497 1044 2546 Εἰ
1055 2488 1154 2569 γάρ
1179 2498 1267 2547 οὐκ
1293 2491 1554 2566 ἄνθρωπὸς
1577 2497 1736 2558 έστιν,
1765 2497 1832 2554 ὡς
1853 2501 1966 2566 φής.

386 2583 676 2655 ἀναληφθεὶς
697 2583 722 2638 ὸ
741 2585 984 2656 γεννηθείς
998 2586 1049 2638 ἐκ
1063 2593 1156 2644 τῆς
1167 2587 1440 2660 παρθένου,
1455 2584 1646 2654 Θεὸς,δέ
1667 2607 1704 2642 σ
1718 2587 1967 2660 ιρκωθείς,

385 2679 500 2734 πῶς
537 2673 564 2728 ὸ
601 2675 820 2744 γενηθείς
846 2677 966 2736 Θεὸς
991 2675 1044 2729 έκ
1070 2682 1197 2730 Θεοῦ
1217 2719 1230 2739 ,
1273 2680 1354 2732 καί
1397 2675 1664 2747 ὸμοούσιος
1685 2677 1874 2749 λέγοιτο
1911 2672 1972 2730 ἂν

387 2771 460 2831 τῷ
496 2767 678 2838 πατρί,
709 2771 799 2824 τῆς
831 2767 1018 2842 σαρκὸς
1056 2767 1112 2818 οὐ
1140 2764 1418 2836 δυναμένης
1445 2769 1631 2826 ταύτην
1669 2767 1973 2842 προσίεσθαι

389 2856 479 2910 τὴν
501 2858 687 2926 φωνήν;
715 2855 892 2910 Ἐστιν
927 2859 1017 2926 μέν
1057 2859 1158 2930 γὰρ
1198 2857 1404 2915 ἀνόητον
1427 2857 1484 2910 τὸ
1525 2857 1608 2910 τὸν
1645 2857 1768 2912 Θεὸν
1805 2859 1861 2910 ἐκ
1883 2866 1972 2917 τῆς

389 2945 641 3017 παρθένου
655 2947 973 3017 γεγεννῆσθαι
991 2945 1166 3016 λέγειν.
1183 2954 1342 3000 Τοῦτο
1354 2954 1452 3020 γὰρ
1468 2945 1608 3002 οὐδέν
1624 2947 1789 3018 ἕτερὸν
1812 2948 1967 3009 ἔστιν,

389 3031 423 3092 ἦ
451 3033 506 3088 εκ
529 3036 824 3109 σπέρματος
863 3035 1013 3088 αὐτὸν
1039 3034 1198 3106 Ἐγειν
1239 3033 1396 3089 Δαϐὶδ
1434 3036 1487 3088 ix
1527 3043 1618 3094 τῆς
1662 3038 1841 3094 οὐσίας
1882 3042 1973 3094 τῆς

2065 1854 2282 1924 Virgine
2311 1869 2514 1926 natum,
2545 1861 2637 1914 sed
2667 1877 2856 1931 purum
2883 1863 3154 1920 hominem
3177 1863 3448 1922 Christum
3475 1884 3634 1938 quem

2065 1949 2248 2017 templi
2273 1951 2534 2006 vocabulo
2557 1951 2818 2021 designat.
2848 1952 3130 2009 Constabit
3157 1940 3358 2026 pariter
3385 1959 3632 2024 dilucide,

2063 2037 2204 2092 hanc
2229 2053 2443 2108 quoque
2471 2041 2800 2113 impietatem
2849 2044 2916 2098 ab
2963 2045 3208 2115 improbo
3237 2049 3478 2116 cpistola:
3505 2053 3636 2105 scri-

2065 2134 2220 2196 ptore
2249 2128 2494 2182 haustam
2535 2145 2653 2185 esse
2697 2147 2766 2186 ex
2813 2131 3081 2189 Theodori
3123 2136 3388 2204 doctrina,
3438 2143 3482 2194 si
3511 2157 3636 2195 cum

2067 2219 2132 2272 iis
2157 2235 2276 2288 qua:
2303 2219 2615 2278 Theodorus
2644 2225 2758 2292 ipse
2787 2225 2840 2279 in
2872 2227 3030 2281 tertio
3052 2227 3306 2284 adversus
3326 2229 3636 2288 hacreticum

2067 2306 2450 2376 Apollinarium
2500 2311 2634 2366 libro
2681 2315 2888 2384 scribit,
2933 2316 3258 2373 conferatur.
3307 2340 3324 2370 ε
3354 2321 3418 2375 At
3467 2325 3632 2387 enim,

2069 2397 2257 2466 inquit,
2292 2399 2453 2467 Deus,
2476 2409 2531 2467 et
2559 2417 2624 2456 ex
2653 2403 2784 2469 Deo,
2815 2407 3290 2464 consubstantialis
3319 2399 3483 2477 Patri,
3513 2422 3567 2466 et
3594 2413 3637 2468 is

2069 2489 2208 2543 idem
2233 2489 2421 2562 [Gram
2448 2491 2546 2563 illi]
2559 2495 2648 2562 qui
2671 2509 2736 2548 ex
2751 2495 2970 2564 Virgine
2988 2506 3144 2552 natus
3165 2507 3301 2564 erat,
3327 2515 3360 2554 ο
3377 2503 3636 2568 mirande,

2071 2589 2124 2634 et
2145 2583 2234 2650 qui
2253 2596 2349 2650 per
2367 2582 2626 2652 Spiritum
2648 2594 2916 2654 sanctum,
2939 2588 3229 2642 secundum
3253 2589 3462 2644 divinas
3489 2591 3637 2646 Scri-

2073 2679 2255 2740 pturas
2284 2671 2577 2740 plasmatus
2607 2683 2688 2728 est
2729 2683 2783 2727 ct
2830 2675 2883 2728 in
2931 2677 3178 2732 muliebri
3213 2688 3402 2733 ventre
3431 2683 3638 2751 accepit

2072 2761 2468 2827 confictionem,
2493 2763 2668 2818 inerat
2691 2762 2933 2829 forsitan,
2957 2767 3078 2834 quia
3102 2782 3248 2832 mox,
3273 2777 3332 2822 ut
3349 2769 3639 2838 plasmatus

2074 2861 2174 2917 est,
2207 2863 2261 2906 et
2305 2861 2363 2906 ut
2394 2854 2651 2922 templum
2696 2852 2790 2908 Dei
2839 2865 2980 2910 esset
3021 2858 3270 2926 accepit:
3304 2875 3410 2914 non
3458 2868 3637 2916 tamen

2074 2941 2483 2996 existimandum
2511 2951 2593 2996 est
2622 2943 2788 2997 Deum
2821 2961 2885 2998 ex
2910 2945 3128 3014 Virgine
3157 2957 3338 3003 natum
3368 2964 3507 3016 esse,
3539 2952 3638 3008 nisi

2075 3030 2214 3086 forte
2239 3033 2378 3086 idem
2407 3035 2820 3090 existimandum
2851 3037 3004 3091 nobis
3031 3046 3132 3104 est,
3185 3049 3238 3093 et
3267 3041 3408 3108 quod
3457 3051 3640 3097 natum

391 3125 644 3198 παρθένου
703 3125 1028 3195 τετεγμένον,
1064 3127 1167 3201 ’καί
1215 3127 1266 3176 ἓν
1319 3127 1444 3198 αὑτῇ
1491 3123 1929 3195 διαπεπλασμένον
1952 3141 1967 3167 '-

2073 3128 2172 3184 est,
2202 3127 2256 3174 ct
2276 3119 2418 3186 quod
2441 3126 2522 3172 est
2547 3119 2602 3172 in
2622 3131 2749 3179 nato
2769 3126 3116 3194 templum,et
3135 3144 3206 3197 qu
3246 3129 3300 3180 in
3331 3129 3528 3196 templo
3557 3139 3640 3184 est

393 3212 560 3280 έπείγε
589 3213 646 3266 τὸ
675 3213 724 3264 ἔκ
761 3214 1052 3288 σπέρματος
1101 3211 1260 3266 Δαείδ
1310 3217 1396 3266 καί
1437 3215 1488 3266 έκ
1527 3222 1616 3274 τῆς
1661 3217 1836 3271 οὐσίας
1879 3223 1971 3274 τῆς

396 3300 639 3374 παρθένου
661 3304 855 3355 συστὰν
879 3301 926 3354 έν
1033 3305 1244 3376 μητρῷα
1265 3307 1476 3376 γαστρί,
1509 3308 1594 3357 καί
1707 3311 1796 3357 τοῦ
1823 3303 1970 3374 ἁγίου

397 3392 682 3456 πνεύματος
705 3389 1010 3444 διαπλασθὲν
1036 3389 1242 3460 δυνάμει
1265 3393 1589 3463 γεγεννῆσθαί
1620 3413 1778 3462 φαμεν
1807 3394 1858 3445 ἐκ
1881 3401 1973 3452 τῆς

397 3477 667 3554 παρθένου.
699 3497 718 3530 ε

2075 3204 2219 3260 Deus
2245 3205 2474 3259 Verbum
2502 3225 2515 3258 :
2545 3223 2650 3261 non
2683 3217 2879 3274 tamen,
2926 3225 3025 3265 nec
3049 3214 3337 3267 secundum
3370 3224 3514 3270 tuam
3547 3235 3632 3272 vo-

2075 3313 2193 3352 cem
2221 3298 2672 3366 pronuutiandum
2721 3307 2804 3352 est
2845 3301 3086 3366 omnino,
3119 3316 3187 3356 ex
3234 3303 3448 3371 Virgine
3475 3307 3643 3364 Deum

2078 3396 2261 3442 natum
2283 3401 2418 3450 esse,
2451 3394 2506 3441 et
2531 3395 2598 3440 ex
2624 3386 2736 3440 Deo
2763 3388 3270 3444 consubstantialem
3299 3391 3460 3446 Patri.
3511 3396 3640 3449 Nam

2077 3478 2122 3532 si
2163 3493 2271 3532 non
2314 3478 2478 3531 homo
2509 3485 2611 3542 est,
2643 3479 2778 3533 sicut
2807 3478 2960 3544 dicis,
2989 3490 3312 3550 assumptus,
3355 3485 3445 3554 qui
3483 3495 3644 3540 natus

2077 3581 2160 3625 est
2194 3584 2263 3624 ex
2287 3568 2522 3638 Virgine,
2565 3567 2705 3622 Deus
2730 3583 2859 3622 vero
2893 3569 3217 3636 incarnatus,
3249 3573 3520 3640 quomodo
3547 3574 3643 3643 qui

397 3666 554 3713 natus
597 3668 680 3715 est
734 3661 876 3717 Deus
927 3678 996 3718 ex
1054 3663 1209 3734 Deo,
1259 3673 1318 3721 et
1363 3665 1830 3722 consubstantialis
1858 3665 2054 3720 dicitur
2088 3662 2254 3727 Patri,
2293 3675 2454 3715 carne
2493 3674 2599 3713 non
2643 3667 2864 3728 patente
2904 3659 3040 3714 hanc
3088 3675 3274 3714 vocem
3322 3662 3645 3732 suscipere?

395 3747 530 3806 Nam
575 3762 659 3808 est
702 3754 915 3822 quidem
963 3754 1231 3811 dementia
1259 3757 1440 3812 dicere
1485 3757 1654 3812 Deum
1697 3772 1767 3811 ex
1815 3757 2035 3825 Virgine
2071 3763 2254 3810 natum
2283 3767 2424 3808 esse.
2471 3749 2587 3804 Hoc
2613 3750 2754 3806 enim
2781 3749 2912 3804 nihil
2937 3750 3080 3804 aliud
3107 3760 3189 3805 est
3210 3765 3369 3820 quam
3397 3769 3460 3808 ex
3483 3756 3644 3810 semi-

395 3856 464 3895 ne
505 3856 628 3896 eum
675 3843 854 3898 dicere
897 3844 1082 3910 David,
1134 3853 1190 3900 et
1229 3846 1296 3901 de
1345 3846 1641 3901 substantia
1679 3847 1914 3916 Virginis
1953 3847 2210 3916 genitum,
2259 3852 2315 3899 et
2359 3845 2414 3898 in
2458 3844 2571 3914 ipsa
2597 3842 2936 3913 plasmatum,
2986 3843 3109 3911 quia
3153 3845 3296 3910 quod
3333 3859 3399 3898 ex
3439 3848 3646 3904 semine

393 3931 580 3999 David,
626 3941 684 3988 et
732 3933 800 3988 de
832 3934 1136 3990 substantia
1185 3934 1418 4004 Virginis
1466 3944 1548 3992 est
1593 3937 1646 3990 in
1701 3945 1946 3992 materno
1971 3944 2163 3990 ventre
2189 3935 2452 3998 constitit,
2503 3942 2560 3989 et
2604 3933 2776 3988 sancti
2805 3931 3035 4003 Spiritus
3063 3933 3382 4005 plasmatum
3426 3937 3641 4004 virtute,

393 4030 577 4076 uatum
605 4021 770 4076 fuisse
793 4021 1022 4078 dicimus
1046 4038 1116 4078 ex
1143 4023 1378 4092 Virgine.
1410 4045 1432 4077 ε

465 4111 612 4166 οἷτω
659 4110 826 4168 τοίνυν
871 4113 1286 4186 βλασφημοῦντος
1309 4113 1592 4188 Θεοδώρου,
1623 4118 1706 4170 καί
1733 4117 1970 4178 πολλάκις

393 4196 848 4270 διαϐεϐαιουμένου
877 4206 947 4272 μὴ
987 4199 1200 4256 δυνατὸν
1229 4197 1350 4257 εἶναι
1377 4203 1464 4256 τὸν
1501 4204 1620 4257 Θεὸν
1648 4207 1731 4258 καί
1761 4206 1816 4258 Ix
1842 4212 1968 4259 Θεοῦ

394 4294 480 4344 καί
527 4291 792 4362 ὁμοούσιον
837 4299 912 4365 τῷ
954 4293 1144 4367 πατρί,
1179 4294 1502 4367 σαρκωθῆναι
1538 4296 1625 4348 καί
1654 4295 1892 4366 τεχθῆναι
1915 4297 1968 4348 ἐκ

395 4391 484 4442 τῆς
523 4383 805 4460 παρθένου,
845 4381 1020 4442 ἐπειδὴ
1069 4381 1186 4438 οὖδέ
1213 4385 1244 4442 ἡ
1269 4384 1400 4456 σὰρξ
1445 4383 1714 4455 ὸμοούσιὸς
1744 4387 1858 4439 εστι
1897 4392 1968 4454 τῷ

395 4479 570 4552 πατρί,
600 4485 710 4536 πῶς
757 4478 844 4530 οὐκ
888 4476 1183 4553 έρύθριῶσιν
1229 4477 1276 4530 oi
1321 4478 1408 4530 τὸν
1453 4477 1968 4549 τοιοῦτονιαίρετικὸν

395 4565 736 4630 ἐκδικοῦντεςς
770 4564 828 4628 ὸς
848 4587 924 4626 τις
951 4573 1103 4622 τοῦτο
1129 4569 1217 4636 μέν
1237 4574 1348 4626 ταῖς
1379 4568 1534 4625 θείαις
1557 4574 1792 4642 γραφαῖς,
1816 4571 1966 4620 τοῦτο

395 4655 450 4712 δέ
479 4661 562 4712 καί
600 4667 708 4718 τοῖς
737 4657 898 4730 ἁγίοις
941 4660 1198 4731 πατράσιν
1245 4659 1438 4712 ἐναντία
1477 4664 1722 4727 μυσαρῶς
1757 4657 1966 4721 ἐξέθετο,

394 4745 542 4803 ὃπίτε
585 4746 733 4805 δῆλον
765 4753 902 4802 πᾶσι
949 4749 1250 4804 καθέστηκεν
1287 4749 1356 4807 ὡς
1400 4748 1650 4820 ἀπαρχῆς
1679 4748 1730 4811 εξ
1757 4744 1918 4821 οὗπερ
1943 4746 1970 4801 ὸ

394 4841 518 4898 Θεὸς
563 4843 653 4898 τήν
699 4839 954 4896 έκχλησίαν
1003 4840 1327 4908 ἐθεμελίωσεν
1369 4841 1420 4892 έν
1459 4846 1522 4910 τῇ
1563 4840 1682 4912 ὸρθῇ
1710 4837 1969 4912 ὁμολογίᾳ·

395 4931 582 4988 πάντες
609 4929 655 4982 οἱ
693 4934 784 4981 τοῦ
819 4934 948 4982 Θεοῦ
987 4930 1138 5004 ίερεῐς
1171 4927 1414 5004 ἐκήρυξαν
1454 4929 1537 4984 τὸν
1571 4931 1694 4982 Θεὸν
1721 4927 1861 4997 λόγον
1887 4928 1970 4982 τὸν

397 5020 450 5074 έκ
477 5026 604 5074 Θεοῦ
633 5020 952 5094 σαρκωθῆναι
980 5019 1033 5071 ἐκ
1057 5027 1148 5078 τῆς
1189 5019 1336 5090 ἁγίας
1367 5023 1449 5074 καί
1489 5017 1684 5084 ένδὸξου
1720 5019 1968 5091 παρθένου

396 5111 586 5185 Μαρίας
621 5110 773 5184 σαρκί
809 5107 1120 5180 έψυχωμένη
1163 5107 1316 5182 ψυχῇ
1354 5109 1523 5184 λογικῇ
1565 5111 1648 5163 καί
1685 5113 1858 5182 νοερᾷ,
1889 5113 1972 5164 καί

395 5199 776 5272 ένανθρωπήσαι
793 5199 876 5252 καί
903 5197 951 5260 ἐξ
971 5197 1130 5256 αὐτῆς
1156 5202 1415 5266 τεχθῆναι·
1442 5203 1521 5252 καί
1541 5200 1674 5255 οὕτω
1707 5197 1967 5253 διδάσκον-

394 5309 500 5353 τες,
531 5287 646 5343 οὐδέ
675 5292 866 5364 τροπήν
892 5295 984 5347 τῆς
1004 5287 1237 5348 θεότητος
1259 5291 1334 5348 εἰς
1361 5290 1525 5365 σάρκα
1551 5291 1836 5362 εἰσήγαγον,
1856 5289 1968 5344 οὐδέ

393 5377 479 5436 διὰ
506 5384 597 5438 τήν
623 5380 793 5453 σάρκα
821 5377 1086 5448 ὁμοούσιον
1121 5379 1276 5432 αὐτὸν
1297 5375 1424 5433 εἶναι
1449 5387 1522 5451 τῷ
1549 5385 1707 5452 πατρί
1743 5383 1967 5456 ἀπηρνή-

391 5490 570 5532 σαντο,
613 5470 778 5530 καθὼς
815 5468 1073 5544 Θεόδωρος
1117 5469 1286 5544 ληρεῖ·
1317 5467 1420 5521 ἀλλ’
1445 5468 1534 5524 ἕνα
1577 5473 1660 5524 καί
1693 5473 1778 5526 τὸν
1819 5471 1968 5526 αὐτὸν

393 5557 560 5636 κύριον
598 5563 686 5614 καί
727 5559 846 5614 Θεὸν
883 5561 1022 5630 ἡμῶν
1049 5565 1244 5618 Ἰησοῦν
1293 5559 1546 5634 Χριστὸν,
1575 5561 1704 5614 κατά
1739 5562 1829 5631 μέν
1877 5568 1966 5622 τὴν

392 5648 606 5710 θεότητα
632 5648 900 5721 ὃμοοῦσιον
921 5644 1044 5704 εἶναι
1067 5655 1139 5720 τῷ
1163 5652 1342 5722 πατρί,
1364 5648 1495 5702 κατὰ
1513 5645 1568 5702 δέ
1595 5653 1685 5707 τήν
1707 5651 1968 5728 ἄνθρωπὸ-

399 5761 533 5801 τητα
553 5741 636 5797 τὸν
666 5741 815 5798 αὐτὸν
841 5739 1109 5808 ὸμοούσιον
1137 5741 1252 5811 ἡμῖν
1280 5734 1399 5796 εἶναι
1423 5734 1666 5801 έδίδαξαν.

2144 4113 2234 4170 Sic
2279 4113 2459 4182 itaque
2501 4113 2908 4185 blasphemante
2959 4115 3264 4182 Theodoro,
3312 4124 3474 4186 atque
3501 4133 3643 4189 saepe

2073 4206 2266 4275 saepius
2311 4205 2641 4272 argumentis
2699 4204 3013 4258 decertante
3059 4205 3276 4258 minime
3327 4205 3438 4259 fieri
3487 4222 3643 4276 posse

2073 4294 2240 4348 Deum
2269 4294 2337 4348 de
2367 4294 2501 4360 Deo,
2530 4292 2783 4362 Patrique
2810 4293 3322 4348 consubstantialem
3352 4294 3642 4361 incarnari,

2069 4391 2125 4438 et
2151 4398 2218 4436 ex
2247 4382 2464 4450 Virgine
2491 4382 2658 4444 nasci,
2683 4397 2804 4436 cum
2831 4397 2958 4436 caro
2985 4381 3130 4436 Patri
3164 4384 3640 4441 consubstantialis

2070 4489 2188 4527 esse
2228 4488 2335 4526 non
2365 4473 2552 4542 possit,
2583 4472 2852 4541 quomodo
2877 4472 3078 4540 pudore
3109 4473 3344 4526 maximo
3387 4473 3506 4542 ejus
3533 4475 3641 4529 hm-
3667 4461 3670 4466 ’

2068 4563 2221 4618 retici
2249 4563 2462 4632 patroni
2493 4577 2601 4616 non
2628 4559 2948 4626 afﬁciuntur,
2990 4562 3080 4632 qui
3125 4561 3230 4616 hoc
3257 4563 3426 4617 sacris
3451 4563 3642 4620 litteris

2069 4653 2426 4718 contrarium,
2472 4651 2526 4708 id
2567 4668 2688 4708 cum
2731 4660 3038 4708 sanctorum
3084 4651 3303 4708 Patrum
3354 4655 3642 4710 traditione

2069 4757 2310 4812 pugnans
2357 4743 2638 4808 invexerit,
2691 4743 2746 4796 in
2796 4741 2988 4811 quibus
3032 4742 3238 4797 scilicet
3283 4743 3641 4799 certissimum

2066 4843 2150 4888 est
2180 4834 2482 4902 unicuique,
2534 4832 2703 4888 Deum
2749 4833 2816 4888 ab
2865 4832 3016 4886 initio
3066 4829 3359 4887 Ecclesiam
3401 4848 3556 4890 suam
3586 4833 3643 4888 in

2067 4935 2216 4979 recta
2261 4921 2602 4978 confessione
2642 4921 3024 4977 constituisse?
3074 4918 3321 4976 Universi
3359 4923 3501 4978 enim
3546 4924 3642 4978 Dei

2072 5015 2382 5069 sacerdotes
2427 5013 2784 5082 prmdicarunt
2830 5011 2996 5065 Deum
3044 5009 3304 5078 Verbum,
3356 5011 3522 5067 Deum
3573 5014 3642 5068 de

2070 5107 2203 5172 Deo,
2233 5123 2298 5162 ex
2325 5115 2510 5162 sancta
2535 5115 2696 5175 atque
2729 5105 2960 5174 gloriosa
2991 5104 3157 5160 Maria
3187 5106 3403 5175 Virgine
3453 5117 3640 5163 uatum

2070 5205 2127 5253 et
2152 5199 2484 5253 incarnatum
2525 5211 2662 5263 esse,
2705 5211 3030 5266 carnemque
3075 5198 3252 5252 anima
3291 5200 3538 5254 rationali
3583 5209 3640 5256 et

2067 5287 2414 5343 intellectuali
2433 5286 2752 5342 vivificatam
2779 5288 3147 5358 assumpsisse,
3177 5297 3232 5343 et
3255 5289 3526 5344 hominem
3555 5289 3638 5344 fa-

2069 5386 2214 5433 ctum
2240 5393 2378 5443 esse,
2415 5385 2577 5446 atque
2601 5377 2669 5432 de
2695 5377 2809 5449 ipsa
2837 5376 3054 5446 Virgine
3081 5389 3304 5433 natum:
3355 5378 3516 5448 idque
3538 5378 3639 5433 do-

2067 5478 2250 5526 centes
2284 5485 2457 5538 neque
2485 5473 2895 5526 conversionem
2919 5470 3214 5526 divinitatis
3241 5472 3294 5526 in
3326 5471 3634 5526 humanita-

2067 5568 2174 5614 tem
2197 5561 2530 5624 invexerunt,
2555 5575 2728 5628 neque
2747 5559 2920 5630 ipsum
2941 5560 3230 5616 secundum
3250 5573 3463 5613 carnem
3486 5555 3639 5615 Patri

2067 5649 2572 5705 consubstantialem
2621 5663 2742 5704 esse
2772 5649 3062 5704 commenti
3091 5655 3238 5714 sunt,
3266 5653 3428 5717 prout
3454 5645 3633 5704 Theo-

2067 5740 2230 5798 dorus
2260 5741 2480 5812 ineptit;
2521 5740 2616 5796 scd
2665 5741 2878 5794 unicum
2909 5746 2964 5794 et
2995 5736 3240 5793 eumdem
3263 5737 3547 5794 Dominum
3578 5747 3636 5796 et
