3994 6140
310 293 314 298 ἰ
357 197 494 266 1063

1671 203 2104 265 JUSTINIANI
2146 205 2302 266 IMP.

3475 188 3614 257 10M

364 329 478 396 διξῃ
515 325 570 382 δέ
595 325 748 380 αὑτὸν
794 325 874 380 καί
909 331 1038 396 mgf;
1065 324 1206 392 πάσῃ
1239 318 1542 392 περιϐαλεῖν“
1575 319 1706 370 ὥστε
1738 321 1823 368 καί
1851 338 1938 366 κυ-
1973 359 1976 370 .

2082 333 2279 364 uratum
2321 328 2434 364 vero
2465 311 2618 377 paulo
2650 313 2815 363 minus
2845 309 2908 363 ab
2957 309 3176 380 angelis,
3224 309 3352 378 quia
3378 319 3611 365 mortem

375 437 480 486 ριον
509 417 758 486 ἀποφῆναι
779 419 878 468 τῶν
914 411 1146 466 ἀπάντων
1175 407 1259 463 δεά
1283 415 1374 468 τῆς
1413 407 1539 482 πρὸς
1583 407 1759 460 ἑαυτὸν
1789 427 1944 458 συνα-

373 509 533 582 φείας.
564 523 584 556 ε
610 507 700 558 Καί
715 503 860 557 πάλιν
880 504 930 555 έν
949 509 1010 575 τῇ
1035 501 1270 576 ἑρμηνείᾳ
1289 505 1380 554 τοῦ
1403 497 1578 570 ὀγδόου
1603 496 1806 568 ψαλμοῦ
1829 500 1948 568 περί

375 600 468 652 τοῦ
505 595 658 649 αὐτοῦ
700 592 854 664 ῥητοῦ
880 589 906 644 ὁ
931 591 1086 649 αὐτὸς
1129 589 1318 648 ἀσεϐής
1354 585 1611 662 Θεόδωρος
1639 587 1770 642 οὕτω
1795 587 1945 656 λέγει·

383 704 404 738 ε
425 687 517 742 Διά
533 690 681 740 τοῦτο
699 683 864 737 τοίνυν
883 683 972 738 τήν
991 683 1079 750 μέν
1095 676 1330 752 διαφοράν
1344 683 1434 732 τοῦ
1457 697 1512 732 τε
1533 682 1662 731 Θεοῦ
1675 675 1840 746 λόγου,
1865 677 1952 729 καί

379 782 465 830 τοῦ
495 773 850 843 ἀναληφθέντος
885 771 1170 842 ἀνθρώπου,
1201 768 1454 824 τοσαύτην
1497 768 1620 836 ἡμῖν
1656 764 1899 820 δείκνυσιν
1925 764 1951 819 6

379 863 594 935 ψαλμός·
637 859 912 934 διῃρημένα
947 858 1002 914 δέ
1048 865 1216 914 ταῦτα
1256 861 1304 912 ἐν
1453 866 1593 930 καινῇ
1635 857 1840 930 διαθήκῃ
1876 857 1954 910 εὑ-

381 960 624 1028 ρίσκεται,
649 959 737 1008 τοῦ
765 954 854 1022 μέν
881 955 1059 1026 κυρίου
1089 951 1358 1018 έφ⁹έαυτὸν
1382 949 1724 1020 λαμϐάνοντος
1750 949 1812 1004 τά
1829 947 1956 1024 πρό·

381 1064 505 1116 τερα
543 1034 632 1098 τοῦ
661 1041 886 1114 ψαλμοῦ,
936 1041 987 1094 έν
1039 1036 1110 1100 οἷς
1139 1043 1350 1100 ποιητήν
1385 1061 1440 1095 τε
1481 1040 1630 1094 αὑτὸν
1671 1033 1795 1091 εἷναί
1833 1058 1956 1108 φησι

381 1140 472 1192 τῆς
495 1132 725 1193 κτίσῖως,
752 1132 837 1184 καί
865 1129 1140 1200 ἐπηρμένην
1169 1127 1200 1182 ἔ
1202 1149 1316 1198 χειν
1346 1129 1579 1201 ὑπεράνω
1607 1133 1704 1181 τῶν
1742 1131 1956 1201 οὖρανῶν

383 1226 472 1279 τήν
518 1219 977 1293 μεγαλοπρέπειαν,
1003 1221 1082 1274 καί
1127 1219 1580 1287 τεθαυμαστῶσθαι
1623 1217 1672 1270 έν
1715 1219 1857 1286 πάσῃ
1893 1223 1957 1288 τῇ

385 1321 472 1386 γῇ³
503 1319 594 1366 τοῦ
623 1311 676 1366 δέ
703 1311 988 1366 ἀποστόλου
1012 1307 1080 1366 τά
1107 1307 1320 1384 δεύτερα
1349 1311 1412 1364 τά
1437 1311 1556 1382 περί
1580 1315 1670 1364 τοῦ
1697 1310 1956 1386 ἀνθρώπου

388 1411 480 1462 τῆς
517 1403 776 1461 τοσαύτης
819 1401 1112 1475 εὐεργεσίας
1149 1399 1536 1462 καταξιωθέντος
1567 1399 1650 1452 ἐπὶ
1677 1403 1768 1452 τοῦ
1793 1398 1958 1455 Ἰησοῦ

391 1491 754 1562 λαμϐάνοντος,
797 1497 907 1550 πῶς
947 1491 1002 1542 ού
1046 1488 1292 1563 πρόδηλον
1339 1485 1418 1544 ὅτι
1441 1490 1608 1560 ἕτερον
1645 1491 1736 1560 μέν
1772 1491 1907 1560 ἡμᾶς
1930 1491 1961 1547 ἡ

392 1582 499 1634 θεία
524 1585 683 1658 γραφή
722 1577 944 1634 διδάσκει
981 1587 1152 1652 σαφῶς
1181 1575 1306 1633 εἶναι
1337 1581 1424 1634 τὸν
1452 1581 1575 1634 Θεὸν
1611 1580 1773 1654 λόγον,
1794 1581 1962 1654 ἕτερον

2047 411 2165 457 erat
2192 409 2522 468 gustaturus,
2553 400 2720 470 gloria
2758 415 2919 470 porro
2948 409 3004 453 et
3029 401 3235 452 honore
3264 399 3611 460 circunidnra,

2047 497 2122 549 ita
2150 502 2218 549 ut'
2244 493 2502 548 Dominus
2545 493 2709 546 etiam
2754 490 3170 545 constitueretur
3215 487 3613 544 universorum,

2047 587 2118 641 ob
2162 599 2314 639 suam
2359 599 2482 638 cum
2529 583 2650 652 ipso
2695 580 3151 649 coniunctionem.
3199 577 3267 631 Et
3313 575 3509 629 iterum
3559 571 3617 624 in

2047 673 2383 743 expositione
2409 672 2584 726 octavi
2615 671 2800 740 psalmi
2851 669 2920 724 de
2958 667 3147 724 eodem
3178 666 3374 738 prolati
3421 663 3619 733 impius

2050 763 2190 817 idem
2217 760 2532 816 Theodorus
2557 760 2671 814 lucc
2698 759 2890 813 habet:
2921 778 2940 808 ι
2964 757 3088 812 Ideo
3111 769 3241 824 ergo
3263 753 3620 809 diﬁ‘erentiam

2050 852 2267 921 quidem
2299 851 2393 905 Dei
2421 849 2601 912 Verbi,
2649 857 2705 902 et
2744 850 2811 903 ab
2858 849 2973 918 ipso
3011 848 3214 916 recepti
3243 845 3476 899 hominis
3503 855 3624 898 tan.

2053 952 2162 996 tam
2190 941 2345 996 nobis
2369 939 2602 994 ostendit
2632 940 2719 994 hic
2759 939 3014 1008 psalmus.
3065 937 3242 991 Divisa
3267 951 3400 991 vero
3425 936 3539 990 hare
3567 937 3622 989 in

2054 1029 2204 1085 Novo
2251 1029 2596 1083 Testamento
2637 1027 2998 1097 reperiuntur,
3049 1025 3278 1081 Domino
3323 1024 3540 1094 quidem
3573 1025 3626 1078 iu

2055 1137 2116 1177 se
2153 1121 2454 1188 accipiente
2479 1117 2768 1188 primordia
2794 1116 3008 1186 psalmi,
3057 1116 3112 1170 in
3148 1115 3337 1185 quibus
3363 1113 3628 1169 factorem

2057 1226 2180 1266 eum
2207 1209 2339 1264 dicit
2365 1223 2486 1263 esse
2514 1217 2794 1271 creaturae,
2838 1215 2896 1261 et
2935 1207 3202 1261 elevatan:
3231 1205 3431 1259 habere
3468 1219 3632 1273 super

2058 1299 2221 1354 cmlos
2249 1297 2714 1366 magniﬁcentiam,
2771 1305 2826 1350 et
2875 1295 3144 1350 miriﬁcari
3192 1294 3244 1348 in
3287 1294 3432 1348 omni
3464 1301 3628 1348 terra.

2062 1388 2324 1458 Apostolo
2344 1396 2523 1442 autem
2547 1387 2772 1455 reliqua,
2813 1401 2934 1456 quae
2974 1385 3042 1438 de
3088 1383 3308 1438 homine
3353 1392 3500 1447 sunt,
3537 1383 3632 1450 qui

2060 1479 2380 1535 benelicium
2406 1478 2628 1531 meritus
2655 1484 2758 1543 est,
2777 1475 2844 1530 de
2863 1473 2991 1530 Iesu
3015 1473 3330 1542 accipiente,
3363 1472 3634 1540 quomodo

2063 1585 2172 1624 non
2201 1566 2561 1630 manifestum,
2593 1565 2736 1635 quod
2767 1565 2992 1620 alterum
3021 1565 3234 1634 quidem
3278 1563 3456 1618 divina
3485 1563 3635 1618 Scri-

393 1667 448 1725 δέ
471 1671 556 1724 τὸν
579 1667 860 1746 ἄνθρωπονς
896 1670 1079 1728 πολλήν
1114 1689 1170 1724 τε
1199 1671 1363 1724 αὐτῶν
1390 1665 1542 1724 οὖσαν
1573 1669 1822 1726 δείκνυσι)
1848 1673 1964 1742 ἡμῖν

2082 1668 2223 1728 ptura
2250 1657 2407 1712 docet
2434 1656 2709 1712 evidenter
2746 1670 2866 1710 esse
2907 1654 3073 1710 Deum
3102 1653 3363 1721 Verbum,
3409 1653 3636 1708 alterum

393 1765 482 1820 τὴν
509 1759 626 1831 διαφ
655 1761 766 1834 ράν.
803 1771 858 1813 '0
889 1763 980 1830 μέν
1013 1763 1114 1834 γάρ
1144 1763 1457 1832 μνημονεύει,
1499 1761 1524 1816 ό
1553 1760 1606 1816 δέ
1643 1769 1734 1822 τῆς
1771 1765 1966 1833 μνήμης

395 1849 736 1912 καταξιοῦταυ
779 1853 864 1902 καὶ
905 1848 932 1902 ό
963 1851 1051 1918 μέν
1098 1851 1490 1917 ἱπισκέπτεται,
1521 1851 1548 1904 ό
1576 1849 1631 1906 δέ
1663 1855 1746 1905 καί
1775 1853 1967 1912 ταύτης

395 1939 775 2008 καταξιοὺμενος
803 1941 1158 2011 μακαρίζεται·
1191 1942 1276 1993 καί
1305 1939 1330 1994 6
1359 1942 1448 2010 μέν
1483 1943 1750 2016 εὐεργετῶν
1773 1943 1972 1996 ἐλαττοῖ

397 2027 575 2102 βραχύ
611 2048 664 2082 τι
707 2029 830 2102 παρ’
851 2029 1094 2100 ἀγγέλους
1117 2069 1129 2084 .
1162 2027 1188 2082 6
1219 2027 1274 2082 δὲ
1303 2031 1632 2104 εύεργετείται
1657 2033 1740 2086 καί
1789 2032 1872 2086 ini
1909 2038 1970 2104 τῇ

398 2119 606 2188 τοιαύτῃ
631 2117 919 2172 έλαττὼσεν
951 2122 1035 2172 καί
1063 2117 1088 2172 6
1119 2121 1209 2189 μέν
1246 2118 1362 2192 δόξῃ
1387 2123 1469 2174 καί
1495 2130 1615 2194 τιμῇ
1659 2131 1913 2195 στεφανοῖ,
1945 2123 1972 2177 6

399 2206 452 2262 δέ
481 2215 828 2279 στεφανοῦται.
872 2211 954 2262 καὶ
988 2209 1075 2262 in!
1104 2212 1303 2270 τούτοις
1345 2215 1699 2285 μακαρίζεταιο
1725 2217 1808 2268 καί
1836 2213 1861 2268 ό
1885 2216 1972 2285 μέν

401 2300 708 2356 κατέστησεν
737 2301 892 2353 αὐτὰν
914 2301 1000 2353 ἐπί
1018 2301 1187 2355 πάντα
1209 2302 1272 2356 τά
1301 2298 1427 2376 ἔργα
1451 2311 1550 2356 τᾶν
1579 2310 1768 2378 χειρῶν
1793 2305 1971 2370 αὑτοῦ,

401 2389 487 2441 καί
529 2391 699 2444 ⁸πάντα
741 2389 986 2452 ὑπέταξεν
1027 2391 1266 2446 ὑποκάτω
1305 2399 1404 2447 τῶν
1444 2391 1613 2446 ποδῶν
1641 2395 1833 2452 αὑτοῦ.
1863 2393 1889 2447 6
1922 2391 1974 2448 δέ

405 2477 680 2538 κατηξιώθη
703 2481 793 2530 τοῦ
824 2475 1089 2540 δεσπόζειν
1111 2481 1328 2544 τούτων,
1354 2475 1419 2534 ὧν
1441 2481 1688 2556 πρότερον
1717 2484 1807 2536 οὐκ
1837 2478 1950 2553 εἶχε

406 2569 498 2622 τήν
526 2565 772 2626 ἐξουσίαν.
807 2580 826 2614 ι
1911 2623 1914 2627 λ

478 2655 572 2707 Καί
615 2659 780 2709 ταῦτα
829 2657 919 2724 μέν
959 2655 985 2710 6
1025 2657 1218 2718 ἀσεϐής
1263 2659 1524 2733 Θεόδωρος
1535 2701 1550 2725 ,
1589 2665 1669 2716 καί
1704 2665 1736 2720 ἠ
1772 2669 1980 2739 μυσαρά

407 2743 564 2799 εκείνη
619 2743 849 2802 ἐπιστολή
891 2745 1252 2816 βλασφημεῦσι
1299 2758 1520 2822 φανερῶς
1563 2751 1791 2824 λέγοντες
1838 2751 1981 2808 ἄλλον

409 2829 536 2888 εἶναι
571 2833 656 2886 τὸν
696 2835 819 2886 Θεὸν
861 2834 1028 2906 λόγον,
1055 2840 1140 2891 καί
1185 2833 1329 2892 ἄλλον
1375 2842 1462 2895 τὶν
1509 2843 1756 2916 Χριστὸν,
1783 2841 1856 2904 οἷς
1901 2849 1982 2899 καὶ

410 2923 558 2989 ὑμεῖς
583 2921 962 2984 άκολοιθοῦντες
1005 2932 1375 3000 γεγραᾳήκατε,
1415 2929 1491 2986 ὅτι
1518 2935 1574 2988 τὸ
1591 2974 1606 2997 ,
1641 2950 1660 2984 ε
1681 2935 1982 2997 ἠλάττωσας

2065 1763 2196 1803 vero
2223 1747 2526 1802 hominem?
2565 1752 2621 1800 et
2644 1745 2864 1799 multam
2895 1759 3082 1799 eorum
3111 1744 3268 1798 nobis
3295 1758 3416 1799 esse
3452 1750 3638 1796 osten-

2065 1839 2145 1893 dit
2168 1835 2544 1893 differentiam.
2575 1833 2706 1888 Nam
2738 1834 2840 1888 iste
2863 1833 3078 1902 quidem
3099 1840 3384 1897 memorat,
3415 1832 3506 1888 ille
3533 1847 3636 1888 au-

2066 1946 2177 1992 tem
2217 1933 2533 1990 memoriam
2580 1940 2980 1998 commeretur;
3027 1932 3130 1986 iste
3176 1931 3392 2002 quidem
3434 1933 3639 1998 visitat,

2067 2025 2204 2080 alter
2231 2031 2409 2078 autem
2448 2021 2808 2076 visitationem
2839 2035 2960 2075 eam
2991 2005 3374 2085 comineretur,
3421 2020 3640 2075 beatus-

2068 2128 2174 2185 que
2199 2113 2436 2179 dicitur;
2483 2119 2541 2166 et
2585 2111 2688 2166 iste
2715 2110 2931 2180 quidem
2957 2109 3275 2166 beneﬁcium
3314 2111 3491 2166 dando
3541 2111 3642 2164 mi-

2071 2202 2188 2256 nuit
2214 2201 2376 2271 paulo
2403 2201 2580 2254 minus
2601 2199 2668 2253 ab
2697 2199 2922 2268 angelis,
2953 2198 3043 2253 ille
3069 2207 3250 2253 autem
3278 2207 3334 2254 et
3353 2214 3449 2268 per
3478 2200 3641 2254 talem

2072 2293 2422 2347 minutionem
2451 2289 2767 2346 beneﬁcium
2809 2290 3005 2360 accipit
3029 2306 3044 2354 ;
3074 2299 3131 2346 et
3157 2291 3258 2346 iste
3282 2291 3499 2360 quidem
3526 2291 3642 2360 glo-

2074 2384 2150 2438 ria
2202 2392 2258 2437 et
2295 2383 2504 2438 honore
2551 2389 2798 2449 coronat,
2845 2381 2982 2436 alter
3020 2391 3200 2436 autem
3244 2391 3555 2451 coronatur,
3591 2391 3646 2438 et

2074 2481 2363 2544 propterea
2393 2475 2583 2528 beatus
2611 2472 2842 2538 dicitur;
2891 2480 2946 2526 et
2971 2473 3077 2528 iste
3109 2472 3329 2541 quidem
3371 2474 3647 2528 constituit

2078 2563 2249 2634 ipsum
2276 2577 2440 2632 super
2466 2562 2647 2616 omnia
2691 2575 2856 2632 opera
2883 2575 3136 2616 manuum
3182 2561 3319 2630 ejus,
3367 2563 3652 2630 omniaque

2077 2655 2309 2724 subjecit
2347 2654 2446 2708 sub
2486 2653 2711 2722 pedibus
2753 2652 2891 2720 ejus,
2933 2652 3073 2707 alter
3100 2662 3280 2707 autem
3315 2654 3538 2706 meritus
3564 2659 3648 2707 est

2081 2745 2343 2803 dominari
2363 2745 2442 2798 eis
2463 2759 2690 2812 quorum
2711 2753 2867 2798 antea
2893 2759 3001 2798 non
3022 2744 3253 2800 habebat
3273 2751 3650 2816 potestatem.»

2083 2834 2351 2890 Hactenus
2397 2833 2591 2902 impius
2619 2831 2953 2900 Theodorus,
3001 2834 3244 2888 similiter
3287 2842 3448 2904 atque
3491 2848 3651 2889 exse-

2084 2924 2299 2982 crabilis
2325 2924 2553 2994 epistola
2580 2924 2955 2994 blasphemant
2985 2933 3163 2994 aperte
3187 2924 3346 2979 alium
3377 2923 3476 2979 Dei
3507 2923 3642 2978 Ver—

410 3007 568 3064 αὑτόν
589 3011 770 3085 βραχύ
799 3033 850 3066 τι
883 3013 1008 3086 παρ’
1035 3015 1293 3088 ἀγγέλους,
1327 3037 1346 3069 ι
1372 3023 1492 3096 περί
1513 3023 1792 3098 ἀνθρώπου,
1823 3029 1906 3079 καί
1930 3028 1976 3080 οὗ

2083 3015 2210 3072 bum
2238 3029 2388 3084 esse,
2429 3015 2590 3069 alium
2620 3030 2748 3070 vero
2789 3015 3088 3080 Christum;
3127 3030 3262 3084 quos
3304 3031 3403 3070 vos
3444 3015 3646 3082 secuti,

410 3105 530 3174 περὶ
555 3107 646 3156 τοῦ
675 3105 1016 3178 σαρκωθέντος
1043 3115 1169 3162 Θεοῦ
1194 3109 1338 3178 λόγου
1377 3109 1591 3187 εἴρηται·
1621 3119 1699 3168 καί
1722 3139 1801 3170 τοι
1825 3119 1986 3191 έλρῆν

411 3192 548 3264 ὑμᾶς
576 3201 731 3258 νοεῖν,
764 3193 841 3250 ὅτι
862 3203 966 3258 πᾶς
995 3195 1253 3275 ἄνθρωπος
1297 3203 1512 3258 έλάττων
1536 3205 1674 3261 ἐστίν
1704 3215 1802 3262 τῶν
1829 3212 1984 3281 ἀγγέ-

411 3282 528 3351 λων,
560 3284 684 3340 ἀλλά
709 3293 862 3340 τοῦτο
889 3285 1084 3362 εἴρηται
1111 3287 1194 3344 διά
1220 3291 1305 3346 τόν
1331 3303 1565 3364 μονογενῆ
1591 3297 1695 3350 vix)
1721 3305 1812 3352 τοῦ
1834 3307 1982 3352 Θεοῦ.

412 3374 538 3433 Θεὸς
589 3375 686 3447 γάρ
728 3372 794 3429 ὢν
841 3377 1047 3439 ἠξίωσεν
1097 3376 1356 3454 ἄνθρωπος
1383 3383 1612 3454 γενέσθαι
1655 3393 1717 3456 τῇ
1767 3387 1989 3462 ἡμετέρᾳ

415 3465 824 3534 συγκαταϐαίνων
872 3466 1134 3541 άσθενείᾳο
1175 3467 1300 3542 ὅπερ
1357 3475 1442 3525 καί
1475 3471 1500 3525 ὸ
1531 3474 1813 3536 ἀπόστολος
1854 3479 1990 3548 ἡμᾶς

415 3549 640 3606 διδάσκει
659 3552 834 3622 λέγων,
862 3571 880 3602 ε
909 3554 996 3608 τὸν
1017 3553 1068 3609 δέ
1089 3555 1271 3626 βραχύ
1297 3579 1349 3612 τι
1363 3556 1485 3634 παρ’
1502 3561 1744 3631 ἀγγέλους
1765 3563 1990 3622 ἠλαττω-

417 3643 560 3709 μένον
581 3642 826 3712 βλέπομεν
869 3640 1082 3708 Ἰησοῦν,
1113 3643 1194 3700 διά
1220 3648 1278 3701 τὸ
1307 3650 1510 3719 πάθημα
1528 3657 1616 3704 τοῦ
1639 3653 1852 3707 θανάτου
1873 3654 1990 3726 δόξῃ

417 3735 496 3818 καί
532 3739 654 3806 τιμῇ
699 3735 1112 3805 ἐστεφανωμένον.
1137 3755 1155 3787 ε
1188 3739 1244 3790 Ei
1279 3741 1464 3806 τοίνυν,
1501 3743 1571 3802 ὡς
1619 3743 1764 3816 ὑμεῖς
1803 3746 1989 3818 λέγετε,

417 3817 561 3880 ἄλλος
597 3821 734 3874 ἐστίν
778 3829 972 3882 Ἰησοῦς
1016 3822 1041 3878 6
1083 3824 1264 3897 βραχύ
1287 3849 1338 3881 τε
1363 3829 1732 3906 παρ’ἀγγέλους
1758 3817 1994 3894 ἠλαττω-

419 3911 597 3980 μένος,
621 3914 710 3964 καί
751 3907 898 3972 ἄλλος
943 3912 968 3967 6
1007 3921 1100 3968 τοῦ
1147 3923 1270 3970 Θεοῦ
1305 3917 1453 3990 λόγος
1495 3919 1520 3974 ό
1566 3927 1635 3992 μή
1676 3924 1988 3992 ἐλαττωθείς,

419 4001 766 4072 ἀναμφιϐόλως
793 4001 818 4056 ὸ
840 4005 1048 4080 Χριστὸς
1079 4003 1225 4074 ψιλός
1255 4009 1390 4062 ἐστιν
1420 4007 1680 4086 ἄνθρωπος
1707 4014 1734 4068 6
1758 4017 1815 4070 τὸ
1838 4018 1994 4078 πάθος

421 4089 723 4160 ὑπομείνας,
754 4092 890 4146 ὥστε
917 4093 1022 4146 καθ’
1041 4094 1177 4162 ὑμᾶς
1202 4099 1286 4150 καί
1309 4100 1394 4152 τὸν
1419 4100 1694 4156 ἀπόστολον
1717 4102 1995 4172 ψεύδεσθαι

421 4177 645 4252 λέγοντα,
677 4198 696 4230 ε
722 4183 779 4234 Ei
801 4185 901 4255 γὰρ
931 4181 1190 4253 ἔγνωσαν,
1217 4188 1304 4240 οὑκ
1338 4182 1396 4240 ἀν
1423 4189 1507 4242 τὸν
1535 4191 1702 4264 κύριον
1735 4201 1828 4254 τῆς
1853 4193 1997 4258 δόξης

424 4270 782 4346 έσταύρωσαν.
807 4293 824 4322 ι
854 4277 941 4334 Τίς
981 4278 1075 4351 γάρ
1104 4277 1241 4332 ἔστιν
1279 4279 1302 4332 ό
1333 4279 1504 4352 κύριος
1533 4290 1626 4344 τῆς
1661 4283 1824 4349 δόξης,
1856 4287 1900 4338 εἰ
1925 4292 1994 4356 μή

2085 3124 2289 3183 pariter
2315 3115 2602 3184 scripsistis
2646 3115 2822 3170 locum
2853 3116 3000 3170 illum
3029 3157 3044 3184 ,
3084 3114 3316 3169 Minuisti
3343 3132 3458 3170 eum
3493 3115 3658 3185 paulo

2085 3209 2256 3262 minus
2282 3207 2346 3262 ab
2374 3208 2593 3278 angelis,
2616 3206 2683 3261 de
2710 3206 2960 3273 homine,
2993 3208 3214 3262 minime
3241 3215 3420 3263 autem
3449 3207 3518 3262 de
3545 3206 3659 3264 Deo

2091 3295 2266 3352 Verbo
2304 3297 2584 3350 incarnato
2626 3311 2747 3350 esse
2782 3297 3072 3366 prolatum.
3121 3293 3420 3366 Oportebat
3460 3305 3657 3362 autem,

2088 3394 2146 3440 ut
2174 3385 2541 3454 intelligeretis
2587 3399 2802 3439 omnem
2850 3385 3124 3440 hominem
3170 3385 3375 3454 angelis
3403 3399 3523 3441 esse
3556 3385 3655 3438 ﬂii-

2089 3489 2296 3539 norem,
2327 3474 2422 3529 sed
2451 3475 2502 3528 id
2533 3475 2601 3529 de
2631 3475 2904 3544 unigenito
2933 3475 3042 3530 Deo
3079 3475 3260 3531 Verbo
3289 3475 3491 3530 dictum
3519 3491 3656 3542 esse,

2089 3565 2178 3632 qui
2205 3561 2344 3618 Deus
2363 3565 2597 3618 existens
2629 3564 2878 3631 dignatus
2922 3575 3004 3619 est
3043 3566 3208 3620 homo
3239 3566 3375 3634 ﬁeri,
3424 3574 3658 3622 nostram

2089 3655 2192 3710 sibi
2216 3655 2547 3724 conjungens
2575 3655 2959 3720 inﬁrmitatem,
2988 3657 3132 3726 quod
3171 3657 3332 3713 docet
3371 3659 3488 3727 ipse
3517 3659 3659 3728 Apo-

2090 3745 2260 3800 stolus
2287 3747 2505 3801 dicens:
2536 3746 2854 3802 Minoratum
2891 3749 3044 3818 paulo
3084 3751 3253 3804 minus
3275 3749 3340 3803 ab
3362 3750 3560 3821 angelis
3583 3751 3658 3803 vi-

2093 3835 2269 3889 demus
2289 3835 2466 3890 Jesum
2493 3853 2585 3904 per
2616 3839 2908 3906 passionem
2938 3841 3134 3906 mortis,
3183 3840 3352 3912 gloria
3387 3851 3440 3895 et
3473 3842 3662 3896 honore

2096 3937 2420 3983 coronatum.
2470 3927 2528 3983 Si
2555 3929 2758 4000 itaque,
2801 3941 2860 3984 ut
2887 3940 3062 3986 vestra
3092 3939 3177 3986 est
3203 3932 3488 3999 sententia,
3531 3932 3664 3986 alius

2099 4025 2182 4072 est
2209 4016 2364 4073 Iesus
2393 4019 2552 4082 paulo
2590 4019 2766 4074 minus
2810 4021 2878 4074 ab
2917 4021 3120 4088 angelis
3167 4021 3484 4084 minoratus,
3531 4021 3665 4074 alius

2097 4118 2276 4164 autem
2303 4109 2448 4164 Deus
2481 4109 2718 4163 Verbum
2749 4125 2856 4166 non
2886 4111 3236 4176 minoratum,
3279 4110 3466 4180 procul
3504 4109 3665 4164 dubio

2096 4213 2262 4269 purus
2297 4197 2463 4252 homo
2492 4209 2594 4264 est,
2638 4201 2729 4267 qui
2757 4195 3060 4270 passion'em
3105 4201 3376 4268 sustinuit,
3405 4200 3664 4261 Christus,

2098 4287 2432 4357 menda'xque
2476 4288 2614 4344 adeo
2649 4287 2706 4343 ﬁt
2754 4307 2785 4344 a
2813 4292 2967 4346 vobis
2992 4291 3282 4361 Apostolus
3327 4291 3510 4345 dicens
3544 4307 3559 4344 :
3607 4291 3668 4344 Si

425 4361 452 4418 6
475 4363 594 4424 Θεὸς
618 4364 762 4435 λόγος
792 4367 820 4420 ὁ
841 4369 1118 4440 σαρκωθεὶς
1133 4410 1148 4432 ,
1176 4366 1228 4423 ὃν
1249 4371 1294 4425 οἱ
1314 4371 1536 4428 Ἰουδαῖοι
1557 4377 1675 4430 Θεὸν
1699 4373 1820 4432 εἶναι
1847 4381 1967 4450 άγνο

2095 4385 2462 4455 ceguoviuent,
2493 4402 2753 4456 nunquam
2783 4385 3060 4441 Dominum
3089 4388 3269 4458 gloriae
3289 4387 3670 4450 cruci/ixissent

427 4460 600 4516 οῦντες
646 4453 838 4524 ἔλεγον,
865 4474 883 4506 ε
917 4461 1058 4512 Διατί
1091 4461 1158 4512 σὺ
1187 4459 1447 4534 ἅνθρωπος
1475 4463 1542 4518 ῶν
1579 4475 1744 4528 ποιεῖς
1785 4473 1998 4524 σεαυτὸν

425 4543 574 4606 Θεὸνὶ
597 4563 617 4594 ι
634 4541 795 4619 Ὀπερ
821 4548 903 4598 καί
926 4547 952 4598 ὁ
973 4548 1217 4622 ὑμέτερος
1237 4550 1531 4614 διδάσκαλος
1551 4553 1634 4611 διά
1652 4565 1743 4618 τῆς
1767 4565 1994 4633 πονηρᾶς

428 4639 616 4697 ταύτης
665 4637 926 4712 ἑρμηνείας
964 4646 1068 4699 τοῖς
1108 4639 1375 4702 Ἰουδαίοις
1415 4647 1597 4714 μᾶλλον
1632 4649 1992 4718 ἀκολουθήσας,

428 4729 688 4783 κατέναντι
711 4731 804 4783 τοῦ
834 4735 956 4782 Θεοῦ
980 4731 1117 4800 ἡμῶν
1140 4731 1396 4800 έλάλησεν.

502 5004 627 5076 Πρὸς
655 5003 709 5059 δέ
737 5007 1008 5078 βεϐαίωσιν
1037 5016 1136 5064 τῶν
1170 5010 1426 5086 ὑμετέρων
1460 5011 1617 5079 λόγων
1659 5017 1995 5088 προσεθήκατε

433 5101 542 5154 τοῖς
571 5095 849 5164 κεφαλαίοις
897 5100 1038 5168 ὑμῶν
1077 5099 1300 5168 λέγοντες
1341 5103 1397 5153 τό
1437 5103 1690 5174 εἰρημένον
1736 5107 1878 5180 ποιρά
1915 5113 2005 5160 τοῦ

433 5181 720 5239 ἀποστόλου
753 5204 772 5238 ε
801 5185 855 5246 6;
883 5188 932 5242 έν
955 5197 1118 5262 μορφῇ
1141 5195 1267 5242 Θεοῦ
1292 5190 1548 5266 ὑπάρχων
1574 5193 1808 5248 ἐκένωσεν
1835 5194 2004 5250 ἑαυτὸν

435 5280 626 5349 μορφήν
665 5275 841 5333 δούλου
877 5279 1042 5332 λαϐὼν
1069 5296 1088 5330 ε
1116 5277 1350 5352 συνᾴδειν
1385 5288 1450 5356 τῇ
1479 5281 1700 5356 ὑμετέρᾳ
1743 5283 2008 5356 ἐρμηνείξ,

435 5373 524 5425 καί
547 5373 616 5440 μή
637 5371 756 5440 περὶ
779 5376 870 5424 τοῦ
893 5376 1022 5424 Θεοῦ
1045 5371 1194 5444 λόγου
1225 5375 1584 5450 σαρκωθέντος,
1613 5376 1739 5432 ἀλλά
1765 5380 1884 5449 περί
1917 5379 2009 5433 άν-

431 5464 637 5540 ὗρώπου
664 5461 806 5532 μόνον
833 5465 1074 5538 εἰρῆσθαι.
1102 5463 1242 5519 Ἀλλά
1265 5468 1312 5520 ει
1336 5467 1418 5522 καί
1455 5468 1604 5538 ὑμεῖς
1639 5475 1700 5542 τῇ
1737 5474 1834 5523 τῶν
1861 5467 2004 5544 αίρε·

434 5561 586 5611 τικῶν
617 5555 702 5606 καί
720 5553 952 5624 ἐντούτῳ
975 5555 1361 5616 ἀκολουθοῦντες
1392 5556 1569 5630 πλάνη,
1601 5561 1718 5630 περί
1740 5558 2004 5628 ἀνθρώπου

443 5648 522 5701 τόν
559 5643 836 5702 ἀπόστολον
878 5646 1124 5722 εἰρηκέναι
1169 5645 1607 5713 διαϐεϐαιοῦσθαι,
1647 5645 1724 5702 ὅτι
1767 5646 2005 5702 ἐκένωσεν

2107 4473 2162 4543 (1
2183 4474 2304 4528 Cor.
2335 4490 2390 4538 ιι,
2429 4473 2506 4545 8).
2547 4473 2678 4540 Quis
2723 4475 2866 4530 enim
2916 4477 3174 4532 Dominus
3219 4485 3304 4530 est
3345 4476 3530 4542 gloria:
3573 4475 3672 4530 nisi

2103 4563 2243 4618 Deus
2269 4563 2498 4620 Verbum
2545 4565 2897 4628 incarnatum,
2949 4581 3106 4635 quem
3135 4565 3303 4621 Judrei
3345 4567 3515 4620 Deum
3557 4581 3674 4620 esse

2102 4661 2360 4722 negantes
2388 4655 2740 4724 increpabant
2767 4656 2909 4712 :Cur
2933 4665 2986 4708 tu
3014 4656 3164 4710 homo
3193 4673 3308 4710 cum
3344 4657 3437 4719 εέε,
3468 4657 3601 4727 [πίε
3627 4662 3678 4710 te

2098 4750 2269 4822 ipsum
2293 4749 2460 4805 Deam
2491 4749 2673 4820 (Ioan.
2704 4767 2758 4815 ι,
2786 4751 2922 4821 35)?
2951 4751 3102 4818 Quod
3133 4753 3308 4822 ipsum
3342 4753 3505 4807 etiam
3535 4767 3677 4822 pne-

2093 4848 2296 4910 ceptor
2323 4851 2500 4896 vester
2525 4840 2734 4898 Judteos
2763 4843 2922 4912 impia
2951 4859 3016 4898 ea
3048 4842 3494 4913 interpretatione
3527 4859 3682 4901 secu-

2103 4939 2208 4990 tus.
2238 4930 2441 4999 pariter
2469 4941 2806 4988 commentus
2834 4941 2938 4986 est.

2177 5021 2250 5076 Ut
2275 5037 2404 5078 vero
2457 5023 2752 5078 sententias
2803 5023 3082 5094 przedictas
3135 5027 3463 5094 argumentis
3489 5023 3686 5080 conﬁr-

2109 5111 2347 5173 maretis,
2379 5111 2578 5166 dictum
2611 5112 3017 5193 illndOApostoli
3045 5115 3307 5184 capitibus
3333 5116 3527 5170 vestris
3555 5131 3684 5183 pro-

2111 5202 2392 5270 posuistis:
2421 5201 2520 5266 Qui
2547 5221 2660 5257 cum
2687 5205 2742 5259 in
2773 5207 2943 5275 {arma
2970 5205 3071 5260 Dei
3108 5217 3260 5272 esset,
3291 5207 3574 5262 exinanivit
3601 5223 3686 5260 ω-

2109 5293 2381 5362 metipsum
2403 5295 2624 5364 formam
2650 5297 2786 5350 servi
2801 5297 3063 5366 accipiens
3092 5297 3310 5368 (Phﬂip.
3337 5315 3392 5360 Il,
3421 5301 3502 5368 6),
3536 5313 3689 5368 egre-

2110 5381 2197 5447 gie
2225 5397 2347 5436 cum
2390 5385 2728 5453 expositione
2769 5395 2946 5441 vestra
2993 5388 3302 5452 convenire,
3356 5405 3422 5444 ac
3459 5404 3566 5444 non
3620 5389 3689 5443 de

2114 5467 2290 5525 Verbo
2318 5470 2428 5526 Deo
2457 5472 2757 5536 incarnato,
2782 5474 2879 5530 sed
2917 5474 2986 5530 de
3012 5491 3147 5546 puro
3175 5475 3393 5532 homine
3415 5477 3591 5534 solum
3619 5475 3693 5532 ibi

2113 5572 2234 5613 esse
2259 5574 2584 5616 sermonem.
2614 5560 2694 5617 Ac
2719 5576 3023 5634 quanquam
3052 5579 3151 5619 vos
3171 5565 3314 5620 circa
3342 5563 3396 5619 id
3425 5563 3583 5618 etiam
3604 5578 3696 5618 se-

2109 5648 2238 5704 ctati
2267 5649 2639 5708 haareticorum
2666 5667 2926 5720 errorem,
2957 5655 3024 5712 de
3077 5656 3295 5714 homine
3346 5658 3697 5714 contendatis
