3994 6140
311 304 451 366 1065

1068 292 1432 362 EPISTOLA
1469 276 1868 365 ADVERSUS
1899 298 2383 366 THEODORUM
2421 296 2838 367 MOPSUEST.

3408 296 3547 372 1066

305 434 505 500 inn-6v,
533 432 669 498 ὅμως
711 438 839 489 πᾶσι
862 441 964 494 τοῖς
993 432 1271 505 ὸρθοδόξοις
1302 430 1443 492 δῆλόν
1478 435 1644 499 ἐστιν,
1678 433 1705 485 ὁ
1731 433 1865 488 ἀπὸ·

1993 438 2206 488 ocutum
2234 446 2352 487 esse
2371 418 2685 502 Apostolum
2704 433 2987 502 dicentem,
3016 435 3161 505 quod
3184 445 3533 511 semetipsum

304 523 487 588 στολος
540 520 691 577 αὐτὸν
741 521 824 574 τὸν
871 522 993 575 Θεὸν
1039 520 1181 593 λόγον
1231 522 1410 575 ἑαυτὸν
1459 523 1669 577 κενῶσαι
1709 542 1875 593 φησιν,

1979 522 2288 587 exinanivit,
2345 521 2511 578 nihilo
2541 530 2718 579 tamen
2761 524 2936 580 secius
2980 526 3318 596 exploratum
3346 528 3536 583 catho-

302 611 479 669 έπειδὴ
525 612 575 666 έν
617 619 791 686 μορφῇ
820 617 948 666 Θεοῦ
976 612 1257 688 ὑπάρχων,
1297 612 1560 666 τουτέστιν
1598 612 1647 665 έν
1681 619 1744 685 τῇ
1772 612 1879 686 θείᾳ

1993 610 2093 665 :icis
2114 610 2360 666 omnibus
2386 619 2487 678 est,
2519 611 2830 681 Apostolum
2859 615 2926 670 de
2951 615 3068 684 ipso
3108 614 3220 671 Dea
3242 614 3423 671 Verbo
3450 616 3535 671 sui

306 703 480 772 ςύσει,
510 704 721 764 ἠξίωσεν
757 706 948 775 μορφήν
976 699 1156 754 δούλου
1180 700 1384 773 λαϐεῖν’
1429 701 1461 758 ἡ
1505 699 1560 756 δέ
1598 705 1760 773 μορφή
1783 707 1873 756 τοῦ

302 792 483 847 δούλου
511 797 602 851 τήν
628 793 936 865 ἀνθρωπίνην
957 793 1103 862 φύσιν
1132 792 1362 861 σημαίνει
1383 830 1394 851 .
1425 791 1481 848 ἦν
1516 791 1565 843 έν
1594 798 1657 865 τῇ
1687 793 1876 866 γαστρί

1993 790 2072 845 Dei
2095 799 2255 856 esset,
2282 791 2337 845 in
2364 791 2541 845 divina
2582 791 2785 847 scilicet
2812 804 3023 860 natura,
3046 794 3289 862 dignatus
3319 802 3404 850 est
3425 793 3537 850 fur-
3642 831 3645 834 ν

1980 700 2145 770 ipsius
2169 702 2581 757 exinanitionem
2608 702 2822 770 docere,
2856 705 3107 772 quoniam
3134 720 3258 760 cum
3286 705 3338 760 iu
3367 704 3537 761 forma

302 889 393 941 τῆς
418 882 699 955 παρθένου,
745 883 831 935 καί
855 880 906 944 έξ
940 882 1095 939 αὐτῆς
1121 888 1183 954 τῇ
1220 878 1323 952 ἰδίᾳ
1360 880 1644 935 ὑποστάσει
1683 878 1710 934 6
1751 880 1874 940 Θεὸς

1993 895 2118 934 nam
2140 880 2281 935 servi
2304 878 2572 948 accipere:
2595 878 2764 933 forma
2792 895 2952 949 parra
2973 882 3113 937 servi
3135 884 3422 939 humanam
3445 892 3536 936 ua.

303 971 450 1043 λόγος
473 972 683 1028 ἥνωσεν.
724 973 826 1025 Καὶ
861 973 917 1024 οῦ
947 969 1409 1046 προδιαπλασθέντι
1436 972 1672 1044 ἀνθρώπῳ
1693 972 1870 1036 ἦνώθη,

1974 979 2149 1024 turam
2175 968 2459 1038 significat,
2504 983 2662 1037 quam
2697 984 2765 1023 ex
2790 969 3042 1038 Virginea
3096 980 3249 1029 utero
3277 982 3436 1042 atque
3465 987 3534 1029 ex

303 1062 524 1136 καθάπερ
550 1062 582 1119 ri
600 1064 873 1133 Νεστορίου
902 1064 990 1115 καὶ
1014 1059 1272 1138 Θεοδώρου
1299 1060 1643 1134 παραδέδωκεν
1668 1062 1874 1118 ἀσέϐεια

1993 1062 2188 1131 irapria
2231 1059 2569 1115 subsistentia
2598 1059 2739 1148 Deus
2782 1058 3031 1123 Verbum
3055 1061 3154 1115 sibi
3183 1062 3447 1131 perfecit:
3479 1074 3536 1118 et

302 1159 406 1211 τοῖς
449 1153 802 1207 ἀκολουθοῦσιν
830 1153 1018 1211 αὐτοῖς.
1048 1151 1313 1225 Νεστὸριος
1461 1153 1562 1226 γὰρ
1597 1151 1727 1219 λέγει
1746 1192 1760 1216 ,
1794 1148 1877 1207 ὅτι

1993 1167 2086 1206 non
2107 1150 2252 1220 prius
2271 1150 2533 1220 plasmata
2554 1148 2755 1203 homini
2778 1148 3107 1205 extrinsecus
3126 1150 3340 1221 adjecit,
3355 1163 3538 1221 quent-

307 1246 336 1299 ὀ
361 1247 482 1305 Θεὸς
504 1245 646 1317 λόγος
675 1253 828 1303 συνῆν
855 1254 925 1317 τῷ
952 1246 1194 1319 ἀνθρώπῳ
1221 1250 1295 1316 τῷ
1323 1244 1376 1297 ἐκ
1402 1249 1597 1318 Μαρίας
1617 1244 1872 1314 τεχθέντι.

303 1335 562 1410 Θεόδωρος
591 1334 644 1391 δέ
669 1336 799 1408 λέγει
828 1332 949 1405 [ὅτι]
974 1337 1080 1393 ἐνῆν
1105 1336 1173 1393 ὦς
1201 1335 1328 1394 εἰκὸς
1350 1340 1422 1403 τῷ
1442 1334 1692 1403 τεχθέντι.

1978 1238 2261 1294 admodum
2291 1237 2450 1306 impia
2479 1236 2707 1292 Nestorii
2734 1236 2777 1289 Τ
2779 1236 3107 1306 heodorique
3134 1236 3406 1308 disciplina
3435 1251 3537 1296 tra-

1976 1317 2147 1372 ditum
2172 1325 2276 1375 est.
2299 1318 2478 1388 inquit
2502 1318 2646 1371 enim
2665 1315 2948 1372 Nestorius
2973 1316 3136 1371 Deum
3161 1311 3392 1370 Verbum
3410 1329 3534 1377 esse

1977 1409 2137 1462 simul
2163 1424 2283 1462 cum
2312 1423 2376 1462 eo
2403 1408 2619 1462 homine
2641 1408 2730 1477 qui
2748 1421 2810 1460 ex
2840 1406 3006 1460 Maria
3029 1407 3206 1462 editus
3229 1414 3338 1462 est:
3359 1406 3537 1464 Theo-

306 1514 468 1569 dorus
487 1522 839 1582 autem,quoo
860 1512 909 1567 ei
932 1528 997 1566 ex
1025 1511 1190 1567 Maria
1217 1512 1360 1567 edito
1382 1511 1574 1578 inerat,
1590 1516 1648 1564 ut
1668 1509 1857 1575 simile,
1897 1504 2278 1577 pronuntiavit.
3256 1582 3261 1587 τ
3508 1586 3509 1589 η

377 1603 490 1661 Ὀτι
529 1604 583 1661 δέ
611 1609 729 1681 περὶ
749 1612 840 1659 τοῦ
878 1611 1006 1660 Θεοῦ
1205 1612 1293 1659 τοῦ
1322 1604 1662 1678 σαρκωθέντος
1683 1600 1876 1675 ὄρηται

2046 1595 2200 1661 Quod
2242 1602 2421 1649 autem
2466 1595 2534 1648 de
2560 1594 2671 1649 Deo
2698 1594 2875 1650 Verbo
2933 1595 3210 1649 incarnato
3236 1592 3440 1649 dictum
3474 1593 3542 1648 sit

310 1694 396 1758 τὸ,
433 1710 451 1744 ι
479 1692 779 1753 ἠλάττωσας
810 1691 960 1748 αὑτὸν
989 1693 1170 1767 βραχύ
1217 1716 1265 1748 τι
1293 1692 1419 1767 παρ’
1445 1692 1712 1763 ἀγγέλους,
1744 1706 1762 1740 t
1794 1692 1880 1742 καί

1993 1685 2107 1740 illud
2141 1704 2160 1737 ι
2182 1685 2415 1740 Minuisti
2444 1700 2566 1740 eum
2588 1687 2747 1755 paulo
2774 1687 2950 1741 minus
2969 1687 3036 1740 ab
3057 1684 3281 1753 angelis,
3302 1703 3320 1736 ι
3354 1692 3539 1754 atque,

313 1802 332 1836 ε
352 1786 584 1840 ἐκένωσεν
599 1786 775 1841 ἑαυτὸν
792 1790 980 1858 μορφήν
1002 1784 1175 1838 δούλου
1190 1784 1377 1847 λαϐὼν,
1401 1800 1418 1833 t
1444 1786 1528 1837 καί
1547 1784 1596 1845 έξ
1618 1780 1773 1835 ἄλλων
1789 1782 1875 1856 ρη-

1986 1796 2003 1827 ι
2022 1775 2676 1845 Exinanivitsemetipsum
2699 1776 2922 1832 formam
2936 1778 3073 1832 servi
3087 1776 3375 1845 accipiens,
3395 1794 3413 1827 ι
3434 1775 3540 1831 alio

312 1875 478 1943 μάτων
508 1880 598 1928 τοῦ
636 1874 921 1927 ἀποστόλου
958 1871 1289 1940 διδασκόμεθα
1325 1872 1456 1926 οὕτω
1474 1872 1715 1940 λέγοντος*
1750 1885 1769 1918 ι
1789 1879 1875 1924 Γι-

1993 1866 2221 1935 Apostoli
2270 1866 2392 1921 loco
2430 1867 2684 1922 docemur
2728 1869 2796 1922 de
2822 1868 2938 1937 ipso
2966 1868 3232 1923 dicentis:
3269 1885 3291 1920 ι
3324 1868 3541 1935 Cogno-

313 1964 521 2016 νῶσκετε
544 1964 760 2035 γάρτήν
787 1963 941 2038 χάριν
961 1968 1052 2014 τοῦ
1073 1963 1245 2034 κυρίου
1271 1963 1409 2032 ἡμῶν
1434 1957 1600 2016 Ἰησοῦ
1626 1964 1872 2032 Χριστοῦ,

313 2051 388 2106 ὅτι
415 2049 477 2106 δι’
497 2054 630 2122 ἡμᾶς
650 2052 978 2120 έπτώχευσεν
1008 2050 1250 2110 πλούσιος
1279 2047 1361 2111 ὢν,
1391 2050 1478 2102 ἵνα.
1501 2050 1640 2117 ἡμεῖς
1666 2055 1729 2118 τῇ
1758 2048 1879 2100 ἐκεί⁴

315 2160 398 2193 νου
425 2142 661 2213 πτωχείᾳ
688 2139 1064 2208 πληυτὰσωμεν.
1097 2155 1117 2190 ι
1150 2142 1233 2198 Τίς
1258 2140 1421 2192 τοίνυν
1439 2138 1675 2206 τολμήσει
1703 2137 1877 2208 λέγειν,

315 2225 391 2282 ὅτι
418 2226 675 2302 ἄνθρωπος
714 2228 961 2288 πλούσιος
999 2225 1057 2286 ἧν
1076 2266 1091 2292 ,
1121 2231 1206 2281 καί
1233 2228 1565 2297 ἐπτώχευσεν
1584 2268 1597 2291 ,
1625 2227 1707 2280 ἶνα
1747 2228 1880 2294 ἡμᾶς

314 2318 601 2389 πλουτήσῃ;
631 2315 845 2375 Ἐπειδὴ.
866 2315 920 2370 δέ
959 2316 1124 2387 λέγετε
1143 2357 1159 2383 ,
1197 2314 1275 2370 ὅτι
1316 2314 1366 2369 εἴ
1395 2336 1473 2374 τις
1501 2313 1614 2384 εἴπῃ
1643 2316 1759 2387 περὶ
1790 2321 1877 2368 τοῦ

315 2406 652 2481 σαρκωθέντος
680 2413 807 2459 Θεοῦ
841 2405 987 2476 λόγου
1016 2411 1105 2460 τοῦ
1146 2409 1440 2475 μονογενοῦς
1465 2403 1576 2457 υίοῦ
1610 2410 1700 2457 τοῦ
1728 2408 1877 2468 Θεοῦ,

316 2490 400 2546 ὅτι
424 2493 572 2553 αὐτὸς
596 2493 873 2558 ἠλαττώθη,
895 2492 926 2551 ἣ
948 2493 1177 2555 έκενώθη,
1198 2497 1389 2566 τροπὴν
1417 2498 1507 2550 τῆς
1527 2490 1658 2551 θείας
1686 2492 1882 2560 φύσεως

320 2588 451 2634 ποιεῖ
492 2582 621 2635 κατά
646 2586 735 2639 τήν
760 2578 1096 2657 ’Δπολιναρίου
1125 2582 1380 2647 ἀσέϐειαν,
1407 2579 1438 2639 ἦ
1460 2584 1677 2639 παθητὴν
1698 2582 1887 2654 εἰσάγει

321 2676 410 2728 τήν
428 2672 637 2728 θεὸτητει
657 2674 787 2728 κατά
813 2677 903 2731 τὴν
921 2670 1107 2748 ’Δρείου
1134 2676 1338 2743 μανίαν,
1370 2670 1574 2745 ἁρμόζει
1602 2673 1729 2747 πρὸς
1751 2673 1887 2742 ὑμᾶς

322 2761 404 2816 τὸν
423 2762 730 2835 εὖαγγελικὸν
748 2764 926 2817 ἐκεῖνον
938 2763 1078 2836 λόγον
1097 2765 1277 2818 εἰπεῖν·
1307 2780 1324 2813 ι
1344 2764 1588 2818 Πλανᾶσθε
1610 2769 1677 2833 μή
1699 2763 1884 2825 εἰδότες

322 2850 414 2909 τὰς
441 2854 662 2928 γραφάς,
707 2850 831 2921 μηδὲ
858 2858 946 2911 τήν
982 2849 1188 2924 δύναμιν
1223 2858 1313 2907 τοῦ
1344 2858 1470 2906 Θεοῦ
1492 2854 1830 2923 ἐπιστάμενοι.
1860 2870 1879 2905 s

1983 1955 2120 2009 scite
2164 1955 2387 2022 gratiam
2432 1955 2642 2010 Domini
2672 1957 2841 2011 nostri
2875 1955 2999 2011 Jesu
3046 1954 3259 2021 Christi,
3290 1957 3541 2024 quoniam

1980 2058 2102 2119 eum
2127 2043 2275 2099 dives
2323 2052 2484 2103 esset.
2524 2053 2743 2115 propter
2785 2060 2884 2100 nos
2928 2059 3128 2113 egenus
3153 2045 3326 2099 factus
3352 2052 3455 2112 est,
3485 2051 3544 2099 ut

1984 2146 2082 2186 nos
2128 2131 2244 2200 ejus
2287 2132 2465 2201 inopia
2505 2132 2696 2186 divites
2722 2147 2959 2187 essemus
2989 2131 3076 2202 (II
3102 2133 3220 2187 Car.
3267 2143 3372 2196 vm,
3402 2132 3479 2202 9).
3519 2151 3538 2184 ι

1984 2221 2113 2288 Quis
2134 2230 2315 2276 autem
2334 2221 2513 2277 dicere
2534 2220 2727 2276 audeat
2753 2221 3022 2275 hominem
3044 2222 3260 2276 divitem
3291 2221 3471 2290 fuisse,
3492 2233 3546 2278 et

1983 2325 2209 2381 egenum
2257 2310 2453 2366 factum
2504 2325 2641 2378 esse,
2694 2319 2751 2366 ut
2779 2323 2878 2366 nos
2905 2310 3284 2381 locupletaret?
3305 2310 3546 2382 Cumque

1982 2415 2168 2455 rursus
2191 2400 2378 2455 dicatis
2406 2414 2527 2454 eum
2572 2400 2661 2467 qui
2683 2399 2751 2455 de
2779 2400 3053 2454 incarnata
3074 2398 3183 2453 Deo
3211 2398 3406 2465 Verbo,
3429 2401 3546 2455 uni-

1985 2491 2268 2560 genitoque
2311 2488 2419 2555 Dei,
2442 2488 2580 2544 Filio
2619 2488 2847 2543 affirmet
2872 2489 3193 2542 minaratum
3222 2502 3340 2543 esse
3370 2489 3544 2557 ipsum

1986 2586 2146 2648 atque
2189 2577 2537 2642 exinanitum,
2569 2577 2972 2631 conversionem
3002 2575 3193 2630 divina
3224 2583 3430 2630 natura:
3465 2577 3547 2632 inv

1986 2669 2182 2724 ducere
2203 2667 2359 2737 juxta
2385 2667 2701 2737 Apollinarii
2747 2667 3094 2738 impietatem,
3131 2665 3217 2721 vel
3257 2667 3549 2725 secundmn

1989 2760 2099 2814 Arii
2127 2775 2364 2816 errorem
2392 2758 2725 2815 divinitatem
2770 2758 3073 2828 passibilem
3102 2759 3299 2829 facere,
3336 2761 3548 2831 egregie

1992 2848 2246 2905 adversus
2269 2862 2365 2903 vos
2409 2847 2639 2916 quadrat
2684 2846 2987 2914 evangelica
3028 2849 3293 2902 sententia
3320 2848 3503 2905 dicens
3526 2863 3547 2905 ι

325 2941 384 2993 τί
409 2941 503 3014 γάρ
540 2942 690 2994 εἰπεῖν
731 2939 880 3010 ἴχετε
911 2943 1030 3015 περί
1057 2947 1149 2996 τοῦ
1192 2941 1423 3017 ῥηθέντος
1449 2937 1552 2995 ὑπὸ
1590 2947 1679 2996 τοῦ
1711 2944 1886 3018 κυρίου

1993 2939 2193 2994 Erratis
2219 2977 2235 3005 ,
2286 2940 2564 2993 nescientes
2609 2937 2915 3008 'Scripturas
2967 2955 3127 3011 neque
3176 2941 3411 2995 virtutem
3452 2939 3554 3000 Dei
3591 2987 3598 2995 .

331 3046 351 3078 ι
384 3027 462 3085 ὅτι
487 3028 644 3089 οὐδείς
673 3031 978 3089 ἀναϐέϐηκεν
1005 3032 1077 3090 εἰς
1103 3030 1188 3084 τὸν
1218 3032 1457 3103 οὐρανὸν,
1489 3032 1532 3084 si
1562 3034 1631 3100 μή
1661 3028 1686 3085 6
1720 3032 1773 3085 ἔκ
1799 3036 1888 3085 τοῦ

327 3119 541 3191 οὐρανοῦ
562 3119 805 3182 καταϐάς,
832 3119 857 3173 6
884 3120 995 3180 υίὸς
1022 3125 1113 3174 τοῦ
1141 3120 1408 3193 ἀνθρώπου
1431 3118 1456 3172 6
1480 3117 1618 3186 ὣνέν
1637 3126 1708 3187 τῷ
1734 3121 1890 3192 οὖρα-

329 3214 418 3278 νῷ;
438 3226 456 3258 s
480 3211 557 3264 Mr}
578 3204 838 3279 ἄνθρωπον
855 3207 1022 3279 λέγετε
1064 3206 1458 3264 καταϐεϐηκέναι
1477 3207 1532 3260 έκ
1548 3212 1637 3260 τοῦ
1659 3208 1899 3281 adpraei;

330 3294 454 3348 ἀλλά
480 3293 721 3367 πρόδηλον
762 3292 843 3349 ὅτι
885 3296 1037 3354 αὐτὸς
1077 3292 1103 3348 6
1134 3295 1256 3353 Θεὸς
1279 3294 1420 3364 λόγος
1452 3296 1682 3349 ἐκένωσεν
1717 3294 1893 3351 ίαυτῦν

332 3384 390 3436 ix
418 3388 516 3436 τῶν
542 3384 762 3456 οὐρανῶν
791 3383 1062 3448 κατελθὼν,
1089 3384 1175 3436 καί
1201 3383 1475 3457 σαρκωθείς
1501 3384 1602 3437 ἀπὸ

334 3472 569 3526 θεοτὸκου
620 3475 705 3526 καί
739 3473 1059 3547 ἀειπαρθένου
1095 3475 1317 3547 Μαρίας,
1372 3476 1451 3527 καί
1490 3475 1894 3550 ένανθρωπήσας,

336 3561 419 3614 καί
444 3560 644 3629 τεχθεὶς
676 3563 728 3624 έξ
751 3565 937 3625 αὐτῆς,
982 3565 1064 3617 καί
1090 3560 1116 3617 6
1151 3561 1374 3623 καταϐάς
1398 3565 1548 3624 αὐτός
1587 3565 1727 3621 ἔστιν
1762 3571 1847 3623 καὶ
1870 3566 1898 3623 6

335 3652 546 3714 ἀναϐὰς,
574 3654 658 3705 καί
697 3655 850 3708 αὑτοῦ
882 3652 1078 3726 λέγεται
1116 3655 1147 3712 ri
1175 3654 1478 3722 ἐλάττωσις,
1505 3657 1592 3710 καί
1625 3657 1656 3712 ri
1689 3657 1895 3719 κένωσις

336 3737 419 3795 διὰ
444 3745 531 3800 τὴν
549 3743 847 3800 κατάϐασιν.

1991 3027 2203 3100 (Matth.
2224 3042 2356 3095 χιιι,
2378 3027 2487 3096 23).
2519 3025 2654 3093 Quid
2674 3028 2816 3082 enim
2843 3028 2995 3083 vobis
3017 3030 3300 3097 supererit,
3324 3038 3385 3084 ut
3408 3029 3558 3086 dica-

1992 3122 2079 3186 tis,
2110 3120 2177 3175 de
2197 3134 2265 3176 eo
2291 3118 2433 3188 quod
2463 3118 2664 3174 dictum
2691 3128 2777 3174 est
2801 3134 2834 3175 a
2855 3120 3101 3185 Domino,
3134 3116 3303 3176 Nemo
3325 3122 3560 3175 ucendtt

1993 3213 2049 3265 in
2068 3209 2266 3275 caelum,
2286 3211 2386 3264 nisi
2405 3209 2491 3279 qui
2506 3209 2763 3265 descendit
2782 3210 2846 3264 de
2865 3210 3008 3276 calo,
3026 3209 3193 3266 Filius
3215 3211 3457 3278 hominis,
3469 3211 3561 3284 qui

1996 3301 2150 3356 estin
2177 3300 2302 3355 calo
2356 3298 2530 3371 (Joan.
2582 3312 2661 3362 ιιι,
2707 3297 2835 3361 13))
2868 3298 2987 3354 Νοιι
3040 3290 3306 3355 Ιιοιιιίιιὸιιι
3335 3300 3464 3356 dicit
3488 3302 3556 3358 de

1999 3392 2138 3449 caelo
2183 3389 2547 3459 descendisse,
2598 3388 2696 3445 sed
2740 3388 3138 3447 evidentissima
3165 3391 3355 3446 astruit
3390 3390 3555 3448 Deum

1999 3483 2233 3539 Verbum
2256 3497 2377 3538 eum
2406 3497 2524 3538 esse
2542 3483 2634 3552 qui
2654 3482 3001 3552 semetipsmu
3025 3482 3333 3548 exinanivit,
3363 3482 3455 3551 qui
3475 3482 3572 3541 de-

2000 3571 2208 3629 scendit
2233 3571 2301 3627 de
2326 3572 2486 3639 cmlo,
2515 3580 2569 3626 et
2592 3574 2897 3628 incarnatus
2922 3576 3004 3627 est
3027 3586 3094 3627 ex
3121 3578 3308 3626 sancta
3335 3571 3557 3644 Deipsrs

1999 3677 2315 3734 semperque
2361 3662 2566 3731 virgine
2606 3661 2796 3728 Maria,
2823 3669 2880 3718 et
2919 3665 3081 3721 homo
3107 3661 3276 3720 factus
3294 3672 3395 3730 est,
3417 3672 3473 3720 et
3494 3678 3564 3722 ex

1998 3752 2113 3822 ipsa
2138 3760 2311 3819 natus,
2327 3758 2381 3806 et
2399 3751 2446 3807 is
2471 3751 2561 3822 qui
2584 3750 2860 3809 descendit
2883 3751 2974 3807 ille
2993 3752 3133 3809 idem
3153 3760 3234 3809 est
3261 3754 3351 3823 qui
3378 3768 3556 3811 ascen-

2000 3841 2098 3906 dit,
2146 3843 2232 3896 cui
2278 3842 2348 3897 ob
2374 3840 2778 3899 descensionem
2829 3840 3122 3899 exinanitio
3172 3842 3562 3913 minantiaun

2005 3930 2327 3986 tribuuntur.

410 4010 602 4077 ἐπιιὸή
630 4013 683 4072 δέ
724 4018 808 4070 καὶ
848 4012 900 4071 έν
1104 4014 1242 4087 τόπῳ
1277 4010 1414 4070 εἶπεν
1445 4004 1471 4070 6
1511 4006 1682 4090 κύριος
1716 4008 1765 4069 iv
1788 4023 1889 4077 τοῖς

2067 4025 2287 4081 Dicente
2313 4026 2477 4081 etiam
2505 4027 2626 4083 alibi
2648 4041 2861 4098 quoque
2884 4027 3113 4085 Domino
3141 4027 3196 4084 in
3224 4021 3556 4098 Evange‘liis:

308 4142 313 4148 ο
341 4107 663 4179 εὐαγγελίας,
692 4123 711 4156 ε
739 4104 815 4161 ὅτι
835 4110 861 4159 ὅ
879 4111 1050 4182 πατήρ
1071 4126 1168 4177 μου
1188 4107 1368 4175 μείζων
1389 4126 1483 4176 μου
1505 4106 1634 4172 έστι,
1659 4123 1678 4157 s
1705 4111 1773 4175 μὴ
1796 4100 1898 4180 ἆρα

343 4189 597 4269 ἕνθρωπὸν
618 4216 726 4250 τινα
754 4197 865 4264 περὶ
893 4197 1050 4249 αὐτοῦ
1080 4199 1245 4252 ταῦτα
1276 4195 1519 4267 εἰρηκέναι
1542 4196 1760 4264 νομίζετε
1776 4235 1792 4262 ,
1817 4200 1900 4255 καί

341 4287 467 4355 οὐχί
496 4286 578 4340 τὸν
608 4287 731 4345 Θεὸν
755 4286 898 4359 λόγον
924 4287 1008 4341 τὸν
1033 4288 1512 4363 ένανθρωπησαντας
1542 4287 1667 4342 ἀλλά
1693 4289 1900 4361 φανερόν

344 4376 501 4441 ἔστιν,
519 4374 597 4431 ὅτι
610 4375 637 4431 6
656 4379 826 4442 εἰπὼν,
851 4394 869 4427 ι
890 4377 1091 4454 ὸπατήρ
1110 4399 1208 4447 μου
1229 4380 1407 4447 μείζων
1421 4376 1518 4448 μού
1533 4377 1685 4443 έστιν,
1707 4396 1728 4430 s
1748 4382 1901 4439 αὐτὲι-

344 4458 500 4529 εἶπεν,
522 4480 543 4514 ε
562 4464 657 4535 8γώ
674 4467 757 4519 καί
775 4464 801 4518 6
820 4470 989 4542 πατὴρ
1007 4466 1057 4519 έν
1078 4467 1249 4535 ἐσμεν.
1275 4483 1295 4516 s
1323 4463 1442 4518 ⁹Δλλ⁹
1457 4466 1505 4520 έν
1519 4471 1608 4538 μέν
1627 4475 1699 4540 τῷ
1716 4470 1893 4537 εἰπεῖν,

348 4573 367 4607 ι
386 4558 486 4627 ἐγὼ
512 4560 598 4611 καί
625 4557 650 4612 6
670 4563 837 4630 πατὴρ
857 4558 907 4610 έν
924 4558 1095 4627 έσμιν,
1119 4573 1137 4607 ι
1160 4562 1247 4615 τὴν
1271 4558 1498 4623 ἰσότητα,
1520 4561 1579 4619 ἢν
1605 4561 1754 4619 αὐτὸς
1775 4557 1807 4613 i'
1807 4579 1897 4629 χει

340 4646 472 4719 πρὸς
507 4647 593 4701 τὸν
611 4647 817 4719 πατέρα
844 4649 969 4701 κατὰ
995 4650 1085 4704 τήν
1111 4646 1244 4700 θείαν
1280 4649 1429 4718 φύσιν
1469 4647 1624 4707 δηλοῖ.
1646 4654 1723 4700 Ὲν
1751 4646 1803 4701 δέ
1825 4654 1899 4717 τῷ

341 4735 497 4809 λέγειν
508 4737 590 4791 τὸν
607 4737 777 4799 αὐτὸν,
801 4753 819 4784 ι
840 4735 1052 4809 ὸπατήρ
1067 4756 1166 4805 μου
1191 4739 1369 4807 μείζων
1388 4744 1485 4807 μού
1511 4740 1669 4795 έστιν.
1689 4754 1707 4784 ι
1728 4740 1817 4794 τὴν
1836 4733 1899 4789 δι’

341 4827 473 4897 ἡμᾶς
513 4827 831 4895 οἰκονομικῶς
862 4826 1118 4896 γενομένην
1155 4826 1427 4881 έλάττωσιν
1453 4825 1604 4886 δηλοῖ.
1637 4828 1896 4901 Ἑκάτερον

341 4915 418 4981 δέ,
445 4920 526 4971 και
550 4919 579 4975 ἠ
601 4916 784 4974 ἰσότης-
809 4918 890 4969 καί
923 4917 954 4973 ἡ
985 4916 1276 4983 ἐλάττωσις,
1304 4920 1422 4991 περί
1444 4919 1546 4979 ένὸς
1573 4921 1656 4973 καί
1681 4924 1770 4973 τοῦ
1800 4918 1895 4971 αὖ·

340 5011 430 5060 τοῦ
457 5009 630 5078 κυρίου
650 5007 732 5058 καί
758 5010 882 5060 Θεοῦ
907 5006 1043 5076 ἡμῶν
1065 5002 1226 5064 Ἰησοῦ
1250 5014 1499 5082 Χριστοῦ,
1528 5009 1785 5064 τουτέστιν
1808 5013 1897 5062 τοῦ

341 5102 466 5152 Θεοῦ
485 5094 634 5166 λὸγου
659 5099 750 5148 τοῦ
781 5094 1143 5165 σαρκωθέντος,
1167 5095 1382 5165 λέγεται.
1686 5098 1691 5105 ’

409 5276 502 5329 Καί
541 5273 777 5347 ’Δρειανοί
825 5273 916 5341 μέν
955 5277 1145 5345 πονηρᾷ
1189 5262 1383 5345 διανοίᾳ
1427 5276 1482 5327 ix
1524 5281 1622 5329 τῶν
1654 5282 1897 5329 ταπεινῶν

340 5364 577 5439 ῥημάτων
609 5362 874 5431 ὸμοούσιον
902 5357 1023 5417 εἶναι
1059 5368 1131 5431 τῷ
1169 5364 1328 5434 πατρὶ
1354 5362 1436 5415 τὸν
1472 5363 1576 5415 υίὸν
1604 5364 1863 5435 ἀρνοῦνται
1882 5401 1897 5425 ,

337 5456 427 5508 καί
452 5450 533 5507 διὰ
553 5457 704 5504 τοῦτο
726 5450 959 5504 ἐλάττονα
981 5450 1131 5502 αὐτὸν
1156 5444 1281 5503 εἶναι
1308 5447 1733 5504 διαϐεϐαιοῦνται·
1757 5452 1903 5519 ὑμεῖς

336 5532 392 5599 δέ
416 5549 485 5609 μὴ
516 5541 736 5601 θέλοντες
760 5542 877 5613 περὶ
907 5545 998 5593 τοῦ
1022 5540 1362 5615 σαρκωθέντος
1397 5545 1523 5593 Θεοῦ
1542 5539 1692 5610 λόγου
1719 5538 1783 5593 τά
1809 5559 1898 5592 τα-

337 5636 484 5691 κεωά
508 5632 760 5698 δέξασθαι,
786 5630 901 5687 ἄλλο
925 5634 1194 5711 πρόσωπον
1218 5643 1279 5709 τῇ
1303 5634 1467 5709 τριάδι
1502 5636 1727 5706 είσάγετε
1768 5641 1898 5692 κατὰ

339 5729 430 5785 τὴν
455 5723 715 5800 Θεοδώρου
741 5725 829 5778 καί
853 5726 1123 5799 Νεστορίου
1158 5722 1478 5778 δυσσέϐειαν.
1501 5722 1619 5778 ’.ἀλλ’
1648 5726 1784 5783 ausi;
1815 5725 1901 5776 καί

632 5833 908 5896 ΡΑτιιοι..
955 5830 1073 5896 Gn.
1124 5820 1473 5893 LXXXVI.

2005 4112 2165 4167 Pater
2200 4114 2368 4184 major
2411 4130 2491 4169 me
2518 4122 2595 4170 est
2618 4114 2797 4186 (lacn.
2831 4130 2938 4179 xlv,
2963 4113 3082 4186 28),
3111 4130 3179 4170 ne
3216 4117 3459 4185 cogitetis
3486 4118 3561 4175 ibi

2003 4202 2272 4257 hominem
2314 4204 2651 4274 quempiam,
2700 4219 2805 4259 non
2851 4212 3029 4260 autem
3081 4202 3244 4259 Deum
3290 4205 3558 4262 hominem

2005 4288 2202 4346 factum
2247 4306 2314 4346 eo
2340 4292 2498 4346 modo
2542 4290 2609 4345 de
2638 4306 2697 4345 se
2739 4290 2900 4346 fuisse
2926 4292 3180 4346 locutum.
3212 4290 3558 4349 Evidentissio

2005 4394 2150 4435 mum
2171 4381 2368 4450 quippe
2391 4386 2473 4437 est
2493 4378 2738 4436 eumdem
2766 4380 2937 4449 ipsum
2958 4381 3047 4449 qui
3076 4381 3231 4448 dixit,
3263 4380 3424 4436 Pater
3447 4400 3558 4437 mae

1994 4470 2085 4541 jar
2109 4487 2189 4525 me
2214 4479 2311 4535 est,
2340 4469 2539 4526 dixisse
2565 4468 2784 4539 pariter,
2802 4468 2916 4542 Ego
2943 4478 2994 4525 et
3013 4469 3174 4525 Pater
3200 4487 3356 4526 unum
3382 4487 3558 4528 sumus

2006 4559 2249 4632 (Ibidem,
2277 4577 2330 4628 x,
2361 4560 2471 4630 50).
2518 4560 2634 4627 Qua
2674 4561 2815 4616 enim
2868 4560 2989 4618 loco
3035 4563 3129 4628 ait,
3176 4561 3289 4634 Ego
3315 4571 3366 4617 et
3398 4562 3561 4618 Pater

2005 4665 2163 4705 unum
2185 4666 2377 4716 sumus,
2401 4650 2753 4721 aequalitatem
2780 4650 2971 4707 divina:
3004 4659 3227 4720 naturae,
3254 4667 3413 4722 quam
3433 4666 3560 4709 cum

2005 4739 2164 4795 Patre
2187 4739 2367 4804 habet,
2389 4739 2663 4808 designat:
2689 4755 2796 4809 quo
2818 4748 2993 4795 autem
3015 4741 3143 4795 illud
3158 4779 3175 4805 ,
3201 4739 3364 4796 Pater
3390 4744 3560 4814 major

2001 4847 2084 4886 me
2102 4836 2198 4894 est,
2226 4829 2445 4899 profert,
2474 4829 2881 4883 minarationem
2908 4844 3057 4886 suam
3079 4839 3297 4902 propter
3319 4847 3441 4899 nos,
3460 4848 3559 4890 sua

1997 4920 2387 4989 dispensatione
2407 4957 2423 4984 ,
2459 4918 2652 4975 factam
2700 4920 2945 4976 ostendit.
2988 4920 3280 4994 Utrumque
3326 4925 3552 4990 scilicet,

1997 5007 2272 5078 aequalitas
2310 5015 2469 5076 atque
2496 5007 2800 5073 minoratio,
2822 5007 2887 5062 de
2915 5023 3024 5063 uno
3049 5018 3211 5080 atque
3236 5011 3429 5069 eodem
3449 5013 3557 5069 Do-

1998 5097 2142 5149 mino
2166 5106 2349 5152 nostra
2369 5093 2494 5150 Jesu
2547 5094 2779 5163 Christo,
2806 5095 2910 5150 hac
2937 5105 3021 5152 est
3046 5096 3114 5153 de
3153 5098 3429 5157 incarnato
3453 5103 3557 5159 Dei

2009 5184 2199 5248 Verbo,
2226 5185 2422 5240 dictum
2448 5191 2548 5239 est.

2076 5272 2248 5340 Atque
2266 5273 2449 5327 Ariani
2493 5273 2706 5342 quidem
2733 5289 2957 5331 errones
2977 5277 3285 5348 opinatione
3320 5294 3385 5337 ex
3413 5281 3559 5351 ejus-

2007 5361 2151 5416 modi
2178 5359 2425 5428 loquendi
2472 5360 2715 5419 demissis
2740 5363 2912 5420 modis
2936 5363 3127 5422 Filium
3153 5365 3298 5424 Patri
3326 5371 3560 5427 consub-

2005 5450 2308 5506 stantialem
2336 5456 2454 5505 eSse
2499 5449 2823 5518 inﬁciantur,
2853 5453 3105 5523 aiuntque
3132 5465 3413 5526 propterea
3438 5473 3558 5516 esse

2004 5539 2174 5609 ipsum
2217 5540 2377 5595 l’atre
2406 5541 2690 5595 minorem:
2719 5557 2816 5597 vas
2843 5552 3020 5599 autem
3054 5542 3208 5600 fateri
3252 5555 3558 5615 renuentes,

2003 5630 2219 5684 humilia
2247 5631 2360 5685 hac
2386 5630 2524 5684 dicta
2548 5629 2614 5684 de
2638 5631 2913 5686 incarnato
2940 5631 3033 5687 Dei
3062 5633 3238 5689 Verbo
3260 5650 3377 5690 esse
3402 5636 3551 5691 intel-

2005 5719 2231 5792 ligenda,
2277 5736 2467 5776 novam
2521 5720 2770 5776 invehitis
2822 5721 2877 5776 in
2931 5721 3192 5777 Trinitate
3236 5712 3557 5791 personam,

3192 5823 3269 5884 3h
