3954 6146
311 351 448 419 1069

1056 351 1412 414 EPISTOLA
1459 347 1856 412 ADVERSUS
1892 343 2366 410 TIIEODORUM
2409 339 2823 407 MOPSUEST.

3403 355 3540 414 Ῑυῖυ

309 483 549 539 ϐίϐληται
588 480 710 552 παρ’
759 479 922 533 αὐτῶν
972 479 1002 534 ἡ
1059 475 1298 545 ἀνάληψις
1355 476 1422 534 ὡς
1479 473 1866 543 κατακομίσασα

1976 472 2162 526 latibus
2182 487 2341 541 super
2360 481 2604 527 naturam
2633 470 2920 540 cﬂidgens‘!
2938 483 3056 524 nam
3079 464 3402 538 gini-meatus
3419 477 3522 536 est;

310 575 436 648 πρός
462 571 521 628 τό
549 579 701 642 μεῖον,
732 573 812 624 καί
837 568 962 643 πρός
984 589 1041 641 γε
1067 569 1122 622 τὸ
1155 565 1537 640 δυσκλεέστερον
1567 568 1624 619 τό
1655 572 1746 624 τῆς
1775 566 1863 618 ἀυ-

307 661 624 737 θρωπότητος
656 663 860 734 μέτρον.
889 657 1012 712 Ἀλλ’
1039 656 1133 712 ὦδε
1183 664 1378 731 φρονεῖν
1422 655 1644 726 ἀπηχίς.
1677 655 1864 708 Οὐκοῦν

306 755 390 807 οὐκ
415 755 738 822 ἐπτώχευσεν
761 751 787 806 ὁ
807 751 1116 824 ἀναληφθεὶς·
1141 752 1364 806 λείπεται
1381 751 1544 804 τοίνυν
1571 751 1727 804 εἰπεῖν
1742 790 1754 810 ,
1784 746 1861 802 ὅτι

305 845 494 918 γίγονεν
521 846 572 898 ίν
595 845 835 916 πτωχείᾳ
859 850 922 916 τῇ
949 843 1057 896 καθ’
1083 844 1216 912 tigni;
1246 841 1272 896 ό
1298 842 1534 900 πλούσιος
1564 843 1630 901 ὥς
1660 840 1798 900 θεός.
1835 857 1854 890 ε

373 1211 589 1278 Ὁμοίως
617 1205 668 1262 δὲ
689 1211 770 1264 καί
798 1207 824 1262 ό
848 1207 895 1261 ίν
913 1207 1074 1277 ἁγίοις
1104 1209 1378 1280 Γρηγόριος
1406 1206 1432 1261 ὁ
1456 1207 1683 1278 θεολόγος
1713 1208 1762 1260 ἐν
1792 1213 1864 1276 τῷ

305 1297 428 1367 λόγῳ
473 1305 544 1366 τῷ
572 1300 691 1371 περί
717 1304 816 1350 τῶν
849 1297 1112 1366 θεοφανίων
1139 1295 1272 1350 οὕτω
1309 1295 1460 1367 λέγει·
1486 1312 1503 1344 ε
1531 1293 1777 1367 Προελθὼν
1809 1291 1864 1348 ὂί

304 1387 424 1446 Θεὸς
463 1385 590 1454 μετά
622 1393 713 1444 τῆς
746 1382 1108 1460 προσλήψεως,
1159 1381 1210 1436 ἒν
1255 1385 1310 1436 ix
1350 1381 1442 1437 δύο
1489 1389 1589 1438 τῶν
1633 1384 1862 1437 ίναντίων

303 1475 492 1547 σαρκός
525 1477 607 1527 καί
633 1474 938 1542 πνεύματος,
976 1469 1042 1525 ὧν
1077 1472 1134 1524 τό
1163 1473 1252 1542 μὲν
1275 1473 1473 1534 ἑθίωσε,
1503 1472 1560 1525 τὸ
1585 1469 1638 1525 δέ
1669 1471 1862 1528 ἐθεώθη.

307 1559 376 1616 Ὦ
395 1573 485 1624 τῆς
513 1572 682 1624 καινῆς
709 1565 909 1634 μίξεως,
936 1559 974 1613 ὦ
999 1570 1090 1620 τῆς
1117 1561 1398 1637 παραδόξου
1439 1563 1682 1635 κράσεως.
1715 1571 1771 1614 ‘0
1800 1559 1866 1616 ὦν

297 1651 509 1721 γίνεται,
527 1653 614 1704 καί
641 1649 666 1704 ὁ
695 1647 922 1708 ἄκτιστος
954 1651 1189 1712 κτίζεται,
1218 1651 1300 1702 καί
1328 1647 1353 1702 ό
1377 1650 1648 1721 ἀχὼρητος
1673 1656 1868 1720 χωρεῖ-

1966 561 2052 615 vel
2100 561 2143 614 si
2169 561 2271 616 hoc
2297 575 2628 630 nequaquam
2654 576 2838 616 verum
2863 567 2966 628 est,
2989 557 3056 620 ab
3082 559 3161 614 eis
3179 559 3525 629 assumptionl

1945 649 2106 718 .quod
2137 649 2244 720 [F.
2293 651 2416 720 leg.,
2445 651 2797 705 obtrectatum
2843 659 2926 704 est
2955 650 3022 708 ab
3065 647 3144 706 eis
3171 649 3522 718 assumptioni
3613 721 3617 724 .

1963 738 2138 810 quasi]
2162 755 2284 794 eum
2306 739 2372 794 ad
2400 739 2766 808 ignobiliorem
2788 748 2948 808 atque
2967 737 3226 792 minorem
3246 735 3528 791 deduxerit

1963 832 2306 888 humanitatis
2331 845 2634 886 mensuram
2659 830 2737 884 :id
2764 845 2926 898 porro
2953 828 3238 884 absurdum
3265 837 3348 882 est
3374 827 3523 894 cogi-

1967 929 2101 975 tare.
2149 920 2267 975 Non
2295 921 2454 989 igitur
2481 933 2679 988 egenus
2706 919 2876 974 factus
2901 929 2984 974 est
3023 927 3323 989 assumptus
3345 935 3362 970 :
3401 916 3528 972 relio

1965 1024 2128 1078 quum
2148 1018 2230 1066 est
2242 1023 2369 1078 ergo
2394 1017 2452 1062 ut
2464 1008 2702 1062 dicamus
2723 1009 2776 1062 in
2797 1017 3106 1077 paupertate
3133 1016 3314 1064 nostra
3329 1007 3526 1063 factum

1968 1125 2084 1166 esse
2111 1125 2232 1166 eum
2257 1109 2370 1180 qui,
2392 1115 2645 1176 tanquam
2667 1105 2824 1166 Deus.
2853 1107 3001 1160 dives
3020 1118 3154 1162 erat.
3184 1127 3204 1160 ε

2037 1201 2291 1256 Similiter
2331 1199 2388 1256 S.
2427 1198 2716 1268 Gregorius
2751 1195 3050 1267 Theologus
3089 1199 3143 1252 in
3178 1213 3424 1254 sermone
3460 1198 3530 1254 de

1971 1295 2166 1350 Christi
2195 1293 2367 1348 Natali
2402 1291 2518 1346 haec
2553 1291 2715 1346 habet
2745 1309 2759 1344 :
2797 1311 2814 1343 ε
2843 1290 3160 1359 Progressus
3185 1296 3362 1344 autem
3391 1290 3529 1346 Deus

1965 1398 2085 1438 eum
2103 1381 2454 1446 humanitate,
2477 1395 2638 1437 unum
2669 1395 2732 1436 ex
2755 1379 2960 1434 duobus
2985 1379 3124 1433 inter
3143 1391 3200 1432 se
3227 1379 3525 1442 contrariis,

1967 1486 2128 1527 carne
2153 1471 2401 1526 nimirum
2427 1477 2481 1523 et
2509 1469 2716 1538 spiritu,
2739 1483 2963 1536 quorum
2993 1469 3216 1524 alterum
3245 1467 3528 1534 deiﬁcavit,

1967 1562 2194 1616 alterum
2222 1559 2524 1616 deiﬁcatum
2551 1569 2650 1614 est.
2681 1559 2726 1613 Ο
2754 1575 2946 1614 novam
2977 1559 3318 1614 mixtionem!
3367 1575 3400 1614 ο
3429 1559 3522 1614 ad-

1969 1651 2263 1708 mirandam
2295 1649 2764 1720 temperationem‘!
2812 1649 2910 1715 Qui
2936 1657 3038 1718 est,
3070 1647 3158 1715 ﬁt;
3205 1649 3294 1720 qui
3320 1658 3530 1705 creatus

309 1761 389 1798 ςαι
413 1739 496 1796 διὰ
533 1743 694 1813 μίσης
721 1741 905 1810 ψυχῆς
946 1745 1123 1811 νοερᾶς
1160 1741 1522 1809 μεσετευούσης
1549 1739 1746 1796 θεότητι
1780 1742 1865 1793 καί

1976 1757 2077 1796 non
2100 1749 2202 1804 est,
2226 1748 2470 1803 creatur;
2499 1740 2588 1808 qui
2617 1740 2762 1800 nullo
2784 1740 2903 1795 loco
2931 1739 3191 1795 contineri
3216 1749 3410 1810 potest,
3433 1753 3530 1809 per

304 1831 496 1903 σαρκὸς
516 1831 802 1901 παχύτητι,
833 1833 916 1884 καί
941 1830 966 1882 o'
991 1830 1270 1892 πλουτίζων
1295 1828 1580 1897 πτωχεύει⁶
1602 1830 1866 1897 πτωχεύει

299 1921 401 1992 γὰρ
441 1925 531 1978 τήν
573 1919 693 1990 ἐμὴν
732 1920 1005 1993 κάθαρσιν,
1045 1918 1104 1970 ’ἵν’
1127 1919 1222 1988 ἐγὼ
1267 1917 1537 1976 πλουτήσω
1577 1905 1666 1974 τήν
1711 1918 1864 1972 αὐτοῦ

295 2007 524 2065 ϐιότητα.
552 2012 630 2061 καὶ
658 2005 684 2060 ό
706 2009 896 2082 πλήρης
921 2011 1168 2059 κενοῦταιο
1192 2012 1420 2059 κενοῦται
1437 2007 1536 2078 γὰρ
1561 2013 1652 2066 τῆς
1679 2005 1862 2062 ἑαυτοῦ

301 2095 448 2160 δόξης
493 2101 574 2152 ίπρί
603 2099 796 2171 μικρὸν,
820 2097 883 2150 ἶν’
913 2095 1010 2168 ἐγὼ
1039 2103 1128 2156 τῆς
1157 2097 1340 2149 ἐκείνου
1373 2097 1641 2166 μεταλὰϐω
1669 2098 1866 2174 πληρώ-

303 2203 456 2248 σεως.
482 2205 503 2238 ε

378 2451 514 2512 Ἀλλά
557 2457 639 2509 καί
665 2453 692 2508 ὃ
735 2453 784 2508 ίν
826 2453 986 2526 ἀνίοις
1029 2451 1321 2514 ’Δθανάσιος
1365 2455 1650 2524 ἑρμηνεύων
1681 2456 1746 2510 τά
1777 2462 1864 2509 τοῦ

307 2544 584 2600 ἀποστόλου
623 2529 750 2619 ρητά
777 2543 1030 2614 λέγοντος,
1063 2560 1082 2594 ε
1117 2539 1169 2602 ὃς
1191 2543 1238 2596 ίν
1263 2547 1580 2616 napo-feto?)
1609 2539 1868 2615 Gnar'pxaw

305 2631 536 2687 ἐκένωσεν
579 2631 775 2696 ἔαυτόν,
805 2636 996 2704 μορφήν
1025 2630 1203 2685 δούλου
1231 2632 1426 2696 λαϐὼν,
1458 2647 1476 2680 t
1513 2629 1674 2690 οὕτως
1697 2631 1829 2701 Ηγει
1850 2646 1864 2660 ⁸

311 2744 330 2776 ι
355 2728 412 2778 Τί
437 2727 616 2780 τούτου
641 2718 926 2798 λευκότερον
957 2727 1040 2777 καί
1067 2721 1530 2798 ἀποδεικτικώτερον
1559 2723 1748 2792 γένοιτο
1775 2720 1866 2786 in;

307 2815 367 2868 ιύ
387 2816 483 2888 γὰρ
515 2811 565 2876 ἓξ
585 2813 866 2868 ἱλαττόνων
903 2812 1108 2882 βελτίων
1143 2813 1356 2882 γέγονεν,
1385 2811 1506 2865 ἀλλά
1535 2811 1718 2881 μᾶλλον
1745 2811 1866 2870 Θεός

298 2905 573 2977 ὑπάρχων,
607 2908 698 2958 τοῦ
739 2901 915 2958 δούλου
964 2906 1154 2976 μορφήν
1189 2899 1390 2964 ἔλαϐεν,
1415 2905 1506 2957 καί
1525 2902 1574 2954 ἐν
1603 2908 1673 2970 τῷ
1700 2901 1868 2956 λαϐεῖν

295 2995 394 3046 οὐκ
418 2993 700 3054 ίϐελτιώθη,
719 2991 822 3047 ἀλλ’
837 2993 1170 3045 ίταπείνωσεν
1191 2989 1384 3046 ἑαυτόν.
1399 3009 1418 3041 ι
1443 2993 1534 3044 Καί
1550 2989 1661 3059 μετ’
1683 2990 1864 3062 ὀλίγον’

308 3099 334 3135 ε
356 3086 416 3136 Τί
439 3079 491 3136 δί
519 3081 668 3136 τοῦτό
703 3081 870 3146 ίστιν,
896 3078 926 3136 ἦ
954 3079 1037 3132 τόν
1064 3080 1112 3132 ἐν
1139 3087 1299 3152 μορφῇ
1335 3084 1462 3133 Θεοῦ
1494 3075 1632 3142 ὅντα,
1659 3081 1742 3134 καί
1787 3080 1867 3134 εὖ·

300 3179 475 3247 ’γενοῦς
501 3173 698 3244 πατρὸς
724 3171 828 3224 υἱὸν
869 3173 1180 3222 ταπεινῶσαι
1208 3167 1406 3229 ἑαυτὸν,
1437 3169 1522 3219 καί
1544 3165 1718 3220 δοῦλον
1761 3168 1864 3221 ἀνθ’

309 3264 446 3332 ὑμῶν
463 3263 547 3314 καί
573 3261 703 3332 ὑπὲρ
729 3260 866 3327 ἡμῶν
890 3257 1182 3324 γενέσθην
1207 3259 1308 3310 Καί
1333 3255 1442 3324 μετ’
1460 3255 1668 3327 ὀλίγονέ
1691 3264 1746 3308 ‘0
1765 3259 1864 3327 γὰρ

303 3349 452 3420 λόγος
477 3348 602 3418 σὰρξ
630 3347 840 3416 ίγίνετο,
866 3349 948 3398 καί
997 3345 1196 3414 λέγεται
1219 3342 1298 3398 ὅτι
1320 3348 1344 3396 ὁ
1363 3350 1588 3403 τοιοῦτος
1611 3341 1864 3420 ἅνθρωπος
1884 3348 1892 3355 ’

313 3437 364 3503 {ﬁ
390 3437 623 3512 ούρανοῦ,
653 3432 1075 3506 καί’ἐπ·ουράνιος,
1103 3432 1188 3490 διά
1221 3433 1278 3488 τὸ
1315 3434 1364 3498 ἐξ
1409 3433 1623 3506 οὐρανοῦ
1652 3432 1867 3490 καταϐε-

313 3525 516 3586 εηαέναι
538 3523 626 3578 τόν
651 3520 817 3592 λόγον.
836 3537 857 3570 ε

377 3611 522 3668 Ἀλλά
545 3615 632 3668 καί
660 3611 687 3666 ὃ
710 3613 760 3666 ἄν
785 3609 944 3682 ἁγίοις
978 3608 1248 3682 Γρηγόριος
1291 3607 1317 3663 ὁ
1355 3608 1626 3667 ἐπίσκοπος
1667 3608 1876 3668 Νύσσης

313 3691 442 3746 πατά
475 3691 711 3760 Εὐνομίου
741 3692 792 3743 ίν
822 3697 893 3759 τῷ
917 3695 1070 3766 τρίτῳ
1109 3691 1236 3762 λόγῳ
1268 3691 1429 3751 οὕτως
1458 3692 1618 3762 λέγει’
1652 3709 1672 3742 ι
1703 3698 1877 3747 Ταῦτα

311 3781 433 3851 περί
467 3779 552 3834 τόν
593 3779 971 3854 ἐσταυρωμένον
1017 3781 1162 3849 ἡμεῖς
1204 3783 1642 3852 πεπιστεύκαμεν
1676 3787 1758 3838 καί
1795 3782 1880 3838 διὰ

313 3873 464 3921 τοῦτο
509 3864 890 3942 ὑπερυψοῦντες
932 3869 1060 3922 κατά
1101 3868 1160 3924 ’τό
1203 3869 1443 3942 ἡμέτερον
1491 3877 1582 3928 τῆς
1621 3868 1880 3941 δυνάμεως

315 3955 495 4028 μέτρον
527 3957 616 4010 οὐκ
659 3957 1002 4026 ἀπολήγομεν,
1033 3956 1111 4038 ὅτι
1147 3957 1172 4012 ὁ
1205 3956 1378 4028 μηδενί
1411 3960 1650 4032 χωρητός
1687 3959 1770 4016 διὰ
1793 3965 1880 4038 tua

317 4043 576 4118 ἄφραστον
593 4047 749 4102 αὐτοῦ
769 4049 856 4100 καί
871 4033 1146 4122 ἀπρόσιτον
1162 4049 1548 4120 μεγαλειότητα,
1567 4051 1692 4108 πλὴν
1713 4033 1881 4124 ἐαυτῷ

318 4139 402 4189 καί
426 4133 498 4207 τῷ
523 4140 700 4210 Πατρί,
723 4141 808 4192 καί
826 4145 898 4208 τῷ
922 4140 1173 4208 Πνεύματι
1194 4147 1266 4210 τῷ
1291 4136 1438 4211 ἁγίῳ,
1469 4137 1618 4200 οὗτος
1647 4145 1730 4196 καί
1751 4144 1883 4216 πρὸς

1967 1833 2326 1886 interventum
2367 1828 2555 1881 animae
2592 1827 2878 1896 Spiritualis
2915 1829 3052 1882 inter
3101 1827 3427 1882 divinitatem
3475 1843 3530 1883 et

1968 1923 2146 1978 carnis
2174 1920 2470 1976 crassitiem
2498 1919 2705 1973 medius
2746 1917 3066 1974 continetur.
3107 1919 3206 1985 Qui
3237 1919 3527 1990 locupletes

1967 2014 2103 2068 alios
2137 2011 2306 2077 ditat,
2351 2017 2666 2080 paupertate
2713 2008 2975 2064 afﬁcitur:
3015 2010 3188 2066 carnis
3216 2008 3354 2063 enim
3398 2023 3530 2062 mem

1968 2110 2332 2174 paupertatem
2377 2100 2574 2163 sumit,
2607 2107 2666 2152 ut
2693 2113 2792 2167 ego
2831 2099 3120 2153 divinitatis
3159 2099 3295 2153 illius
3323 2097 3530 2153 divitias

1965 2205 2280 2259 consequar.
2310 2189 2378 2242 Et
2405 2189 2497 2258 qui
2525 2188 2712 2258 plenus
2737 2196 2854 2254 est,
2885 2189 3187 2242 exiuanitur
3221 2205 3236 2241 :
3265 2202 3358 2243 sua
3386 2188 3528 2242 enim

1912 2337 1938 2346 __
1969 2280 2138 2348 gloria
2157 2279 2224 2333 ad
2243 2281 2405 2334 breve
2428 2287 2634 2346 tempus
2654 2278 2974 2344 exinaniwr,
2998 2285 3057 2332 ut
3077 2290 3176 2346 ego
3191 2275 3531 2346 plenitudinis

1895 3042 1941 3104 C

1970 2368 2138 2436 ipsius
2163 2367 2430 2436 particeps
2457 2364 2676 2420 efﬁciar.
2715 2383 2736 2416 ε

2039 2456 2144 2510 Sed
2171 2464 2389 2511 sanctus
2425 2457 2588 2510 etiam
2634 2455 2954 2528 Athanasius
2995 2466 3267 2524 exponens
3294 2469 3356 2507 ea
3388 2454 3531 2522 Apo-

1969 2545 2094 2600 stoli
2119 2546 2282 2599 verba
2314 2562 2326 2596 :
2359 2542 2460 2607 Qui
2486 2561 2602 2598 cum
2634 2545 2688 2598 in
2719 2546 2886 2615 {arma
2932 2541 3028 2597 Dei
3069 2552 3224 2608 esset,
3255 2543 3533 2597 exinanivit

1969 2637 2291 2704 semetipsum
2317 2674 2334 2701 ,
2379 2635 2601 2705 formam
2639 2635 2767 2686 servi
2811 2634 3066 2702 accipiens
3106 2647 3122 2685 :
3161 2633 3275 2686 hmc
3308 2631 3534 2686 scribit:

1976 2743 1994 2776 ε
2025 2723 2159 2790 Quid
2196 2725 2300 2778 hoc
2327 2721 2521 2776 clarius
2547 2729 2642 2774 aut
2683 2720 2958 2789 prohatius
2994 2733 3111 2773 esse
3144 2719 3383 2788 poterit?
3419 2717 3534 2772 Non

1970 2813 2112 2868 enim
2135 2827 2203 2866 ex
2224 2811 2493 2865 deteriore
2517 2809 2708 2863 melior
2751 2807 2922 2862 factus
2951 2817 3051 2873 est,
3077 2807 3168 2861 sed
3194 2808 3390 2876 potius,
3415 2823 3535 2862 cum

1968 2901 2109 2956 Deus
2136 2908 2310 2967 esset,
2331 2899 2470 2953 servi
2497 2899 2729 2968 speciem
2765 2897 3078 2966 assumpsit;
3111 2911 3283 2966 neque
3306 2897 3358 2950 in
3387 2911 3536 2950 assu~

1969 2989 2164 3047 mendo
2193 2989 2505 3044 melioratus
2531 2996 2646 3055 est,
2674 2985 2770 3042 sed
2799 2987 3091 3040 humiliavit
3117 2986 3476 3054 semetipsum.
3515 3003 3535 3038 ι

1969 3081 2038 3136 Et
2083 3088 2206 3150 post
2251 3094 2422 3147 pauca
2453 3096 2467 3131 :
2507 3096 2526 3130 ι
2562 3077 2701 3144 Quid
2729 3077 2834 3132 hoc
2861 3085 2945 3131 est
2981 3086 3179 3143 autem,
3209 3092 3367 3146 quam
3395 3091 3538 3143 eum,

1970 3171 2062 3240 qui
2115 3172 2170 3225 in
2231 3170 2403 3225 forma
2453 3168 2548 3222 Dei
2603 3175 2745 3224 esset
2796 3169 3092 3237 nobiliaque
3137 3166 3308 3223 Patris
3357 3168 3538 3234 Filius.

1969 3262 2276 3317 humiliasse
2303 3262 2664 3331 semetipsum,
2693 3268 2748 3316 et
2773 3276 2983 3315 servum
3029 3277 3128 3331 pro
3164 3261 3318 3316 nobis
3343 3260 3540 3318 factum

1972 3349 2117 3404 esse?
2149 3369 2168 3401 ι
2203 3349 2511 3418 Rursusque
2539 3357 2660 3417 post
2691 3364 2858 3419 pauca
2892 3367 2906 3401 :
2944 3367 2962 3402 ι
2990 3349 3222 3404 Verbum
3251 3349 3391 3404 enim
3415 3365 3548 3406 caro.

1962 3437 2176 3493 'factum
2205 3446 2316 3504 est,
2348 3439 2650 3507 diciturque
2694 3449 2976 3508 propterea
3006 3439 3092 3494 hic
3123 3439 3284 3494 homo
3309 3439 3378 3494 de
3404 3441 3542 3497 ctelo

1987 3526 2439 3596 etcmlestis,quia
2452 3525 2870 3598 Verbumipsum
2909 3527 2976 3581 de
3017 3527 3155 3582 cmlo
3187 3529 3482 3589 descendit.
3516 3551 3537 3584 ι

2048 3615 2274 3669 Sanctus
2311 3615 2516 3683 pariter
2549 3613 2836 3682 Gregorius
2875 3615 3155 3687 Nysstenus
3183 3618 3236 3672 in
3267 3621 3421 3676 tertio
3451 3621 3540 3676 ad-

1976 3720 2162 3760 versus
2205 3703 2522 3758 Eunomium
2571 3703 2707 3758 libro
2751 3704 2964 3762 disserit
3008 3707 3060 3761 in
3093 3707 3236 3764 hunc
3279 3711 3540 3767 modum:

1984 3791 2164 3870 (Haec
2211 3791 2312 3862 ipsi
2353 3791 2421 3846 de
2463 3791 2728 3847 Crucilixo
2767 3793 3085 3850 credidimus
3120 3815 3132 3850 :
3168 3796 3350 3866 itaque
3388 3797 3540 3866 juxta

1976 3881 2206 3952 propria:
2233 3880 2444 3936 virtutis
2468 3895 2773 3935 mensuram
2803 3882 2974 3952 ipsum
3005 3884 3264 3940 extollere
3287 3871 3397 3941 non
3425 3901 3542 3942 ces-

1975 3988 2154 4028 samus
2181 3991 2194 4026 :
2224 3973 2366 4043 quod
2402 3973 2604 4028 scilicet
2630 3974 2698 4028 ob
2727 3974 3064 4040 ineﬂ'abilem,
3095 3979 3542 4036 inaccessibilem-

1976 4077 2080 4132 que
2106 4060 2547 4130 magniﬁcentiam
2575 4076 2724 4116 suam
2756 4064 3008 4119 indivisus
3033 4081 3064 4119 a
3093 4064 3249 4122 Patre
3277 4070 3456 4136 etiam,
3487 4081 3541 4126 et

1971 4166 2002 4204 a
2032 4150 2232 4221 Spiritu
2277 4158 2464 4206 sancto
2510 4151 2578 4205 ad
2620 4161 2816 4207 nostra;
2861 4152 3184 4212 inﬁrmitatis
3211 4160 3540 4222 communio-
3619 4165 3626 4170 '

303 4226 566 4299 metu:va
591 4233 684 4283 τῆς
718 4226 980 4285 ἀσθενείας
1019 4228 1158 4292 ἡμῶν
1187 4227 1441 4282 κατελθεῖν
1473 4223 1685 4286 ἠδυνήθη
1704 4245 1714 4256 ·
1752 4230 1798 4282 οί
1823 4227 1872 4284 δὲ

1976 4255 2094 4295 nem
2121 4240 2375 4295 advenire
2419 4243 2653 4310 potuerit
2685 4259 2696 4294 :
2730 4242 2802 4296 illi
2829 4252 3005 4298 autem
3031 4281 3047 4310 ,
3080 4246 3132 4298 id
3171 4259 3540 4315 argumentum

319 4316 506 4373 ταύτην
531 4314 782 4380 ἀπόδειξιν
806 4325 897 4376 τῆς
925 4321 1053 4374 κοιτά
1086 4322 1174 4376 τήν
1203 4318 1350 4388 φύσιν
1380 4319 1762 4390 ἀλλοτριότητος
1791 4326 1872 4374 rei

1976 4348 2092 4388 esse
2113 4341 2303 4388 natura
2341 4336 2708 4390 extraneitatis
2758 4336 2878 4392 Filii
2905 4354 2934 4392 a
2965 4339 3124 4396 Patre
3167 4314 3494 4398 constituunt
3523 4363 3536 4396 :

319 4401 436 4460 Ϊίοῦ
479 4407 607 4478 πρὸς
651 4407 739 4461 τόν
768 4409 967 4484 Πατίρα
1016 4413 1297 4472 ποιοῦνται,
1335 4410 1392 4464 τό
1447 4408 1529 4466 διὰ
1579 4412 1765 4484 σαρκὸς
1803 4413 1882 4466 καί

317 4500 546 4567 σταυροῦ
571 4498 906 4571 φανερωθῆναι
931 4499 1014 4552 τόν
1037 4500 1237 4573 Κύριον
1269 4502 1335 4560 ὡς
1351 4508 1442 4560 τῆς
1465 4503 1556 4570 μίν
1575 4507 1664 4554 τοῦ
1693 4503 1882 4576 Πατρός

318 4579 518 4652 φύσεως
561 4586 786 4656 καθαρῶς
831 4589 883 4640 ίν
917 4587 1134 4660 ἀπαθείᾳ
1175 4587 1536 4658 διαμενούσης,
1587 4591 1668 4642 καί
1710 4586 1886 4659 μηδενί

319 4669 494 4744 τρόπῳ
530 4677 619 4732 τήν
649 4677 777 4748 πρὸς
805 4677 865 4730 τό
897 4675 1058 4736 πάθος
1087 4682 1334 4733 κοινωνίαν
1369 4676 1700 4742 ἀναδέξασθαι
1734 4677 1884 4733 δυνά-

319 4765 494 4832 μὲνης,
520 4772 609 4819 τοῦ
636 4766 688 4820 δί
715 4769 838 4822 Υἱοῡ
869 4765 951 4822 διὰ
978 4771 1039 4824 τὸ
1070 4769 1196 4844 πρὸς
1223 4770 1280 4825 τὸ
1305 4772 1669 4843 ταπεινὼτερον
1689 4771 1886 4842 παρηλ-

320 4853 512 4926 λάχθαι
549 4861 640 4914 τήν
679 4859 850 4928 φύσιν,
893 4861 1018 4930 πρός
1045 4862 1232 4933 σαρκός
1257 4879 1310 4915 τε
1341 4865 1426 4916 καί
1465 4863 1674 4916 θανάτου
1700 4870 1880 4934 πεῖραν

321 4947 412 5001 οὐκ
428 4945 792 5008 ἀδυνατοῦντος
815 4950 985 5004 ἐλθεῖν.
1009 4971 1024 5001 ι
1043 4956 1134 5006 καί
1153 4953 1256 5022 μεθ’
1275 4954 1444 5024 ἕτερον
1468 4971 1486 5002 ε
1507 4955 1595 5008 Διά
1615 4959 1766 5008 τοῦτο
1787 4955 1884 5024 ’γὰρ

323 5040 408 5092 καί
432 5033 524 5091 τοῦ
547 5039 734 5110 Κυρίου
758 5045 849 5098 τῆς
879 5038 1024 5103 δόξης
1057 5039 1083 5095 ό
1123 5044 1343 5116 σταυρὸς
1377 5045 1599 5113 λέγεται,
1631 5047 1714 5098 καί
1745 5048 1888 5098 πᾶσα

321 5127 535 5198 γλῶσσα
566 5127 959 5198 ἐξομολογεῖται,
1000 5129 1078 5184 ὅτι
1101 5134 1283 5206 Κύριος
1315 5133 1512 5194 Ἰησοῦς
1553 5135 1770 5206 Χριστὸς
1813 5137 1884 5193 εἰς

325 5216 472 5282 δόξαν
507 5225 637 5292 ,Θεοῦ
675 5221 890 5294 Πατρός.
921 5225 976 5274 Ei
1005 5219 1058 5274 δὲ
1087 5228 1197 5297 χρὴ
1232 5227 1317 5278 καί
1354 5228 1420 5280 τά
1463 5227 1612 5280 λοιπά
1645 5229 1777 5280 κατὰ
1806 5227 1888 5278 τίν

320 5310 469 5364 αὗτόν
497 5308 672 5364 διελεῖν
697 5313 914 5384 τρόπον,
933 5311 1222 5384 σκεψόμεθα
1249 5315 1298 5367 τί
1323 5315 1379 5366 τό
1399 5317 1723 5376 ἀποθνῆσκον,
1745 5317 1822 5368 καί
1836 5317 1889 5370 τί

323 5392 383 5448 τό
409 5389 653 5444 καταλύον
681 5393 765 5443 τόν
793 5390 1016 5450 θάνατον.
1046 5395 1128 5445 καί
1163 5396 1216 5446 τί
1246 5396 1305 5448 τὸ
1334 5400 1766 5468 ἀνακαινούμενον,
1793 5405 1876 5454 καί

323 5478 378 5534 τί
402 5478 462 5532 τό
489 5477 794 5546 κενούμενον·
818 5483 1040 5532 κενοῦται
1061 5481 1149 5548 μίν
1173 5481 1267 5556 γάρ
1297 5483 1326 5540 ἠ
1351 5483 1541 5552 θειότης,
1559 5487 1642 5538 ἵνα
1666 5493 1876 5562 χωρητὴ

327 5577 389 5636 τῇ
411 5570 689 5643 ἀνθρωπίνῃ
715 5569 914 5638 ’γίνηται
938 5570 1102 5640 φύσευ
1134 5571 1480 5630 ἀνακαινοῦται
1520 5574 1573 5630 δὲ
1601 5577 1656 5630 τό
1697 5579 1879 5649 ἀνθρώ-

327 5677 464 5713 πινσν
493 5655 571 5714 διὰ
595 5665 690 5716 τῆς
717 5659 840 5732 πρὸς
863 5659 920 5712 τὸ
936 5661 1061 5712 θεῖον
1089 5661 1414 5735 ἀνακράσεως
1429 5667 1551 5718 θεῖον
1572 5667 1838 5738 ⁴γινόμενον.
1853 5687 1872 5718 ε

401 5751 487 5801 Καί
510 5753 674 5801 ταῦτα
702 5748 786 5817 μίν
806 5747 859 5800 ἐκ
879 5757 970 5807 τῆς
993 5749 1317 5813 διδασκαλίας
1345 5761 1442 5809 τῶν
1471 5754 1622 5820 ἀγίων
1644 5759 1874 5825 πατέρων

1976 4423 2288 4492 apparuisse
2315 4424 2562 4478 nimirum
2591 4427 2795 4482 aientes
2822 4427 3104 4485 Dominum
3131 4446 3228 4501 per
3250 4447 3466 4489 carnem
3486 4443 3542 4491 et

1976 4525 2210 4576 crucem,
2239 4511 2312 4564 ita
2340 4519 2400 4564 ut
2419 4521 2642 4581 paterna
2672 4522 2863 4570 natura
2892 4517 2946 4571 in
2966 4518 3390 4588 impassibilitate
3413 4538 3540 4592 per-

1975 4607 2243 4662 manente,
2287 4599 2536 4668 nullaque
2584 4603 2792 4660 ratione
2820 4608 3084 4676 passionis
3110 4613 3538 4668 communionem

1975 4687 2246 4756 suscipere
2275 4691 2516 4758 potenti,
2546 4691 2739 4760 Filius,
2773 4696 3180 4754 transformatus
3213 4703 3266 4756 in
3292 4703 3541 4758 humiliu-

1974 4789 2088 4829 rem
2115 4783 2377 4843 naturam,
2397 4792 2492 4847 per
2515 4795 2728 4836 carnem
2753 4791 2808 4837 et
2828 4795 3056 4842 mortem
3077 4789 3295 4844 minime
3315 4791 3540 4862 ineapnx
3580 4801 3584 4806 '

1974 4867 2238 4934 passionis
2265 4868 2560 4924 advenerit.
2589 4891 2608 4922 ι
2637 4871 2706 4926 Ει
2731 4883 2852 4944 post
2881 4877 3002 4944 alia,
3031 4880 3206 4936 subdit
3237 4900 3250 4936 :
3287 4901 3307 4934 ι
3339 4881 3541 4942 Idcirco

1977 4953 2136 5042 enim,
2162 4961 2216 5008 et
2243 4955 2449 5042 Domini
2476 4957 2658 5024 gloria:
2685 4977 2816 5016 crux
2843 4964 3053 5032 dicitur,
3083 4979 3140 5022 et
3167 4973 3339 5027 omnis
3365 4972 3541 5042 lingua

1977 5037 2256 5094 Dominum
2300 5039 2478 5097 JeSum
2515 5043 2781 5103 Christum
2807 5051 2859 5104 in
2905 5055 3072 5120 gloria
3101 5055 3194 5111 Dei
3225 5057 3396 5118 Patris
3425 5037 3542 5119 esse

1978 5125 2280 5182 conﬁtetur.
2297 5128 2548 5200 Namque
2575 5135 2621 5188 si
2649 5144 2841 5191 caetera
2870 5141 3030 5194 etiam
3057 5142 3244 5199 eodem
3274 5149 3434 5203 modo
3462 5151 3543 5204 di-

1979 5216 2162 5316 videre
2187 5228 2467 5316 oporteat,
2481 5223 2600 5291 quis
2626 5227 2696 5280 sit
2722 5227 2810 5282 ille
2835 5230 2924 5297 qui
2953 5217 3194 5290 mortuus
3222 5245 3307 5292 est
3334 5242 3542 5310 prospi-

1980 5309 2208 5375 ciemus,
2237 5309 2354 5378 quis
2379 5311 2470 5378 qui
2503 5322 2728 5370 mortem
2769 5317 3070 5376 dissolverit
3099 5341 3112 5376 :
3141 5332 3196 5378 et
3221 5327 3347 5394 quid
3375 5309 3541 5384 reno-

1979 5403 2160 5450 vatum
2181 5438 2195 5463 ,
2223 5400 2349 5468 quid
2378 5409 2554 5457 autem
2601 5407 2948 5464 exinanitum.
2998 5410 3310 5470 Exinanitur
3343 5413 3541 5487 quippe

1981 5487 2246 5555 divinitas,
2278 5499 2334 5544 ut
2361 5492 2702 5552 humanitatis
2725 5501 3070 5570 suscipienda:
3091 5519 3260 5572 capax
3288 5503 3412 5570 ﬁat;
3441 5506 3540 5558 hue

1982 5577 2210 5632 manitas
2254 5588 2430 5634 autem
2479 5593 2702 5654 propter
2761 5590 3188 5645 commixtionem
3252 5591 3540 5646 divinitatis

1983 5665 2159 5720 divina
2189 5665 2376 5722 eﬂ'ecta
2405 5681 2707 5728 renovatur.
2744 5693 2764 5728 ι
3148 5671 3152 5677 ’

2051 5759 2224 5826 Atque
2249 5758 2362 5814 inec
2389 5777 2488 5817 nos
2521 5765 2734 5832 quidem
2771 5780 2838 5819 ex
2866 5774 3167 5820 sanctorum
3194 5761 3409 5822 Patrum
3439 5769 3540 5826 do-
