3954 6146
351 314 493 384 10⁷13

1130 308 1496 370 EPISTOLA
1533 309 1931 374 ADVERSUS
1967 306 2446 371 THEODORUM
2481 304 2896 367 MOPSUEST‘.

3449 316 3586 389 ιωι

340 441 433 493 τοῦ
452 435 710 507 ληφθέντος
735 436 855 507 ἡμῖν
876 429 1301 508 παραδηλώσειεν,
1335 429 1437 487 ὅσα
1460 452 1514 486 τε
1544 433 1710 502 τούτῳ
1740 432 1791 483 ἐκ
1811 437 1901 489 τῆς

2015 426 2178 495 ipstnn
2199 431 2376 479 autem
2404 430 2711 479 naturarum
2738 419 3127 483 distinctionem
3156 421 3409 490 ostendit,
3430 435 3575 494 quoa

337 527 462 602 πρὸς
497 531 673 582 ἐκεῖνον
698 527 890 597 γέγονεν
908 524 1195 595 συναφείας.
1210 520 1607 586 »Ἂποδείξαντες
1631 524 1794 578 τοίνυν
1815 524 1903 577 τὸν

337 614 577 677 δυσσεεῆ
595 614 848 685 Θεόδωρον
876 616 966 675 τάς
995 615 1169 687 φύσεις
1213 614 1321 667 άντί
1355 616 1653 688 προσώπων
1673 612 1902 685 λέγοντα,

339 704 423 765 ἔτι
449 712 649 776 μείζονα
686 707 1054 780 προαγάγωμεν
1086 705 1236 758 αὐτοῦ
1270 704 1587 774 βλασφημίαν
1612 701 1906 772 διελέγχου-

341 816 440 851 tetu
465 797 638 857 αὐτὸν,
667 796 808 848 ποίαν
843 792 970 866 λέγει
1003 800 1093 852 τήν
1119 795 1296 848 ἕνωσιν
1330 793 1459 869 πρὸς
1486 793 1780 865 κατάκρισιν
1807 798 1905 846 τῶν

340 884 657 945 ἂδικούντων
696 884 868 940 αὐτόν.
899 883 1095 956 Ἐν,γάρ
1124 890 1196 952 τῷ
1220 887 1341 954 περὶ
1377 884 1794 957 δνανθρωπήσεως
1822 883 1906 952 δγ-

338 976 437 1050 δὸῳ
470 978 599 1048 λόγῳ
626 976 758 1031 οὕτω
785 976 935 1046 λέγει’
968 992 988 1025 ε
1022 972 1263 1041 Πρόδηλον
1292 972 1346 1028 δὲ
1370 976 1437 1032 ὡς
1467 975 1524 1029 τὸ
1559 981 1651 1035 τῆς
1684 973 1907 1031 ἐνώσεως

339 1067 634 1141 ἐφαρμόζει·
667 1063 752 1120 διά
793 1066 891 1138 γάρ
933 1067 1124 1123 ταύτης
1165 1064 1501 1131 συναχθεῖσαι
1547 1063 1601 1119 αἱ
1636 1067 1831 1134 φύσεις,
1857 1059 1908 1114 ἰν

339 1156 607 1232 πρόσωπον
653 1154 785 1208 κατά
821 1156 912 1211 τήν
947 1152 1128 1207 ἕνωσιν
1166 1152 1501 1207 ἀπετέλεσαν·
1535 1154 1605 1212 ὥς
1630 1171 1683 1205 τε
1725 1148 1853 1225 ὅπερ
1881 1149 1907 1203 ὁ

340 1253 508 1314 κύριος
538 1244 620 1297 ἐπί
659 1263 714 1297 τε
753 1248 842 1298 τοῦ
869 1239 1046 1314 ἀνδρὸς
1074 1243 1159 1295 καὶ
1184 1249 1277 1300 τῆς
1302 1241 1533 1312 γυναικός
1558 1261 1729 1311 φησιν.
1757 1242 1825 1300 ὥς
1852 1260 1907 1296 τε

345 1333 514 1385 οὐκετι
543 1333 641 1385 εἰσί
691 1329 807 1395 δύο,
835 1331 959 1385 ἀλλά
986 1330 1114 1399 σάρξ
1138 1331 1249 1400 μία,
1283 1326 1505 1400 εἴποιμεν
1548 1324 1620 1390 ἂν,
1651 1332 1733 1385 καὶ
1768 1331 1909 1396 ἡμεῖς

340 1420 543 1480 εἰκότως
580 1422 709 1475 κατά
729 1421 814 1476 τὸν
841 1426 931 1482 τῆς
960 1411 1196 1483 ’ίνώσεως
1225 1418 1391 1492 λόγον,
1418 1420 1486 1480 ὧς
1515 1422 1762 1478 τεούκέτι
1788 1422 1910 1481 εἰσὶν

340 1505 437 1567 δύο
471 1508 747 1581 πρόσωπα,
770 1507 876 1563 ἀλλ’
906 1505 979 1569 ἓν,
1016 1506 1235 1566 δηλονότι
1288 1515 1387 1563 τῶν
1414 1509 1611 1580 φύσεων
1659 1505 1911 1581 διακεκρι-

284 1620 287 1621 '
340 1599 521 1669 μὲνων.
549 1594 748 1670 Ὠσπερ
799 1599 899 1673 γάρ
936 1599 1040 1652 ἐκεῖ
1080 1599 1137 1653 οὐ
1174 1598 1464 1668 λυμαίνεται
1495 1607 1569 1670 τῷ
1599 1600 1794 1672 ἀριθμῷ
1820 1606 1911 1657 τῆς

341 1682 531 1746 δυάδος
560 1688 618 1741 τὸ
653 1692 770 1758 μίαν
803 1687 1032 1758 λέγεσθαι
1072 1692 1163 1746 τήν
1190 1690 1355 1762 σάρκα
1385 1686 1650 1763 (πρόδηλον
1673 1693 1769 1762 γὰρ
1792 1688 1910 1740 κοιθό

2003 513 2217 582 quidem
2240 512 2499 567 sumentis
2524 511 2828 580 sumptique
2857 518 3059 565 natura:
3085 509 3370 570 discrimen
3395 511 3573 568 divina

2005 603 2120 673 ipsa
2148 603 2301 656 nobis
2345 601 2577 656 ostendit
2620 600 2918 670 Scriptura.
2965 599 3206 656 lndicare
3232 602 3429 673 quippe
3453 615 3574 658 eam

2004 691 2261 746 unitatem
2287 691 2474 746 volens
2499 705 2617 759 qua:
2656 690 2723 745 ad
2762 690 2813 744 id
2840 690 2983 768 quod
3010 699 3277 762 sumptum
3304 699 3388 746 est
3411 692 3577 762 perti-

2006 792 2119 847 net,
2149 781 2280 839 dicit
2300 797 2397 851 per
2417 782 2670 843 unitatem
2693 781 2806 835 sive
2826 783 3074 836 unionem
3091 789 3343 861 utrasque
3359 791 3581 845 naturas

2004 871 2105 926 sibi
2134 870 2320 926 fecisse
2347 871 2589 943 proprias
2610 886 2626 933 ;
2648 869 2722 925 ita
2742 877 2821 937 ut,
2845 884 2995 939 aeque
3021 871 3136 938 ejus
3163 872 3252 940 qui
3283 881 3403 933 erat
3415 883 3577 947 atque

2004 959 2229 1029 sumpsit
2247 974 2312 1014 ae
2330 961 2446 1027 ejus
2463 959 2552 1028 qui
2568 965 2809 1028 sumptus
2829 960 3082 1018 estnobis
3103 963 3391 1023 ostenderit
3406 963 3578 1023 unita-

2008 1070 2135 1128 tem,
2150 1074 2281 1129 qua:
2300 1061 2365 1113 ex
2381 1056 2527 1118 facta
2557 1072 2677 1111 cum
2700 1057 2814 1126 ipso
2835 1058 3219 1126 conjunctione
3238 1060 3521 1133 processit.
3552 1079 3572 1121 υ

2076 1153 2210 1209 Cum
2253 1152 2434 1219 itaque
2469 1149 2892 1207 demonstratum
2940 1149 3237 1205 luculenter
3262 1152 3331 1205 sit
3358 1153 3576 1222 impium

2008 1239 2349 1296 Theodorum
2387 1246 2591 1295 natum
2628 1251 2822 1291 nomen
2860 1251 2959 1306 pro
2999 1252 3227 1309 persona
3271 1256 3577 1310 usurpasse,

2007 1329 2329 1385 deteriorem
2359 1327 2529 1382 adhuc
2555 1325 2670 1394 ejus
2714 1325 3102 1393 blasphemiam
3141 1328 3477 1399 proferemus
3522 1331 3576 1385 in

2007 1419 2260 1482 medium,
2290 1432 2394 1485 qua
2422 1416 2599 1483 docet,
2630 1414 2759 1485 quid
2787 1416 2899 1485 ipse
2927 1417 3144 1476 unitatis
3173 1417 3390 1471 nomine
3418 1419 3576 1473 intel~

2009 1509 2174 1576 ligat,
2206 1514 2266 1563 ut
2291 1506 2500 1576 plenius
2522 1503 2946 1559 condemnentur
2979 1504 3094 1572 ejus
3132 1506 3576 1574 patrocinatores.

2008 1598 2066 1653 In
2095 1605 2287 1653 octavo
2325 1597 2485 1665 igitur
2517 1609 2765 1653 sermone
2813 1595 2880 1649 de
2905 1594 3277 1650 lncamatione
3306 1597 3419 1653 haec
3442 1600 3579 1655 scri-

2009 1688 2088 1743 bit
2118 1705 2130 1740 :
2167 1705 2187 1739 ε
2217 1685 2442 1741 Constat
2486 1694 2666 1740 autem
2709 1684 2836 1755 quid
2866 1687 3067 1741 unitate
3094 1687 3410 1757 importetur
3439 1708 3452 1744 :
3483 1705 3579 1761 per

340 1775 437 1846 μία
475 1775 718 1847 λέγεται),
742 1774 902 1835 οὕτως
946 1776 1201 1830 κάνταῦθα
1243 1776 1301 1829 οὐ
1344 1775 1641 1844 λυμαίνεται
1680 1780 1768 1833 τήν
1809 1781 1909 1831 τῶν

2015 1786 2151 1840 hanc
2198 1785 2339 1843 enim
2382 1784 2747 1839 coalescentes
2791 1794 2996 1839 natura:
3046 1787 3254 1842 unicam
3295 1804 3578 1858 personam

342 1866 540 1939 φύσεων
587 1863 826 1937 διαφοράν
863 1871 954 1920 τοῦ
993 1867 1268 1940 προσώπου
1312 1866 1343 1922 ἣ
1388 1864 1586 1922 ἓνωσις.
1638 1859 1791 1919 Ὀταν
1820 1865 1907 1933 μὲν

340 1957 444 2030 γὰρ
470 1956 562 2014 τὰς
588 1957 764 2027 φύσεις
785 1953 1132 2029 διακρίνωμεν,
1161 1954 1354 2009 τελείαν
1378 1958 1467 2013 τὴν
1490 1955 1642 2025 φύσιν
1666 1959 1756 2008 τοῦ
1779 1959 1910 2007 Θεοῦ

344 2044 494 2116 λόγου
521 2046 702 2118 φαμὲν,
732 2046 817 2098 καὶ
844 2044 1027 2097 τέλειον
1048 2044 1106 2099 τὸ
1132 2045 1424 2117 πρόσωπον·
1449 2042 1561 2099 οὐδὲ
1589 2046 1687 2119 γάρ
1713 2044 1910 2118 ἀπρόσ·

344 2134 482 2188 ωπόν
515 2133 653 2187 ἐστιν
684 2128 973 2188 ὑπόστασιν
1008 2134 1194 2187 εἰπεῖν’
1243 2133 1433 2189 τελείαν
1470 2130 1522 2187 δέ
1565 2135 1648 2190 καὶ
1679 2137 1769 2191 τήν
1816 2139 1908 2186 τοῦ

336 2224 607 2296 ἀνθρώπου
627 2225 794 2294 φύσιν,
827 2226 909 2277 καὶ
937 2225 992 2278 τὸ
1015 2224 1289 2298 πρόσωπον
1314 2223 1516 2294 ὁμοίως.
1539 2219 1696 2278 Ὀταν
1721 2225 1809 2293 μέν
1831 2245 1909 2277 τοι

340 2311 428 2367 ὄπι
473 2314 565 2368 τήν
609 2312 874 2383 συνάφειαν
903 2309 1127 2380 εἴδωμεν,
1152 2311 1204 2367 ἓν
1234 2312 1510 2386 πρόσωπον
1534 2311 1645 2367 τότε
1677 2315 1850 2382 φαμέν.
1883 2330 1903 2364 t

340 2401 517 2456 Ταῦτα
555 2400 729 2467 ἡμεῖς.
756 2401 798 2455 εἰ
842 2402 927 2453 καὶ
967 2401 1166 2473 φρικτόν
1211 2402 1325 2455 ἐστι
1370 2401 1525 2473 λέγειν
1563 2408 1906 2477 χριστιανοῑς,

346 2483 486 2558 ὅμως
510 2484 594 2542 διὰ
627 2492 716 2546 τήν
741 2492 922 2555 μανίαν
946 2496 1048 2542 τῶν
1071 2489 1384 2544 ἔκδικούντων
1433 2487 1687 2562 Θεόδωρον
1714 2492 1793 2542 καὶ
1818 2495 1905 2548 τήν

342 2578 504 2638 ἀσεϐῆ
533 2579 714 2636 inivria
739 2579 1023 2642 ἐπιστολὴν,
1045 2590 1352 2653 προαγαγεῖν
1375 2580 1767 2653 ἠναγκάσθημεν,
1789 2579 1904 2631 ἵλεω

343 2669 429 2725 τὸν
465 2670 585 2723 Θεὸν
621 2671 737 2739 ἡμῖν
776 2669 1183 2741 παρακαλοῦντες
1230 2670 1479 2739 γενέσθαι·
1514 2666 1578 2722 δι’
1599 2664 1665 2720 ὧν
1704 2667 1905 2719 πάντων

345 2755 711 2824 ἀποδέδεικται,
740 2755 818 2811 ὅτι
849 2761 1021 2818 πάσης
1049 2766 1138 2817 τῆς
1164 2757 1423 2832 Θεοδώρου
1465 2759 1699 2817 ἀσεϐείας
1740 2761 1902 2828 μεστή

347 2845 484 2903 ἔστιν
501 2848 532 2906 ἦ
559 2850 834 2923 κατάρατος
860 2846 1017 2908 ἐκείνη
1044 2850 1300 2908 ἕπιστολή.

2014 1875 2219 1931 unitate
2245 1872 2550 1944 perﬁciunt;
2579 1874 2651 1928 ita
2680 1884 2759 1939 ut,
2781 1877 3229 1944 quemadmodum
3254 1879 3321 1934 de
3343 1883 3580 1938 masculo

2014 1971 2071 2020 et
2088 1962 2281 2021 femina
2303 1962 2559 2017 Dominus
2579 1963 2747 2032 inquit
2765 1979 2862 2019 eos
2881 1980 2990 2019 non
3002 1966 3113 2035 jam
3133 1966 3284 2034 duos,
3307 1970 3398 2025 sed
3421 1987 3577 2027 unam

2022 2062 2237 2102 carnem
2255 2062 2394 2114 esse;
2414 2048 2665 2104 similiter
2680 2051 3092 2119 etiam,ugitatis
3107 2053 3340 2109 rationes
3352 2054 3574 2121 nonjnttt

2021 2138 2160 2204 dum,
2187 2139 2276 2192 sed
2298 2139 2455 2194 unica
2473 2139 2541 2193 sit
2564 2155 2817 2209 persona,
2842 2151 3123 2197 constante
3144 2158 3356 2213 semper
3381 2144 3579 2198 distin-

2022 2228 2200 2281 ctibue
2236 2236 2572 2281 naturarum.
2595 2228 3052 2294 Quemadmodum
3084 2234 3225 2286 enim
3268 2233 3340 2285 ibi
3367 2234 3576 2287 numeri

2022 2333 2130 2372 non
2152 2318 2358 2371 tollitur
2382 2318 2689 2388 duplicitas,
2713 2321 2855 2389 quod
2881 2336 2986 2374 una
3009 2338 3136 2375 caro
3156 2323 3385 2387 dicatur,
3411 2324 3577 2393 liquet

2022 2415 2166 2466 enim
2187 2410 2636 2478 quemadmodum
2662 2427 2767 2467 una
2788 2413 3017 2480 dicatur,
3043 2415 3229 2470 eodem
3254 2418 3453 2485 pariter
3472 2431 3581 2471 mo,

2023 2497 2094 2553 do
2120 2498 2340 2552 minime
2366 2506 2679 2553 naturarum
2712 2500 2955 2556 aufertur
2987 2502 3134 2572 [Leg.
3159 2504 3358 2577 aufert]
3385 2505 3578 2558 discri-

2004 2598 2130 2639 men
2157 2584 2332 2638 unitas
2357 2584 2470 2653 ipsa
2494 2598 2756 2654 personas.
2785 2583 2918 2639 Cum
2946 2601 3108 2664 porro
3134 2595 3351 2649 naturas
3377 2587 3581 2645 discet-

2005 2671 2503 2747 nimus,perfectam
2522 2673 2615 2728 Dei
2646 2672 2805 2729 Verbi
2834 2681 3078 2729 naturam
3108 2674 3581 2746 proﬁtemur,per-

2002 2763 2304 2830 lectamque
2323 2775 2609 2831 personam
2627 2760 2756 2832 (non
2768 2762 2910 2817 enim
2929 2762 3233 2834 hypostasis
3250 2763 3356 2818 diei
3378 2764 3582 2832 absque

2003 2866 2233 2924 persona
2248 2852 2473 2923 potest),
2486 2850 2779 2921 perfectam
2802 2854 3002 2922 pariter
3021 2854 3307 2909 humanam
3336 2863 3582 2911 naturam

2014 2955 2404 3011 personamque
2422 2940 2686 2996 similiter.
2709 2938 2842 2995 Cum
2865 2951 3043 2998 autem
3069 2944 3124 2998 in
3145 2945 3332 2999 harum
3364 2945 3583 3016 copula-

343 3030 546 3090 tionem
573 3035 685 3090 sive
713 3034 1137 3103 conjunctionem
1164 3038 1399 3098 animum
1426 3037 1766 3102 intendimus,
1797 3034 2007 3089 unicam
2046 3040 2171 3091 tunc
2194 3047 2313 3088 esse
2341 3047 2623 3104 personam
2651 3034 3018 3102 praedicamus.
3040 3055 3058 3087 ι
3091 3034 3216 3092 Haec
3251 3052 3350 3091 nos
3367 3078 3381 3103 ,
3413 3053 3584 3108 quan-

341 3139 502 3196 quam
529 3127 673 3181 dictu
717 3126 1029 3184 Christianis
1065 3127 1382 3196 horribilia;
1426 3127 1724 3202 producere
1750 3128 1813 3182 in
1861 3126 2094 3182 medium
2136 3127 2312 3182 coacti
2359 3141 2543 3181 sumus
2592 3141 2661 3180 ex
2705 3123 2973 3180 Theodori
3018 3126 3294 3196 impizeque
3346 3132 3584 3199 epistolae

342 3222 692 3284 patronorum
735 3216 962 3278 Insania,
1013 3216 1299 3284 propitium
1346 3216 1499 3270 nobis
1545 3215 1715 3268 Deum
1764 3213 1880 3270 fieri
1926 3215 2298 3284 postulantes:
2343 3216 2536 3284 quibus
2578 3224 2753 3270 tamen
2780 3214 3203 3274 demonstratum
3228 3228 3312 3285 est
3338 3221 3583 3290 universa

346 3299 714 3359 Theodoriana
747 3303 1020 3371 impietate
1044 3304 1424 3357 exsecrabilem
1462 3317 1584 3357 eam
1628 3302 1909 3372 epistolam
1946 3318 2064 3359 esse
2090 3302 2361 3358 refertam.

418 3393 512 3445 Καὶ
523 3398 685 3452 ταῦτα
703 3393 793 3461 μὲν
805 3391 1003 3453 ἅπαντα
1016 3395 1380 3465 ἀπεκρινάμεθα
1391 3394 1516 3466 πρὸς
1530 3395 1595 3449 τά
1605 3401 1676 3466 τῷ
1686 3393 1911 3466 ὑμετέρῳ

2082 3391 2153 3446 Et
2179 3392 2294 3446 haec
2322 3393 2539 3461 quidem
2582 3394 2761 3461 omnia
2801 3395 3170 3467 respondimus
3197 3397 3265 3453 ad
3292 3412 3357 3454 ea
3384 3413 3504 3469 quas
3528 3400 3586 3454 in

347 3481 768 3553 κεφαλαιογραφίῳ
798 3480 929 3550 (Sic)
957 3486 1294 3555 περιεχόμενα
1313 3522 1328 3546 ,
1358 3481 1419 3538 δι’
1450 3480 1515 3536 ὧν
1554 3481 1910 3537 ἐσπουδάσατε

347 3578 437 3631 τὴν
460 3574 621 3631 ἀσεϐῆ
646 3573 827 3634 ἐκείνην
864 3574 1123 3631 ἐπιστολήν
1158 3572 1449 3637 ἑκδικῆται,
1482 3576 1566 3626 καὶ
1603 3570 1687 3626 διά
1725 3575 1913 3630 ταύτην

346 3668 438 3726 τήν
465 3661 725 3738 Θεοδώρου
765 3666 848 3721 καί
877 3666 1141 3732 Νεστορὶου
1187 3659 1473 3724 κακοδοξίαν
1521 3663 1911 3723 ἀνανεώσασθαι,

344 3752 413 3810 ὦν
433 3760 522 3815 τήν
570 3753 807 3825 ἀσέϐειαν
858 3757 888 3812 ἠ
933 3752 1056 3811 αὐτή
1107 3753 1341 3810 ἐπιστολή
1382 3755 1595 3807 ἐπαινεῖ.
1637 3751 1833 3809 Ἐπειδή
1862 3750 1915 3805 δὲ

346 3846 507 3901 πολλὰ
532 3853 623 3907 τῆς
646 3846 1063 3917 μνημονευθείσης
1086 3844 1352 3902 ἐπιστολῆς
1378 3850 1468 3903 τῆς
1505 3845 1631 3918 πρὸς
1653 3846 1810 3916 Μάριν
1830 3844 1915 3897 τὶν

346 3934 592 4008 αἱρετικὸν
623 3937 969 4007 γεγραμμένης
1000 3933 1423 4007 παραλελοίπατε,
1467 3937 1548 3989 καί
1575 3935 1658 3988 οὐκ
1703 3932 1912 4002 ἐτολμή-

344 4047 469 4087 σατε
497 4033 663 4082 ταῦτα
698 4034 809 4086 τοῖς
845 4026 1105 4102 ὑμετέροις
1153 4026 1432 4095 κεφαλαίοις
1474 4027 1690 4087 ἐνθεῖναι,
1735 4025 1820 4088 ἶνα
1846 4028 1915 4094 μή

347 4126 434 4178 καὶ
458 4126 511 4178 ἐκ
537 4125 726 4178 τούτων
746 4128 834 4180 τήν
862 4123 912 4185 ἐξ
939 4124 1079 4193 ὑμῶν
1101 4121 1443 4191 ἐκδικουμένην
1478 4122 1712 4177 ἀσέϐειαν
1740 4119 1765 4174 ὁ
1792 4119 1915 4192 παρ’

348 4214 471 4283 ὑμῖν
494 4221 591 4266 τῶν
616 4220 920 4286 Χριστιανῶν
955 4214 1089 4283 μάθῃ
1125 4212 1261 4279 λαός,
1314 4215 1581 4280 ἀναγκαῖον
1619 4212 1917 4280 ἐνομίσαμεν

348 4296 470 4356 εἶναι
494 4304 575 4355 καὶ
597 4308 762 4357 ταῦτα
791 4301 871 4356 διά
901 4303 1146 4375 βραχέων
1169 4310 1471 4376 φανερῶσαι.
1502 4303 1798 4377 Περιέχεται
1818 4295 1917 4372 γὰρ

348 4399 455 4451 τοῖς
476 4392 597 4467 παρ’
626 4396 765 4461 ὑμῶν
802 4393 1275 4467 παραλελειμμένοις
1322 4393 1514 4465 ῥήμασι
1562 4401 1651 4451 τῆς
1701 4393 1919 4452 ἀσεϐοῦς

348 4483 636 4542 ἐπιστολῆς.
661 4501 676 4532 ι
706 4482 782 4538 ὅτι
813 4485 1052 4557 Κύριλλος
1075 4486 1165 4544 τὰς
1187 4486 1339 4543 ἀκοάς
1359 4483 1561 4537 πάντων
1588 4490 1686 4537 τῶν
1713 4480 1916 4535 ἐπισκό-

347 4591 459 4627 πων
490 4579 589 4625 τῶν
629 4573 677 4625 ἐν
705 4581 766 4646 τῇ
810 4572 912 4628 κατ’
932 4571 1139 4635 ’Ἔφεσον
1187 4571 1382 4641 συνόδῳ
1433 4571 1789 4629 συνελθόντων.
1847 4574 1919 4637 τῷ

349 4663 597 4732 φαρμάκῳ
637 4669 709 4734 τῷ
740 4667 982 4735 πηροῦντι
1025 4665 1145 4721 τοὺς
1173 4662 1450 4733 ὀφθαλμοὺς
1479 4666 1578 4712 τῶν
1610 4664 1774 4726 σοφῶν
1798 4677 1920 4709 κατ-

2013 3491 2193 3537 vestro
2220 3483 2575 3552 capitulorum
2613 3483 2750 3547 libro
2788 3485 3230 3553 continebantur,
3259 3487 3453 3556 quibus
3483 3489 3586 3553 im,-

2013 3573 2156 3642 piam
2185 3572 2457 3641 prtefatam
2487 3573 2764 3642 epistolam
2793 3574 3066 3630 vindicare
3092 3576 3404 3632 nitebamini
3422 3619 3437 3644 ,
3464 3592 3589 3648 pra-

2013 3675 2214 3730 vasque
2260 3668 2547 3731 propterea
2596 3660 2864 3719 Theodori
2910 3662 3243 3733 Nestoriique
3291 3665 3588 3722 instaurare

2016 3750 2330 3816 sententias,
2362 3764 2586 3829 quorum
2616 3749 2830 3829 prmfata
2868 3751 3092 3821 epistola
3120 3752 3461 3808 commendat
3486 3754 3589 3808 im-

2015 3840 2288 3909 pietatem.
2333 3826 2595 3906 Quoniam
2625 3826 2754 3897 vero
2788 3841 3055 3911 permulta
3082 3841 3135 3895 in
3164 3851 3461 3897 memorata
3487 3845 3589 3898 im-

2016 3928 2104 3999 pia
2126 3929 2350 3998 epistola
2372 3929 2441 3984 ad
2460 3929 2647 3984 Marim
2677 3931 2985 3988 heereticum
3014 3931 3214 4002 scripta
3241 3931 3589 4000 przeteriistis,

2018 4035 2189 4088 neque
2209 4020 2325 4074 ausi
2346 4020 2475 4074 estis
2495 4036 2556 4074 ea
2582 4021 2773 4075 vestris
2801 4021 3063 4091 capitibus
3081 4021 3337 4087 inserere,
3359 4038 3428 4077 ne
3454 4022 3591 4078 forte

2002 4104 2081 4164 ‘ex
2109 4110 2174 4164 iis
2195 4111 2356 4163 etiam
2383 4108 2717 4165 Christianus
2736 4112 2979 4181 populus,
3005 4121 3204 4180 quanta
3232 4127 3264 4167 a
3290 4114 3442 4171 vobis
3466 4130 3592 4185 pro-

2018 4207 2345 4269 pugnaretur
2389 4199 2634 4270 impietas
2676 4199 3029 4268 intelligeret,
3069 4202 3427 4255 necessarium
3473 4217 3593 4257 esse

2013 4297 2407 4366 judicavimus,
2457 4297 2574 4359 haec
2609 4311 2822 4365 quoque
2859 4296 3043 4365 paucis
3087 4297 3391 4352 ostendere.
3443 4297 3499 4352 In
3528 4313 3591 4353 ea

2018 4389 2161 4442 enim
2190 4387 2432 4456 epistola:
2468 4393 2621 4454 parte
2643 4425 2661 4450 ,
2707 4401 2825 4455 quae
2873 4386 3225 4455 praetermissa
3254 4401 3285 4440 a
3316 4387 3462 4441 vobis
3486 4397 3593 4456 est,

2018 4475 2244 4530 habetur
2271 4485 2296 4511 ιι
2328 4491 2342 4527 :
2377 4492 2397 4525 ε
2423 4461 2677 4544 Gyrillum
2704 4490 2861 4530 aures
2883 4476 3119 4530 omnium
3142 4476 3516 4546 episcoporum
3540 4478 3593 4533 itt

2019 4564 2288 4633 Ephesum
2317 4564 2746 4618 convenientium
2780 4578 2989 4620 veneno
3024 4564 3316 4619 obcaecanti
3354 4565 3593 4620 omnium

2021 4654 2208 4708 oculos
2235 4653 2529 4714 obtinuisse
2571 4653 2923 4722 sapientium;
2976 4654 3243 4709 invenisse
3271 4664 3450 4717 autem
3479 4672 3595 4722 mq-

346 4751 527 4821 ἐσχεν,
559 4748 700 4823 εὗρεν
728 4749 780 4804 δέ
809 4753 1028 4824 ὴιορμήν
1053 4753 1107 4803 ἐκ
1134 4756 1226 4804 τοῦ
1259 4752 1399 4810 κατὰ,
1415 4748 1685 4819 Νεστορίου
1714 4746 1912 4814 μίσους,

2022 4748 2148 4803 dum
2177 4763 2251 4811 ει,
2266 4747 2389 4802 odio
2412 4746 2466 4803 in
2491 4745 2791 4802 Nestorium
2819 4756 3192 4817 prteconcepto
3221 4765 3243 4809 ες
3266 4756 3427 4827 atque
3453 4748 3596 4804 nulla

351 4843 438 4895 καί
461 4838 539 4893 ὅτι
563 4839 750 4897 καθεῖλε
773 4847 863 4898 τῆς
891 4840 1165 4898 ἐπισκοπῆς
1188 4840 1451 4912 Νεστὸριον
1472 4840 1501 4895 ἡ
1530 4835 1780 4908 ἐνἘφίσῳ
1800 4835 1920 4888 σύνο

349 4928 486 4993 οδος,
516 4931 729 5003 κρίσεως
750 4931 831 4980 καί
857 4931 1115 4991 ζητήσεως
1136 4933 1203 4996 μὴ
1235 4929 1514 4999 γενομένης.
1530 4945 1547 4976 ι
1571 4929 1662 4981 Καὶ
1688 4925 1843 4980 πάλιν
1873 4925 1920 4976 ἐν

350 5027 417 5093 τῇ
596 5017 833 5091 ἂπιστολῇ
859 5019 1164 5089 περιέχεται
1181 5032 1196 5047 ⁶
1229 5034 1248 5066 ε
1277 5015 1354 5070 ὅτι
1378 5020 1443 5070 τά
1475 5016 1668 5071 δώδεκα
1690 5015 1923 5086 κεφάλαια

352 5113 421 5167 τὰ
445 5112 590 5186 παρὰ
618 5107 848 5183 κυρίλλου
873 5111 1147 5182 γραφέντα,
1178 5108 1372 5162 ἐναντία
1397 5105 1518 5163 ὄντα
1541 5117 1630 5169 τῆς
1659 5108 1805 5181 ὀρθῆς
1833 5109 1921 5158 πί-

356 5221 539 5263 στεως,
568 5201 851 5274 προέθηκαν
875 5200 921 5253 ei
961 5198 1011 5253 ἐν
1029 5202 1213 5269 Ἐφέσῳ
1243 5202 1584 5269 συναχθέντες
1620 5204 1883 5255 ἐπίσκοποι
1904 5237 1920 5261 ,

355 5295 440 5347 καὶ
465 5291 792 5356 ἇεεϐαίωσσν,
845 5292 931 5344 καί
970 5292 1254 5361 συνῄνεσαν
1283 5292 1477 5355 αὐτοῖς,
1513 5294 1579 5350 ὡς
1603 5300 1664 5365 τῇ
1695 5292 1813 5362 ὀρθῇ
1836 5290 1921 5341 πί-

355 5381 807 5455 οτεισυνᾲδουσινθ
855 5385 944 5436 καὶ
972 5380 1050 5437 ὅτε
1099 5383 1368 5458 Νεστόριος
1404 5380 1573 5441 ἔπειδή
1614 5385 1832 5452 ἱμεσεῖτο
1871 5384 1920 5436 ἐν

355 5485 423 5552 τῇ
447 5477 549 5550 ἰδίᾳ
574 5476 733 5535 πόλει,
764 5478 850 5530 καὶ
874 5476 1016 5551 παρὰ
1040 5482 1138 5531 τῶν
1159 5478 1373 5550 πρώτων
1397 5477 1569 5535 αὐτῆς,
1599 5474 1920 5548 ὑποστρέψαι

355 5569 462 5625 ἐκεῖ
482 5570 572 5622 οὐκ
591 5565 826 5627 ἠδυνήθη.
857 5586 876 5620 ι
911 5570 997 5621 Καὶ
1028 5565 1110 5620 διά
1134 5568 1335 5621 πάντων
1362 5566 1388 5620 ὁ
1416 5566 1615 5641 γράψας
1648 5572 1738 5624 τὴν
1764 5568 1919 5623 αὐτήν

357 5658 523 5718 ἀσεϐῆ
556 5658 846 5719 ἐπιστολήν,
887 5659 946 5711 οὐ
975 5654 1120 5725 μόνον
1157 5657 1277 5715 τοὺς
1311 5656 1588 5728 αίρετικούς
1630 5653 1817 5711 ὶκδικεῖ
1843 5656 1925 5707 καί

2020 4844 2265 4898 instituta
2291 4842 2658 4911 disquisitione
2680 4851 2736 4897 et
2758 4842 2957 4911 judicio
2978 4842 3281 4908 Nestorium
3310 4843 3379 4897 ab
3407 4843 3595 4898 eadem

2023 4931 2293 5002 Ephesina
2336 4931 2541 5004 synodo
2608 4931 2741 4991 sede
2811 4948 2906 4991 sua
2960 4932 3127 4989 fuisse
3168 4933 3530 4991 deturbatum.
3569 4951 3588 4985 ›

2025 5019 2231 5076 Pariter
2258 5022 2312 5075 in
2354 5022 2543 5076 eadem
2591 5021 2816 5090 epistola
2862 5021 3090 5077 habetur
3119 5040 3132 5076 :
3169 5041 3187 5074 ε
3215 5021 3504 5078 Duodecim
3532 5038 3597 5078 ea

2027 5112 2258 5180 capitula
2294 5112 2361 5166 ab
2391 5110 2590 5181 Cyl-illo
2618 5110 2936 5187 conscripta,
2971 5126 3272 5180 quanquam
3299 5126 3420 5166 cum
3450 5121 3595 5168 recta

2029 5203 2130 5257 tide
2157 5211 2472 5272 pugnarent,
2498 5202 2566 5256 ab
2593 5200 2873 5270 Ephesium
2899 5202 3085 5273 synodi
3114 5202 3374 5272 episcopis
3395 5218 3596 5272 propo-

2027 5292 2125 5345 sita
2179 5290 2339 5345 fuisse
2385 5297 2547 5360 atque
2593 5289 2905 5345 conﬁrmata
2930 5332 2945 5357 ,
2977 5291 3186 5360 illisque
3213 5306 3310 5346 eos
3342 5298 3595 5358 tanquam

2024 5395 2166 5435 veras
2207 5380 2329 5435 fidei
2358 5379 2777 5435 consonantibus
2813 5381 3180 5445 consensisse;
3219 5388 3380 5447 atque
3405 5378 3596 5433 Nesto-

1996 5466 1999 5470 ⁴
2026 5471 2183 5537 rium,
2206 5479 2492 5541 propterea
2514 5468 2658 5538 quod
2684 5468 2808 5525 odio
2832 5470 3121 5525 haberetur
3144 5469 3213 5524 ab
3230 5469 3449 5523 civitate
3473 5480 3589 5535 sua,

2025 5560 2395 5630 primariisque
2422 5558 2631 5613 civibus
2657 5557 2773 5625 ejus
2795 5596 2812 5623 ,
2853 5558 2979 5613 illuc
3005 5557 3221 5612 minime
3248 5554 3482 5624 potuisse
3506 5566 3597 5607 re-

2030 5651 2182 5706 verti.
2224 5667 2243 5699 ι
2279 5649 2456 5718 Atque
2483 5647 2589 5704 hoc
2613 5646 2776 5703 modo
2798 5646 3001 5703 nefarie
3028 5645 3167 5702 illius
3193 5639 3430 5712 epistolae
3455 5641 3593 5705 seri:-

432 5755 459 5786 ι
492 5745 683 5816 Exstat
712 5745 765 5802 in
803 5745 935 5801 actis
976 5757 1132 5801 conc.
1172 5743 1575 5814 Constantinop.
1616 5761 1672 5813 ιι,
1704 5743 1838 5800 Coll.
1871 5740 1919 5807 5,
1962 5741 2100 5814 apud
2153 5739 2317 5795 Labb.
