3954 6146
497 317 632 388 1075
1176 327 1183 332 ’
1810 321 2059 385 JUSTli‘

2168 323 2250 383 Nl
2291 322 2446 384 IMP.
3637 310 3744 379 1οἳίῖ

508 445 714 504 iratust.
735 443 860 499 ἄλλά
887 445 970 496 καί
1003 443 1120 500 τοὺς
1147 439 1436 516 ὀρθοδόξους
1475 437 1626 510 λέγει.
1681 443 1796 515 Περὶ
1839 443 1938 511 γάρ
1977 445 2059 494 τοῦ

2172 445 2308 505 ptor.
2327 452 2432 490 non
2456 431 2614 489 modo
2636 432 2914 486 haereticos
2938 439 3116 488 tuetur
3133 447 3196 488 ac
3219 434 3426 500 laudat,
3445 435 3540 490 sed
3561 439 3728 496 catho-

510 531 760 608 κακαρίου
785 529 1084 588 Ῥαϐϐούλου
1113 537 1202 586 τοῦ
1229 528 1432 590 Ἐδέσης
1460 529 1770 594 ἐπισκόπου,
1802 527 1982 606 ἀνδρὸς
2025 531 2059 583 ἐπ

2175 525 2308 579 licos
2335 525 2495 578 etiam
2525 522 2800 577 nontinare
2829 537 2932 576 non
2958 531 3192 578 veretur.
3223 524 3302 578 De
3329 525 3498 580 beato
3525 541 3726 597 namque

507 606 803 681 ἑπισκὸποις
828 623 1100 690 ὶπισήμου,
1121 616 1180 673 οὗ
1198 620 1257 674 τὸ
1279 627 1446 690 μνῆμα
1469 621 1705 690 θαύματα
1742 627 1882 673 ποιεῖ
1913 621 1975 690 μί
1982 643 2016 688 χ
2025 640 2054 694 ρ

2179 614 2381 670 Rabula
2410 606 2802 668 Edessenorutn
2829 613 3100 682 episcopo,
3131 613 3342 668 eximiae
3373 614 3589 684 pietatis
3613 619 3728 675 auti-

506 718 594 770 τῆς
635 715 883 786 σήμερον,
917 709 1077 769 οὕτως
1103 711 1253 781 φησίν
1283 705 1334 762 ἔν
1360 717 1423 784 τῇ
1451 710 1574 783 αὐτῇ
1613 709 1794 764 ἀσεϐεῖ
1816 709 2050 784 επιστολῇ

2175 707 2300 761 stite
2323 745 2338 769 ,
2380 703 2532 772 cujus
2569 701 2635 756 ad
2671 702 2978 772 sepulcrum
3023 701 3090 756 ad
3136 702 3250 758 bace
3293 717 3469 772 usque
3513 713 3727 776 tempora

510 817 526 848 ι
556 795 672 854 Ὀτι
717 798 744 852 ὃ
767 799 1008 874 τύραννος
1037 806 1126 857 τῆς
1168 800 1413 872 ἡμετέρας
1452 798 1666 860 πόλεως,
1695 795 1747 852 ὃν
1791 797 1898 852 οὐδέ
1929 800 2059 858 αὐτὸς

2177 792 2439 848 mirabilia
2468 798 2768 865 patrantur,
2797 790 2902 845 hoc
2931 789 3091 844 modo
3119 790 3172 844 in
3201 791 3370 860 impia
3399 793 3493 848 illa
3519 810 3608 849 sua
3632 799 3726 866 epi-

505 888 718 958 άγνοεῖς,
748 889 996 961 προφάσει
1024 895 1116 946 τῆς
1141 889 1366 948 πίστεως
1387 889 1445 940 οὐ
1464 883 1614 958 μόνον
1661 889 1778 947 τοὺς
1819 892 2059 950 σνζῶνταί

2175 882 2314 936 stola
2357 881 2541 936 scribit
2569 897 2582 931 :
2620 898 2638 930 ι
2669 877 2946 950 Tyrannus
2983 887 3178 934 nostrae
3205 880 3446 936 civitatis
3468 921 3483 946 ,
3513 898 3661 952 quem
3681 886 3727 940 tu

503 979 637 1048 αὐτῷ
661 975 827 1034 διώκει
844 1018 859 1041 ,
897 978 1018 1031 άλλὰ
1065 981 1150 1033 καί
1185 980 1306 1038 τοὺς
1349 976 1444 1036 ἤδη
1473 978 1626 1032 πάλαι
1650 981 1777 1050 πρὸς
1806 979 1887 1032 τὸν
1908 977 2059 1053 κύριοι

2176 971 2336 1025 etiam
2367 969 2478 1040 ipse
2506 985 2612 1024 non
2641 968 2884 1037 ignoras,
2911 969 3004 1037 qui
3027 969 3318 1024 occasione
3353 970 3508 1036 fidei,
3536 988 3636 1027 non
3657 988 3726 1029 so-

499 1065 804 1126 ἆπε).θόντας
825 1063 890 1119 ὧν
912 1062 982 1126 εἷς
1005 1065 1140 1120 iam
1165 1065 1190 1119 ὃ
1211 1069 1456 1142 μακάριος
1479 1065 1736 1138 Θεόδωρος
1765 1066 1790 1120 ὁ
1817 1069 1968 1140 κήρυξ
1988 1075 2059 1128 τιῖι

2177 1061 2286 1114 lum
2317 1073 2440 1114 cum
2469 1073 2534 1113 eo
2561 1059 2800 1113 viventes
2827 1057 3190 1127 persequitur,
3221 1059 3319 1113 sed
3361 1060 3524 1114 etiam
3549 1075 3634 1117 eos
3654 1063 3727 1130 qui

504 1155 750 1214 ἀληθείας,
776 1158 860 1208 καί
879 1152 1177 1214 διδάσκαλος
1203 1163 1295 1216 τῆς
1340 1155 1625 1219 ἐκκλησίας,
1657 1152 1710 1214 ὃς
1751 1159 1809 1209 οὐ
1850 1155 1994 1228 μόνον
2030 1158 2059 1208 ἔτ

2184 1147 2382 1202 dudum
2408 1146 2476 1200 ad
2503 1144 2784 1200 Dominum
2812 1145 3075 1200 abierunt.
3105 1144 3349 1211 Quorum
3375 1163 3511 1203 unus
3533 1159 3608 1204 est
3625 1151 3726 1205 bea-

503 1252 564 1316 τῇ
585 1247 744 1319 οἰκείᾳ
773 1249 874 1316 ζωῇ
901 1247 1022 1304 τοὺς
1042 1245 1325 1314 αἱρετικοὺς
1353 1246 1645 1316 ἓκολάφισεν
1675 1243 1758 1298 διὰ
1781 1253 1871 1306 τῆς
1895 1247 2059 1305 οἰκείας

2179 1245 2262 1291 tus
2291 1235 2603 1290 Theodorus
2629 1235 2948 1304 praedicator
2977 1233 3237 1302 veritatis,
3267 1243 3325 1290 et
3355 1237 3544 1293 doctor
3568 1237 3724 1294 Eccle-

503 1339 746 1404 πίστεως,
769 1337 888 1390 ἀλλὰ
927 1340 1010 1390 καί
1049 1339 1177 1406 μετὰ
1204 1337 1412 1391 Θάνατον
1453 1335 1580 1390 ὅπλα
1623 1331 1942 1406 πνευματικᾶ
1973 1345 2059 1394 τοῦ

2177 1330 2288 1392 siae,
2323 1327 2412 1395 qui
2442 1341 2548 1380 non
2595 1325 2768 1380 solum
2812 1325 2994 1379 vivens
3032 1325 3316 1380 haereticos
3357 1341 3458 1396 per
3491 1329 3723 1398 propriam

505 1423 648 1487 ἰδίοις
689 1427 904 1498 βιϐλίοις
954 1434 1059 1486 τοῖς
1109 1434 1200 1488 τῆς
1247 1427 1506 1485 ἐκκλησίας
1553 1429 1736 1486 τέκνοις
1773 1426 2056 1496 κατέλειψεν

2179 1415 2333 1470 fidem
2361 1415 2660 1484 percussit,
2689 1413 2783 1468 sed
2813 1413 2971 1466 etiam
3003 1421 3124 1480 post
3163 1423 3397 1467 mortem
3428 1429 3570 1469 arma
3593 1415 3721 1484 spiri-

504 1519 575 1578 ὦς
597 1521 680 1571 καί
705 1519 734 1576 ἡ
754 1522 818 1576 σή
841 1518 1073 1572 εὐλάβεια
1100 1515 1208 1589 μετ’
1242 1519 1392 1572 αὐτοῦ
1419 1518 1684 1576 λαλήσασα
1707 1521 1964 1587 γινώσκει,
1996 1540 2059 1572 κα

2179 1505 2302 1558 talia
2333 1505 2383 1558 in
2417 1503 2565 1558 libris
2593 1503 2702 1557 suis
2731 1501 3015 1570 dereliquit
3043 1501 3301 1556 Ecclesiae
3333 1503 3454 1556 filiis
3477 1543 3493 1568 ,
3531 1505 3654 1558 sicut
3681 1513 3720 1558 et

502 1609 559 1662 ὲκ
581 1615 676 1660 τῶν
699 1607 824 1678 παρ’
841 1608 997 1662 αὐτοῦ
1023 1609 1410 1681 συγγραφέντων
1433 1608 1725 1662 ἐπίστευσε·
1749 1612 1927 1660 τοῦτον
1954 1607 2058 1662 ἐτὸλ

2179 1603 2268 1648 tua
2289 1593 2608 1656 reverentia,
2634 1607 2753 1647 cum
2777 1607 2843 1646 eo
2867 1592 3132 1646 collocuta
3157 1593 3434 1660 cognovit,
3455 1603 3508 1648 et
3532 1595 3607 1649 bis
3627 1611 3718 1663 qua

501 1717 664 1763 μησεν
685 1695 709 1750 ὁ
730 1694 900 1752 πάντα
920 1696 1114 1766 τολμῶν
1133 1697 1209 1749 ἐπ’
1237 1695 1501 1756 ἐκκλησίας
1521 1704 1740 1770 φανερῶς
1772 1697 2059 1761 άναθεματί

2182 1687 2249 1741 ab
2274 1701 2340 1740 eo
2365 1686 2564 1754 scripta
2591 1691 2718 1738 sunt
2753 1683 2980 1752 praebuit
3029 1681 3206 1738 fidem.
3259 1683 3418 1740 Hunc
3459 1699 3608 1739 ausus
3637 1695 3718 1752 est,

499 1808 608 1843 σαι.
627 1805 643 1838 ι
663 1790 751 1840 Καὶ
769 1787 914 1842 πάλιν
935 1787 1236 1862 περιέχεται
1256 1795 1316 1860 τῇ
1340 1788 1464 1860 αὐτῇ
1489 1775 1672 1841 ἀσεϐεῖ
1686 1787 1922 1862 ἐπιστολῇ
1941 1789 2059 1860 πρὸς

2173 1776 2265 1846 qui
2310 1773 2491 1830 omnia
2545 1773 2727 1841 audet,
2787 1772 2856 1826 ab
2901 1771 3138 1826 Ecclesia
3200 1773 3656 1830 anutltematizare.
3695 1793 3711 1826 ι

498 1879 642 1950 ὕϐριν
669 1885 760 1933 τοῦ
787 1881 835 1932 ἐν
864 1878 1024 1949 ἁγίοις
1066 1878 1316 1954 ιυρίλλοψ
1349 1895 1366 1928 ι
1393 1875 1511 1933 Ὀτι
1532 1879 1562 1936 ἦ
1584 1877 1766 1954 καρδία
1805 1885 1896 1933 τοῦ
1930 1882 2052 1951 Δίγυ

2178 1867 2490 1936 Rursusque
2517 1867 2570 1920 in
2599 1865 2768 1920 sancti
2813 1865 2994 1936 Cyrilli
3037 1865 3422 1920 contumeliam
3447 1907 3460 1932 ,
3501 1868 3604 1922 haec
3625 1867 3714 1938 ipsa

497 1971 646 2025 πτίου
678 1970 977 2040 ἐμαλάχθη,
1006 1973 1090 2023 καί
1131 1953 1295 2043 χωρὶς
1342 1969 1599 2028 σκύλσεως
1637 1953 1698 2039 τῇ
1747 1970 1866 2044 ὀρθῇ
1905 1972 2059 2024 πίστεη

2175 1957 2227 2010 in
2255 1955 2568 2012 exsecrabili
2597 1969 2660 2009 ea
2688 1953 2914 2023 epistola
2939 1954 3286 2008 continentur
3313 1973 3326 2006 a
3357 1974 3376 2006 ι
3401 1954 3508 2010 Cor
3533 1956 3712 2028 {Egypti

495 2061 758 2128 συνῄνεσε.
812 2062 901 2112 καί
930 2055 1007 2112 ὅτι
1043 2059 1270 2118 ἀτάκτως
1310 2059 1432 2112 κατά
1469 2066 1566 2114 τῶν
1613 2061 1808 2122 ζώντων
1857 2061 1939 2112 καί
1976 2066 2059 2112 τῶι

2177 2047 2468 2100 emollitum
2499 2053 2580 2098 est
2603 2082 2616 2105 ,
2650 2051 2702 2097 et
2731 2044 2846 2099 sine
2875 2043 3158 2096 vexatione
3179 2083 3194 2108 ,
3228 2051 3395 2098 rectae
3421 2044 3534 2098 fidei
3559 2060 3710 2099 asserto

494 2147 896 2205 τελευτησάντων
925 2147 1259 2222 ὁρμήσαντες,
1291 2149 1342 2202 ἓν
1379 2149 1609 2218 αἰσχύνῃ
1636 2149 1762 2200 εἰσίν
1801 2146 1934 2220 ὑπὲρ
1974 2153 2059 2200 τῶι

2174 2137 2301 2190 titus
2317 2144 2398 2190 est
2413 2153 2427 2200 ;
2450 2143 2503 2188 et
2525 2131 2825 2188 inordinate
2837 2138 3020 2187 contra
3037 2131 3187 2186 vivos
3206 2139 3260 2186 et
3285 2141 3521 2188 mortuos
3541 2135 3708 2188 irrurno

494 2232 629 2289 ιδίων
657 2237 1051 2310 ἀπολογούμενοι
1079 2239 1434 2306 πταισμάτων,
1459 2239 1542 2291 καί
1571 2237 1764 2291 ἐναντία
1791 2245 1853 2312 τῇ
1892 2239 2059 2310 πρώτῃ

2174 2239 2256 2281 tcs
2279 2228 2331 2280 in
2358 2224 2670 2280 confusione
2693 2229 2836 2287 sunt,
2860 2218 3251 2278 satisfacientes
3279 2237 3381 2291 pro
3407 2223 3598 2278 delictis
3620 2224 3706 2277 suis
3771 2236 3783 2246 ί

493 2325 656 2378 αὐτῶν
693 2323 997 2399 διδασκαλίᾳ
1050 2323 1392 2392 διδάσκοντες,
1441 2329 1528 2379 καί
1567 2323 1643 2379 ὅτι
1676 2331 1784 2398 χρὴ
1815 2310 2059 2397 ὅμολογεῖι

2173 2326 2226 2372 et
2254 2315 2520 2371 contraria
2578 2313 2742 2382 priori
2782 2325 2890 2366 suae
2929 2311 3186 2364 doctrinae
3221 2311 3490 2376 docentes,
3519 2321 3567 2366 et
3587 2310 3704 2381 quod

493 2415 565 2474 είς
591 2415 675 2468 τὸν
699 2416 834 2478 ναὸν,
856 2418 939 2468 καί
969 2419 1041 2475 εἰς
1060 2416 1141 2469 τὸν
1177 2416 1455 2469 ἐνοικοῦντα
1488 2416 1534 2468 ἐν
1561 2417 1714 2484 αὐτῷ.
1732 2434 1750 2464 ι
1781 2418 1868 2468 Καί
1909 2422 2059 2470 ταῦτα

2173 2415 2420 2478 oporteat
2445 2404 2686 2461 confiteri
2717 2405 2768 2458 in
2797 2402 3056 2472 templum
3091 2410 3251 2470 atque
3289 2403 3640 2458 inbabitantem
3659 2403 3702 2456 in

494 2505 580 2572 μὶν
621 2505 869 2576 ἄγκείμενα
907 2514 970 2583 τῇ
1007 2509 1392 2581 μνημονευθείσῃ
1440 2507 1674 2581 ἐπιστολῇ
1717 2509 1905 2581 φανερά
1954 2509 2059 2580 una

2172 2514 2256 2555 eo.
2279 2519 2297 2551 ι
2324 2496 2495 2566 Atque
2513 2498 2624 2550 haec
2637 2494 2850 2564 quidem
2874 2494 2927 2547 in
2954 2501 3252 2546 memorata
3273 2495 3486 2564 epistola
3505 2492 3700 2563 sparsim

493 2593 879 2664 ίσπουδάσαμεν
918 2605 1271 2659 καταστῆσαι,
1301 2598 1383 2650 ἶνα
1421 2591 1510 2649 κᾶν
1539 2596 1700 2656 οὕτως
1731 2597 1823 2667 ὀφέ
1848 2618 1969 2652 ποτε
2004 2601 2059 2652 rd

2172 2591 2442 2649 intricata.
2461 2587 2736 2641 manifeste
2757 2585 2907 2639 vobis
2929 2585 2998 2638 ob
3019 2584 3206 2639 oculos
3233 2599 3425 2654 ponere
3443 2585 3602 2640 conati
3619 2601 3698 2640 suo

493 2685 610 2758 ι’ρθά
648 2685 984 2758 ἕπιλεγόμςνοι
1014 2687 1381 2762 ἀναχπηρὰσητε
1417 2690 1606 2748 ταύτης
1635 2696 1725 2748 τῆς
1757 2686 2059 2754 κακοδοξίας.

2173 2696 2310 2744 mus,
2330 2687 2403 2743 ut,
2424 2679 2523 2732 etsi
2551 2691 2694 2741 sero,
2714 2674 3036 2744 quandoque
3063 2680 3262 2741 tamen,
3281 2683 3416 2730 recta
3435 2677 3696 2745 cogitantes

2176 2771 2243 2825 ab
2271 2767 2448 2839 pravis
2493 2767 2555 2820 iis
2589 2764 3004 2836 Opinationibus,
3036 2765 3398 2834 erroribusque
3421 2765 3688 2821 discedatis.

561 2864 796 2922 Τοσαύτη
836 2863 891 2920 δέ
935 2867 1068 2920 ἔστιν
1098 2868 1128 2924 ἦ
1155 2873 1244 2928 τῆς
1270 2871 1508 2943 μυσαρᾶς
1546 2868 1810 2928 ἐπιστολῆς
1837 2869 2059 2936 ἀσέξεια,

2244 2860 2412 2913 Tanta
2440 2872 2603 2926 porro
2632 2857 2906 2910 sceleratae
2935 2854 3074 2909 illius
3102 2856 3327 2924 epistolae
3351 2864 3421 2909 est
3445 2855 3682 2923 impietas,

495 2951 576 3010 ὅτι
593 2951 704 3008 οὐδέ
728 2955 872 3024 ὑμεῖς
892 2958 1189 3027 ἐτολμήσατε
1211 2959 1396 3024 πάντα,
1435 2960 1502 3018 ὡς
1543 2957 1738 3032 εἴρηται
1761 3000 1774 3021 .
1806 2962 1872 3016 τὰ
1891 2982 2059 3035 περιε-

2169 2958 2226 3005 ut
2254 2963 2428 3018 neque
2457 2962 2550 3001 vos
2579 2947 2678 3016 ipsi
2708 2947 2820 3000 ausi
2851 2946 2986 3010 sitis,
3011 2953 3070 3000 ut
3094 2947 3288 3009 dicitur,
3316 2944 3530 2998 universa
3567 2956 3673 3010 quae

493 3043 686 3116 χόμενα
709 3046 836 3121 αὐτῇ
856 3054 964 3106 τοῖς
988 3047 1112 3122 παρ’
1126 3049 1154 3101 ὖ
1163 3056 1269 3118 μῶν
1287 3053 1587 3122 πεμφθεῖσιν
1605 3053 1886 3124 κεφαλαίοις
1913 3055 2040 3106 ἐνθεῐ
2051 3082 2059 3094 ·

2165 3041 2280 3112 ipsa
2309 3037 2702 3108 compleCtitur,
2749 3037 2802 3090 in
2847 3037 3104 3106 capitibus
3156 3049 3268 3104 quae
3295 3032 3515 3098 misistis,
3555 3045 3673 3100 pro-

493 3155 594 3197 ναι,
625 3135 670 3187 εἰ
695 3137 776 3189 καί
793 3157 903 3191 τινα
923 3137 973 3200 ἕξ
996 3141 1156 3192 αὐτῶν
1177 3137 1547 3214 διεστραςρομένῃ
1587 3142 1746 3216 ἐννοίᾳ
1777 3144 2059 3216 ἑρμηνεύειν

2165 3143 2366 3202 ponere
2391 3169 2407 3196 ,
2455 3141 2760 3196 quanquam
2801 3127 3058 3181 nonnulla
3099 3138 3330 3196 perversa
3363 3122 3683 3191 explicatione

491 3225 802 3297 ίπειράθητε.
825 3229 910 3288 Τίς
937 3230 1036 3303 γάρ
1067 3239 1388 3304 χριστιανοῖς
1415 3231 1628 3288 δύναται
1653 3238 2059 3304 συναριθμεῖσζαι

2167 3217 2510 3286 interpretari
2541 3215 2890 3271 tentaveritis.
2936 3214 3066 3282 Quis
3105 3215 3245 3269 enim
3283 3211 3568 3269 Christianis
3599 3211 3690 3266 erit

1783 3293 1900 3376 ,πλε
1937 3349 2061 3376 ma.
2164 3304 2628 3368 annumerandus,
2658 3305 2750 3376 qui
2774 3319 2892 3359 eam
2923 3305 3139 3375 impiam
3179 3319 3285 3360 non
3310 3303 3465 3368 dicat,
3494 3317 3600 3372 qua:
3623 3308 3690 3355 tot

2165 3405 2450 3466 tantasque
2480 3395 2721 3450 continet
2749 3395 3144 3464 blasphemias?
3181 3393 3419 3462 Quisquis
3443 3392 3567 3446 enim
3593 3390 3691 3458 ejus

2164 3486 2400 3557 epistolae
2431 3483 2797 3547 defensionem
2827 3484 3045 3554 suscipit
3071 3483 3126 3538 in
3155 3498 3262 3552 qua
3290 3483 3342 3538 S.
3371 3481 3574 3552 Cyrillus
3598 3481 3690 3535 hae-

2165 3577 2364 3631 reticus
2401 3575 2730 3644 appellatur,
2759 3573 3037 3644 primaque
3075 3571 3340 3642 Ephesina
3376 3572 3593 3642 rejicitur
3615 3585 3690 3640 sy-

2167 3666 2355 3729 nodus,
2379 3665 2469 3718 bic
2491 3662 2772 3718 manifeste
2791 3671 2950 3717 stata
2973 3661 3202 3717 Nestorii
3230 3662 3479 3732 partibus,
3505 3659 3695 3728 ejusque

2165 3755 2404 3809 adhaeret
2441 3754 2703 3823 impietati
2729 3795 2746 3821 ,
2784 3768 2942 3820 quem
2973 3753 3090 3821 ipsa
3139 3754 3368 3822 epistola
3397 3749 3696 3821 inquisitione

2161 3843 2467 3913 judicioque
2503 3845 2586 3900 bis
2613 3844 2923 3899 damnatum
2954 3842 3117 3898 fuisse
3153 3841 3352 3898 fatetur
3378 3842 3594 3910 quidem,
3617 3836 3694 3892 sed

2165 3947 2272 3986 non
2301 3933 2608 4000 dogmatum
2639 3947 2798 3988 causa
2819 3975 2835 4000 ,
2863 3947 3046 3986 verum
3078 3933 3276 3991 civium
3306 3933 3431 3988 odio
3457 3931 3518 3985 ad
3544 3929 3696 3983 Eccle-

2166 4022 2298 4076 siam
2324 4037 2430 4076 non
2459 4037 2579 4077 esse
2601 4037 2874 4076 reversum
2899 4023 2916 4042 '
2947 4039 2960 4075 :
2985 4030 3147 4090 atque
3169 4037 3274 4076 non
3299 4021 3502 4092 peccati
3515 4033 3622 4074 reus
3633 4023 3700 4072 est

2166 4113 2325 4168 modo
2354 4115 2424 4169 ob
2451 4114 2590 4169 hanc
2613 4127 2851 4182 causam,
2879 4113 2970 4184 qui
2997 4113 3112 4182 ejus
3138 4115 3384 4184 epistolae
3415 4121 3578 4168 tuetur
3603 4125 3700 4181 par-

2169 4213 2249 4258 tes
2272 4245 2286 4268 ,
2333 4219 2516 4258 verum
2544 4205 2668 4272 quia
2696 4203 3044 4259 Caelestinum
3071 4219 3290 4273 quoque
3323 4219 3513 4276 papam
3539 4199 3704 4258 conde-

2167 4302 2317 4348 mnat
2338 4333 2352 4356 ,
2393 4293 2461 4348 de
2496 4291 2696 4364 Cyrillo
2725 4295 2988 4349 dicentem
3012 4334 3028 4359 ,
3079 4293 3264 4366 Cyrilli
3311 4296 3471 4351 Iidem
3504 4302 3703 4347 nostram

2165 4379 2324 4436 ﬁdem
2346 4397 2484 4438 esse.
2509 4381 2586 4436 Ac
2605 4385 2824 4452 pariter,
2845 4383 2936 4452 qui
2957 4383 3241 4439 duodecim
3270 4399 3341 4442 ea
3367 4384 3532 4440 sancti
3552 4379 3705 4454 Cyrilli

2164 4471 2337 4540 capita
2369 4486 2488 4526 cum
2517 4482 2666 4526 recta
2689 4471 2791 4526 fide
2819 4485 3056 4542 pugnare
3077 4473 3384 4538 contendit,
3415 4473 3460 4527 is
3485 4487 3584 4526 non
3607 4485 3707 4524 san-

2160 4567 2306 4614 ctum
2335 4559 2589 4630 Cyrillum
2619 4561 2778 4614 modo
2807 4570 2968 4628 atque
3001 4560 3173 4632 beatae
3199 4561 3476 4616 memoriae
3502 4556 3708 4615 Cwlestiv

2161 4663 2320 4712 num,
2351 4649 2686 4718 primamque
2717 4648 3036 4716 Epltesinam
3063 4649 3332 4719 synodum
3359 4651 3575 4706 damnat
3593 4687 3606 4708 .
3634 4643 3710 4700 sed

2159 4740 2414 4794 adversus
2450 4755 2663 4809 quoque
2705 4748 2948 4794 sanctum
2977 4738 3424 4796 Chalcedonense
3459 4737 3708 4796 concilium

2154 4830 2410 4898 judicium
2438 4831 2542 4886 fert
2559 4829 2702 4900 quod
2725 4830 2978 4900 Cyrillum
3009 4829 3223 4900 scriptis
3253 4833 3467 4887 Patrem
3491 4845 3603 4886 esse
3627 4826 3710 4882 sibi

2159 4928 2320 4989 atque
2347 4919 2624 4974 doctorem
2652 4918 2974 4982 declaravit;
3024 4927 3186 4988 atque
3231 4920 3458 4991 insuper
3491 4919 3714 4974 adversus

2162 5017 2406 5064 sanctum
2447 5007 2683 5062 Leonem
2725 5006 3090 5063 Romanorum
3135 5007 3488 5078 pontiﬁcem,
3539 5006 3626 5075 qui
3661 5001 3716 5057 ad

2165 5098 2608 5153 Cltalcedonense
2709 5097 2997 5152 concilium
3053 5100 3295 5154 scribens
3349 5099 3421 5154 de
3465 5095 3715 5154 duodecim

2163 5186 2334 5242 sancti
2377 5184 2562 5256 Cyrilli
2596 5186 2858 5259 capitibus
2900 5187 3016 5242 hanc
3057 5187 3224 5242 habet
3261 5206 3274 5242 :
3331 5207 3351 5240 ε
3399 5186 3718 5244 Deﬁnitionos

2165 5279 2420 5338 adversus
2453 5277 2756 5334 Nestorium
2790 5279 2857 5333 ab
2881 5288 3082 5334 sanctae
3109 5281 3504 5336 recordationis
3541 5273 3718 5348 Cyrillo

2167 5371 2454 5441 pretiosius
2499 5371 2553 5424 in
2584 5378 2702 5426 tuto
2743 5374 3090 5440 perstiterunt
3119 5370 3314 5446 [Gr-mc.
3349 5365 3668 5444 pet-sistant].
3697 5383 3713 5415 ι

549 5452 716 5510 Πάσηε
740 5446 796 5504 δδ
813 5447 1054 5509 ἀσιειίας
1079 5449 1444 5522 πεπληρωμίω
1479 5457 1511 5514 ἦ
1539 5459 1748 5535 μυσαρά
1781 5461 2020 5518 ἐπιστολή
2033 5498 2050 5524 τ

2233 5459 2552 5528 Quanquam
2589 5475 2720 5516 vero
2760 5459 2933 5515 omnis
2969 5461 3131 5530 plena
3157 5463 3230 5517 sit
3266 5461 3566 5532 iniquitatis
3595 5467 3720 5514 eno-

479 5539 534 5598 ἓν
558 5541 706 5616 μόνον
731 5546 832 5598 τῶν
869 5541 1058 5598 ἀληθῶν
1101 5542 1394 5615 αποκρύψαι
1422 5548 1512 5600 οὐκ
1533 5545 1782 5618 ἴσχυσεν,
1830 5549 1912 5604 ὅτι
1951 5554 2052 5604 άπὸ

2164 5549 2376 5604 crabilis
2403 5566 2470 5604 ea
2497 5551 2722 5619 epistola
2739 5590 2755 5614 ,
2797 5565 2956 5604 unam
2985 5560 3162 5606 tamen
3191 5554 3418 5608 minime
3447 5553 3622 5608 celare
3649 5561 3723 5617 po-

480 5630 747 5704 ὁμοδόξων
773 5633 853 5686 καὶ
1073 5631 1346 5700 ἀνθρώπων
1371 5633 1634 5711 Θεόδωρος
1661 5636 1752 5692 ἀπ’
1789 5640 2052 5698 ἐκκλησίας

2164 5641 2263 5695 luit
2297 5642 2596 5705 veritatem,
2632 5640 2916 5696 Theodoro
2941 5642 3150 5698 scilicet
3177 5653 3299 5714 post
3326 5652 3556 5698 mortem
3581 5640 3723 5697 etiam

491 3323 559 3390 μή
583 3319 736 3393 λέγων
775 3321 936 3380 ἀσεϐῆ
963 3343 1052 3379 τὴν
1083 3324 1368 3388 ἐπιστολὴν,
1415 3327 1462 3378 ἓν
1569 3333 1804 3381 τοιαῦται
1818 3331 1900 3383 καί
1937 3349 2061 3384 τοσ-

487 3416 638 3466 αῦται
675 3413 1007 3485 περιέχονται
1043 3416 1380 3488 βλασφημίας
1428 3429 1482 3472 '0
1521 3421 1621 3493 γὰρ
1671 3425 1758 3478 τήν
1797 3421 2064 3480 ἐπιστολήν

489 3499 696 3558 ἐκδικῶν
719 3509 807 3562 τήν
832 3505 916 3559 τὸν
941 3503 1076 3576 ἅγιον
1103 3505 1168 3558 1ίὺ
1173 3509 1336 3580 ριλλον
1367 3509 1609 3582 α’ρετικόν
1645 3511 1898 3565 καλοῦσαν
1918 3553 1932 3577 ,
1981 3517 2065 3565 καί

495 3595 575 3650 τήν
601 3589 857 3667 ἓνἘφίσῳ
901 3598 1106 3670 πρώτην
1158 3596 1364 3651 σύνοδον
1417 3599 1790 3664 ἕκϐἀλλονσαν,
1839 3609 2063 3672 φανερῶς

489 3679 757 3756 Νεστόριον
797 3687 882 3738 καὶ
922 3690 1010 3744 τήν
1059 3688 1210 3740 αὐτοῦ
1257 3688 1494 3741 άσίξειαν
1537 3687 1770 3759 δέχεται,
1803 3688 1854 3744 ὃν
1882 3694 1910 3748 ἡ
1939 3693 2063 3750 αὖτὴ

487 3771 718 3832 ἐπιστολή
745 3773 876 3846 λέγει
923 3773 1050 3845 δίχα
1093 3779 1310 3852 κρίσεως
1351 3781 1434 3832 καί
1480 3783 1737 3843 ζητήσεως
1788 3781 2062 3838 καταδικα-

485 3861 682 3926 σθῆναί,
705 3867 789 3918 καί
815 3866 872 3918 οὐ
896 3863 977 3920 διὰ
998 3870 1061 3920 τά
1102 3867 1352 3939 δόγματα,
1379 3867 1504 3923 άλλά
1529 3867 1610 3924 διὰ
1655 3873 1714 3926 τὸ
1761 3881 1920 3944 μῖσος
1965 3883 2062 3929 τῶν

488 3954 696 4010 πολιτῶν
724 3959 795 4016 είς
818 3961 905 4015 τὴν
935 3958 1186 4019 ἐκκλησίαν
1223 3965 1292 4030 μὴ
1327 3961 1670 4034 ὑποστρέψαι*
1701 3965 1782 4017 καί
1821 3966 1878 4018 οὐ
1921 3967 2062 4035 μόνον

487 4046 557 4104 είς
579 4049 732 4100 τοῦτο
773 4043 1050 4120 ἁμαρτάνει
1096 4046 1121 4100 ὁ
1171 4055 1260 4106 τὴν
1305 4049 1464 4107 ἀσεϐῆ
1513 4047 1772 4111 ἐπιστολὴν
1819 4053 2058 4119 ἐκδικῶν,

485 4130 606 4188 ἀλλά
627 4135 711 4187 καί
735 4134 1015 4192 ιιιλεστῖνον
1042 4138 1127 4192 τὸν
1169 4138 1344 4194 Πάπαν
1372 4137 1712 4208 καταδικάζει,
1747 4145 1832 4198 τὸν
1861 4145 2062 4201 εἰπόντα

485 4227 878 4302 περίενρίλλου,
934 4225 1014 4282 ὅτι
1057 4231 1088 4286 ἡ
1128 4233 1304 4290 πίστις
1347 4231 1602 4306 κυρίλλου,
1645 4234 1864 4308 ἡμετέρα
1893 4239 2062 4297 πίστις
2097 4245 2139 4300 D

484 4315 640 4371 εστίν·
671 4323 754 4372 καὶ
785 4317 810 4374 ὁ
841 4312 906 4374 τά
929 4317 1120 4374 δώδεκα
1151 4321 1386 4394 κεφάλαια
1413 4328 1501 4377 τοῦ
1533 4324 1582 4376 ἐν
1612 4322 1769 4396 ἁγίοις
1803 4327 2061 4400 κυρίλλον,

487 4406 679 4462 ἓναντία
703 4416 766 4483 τῇ
789 4411 908 4484 ὀρθῇ
934 4413 1107 4464 πίστει
1135 4411 1290 4482 λείχων
1319 4414 1457 4488 ὑπάρ
1463 4435 1604 4484 χειν,
1641 4417 1697 4472 οὐ
1737 4415 1880 4485 μόνον
1917 4420 2062 4472 αὐτξν

484 4499 568 4552 τὸν
611 4499 658 4555 ἐν
695 4498 854 4571 ἁγίοις
884 4501 1132 4575 Ιίὐριλ).ον,
1166 4505 1252 4554 καί
1292 4505 1376 4557 τῖν
1424 4505 1475 4556 ἓν
1517 4508 1743 4580 μακαρίᾳ
1788 4515 1850 4580 τῇ
1893 4513 2059 4580 μνήμῃ

483 4587 788 4655 κελεστῖνον,
805 4593 890 4644 καί
913 4595 1003 4649 τήν
1029 4593 1233 4665 πρώτην
1255 4592 1302 4642 ἐν
1317 4591 1504 4662 Ἐφέσῳ
1527 4592 1735 4647 σύνοδον
1751 4599 2056 4670 κατακρίνει,

482 4679 603 4734 ἀλλὰ
631 4685 716 4734 καί
742 4685 831 4740 τήν
857 4683 908 4738 ἐν
931 4681 1204 4740 Χαλκηδίννι
1233 4681 1440 4738 σένοδςν
1469 4685 1813 4750 καταδικάζει,
1839 4693 1926 4744 τήν
1955 4709 2057 4743 πα·

481 4771 603 4845 τέρα
653 4777 736 4829 καί
787 4771 1088 4828 διδάσκαλον
1143 4772 1267 4827 ἴδιον
1316 4774 1544 4850 κόριλλον
1599 4776 2008 4851 ἓπιγραῷαμένην
2040 4798 2053 4811 ’

480 4857 630 4914 ὅπὸτε
656 4863 738 4914 καί
763 4863 952 4918 Λέοντα
976 4863 1062 4920 τὸν
1083 4864 1132 4915 ὲν
1162 4862 1318 4935 ἁγίοις
1341 4866 1515 4922 πὰπαν
1539 4869 1724 4936 Ῥώμης
1757 4861 1942 4936 ὁμοίως
1965 4893 2058 4924 κα-

485 4954 756 5022 ταδικάζει,
806 4955 861 5018 ὃς
906 4961 1033 5034 πρὸς
1059 4966 1148 5023 τήν
1195 4963 1244 5014 ἐν
1282 4961 1555 5020 Χαλκηδόνι
1597 4963 1805 5019 σύνοδον
1832 4965 2055 5040 γράφων,

481 5042 616 5107 εἶπεν
638 5043 764 5132 περί
785 5055 884 5102 τῶν
911 5048 1102 5106 δῶδεκα
1132 5053 1403 5124 κεφαλαίων
1433 5061 1520 5109 τοῦ
1543 5057 1592 5108 ἐν
1614 5057 1770 5128 ἁγίοις
1799 5060 2053 5132 κυρίλλου·

485 5150 504 5184 ε
537 5135 597 5186 οί
627 5130 741 5210 ὅροι
765 5137 810 5190 oi
837 5141 1230 5210 προενεχθέντες
1273 5145 1404 5196 κατά
1447 5147 1722 5218 Νεστορίου
1774 5130 1913 5224 παρὰ
1965 5165 2057 5203 ιυεε

479 5223 646 5299 901w
683 5231 776 5281 τοῦ
801 5233 894 5286 τῆς
919 5225 1066 5304 ἁγίας·
1095 5229 1290 5298 μνήμης
1315 5231 1364 5284 ἔν
1383 5231 1577 5314 βεϐαίῳ
1602 5223 1908 5306 μενέτωσαν.
1925 5256 1943 5288 ι

553 5745 572 5763 ⁸
609 5741 822 5822 ['ltrasis
867 5741 1085 5822 omnino
1121 5742 1342 5822 vitiosa,
1369 5763 1503 5822 quae
1529 5791 1542 5812 ,
1585 5751 1626 5804 si
1667 5751 1837 5807 Graeci
1875 5759 2052 5806 textus

2164 5761 2241 5805 est
2274 5769 2286 5802 :
2469 5767 2614 5822 quem
2652 5752 2764 5822 ipsa
2795 5751 2995 5820 epistol.
3027 5767 3141 5806 sne
3179 5755 3366 5820 inquis.
3382 5753 3526 5822 jud.
3563 5751 3727 5804 damn.

609 5769 822 5822 l'lﬂ'i-ISIB
867 5769 1085 5821 υΙιΙΙΙξΙΙυ
1129 5769 1342 5822 νΙιΙρθίΙ,
1387 5769 1503 5816 quat:
1529 5791 1542 5812 ,
1585 5769 1626 5804 SI
1667 5769 1837 5807 ιιηεοι
1875 5769 2052 5806 ιειιιις
2161 5769 2241 5805 εει
2274 5769 2286 5802 3
2321 5789 2422 5804 η...
2469 5769 2614 5822 quem
2652 5769 2764 5818 ιρδα
2795 5769 2995 5820 εριειοι.
3027 5769 3141 5806 SINE
3179 5769 3366 5820 ιηφιιε.
3472 5769 3526 5806 α.

475 5819 640 5888 atque
676 5811 1102 5868 antecedentium
1131 5825 1264 5866 ratio
1297 5815 1586 5884 habeatur,
1629 5820 1705 5879 sic
1739 5822 2050 5895 corrigenda
2160 5821 2318 5893 fuisse
2344 5835 2502 5888 DlCl'l',
2537 5837 2626 5885 nec
2658 5821 2827 5892 dagm.
2857 5835 3037 5890 causa,
3065 5838 3347 5877 verum.....
3382 5769 3534 5878 E’nltr.
