3994 6140
330 290 462 355 1077

1113 272 1468 332 EPISTULA
1513 271 1910 332 ADVERSUS
1950 270 2427 334 TIIEODORUM
2467 272 2880 335 MOPSUEST.

3463 273 3602 338 1078·

337 419 418 462 xxi
442 405 568 464 μετά
595 405 802 459 θάνατον
837 401 1194 470 ἀνεθεματίσϐη
1213 439 1227 461 ,
1261 394 1312 450 ὃν
1351 395 1512 452 ἀσεεὴ
1542 393 1795 468 Θεόδωρον
1825 391 1902 448 δι-

2023 408 2040 445 ι
2071 392 2170 462 piis
2197 390 2618 458 orthodoxisque
2646 389 2946 444 hominibus
2989 386 3152 444 fuisse
3195 387 3393 444 ιῖῖιτίυηι
3455 412 3592 454 θηλ-

339 495 586 552 datariam
608 503 698 556 τῆς
725 493 1010 554 ἕκκλησίας,
1038 493 1120 543 ναί
1145 489 1338 561 κήρυκα
1365 495 1455 544 τῆς
1488 487 1716 544 ἀληθείας
1756 485 1901 538 καλεῖ

342 591 368 645 ὁ
397 589 526 646 αῦτή
546 586 732 645 ἀσεϐής
755 583 1007 643 ἐπιστολὴ,
1033 581 1120 634 τὸν
1145 581 1276 655 ὑπὲρ
1319 579 1509 636 πάντας
1553 577 1672 634 τοὺς
1715 576 1907 648 α’ρετι-

339 679 457 736 κούς
505 676 954 748 βλασφημήσαντα.
1002 668 1208 730 Οὖτινος
1247 675 1350 724 τῶν
1394 669 1718 739 βλασφημιῶν
1756 667 1910 738 μέρος

339 768 616 836 ἐλάχιστον
641 763 701 822 δι’
727 765 904 839 ἑτέρας
930 765 1046 832 ὑμῖν
1071 763 1338 822 ἐπιστολῆς
1363 761 1443 814 ἐπ’
1472 762 1638 814 αὐτῶν
1667 762 1786 829 ὑμῖν
1809 765 1907 812 τῶν

345 859 580 928 ῥημάτων
599 855 692 915 ἤδη
715 857 1096 926 ἱφανερὼσαμεν
1117 849 1486 914 ἀποδείξαντες,
1512 852 1595 904 καί
1623 852 1675 904 τί
1700 849 1744 902 oi
1776 846 1908 918 ἅγιοι

343 949 580 1022 πατέρες,
613 945 862 1022 sapam,
909 946 992 997 καί
1041 942 1273 1016 Πρόκλος,
1322 945 1406 996 καὶ
1441 938 1751 998 ιΡαϐεῗουλᾱς
1779 940 1908 994 κατά

343 1035 626 1112 Θεοδώρου,
660 1037 747 1088 καί
772 1041 870 1090 τῶν
895 1034 1092 1088 ἀσεϐῶν
1120 1034 1275 1086 αὐτοῦ
1301 1032 1457 1102 λόγων
1479 1029 1726 1106 ἔγραψαν,
1754 1049 1913 1084 κατα-

344 1132 592 1204 κρίναντες
609 1129 759 1182 αὐτὸν
784 1129 912 1196 μετὰ
935 1133 1024 1185 τῆς
1040 1128 1198 1184 αὐτῆς
1223 1124 1458 1183 ἀσεϐείας
1487 1123 1838 1196 Τοιαῦταιγὰρ
1859 1121 1910 1174 αἱ

345 1217 608 1292 Θεοδώρου
621 1217 930 1288 βλασφημίαι
951 1218 1095 1282 εἰσιν,
1113 1213 1192 1269 ὅτι
1207 1212 1295 1284 [Ιθ.
1313 1211 1468 1282 ὥστε]
1484 1213 1598 1266 οὐδέ
1621 1213 1766 1283 ὑμεῖς
1781 1210 1914 1264 ἐτολ-

346 1309 538 1374 μήσατε
559 1304 750 1364 ταύτας
771 1301 1039 1366 ίκδικῆσαι,
1062 1307 1105 1357 εἰ
1123 1305 1205 1356 καί
1223 1303 1308 1356 τὸν
1336 1303 1582 1372 ἐπιθέμενον
1609 1302 1765 1360 αὐτὰς
1787 1297 1914 1353 ἔκδι-

347 1405 496 1455 κῆτε⁶
525 1401 736 1467 φανεροῦ
775 1391 914 1454 ὄντος
945 1393 1020 1448 ὅτι
1047 1392 1204 1454 οὐδεὶς
1229 1393 1294 1446 τὰ
1323 1393 1450 1446 κακὰ
1487 1392 1806 1465 κατακρίνων,
1831 1390 1914 1441 τὸν

346 1487 598 1555 exesam»
617 1486 750 1539 αὐτὰ
773 1483 946 1538 ἐκδικεί
953 1521 967 1545 ,
983 1485 1106 1540 πλην
1126 1485 1168 1536 εί
1187 1487 1255 1552 μή
1275 1485 1456 1536 ἐκεῖνον
1473 1483 1555 1535 τὸν
1577 1483 1916 1550 μετανοήσαν-

345 1597 431 1638 τα,
463 1578 544 1630 καί
568 1584 659 1634 τῆς
689 1575 818 1634 ἰδίας
846 1576 1143 1628 ἀποστάντα
1165 1575 1379 1636 πλάνης,
1405 1575 1491 1626 καὶ
1517 1578 1685 1626 ταῦτα
1712 1567 1917 1625 καταδι-

346 1665 594 1721 κοίσαντα.
625 1672 748 1724 Ταῖς
771 1663 822 1718 δέ
845 1661 1016 1724 ἄλλαις
1045 1663 1228 1740 ὕϐρεσι
1253 1670 1364 1722 ταῖς
1387 1663 1435 1715 ἐν
1463 1669 1524 1736 τῇ
1551 1662 1680 1730 αὐτῇ
1705 1663 1914 1714 ἐπιστο-

2007 483 2182 536 thema
2200 520 2217 546 ,
2248 489 2304 535 et
2331 481 2398 534 ab
2425 478 2661 534 Ecclesia
2687 478 2943 558 rejeetum
2972 492 3118 544 esse,
3145 493 3300 550 quem
3329 477 3578 535 Theodo-

2008 586 2123 623 rum
2172 569 2407 623 omnium
2456 567 2548 635 qui
2595 567 2854 620 hactenus
2897 567 3152 620 exstitere
3203 565 3576 620 hmreticorum

2007 661 2392 729 blasphemum,
2427 657 2587 726 impia
2613 658 2702 711 illa
2731 657 2964 729 epistola,
2987 656 3238 712 Ecclesia:
3267 657 3580 726 magistrum

2007 757 2164 803 vocat
2200 762 2609 817 praeconemque
2645 747 2906 813 veritatis,
2943 745 3092 816 cujus
3131 747 3581 816 blasphemiarum

2009 840 2253 906 exiguam
2281 845 2488 906 partem
2515 837 2682 892 altera
2705 837 2817 904 jam
2853 837 3004 891 vobis
3049 837 3276 906 epistola
3323 832 3578 905 exposui-

2009 947 2168 986 mus:
2201 929 2378 984 verbis
2419 926 2766 997 namque-SS.
2794 925 3000 997 Cyrilli,
3029 925 3206 981 Procli
3255 941 3318 981 ac
3355 925 3577 985 nabula:

2011 1019 2139 1088 quid
2169 1019 2266 1088 ipsi
2289 1024 2478 1072 contra
2503 1013 2842 1068 Theodorum
2865 1013 3195 1081 scripserint,
3229 1013 3588 1078 ostendimus,

2013 1119 2172 1177 atque
2209 1104 2652 1176 quemadmodum
2679 1117 2823 1168 eum,
2867 1102 3188 1170 impiamque
3233 1101 3350 1170 ejus
3384 1101 3586 1156 doctri-

2013 1212 2156 1262 nam,
2196 1205 2357 1263 atque
2395 1193 2728 1262 iniquitatem
2765 1189 3254 1245 condemnaverint.
3315 1188 3588 1259 Ejusmodi

2013 1296 2191 1343 autem
2221 1293 2346 1340 sunt
2366 1282 2632 1338 Theodori
2661 1281 3020 1351 bIaSphemite,
3047 1287 3104 1334 ut
3129 1293 3302 1348 neque
3339 1296 3437 1336 vos
3463 1281 3586 1352 ipsi,

2013 1379 2104 1449 qui
2129 1375 2468 1431 Theodorum
2493 1387 2586 1428 eas
2613 1379 3005 1442 proponeutem
3033 1371 3277 1437 tuemini,
3307 1371 3426 1426 illas
3465 1386 3588 1440 pro-

2015 1482 2251 1538 pugnare
2277 1465 2392 1520 ausi
2433 1464 2548 1518 sitis
2580 1482 2593 1518 :
2629 1477 2752 1520 cum
2791 1470 2971 1516 tamen
3017 1470 3229 1518 constet
3275 1476 3307 1515 a
3352 1461 3587 1525 nemine,

2015 1558 2106 1626 qui
2151 1556 2482 1626 impietatem
2529 1553 2732 1622 judicio
2771 1567 2868 1608 suo
2909 1553 3329 1622 proscripserit,
3375 1551 3589 1611 defendi

2015 1663 2174 1718 posse
2193 1647 2431 1716 ejusdem
2452 1645 2738 1714 impietatis
2757 1653 3059 1714 patronum,
3083 1645 3184 1699 nisi
3207 1646 3251 1700 is
3275 1643 3500 1700 fortasse
3520 1645 3588 1700 ab

345 1758 403 1830 λῇ
456 1759 581 1811 κατὰ
621 1763 712 1810 τοῦ
757 1762 804 1810 ἓν
833 1755 992 1826 ἁγίοις
1037 1755 1268 1829 Κυρίλλου
1319 1755 1573 1831 ῥηθείσαις
1617 1751 1915 1826 πρόσκειται

2023 1757 2198 1797 errore
2219 1739 2503 1794 recesserit
2531 1738 2782 1808 primum,
2806 1749 2965 1805 atque
2991 1737 3298 1808 resipuerit,
3319 1745 3478 1806 atque
3499 1737 3589 1792 illa

346 1849 559 1906 κάκεῖνο.
589 1843 670 1900 ὅτι
689 1847 1038 1914 ἀναισχύντης
1059 1847 1211 1904 αὐτὸς
1247 1847 1302 1899 ἂν
1333 1843 1446 1916 ἁγίο
1468 1865 1494 1904 ς
1520 1843 1750 1916 Κύριλλός
1781 1843 1910 1906 ἐστι,

348 1939 428 1990 καί
453 1933 528 1990 ὅτι
551 1934 908 2004 μεταμεληθεὶς
938 1936 1135 1990 ἐναντία
1169 1942 1231 2004 τῇ
1270 1937 1448 2008 πρώτῃ
1475 1935 1632 1986 αὐτοῦ
1663 1930 1911 1987 διδασκα-

347 2025 648 2100 λίαὲξίθετο·
688 2025 740 2087 ἐξ
777 2020 843 2076 ὧν
889 2022 916 2077 ὁ
950 2029 1042 2082 την
1069 2023 1333 2080 ἐπιστολήν
1353 2025 1538 2080 ὲκενην
1566 2021 1771 2096 γράψας
1811 2018 1914 2076 δεί-

347 2137 522 2170 κνυται
549 2116 720 2174 πάσης
739 2116 910 2174 ἀνοίας
931 2115 1134 2182 μεστός.
1159 2121 1257 2168 Ποῦ
1284 2117 1384 2186 γὰρ
1415 2113 1440 2168 ὁ
1467 2116 1516 2166 ὲν
1545 2113 1705 2182 ἁγίοις
1733 2111 1914 2184 nepos

347 2207 430 2266 λος
455 2209 650 2260 ἓναντία
671 2213 732 2278 τῇ
759 2209 935 2282 πρώτη
965 2206 1120 2260 αὐτοῦ
1141 2203 1436 2278 διδασκαλίᾳ
1466 2206 1682 2269 ἐξέθετο,
1712 2202 1743 2261 ἦ
1765 2223 1913 2273 μετε-

349 2295 554 2358 νόησεν;
600 2293 631 2353 ἧ
675 2301 785 2354 πῶς
821 2295 852 2352 ἡ
897 2296 946 2348 ὲν
983 2292 1256 2350 Χαλκηδόνι
1291 2293 1410 2366 ἁγία
1457 2291 1670 2353 σύνοδος
1715 2295 1912 2368 πατέρα

349 2389 528 2439 τοῦτον
569 2386 897 2458 ὲπεγρᾶφετο,
930 2383 974 2437 εἰ
1019 2383 1351 2454 μετεμελήθη,
1399 2385 1522 2436 καθὰ
1563 2390 1626 2457 τῇ
1672 2383 1912 2455 ἐπιστολῇ

351 2477 678 2552 πεμίχεταις
707 2484 762 2526 ‘0
784 2476 884 2548 γάρ
914 2481 1167 2544 μετανοῶν
1196 2475 1253 2528 οὐ
1284 2481 1388 2534 τοῖς
1415 2471 1736 2534 διδασκάλοις
1765 2494 1919 2528 συνα-

352 2565 632 2634 ριθμεῖται,
682 2563 784 2620 ἀλλ’
826 2565 892 2622 ὡς
945 2563 1046 2618 ἀπὸ
1091 2563 1278 2623 πλάνης
1321 2560 1655 2636 ὑποστρέψας
1707 2560 1915 2622 δεκτέος

353 2673 438 2707 εστ
447 2677 482 2708 ιο

2017 1831 2470 1896 eondemnaverit,
2502 1844 2622 1899 qua:
2653 1829 2779 1884 olim
2807 1829 2970 1898 impie
2998 1828 3288 1884 docuisset.
3321 1829 3401 1882 Ad
3438 1837 3590 1883 caete-

2016 1937 2105 1977 ras
2131 1929 2310 1976 autem
2337 1920 2686 1976 contumelias
2710 1919 2964 1974 adversus
2983 1927 3228 1974 sanctum
3249 1919 3503 1992 Cyrillum
3525 1935 3591 1976 ea

2019 2010 2070 2064 in
2099 2011 2326 2080 epistola
2358 2009 2589 2077 jactatas
2627 2008 2877 2077 adjicitur
2921 2008 3105 2074 etiam,
3151 2009 3377 2079 turpiter
3423 2009 3593 2076 egisse

2017 2101 2294 2173 Cyrillum,
2337 2100 2479 2156 adeo
2526 2107 2606 2168 ut,
2630 2115 2815 2155 eorum
2851 2099 3118 2170 paenitens
3159 2115 3279 2170 quae
3325 2101 3592 2156 docuisset

2018 2193 2528 2267 pridem,adversam
2556 2193 2658 2247 illis
2681 2192 2982 2247 doctrinam
3011 2193 3365 2263 proposuerit.
3391 2191 3593 2248 Exinde

2019 2303 2149 2343 vero
2181 2285 2421 2356 epistola:
2461 2285 2696 2354 scriptor
2743 2284 3113 2338 insanissimus
3165 2299 3284 2340 esse
3328 2283 3590 2354 proditur.

2022 2377 2138 2444 Quo
2174 2370 2405 2443 namque
2450 2374 2554 2428 loci
2596 2373 2896 2431 doctrinam
2935 2375 3161 2430 astruxit
3203 2373 3428 2446 Cyrillus
3471 2389 3593 2429 cum

2017 2483 2114 2522 sua
2145 2465 2322 2535 priore
2359 2465 2722 2534 pugnantem?
2757 2479 2864 2532 quo
2893 2463 3174 2533 ptenituit?
3199 2463 3285 2518 vel
3325 2462 3594 2534 quomodo

2015 2555 2130 2610 ﬁeri
2159 2554 2332 2624 potuit
2359 2561 2468 2608 uta
2497 2561 2680 2607 sancta
2709 2553 3132 2608 C:.alcedonensi
3162 2553 3367 2621 synodo
3391 2555 3596 2610 sanctis

2017 2644 2263 2698 Patrihns
2303 2651 2766 2708 annumeraretur,
2815 2643 2882 2710 si,
2917 2643 3368 2712 quemadmodum
3413 2653 3594 2702 narrat

2029 2736 2276 2806 epistola,
2305 2735 2496 2805 prioris
2515 2750 2634 2789 eum
2665 2749 2774 2788 suae
2806 2735 3062 2789 doctrinae
3099 2735 3471 2805 paenituisset?
3497 2735 3596 2804 Qui

351 2832 488 2887 enim
514 2833 582 2888 ab
607 2835 1098 2888 errorewevertitur
1124 2833 1188 2887 ad
1209 2835 1492 2888 sanitatem
1521 2847 1626 2886 non
1651 2832 1788 2886 inter
1815 2831 2065 2885 doctores
2095 2827 2402 2890 ascribitur,
2431 2825 2525 2880 sed
2550 2825 2710 2878 veluti
2733 2825 2800 2880 ab
2823 2839 3007 2879 errore
3033 2840 3344 2881 conversus.

421 2926 566 2986 Τᾶος
595 2925 648 2980 δὲ
667 2933 816 2980 τοῦτο
835 2928 988 2984 αὐτῆς
1017 2924 1054 2998 ὃς
1083 2925 1286 2996 γράψας
1323 2931 1412 2982 τήν
1449 2925 1710 2982 ἐπιστολήν
1750 2925 1918 2982 ἐποιή-

353 3037 478 3070 σατο
503 3018 677 3088 λέγων·
713 3033 730 3066 ε
762 3014 876 3070 Ὀτι
897 3015 976 3071 δεῖ
995 3015 1242 3084 ὁμολογεῖν
1273 3018 1343 3074 εἰς
1369 3017 1453 3070 τὸν
1478 3014 1611 3079 ναὸν,
1640 3018 1718 3067 καί
1744 3019 1816 3073 εἰς
1831 3017 1917 3068 τὸν

355 3109 629 3161 ἐνοικοῦντα
658 3109 703 3159 ἐν
734 3114 801 3176 νῷ
825 3113 946 3178 ναῷ.
993 3123 1018 3160 ο
1052 3117 1131 3159 Ἐκ
1157 3109 1348 3161 τούτων
1372 3105 1422 3161 δέ
1457 3105 1574 3160 ὅσον
1600 3105 1709 3166 ἧκεν
1735 3108 1804 3165 είς
1827 3112 1917 3164 τήν

355 3197 505 3250 ἀσέϐε
527 3217 588 3250 αν
622 3203 713 3255 τῆς
760 3196 1042 3256 ίπιστολῆς,
1091 3200 1175 3248 καί
1221 3199 1338 3254 τοὺς
1379 3195 1700 3256 ὲιιδικςῦντας
1739 3198 1914 3261 αὐτην,

355 3290 503 3338 πᾶσα
523 3285 554 3340 ἡ
581 3285 699 3356 ὀρθή
725 3286 895 3342 πίστις
917 3285 1265 3357 ἀνατρέπεται.
1299 3295 1348 3336 Ἦ
1373 3287 1474 3359 γὰρ
1500 3285 1727 3342 καθολική
1750 3285 1912 3342 ἐκκλη-

356 3375 444 3424 σία
465 3372 548 3424 ἕνα
589 3375 758 3445 κίριον
797 3369 982 3428 Ἰησοῦν
1019 3375 1229 3444 Χριστὸν
1271 3382 1500 3444 μονογενῆ
1544 3376 1648 3427 υἰόν
1674 3379 1762 3428 τοῦ
1791 3381 1917 3428 Θεοῦ
1949 3347 1992 3409 C

357 3459 602 3532 ὁμολογεῖ,
627 3464 712 3514 καί
738 3463 862 3530 οὐχί
889 3465 958 3522 εἰς
983 3463 1066 3515 τὸν
1093 3465 1208 3516 ναὸν
1233 3468 1313 3517 καί
1339 3466 1408 3524 εἰς
1435 3463 1518 3518 τὸν
1554 3465 1832 3519 ἐνοικοῦντα
1874 3466 1920 3516 ἐν

357 3560 428 3624 τῷ
451 3561 552 3626 ναῷ
573 3557 828 3609 πιστεύειν
873 3554 902 3613 ἦ
933 3553 1183 3626 ὁμολογεῖν
1237 3554 1478 3610 διδάσκει.
1514 3553 1658 3611 Ὀθεν
1691 3559 1778 3610 καί
1816 3565 1922 3617 τοῖς

355 3650 448 3701 τοῦ
479 3645 621 3716 ἁγίου
651 3646 953 3714 ἀξιουμένοις
993 3646 1351 3717 βαπτίσματος
1387 3645 1724 3720 παραδίδοται
1751 3647 1924 3718 ὁμολο-

357 3743 459 3802 γεῖν
482 3739 570 3789 καί
594 3739 848 3790 πιστείειν
873 3738 944 3795 είς
967 3735 1052 3790 ἕνα
1080 3738 1276 3808 πατέρα
1297 3739 1683 3814 παντοκράτορα
1698 3777 1712 3800 ,
1737 3741 1823 3792 καί
1850 3742 1924 3797 εἰς

357 3827 445 3880 ἕνα
467 3827 633 3900 κύριον
655 3832 844 3883 Ἰησοῦν
870 3827 1082 3900 Χριστὸν
1101 3828 1186 3881 τὸν
1214 3827 1320 3878 υἱὸν
1348 3829 1498 3880 αὐτοῦ
1535 3828 1616 3882 τὸν
1659 3837 1916 3900 μονογενῆ,

359 3919 441 3971 καί
471 3920 541 3978 εἰς
585 3920 644 3974 τὸ
679 3917 818 3991 ἅγιον
855 3925 1091 3989 πνεῦμα,
1125 3921 1182 3973 οὐ
1215 3927 1312 3989 μην
1337 3922 1406 3980 εἰς
1434 3919 1524 3975 δύο
1565 3923 1737 3982 υἱοῦς.
1775 3921 1806 3981 ἦ
1833 3921 1922 3976 δύο

360 4009 631 4077 Χριστούς,
653 4006 778 4082 ὅπερ
806 4010 835 4065 ἠ
858 4011 986 4083 πρὸς
1015 4011 1167 4082 alii:va
1181 4011 1266 4064 τὸν
1288 4011 1480 4084 Πέρσην
1501 4013 1737 4070 ἐπιστολή
1765 4009 1922 4074 δηλοῖ.

362 4097 574 4168 λέγουσα
597 4107 786 4174 χρῆναι
810 4099 1057 4171 ὁμολσγεῖν
1083 4105 1154 4161 εἰς
1182 4103 1264 4156 τὸν
1313 4104 1429 4155 ναὸν
1474 4107 1552 4156 ναί
1583 4107 1654 4163 είς
1679 4105 1763 4158 τὸν
1805 4105 1926 4158 ενοι-

361 4197 541 4245 κοῦντα
561 4191 609 4242 ἐν
628 4197 699 4259 τῷ
719 4199 840 4256 ναῷ,
866 4195 950 4244 καί
989 4193 1040 4245 ἐκ
1070 4193 1250 4246 τούτου
1283 4193 1522 4265 τέταρτον
1559 4193 1837 4267 πρόσωπον
1863 4201 1925 4268 τῇ

362 4279 482 4352 ἁγίᾳ
505 4279 677 4356 Τριὰδι
704 4278 1070 4352 ἐπεισάγουσα.

431 4458 506 4512 Ἐκ
537 4464 731 4517 τούτων
770 4463 933 4516 τοίνυν
969 4461 1202 4518 ἁπάντων
1240 4461 1514 4531 δέδεικται,
1556 4463 1634 4518 ὅτι
1674 4465 1926 4538 ἀλλότριός

363 4547 470 4600 ἐστι
497 4556 586 4607 τῆς
623 4546 879 4624 ὀρθοδόξου
921 4551 1142 4609 πίστεως
1181 4550 1206 4604 ὁ
1241 4557 1330 4608 τήν
1369 4555 1724 4626 προειρημένην
1766 4555 1926 4612 ἀσεϐῆ

364 4635 626 4694 ἐπιστολήν
651 4638 880 4701 ἐπαινῶν,
911 4637 942 4698 ἦ
967 4637 1190 4694 ἐκδικῶν.
1217 4639 1410 4698 Ἐπειδή
1440 4640 1492 4696 δὲ
1517 4642 1679 4712 λέγετε
1698 4683 1710 4704 ,
1740 4649 1802 4701 ὡς
1827 4641 1851 4695 ὁ
1877 4645 1925 4694 ἐν

2091 2914 2206 2969 Hoc
2234 2913 2466 2984 denique
2495 2916 2652 2969 modo
2679 2915 2958 2984 epistolam
3004 2915 3233 2984 scriptor
3285 2915 3558 2973 concludit
3578 2933 3596 2970 :

2031 3027 2049 3058 ε
2079 3007 2334 3062 Conliteri
2382 3021 2448 3061 ae
2481 3007 2700 3061 credere
2746 3015 2960 3076 oportet
3006 3008 3060 3062 in
3086 3008 3364 3079 templum,
3393 3016 3448 3064 et
3474 3024 3599 3066 eum

2022 3097 2113 3166 qui
2143 3099 2193 3150 in
2221 3097 2415 3165 templo
2441 3096 2719 3149 inhabitat.
2751 3115 2770 3147 ι
2817 3095 2933 3162 Quo
2965 3111 3030 3150 ex
3058 3096 3201 3160 loco,
3232 3105 3488 3166 quantum
3531 3097 3597 3152 ad

2023 3188 2352 3256 impietatem
2381 3187 2621 3254 epistoltc
2647 3195 2858 3254 Spectat
2894 3186 3116 3257 ejusque
3159 3196 3438 3256 patronos,
3487 3191 3598 3244 uni.

2024 3289 2177 3329 versa
2212 3275 2532 3330 subvertitur
2567 3286 2710 3330 recta
2755 3275 2903 3330 ﬁdes.
2950 3275 3226 3331 Catholica
3253 3277 3450 3347 quippe
3494 3275 3599 3334 Ec-

2023 3364 2184 3418 clesia
2211 3363 2424 3418 unicum
2455 3364 2732 3417 Dominum
2763 3363 2944 3419 Jcsum
2983 3365 3254 3422 Christum
3280 3367 3472 3422 Filium
3501 3367 3599 3424 Dei

2023 3455 2354 3522 unigenitum
2382 3455 2688 3520 conlitctur,
2736 3471 2912 3525 neque
2942 3457 3150 3527 uspiam
3181 3459 3341 3514 docet
3373 3459 3598 3516 creden-

2022 3547 2145 3602 dum
2189 3561 2310 3600 esse
2349 3547 2403 3600 in
2449 3547 2726 3615 templum,
2757 3547 2978 3617 ejusque
3026 3549 3460 3618 inhabitatorem,
3503 3561 3600 3617 aut

2022 3637 2137 3692 hmo
2183 3635 2426 3690 confiteri
2480 3643 2764 3704 oportere,
2814 3639 3266 3706 quemadmodum
3310 3641 3376 3696 ad
3425 3644 3603 3700 sancti

2022 3725 2356 3794 baptismatis
2382 3726 2608 3792 gratiam
2649 3725 2746 3780 ad.
2773 3727 2892 3784 issis
2929 3730 3109 3796 tradit,
3152 3740 3212 3786 ut
3245 3733 3597 3792 conﬁteantur

2023 3820 2078 3867 et
2105 3814 2328 3868 credant
2355 3816 2408 3870 in
2436 3830 2599 3870 unum
2624 3815 2788 3871 Deum
2819 3817 3034 3874 Patrem
3069 3825 3513 3893 omnipotentem,
3544 3833 3602 3880 et

2026 3903 2078 3957 in
2109 3919 2270 3957 unum
2299 3905 2581 3960 Dominum
2609 3903 2790 3962 Jesum
2819 3907 3090 3963 Christum
3129 3910 3321 3966 Filium
3359 3912 3450 3968 Dei
3480 3916 3600 3970 uni.

2004 3992 2281 4080 genitum,
2309 4002 2364 4048 et
2387 3994 2437 4047 in
2461 3993 2716 4062 Spiritum
2743 4007 3007 4066 sanctum,
3039 4015 3145 4054 non
3173 4003 3226 4055 in
3255 4001 3388 4057 duos
3415 4002 3596 4070 Filios,

2025 4081 2110 4135 vel
2139 4082 2191 4134 in
2219 4081 2354 4136 duos
2373 4081 2643 4151 Christos,
2673 4094 2834 4156 prout
2881 4089 3104 4157 cpistola
3150 4089 3218 4144 ad
3255 4091 3440 4146 Marim
3471 4093 3600 4150 Per-

2026 4189 2139 4228 sam
2167 4174 2368 4228 diserte
2391 4175 2576 4229 statuit
2599 4191 2719 4231 esse
2746 4178 3088 4246 credendum,
3128 4183 3312 4250 templi
3330 4173 3336 4179 ’
3357 4190 3517 4253 atque
3546 4185 3600 4242 in

2026 4265 2143 4336 ipso
2179 4265 2524 4318 inhabitantis
2572 4263 2675 4320 [ide
2721 4269 3017 4337 proposita,
3062 4284 3170 4338 quo
3209 4271 3269 4324 lit
3311 4280 3370 4326 ut
3407 4285 3598 4342 quarta

1941 4363 1950 4372 '
2026 4363 2223 4409 sancta:
2245 4353 2519 4408 Trinitatis
2548 4370 2775 4424 persona
2799 4359 3174 4413 constituatur.

2098 4447 2531 4502 Demonstratum
2576 4457 2660 4503 est
2705 4449 2883 4518 itaque
2925 4452 3008 4505 bis
3043 4455 3310 4520 omnibus,
3367 4456 3600 4525 pncfatm

2027 4537 2370 4592 exsecrabilis
2397 4538 2638 4606 epistola:
2683 4547 2938 4610 patronos
2977 4551 3138 4612 atque
3179 4545 3484 4603 laudatores
3530 4551 3599 4604 ab

2029 4632 2324 4688 orthodoxa
2348 4632 2448 4688 [ide
2477 4636 2694 4690 omnino
2723 4636 2928 4692 alienos
2955 4654 3075 4694 esse
3109 4639 3395 4709 judicatos.
3427 4644 3599 4702 thle-

363 4725 524 4798 ἁγίοις
550 4726 777 4798 ιῦριλλος
801 4727 883 4782 διὰ
907 4735 1060 4784 τοῦτο
1089 4733 1230 4804 παρὰ
1263 4738 1359 4784 τῶν
1385 4731 1679 4785 ἀνατολικῶν
1711 4731 1918 4801 ἐδέχθη,

2025 4741 2168 4794 rum,
2197 4726 2320 4794 quia
2349 4735 2585 4782 sanctum
2605 4727 2861 4800 Cyrillum
2899 4731 3100 4788 idcirco
3136 4733 3204 4788 ab
3243 4733 3600 4794 Orientalibus

363 4814 440 4871 ὅτι
465 4819 532 4871 τὰ
557 4815 663 4870 ἴδια
697 4817 940 4888 κεφάλαια
968 4821 1298 4892 ἡρμήνευσεν,
1331 4822 1388 4874 οὐ
1413 4819 1733 4890 Θαυμάζομεν
1767 4820 1920 4888 ὑμᾶς,

364 4903 441 4961 ὅτι
470 4910 555 4960 καί
590 4907 642 4960 ἓν
675 4915 782 4965 τοῖς
814 4909 1078 4976 πεμφῧεῐσι
1114 4909 1236 4984 παρ’
1277 4910 1420 4989 ᾐμῶν
1461 4909 1736 4980 κεφαλαίοις
1763 4908 1924 4967 οὕτως

365 4997 674 5058 ἠπατήθητε,
719 4996 764 5048 οἱ
803 4999 885 5048 καὶ
923 4999 1050 5050 αὐτὰ
1089 4999 1154 5050 τὰ
1180 4999 1228 5050 ἐν
1268 5007 1329 5070 τῇ
1367 5000 1475 5054 κατ’
1504 4995 1714 5070 Ἔφεσον
1749 5001 1924 5072 πρώτῃ

363 5083 555 5154 συνόδῳ
579 5087 898 5160 γεγραμμένα
921 5087 1237 5156 ἠγνοηκότες.
1282 5091 1374 5140 Καὶ
1401 5091 1496 5160 γὰρ
1529 5093 1613 5142 καί
1639 5088 1664 5143 ὁ
1692 5089 1744 5144 ἓν
1768 5089 1925 5160 ἁγίοις

366 5175 692 5243 Κελεστίνος,
731 5179 813 5229 καί
851 5177 881 5232 ἡ
929 5179 977 5230 ἐν
1005 5175 1188 5247 Ἐφέσῳ
1226 5181 1404 5250 πρώτη
1445 5178 1683 5242 σύνοδος,
1715 5183 1796 5234 καί
1823 5179 1848 5234 ὁ
1875 5181 1926 5233 ἔν

364 5265 524 5334 ἁγίοις
555 5267 714 5328 Δίων,
741 5269 820 5318 καὶ
849 5267 878 5324 ἡ
913 5267 962 5320 ἐν
988 5266 1260 5324 Χαλκηδόνι
1283 5267 1403 5338 ἁγία
1429 5268 1634 5327 σύνοδος
1658 5271 1789 5324 αὐτὰ
1817 5269 1926 5323 καφ

365 5355 494 5411 αὐτὰ
517 5354 582 5408 τὰ
609 5354 844 5424 κεφάλαια
869 5360 962 5408 τοῦ
997 5357 1050 5412 ἕν
1088 5354 1246 5427 ἁγίοις
1288 5356 1518 5430 κυρίλλου
1555 5359 1638 5410 καί
1675 5356 1922 5422 ἐδέξαντο,

365 5447 448 5500 καί
471 5445 796 5512 ἐϐεϐαίωσαν,
827 5450 910 5500 καὶ
927 5445 1154 5516 οὐδεμίαν
1175 5448 1362 5502 τούτων
1384 5447 1640 5521 ἑρμηνείαν
1659 5450 1925 5511 ἐζήτησα-ι’

365 5538 397 5596 ἢ
419 5525 518 5612 γαρ
543 5537 777 5612 ἑρμηνεία
796 5541 852 5592 οὐ
878 5537 960 5594 διὰ
983 5543 1102 5599 τοὺς
1131 5538 1423 5614 ὀρθοδὸξους
1447 5541 1636 5612 ἐγένετο
1652 5582 1666 5606 ,
1697 5541 1818 5596 ἀλλὰ
1843 5539 1926 5598 διὰ

365 5629 484 5690 τοὺς
523 5629 831 5702 αἱρετικοὺς,
863 5633 904 5686 di
935 5629 1199 5704 Νεστὸριον
1236 5629 1571 5694 ἐκδικοῦντες,
1603 5639 1710 5690 τοῖς
1735 5653 1925 5700 μνημο-

369 5719 581 5773 νινοιῖσι
609 5719 884 5788 κεφαλαίοις
906 5719 1182 5790 ἀντέλεγον.
1207 5719 1290 5780 Ὠς
1315 5722 1412 5794 γὰρ
1434 5723 1577 5790 ὑμεῖς
1604 5723 1786 5793 λέγετε.
1810 5720 1922 5776 οὔτε

1507 5922 1530 5937 δ

2029 4829 2146 4868 esse
2175 4823 2447 4883 receptum
2485 4816 2679 4882 dicitis,
2727 4825 3012 4888 propterea
3057 4821 3205 4890 quod
3243 4838 3339 4880 sua
3387 4825 3474 4880 illa
3516 4841 3599 4882 ca—

2025 4903 2137 4972 pita
2165 4903 2542 4973 interpretatus
2571 4906 2660 4970 sit,
2689 4907 2908 4963 minimo
2932 4909 3186 4966 miramur
3211 4927 3312 4968 vos
3336 4915 3387 4972 in
3407 4918 3600 4973 vestris

2027 4994 2092 5048 ad
2113 5009 2212 5050 nos
2235 4997 2407 5076 missis
2428 4997 2690 5066 capitibus
2728 4999 2971 5056 similiter
2995 5017 3113 5058 esse
3155 5003 3438 5075 deceptos,
3475 5023 3596 5066 cum

2031 5082 2274 5138 videlicet
2301 5096 2416 5140 acta
2437 5101 2648 5156 quoque
2674 5089 2866 5158 prioris
2897 5089 3179 5159 Ephesium
3222 5097 3410 5166 synodi
3447 5097 3592 5166 ignoc

2029 5186 2148 5226 rare
2173 5173 2474 5229 videamini.
2498 5175 2736 5246 Namque
2755 5188 2970 5235 sanctus
2990 5179 3327 5252 leestinus,
3353 5193 3407 5239 et
3427 5174 3598 5256 prima

2031 5259 2298 5330 Ephesina
2333 5266 2586 5334 synodus,
2617 5275 2670 5322 et
2706 5267 2764 5323 S.
2811 5267 2944 5338 Leo,
2987 5279 3044 5325 ct
3071 5273 3241 5340 ipsum
3285 5291 3502 5344 quoque
3539 5276 3595 5331 S.

2031 5359 2468 5418 Chalcedonense
2496 5367 2800 5432 concilium,
2831 5382 2894 5424 ea
2931 5368 2986 5423 S.
3030 5369 3208 5440 Cyrilli
3245 5373 3476 5442 capitula
3507 5387 3600 5428 ex-

2032 5458 2306 5520 ceperunt,
2339 5467 2542 5523 suoque
2577 5454 2827 5524 suifragio
2863 5457 3325 5526 conﬁrmaverunt,
3371 5461 3600 5516 nullam-

2031 5555 2136 5610 que
2163 5557 2348 5597 cormn
2383 5545 2767 5612 expositionem
2796 5562 3028 5616 unquam
3063 5552 3372 5618 qumivere.
3415 5549 3597 5621 Expli-

2033 5632 2172 5685 catiu
2197 5631 2337 5685 enim
2363 5631 2592 5687 adhibita
2622 5642 2702 5688 est
2731 5650 2833 5689 non
2863 5636 3246 5692 catholicorum
3271 5640 3467 5707 gratia,
3501 5642 3593 5696 sed

2028 5727 2248 5790 propter
2278 5720 2574 5789 hmrcticos,
2605 5725 2691 5792 qui
2726 5723 2949 5780 Nestorii
2988 5723 3226 5805 partibus
3252 5726 3446 5785 addidi
3475 5740 3590 5782 me-
