3994 6140
526 298 662 366 1079

1779 298 2221 370 JUSTINIANI
2268 300 2425 366 IMP.

3616 298 3736 367 1080

506 420 572 475 τὰ
599 416 721 491 ἅγια
746 376 1037 492 Εὐαγγέλια,
1066 409 1181 469 οῦτε
1224 411 1251 468 ὃ
1286 412 1601 478 ἀπόστολος,
1654 409 1769 466 οῦτε
1813 413 1866 467 αί
1903 414 2066 467 λοιπαί

2174 418 2381 466 morata
2409 409 2583 478 capita
2630 408 3027 479 oppugnabant.
3075 382 3315 464 Utenim
3346 422 3443 463 vos
3473 408 3571 481 ipsi
3613 409 3738 468 fate-

505 514 631 564 [εἴα
648 509 834 582 γραφαί
856 503 1028 559 δεκταί
1048 506 1195 565 εἰσιν,
1222 506 1267 557 εί
1287 506 1354 572 μὴ
1379 501 1456 558 ὅτι
1479 503 1521 556 οί
1547 501 1682 573 ἀγιοι
1706 505 1923 579 πατέρες
1946 502 2076 559 ταύο

505 620 598 660 τας
623 601 954 677 ἡρμήνευσαν.
983 594 1243 669 Ἐρυθριᾷν
1276 592 1328 648 δέ
1370 594 1580 665 ὀφείλετε
1609 595 1869 666 λέγοντες,
1911 594 1990 649 ὅτι
2031 596 2075 647 οἶ

504 689 780 744 ἀνατολικοί
798 689 841 741 οἱ
863 684 1130 762 Νεστόριον
1158 683 1461 744 έκδικοῦντες
1489 683 1713 750 ἐδέξαντο
1733 686 1815 740 τὸν
1845 687 1895 741 ἐν
1915 684 2074 756 ἁγίοις

504 780 737 857 κύριλλον
763 780 830 834 τά
846 775 955 832 ἴδια
981 775 1223 849 κεφάλαια
1247 776 1604 852 ἔρμηνεύοντα.
1632 775 1711 830 Ἐκ
1732 783 1819 831 τοῦ
1846 779 2073 832 έναντίου

503 871 599 947 γάρ
629 872 661 928 ἠ
706 866 1014 926 ἀποστολικῆ
1052 865 1265 940 καθέδρα
1308 869 1524 937 Ῥώμης,
1572 869 1656 920 καὶ
1695 865 1925 943 κύριλλος
1971 866 2073 922 ὁὲν

501 959 665 1032 ἁγίοις
683 960 802 1019 τοὺς
822 957 1141 1016 ἀνατολικούς
1164 956 1469 1015 ἐπισκόπους
1488 977 1672 1030 κατακρ
1685 956 1872 1014 ’ναντας
1892 956 2075 1010 Νεστόο

502 1069 627 1125 ριον,
667 1050 753 1102 καί
777 1053 866 1106 την
895 1048 1048 1101 αὐτοῦ
1077 1047 1341 1110 ἀσέϐειαν,
1376 1049 1444 1107 είς
1475 1051 1724 1100 κοινωνίαν
1751 1044 1976 1109 ἐδέξαντο
2007 1049 2074 1107 ὡς

498 1144 585 1194 καί
609 1138 635 1195 ὃ
659 1142 709 1193 έν
746 1138 901 1212 ἁγίοις
935 1138 1110 1197 πὰπας
1136 1139 1322 1205 Ῥώμης
1362 1139 1560 1196 Ξύστος
1586 1136 1790 1211 γράφων
1827 1140 1956 1205 μετά
1983 1143 2075 1196 τῆς

422 1282 433 1290 ,
502 1227 635 1288 ἰδίας
663 1223 881 1282 συνόδου
908 1226 1037 1301 πρὸς
1063 1227 1148 1281 τόν
1181 1228 1232 1279 έν
1255 1225 1415 1297 ἁγίοις
1444 1225 1694 1300 Κύριλλον,
1728 1229 1810 1278 καί
1836 1228 1953 1285 τοὺς
1980 1248 2072 1280 κα-

503 1316 701 1387 μάτους
744 1318 959 1371 ὶπαινῶν
1003 1317 1119 1373 τούς
1164 1317 1318 1369 αὐτοῦ
1364 1317 1486 1375 τοὺς
1529 1317 1659 1387 ύπέρ
1705 1321 1796 1373 τῆς
1846 1315 2073 1377 έδώσεως

501 1410 788 1484 γενομένους
813 1408 996 1477 μεταξὺ
1027 1403 1184 1461 ἄλλων
1215 1405 1375 1467 οὕτως
1404 1400 1555 1459 εἶπεν·
1587 1422 1605 1455 ε
1624 1395 1917 1464 Ἑπανῆλθον
1944 1408 2071 1482 πρὸς

501 1501 637 1567 ἡμᾶς
710 1498 756 1550 οί
794 1496 1027 1567 ἀδελφοί,
1056 1496 1184 1572 πρὸς
1218 1496 1350 1565 ἡμᾶς
1377 1515 1522 1565 φημι,
1553 1499 1601 1556 οἳ
1640 1499 1730 1553 την
1760 1495 1905 1548 νόσον
1938 1503 2071 1569 κοινῇ

503 1585 705 1662 σπουδῇ
755 1585 1122 1649 ἀποδιώξαντες
1184 1591 1275 1644 τῆς
1323 1591 1424 1639 τῶν
1475 1584 1663 1654 ψυχῶν
1717 1586 2070 1659 ἐφροντίσαμεν

502 1679 789 1754 θεραπείας.
820 1696 840 1730 ε
885 1682 970 1732 καὶ
996 1678 1172 1732 πάλιν·
1210 1694 1231 1728 ε
1257 1678 1561 1749 Εὐφραίνου,
1589 1676 1763 1751 ἀδελφέ
1807 1681 2067 1751 ἀγαπητὴ

2173 500 2323 564 mini,
2356 513 2530 567 neque
2556 506 2741 552 sancta
2768 497 3074 566 Evangelia,
3105 512 3278 567 neque
3305 497 3620 569 Apostolus,
3641 517 3730 558 nec

2171 574 2390 659 reliquae
2417 588 2608 644 divina:
2631 589 2820 644 iitterae
2839 591 3243 659 perciperentur
3259 590 3412 657 satis,
3444 592 3546 648 nisi
3573 604 3732 651 essent

2173 695 2205 734 a
2229 682 2429 735 sanctis
2454 680 2697 735 Patribus
2718 682 3094 751 interpretat'e.
3119 682 3389 737 Ceterum
3416 684 3471 737 in
3499 701 3594 740 vos
3608 686 3733 756 ipsos

2174 779 2489 839 argumenta
2539 771 2869 828 confusionis
2920 774 3229 841 congeritis,
3260 774 3474 829 aientes
3515 782 3635 832 tunc
3675 777 3732 835 ab

2174 858 2406 916 Orientis
2430 862 2658 918 Nestorii
2688 864 3174 933 propugnatoribus
3201 872 3482 933 receptum
3508 881 3622 937 esse
3643 867 3732 937 Cy-

2174 953 2375 1017 rillum,
2407 967 2530 1008 cum
2556 966 2651 1007 sua
2680 952 2915 1021 capitula
2957 953 3316 1021 exposuisset.
3364 951 3564 1009 Contra
3601 970 3731 1011 nam—

2173 1058 2280 1114 que
2306 1042 2599 1112 apostolica
2621 1042 2861 1096 Romana
2884 1041 3058 1105 sedes,
3088 1050 3248 1111 atque
3274 1040 3509 1111 Cyrillus‘
3526 1044 3576 1097 in
3599 1060 3730 1097 suam

2174 1140 2604 1193 communionem
2651 1137 2981 1191 admiserunt
3008 1136 3295 1205 episcopos
3321 1136 3418 1206 qui
3465 1136 3519 1190 in
3559 1136 3730 1193 Nesto-

2176 1228 2310 1281 rium
2333 1226 2651 1282 sententiam
2681 1226 2948 1293 dixerant,
2978 1225 3201 1294 ejusque
3240 1226 3575 1293 impietatem
3616 1244 3731 1281 conv

2174 1317 2571 1371 demnaverant.
2603 1315 2787 1385 Itaque
2814 1322 3032 1370 sanctus
3061 1315 3173 1383 ipse
3200 1314 3486 1369 Romanus
3515 1314 3729 1383 pontifex

2175 1407 2386 1479 Xystus,
2421 1422 2541 1463 cum
2564 1408 2793 1461 concilio
2831 1421 2930 1460 suo
2972 1405 3039 1459 ad
3076 1405 3133 1459 S.
3181 1404 3447 1474 Cyrillum
3493 1406 3726 1469 scribens,

2175 1495 2490 1564 laboresque
2510 1495 2578 1551 ab
2605 1510 2671 1550 eo
2698 1509 2795 1566 pro
2825 1493 3079 1550 Ecclesiae
3109 1494 3318 1547 unitate
3338 1500 3606 1561 susceptos
3628 1493 3726 1547 lau-

2172 1586 2305 1641 dans
2333 1586 2472 1640 inter
2495 1593 2686 1640 cetera
2713 1585 2825 1639 haec
2844 1584 3043 1638 habet:
3074 1602 3093 1634 ε
3132 1582 3213 1637 Ad
3241 1597 3347 1637 nos
3387 1583 3583 1653 reversi
3620 1589 3725 1636 sunt

2173 1677 2385 1741 fratres,
2407 1676 2472 1730 ad
2494 1692 2615 1744 nos,
2638 1676 2873 1744 inquam,
2897 1675 2988 1745 qui
3010 1676 3253 1729 morbum
3274 1674 3548 1728 communi
3572 1673 3725 1729 studio

502 1769 742 1841 καὶπρὸς
776 1770 911 1839 ἡμᾶς
952 1768 1034 1822 έπί
1077 1770 1427 1836 συναχθέντων
1466 1774 1564 1822 τῶν
1609 1766 1824 1839 ἀδελφῶν
1873 1771 2066 1829 Vtro-ni:

2174 1775 2555 1838 persequentes
2603 1767 2898 1821 animarum
2945 1765 3244 1820 curavimus
3288 1764 3586 1820 sanitatem.
3619 1782 3637 1815 ι
3666 1764 3724 1821 Et

501 1855 737 1927 ἀγαλλιῶ.
771 1852 957 1918 Ἐζήτει
979 1856 1009 1913 ἠ
1037 1855 1264 1914 ἐκκλησία
1291 1854 1376 1916 οὓς
1398 1856 1667 1910 ἀπέλαϐεν.
1694 1860 1750 1909 Εἰ
1769 1856 1865 1929 γὰρ
1886 1854 2066 1925 μηδένα

2176 1868 2297 1931 post
2319 1875 2486 1930 pauca
2514 1879 2529 1913 :
2563 1878 2581 1911 ι
2615 1859 2853 1924 Exsulta,
2886 1855 3052 1935 frater
3091 1857 3432 1921 cbarissime,
3469 1866 3523 1912 et
3554 1856 3614 1912 ad
3641 1871 3724 1912 nos

501 1954 601 2001 τῶν
620 1953 809 2022 μικρῶν
836 1945 1109 2009 ἀπολέσθαι
1136 1947 1357 2015 θέλομεν,
1386 1949 1532 2020 πόσῳ
1562 1948 1744 2019 μᾶλλον
1771 1947 1850 2003 δεῖ
1873 1952 2066 2021 χαίρειν

2173 1951 2475 2007 recollectis
2502 1950 2756 2005 fratribus
2786 1949 2960 2005 victor
2986 1948 3214 2004 exsulta.
3251 1947 3535 2014 Quaerebat
3558 1946 3718 2003 Eccle-

502 2040 635 2107 ἡμᾶς
657 2039 744 2093 έπί
768 2045 831 2109 τῇ
851 2039 1017 2112 ὐγιείᾳ
1040 2044 1138 2091 τῶν
1164 2040 1477 2110 ἡγουμένωνς
1508 2037 1790 2113 ’Δνέγνομεν
1815 2038 1936 2111 [leg.
1972 2043 2077 2096 ἀνέ-

502 2129 712 2209 γνωμεν]
729 2116 901 2188 πόσην.
913 2130 1089 2211 χαράν
1102 2118 1368 2207 παρέσχεν
1384 2128 1431 2182 ἓν
1455 2128 1709 2205 πρόϐατον
1725 2132 2071 2201 ἀνακομισθὲν,

504 2222 755 2273 καὶτοῦτο
772 2221 950 2273 ἐννοεῖν
972 2218 1242 2293 ὀφείλομεν,
1266 2219 1428 2283 πόσον
1447 2218 1645 2274 ἔπαινον
1667 2219 1702 2274 ἕ
1695 2241 1783 2293 χει
1797 2223 2074 2282 τοσούτους

502 2310 745 2379 ποιμένας
775 2309 1203 2383 συγκαλέσασθαι.
1226 2306 1303 2363 Ἐν
1326 2309 1525 2380 έκάστῳ
1550 2294 1720 2395 ἀγέλιί
1750 2312 2070 2384 θεωροῦνται,

502 2401 610 2471 οὐχ
638 2400 744 2462 ένός
778 2402 988 2458 ἐνταῦθα
1025 2404 1084 2458 τὸ
1118 2409 1337 2479 πρᾶγμα
1368 2408 1609 2467 ζητεῖται.
1644 2404 1821 2465 ὁσάκις
1853 2407 2074 2481 πράττε-

503 2501 590 2546 ται
613 2493 731 2564 περί
756 2499 848 2553 τῆς
874 2492 1068 2564 ὐγιιίας
1095 2482 1193 2548 τῶν
1229 2481 1439 2548 πολλῶν.
1474 2512 1492 2546 ε
1527 2498 1615 2548 nati
1639 2495 1809 2549 πάλιν’
1838 2513 1855 2544 ι
1882 2497 2074 2569 Χαίρω·

505 2599 595 2658 μεν
624 2578 708 2633 έπί
726 2587 798 2651 τῷ
822 2580 1081 2635 καλεῖσθαι
1107 2582 1190 2636 τὸν
1212 2583 1301 2640 τῆς
1318 2581 1616 2651 Ἀντιοχέων
1646 2583 1905 2643 ἐκκλησίας
1935 2583 2075 2657 ίερέα

505 2670 649 2745 παρά
673 2676 762 2728 τῆς
791 2676 885 2728 σῆς
929 2668 1213 2741 ἁγιωσύνης
1254 2668 1348 2727 ἤδη
1383 2678 1469 2724 νῦν
1510 2669 1874 2726 εύλαϐἐστατον
1916 2668 2074 2745 ἄνδρα

505 2759 585 2809 καί
607 2759 794 2833 κύριον
823 2762 911 2814 καί
935 2760 1138 2819 εἰκότως
1160 2760 1385 2816 καλεῖται
1415 2765 1599 2836 κύριος,
1625 2761 1796 2819 ἐπειδὴ
1816 2762 1901 2816 τόν
1922 2764 2073 2816 κεινὸν

502 2848 677 2922 κύριον
711 2850 925 2921 έπέγνω,
957 2848 1011 2911 ὃς
1050 2852 1108 2907 τό
1150 2859 1240 2912 τῆς
1275 2856 1580 2929 σαρκώσεως
1610 2856 1764 2907 αὐτοῦ
1795 2858 2016 2929 μυστὴρι
2048 2878 2073 2908 ν

503 2938 747 3013 ὀρθοδόξῳ
770 2951 899 3024 φωνῇ
925 2942 1029 3015 μεθ’
1055 2946 1193 3012 ἡμῶν
1217 2945 1498 3017 ὁμολογεῖ.)
1527 2950 1613 2999 Καὶ
1633 2947 1797 3000 πάλιν·
1833 2965 1850 2995 ι
1885 2932 2074 3001 Εὖκταί

503 3032 607 3084 εἰσι
654 3027 737 3083 διὰ
775 3033 965 3094 παντὸς
1008 3033 1060 3087 at!
1088 3032 1275 3105 θλίψεις
1303 3042 1374 3107 τῷ
1407 3040 1494 3094 τὴν
1530 3038 1703 3090 πίστιν
1746 3038 2068 3111 κηρύσσοντι.

502 3124 593 3176 καί
617 3124 717 3196 γάρ
761 3128 961 3186 τούτοις
1002 3126 1131 3195 μετά
1170 3133 1488 3201 μακαρισμοῦ
1528 3128 1765 3187 πλούσιος
1806 3130 1981 3198 μισθὸς
2028 3131 2074 3183 έν

503 3218 615 3271 τοῖς
660 3214 882 3288 οὐρανοῖς
928 3217 1259 3287 ἡτοίμασται,
1310 3214 1382 3277 οἷς
1428 3218 1559 3293 ύπὲρ
1615 3228 1706 3277 τῆς
1756 3216 2071 3280 δικαιοσύνης

478 3299 704 3378 ﬂentis,
737 3299 1016 3374 διωγμοὺς,
1055 3307 1140 3358 καί
1178 3311 1281 3359 πᾶν
1318 3307 1461 3360 κακόν
1489 3309 1868 3381 προστέτακται
1888 3309 2073 3379 ύπομέ-

502 3410 617 3445 νειν.
661 3389 954 3462 ’Υπέμεινας
1003 3394 1062 3450 τὸ
1103 3395 1320 3465 ψεῦδος,
1373 3398 1453 3450 ἵνα
1497 3406 1690 3455 νικῆσαι
1735 3404 1948 3471 ποιήσῃς
1983 3407 2070 3460 τήν

502 3482 747 3540 ἀλήθειαν.
772 3486 860 3538 Καὶ
904 3483 987 3540 διὰ
1026 3494 1178 3543 τοῦτο
1213 3494 1299 3541 νῦν
1344 3493 1801 3547 κατεπανίστασθαι
1830 3499 1936 3567 χρὴ
1976 3501 2070 3561 τοῦ

504 3572 743 3643 ψεύδους,
776 3575 944 3636 ἐπειδή
972 3577 1144 3647 μηδείς
1168 3582 1394 3634 ἀπωθέετο
1424 3590 1485 3655 τῇ
1515 3582 1765 3657 ἀληθεία.»
1795 3588 1880 3638 Καὶ
1898 3586 2066 3640 πάλιν*

508 3679 528 3712 t
560 3669 732 3718 Ταῦτα
756 3666 882 3740 πρὸς
905 3671 993 3724 τήν
1018 3672 1110 3725 σὴν
1140 3668 1400 3723 εὐλάϐειαν
1428 3672 1458 3728 ἡ
1487 3672 1593 3740 μετ’
1619 3670 1739 3741 ἐμοῦ
1772 3672 1889 3745 ἁγία
1927 3674 2071 3728 ἀδελ·

501 3751 654 3821 φότης
679 3754 988 3826 ἀντέγραψεν
1014 3755 1365 3828 ἀποδεχομένη
1398 3763 1516 3819 τοὺς
1550 3763 1668 3821 σούς
1698 3764 1745 3814 ἐν
1775 3762 1956 3823 ἅπασι,
1988 3768 2070 3818 καί

499 3842 782 3915 βεϐαιοῦσα
817 3844 1093 3915 καμάτους,
1126 3849 1174 3901 οἷ
1199 3869 1328 3908 τινες
1356 3851 1551 3924 βαρεῖς,
1589 3852 1620 3910 ἧ
1645 3857 1817 3928 πικροὶ
1845 3857 1902 3908 ού
1928 3856 2070 3927 γεγό-

500 3955 676 3997 νασιν,
707 3936 874 3995 ἐπειδὴ
908 3939 1038 4011 ύπέρ
1081 3941 1264 3993 ἑκείνου
1302 3943 1695 4004 κατεϐλήθησαν,
1738 3942 1796 3998 οὗ
1834 3967 1967 4006 τινος
2009 3950 2067 4003 τὸ

498 4025 704 4100 έλαφρὸν
731 4029 951 4099 φορτίον,
980 4029 1165 4081 καὶτὸν
1188 4032 1418 4103 χρηστὸν
1447 4035 1597 4103 ζυγόν
1621 4034 1956 4106 βαστάζομεν,
1990 4055 2009 4088 ι

571 4120 660 4169 lati
683 4122 844 4171 ταῦτα
872 4120 959 4188 μέν
995 4116 1019 4171 ό
1056 4119 1103 4171 έν
1129 4119 1289 4190 ἁγίοις
1318 4118 1509 4181 Ξύστος
1536 4125 1662 4197 πρός
1699 4126 1783 4179 τόν
1825 4127 1873 4179 ἐν
1906 4126 2067 4198 ἁγίοις

496 4206 728 4279 ιύριλλον
782 4210 898 4281 περὶ
954 4216 1053 4263 τῶν
1108 4211 1407 4264 ἀνατολικῶν
1462 4210 1707 4286 ἔγραψεν.
1757 4212 1954 4276 Ἐπειδὴ
2011 4216 2064 4282 δὲ

494 4299 751 4359 ἀσυνέτως
779 4302 861 4353 καί
887 4307 1036 4355 τοῦτο
1075 4304 1330 4377 εἰρήκατε,
1359 4299 1436 4358 ὅτι
1463 4304 1677 4375 βλάπτει
1700 4312 1787 4365 τήν
1817 4307 2065 4379 ὑπόληψιν

494 4396 585 4448 τῆς
615 4389 759 4461 ἁγίας
802 4394 852 4445 ἐν
878 4391 1146 4451 Χαλκηδόνι
1185 4393 1396 4449 συνόδου
1425 4397 1457 4453 ἡ
1496 4400 1788 4472 κατάκρισις
1825 4408 1917 4460 τῆς
1944 4401 2064 4455 ἀσε-

496 4479 617 4540 ϐοῦς
645 4480 770 4558 πρὸς
793 4480 962 4556 Μάριν
986 4483 1272 4549 έπιστολῆς,
1303 4486 1562 4557 ἐρωτῶμεν
1585 4476 1748 4553 ὑμᾶς,
1778 4491 1906 4560 ποίῳ
1933 4490 2061 4562 λόγῳ

495 4574 643 4624 τοῦτο
666 4570 963 4640 ὑπεμείνατε
998 4573 1221 4644 γράφειν.
1256 4579 1332 4632 Μή
1366 4568 1467 4647 ἀρα
1499 4580 1721 4644 νομίζετε
1750 4582 1839 4637 τὴν
1870 4566 2058 4636 ἔκθεσιν

491 4673 582 4720 τῆς
609 4658 757 4730 ἁγίας
790 4662 839 4714 έν
869 4660 1135 4720 Χαλκηδόνι
1157 4662 1370 4717 συνόδου
1388 4706 1402 4730 ,
1435 4662 1602 4733 ὅμοιόν
1633 4688 1684 4720 τι
1714 4675 1805 4729 τῆς
1837 4670 2058 4730 ἀσεϐοῦς

488 4751 749 4825 περιέχειν
774 4752 1067 4817 ἐπιστολῆςξ
1094 4751 1235 4808 Ἀλλά
1272 4760 1340 4822 μὴ
1362 4755 1551 4827 γένοιτο
1579 4760 1877 4830 χριστιανόν
1910 4766 2060 4815 τοῦτο

489 4844 665 4895 εἰπεῖν.
712 4848 1064 4900 Κατανοήσατε
1109 4846 1240 4917 γὰρ,
1288 4842 1366 4899 ὅτι
1404 4848 1569 4901 πάντα
1596 4849 1660 4901 τά
1694 4848 1740 4902 έν
1778 4858 1840 4924 τῇ
1884 4852 2064 4907 ἀσεϐεῖ

488 4931 649 5004 έκείνη
678 4932 939 5008 ἐπιστολῇ,
969 4937 1056 4988 καί
1081 4942 1187 4995 τοῖς
1214 4934 1476 5009 θεοδώρου
1506 4938 1866 5012 συγγράμμασι
1891 4962 2061 5016 περιε-

489 5019 714 5089 χόμενα,
746 5023 942 5078 ἐναντία
980 5026 1079 5077 εἰσί
1102 5032 1175 5097 τῷ
1205 5022 1308 5098 ὅρῳ
1332 5034 1422 5101 τῆς
1446 5029 1575 5081 κατά
1600 5028 1885 5086 Χαλκηδόνα
1912 5033 2058 5096 συνό-

486 5106 575 5161 δου
600 5116 671 5179 τῷ
698 5114 815 5181 περί
839 5121 931 5172 τῆς
953 5115 1173 5174 πίστεως
1200 5112 1463 5186 δεδομένῳ.
1492 5115 1750 5191 Θεόδωρος
1776 5122 1893 5193 γάρ,
1923 5126 2007 5176 καί
2026 5124 2057 5181 ἦ

486 5201 719 5260 ἐπιστολή
755 5199 897 5256 ἄλλον
927 5204 1153 5277 λέγουσιν
1182 5202 1307 5259 εἶναι
1333 5208 1418 5267 τὸν
1444 5211 1567 5262 Θεὸν
1593 5208 1766 5278 λόγον,
1804 5215 1889 5266 καί
1917 5211 2059 5269 ἄλλον

485 5290 572 5345 τὸν
607 5291 842 5365 Χριστόν.
874 5289 927 5344 Ἠ
965 5290 1019 5347 δέ
1060 5292 1180 5364 ἁγία
1224 5295 1354 5349 κατὰ
1399 5295 1680 5355 Χαλκηδόνα
1721 5297 1933 5361 σύνοδος
1970 5303 2057 5358 ἕνα

483 5376 612 5453 λέγει
638 5381 724 5434 τὸν
764 5383 935 5457 κύριον
969 5384 1107 5456 ἡμῶν
1148 5382 1336 5442 Ἰησοῦν
1383 5388 1595 5459 Χριστόν
1632 5389 1716 5442 τόν
1757 5391 1877 5443 Θεὸν
1914 5390 2056 5464 λόγον

482 5471 823 5548 σαρκωθέντα,
846 5477 926 5528 καί
942 5474 1203 5549 ἀτρέπτως
1217 5476 1689 5550 ένανθρωπήσαντα.
1716 5489 1765 5532 Ἦ
1791 5481 2050 5548 ἐπιστολή,

482 5566 564 5621 καί
590 5562 845 5645 Θεόδωρος
871 5569 971 5637 οὐχ
999 5565 1301 5640 ὁμολογοῦσι
1320 5570 1406 5623 τόν
1431 5571 1550 5624 Θεὸν
1577 5570 1720 5643 λόγον
1738 5576 2053 5646 σαρκωθῆναι

482 5655 536 5716 ἐκ
558 5664 649 5719 τῆς
675 5657 819 5731 ἁγίας
844 5658 1036 5724 ένδὰξου
1062 5659 1328 5723 Θεοτόκου,
1358 5661 1442 5713 καί
1461 5661 1540 5714 ἀεί
1558 5662 1805 5735 παρθένου
1834 5667 2049 5736 Μαρίας,

486 5748 562 5809 δαί
589 5752 823 5830 τεχθῆναι
851 5751 901 5817 έξ
927 5753 1104 5817 αὐτῆς,
1125 5754 1206 5807 καί
1232 5748 1314 5811 διά
1342 5757 1486 5811 τοῦτο
1516 5753 1782 5834 ἀρνοῦνται
1815 5756 2048 5812 Θεοτόκον

2091 4531 2143 4590 D

2173 2041 2252 2095 sia
2280 2056 2415 2110 quos
2443 2042 2665 2111 recepit.
2690 2040 2821 2094 Nam
2842 2040 2887 2094 si
2916 2039 3183 2093 neminem
3210 2039 3393 2108 perire
3416 2039 3641 2092 volumus
3662 2037 3721 2091 de

2173 2131 2400 2202 pusillis,
2430 2139 2632 2200 quanto
2659 2131 2828 2199 magis
2853 2129 3087 2198 gaudere
3132 2144 3230 2183 nos
3260 2138 3475 2198 oportet
3516 2130 3719 2184 sanitate

2173 2220 2471 2277 rectorum!
2497 2219 2745 2289 Legimus
2783 2228 3043 2288 quantum
3071 2219 3246 2287 gaudii
3275 2234 3383 2273 una
3412 2219 3523 2273 ovis
3549 2234 3718 2288 repor-

2174 2318 2286 2365 tata
2329 2311 2655 2380 praestiterit,
2704 2318 2759 2365 et
2802 2308 3001 2365 idcirco
3040 2309 3442 2377 intelligendum
3488 2318 3566 2365 est
3605 2307 3716 2377 quid

2173 2400 2345 2455 laudis
2371 2401 2566 2456 habeat
2604 2408 2685 2455 tot
2719 2414 3005 2456 revocasse
3051 2409 3317 2470 pastores.
3364 2400 3556 2468 Creges
3590 2400 3716 2469 aspi-

2174 2491 2391 2546 ciuntur
2416 2492 2469 2545 in
2509 2492 2747 2559 singulis,
2798 2506 2897 2547 nec
2927 2491 3082 2547 unius
3119 2491 3209 2545 hic
3255 2506 3414 2546 causa
3459 2498 3711 2555 tractatur,

2173 2585 2385 2654 quoties
2422 2583 2595 2654 agitur
2619 2584 2687 2639 de
2732 2583 2960 2639 sanitate
3004 2582 3316 2636 multorum.
3346 2601 3367 2635 ι
3410 2581 3475 2635 Et
3511 2595 3743 2662 rursus.-

2181 2692 2198 2724 ι
2234 2673 2473 2740 Gaudeo,
2506 2674 2698 2743 inquit,
2741 2672 3087 2728 Antiocheam
3133 2671 3379 2727 Ecclesia:
3404 2671 3709 2726 sacerdotem

2173 2764 2354 2818 vocari
2395 2764 2505 2833 jam
2537 2779 2564 2817 a
2593 2765 2879 2825 sanctitate
2917 2772 3006 2820 tua
3054 2763 3403 2818 venerabilem
3445 2762 3623 2828 virum,
3659 2768 3707 2815 et

2174 2856 2425 2911 damnum
2447 2873 2460 2922 ;
2486 2864 2539 2910 et
2560 2856 2751 2910 merito
2780 2862 3002 2909 vocatur
3034 2854 3259 2908 domnus
3284 2853 3365 2922 qui
3393 2864 3704 2906 communem

2175 2946 2458 3001 Dominum
2490 2947 2820 3015 recognovit,
2857 2946 2944 3015 qui
2978 2944 3342 2998 incarnationis
3387 2942 3693 3012 mysterium,

2174 3051 2307 3091 voce
2317 3037 2599 3101 catholica,
2622 3025 2896 3091 nobiscum
2912 3034 3205 3090 confitetur.
3229 3051 3247 3084 ι
3268 3031 3540 3085 Etiterum:
3562 3047 3579 3080 t
3599 3027 3694 3081 Vo-

2175 3128 2314 3189 tivaa,
2347 3128 2441 3191 ait,
2468 3135 2593 3182 sunt
2613 3142 2827 3196 semper
2844 3126 3102 3183 molestiae
3134 3124 3288 3178 iidem
3305 3120 3700 3194 pnedicantium;

2175 3218 2257 3273 his
2269 3232 2499 3286 namque
2519 3232 2637 3271 cum
2659 3217 2989 3271 beatitudine
3000 3216 3215 3285 copiosa
3228 3228 3423 3268 merces
3435 3220 3640 3281 paratur
3658 3210 3705 3263 iu

2174 3307 2330 3372 cmlo,
2349 3308 2540 3377 quibus
2561 3307 3046 3377 propterjustitiam
3069 3305 3705 3372 maledictiones,pcrsecu

2173 3398 2368 3462 tiones,
2391 3405 2446 3451 et
2465 3413 2624 3453 omne
2644 3399 2841 3452 malum
2853 3399 3157 3467 pmcipitur
3169 3400 3444 3452 sustinere.
3463 3393 3640 3448 Passus
3657 3407 3707 3448 es

2172 3484 2476 3550 falsitatem,
2500 3487 2835 3541 utvictricem
2856 3485 3061 3542 faceres
3070 3489 3369 3554 veritatem,
3382 3494 3435 3540 et
3453 3485 3565 3539 ideo
3585 3498 3708 3537 nunc

2173 3575 2526 3631 insultandum
2557 3567 2637 3632 est
2656 3577 2899 3644 falsitati,
2922 3578 3045 3647 quia
3068 3577 3243 3632 nullus
3258 3578 3430 3648 perire
3454 3576 3614 3647 potuit
3631 3589 3708 3628 ve-

2171 3667 2336 3720 ritati.
2370 3688 2389 3719 ι
2426 3668 2502 3723 Ac
2521 3667 2820 3737 deniqueu
2856 3667 2999 3733 limo,
3032 3669 3221 3735 inquit,
3248 3668 3314 3720 ad
3344 3667 3707 3722 venerationem

2172 3764 2315 3812 tuam
2342 3756 2646 3812 fraternitas
2668 3773 2876 3812 mecum
2917 3766 3102 3813 sancta
3129 3759 3335 3827 scribit,
3360 3759 3580 3828 probans
3607 3766 3709 3809 tuos

2172 3850 2226 3905 in
2256 3850 2522 3915 omnibus,
2553 3858 2607 3905 et
2631 3851 2951 3905 confirmans
2980 3850 3208 3915 labores,
3235 3850 3325 3917 qui
3354 3859 3525 3904 tamen
3545 3859 3710 3914 graves

2172 3948 2264 3994 aut
2300 3941 2467 3995 amari
2510 3956 2627 3995 esse
2673 3956 2776 3995 non
2824 3950 3130 4013 potuerunt,
3176 3943 3300 4012 quia
3351 3943 3470 3998 huic
3511 3936 3708 4009 impensi

2171 4042 2313 4096 sunt,
2357 4032 2506 4098 cujus
2534 4046 2670 4085 onus
2698 4031 2832 4095 leve,
2861 4040 2917 4085 et
2956 4032 3139 4100 jugum
3175 4046 3343 4086 suave
3381 4040 3655 4102 portamus.
3687 4045 3703 4079 ι

2242 4120 2366 4176 Htec
2394 4123 2458 4175 ad
2481 4121 2537 4176 S.
2568 4122 2825 4193 Cyrillum
2868 4123 2937 4177 de
2986 4120 3350 4181 Orientalibus
3397 4122 3453 4178 S.
3502 4121 3706 4192 Xystus;

2170 4211 2265 4265 sed
2291 4225 2410 4265 cum
2439 4210 2601 4265 stulte
2624 4210 2905 4264 admodum
2931 4212 3261 4280 protuleritis
3287 4213 3508 4281 pariter,
3536 4226 3596 4265 ea
3615 4210 3709 4280 epi-

2168 4302 2319 4357 stolae
2353 4316 2469 4372 quae
2492 4301 2558 4355 ad
2586 4300 2773 4355 Marini
2804 4300 3020 4355 Persam
3051 4302 3361 4357 inscribitur
3397 4303 3710 4357 damnatione

2170 4391 2288 4455 lmdi
2360 4393 2531 4447 sancti
2570 4391 3019 4447 Chalcedonensis
3067 4393 3279 4447 concilii
3334 4394 3708 4458 deﬁnitionem,

2168 4481 2454 4549 quaerimus
2481 4497 2583 4551 qua
2623 4482 2834 4536 tandem
2861 4483 3072 4538 ratione
3106 4487 3365 4541 commoti
3415 4486 3467 4541 id
3501 4486 3711 4540 scribere

2165 4572 2562 4627 sustinueritis?
2590 4571 2705 4627 Non
2734 4573 2917 4643 itaque
2955 4574 3171 4643 putetis,
3204 4587 3403 4633 sancte
3440 4575 3711 4633 Chalcedo-

2165 4662 2342 4717 nensis
2361 4661 2548 4733 synodi
2566 4662 2859 4717 doctrinam
2887 4664 3154 4735 quidpiam
3192 4681 3379 4721 eorum
3410 4683 3525 4737 qua:
3553 4669 3602 4721 in
3627 4667 3713 4720 im-

2164 4751 2251 4822 pia
2289 4753 2513 4821 epistola
2549 4755 2891 4809 continentur
2926 4755 3099 4810 simile
3129 4758 3447 4827 complecti;
3491 4758 3543 4813 id
3587 4756 3710 4813 enim

2164 4843 2344 4898 dicere
2370 4843 2729 4899 Christianum
2758 4860 2868 4898 non
2899 4854 3000 4900 est.
3028 4846 3278 4911 Quinimo
3304 4851 3499 4904 scitote
3525 4864 3585 4903 ea
3610 4863 3713 4903 om-

2164 4934 2253 4988 nia
2281 4949 2398 5002 qum
2427 4935 2479 4988 in
2522 4934 2708 4990 eadem
2751 4936 2995 5005 epistola,
3028 4936 3403 5008 Theodorique
3446 4939 3587 4994 libris
3629 4937 3712 4990 ba-

2162 5023 2375 5091 bentur,
2416 5038 2536 5078 cum
2578 5035 2775 5080 sanctte
2818 5024 2940 5081 lidei
2979 5025 3309 5095 deﬁnitione,
3355 5044 3387 5083 a
3435 5025 3711 5083 Chalcedo-

2163 5116 2317 5170 nens’i
2364 5117 2594 5172 concilio
2642 5120 2855 5185 tradita,
2912 5121 3132 5176 omnino
3180 5136 3437 5192 pugnare.
3497 5120 3709 5193 Epistula

2162 5206 2306 5261 enim
2357 5222 2418 5262 ac
2474 5207 2791 5265 Theodorus
2856 5212 3019 5270 alium
3073 5228 3191 5268 esse
3246 5213 3416 5269 Deum
3469 5213 3707 5275 Verbum,

2163 5299 2325 5354 alium
2369 5299 2636 5356 Christum
2670 5311 2937 5371 statuunt;
2980 5317 3166 5363 sancta
3207 5316 3387 5362 autem
3433 5304 3709 5364 Chalcedo-

2163 5393 2342 5447 nensis
2370 5395 2604 5465 synodus
2652 5396 2868 5451 unicum
2905 5399 3145 5465 agnoscit
3177 5399 3461 5455 Dominum
3489 5411 3714 5456 nostrum

2161 5481 2340 5537 Jesum
2387 5478 2657 5541 Christum
2721 5487 2892 5544 Deum
2946 5489 3179 5545 Verbum
3242 5493 3604 5559 incarnatum,
3654 5502 3712 5543 ac

2160 5574 2361 5643 absque
2408 5578 2492 5631 sui
2559 5579 2857 5635 mutatione
2902 5580 3174 5636 hominem
3218 5582 3434 5637 factum.
3494 5579 3711 5653 Epistula

2159 5672 2318 5733 atque
2347 5665 2662 5724 Theodorus
2686 5669 2782 5725 Dei
2813 5670 3043 5727 Verbum
3085 5688 3154 5729 ex
3193 5683 3376 5729 sancta
3406 5682 3567 5743 atque
3605 5671 3709 5742 glo-

2155 5757 2299 5812 riosa
2324 5755 2566 5830 Deipara,
2598 5776 2659 5817 ac
2685 5776 2896 5834 semper
2923 5763 3126 5835 virgine
3166 5763 3329 5821 Maria
3370 5778 3584 5823 carnem
3634 5773 3709 5819 an
