3994 6140
395 280 525 351 1081

1115 276 1478 342 EPISTOLA
1515 283 1914 350 ADVERSUS
1951 290 2432 358 THEODORUM
2472 292 2889 355 MOPSUEST.

3473 306 3610 371 1082

387 398 512 459 εἶναι
535 405 624 462 τήν
653 399 798 470 ἁγίαν
824 400 1063 474 παρθένον
1089 403 1298 478 Μαρίαν
1337 401 1383 455 οἱ
1420 400 1474 457 δέ
1504 400 1637 472 ἅγιοι
1666 403 1877 492 πατέρες
1900 404 1947 457 oi

2052 407 2357 476 sumpsisse,
2387 424 2451 465 ac
2485 425 2553 466 ex
2596 412 2708 482 ipsa
2743 420 2924 469 natum
2948 430 3066 472 esse
3116 431 3222 474 non
3264 418 3605 492 conﬁtentur,

386 493 441 547 ἐν
466 486 734 546 Χαλκηδόνι
775 488 1083 549 συνελθόντες
1111 487 1408 555 συνοδικῶς,
1435 491 1667 545 Θεοτόκον
1701 486 1827 551 εἶναι
1859 496 1949 550 τήν

387 580 536 652 ἁγίαν
560 580 800 651 παρθένον
824 581 1013 652 Μαρίαν
1042 579 1379 651 ὡμολόγησαν.
1399 579 1654 656 Θεόδωρος
1683 580 1709 639 ὀ
1738 582 1950 644 ἀσεϐὴς,

381 672 471 724 καί
496 671 527 726 ἡ
573 668 828 735 ἀνώνυμος
872 668 1109 726 ἓπιστολή
1154 666 1245 722 δύο
1284 671 1530 744 πρόσωπα
1576 671 1799 743 λέγοντες
1825 675 1954 727 κατά

392 763 634 827 σχετικὴν
657 759 830 814 ἕνωσιν
854 757 902 813 ἓν
929 760 1197 835 πρόσωπον
1226 762 1641 821 ἀναπλάττουσιν.
1671 774 1721 816 Ἦ
1743 762 1952 823 σύνοδος

393 846 442 901 δέ
470 855 568 906 τῶν
596 846 687 902 δύο
710 851 908 919 φύσεων
943 856 1032 909 τήν
1060 853 1177 905 καθ’
1208 851 1491 908 ὑπόστασιν
1516 854 1689 909 ἕνωσιν
1714 854 1948 924 λέγουσα,

364 984 371 991 .
393 935 439 988 ἓν
461 930 696 1008 κηρύττει
723 938 1013 1011 πρόσωπον,
1044 938 1150 996 ἦτοι
1172 942 1289 1009 μίαν
1313 941 1595 1001 ὑπόστασιν
1618 948 1831 1017 Χριστοῦ
1864 950 1951 997 τοῦ

394 1032 687 1095 μονογενοῦς
723 1033 848 1080 Θεοῦ
874 1027 1037 1098 λόγου.
1077 1029 1218 1085 Πάλιν
1242 1031 1273 1086 ἦ
1313 1030 1499 1090 ἀσεϐὴς
1524 1033 1677 1089 ἐκείνη
1714 1030 1952 1091 έπιστολή

393 1111 712 1177 καταδικάζει
746 1120 836 1174 τὴν
877 1116 926 1169 ἐν
953 1115 1137 1188 Ἐφέσῳ
1179 1120 1383 1191 πρώτην
1425 1118 1650 1187 σύνοδον,
1682 1121 1874 1175 καὶτὸν
1901 1123 1952 1175 έν

392 1199 548 1272 ἁγίοις
570 1203 840 1276 Κύριλλον,
874 1206 959 1257 καί
988 1205 1150 1262 ἀσεϐῆ
1174 1208 1240 1267 τά
1268 1208 1421 1265 αύτοῦ
1452 1208 1681 1278 κεφάλαια
1704 1209 1948 1278 ὀνομάζει.

392 1294 655 1368 Νεστόριον
691 1292 744 1351 δέ
769 1298 854 1349 καί
892 1293 1146 1370 Θεόδωρον
1174 1294 1360 1350 ἐκδικεῖ
1400 1300 1485 1351 καὶ
1520 1298 1713 1352 ἐπαινεῖ
1722 1313 1737 1327 ⁰
1768 1302 1797 1357 ἡ
1823 1297 1875 1353 δέ
1903 1298 1953 1353 έν

310 1428 327 1441 .
395 1381 659 1443 Χαλκηδόνι
689 1382 899 1442 σύνοδος
927 1382 1010 1439 διά
1041 1386 1240 1440 πάντων
1264 1385 1521 1439 ἀκολουθιί
1540 1393 1600 1457 τῇ
1621 1387 1746 1460 αὐτῇ
1773 1389 1950 1457 πρώτῃ

392 1476 441 1527 ἐν
462 1471 644 1543 Ἐφέσῳ
667 1471 865 1544 συνόδῳ
882 1513 898 1538 ,
932 1479 1014 1530 καί
1041 1477 1240 1549 πατέρα
1268 1478 1350 1529 καὶ
1386 1474 1682 1531 διδάσκαλον
1712 1476 1953 1551 Κύριλλον

393 1565 745 1638 ἐπιγράφεται,
770 1569 853 1619 καί
876 1570 965 1625 τήν
986 1566 1244 1626 συνοδεκήν
1272 1570 1424 1622 αὐτοῦ
1453 1570 1734 1631 ἐπιστολὴν.
1761 1572 1810 1623 ἐν
1887 1575 1952 1625 τά

394 1653 587 1710 δώδεκα
612 1656 854 1726 κεφάλαια
874 1657 1229 1719 ὑποτέτακται.
1258 1658 1474 1728 βεϐαιοῖ,
1505 1659 1769 1734 Νεστόριον
1788 1658 1841 1714 δέ
1868 1662 1951 1715 τόν

392 1745 551 1808 ἀσεϐῆ
576 1748 879 1819 κατακρίνει,
908 1750 988 1801 καί
1012 1747 1142 1821 πρὸς
1157 1749 1356 1808 τούτοις
1382 1750 1437 1803 τὸ
1465 1746 1731 1806 ἰουδαῖκόν
1759 1748 1951 1821 σύμιῗο-

2055 1748 2316 1814 sequitur,
2352 1747 2605 1819 Cyrillum
2645 1749 2819 1806 Patris
2846 1741 3189 1822 doctorisque
3232 1757 3397 1811 titulis
3435 1741 3590 1813 ornat

392 1835 477 1889 λον
502 1836 560 1889 τό
587 1834 687 1897 ύπό
709 1833 966 1911 Θεοδώρου
999 1838 1476 1908 συμπεπλασμένον,
1501 1839 1558 1892 τό
1579 1842 1664 1893 καί
1687 1841 1735 1893 ἐν
1755 1848 1815 1914 τῇ
1839 1840 1950 1894 κατ’

393 1922 598 1998 Ἐφισον
633 1928 810 2000 πρώτη
844 1924 1040 1996 συνόδῳ
1078 1929 1390 2002 κατακριθέν,
1434 1931 1515 1985 καὶ
1553 1929 1603 1982 ἐν
1631 1931 1758 2002 αὐτῇ
1798 1938 1859 2005 τῇ
1907 1932 1955 1982 ἐν

392 2013 663 2072 Χαλκηδόνι
705 2012 898 2087 συνόδῳ
948 2018 1076 2086 μετά
1118 2024 1284 2072 ταῦτα
1321 2019 1656 2092 προκομσθέν
1695 2021 1823 2090 μετά
1860 2025 1949 2074 τοῦ

393 2103 681 2178 γράψαντος
704 2105 830 2161 αὐτὸ
854 2106 1221 2179 παραπλησίως
1241 2106 1572 2171 καταδικάζει.

2052 509 2217 564 quare
2240 498 2398 552 etiam
2427 500 2809 557 sanctissimam
2836 502 3103 573 Virginem
3123 507 3342 563 Mariam
3371 510 3607 566 inﬁcian-

2053 595 2141 641 tur
2164 586 2450 657 Deiparam
2477 605 2628 646 esse:
2655 594 2825 647 sancti
2857 609 2985 649 vero
3013 595 3197 652 Patres
3234 599 3285 652 in
3313 597 3609 655 Chalcedo-

2052 679 2202 731 nensi
2231 681 2460 735 concilio
2487 684 2791 750 congregati
2819 686 3204 741 sanctissimam
3242 687 3460 742 Mariam
3490 688 3610 743 Dei-

2051 787 2235 842 param
2260 774 2489 829 confessi
2515 784 2656 829 sunt.
2710 776 2904 846 Impius
2933 779 3243 835 Theodorus
3280 792 3439 851 atque
3478 799 3612 838 ano-

2055 876 2212 931 nyma
2249 863 2470 930 epistola
2512 865 2644 919 duas
2684 866 3024 923 admittentes
3064 885 3345 939 personas,
3399 874 3608 927 u’nicam

2054 957 2230 1003 tamen
2263 965 2544 1018 personam
2570 967 2666 1021 per
2707 954 3029 1009 habitnalem
3078 959 3327 1013 unionem
3371 960 3610 1028 profiteri

2051 1029 2119 1091 se'
2136 1039 2384 1093 simulant
2410 1057 2422 1097 :
2448 1040 2681 1110 synodus
2703 1051 2879 1096 autem
2909 1044 3102 1112 duplici
3131 1054 3333 1101 natura:
3360 1048 3611 1118 hyposta-

2053 1125 2211 1178 ticam
2253 1141 2373 1182 esse
2421 1129 2670 1182 unionem
2718 1128 3020 1194 afﬁrmans,
3073 1136 3277 1188 unicam
3331 1152 3609 1205 personam

2052 1212 2326 1281 prmdicat,
2370 1215 2483 1273 sive
2523 1218 2699 1283 potius
2728 1219 2937 1272 unicam
2983 1221 3372 1277 subsistentiam
3415 1224 3611 1281 Christi

2052 1301 2307 1369 unigeniti
2330 1302 2446 1371 Filii
2475 1303 2587 1358 Dei.
2618 1304 2823 1359 Rursus
2843 1322 2905 1361 ea
2936 1309 3159 1376 epistola
3184 1311 3414 1378 priorem
3438 1311 3613 1381 Ephe-

2051 1388 2222 1443 sinam
2248 1391 2526 1461 synodum,
2559 1407 2622 1446 ac
2648 1403 2887 1448 sanctum
2914 1393 3168 1466 Cyrillum
3195 1399 3436 1464 damnat,
3465 1402 3614 1471 cujus

2052 1477 2211 1531 etiam
2267 1478 2495 1544 capitula
2523 1480 2682 1549 impia
2727 1491 2930 1537 vocat:
2981 1484 3280 1542 Nestorium
3331 1499 3507 1544 autem
3560 1498 3614 1549 et

2053 1566 2390 1623 Theodorum
2420 1570 2653 1625 vindicat
2679 1586 2742 1626 ac
2770 1572 2953 1628 laudat
2976 1592 2988 1627 :
3012 1574 3457 1632 Chalcedonensis
3488 1594 3613 1643 vero

2052 1658 2285 1726 synodus
2325 1660 2377 1721 in
2413 1661 2660 1716 omnibus
2701 1660 3022 1747 Epliesinam
3070 1666 3299 1734 priorem
3353 1668 3614 1747 synodum

2055 1838 2469 1910 synodicamque
2497 1838 2636 1895 illius
2656 1841 2954 1910 epistolam,
2982 1845 3068 1898 cui
3091 1845 3371 1901 duodecim
3398 1862 3461 1902 ea
3486 1849 3613 1903 sub-

2059 1942 2197 1982 nexa
2232 1934 2354 1988 sunt
2381 1928 2633 1997 capitula,
2664 1929 2965 1999 conﬁrmat,
3011 1932 3312 1989 Nestorium
3356 1938 3614 2003 dannttat;

2056 2023 2216 2085 atque
2243 2015 2309 2073 ad
2334 2016 2446 2071 haec
2467 2015 2740 2079 Iudaicum
2769 2020 3065 2090 symbolum
3097 2038 3129 2077 a
3170 2022 3453 2080 Theodoro
3481 2041 3613 2082 conn

2053 2104 2391 2168 sarcinatum,
2417 2106 2558 2174 quod
2579 2106 2705 2161 olim
2731 2108 2889 2162 etiam
2917 2111 2970 2163 in
2997 2112 3163 2179 prima
3191 2111 3453 2182 Ephesina
3479 2131 3611 2186 syn-

392 2192 496 2251 odo
540 2192 844 2255 damnatum
884 2191 1092 2259 fuerat,
1142 2202 1198 2249 et
1240 2203 1360 2264 post
1407 2211 1470 2250 ea
1515 2211 1632 2266 qua:
1679 2195 1920 2266 superius
1975 2194 2338 2254 recensuimus
2381 2194 2435 2249 in
2481 2195 2665 2250 eadem
2707 2206 2892 2256 sancta
2937 2198 3359 2259 Chalcedonensi
3402 2205 3612 2277 synodo

393 2284 657 2357 prolatum
700 2283 893 2352 fuerat,
940 2285 1181 2349 similiter
1233 2296 1560 2357 exsecratur,
1609 2296 1768 2356 atque
1820 2302 1940 2343 cum
1978 2292 2195 2340 auctore
2220 2299 2318 2345 suo
2343 2286 2771 2349 anathematizat.

461 2381 636 2430 ταῦτα
662 2373 715 2430 δέ
741 2375 789 2427 ἐν
816 2384 919 2431 τοῖς
946 2375 1219 2450 ὁρισθεῖσιν
1243 2379 1274 2435 ἠ
1301 2378 1418 2447 ἁγία
1440 2379 1489 2433 έν
1508 2378 1775 2436 Χαλκηδόνι
1803 2381 1951 2433 advo—

392 2461 478 2525 δος
506 2466 722 2528 ἐξέθετο,
750 2464 808 2517 ού
828 2466 1119 2526 καινίξουσά
1151 2486 1203 2521 τι
1229 2468 1344 2537 περὶ
1364 2470 1454 2524 τήν
1480 2465 1735 2542 ὀρθόδοξον
1756 2469 1948 2530 πίστιν,

392 2553 513 2608 διλλά
548 2552 630 2608 διὰ
649 2556 847 2610 πάντων
877 2553 1215 2608 ἀκολουθοῦσα
1240 2562 1301 2628 τῇ
1331 2554 1566 2629 ὁμολογίᾳ
1591 2564 1679 2614 τῆς
1705 2559 1946 2620 πίστεως,

393 2645 452 2702 ἢν
480 2643 701 2716 ὀκύριος
731 2642 812 2698 διά
840 2651 938 2698 τῶν
966 2644 1116 2715 ἁγίων
1136 2645 1427 2702 ἀποστόλων
1454 2645 1767 2718 ἐδωρήσατο,
1798 2649 1880 2699 καί
1905 2647 1950 2699 oi

393 2735 524 2806 ἅγιοι
543 2736 813 2790 ἀπόστολοι
837 2737 1094 2808 ἐκήρυξαν,
1118 2740 1200 2790 καὶ
1220 2737 1264 2790 οἷ
1283 2737 1560 2812 τριακόσιοι
1585 2736 1706 2791 δέκα
1723 2740 1802 2790 καί
1822 2737 1949 2791 ὀκτὼ

393 2826 523 2899 ἅγιοι
549 2827 766 2900 πατέρες
799 2823 1191 2896 παραδεῖώκασι
1302 2831 1395 2880 τοῦ
1424 2832 1550 2881 Θεοῦ
1572 2826 1838 2899 ἐκκλησίᾳ,
1868 2830 1952 2881 καί

390 2919 436 2970 οἱ
464 2917 636 2971 έκατόν
662 2922 968 2973 πεντήκοντα
1001 2917 1212 2992 πατέρες
1240 2916 1567 2981 ἐϐεϐαίωσαν,
1598 2919 1952 2988 σαφηνίσαντες

392 3010 506 3085 περί
529 3015 617 3067 τῆς
647 3004 877 3064 θεότητος
905 3012 995 3059 τοῦ
1020 3005 1160 3077 ἁγίου
1184 3008 1488 3079 πνεύματος.
1518 3008 1689 3080 Ταύτῃ
1719 3005 1772 3061 δέ
1799 3010 1881 3061 καί
1907 3008 1971 3059 οἵ

391 3098 440 3152 έν
460 3095 648 3167 Ἐφέσῳ
683 3098 741 3149 τό
780 3100 951 3168 πρώην
977 3096 1312 3164 συναχθέντις
1340 3092 1470 3164 ἅγιοι
1505 3096 1721 3168 πατέρες
1744 3095 1955 3154 ἠκολού-

392 3191 565 3249 θησαν.
590 3187 643 3242 ’Β
670 3187 721 3242 δέ
762 3189 808 3238 ἐν
836 3185 1103 3242 Χαλκηδόνι
1141 3186 1261 3257 ἁγία
1287 3184 1490 3245 σύνοδος
1517 3189 1598 3239 καί
1631 3186 1949 3251 ἀνεθεμάτισε
1977 3209 2021 3268 C

393 3283 510 3339 τοὺς
537 3281 704 3349 ἕτερον
739 3278 988 3347 σύμίῗολον
1023 3276 1053 3335 ἦ
1093 3275 1279 3330 ἔκθεσιν
1314 3279 1532 3335 πίστεως
1557 3274 1948 3348 παραδιδόντας.

393 3374 535 3444 παρὰ
554 3372 610 3423 τὸ
631 3371 730 3422 ύπό
755 3376 852 3423 τῶν
877 3370 1175 3443 τριακοσίων
1210 3365 1334 3422 δέκα
1369 3371 1454 3423 καί
1479 3369 1608 3422 ὀκτώ
1630 3366 1781 3440 ἁγίων
1802 3368 1954 3422 πατέ-

387 3483 492 3541 ρων
518 3458 816 3535 παραδοθέν.

460 3640 634 3700 οὕτως
657 3641 821 3695 τοίνυν
859 3650 950 3701 τῆς
976 3640 1203 3701 ἀληθτίας
1229 3640 1472 3710 ἐχούσης,
1503 3639 1593 3709 ὀψέ
1634 3645 1754 3708 γοῦν
1791 3660 1949 3693 κατατ

384 3734 603 3788 νοήσατε
622 3769 636 3791 ,
666 3735 743 3789 τίς
772 3731 928 3804 ὀρθῶς
959 3735 1047 3789 τήν
1082 3730 1228 3802 ἁγίαν
1255 3729 1305 3784 έν
1341 3727 1603 3787 Χαλκηδόνι
1643 3727 1848 3783 σύνοδον
1875 3730 1952 3781 ἐκ·

391 3825 554 3882 δικείς
596 3820 808 3893 Πότερον
860 3818 885 3873 ὀ
924 3817 1154 3876 δεικνύων
1196 3816 1269 3873 ὅτι
1316 3827 1420 3878 τοῖς
1463 3818 1735 3887 εἰρημένοις
1792 3818 1951 3890 ἁγίοις

392 3912 645 3981 πατράσιν
673 3911 1052 3967 ἀκολουθήσασα
1078 3907 1243 3964 πάντα
1272 3912 1423 3986 ὀρθῶς
1462 3910 1675 3972 ἐξέθετο,
1713 3907 1742 3966 ἢ
1783 3905 1807 3961 ὀ
1831 3909 1951 3967 τούς

392 4004 591 4064 ἀσεϐεῖς
634 4010 732 4057 τῶν
778 4003 1035 4074 αίρετικῶν
1076 4003 1252 4073 λόγους
1298 4002 1607 4074 προσάπτειν
1652 3998 1951 4062 σπουδάζων

393 4096 544 4166 mutii;
592 4097 719 4153 Τοὺς
758 4097 857 4164 γάρ
902 4095 1095 4169 καθαρᾷ
1143 4090 1453 4154 συνειδήσει,
1496 4094 1578 4145 καί
1616 4091 1744 4164 ὀρθῷ
1778 4095 1951 4158 σκοπῷ

393 4181 699 4253 δεχομένους
741 4191 830 4242 τήν
879 4184 925 4236 ἐν
955 4185 1139 4255 Ἐφέσῳ
1183 4187 1387 4257 πρώτην
1426 4180 1658 4245 σύνοδον,
1707 4186 1790 4236 καί
1832 4184 1953 4242 τούς

392 4268 565 4343 ἁγίους
589 4277 813 4348 πατέρας
840 4276 1157 4344 Κελεστῐνον,
1197 4275 1456 4349 κύριλλον,
1500 4277 1582 4327 καί
1621 4274 1829 4340 Λέοντα,
1870 4274 1953 4325 καί

393 4363 478 4416 τόν
528 4360 638 4429 ὅρον
684 4373 775 4424 τῆς
825 4366 874 4418 ἐν
925 4365 1191 4423 Χαλκηδόνι
1242 4363 1471 4427 συνόδου,
1528 4361 1769 4418 ἀδύνατόν
1819 4365 1953 4418 ἐστιν

393 4448 633 4521 δέχεσθαι
675 4455 803 4521 μετά
847 4455 1038 4507 τούτων
1085 4457 1165 4508 καί
1209 4459 1299 4512 τήν
1345 4454 1472 4527 πρὸς
1511 4454 1677 4525 Μάριν
1716 4454 1953 4526 μυσαρὰν

393 4538 656 4599 ἐπιστολήν
673 4546 763 4600 τήν
784 4547 911 4596 κατά
930 4544 1093 4596 πάντα
1111 4544 1307 4602 τούτοις
1333 4542 1722 4607 ἐναντιουμένην.
1748 4545 1834 4599 Τίς
1851 4544 1952 4615 γάρ

2120 2373 2244 2431 Haec
2268 2375 2448 2444 itaque
2481 2373 2875 2438 deﬁnitionibus
2925 2391 3121 2440 sancta:
3165 2382 3617 2446 Chalcedonensis

2049 2465 2237 2534 synodi
2266 2467 2552 2521 constituta
2578 2477 2721 2533 sunt,
2750 2484 2851 2525 nec
2876 2471 3159 2529 obscurum
3185 2477 3454 2544 quidpiam
3487 2460 3613 2548 pro;

2049 2554 2227 2608 locuta
2256 2562 2339 2609 est
2365 2555 2505 2609 circa
2531 2556 2688 2610 ﬁdem
2714 2560 2977 2627 synodus,
3020 2576 3205 2616 verum
3233 2564 3427 2634 ubique
3452 2578 3507 2622 et
3555 2568 3611 2627 in

2048 2643 2291 2698 omnibus
2310 2660 2429 2699 eam
2449 2653 2650 2701 sectata
2671 2657 2752 2702 est
2771 2648 3154 2708 confessionem
3176 2654 3318 2719 lidei,
3342 2672 3370 2709 a
3386 2656 3611 2714 Domino

2048 2731 2279 2800 benigne
2304 2748 2614 2789 concessam
2644 2752 2740 2805 per
2758 2740 3033 2806 apostolos
3070 2758 3214 2808 suos,
3242 2759 3400 2816 quam
3440 2748 3611 2806 sancti

2051 2822 2151 2891 ipsi
2178 2823 2532 2892 prmdicarunt
2559 2828 2805 2895 apostoli,
2837 2845 2995 2898 quam
3024 2835 3191 2889 sancti
3223 2837 3446 2892 trecenti
3471 2847 3620 2899 octo.

2051 2913 2222 2969 decim
2263 2915 2446 2971 Patres
2483 2916 2575 2971 Dei
2620 2916 2870 2974 Ecclesia:
2917 2922 3264 2987 tradiderunt,
3292 2940 3451 2994 quam
3481 2943 3611 2984 ceu-

2054 3010 2165 3058 tum
2193 3013 2244 3058 et
2273 3007 2649 3074 quinquaginta
2678 3006 2860 3064 Patres
2891 3010 3069 3066 itidem
3098 3013 3165 3068 de
3192 3013 3420 3083 Spiritus
3439 3014 3611 3073 sancti

2038 3092 2331 3149 divinitate
2353 3083 2599 3166 dogmata
2619 3098 2957 3156 declarantes
2974 3102 3440 3161 conﬁrmaverunt.
3462 3107 3611 3165 Hauc

2052 3183 2220 3237 secuti
2249 3193 2374 3240 sunt
2399 3185 2566 3239 sancti
2593 3185 2778 3241 Patres
2804 3187 3072 3256 Ephesum
3108 3196 3484 3251 convenientes
3503 3197 3610 3266 pri-

2053 3285 2228 3337 mum;
2257 3272 2396 3328 hanc
2416 3275 2656 3343 amplexa
2680 3285 2761 3329 est
2787 3288 2969 3334 sancta
2986 3279 3339 3341 Chalcedonis
3355 3288 3611 3357 synodus,

2054 3379 2171 3435 qua:
2198 3366 2538 3422 anathemate
2576 3366 2735 3434 feriit,
2765 3371 3067 3441 quicunque
3120 3374 3261 3429 aliud
3312 3379 3611 3448 symbolum

2055 3456 2307 3518 traderet,
2338 3456 2450 3511 sive
2479 3456 2598 3511 ﬁdei
2626 3459 3034 3527 expositionem,
3061 3471 3253 3530 praeter
3278 3480 3395 3519 eam
3419 3482 3536 3536 quae
3579 3482 3609 3522 a

2053 3547 2251 3601 sanctis
2277 3548 2531 3601 trecentis
2566 3555 2618 3601 et
2648 3549 2941 3603 octodecim
2971 3550 3214 3607 Patribus
3246 3556 3434 3609 tradita
3459 3565 3563 3613 est.

2124 3635 2252 3702 Quae
2276 3650 2396 3691 cum
2423 3636 2496 3690 ita
2527 3651 2585 3691 se
2612 3638 2859 3701 habeant,
2891 3654 3012 3694 sero
3043 3642 3253 3696 tandem
3283 3647 3608 3711 cognoscite,

2053 3736 2172 3784 uter
2198 3727 2396 3782 rectius
2424 3735 2659 3783 sanctam
2688 3727 3174 3786 Cbalcedonensem
3214 3741 3425 3789 tueatur
3451 3752 3610 3809 syno-

2054 3820 2176 3874 dum
2199 3858 2215 3884 ,
2248 3819 2361 3875 isne
2385 3819 2476 3887 qui
2497 3834 2613 3873 eam
2654 3820 2900 3888 praefatos
2929 3820 3022 3876 SS.
3063 3821 3251 3878 Patres
3279 3822 3503 3882 tideliter
3530 3842 3610 3883 se-

2053 3917 2252 3972 cutam,
2279 3916 2426 3962 recte
2447 3908 2691 3964 universa
2721 3907 2990 3965 deﬁniisse
3017 3914 3310 3981 contendit,
3340 3929 3408 3969 an
3449 3916 3495 3970 is
3520 3917 3609 3986 qui

2053 4000 2103 4054 ei
2131 3998 2358 4054 tribuere
2384 3999 2572 4053 nititur
2597 3999 2787 4069 impios
2824 4000 3070 4069 loquendi
3109 4004 3297 4059 modos
3334 4005 3610 4062 haeretico-

2053 4092 2209 4145 rum?
2255 4089 2394 4144 Fieri
2435 4104 2664 4158 namque
2706 4090 2921 4145 minime
2975 4101 3150 4161 potest
3204 4102 3262 4147 ut
3313 4097 3404 4165 qui
3453 4111 3611 4165 puras

2057 4181 2240 4250 prima:
2284 4178 2563 4249 Ephesinm
2610 4178 2798 4248 synodi
2846 4182 3167 4245 sanctiones,
3217 4182 3611 4253 catholicasque

2057 4285 2214 4324 voces
2235 4268 2536 4328 admittunt,
2567 4268 2763 4334 quique
2790 4266 2882 4321 SS.
2915 4266 3016 4322 PP.
3055 4269 3419 4334 Caelestinum,
3441 4271 3609 4343 Cyril-

2056 4358 2198 4422 lum,
2242 4355 2477 4409 Leonem
2522 4369 2585 4408 ac
2625 4353 3071 4413 Chalcedonensis
3117 4360 3302 4429 synodi
3347 4359 3604 4416 deﬁnitio.

2057 4461 2180 4499 nem
2226 4443 2506 4511 recipiunt,
2557 4441 2594 4495 ii
2621 4442 2903 4499 scelestam
2931 4458 3144 4514 quoque
3183 4447 3249 4501 ad
3283 4447 3469 4502 Marim
3500 4450 3609 4520 epi-

2055 4533 2269 4600 stolam,
2295 4546 2413 4585 cum
2447 4532 2512 4585 iis
2538 4545 2657 4598 quae
2675 4533 3100 4613 percensuimus,
3131 4536 3348 4591 omnino
3376 4553 3610 4606 pugnam

393 4630 512 4687 τούς
534 4627 864 4690 διδασκάλους
888 4638 979 4690 τῆς
1004 4631 1284 4696 ἐκκλησίας,
1315 4633 1397 4684 καὶ
1419 4632 1538 4689 τοὺς
1564 4632 1629 4684 τά
1656 4626 1850 4684 ἐναντία
1880 4628 1952 4683 δι-

2055 4631 2160 4676 tem
2190 4621 2486 4675 admittant.
2531 4604 2828 4688 Quis‘enim
2856 4623 3111 4681 Ecclesiae
3138 4604 3419 4695 magistros
3453 4604 3610 4699 atque

392 4715 673 4780 δάσκοντας
692 4761 705 4781 .
730 4721 761 4780 ἢ
799 4726 919 4783 τούς
945 4722 1268 4800 ὀρθοδόξους,
1314 4725 1401 4777 καί
1425 4724 1543 4781 τούς
1580 4722 1891 4794 αἰρετικούς,
1922 4722 1953 4781 ἣ

391 4812 506 4869 τοὺς
536 4810 992 4877 καταδικάσαντας,
1016 4817 1236 4875 καὶτοὺς
1254 4814 1641 4888 κατακριθέντας
1662 4810 1784 4881 ὁμοῦ
1804 4811 1956 4866 δύνα-

391 4918 476 4955 ται
501 4898 763 4964 δέξασθαις
806 4900 913 4959 ’Ῑνα
945 4904 998 4959 δέ
1032 4906 1332 4979 τελειότερον
1359 4908 1421 4960 τά
1450 4903 1535 4958 διά
1561 4900 1701 4956 Ἴϐαν
1730 4906 1808 4956 καί
1834 4912 1948 4957 Θεο-

390 4986 601 5061 δώριτον
642 4996 934 5063 κεκινημένα
986 4996 1170 5067 γνῶτε,
1220 4997 1482 5068 ἀναγκαῖον
1530 4995 1827 5063 ἐνομίσαμεν
1873 4993 1954 5046 καί

392 5086 557 5134 ταῦτα
579 5082 697 5149 ύμῖν
725 5092 1027 5158 φανερῶσαι.

457 5173 722 5226 Γινώσκετε
754 5173 920 5228 τοίνυν
945 5172 1022 5229 ὅτι
1052 5175 1177 5228 κατά
1209 5172 1473 5245 διαφόρους
1501 5175 1709 5243 καιρούς
1752 5168 1835 5226 διά
1859 5175 1950 5229 τήν

388 5258 622 5312 ἀσέϐειαν
649 5258 908 5330 Θεοδώρου
936 5265 1014 5314 καί
1040 5264 1312 5333 Νεστορίου
1347 5268 1437 5319 τήν
1471 5268 1533 5334 τῇ
1557 5263 1687 5333 αὐτῇ
1718 5260 1949 5332 ἐπιστολῇ

388 5352 770 5421 περιεχομένην,
795 5351 878 5401 καί
906 5347 990 5403 διὰ
1009 5352 1102 5409 τὰς
1131 5349 1301 5422 ὕϐρεις
1329 5351 1421 5408 τάς
1445 5351 1577 5402 κατά
1600 5353 1693 5401 τοῦ
1716 5348 1764 5399 έν
1791 5346 1949 5418 ἁγίοις

388 5435 622 5508 ιυρίλλου
662 5440 747 5490 καί
780 5444 879 5492 τῶν
904 5439 1056 5492 αὐτοῦ
1090 5439 1354 5509 κεφαλαίων
1393 5436 1692 5506 λεχθείσας.
1732 5454 1942 5504 κατηγο·-

387 5525 616 5595 ρηθέντος
634 5522 749 5582 "lea
774 5529 918 5601 παρά
951 5527 1202 5598 Θεοδοσίῳ
1234 5535 1307 5601 τῷ
1333 5535 1423 5587 τῆς
1448 5524 1686 5584 ιῦσιϐοῧς
1714 5524 1896 5587 λήξεως
1923 5521 1941 5554 ¹

388 5615 612 5683 βασιλεῖ.
638 5620 722 5672 καὶ
754 5621 896 5695 παρὰ
930 5619 1132 5695 Πρόκλῳ
1163 5626 1237 5689 τῷ
1274 5621 1324 5672 ἐν
1369 5616 1526 5689 ἁγίοις
1552 5614 1943 5689 ἀρχιεπισκόπῳ

470 5706 486 5744 ⁸
528 5705 623 5762 Vel
646 5708 841 5774 λέξεως.
863 5710 1072 5786 Πρόκλος
1102 5725 1427 5769 κωνσταντιν.
1452 5704 1688 5781 ’Δρχιεπ.

1774 5898 1787 5933 l

2053 4712 2316 4767 contraria
2346 4711 2601 4766 docentes
2618 4714 2703 4767 vel
2725 4714 3052 4770 orthodoxos
3078 4718 3234 4772 simul
3258 4727 3419 4788 atque
3445 4720 3606 4775 haere-

2056 4802 2206 4865 ticos,
2254 4801 2339 4855 vel
2386 4801 2768 4859 condemnatos
2819 4820 2924 4859 una
2971 4820 3090 4860 cum
3137 4808 3610 4867 condemuantibus

2050 4891 2227 4944 valeat
2244 4890 2524 4959 amplecti?
2543 4890 2824 4959 Cznterum,
2852 4902 2911 4948 ut
2933 4895 3139 4963 plenius
3157 4911 3221 4951 ea
3239 4911 3357 4965 quae
3379 4914 3411 4952 a
3432 4899 3609 4955 Theo-

2052 4977 2240 5033 doreto
2270 4987 2325 5033 et
2347 4978 2437 5033 Iba
2469 4981 2676 5034 turbata
2706 4990 2826 5035 sunt
2853 4982 3174 5050 intelligatis,
3206 4985 3318 5040 lucc
3347 4987 3449 5040 alia
3477 5003 3612 5057 quo-

2054 5082 2159 5135 que
2186 5068 2335 5122 vobis
2361 5082 2630 5136 exponere
2670 5083 2846 5136 operte
2896 5071 3124 5139 pretium
3172 5073 3607 5131 existimavimus.

2124 5155 2384 5211 Noveritis
2430 5158 2641 5224 itaque,
2682 5157 2825 5226 quod
2861 5172 2978 5215 cum
3017 5160 3238 5215 diversis
3285 5162 3610 5229 temporibus

2053 5256 2330 5304 accusatus
2376 5254 2519 5300 esset
2568 5246 2684 5306 [bas
2737 5246 2877 5315 apud
2929 5247 3176 5317 piissimae
3228 5249 3609 5306 recordationis

2052 5350 2230 5404 regem
2253 5329 2631 5403 Theodosium,
2662 5337 2731 5391 ob
2757 5336 3129 5392 Nestorianam
3156 5327 3629 5392 Theodorianam.‘

2051 5441 2156 5495 que
2190 5426 2517 5496 impietatem
2552 5424 2606 5479 in
2644 5440 2739 5480 sua
2791 5441 2854 5481 ca
2906 5428 3131 5497 epistola
3175 5434 3499 5487 contentam,
3543 5439 3606 5479 ac

2045 5526 2265 5590 propter
2307 5517 2658 5573 contumelias
2694 5517 2749 5572 in
2797 5528 3036 5573 sanctum
3082 5516 3337 5589 Cyrillum
3384 5526 3607 5583 ejusque

2047 5607 2276 5686 capitula
2320 5607 2572 5686 prolatas,
2603 5615 2660 5664 et
2696 5607 2835 5678 apud
2883 5606 3130 5667 Proclum
3155 5615 3414 5665 sanctum
3452 5606 3602 5666 Con-
