3994 6140
419 294 555 360 1033
586 352 592 358 .

1697 301 2138 364 JUSTINIANI
2183 303 2338 364 1MP.

3518 294 3653 366 test

418 411 1009 478 κωνσταντενουπὸλεως,
1067 415 1152 466 καί
1195 415 1335 486 ποιρά
1380 409 1629 483 διαφόροις
1664 409 1974 480 Ἀντιοχείας·

2079 413 2499 482 stautinopoleos
2523 414 3000 485 archiepiscopum,
3039 421 3199 485 atque
3225 413 3364 484 apud
3393 401 3641 486 complu-

414 499 870 571 ἀρχιεπισκὸποις,
905 502 1178 556 τελευταῖον
1214 503 1356 574 παρὰ
1387 506 1478 554 τοῦ
1504 501 1661 554 αὐτοῦ
1697 499 1973 573 βασιλέως,

416 599 499 648 καί
521 596 792 650 θλαυιανοῦ
813 597 942 665 μιτά
968 595 1173 671 Πρόκλον
1200 601 1286 649 τοῦ
1311 596 1360 646 ἐν
1385 593 1546 665 ἁγίοις
1565 593 1978 666 ἀρχιεπισκόπου

416 687 973 746 κωνσταντινουπόλεως
1012 687 1306 758 γινομένου,
1342 687 1620 752 diurni-£7397)
1659 685 1688 740 ri
1719 685 1976 752 κινουμένη

412 774 524 833 δίκη
551 779 684 830 κατά
708 783 796 830 τοῦ
829 777 985 830 αὐτοῦ
1008 773 1150 838 Ἰϐα,
1178 779 1347 845 Φωτίῳ
1382 775 1644 843 ἐπισκὸπῳ
1673 774 1869 846 Τύρου,
1895 777 1978 826 καί

413 865 668 934 Εὐσταθίῳ
696 861 960 936 ἑπισκόπῳ
998 870 1252 937 Βηρυτοῦ,
1282 862 1403 934 παρ’
1429 859 1500 922 οἷς
1534 864 1650 938 περί
1676 882 1730 916 τε
1756 864 1977 922 πίστεως

411 955 722 1028 κατηγορήθη
749 953 774 1006 ὁ
804 954 955 1013 αὐτὸς
983 951 1154 1016 Ἴδας,
1183 955 1269 1005 καί
1295 954 1412 1025 περί
1439 949 1632 1023 ὕϐρεων
1661 950 1786 1003 κατὰ
1811 955 1901 1004 τοῦ
1930 951 1978 1001 ἐν

409 1043 570 1116 ἁγίοις
614 1043 849 1114 κυρίλλου
895 1044 1184 1112 γενομένων.
1231 1045 1441 1097 Ἐκεῖνος
1484 1036 1537 1091 δέ
1582 1035 1976 1108 ἀπολογούμενος

407 1134 726 1207 ἀπεκρίνατο,
755 1130 909 1200 μηδὲν
935 1130 1178 1198 ύϐριστόν
1197 1129 1324 1197 μετά
1349 1133 1438 1186 τήν
1459 1129 1632 1181 ἕνωσιν
1657 1131 1748 1184 τήν
1773 1129 1976 1198 γενομέ-

408 1245 491 1281 νην
517 1225 706 1293 μεταξύ
741 1230 839 1276 τῶν
863 1222 1209 1281 ’Δνατολιτιῶη
1241 1223 1325 1274 καί
1362 1225 1444 1272 τοῦ
1471 1220 1522 1273 ἐν
1547 1217 1708 1287 ἁγίοις
1738 1219 1972 1290 lupinum

409 1315 592 1374 εἷπεῢδ,
625 1311 656 1371 ἦ
680 1312 874 1385 γράψαι
910 1313 1018 1366 κατ’
1059 1313 1238 1365 αὐτοῦ.
1271 1319 1322 1362 Ἦ
1361 1308 1416 1364 δέ
1452 1311 1666 1382 μυσαρὰ
1705 1307 1834 1364 αὕτη
1867 1310 1974 1362 ἔπι-

409 1401 564 1458 στολή
585 1403 615 1458 ἠ
633 1401 1032 1475 προκομισθεῖσα
1052 1401 1190 1472 πσρά
1210 1405 1308 1450 τῶν
1329 1397 1615 1470 κατηγόρων
1641 1397 1794 1450 αὐτοῦ
1835 1395 1978 1455 δηλοῖ

413 1488 492 1544 ὅτι
519 1491 648 1559 μιτά
677 1495 764 1548 τὴν
789 1489 966 1544 ἕνωσιν
991 1490 1291 1563 γέγραπται.

480 1675 735 1727 Δείκνυται
760 1676 926 1729 τοίνυν
953 1671 1092 1733 Ἶϐας
1133 1675 1187 1726 ἔκ
1211 1682 1299 1732 τῆς
1328 1675 1512 1733 οἰκείας
1542 1675 1851 1733 καταθέσεως
1881 1679 1968 1732 τὴν

2077 521 2163 560 res
2190 505 2481 560 Antiochiae
2514 506 2979 577 archiepiscOpos,
3025 506 3312 560 novissime
3352 513 3530 560 autem
3577 509 3647 563 ab

2077 597 2262 652 eodem
2289 611 2434 665 rege,
2467 613 2531 652 ac
2557 597 2834 666 Flaviano,
2881 598 2972 666 qui
3003 596 3192 652 Proclo
3239 599 3294 650 in
3337 595 3646 654 Constanti-

2077 687 2384 756 nopolitana
2409 688 2536 742 sede
2561 702 2837 742 successor
2864 686 3116 741 sullectus
3154 687 3270 750 fuit,
3317 687 3518 756 judicio
3545 689 3640 744 ad-

2073 791 2258 831 versus
2286 777 2532 831 eumdem
2559 776 2704 831 Ibam
2732 778 2954 832 ferendo
2977 777 3195 833 Photius
3214 777 3360 849 Tyri,
3383 788 3440 833 et
3460 779 3644 837 Eusta-

2074 866 2216 920 thius
2241 866 2418 936 Beryti
2447 866 2681 936 episcopi
2709 866 2899 921 delecti
2937 876 3060 920 sunt
3103 885 3115 918 :
3165 883 3195 920 a
3225 867 3417 936 quibus
3444 870 3510 924 de
3538 869 3643 926 ﬁdo

2074 969 2168 1009 sua
2191 957 2548 1024 reprehensus
2579 953 2716 1019 lbas,
2747 953 2922 1024 deque
2951 954 3155 1023 injuriis
3189 955 3242 1010 in
3269 965 3514 1012 sanctum
3539 957 3640 1028 Cy-

2073 1043 2250 1096 rillum
2275 1043 2508 1112 jactatis,
2541 1058 2662 1097 cum
2701 1043 2800 1097 sibi
2843 1042 3164 1098 defensionis
3209 1043 3427 1099 daretur
3468 1047 3650 1116 locus,

2074 1135 2284 1201 negavit
2311 1134 2576 1203 quidpiam
2599 1134 2669 1187 ab
2697 1147 2756 1187 se
2784 1134 2837 1188 in
2881 1141 3122 1188 sanctum
3155 1133 3410 1205 Cyrillum
3451 1145 3654 1192 contu-

2072 1225 2292 1279 meliose
2333 1224 2529 1279 dictum
2569 1224 2653 1278 vel
2690 1225 2943 1292 scriptum
2973 1239 3112 1288 esse,
3160 1233 3281 1292 post
3325 1227 3642 1281 reconcilia-

2072 1319 2269 1372 tionem
2297 1319 2436 1372 inter
2463 1317 2760 1372 Orientales
2787 1325 3136 1384 sanctumque
3164 1313 3417 1386 Cyrillum
3463 1317 3637 1386 ipsum

2071 1407 2448 1472 constitutam;
2480 1421 2662 1460 verum
2710 1406 2992 1460 criminosa
3031 1420 3094 1459 ea
3133 1405 3358 1475 epistola
3387 1407 3456 1461 ab
3483 1421 3639 1462 accn-

2070 1497 2335 1552 satoribus
2358 1496 2618 1565 producta
2644 1497 2817 1566 palam
2845 1510 2962 1551 eam
2986 1504 3108 1564 post
3127 1497 3636 1562 reconciliationem,

2069 1588 2422 1657 conscriptam
2447 1586 2609 1642 fuisse
2628 1587 2980 1642 demonstrat.

2140 1676 2257 1731 lbas
2284 1677 2462 1744 igitur,
2485 1692 2550 1732 ex
2573 1685 2784 1732 suamet
2809 1678 2995 1733 eadem
3015 1678 3346 1748 depositione
3373 1695 3634 1736 memora-

408 1765 821 1831 μημονευθεῖσαν
849 1749 1112 1822 ἐπιοτολῖν
1140 1764 1510 1837 ἀπαρνούμενος
1527 1781 1538 1793 ·
1582 1762 1687 1818 ὅθεν
1717 1765 1761 1818 oi
1791 1784 1966 1836 προει-

2074 1773 2178 1818 tam
2259 1765 2539 1833 epistolam
2601 1766 2822 1820 omnino
2890 1766 3192 1836 repudiasse
3255 1770 3631 1837 cognoscitur:

409 1851 604 1924 ρημὲνοι
630 1853 890 1908 ὶπίσκοποι
932 1853 1144 1928 ὁρῶντες
1169 1859 1257 1912 τήν
1285 1854 1518 1908 ἀσίϐειαν
1545 1861 1635 1913 τῆς
1673 1855 1962 1917 ἐπιστολῆς,

407 1945 452 1995 εἰ
479 1945 562 1995 καί
587 1939 731 2003 Ἰϐας
771 1945 878 2014 οὐχ
909 1943 1219 2015 ὡμολόγησεν
1262 1946 1450 2002 ταύτην
1483 1942 1611 1998 ἰδίαν
1656 1940 1802 2007 εἶναι,
1832 1943 1966 2014 ὅμως

407 2031 565 2104 ψῆφον
607 2031 884 2106 ἐξήνεγκαν,
911 2034 992 2090 διά
1017 2037 1217 2090 πάντων
1259 2036 1478 2090 δυαντίαν
1595 2035 1804 2107 ἀσεϐείᾳ
1832 2043 1892 2103 τῇ
1920 2037 1966 2087 ἐν

407 2131 468 2198 τῇ
497 2125 624 2197 αὐτῇ
650 2125 886 2198 ἐπιστολῇ
915 2124 1269 2198 περιεχομένῃ.
1319 2124 1641 2176 Διετύπωσαν
1679 2125 1776 2196 γὰρ
1811 2124 1879 2182 ὥς
1911 2143 1967 2178 τε

407 2205 544 2264 Ἴδαν
571 2211 934 2282 ἀναθεματίσαι
976 2213 1064 2281 μὲν
1098 2211 1381 2284 Νεστὸριον,
1413 2213 1588 2264 καὶτὰ
1615 2211 1774 2268 ἀσεϐῆ
1817 2213 1964 2266 αὐτοῦ

407 2296 653 2370 δόγματα,
699 2303 782 2353 καί
823 2303 943 2359 τοὺς
984 2298 1294 2359 ἔκδικοῦντας
1333 2301 1502 2364 αὐτὸν,
1531 2298 1662 2370 ἄπιρ
1708 2303 1739 2358 ἡ
1777 2301 1967 2360 ἀσεϐὴς

408 2387 645 2445 ἕπιστολή
681 2387 910 2452 ίξιδίκει⁹
941 2386 1170 2451 δέξασθαι
1213 2387 1267 2442 δέ
1313 2389 1490 2448 ἐπίσης
1531 2395 1629 2443 τῶν
1671 2390 1967 2462 τριακοσίων

408 2472 654 2530 δεκαοκτώ
678 2475 830 2544 ἁγίων
855 2477 1107 2549 πατέρων,
1130 2479 1217 2528 καὶ
1243 2481 1330 2533 τὴν
1351 2476 1399 2528 ἐν
1417 2478 1601 2546 Ἐφέσῳ
1625 2479 1829 2550 πρώτην
1855 2479 1970 2530 σύν·

411 2563 539 2632 οδον,
571 2567 638 2624 ὡς
667 2566 766 2619 ἀπὸ
794 2564 935 2636 ἁγίου
963 2567 1251 2635 πνεύματος
1276 2566 1641 2634 συναχθεῖσαν,
1672 2567 1775 2618 καθ’
1797 2565 1968 2636 ὁμοιό-

409 2673 535 2712 τητα
559 2660 657 2707 τῶν
693 2656 990 2727 τριακοσίων
1028 2651 1278 2708 δεκαοκτώ
1317 2653 1470 2724 ἁγίων
1498 2656 1747 2728 πατέρων,
1780 2657 1836 2712 ἦν
1860 2677 1968 2709 τινα

410 2743 458 2795 ἓν
481 2740 664 2814 Ἐφέσῳ
689 2741 900 2797 σύνοδον
929 2743 1037 2813 μετ’
1057 2743 1208 2796 αὐτοῦ
1235 2747 1327 2796 τοῦ
1354 2743 1402 2796 ἐν
1429 2741 1591 2810 ἁγίοις
1629 2743 1860 2816 κυρίλλου
1889 2748 1971 2797 καί

413 2840 506 2888 τῶν
551 2831 738 2888 δώδεκα
777 2835 936 2888 αὑτοῦ
985 2833 1256 2904 κεφαλαίων
1283 2831 1581 2906 ἐνυϐρίζειή
1611 2835 1738 2889 αὺτή
1784 2834 1971 2892 ἀσεϐής

411 2923 664 2982 ἐπιστολή.

2068 1853 2414 1920 quamobrem
2435 1853 2746 1922 praelaudati
2775 1853 3012 1926 episcopi
3041 1855 3366 1924 impietatem
3395 1857 3634 1926 epistola:

2068 1945 2486 2008 considerantes,
2511 1945 2719 1999 etiamsi
2762 1945 2882 2000 lbas
2907 1959 3026 1998 eam
3073 1946 3141 2000 ab
3177 1961 3235 2001 se
3275 1947 3470 2002 editam
3515 1965 3634 2007 esse

2069 2032 2284 2087 minime
2307 2033 2670 2097 conﬁteretur,
2699 2049 2795 2103 par
2832 2047 2927 2102 per
2954 2034 3130 2088 omnia
3163 2033 3468 2104 δυσί-σείσω
3514 2053 3637 2108 pro-

2070 2123 2238 2176 tulere
2260 2121 2512 2177 adversus
2536 2123 2860 2192 impietatem
2881 2137 3040 2192 quam
3059 2123 3286 2192 epistola
3313 2125 3637 2194 complecte-

2068 2212 2240 2265 batur.
2293 2211 2626 2267 Censueruut
2675 2213 2872 2282 quippe
2923 2215 2990 2266 ab
3047 2213 3136 2268 [ba
3191 2213 3632 2270 auathematizari

2070 2301 2370 2356 Nestorium
2393 2315 2512 2357 cum
2535 2303 2711 2371 impiis
2731 2302 3064 2370 dogmatibus
3081 2303 3210 2368 suis,
3233 2319 3353 2374 qua:
3379 2304 3433 2358 in
3471 2305 3632 2376 impia

2069 2392 2292 2460 epistola
2345 2392 2756 2460 colligebantur,
2806 2393 2980 2462 excipi
3043 2399 3223 2447 autem
3273 2401 3634 2448 trecentorum

2069 2489 2230 2548 atque
2257 2480 2554 2535 octodecim
2581 2481 2796 2535 Patrum
2815 2479 2973 2535 ﬁdem
2996 2489 3266 2550 oportere,
3294 2482 3640 2553 prioremque

2069 2569 2386 2637 Ephesinam
2413 2568 2672 2639 synodum
2701 2583 2797 2623 ceu
2825 2569 2879 2622 in
2907 2567 3106 2638 Spiritu
3125 2578 3312 2624 sancto
3341 2585 3636 2638 congrega-

2073 2666 2200 2723 tum,
2221 2657 2406 2712 eodem
2435 2656 2592 2712 modo
2619 2665 2779 2726 atque
2803 2673 2922 2712 eam
2941 2671 3059 2725 qua:
3077 2671 3142 2710 ex
3174 2659 3428 2712 trecentis
3449 2657 3636 2712 iisdem

2070 2754 2228 2814 atque
2285 2743 2587 2801 octodecim
2633 2745 2830 2800 sanctis
2871 2743 3116 2799 Patribus
3168 2746 3424 2812 constitit,
3472 2760 3636 2814 quam

2069 2833 2386 2902 Ephesinam
2407 2832 2688 2904 synodum,
2709 2847 2814 2887 una
2835 2848 2952 2888 cum
2974 2839 3158 2887 sancto
3180 2831 3392 2903 Cyrillo,
3424 2831 3633 2888 duode-

2072 2927 2280 2992 cimque
2317 2923 2561 2994 capitulis
2599 2922 2715 2992 ejus
2741 2937 2805 2977 ea
2835 2923 2996 2992 impia
3033 2921 3248 2991 epistola
3291 2920 3633 2976 contumeliis

2071 3016 2390 3070 lacessebat.

480 3106 558 3160 Τά
579 3105 742 3160 τοίνυν
764 3103 906 3179 παρά
931 3109 1028 3156 τῶν
1055 3100 1302 3156 δικαστῶν
1331 3103 1584 3177 κεκριμένα
1609 3105 1676 3172 μή
1701 3101 1972 3173 πληρώσας

2143 3103 2276 3157 Cum
2305 3117 2465 3172 porro
2509 3101 2576 3156 ab
2618 3101 2708 3156 Iba
2756 3102 2974 3156 minime
3005 3097 3366 3170 perﬁcerentur
3397 3114 3463 3153 ea
3508 3113 3636 3168 qua:

412 3193 558 3256 Ἴδας
600 3201 692 3254 τῆς
729 3196 1012 3250 ίπισκοπής
1056 3191 1320 3264 καθῃρέθη,
1349 3193 1436 3244 καί
1479 3193 1610 3260 μετά
1654 3198 1816 3246 ταῦτα
1855 3213 1975 3245 συν-

413 3285 549 3356 ήχθη
589 3286 620 3342 ἡ
659 3285 711 3336 ἑν
753 3279 1024 3337 Χαλκηδόνι
1072 3281 1191 3353 ἁγία
1240 3277 1479 3342 σύνοδος,
1509 3281 1558 3332 ἐν
1653 3278 1765 3334 οὐδὲ
1807 3281 1977 3338 ἐκλήθη

413 3371 566 3438 Ἱϐας,
599 3371 714 3427 οὐδὲ
742 3375 808 3430 ὡς
849 3371 1122 3429 ίπίσκοπος
1151 3370 1516 3444 παραγέγονεν,
1549 3369 1728 3422 Νὸννου
1770 3368 1864 3427 ἤδη
1907 3373 1977 3428 εἰς

413 3466 564 3522 τόπον
597 3466 756 3520 αὐτοῦ
807 3463 1256 3536 χειροτονηθέντος,
1289 3467 1378 3514 τοῦ
1427 3463 1512 3512 καὶ
1557 3460 1815 3518 κληθέντος
1840 3461 1890 3513 ἓν
1915 3469 1977 3530 τῇ

560 3555 610 3606 ἐν
631 3551 901 3611 Χαλκηδόνι
931 3548 1146 3620 συνόδῳ.
1190 3548 1328 3604 Ἀλλά
1356 3549 1484 3619 μετὰ
1511 3550 1595 3604 τὸν
1623 3547 1736 3624 ὅρον
1757 3551 1840 3604 τὶν
1859 3553 1980 3621 περί

413 3651 505 3703 τῆς
547 3647 768 3702 πίστεως
807 3639 1064 3712 δεδομένον
1103 3640 1330 3692 εἰσελθὼν
1359 3637 1386 3692 ὁ
1413 3639 1764 3708 μνημονευθιίς
1807 3635 1972 3704 "leae,

414 3732 598 3808 ᾔτησεν
643 3735 731 3789 τὴν
773 3732 892 3802 περί
937 3730 1090 3782 αύτοῦ
1137 3727 1370 3782 ὑπόθεσιν
1412 3729 1695 3792 ζητηθῆναι,
1723 3726 1784 3782 δι’
1805 3729 1863 3786 ἣν
1887 3736 1979 3788 τῆς

413 3823 694 3879 ἐπισκοπῆς
740 3818 1004 3890 καθῃρέθη,
1031 3820 1110 3869 καὶ
1147 3813 1477 3892 προεκόμισεν
1505 3821 1593 3874 τήν
1621 3819 1977 3894 προειρημένην

416 3910 571 3981 ψῆφον
605 3910 790 3962 Φωτίου
833 3911 917 3960 καί
943 3908 1228 3960 Εὖσταθίου⁶
1272 3903 1330 3965 ἧς
1368 3906 1786 3976 ἀναγνωσθείσης,
1817 3909 1978 3960 εἰσελ-

414 3999 581 4054 θόντες
618 3999 698 4049 καί
725 3996 770 4048 οἱ
795 3998 980 4050 τούτου
1010 3999 1268 4066 καττὴοροι
1292 3994 1628 4066 προικόμισαν
1656 3997 1721 4050 τά
1747 3997 1795 4049 ἐν
1831 3995 1978 4071 Τύρῳ

414 4087 761 4160 πεπραγμένα,
785 4085 841 4138 ἐν
861 4081 932 4144 οἷς
964 4087 1257 4156 περιείχετο
1281 4086 1311 4142 ἡ
1334 4086 1457 4142 αύτή
1496 4084 1688 4145 ἀσεϐής
1717 4086 1974 4146 ἐπιστολή·

413 4175 474 4241 ἧς
501 4175 917 4248 ἀναγνωσθείσης,
947 4170 1093 4231 εἰδὼς
1116 4170 1276 4238 Ἴδας,
1309 4175 1377 4230 ὡς
1403 4172 1444 4225 εί
1465 4170 1766 4243 ὁμολογήσω
1789 4177 1978 4234 ταύτην

415 4264 545 4320 ἰδίαν
570 4262 714 4330 εἶναι,
743 4263 826 4319 διὰ
851 4269 939 4321 την
987 4263 1220 4316 ἀσέϐειαν
1246 4264 1398 4322 αὐτῆς
1439 4260 1814 4327 κατεδικάζετο,
1845 4266 1977 4334 ἐγκό-

316 4403 322 4406 .
415 4356 518 4427 ψας
560 4360 649 4413 τὴν
693 4362 796 4409 τῶν
842 4354 1206 4425 πεπραγμένων
1252 4355 1556 4425 ἀνάγνωσιν,
1605 4354 1766 4414 οὕτως
1819 4350 1973 4409 εἶπεν*

2076 3193 2286 3248 fuerant
2329 3193 2398 3248 ab
2445 3192 2710 3262 judicibus
2748 3193 3054 3253 constituta,
3087 3191 3194 3258 ipse
3229 3189 3293 3242 ab
3325 3197 3637 3258 episcopatu

2076 3285 2316 3354 dejectus
2353 3293 2454 3349 est,
2499 3291 2660 3352 atque
2699 3285 2902 3338 interea
2954 3291 3137 3336 sancta
3189 3279 3640 3334 Chalcedonensis

2076 3374 2312 3445 synodus
2355 3381 2570 3440 coacta,
2619 3373 2684 3426 ad
2703 3387 2868 3440 quam
2903 3386 3078 3440 neque
3113 3379 3334 3425 vocatus
3374 3378 3460 3424 est
3502 3369 3638 3432 lbas,

2079 3482 2252 3536 neque
2273 3474 2330 3519 ut
2357 3465 2638 3534 cpiscopus
2667 3463 2924 3530 interfuit,
2953 3462 3144 3516 Nonno
3168 3461 3282 3530 jam
3322 3461 3376 3516 in
3405 3463 3520 3530 ejus
3563 3461 3639 3515 lu-

2077 3574 2197 3614 cum
2224 3572 2324 3629 per
2348 3571 2598 3612 manuum
2620 3558 3010 3626 impositionem
3033 3557 3344 3626 subrogato,
3366 3555 3456 3624 qui
3484 3558 3640 3610 etiam

2079 3647 2147 3701 ad
2168 3655 2404 3701 sanctam
2443 3645 2683 3700 eamdem
2710 3645 3064 3700 Chalcedonis
3111 3643 3375 3716 synodum
3420 3644 3638 3700 advoca~

2076 3744 2162 3790 tus
2189 3735 2375 3790 fuerat.
2409 3733 2662 3790 Perfectis
2691 3743 2870 3788 autem
2898 3735 2960 3789 iis
2987 3749 3106 3804 qua:
3145 3733 3290 3789 circa
3327 3733 3488 3789 ﬁdem
3514 3748 3644 3788 con-

2077 3823 2344 3880 stituenda
2371 3827 2602 3888 Inerant,
2629 3824 2920 3878 adveniens
2947 3823 3066 3878 ibas
3085 3823 3394 3895 postulavit,
3426 3823 3494 3877 de
3524 3823 3641 3876 sub-

2077 3914 2352 3969 stitutioue
2371 3914 2470 3968 sibi
2500 3912 2637 3968 facta
2659 3929 2872 3968 causam
2894 3914 3102 3981 agitari,
3124 3928 3229 3981 qua
3257 3913 3327 3967 ab
3341 3913 3644 3984 episcopatu

2077 4002 2444 4071 dcjicwbalur,
2476 4001 2860 4072 prmfatumque
2902 4001 3075 4056 Photii
3121 4000 3490 4070 Eustathiique
3534 4002 3646 4057 sul-

2077 4090 2300 4157 fragium
2331 4091 2384 4144 in
2431 4090 2660 4146 medium
2697 4091 2952 4159 protulit;
3003 4089 3147 4158 quod
3196 4105 3320 4145 cum
3361 4092 3647 4157 legeretur,

2079 4183 2423 4236 advenientes
2451 4181 2648 4250 pariter
2675 4189 3014 4235 accusatores
3041 4180 3176 4248 ejus,
3207 4189 3328 4236 acta
3373 4178 3498 4252 Tyri
3532 4194 3663 4248 ιπηι-

2079 4272 2362 4336 duxerunt,
2389 4272 2441 4326 in
2473 4272 2665 4342 quibus
2692 4271 2867 4326 etiam.
2886 4271 3046 4339 impia
3067 4285 3129 4324 ea
3159 4269 3381 4338 cpistola
3411 4269 3663 4325 contine-

2077 4362 2254 4417 batur.
2296 4360 2408 4415 Hac
2453 4361 2557 4430 legi
2585 4361 2828 4414 similiter
2855 4369 3048 4430 empta,
3078 4373 3409 4427 cognoscens
3436 4358 3554 4412 Ilias
3578 4359 3651 4412 ob

419 4464 439 4496 ε
467 4445 742 4500 Κιλεύσατε
770 4447 1048 4516 ἀναγνῶναι
1073 4445 1136 4497 τά
1162 4445 1442 4516 γράμματα
1471 4450 1566 4497 τῶν
1595 4443 1829 4516 κληρικῶν
1849 4443 1974 4498 Ἐδέ-

2079 4452 2195 4520 ejus
2219 4452 2547 4522 impietatem
2577 4450 3039 4506 condemnandum
3079 4449 3378 4506 seomnino
3426 4449 3560 4513 fore,
3605 4450 3654 4503 si

413 4559 512 4598 an;
529 4578 542 4599 .
565 4540 644 4592 ἶνα
669 4538 718 4601 ίξ
752 4539 924 4592 αὐτῶν
951 4538 1136 4608 μάθητε
1165 4534 1247 4590 ὅτι
1275 4535 1524 4608 ἀλλότριος
1552 4538 1652 4604 εἰμι
1676 4543 1774 4590 τῶν
1813 4538 1978 4606 ἐπαχ-

382 4642 394 4650 ·
413 4629 589 4681 θέντων
617 4644 750 4696 μοι.)
773 4629 862 4679 loti
887 4626 1300 4696 ἀναγνωσθέντων
1327 4627 1487 4679 αὐτῶν
1515 4631 1911 4685 κατανοήσαντες
1934 4627 1980 4680 oi

413 4719 677 4774 itis-torrat
717 4724 807 4776 τὴν
849 4718 1009 4786 ψῆφον
1051 4719 1238 4770 Φωτίου
1293 4719 1374 4770 καί
1410 4718 1691 4770 Εὖσταθίου
1713 4757 1728 4781 ,
1774 4719 1856 4771 καὶ
1889 4725 1978 4774 τήν

412 4811 548 4864 κατὰ
591 4807 701 4862 Ἰϐα
739 4810 996 4878 γινομένην
1040 4809 1366 4880 κατηγορίαν.
1419 4812 1676 4881 ἀπῄτησαν
1720 4810 1871 4862 αὑτὸν
1916 4811 1979 4862 τὰ

412 4901 558 4972 παρὰ
599 4901 785 4953 Φωτίου
831 4903 917 4952 καί
954 4901 1232 4952 Εὐσταθίου
1282 4898 1544 4971 κεκριμένα
1582 4898 1869 4972 πληρῶσαι,
1893 4904 1980 4952 καί

412 4987 656 5059 δέξασθαι
685 4991 770 5042 τὸν
799 4987 934 5062 ὅρον,
966 4985 1018 5042 ὃν
1047 4992 1079 5046 ἡ
1107 4990 1236 5046 αὕτη
1263 4987 1384 5060 ἁγία
1421 4985 1632 5045 σύνοδος
1659 4987 1976 5059 ἐξεφώνησεν,

413 5078 498 5130 καί
524 5076 818 5149 ὑπογράψαι
836 5080 885 5132 ἕν
912 5080 1064 5150 αὐτῷ,
1089 5075 1154 5131 δι’
1174 5074 1234 5130 οὗ
1263 5081 1347 5130 καί
1373 5081 1462 5134 τήν
1489 5079 1694 5149 πρώτην
1719 5077 1770 5130 ἓν
1797 5078 1979 5148 Ἐφέσῳ

411 5163 648 5228 σύνοδον,
677 5171 763 5220 καί
801 5169 886 5222 τὸν
913 5169 960 5221 ἐν
985 5169 1146 5238 ἁγίοις
1181 5169 1410 5240 ιύριλλον
1428 5209 1442 5231 ,
1471 5171 1553 5223 καί
1581 5173 1672 5226 τήν
1702 5170 1860 5224 αὐτοῦ
1903 5168 1979 5223 δι-

414 5252 686 5311 δασκαλίαν
717 5255 936 5320 ἐδέξατο·
969 5257 1097 5334 ἅπερ
1133 5257 1354 5320 ἅπαντα,
1399 5261 1466 5318 ὠς
1508 5261 1796 5332 εἰρήκαμεν,
1827 5263 1858 5318 ἡ
1885 5283 1983 5330 μυο

393 5328 556 5422 ’σαρά
603 5347 762 5404 εκείνη
813 5328 1079 5424 ἐνυϐρίζεί
1111 5339 1344 5408 ἐπιστολή
1367 5365 1380 5380 ⁸
1430 5347 1493 5402 δι’
1513 5328 1578 5402 ὦν
1625 5328 1977 5406 ἀποδείκννται

412 5436 583 5495 vita!
605 5444 771 5492 ταῦτα
799 5441 889 5496 τήν
927 5437 1073 5508 ἁγίαν
1098 5439 1148 5490 ιν
1171 5437 1440 5494 Χαλκηδόνι
1477 5437 1680 5493 σύνοδον
1708 5441 1789 5493 ἐπί
1814 5459 1975 5494 κατα·

413 5530 580 5588 κρίσει
604 5531 689 5584 καί
709 5531 965 5604 ἀνατροπῇ
988 5537 1079 5590 τῆς
1100 5529 1312 5589 ἀσεϐοῦς
1345 5529 1528 5591 ίκείνης
1552 5531 1818 5589 ἱπιστολῆς
1840 5527 1977 5584 Ἰϐαν

415 5616 806 5688 παρασκευάσαι
848 5629 1070 5678 ποιῆσαι.
1123 5621 1457 5690 Θαυμάζομεν
1499 5622 1662 5674 τοίνυν
1697 5620 1867 5690 ὑμᾶς,
1897 5617 1976 5674 ὅτι

416 5711 506 5770 τὴν
533 5714 773 5786 μυσαρὸω
802 5711 978 5770 ἐκείνην
1023 5710 1292 5768 ἓπιστολὴν
1322 5709 1574 5772 ἐκδικιῐτε.
1603 5711 1659 5767 ἣν
1689 5709 1792 5764 οὐδὲ
1827 5711 1976 5764 αὐτὸς

2081 4555 2234 4597 suam
2257 4554 2377 4594 esse
2405 4539 2680 4604 fateretur,
2712 4547 2954 4594 actorum
2977 4539 3321 4608 interpellans
3347 4539 3655 4609 lectionem,

2081 4632 2160 4685 sic
2183 4632 2388 4686 locatus
2409 4639 2491 4684 est
2515 4648 2527 4683 :
2557 4627 2886 4685 Clericorum
2909 4629 3302 4684 Edessenorum
3331 4629 3668 4700 litteraslegi

2075 4719 2281 4787 jubete,
2313 4726 2387 4784 ut,
2419 4733 2578 4786 quam
2599 4712 2804 4772 alienus
2831 4717 2898 4772 ab
2927 4717 2992 4772 iis
3018 4717 3138 4783 sim,
3166 4733 3390 4787 quorum
3436 4718 3676 4773 insitum.

2083 4809 2186 4874 lor,
2215 4808 2576 4875 cognoscatis.
2603 4805 2735 4862 Cum
2764 4807 2879 4864 hmc
2905 4808 3107 4877 pariter
3128 4807 3266 4862 lecta
3293 4816 3491 4874 essent,
3519 4823 3648 4864 con-

2081 4899 2378 4956 siderantes
2417 4899 2656 4970 episcopi
2704 4897 2882 4954 Pbotii
2918 4897 3285 4966 Eustathiique
3325 4897 3663 4966 sullragium.

2081 4999 2244 5058 atque
2270 4991 2567 5045 institutam
2595 4990 2848 5060 adversus
2887 4987 3033 5042 Ibam
3072 4987 3488 5049 accusationem,
3515 5003 3657 5042 con-

2082 5081 2306 5136 stituere
2333 5095 2517 5135 rursus
2545 5081 2612 5134 ab
2641 5081 2758 5150 ipso
2785 5079 2992 5148 impleri
3014 5085 3266 5148 oportere
3291 5093 3410 5146 qua:
3432 5077 3662 5135 Photius

2081 5179 2244 5248 atque
2270 5171 2581 5227 Eustathius
2617 5171 3006 5240 judicaverant,
3049 5185 3114 5224 ac
3149 5171 3347 5240 suscipi
3387 5170 3648 5225 definitio-

2083 5279 2204 5320 nem
2225 5279 2386 5330 quam
2411 5263 2526 5333 ipsa
2553 5272 2737 5318 sancta
2764 5261 2999 5334 synodus
3024 5261 3399 5328 conclamavit,
3448 5261 3662 5332 ipsique

2081 5354 2360 5421 subscribi,
2389 5369 2495 5423 qua
2519 5353 2736 5422 quidem
2771 5351 3100 5416 deﬁnitione,
3139 5358 3197 5404 et
3221 5350 3447 5419 primam
3471 5349 3644 5420 Ephe-

2079 5443 2250 5498 sinam
2303 5443 2562 5514 synodum
2585 5484 2601 5510 ,
2657 5450 2715 5498 et
2761 5449 3001 5496 sanctum
3063 5439 3320 5510 Cyrillum
3373 5441 3659 5510 complexa

2051 5529 2270 5595 'fuerat,
2300 5530 2519 5600 ejusque
2543 5530 2859 5594 doctrinam,
2885 5544 3004 5598 qua:
3049 5529 3248 5593 omnia,
3306 5538 3365 5586 ut
3411 5529 3654 5584 animad-

2081 5622 2358 5688 vertimus,
2384 5623 2437 5676 in
2457 5620 2658 5678 nefaria
2687 5635 2750 5676 ea
2779 5619 3004 5690 epistola
3051 5619 3291 5676 ludibriis
3335 5627 3653 5675 contemne-

2084 5711 2294 5766 bantur.
2320 5711 2410 5767 llis
2433 5721 2606 5768 autem
2628 5711 2907 5768 manifeste
2927 5709 3200 5778 docemur,
3223 5719 3460 5768 sanctam
3477 5709 3656 5778 ipsam
