3954 6146
329 315 464 381 1035
491 299 498 308 '

1075 322 1434 382 EPISTOLA
1478 322 1874 382 ADVERSUS
1909 319 2384 414 THEODORUM
2427 295 2840 381 llOPSUEST.

3406 335 3413 348 '
3459 333 3594 400 1086

341 435 508 506 Ἴδας,
537 435 570 500 ἦ
595 439 644 494 ἐν
671 446 838 518 Τύρῳ,
874 442 1009 503 ﬁmi
1043 445 1172 513 μετά
1214 449 1381 498 ταῦτα
1419 441 1468 494 ἐν
1513 423 1736 514 tiniae/ig:
1785 443 1903 496 κατά

2008 438 2498 495 Chalcedonensem
2536 443 2796 511 synodum
2836 443 3176 513 disposuisse,
3210 453 3269 500 ut
3301 459 3368 502 ea
3393 447 3591 504 omnia.-

343 534 626 594 Χαλκηδόνα
653 537 849 607 συνόδῳ
878 538 1146 608 ἐτόλμησεν
1186 537 1314 592 ἰδίαν
1344 541 1538 597 εἰπεῖν,
1565 535 1594 594 ἧ
1627 533 1903 595 ἐκδικῆσαι,

341 627 466 683 ἀλλᾶ
507 629 588 681 καί
633 636 744 688 τοῖς
770 631 1030 705 γράμμασι
1070 636 1168 684 τῶν
1207 630 1446 703 κληρικῶν
1471 625 1701 691 Ἐδὶσης,
1735 629 1816 678 καί
1845 633 1907 699 τῇ

341 719 486 791 ψήφω
513 721 703 773 Φωτίου
733 723 814 772 καί
840 719 1114 774 Εὑσταθίου
1159 722 1423 794 ἐχρήσατο
1460 719 1590 792 πρὸς
1617 718 1674 770 τὸ
1713 717 1906 784 ἀποφυ-

339 814 443 878 γεῖν
464 811 554 881 τήν
575 811 800 870 περὶτῆς
823 809 914 863 ἀσε
924 809 1042 868 ϐοῦς
1062 810 1327 868 ἐπιστολῆς
1349 808 1456 863 κατ’
1473 809 1628 864 αὐτοῦ
1651 808 1820 878 γενομέ
1830 826 1910 861 θην

339 897 660 972 summatm.

2006 531 2072 584 ab
2097 529 2185 584 Iba
2211 529 2420 599 tierent,
2449 533 2516 585 ad
2563 533 2738 602 impia:
2765 535 2959 604 saepius
3001 545 3310 592 memorata:
3337 536 3578 605 epistola:

2005 621 2334 674 eversionem
2363 631 2526 689 atque
2565 623 3084 679 condemnationem.
3125 625 3378 680 Miramur
3415 626 3576 693 igitur

2005 723 2100 762 vos
2119 708 2292 764 adhuc
2322 709 2514 776 iniquae
2534 709 2581 763 ei
2601 711 2840 779 epistolae
2859 713 3200 781 patrocinari,
3225 727 3384 781 quam
3407 727 3580 782 neque

2007 798 2124 854 Ibas
2153 801 2287 868 ipse,
2315 801 2398 854 vel
2427 794 2574 870 Tyri,
2605 801 2687 854 vel
2717 811 2838 870 post
2865 818 2949 864 ea,
2989 819 3107 873 qme
3153 805 3225 858 ibi
3269 811 3389 858 acta
3431 811 3574 866 sunt,

2008 889 2058 942 in
2088 898 2272 942 sancta
2298 887 2711 942 Cbalcedonensi
2741 891 2944 960 synodo
2972 907 3125 946 suam
3171 905 3331 946 ausus
3359 899 3442 946 est
3480 906 3550 959 ap

2006 977 2228 1046 pellare,
2256 991 2429 1045 neque
2455 976 2720 1031 sustinere
2741 1019 2756 1040 ,
2783 979 2909 1046 quin
2951 981 3126 1050 potius
3153 981 3279 1034 clcri
3320 979 3580 1033 Edessem

339 1075 546 1140 litteris,
573 1073 874 1144 Photiique,
903 1087 1063 1146 atque
1091 1073 1352 1130 Eustathii
1372 1071 1622 1141 suffragio
1656 1085 1781 1126 usus
1809 1077 1888 1124 est
1913 1109 1929 1133 ,
1971 1076 2028 1120 nt
2060 1067 2358 1120 institutam
2386 1063 2668 1119 adversm
2709 1079 2770 1119 se
2801 1067 2868 1120 ob
2891 1067 3103 1135 impiam
3133 1067 3276 1122 illam
3300 1068 3580 1137 epistolam

337 1164 633 1222 declinaret
657 1167 1070 1220 accusationem.

409 1257 531 1330 Πρὸς
559 1256 611 1312 δέ
637 1265 742 1318 τοῖς
771 1255 932 1318 ἄλλοις
963 1257 1127 1312 ἅπασι
1151 1264 1262 1318 τοῖς
1287 1263 1450 1315 κακῶς
1465 1253 1738 1328 παρ’ὑμῶν
1759 1253 1906 1326 ἑρμη-

337 1351 572 1413 νευθιῐσι,
603 1352 683 1403 καί
711 1371 798 1412 την
825 1349 1058 1418 ιὺνομιυυ
1091 1347 1350 1402 διαλαλιάν
1375 1349 1465 1404 τήν
1489 1347 1606 1417 περί
1631 1340 1744 1396 ἰϐα
1767 1363 1906 1414 γενο-

340 1440 486 1508 μένην
527 1438 654 1511 πρὸς
689 1435 850 1509 ψευδῆ
885 1435 1076 1492 ἔννοιαν
1117 1437 1444 1509 μετηγάγετε,
1476 1433 1906 1502 διαϐεϐαιούμενοι

337 1536 424 1589 τὴν
463 1527 719 1584 διαλαλιάν
769 1531 1014 1598 Εὑνομίου
1059 1530 1188 1600 ὑπὲρ
1231 1534 1321 1584 τῆς
1371 1525 1596 1582 ἀσεϐοῦς
1636 1522 1906 1580 ἐπιστολῆς

337 1617 649 1690 γεγενῆσθαι.
686 1617 894 1690 Λέγεται
929 1617 1026 1692 γὰρ
1056 1616 1312 1689 περιέχειν
1341 1620 1428 1670 τήν
1455 1614 1606 1670 αὐτὴν
1633 1609 1900 1709 {tamen
1935 1649 1982 1709 Β

340 1709 420 1764 ὅτι
447 1710 497 1762 ἐν
523 1715 626 1766 τοῖς
656 1707 916 1782 ἁνωτέροις
957 1715 1048 1764 τῆς
1090 1705 1356 1762 ἐπιστολῆς
1401 1703 1619 1777 ὑϐρίσας
1646 1697 1790 1760 ἰϐας
1820 1700 1904 1752 τὸν

335 1801 387 1854 ἐν
413 1799 572 1872 ἀγίοις
596 1798 855 1874 Κύριλλον,
878 1799 926 1850 ἐν
953 1805 1064 1857 τοῖς
1086 1799 1390 1856 τελευταίοις
1420 1796 1593 1850 ἐαυτὸν
1609 1795 1908 1866 ἐπανωρθώο

336 1903 489 1944 σατο⁶
519 1883 668 1942 ὁπότε
698 1884 840 1945 δῆλόν
877 1887 988 1943 ἐστι
1017 1891 1104 1945 τήν
1130 1886 1377 1955 Εὑυομίου
1409 1882 1676 1946 διαλαλιάν,
1699 1884 1760 1938 οὑ
1789 1885 1906 1956 περί
1937 1945 1941 1949 ι

337 1989 424 2039 τῆς
439 1978 656 2037 ἀσεϐοῦς
682 1978 870 2037 ἐκείνης
893 1977 1180 2041 ἐπιστολῆς,
1197 1975 1321 2029 ἀλλὰ
1343 1977 1460 2046 περὶ
1481 1980 1572 2034 τῆς
1591 1974 1906 2031 καταθέσεως

337 2068 452 2124 ἰϐα
477 2077 566 2128 τῆς
598 2069 647 2122 ἐν
673 2069 822 2141 Τύρῳ
850 2069 1112 2140 γενομένης
1155 2069 1300 2141 παρὰ
1343 2067 1512 2134 Φωτίῳ
1536 2066 1616 2116 καί
1643 2064 1906 2131 Eum-adigi

337 2161 580 2238 εἰρῆσθαι.
605 2158 683 2214 Ἐν
701 2161 802 2233 γὰρ
823 2173 926 2218 τοῖς
957 2159 1078 2216 παρ’
1093 2159 1270 2216 αὑτοῖς
1295 2155 1662 2228 πεπραγμένοις
1690 2159 1906 2226 φανερῶς

333 2241 478 2308 ἰϐας
507 2248 843 2316 ὡμολόγησεν,
870 2248 932 2307 ὡς
953 2249 1035 2300 καί
1051 2247 1182 2300 ἀνωτ
1197 2249 1282 2320 ’ρω
1302 2247 1576 2318 εἰρήκαμεν,
1599 2243 1697 2315 πρὸ
1721 2241 1904 2296 τούτου

351 2341 424 2392 ιὶν
448 2341 578 2407 μετά
605 2345 702 2393 τῶν
733 2336 888 2392 ἄλλων
930 2337 1226 2390 ἀνατολικῶν
1255 2335 1544 2389 ἐπισκόπων
1581 2333 1792 2407 ὑϐρίσαι
1819 2334 1906 2386 τὸν

336 2433 384 2482 ἓν
409 2429 567 2500 ἁγίοις
597 2429 848 2502 Κὺριλλον,
881 2425 961 2482 ὅτε
985 2428 1172 2498 μεταξὺ
1202 2427 1364 2480 αὐτῶν
1403 2424 1630 2494 διχόνοια
1666 2421 1740 2482 ἦν.
1773 2424 1903 2492 μετὰ

335 2514 388 2572 δέ
411 2523 500 2574 τήν
525 2517 700 2570 ἕνωσιν
721 2522 812 2573 τήν
841 2517 1027 2584 μετοιξὺ
1059 2517 1219 2569 αὐτῶν
1260 2513 1550 2583 γενομένην.
1582 2509 1732 2582 μηδὲν
1759 2511 1906 2584 ὑϐρι-

337 2609 500 2664 στικὸν
525 2609 682 2662 εἰπεῖν
729 2609 858 2662 κατά
883 2613 972 2661 τοῦ
1003 2608 1050 2659 ἐν
1081 2606 1244 2676 ἁγίοις
1283 2603 1539 2678 κυρίλλου·
1571 2603 1619 2664 ἐξ
1649 2599 1706 2660 ἧς·
1733 2601 1904 2670 ὁμολο-

329 2699 446 2769 γίας
471 2698 712 2764 εὑρίσκων
736 2696 972 2766 Εὑνὸμιος
997 2692 1144 2748 ἰϐαν
1172 2703 1372 2770 πρῶτον
1399 2695 1488 2763 μὲν
1513 2693 1797 2765 ὑϐρίσαντα
1823 2691 1906 2745 τὸν

335 2791 388 2844 ἓν
428 2787 585 2857 ἁγίοις
633 2786 882 2862 κὺριλλον,
905 2787 1034 2858 μιτά
1079 2793 1244 2839 ταῦτα
1282 2783 1333 2839 δέ
1378 2783 1796 2852 ἀπολογούμενον,
1825 2778 1908 2836 καί

332 2872 532 2943 λέγοντα
560 2869 635 2926 ὅτι
667 2873 795 2943 μετά
823 2875 910 2930 τήν
945 2871 1118 2924 ismara
1155 2869 1290 2924 οὑδέν
1316 2868 1611 2944 ὑϐριστικὸν
1661 2869 1788 2921 κατά
1813 2872 1904 2922 τοῦ

328 2965 380 3018 ἐν
409 2963 568 3035 ἁγίοις
604 2958 708 3016 εἷπε
755 2961 1025 3038 Κυρίλλου,
1063 2966 1152 3020 τήν
1197 2961 1621 3031 μνημονευθεῖσαν
1669 2960 1902 3014 ἐποίησεν
1927 3003 1972 3063 c

333 3049 919 3063 -....,,...
1227 3049 1581 3063 ,.ι,.,
1737 3047 1896 3063 ς..

328 3052 603 3108 διαλαλιὰν.
647 3049 761 3105 Ὀτι
801 3049 854 3105 δὲ
893 3052 923 3107 ἡ
965 3051 1297 3124 προειρημένη
1339 3049 1526 3106 ἀσεϐής
1561 3047 1828 3106 ἐπιστολὴ,
1870 3047 1900 3102 ἡ

325 3141 562 3217 λεγομὲνη
607 3137 742 3204 Ἴδα,
772 3141 944 3199 πάσης
973 3140 1232 3199 ἀσεϐείας.
1260 3143 1342 3193 καί
1376 3145 1474 3193 τῶν
1501 3139 1626 3192 κατά
1669 3137 1900 3213 Κυρίλλου

327 3228 526 3305 ὕϐρεων
562 3230 650 3284 ἀπ’
682 3234 852 3302 ἀρχῆς
881 3231 976 3290 ἕως
1001 3231 1178 3290 τέλους
1222 3231 1566 3304 πεπλήρωται,
1611 3228 1769 3282 οὐδενί
1801 3232 1899 3298 ἀμ.-

331 3320 638 3397 ιδνιτεῗάλλετοιι⁸
675 3319 778 3372 ἀλλ’
813 3318 920 3372 οὑδέ
949 3317 1063 3388 ἔχει
1091 3319 1231 3390 λόγον
1257 3321 1314 3373 τὸ
1344 3325 1621 3373 πιστεῦσαι
1649 3315 1723 3372 ὅτι
1749 3321 1897 3371 Εὐνό-

333 3425 445 3478 μιος
473 3407 539 3460 τὰ
576 3413 756 3480 πρῶτα
781 3410 870 3478 μέν
900 3406 1092 3461 διέϐαλε
1121 3415 1206 3466 τῆς
1239 3408 1524 3470 ἐπιστολῆς,
1556 3409 1623 3465 ὡς
1667 3409 1812 3469 κακὰ,
1841 3409 1904 3459 τὰ

328 3497 598 3552 τελευταῖα
627 3497 680 3551 δέ
709 3500 917 3570 χείρονα
944 3494 1062 3552 ὅντα
1104 3499 1357 3570 ἐπῄνεσεν.
1387 3496 1562 3555 Οὐδείς
1589 3497 1684 3570 γὰρ
1727 3498 1902 3568 εὐφρο-

327 3595 427 3642 νῶν
453 3587 765 3656 ἀποδέχεται
805 3591 886 3642 τὸν
915 3591 998 3642 ἐπί
1029 3589 1133 3648 ἑνὸς
1161 3592 1245 3642 καί
1273 3594 1362 3642 τοῦ
1399 3589 1549 3642 αὑτοῦ
1579 3590 1898 3661 πράγματος,

328 3679 458 3749 ὁμοῦ
489 3680 572 3734 τὸν
608 3680 762 3734 αὑτὸν
807 3679 1106 3733 ἐπαινοῦντα
1147 3681 1228 3731 καί
1265 3677 1508 3749 ψέγντα.
1539 3675 1604 3728 Εἴ
1634 3697 1709 3734 τις
1737 3677 1900 3729 τοίνυν

327 3778 420 3827 τήν
443 3771 675 3838 Εὑνομίου
705 3768 960 3824 διαλαλιάν
989 3769 1222 3839 τολμήσει
1242 3769 1398 3840 λέγειν
1422 3771 1490 3834 μή
1519 3774 1579 3840 τῇ
1603 3763 1716 3820 ’Ἰϐα
1745 3787 1901 3819 κατα-

323 3861 459 3917 οέσει
587 3859 638 3912 ἐν
672 3861 818 3932 Τύρῳ
858 3859 1109 3932 γενομένῃ,
1147 3859 1270 3910 ἀλλά
1310 3865 1380 3930 τῷ
1407 3857 1516 3926 ὕφει
1553 3853 1785 3928 συνᾴδειν
1809 3863 1899 3914 τῆς

329 3949 750 4018 μνημονευθείσης
807 3949 1030 4009 ἀσεϐοῦς
1073 3949 1370 4011 ἐπιστολῆς,
1413 3952 1502 4004 τήν
1542 3953 1633 4006 τῆς
1674 3945 1900 4003 ἀληθείας

323 4034 619 4092 ἀκολουθίαν
638 4039 693 4090 οὐ
723 4037 977 4108 φυλάττει,
1006 4036 1108 4090 ἀλλ’
1132 4039 1198 4096 ὡς
1227 4038 1476 4114 αἱρετικός
1501 4036 1642 4112 ὕϐριν
1667 4043 1770 4096 τοῖς
1794 4057 1899 4090 πα-

333 4127 513 4200 τράσιν
539 4127 852 4200 προσάπτειν
879 4126 1172 4190 σπουδάζει.

2081 1247 2161 1301 Ad
2185 1256 2377 1301 ctetera
2406 1261 2567 1315 porro
2618 1247 2796 1301 omnia
2825 1247 3052 1314 pessime
3079 1263 3109 1300 a
3141 1248 3292 1303 vobis
3333 1251 3575 1318 exposita

2009 1337 2276 1406 adjecistis
2304 1336 2487 1402 etiam,
2528 1345 2586 1390 ut
2627 1335 2876 1390 Eunomii
2919 1335 3332 1403 divulgationem
3374 1337 3446 1395 de
3489 1337 3582 1394 Iba

2006 1429 2199 1484 factam
2227 1427 2468 1482 mendaci
2498 1427 2844 1493 intelligentia
2873 1428 3278 1496 perverteretis,
3309 1427 3580 1482 affirman-

2008 1527 2088 1572 tes
2116 1533 2233 1572 eam
2265 1516 2508 1570 Eunomii
2538 1518 2949 1583 divulgationem
2981 1531 3144 1586 super
3181 1516 3341 1586 impia
3371 1532 3435 1571 ea
3470 1517 3582 1588 epi-

2008 1607 2144 1664 stola
2173 1607 2470 1662 institutam
2497 1623 2635 1660 esse.
2667 1607 2857 1660 Fertur
2884 1607 3024 1661 enim
3051 1607 3165 1662 haec
3194 1609 3245 1661 in
3268 1609 3382 1676 ipsa
3411 1607 3581 1662 conti-

2008 1695 2122 1749 neri
2151 1713 2162 1746 :
2187 1697 2330 1762 quod
2353 1711 2472 1749 cium
2495 1696 2548 1750 in
2575 1695 2751 1764 priore
2771 1695 3007 1764 epistolae
3032 1704 3178 1766 parte
3205 1695 3322 1751 lbas
3341 1703 3584 1751 sanctum

2008 1783 2262 1854 Cyrillum
2306 1783 2511 1850 injuriis
2537 1783 2898 1854 proscidisset,
2927 1784 3070 1839 circa
3112 1785 3272 1839 tinem
3301 1793 3481 1842 tamen
3521 1797 3582 1839 se
3634 1810 3639 1816 -

2009 1875 2180 1942 ipsum
2225 1874 2540 1942 corrigendo
2577 1875 2977 1931 emendaverit:
3017 1890 3140 1931 cum
3185 1883 3366 1931 tamen
3412 1877 3581 1930 niani-

2007 1964 2200 2020 festum
2237 1965 2308 2021 sit
2345 1965 2590 2020 Eunomii
2627 1980 2748 2020 eam
2775 1965 3220 2021 declamationem
3249 1966 3468 2022 minime
3511 1964 3584 2022 ad

2009 2056 2224 2124 impiam
2254 2071 2372 2110 eam
2421 2057 2702 2124 epistolam
2753 2057 3039 2125 pertinere,
3087 2055 3179 2110 sed
3208 2057 3275 2111 de
3323 2057 3580 2126 subroga-

2009 2145 2174 2210 tione,
2211 2159 2328 2212 quae
2373 2144 2497 2214 Tyri
2535 2143 2637 2197 Iba:
2685 2144 2824 2200 facta
2863 2145 3038 2198 fuerat
3084 2161 3182 2216 per
3238 2146 3480 2200 l‘hotium
3527 2153 3578 2200 et

2008 2231 2337 2286 Eustathium
2381 2233 2435 2286 in
2471 2249 2532 2287 ea
2561 2248 2866 2288 sermonem
2910 2235 3133 2289 institui.
3183 2233 3242 2288 In
3270 2235 3402 2290 actis
3435 2235 3580 2290 enim

2008 2323 2147 2392 apud
2174 2323 2316 2392 ipsos
2345 2321 2622 2376 manifeste
2656 2323 2825 2378 fassus
2857 2331 2939 2376 est
2961 2323 3098 2386 lbas,
3135 2322 3580 2391 quemadmodum

2007 2412 2166 2466 etiam
2195 2412 2439 2480 superius
2460 2410 2826 2476 indicavimus,
2849 2425 2907 2465 se
2927 2418 3052 2464 ante
3079 2411 3192 2465 haec
3213 2422 3334 2466 cum
3363 2411 3580 2480 reliquis

2007 2500 2238 2554 Orientis
2283 2498 2550 2568 episcopis
2597 2507 2841 2553 sanctum
2887 2497 3142 2570 Cyrillum
3196 2498 3401 2566 injuriis
3451 2497 3580 2552 affe-

2007 2598 2160 2664 cisse,
2189 2612 2308 2652 cum
2331 2597 2537 2651 scilicet
2556 2596 2790 2664 ipsorum
2816 2594 3038 2666 ejusque
3069 2597 3252 2664 dispar
3277 2604 3420 2652 esset
3455 2611 3579 2651 sen-

2007 2687 2172 2740 tentia
2201 2704 2212 2738 :
2245 2693 2368 2756 post
2394 2695 2592 2749 autem,
2621 2683 2818 2738 unione
2839 2684 2978 2738 inter
3003 2685 3146 2754 ipsos
3165 2685 3421 2754 perfecta,
3446 2686 3577 2742 nihil

2007 2777 2224 2831 omnino
2249 2777 2316 2831 ab
2343 2791 2402 2830 se
2427 2777 2738 2846 iniuriosum
2768 2779 2822 2832 in
2849 2787 3091 2833 sanctum
3117 2777 3372 2850 Cyrillum
3415 2776 3578 2834 fuisse

2007 2867 2303 2936 prolatum;
2335 2883 2400 2922 ex
2429 2883 2533 2938 qua
2575 2869 2678 2922 lbte
2709 2868 3062 2933 confessione,
3096 2867 3387 2924 Eunomius
3433 2864 3578 2924 Ibam

2005 2957 2233 3026 primum
2275 2957 2330 3010 in
2369 2966 2610 3012 sanctum
2637 2957 2892 3028 Cyrillum
2938 2959 3159 3027 injurias
3202 2965 3580 3026 congerentem

2003 3049 2294 3118 reperiens,
2326 3055 2450 3118 post
2475 3056 2655 3103 autem
2677 3050 3096 3118 resipiscentem,
3127 3049 3464 3117 aientemque
3485 3049 3588 3104 abs

2003 3159 2062 3198 se
2092 3144 2220 3198 nihil
2241 3144 2480 3207 omnino,
2513 3151 2636 3211 post
2653 3145 2997 3197 constitutam
3021 3144 3293 3208 unionem,
3322 3144 3586 3200 adversus

2003 3243 2242 3287 sanctum
2269 3232 2522 3302 Cyrillum
2550 3229 2708 3284 fuisse
2743 3233 3028 3300 prolatum,
3069 3240 3417 3284 memoratam
3450 3246 3578 3300 per-

2005 3321 2131 3376 fecit
2155 3319 2621 3374 declamationem.
2653 3319 2861 3374 Nemini
2893 3335 3056 3390 porro
3085 3319 3302 3374 dubium
3333 3335 3452 3374 esse
3477 3334 3575 3390 po-

2007 3419 2128 3476 test,
2161 3411 2448 3464 indicatam
2489 3411 2706 3480 impiam
2732 3412 3012 3480 epistolam
3061 3411 3163 3466 lbae
3189 3411 3462 3478 tributam,
3505 3412 3578 3466 ab

2009 3501 2160 3554 initio
2203 3499 2271 3554 ad
2315 3507 2612 3554 extremum
2639 3501 2784 3553 omni
2831 3499 3110 3567 iniquitate
3171 3507 3330 3568 atque
3361 3501 3411 3554 in
3453 3515 3574 3554 san-

2007 3601 2149 3646 ctum
2215 3589 2840 3661 Cyrillnm‘contnmelia
2886 3597 3095 3644 scatere
3124 3633 3138 3655 ,
3185 3605 3357 3659 neque
3403 3605 3574 3646 causa:

2006 3681 2275 3751 qui~lpiam
2303 3687 2402 3744 est,
2433 3687 2492 3734 ut
2537 3679 2804 3746 credatur,
2853 3679 3168 3733 Eunomium
3215 3681 3419 3750 priores
3463 3682 3574 3750 epi-

2005 3771 2158 3826 stola:
2196 3778 2395 3839 partes,
2447 3777 2698 3836 tanquam
2735 3783 2928 3838 pravas
2975 3767 3294 3837 traduxisse,
3345 3769 3574 3838 reliquas

2003 3877 2153 3928 vero,
2195 3875 2310 3930 quae
2339 3859 2549 3930 pejores
2596 3868 2741 3927 sunt,
2795 3859 3040 3913 laudibus
3081 3857 3274 3914 efferre
3319 3859 3573 3914 voluisse.

2003 3952 2172 4006 Nemo
2220 3951 2362 4006 enim
2402 3951 2656 4005 cordatus
2699 3950 2890 4018 probat
2935 3964 3058 4003 eum
3103 3950 3195 4018 qui
3238 3950 3390 4004 unius
3436 3949 3573 4016 ejus-

2003 4041 2231 4110 demque
2269 4055 2334 4096 ac
2372 4041 2558 4096 similis
2598 4040 2676 4094 rei
2719 4040 2877 4094 simul
2925 4039 3168 4094 laudator
3193 4041 3280 4104 sit,
3331 4041 3574 4108 idemque

2004 4129 2352 4199 vituperator.
2386 4129 2634 4196 Quisquis
2664 4129 2822 4196 igitur
2842 4128 3088 4182 Eunomii
3135 4129 3574 4184 declamationem

2003 4234 2111 4273 non
2157 4217 2225 4272 ad
2271 4218 2376 4275 Iba:
2430 4218 2860 4285 subrogationem
2899 4216 3023 4286 Tyri
3068 4216 3264 4271 factam
3307 4226 3573 4288 spectare,

337 4321 514 4360 verum
555 4308 624 4362 ad
671 4309 845 4379 impia:
884 4319 1191 4364 memorata:
1233 4311 1558 4380 epistolm....
1605 4311 1910 4380 pertinere,
1949 4309 2206 4378 quisquis,
2239 4307 2477 4374 inquam,
2519 4305 2575 4360 id
2619 4305 2798 4360 dicere
2823 4306 3004 4374 audet,
3053 4307 3097 4362 is
3117 4307 3334 4362 minime
3361 4309 3572 4364 veritati

336 4395 661 4465 obsequitur,
698 4413 906 4466 verum,
944 4398 1107 4452 veluti
1153 4399 1433 4454 haereticus
1471 4397 1716 4453 Patribus
1761 4397 2009 4466 injuriam
2038 4395 2228 4450 aﬂ'erre
2253 4395 2460 4449 nititur.

403 4487 494 4539 καί
519 4487 586 4546 εἰς
609 4491 760 4542 τοῦτο
781 4485 832 4540 δὲ
856 4489 1211 4560 ἐθαυμάσαμεν
1253 4486 1328 4542 ὅτι
1354 4490 1550 4562 γράψαι
1572 4491 1892 4556 ὑπεμείνατε,

2069 4485 2242 4554 Atque
2268 4485 2322 4538 id
2348 4485 2508 4539 etiam
2538 4485 2712 4538 mirati
2739 4501 2938 4550 sumus,
2970 4485 3112 4556 quod
3140 4486 3377 4541 scribere
3416 4488 3570 4543 veriti

335 4577 401 4627 τὰ
425 4577 664 4646 κεφάλαια
689 4579 778 4646 μέν
801 4584 890 4632 τοῦ
919 4580 968 4630 ἐν
993 4577 1152 4650 ἀγίοις
1197 4581 1442 4652 Κυρίλλου
1488 4581 1716 4634 σκοτειδά
1750 4573 1894 4632 εἶναι·

335 4667 424 4722 τήν
449 4661 501 4717 δέ
525 4665 686 4721 ἀσεϐῆ
713 4665 997 4728 ἐπιστολήν,
1031 4668 1098 4724 ὡς
1126 4673 1210 4720 τοῦ
1251 4667 1394 4738 ἁγίου
1423 4669 1706 4736 πνεύματος
1739 4664 1900 4732 μεσὰ·

337 4756 508 4814 ζοντος
552 4752 927 4822 ἀποδεχθεσαν
973 4757 1270 4824 ἐπῃνέσατε·
1301 4759 1386 4809 καί
1411 4751 1612 4828 φανερόν
1657 4755 1794 4807 ἐστιν
1825 4750 1901 4805 ὅτι

337 4851 502 4899 ταῦτα
537 4847 602 4898 τὰ
640 4847 838 4922 ῥήματα
863 4849 952 4897 οὐκ
977 4847 1026 4909 ἐξ
1055 4846 1199 4916 ἁγίου
1227 4849 1532 4918 πνεύματος,
1573 4845 1672 4898 ἀλλ’
1689 4845 1738 4906 ἐξ
1766 4845 1901 4916 ἐνιρ·

337 4937 474 5003 γείας
499 4939 592 4988 τοῦ
616 4940 835 5008 πονηροῦ
877 4936 1164 5007 πνεύματος
1206 4938 1532 5008 προηγάγετε’
1567 4935 1642 4992 ὅτι
1669 4937 1788 4994 τοὺς
1815 4937 1906 5006 μίν

338 5021 564 5094 πατέρας
593 5025 678 5076 καί
705 5020 1035 5084 διδασκάλους
1057 5031 1150 5084 τῆς
1177 5026 1444 5086 ἐκκλησίας
1481 5027 1764 5082 σκοτεινῶς
1791 5025 1904 5078 rw

336 5106 541 5177 λέσατι,
569 5115 658 5168 τήν
685 5109 737 5166 δέ
768 5109 1059 5174 κακοδοξίαν
1084 5121 1175 5173 τῆς
1215 5116 1481 5176 ἐπιστολῆς
1518 5117 1645 5186 μετὰ
1672 5115 1903 5186 βλασφηά

339 5200 462 5268 μίας
487 5199 782 5268 iniuria-ars“
829 5195 936 5252 ὅθεν
961 5199 1121 5258 καλῶς
1147 5199 1353 5273 ἁρμόζει
1391 5205 1476 5258 καί
1519 5203 1654 5272 ὑμῖν,
1683 5205 1768 5255 καὶ
1793 5208 1904 5268 τοῖς

339 5283 508 5346 ἄλλοις
531 5293 644 5347 τοῖς
665 5287 734 5340 τὰ
755 5287 1087 5360 παραπλήσια
1105 5288 1226 5357 ὑμῖν
1247 5293 1482 5360 περὶτῶν
1505 5289 1660 5360 ἁγίων
1675 5290 1906 5364 πατέρων

341 5383 610 5453 φρονοῦσι,
649 5379 710 5432 τὸ
752 5378 895 5452 παρὰ
931 5382 1024 5430 τοῦ
1069 5377 1214 5448 ἁγίου
1255 5380 1446 5453 Πέτρου
1491 5386 1577 5438 τοῦ
1626 5377 1904 5432 ἀποστόλου

341 5468 486 5540 ρηθέν
507 5469 626 5540 περὶ
645 5471 747 5522 τῶν
769 5471 934 5526 κακῶς
957 5463 1199 5520 νοούντων
1224 5469 1314 5527 τὰς
1340 5467 1611 5525 ἐπιστολὰς
1637 5472 1726 5519 τοῦ
1758 5465 1902 5538 ἁγίου

341 5559 532 5612 Παὺλου
564 5575 583 5608 ε
617 5555 694 5613 ὅτι
713 5563 876 5612 ταῦτα
902 5558 946 5610 oi
978 5559 1182 5627 ἀμαθεῖς
1219 5561 1302 5612 καί
1329 5561 1624 5630 ἀστήρικτοι
1643 5558 1903 5630 στρεϐλῶ-

343 5669 519 5703 σουσιν
545 5645 595 5718 [ἦ
617 5645 984 5722 στριϐλοῦσιν],
1015 5651 1082 5708 ὡς
1105 5651 1191 5704 καί
1217 5651 1308 5710 τὰς
1333 5649 1519 5708 λοιπὰς.
1535 5649 1750 5723 γραφάς,
1773 5651 1900 5723 πρὸς

348 5753 434 5794 την
459 5738 586 5796 ἰδίαν
611 5741 770 5796 αὐτῶν
791 5741 1054 5798 ἀπώλειαν.
1081 5759 1099 5792 1
1126 5741 1269 5797 Οὕτω
1297 5745 1458 5798 τοίνυν
1483 5745 1564 5796 καί
1589 5746 1709 5813 ὑμῖν
1735 5749 1899 5804 κακῶς

2001 4577 2217 4629 minime
2243 4575 2370 4628 sitis.
2407 4575 2587 4629 Sancti
2609 4575 2788 4646 Cyrilli
2814 4576 2988 4648 capita
3013 4575 3235 4630 obscura
3263 4591 3402 4642 esse,
3425 4591 3570 4632 eam-

2001 4680 2106 4734 que
2132 4664 2346 4734 impiam
2393 4666 2689 4736 epistolam,
2739 4677 2988 4736 tanquam
3031 4668 3230 4739 Spiritu
3272 4680 3460 4728 sancto
3488 4673 3570 4728 af-

2003 4753 2180 4817 ﬂante,
2213 4753 2598 4834 clarescentem
2629 4756 2985 4812 laudaveritis.
3020 4759 3352 4816 Manifestum
3377 4771 3466 4817 est
3499 4763 3570 4819 si-

2003 4841 2217 4910 quidem
2244 4842 2405 4896 verba
2430 4844 2544 4899 haec
2583 4860 2688 4899 non
2731 4845 2958 4915 Spiritus
2995 4850 3163 4902 sancti
3211 4851 3426 4915 virtute,
3477 4853 3570 4910 sed

2005 4933 2221 5000 maligni
2262 4934 2478 5004 spiritus
2520 4934 2720 5004 impetu
2746 4950 2776 4988 a
2805 4937 2956 4990 vobis
2983 4951 3103 4991 esse
3145 4937 3352 5008 prolata
3386 4957 3399 4992 :
3447 4956 3571 4996 cum

2006 5019 2191 5076 Patres
2215 5020 2576 5092 Eeclesiaeque
2602 5025 2884 5092 magistros
2905 5025 3250 5082 obscuritatis
3279 5029 3571 5100 redargue-

2004 5109 2139 5176 ritis,
2171 5112 2412 5180 epistolae
2439 5121 2616 5168 autem
2643 5114 2784 5170 illius
2809 5116 3064 5170 malitiam
3108 5117 3572 5188 blasphemiasquo

2007 5199 2249 5256 laudibus
2275 5203 2576 5259 extuleritis
2599 5222 2612 5256 :
2645 5206 2992 5273 quamobrem
3016 5214 3166 5262 recte
3185 5207 3443 5261 convenit
3473 5225 3571 5261 vo-

2006 5287 2088 5344 bis
2113 5291 2428 5362 ueterisque
2455 5292 2702 5348 omnibus
2741 5295 2934 5348 similia
2973 5294 3042 5348 de
3077 5295 3278 5349 sanctis
3319 5293 3570 5348 Ecclesia:

2007 5379 2254 5436 Patribus
2278 5383 2646 5450 sentientibus,
2679 5383 2807 5438 illud
2847 5399 2882 5437 a
2924 5383 3086 5439 Petro
3128 5383 3374 5453 apostolo
3406 5380 3477 5435 de
3505 5381 3570 5441 iis

2003 5469 2219 5536 dictum,
2245 5473 2335 5542 qui
2365 5473 2630 5542 Epistolas
2656 5475 2827 5528 sancti
2856 5474 3004 5528 Pauli
3031 5487 3282 5544 perverse
3306 5469 3566 5535 inteliigo-

2002 5560 2133 5615 bant
2157 5579 2170 5612 :
2199 5563 2336 5632 quod
2357 5564 2448 5618 hac
2472 5564 2665 5618 indocti
2689 5575 2840 5634 atque
2865 5563 3129 5618 instabiles
3177 5563 3475 5630 ἀρρΝυωτιο
3511 5568 3568 5610 αι

2001 5665 2051 5708 et
2089 5667 2296 5710 cetera;
2334 5656 2652 5722 Scripturas,
2683 5657 2752 5709 ad
2781 5673 2926 5710 suam
2965 5657 3190 5724 ipsorum
3228 5648 3576 5720 perditionem

2003 5745 2088 5815 (II
2123 5746 2256 5800 I’etr.
2291 5765 2361 5810 Ill,
2401 5747 2502 5800 ἰδ’.
2537 5747 2620 5799 Sir
2655 5749 2828 5812 itaque
2856 5745 3004 5798 vobis
3025 5745 3184 5798 etiam
3214 5751 3374 5810 prave
3403 5736 3564 5796 ἣκει-ο
