3994 6140
447 257 586 327 108⁸1

1710 250 2147 317 JUS’I‘INIANI
2185 209 2350 312 me

3543 231 3674 298 1088

452 387 626 441 νοοῦσι
665 377 893 436 σκοτεινά
920 369 1046 433 εἶναι
1069 372 1205 430 δοκεῖ
1231 370 1294 426 τὰ
1317 369 1458 444 παρά
1495 373 1593 423 τῶν
1629 371 1721 424 τῆς
1745 367 2006 421 ἐκκλησίας

2126 357 2398 428 igentibus
2415 371 2484 416 ea
2506 369 2624 428 qua
2651 355 2720 413 ab
2745 353 3000 414 Ecclesia:
3026 351 3298 422 magistris
3323 350 3520 408 tradita
3536 363 3672 444 sunt,

460 474 785 538 διδασκάλων,
803 475 884 528 καί
906 477 1005 527 τῶν
1026 469 1166 522 θείων
1183 473 1378 539 γραφῶν
1397 457 1717 528 ίιιτεθειμίνα.
1745 456 1830 508 καί
1850 459 2016 509 ταῦτα

459 569 548 641 μίν
585 567 651 620 τά
696 565 811 638 περί
850 559 984 622 ἰϐα,
1013 561 1099 612 καί
1148 563 1238 614 τῆς
1285 553 1502 611 ἀσεϐοῦς
1541 549 1722 606 ἱκείνης
1752 543 2016 603 ίπιστολῆς

459 640 592 712 οὕτω
607 653 1112 726 παρακολουθήσαντα
1137 645 1193 700 ἕν
1211 667 1317 701 τισι
1343 643 1548 714 βιϐλίοις
1577 640 1906 713 εὑρίσκονται.

527 721 712 798 Είδίναι
754 739 808 796 δέ
847 741 983 810 ὑμᾶς
1023 743 1132 813 χρὴ
1163 733 1242 792 ὅτι
1281 735 1344 788 τά
1383 732 1748 804 πεπραγμίνα,
1784 728 1843 778 ίν·
1871 721 1943 785 οἷς
1984 725 2019 784 ἦ

460 833 649 892 ἀσεϐής
697 833 846 889 iusin
899 823 1134 886 ἔπιστολῆ
1176 826 1498 899 περιέχεται.
1529 824 1632 888 οὐχ
1678 817 2017 872 ὑποτέτακται

460 933 565 986 τοῖς
588 925 906 984 αὐθεντικοῐς,
932 918 1004 980 οἷς
1033 920 1080 973 οί
1119 919 1381 971 ίπίσκοποι
1413 910 1732 984 ὑπέγραψαν,
1761 905 1825 960 ὧν
1848 909 1931 960 καί
1953 906 2018 958 τά

463 1014 686 1070 ίσότυπα
712 1012 992 1072 αὐθεντικᾶ,
1025 1007 1074 1062 ἔν
1093 1027 1147 1062 τε
1176 1013 1240 1079 τῇ
1265 1003 1520 1074 ἁγιωτάτῃ
1547 997 1776 1069 ἐκκλησίᾳ
1798 993 2014 1065 Ῥώμης,

462 1107 544 1160 καί
569 1107 618 1158 ἒν
728 1096 1263 1158 1ωνσταντινουπόλιι,
1294 1097 1373 1148 καὶ
1400 1093 1450 1144 ἐν
1491 1097 1563 1163 τῷ
1601 1091 1715 1159 θείῳ
1741 1089 1882 1158 ἡμῶν
1918 1105 2020 1138 πα-

461 1193 614 1262 λατίῳ
635 1175 1070 1263 παραδεδώκασιν.
1096 1186 1234 1239 Ἐπεί
1252 1189 1414 1238 τοίνυν
1435 1181 1683 1236 δείκνυται
1701 1175 2020 1244 πανταχόθεν

461 1284 633 1342 πάσης
677 1281 910 1339 ἀσεϐείας
935 1275 1298 1350 πεπληρωμένη
1327 1275 1358 1330 ἡ
1386 1273 1509 1328 αὺτή
1540 1267 1729 1326 ἀσεϐής
1759 1264 2016 1326 ίπιστολή,

463 1375 542 1427 καί
571 1371 767 1426 ἔναντία
793 1364 928 1422 οὖσα
952 1376 1056 1428 τοίς
1085 1365 1348 1437 ὁρισθεῖσιν
1373 1361 1472 1416 {uio
1495 1367 1586 1417 τῆς
1628 1356 1776 1428 ἁγίας
1803 1357 1854 1408 ἓν
1887 1357 2023 1408 Χαλ-

465 1459 634 1518 κηδόνι
673 1459 904 1519 συνόδου,
931 1459 976 1510 οἱ
1015 1453 1204 1512 ταύτην
1243 1453 1467 1524 λέγοντες
1507 1449 1746 1520 δεδέχθαι
1788 1447 1888 1502 ὑπὸ
1929 1453 2022 1506 τῆς

467 1549 614 1620 ἆγίας
638 1550 688 1602 ἓν
709 1545 976 1604 Χαλκηδόνι
1001 1543 1214 1600 συνόδου
1233 1583 1248 1607 ,
1280 1546 1338 1597 οὗ
1365 1542 1509 1612 μόνον
1534 1547 1624 1599 τήν
1652 1540 1835 1593 οἰκείαν
1871 1557 2023 1590 κακοο

467 1635 631 1701 δοξίαν
675 1635 1047 1700 σπουδάζουσιν
1089 1631 1310 1695 ἔκδικεῖν,
1335 1631 1456 1685 άλλά
1481 1631 1569 1683 καί.
1605 1628 1751 1704 ὕϐριν
1895 1626 2020 1698 αὖτῇ

467 1728 590 1804 ἁγίᾳ
613 1727 808 1798 συνόδῳ
845 1727 1180 1804 προσάπτειν.
1205 1725 1280 1779 Τά
1305 1725 1404 1797 γάρ
1429 1720 1675 1792 δεχθίντα
1697 1721 1780 1772 καί
1806 1717 2026 1788 βεϐαιω-

466 1818 610 1872 θίντα
636 1819 778 1890 παρά
803 1825 894 1878 τῆς
920 1815 1339 1886 μνημονευθείσης
1359 1811 1506 1884 ἁγίας
1529 1808 1761 1872 συνόδου,
1784 1809 2028 1876 ὀνομαστί

467 1909 520 1964 ιν
545 1915 616 1978 τῷ
639 1907 764 1984 παρ’
789 1908 946 1968 eum“:
971 1904 1222 1978 δεδομένῳ
1247 1905 1365 1980 περὶ
1390 1910 1481 1962 τῆς
1503 1903 1724 1960 πίστεως
1749 1894 1850 1971 ὅρῳ
1887 1915 2028 1972 περι-

469 1997 664 2068 ίχεται.

539 2177 800 2232 Γινώσκειν
837 2173 890 2230 δί
934 2176 1071 2245 ὑμᾶς
1111 2172 1386 2245 βουλόμεθα
1408 2211 1424 2237 ,
1469 2167 1551 2225 ὅτι
1581 2171 1664 2222 καί
1699 2165 2026 2242 Θεοδῶριτος,

470 2263 641 2326 ἐπειδὴ
661 2267 792 2324 κατὰ
815 2272 912 2321 τῶν
945 2261 1140 2319 δώδεκα
1177 2261 1446 2332 κεφαλαίων
1473 2265 1565 2314 τοῦ
1590 2259 1641 2311 ἐν
1669 2255 1828 2328 ἁγίοις
1856 2255 2026 2326 lupil-

470 2354 558 2413 λου
589 2355 810 2429 ἔγραψε,
839 2356 1135 2430 Νεστόριον,
1164 2356 1247 2408 καὶ
1275 2359 1365 2412 τὴν
1395 2337 1548 2405 αὐτοῦ
1581 2345 1870 2410 κακοδοξίαν
1897 2345 2032 2402 ίκδι-

473 2453 586 2503 κῶν.
617 2448 746 2517 μετά
787 2447 872 2500 τὸν
919 2442 1036 2520 ὅρον
1069 2439 1167 2502 ’τῆς
1213 2443 1260 2495 ἐν
1305 2435 1579 2496 Χαλκηδόνι
1624 2435 1770 2508 ἁγίας
1815 2433 2028 2489 συνόδου

475 2538 764 2600 συνωθήθη,
801 2542 1002 2605 πρῶτον
1037 2535 1125 2604 μὲν
1161 2530 1516 2601 ἀναθεματίσαε
1549 2527 1808 2598 Νεστόριον
1836 2525 1920 2578 καὶ
1942 2527 2030 2581 τήν

475 2625 710 2680 ἆσὲέειαν
735 2627 822 2682 τήν
865 2624 1040 2685 αὐτοῦ,
1069 2623 1149 2674 καί
1179 2617 1482 2689 ὁμολογῆσαι
1523 2611 1744 2670 θεοτῶων
1771 2617 1860 2670 τὴν
1885 2611 2031 2684 ἁγάν

474 2713 666 2778 ἴνδοξον
713 2712 1031 2786 άειπάρθενον
1073 2710 1278 2776 Μαρίαν,
1323 2707 1405 2760 καί
1444 2703 1602 2762 οὔτως
1643 2701 1848 2771 ἐδέχθη.
1891 2696 2032 2754 Ὀθεν

475 2806 559 2858 καί
584 2801 726 2864 Ἶϐας
757 2804 840 2858 καί
888 2799 1192 2874 Θεοδώριτος
1217 2801 1320 2868 οὐχ
1349 2799 1416 2856 ὡς
1453 2792 1740 2850 διδάσκαλοι
1773 2794 1852 2846 καί
1879 2790 2034 2846 πατί-

475 2912 578 2968 pec,
595 2891 698 2946 ἀλλ’
720 2893 786 2950 ὥς
811 2895 1184 2958 μετανοοῦντες,
1201 2889 1286 2942 καί
1309 2887 1754 2956 ἀναθεματίζοντες
1779 2887 1869 2941 τὴν
1895 2899 2034 2936 mo-

473 2981 658 3046 δοξίαν,
689 2982 818 3058 ὑπὲρ
841 2977 902 3040 ἧς
927 2977 1354 3053 κατηγορήθησαν,
1378 2977 1460 3028 καί
1498 2971 1758 3044 δεξάμενοι
1796 2972 1885 3026 τόν
1915 2968 2032 3044 ὅρον

2113 458 2276 518 atque
2303 463 2372 504 ex
2397 448 2590 504 divinis
2634 446 2825 502 litteris
2861 446 3052 502 hausta
3079 445 3311 500 obscura
3340 457 3465 500 esse
3495 443 3674 501 viden-

2113 545 2219 593 tur.
2245 537 2418 610 Atque
2438 537 2550 592 haec
2577 536 2790 606 quidem
2817 535 2884 590 de
2912 533 3002 588 lba
3021 541 3181 602 atque
3227 532 3398 602 impia
3441 532 3530 588 illa
3567 533 3674 608 epi-

2113 627 2249 682 stola
2275 627 2328 685 in
2359 626 2624 699 aliquibus
2652 625 2802 681 libris
2826 631 3159 694 perscrutata
3180 621 3546 692 reperiuntur.

2183 715 2422 784 Namque
2449 727 2626 782 operae
2653 714 2882 782 pretium
2921 720 3002 767 est
3044 719 3104 765 ut
3129 711 3318 768 sciatis
3361 719 3487 766 acta
3524 725 3588 772 ea
3623 710 3676 768 in

2115 807 2306 876 quibus
2335 804 2494 874 impia
2525 804 2614 858 illa
2654 803 2960 858 continetur
2983 801 3228 872 epistola,
3271 801 3496 857 minime
3537 817 3676 858 com-

2114 895 2275 966 plecti
2301 894 2354 948 in
2377 892 2700 948 authenticis
2734 891 2800 946 iis
2834 891 3028 962 quibus
3073 889 3314 960 episcopi
3360 891 3674 960 subscripse-

2117 993 2262 1052 runt,
2289 997 2518 1054 quorum
2557 981 2866 1036 authentica
2899 979 3225 1050 exemplaria
3261 980 3318 1034 in
3355 983 3675 1039 sanctissima

2119 1073 2361 1128 Romana
2405 1071 2642 1126 Ecclesia
2680 1077 2736 1125 et
2779 1071 2834 1125 in
2875 1068 3474 1140 Constantinopolitica,
3529 1081 3678 1140 atque

2119 1164 2279 1219 etiam
2305 1163 2358 1216 in
2385 1176 2542 1216 sacro
2567 1167 2751 1218 nostro
2779 1159 2979 1228 palatio
3006 1167 3217 1214 servata
3245 1167 3394 1214 sunt.
3431 1158 3678 1226 Quoniam

2119 1253 2280 1322 igitur
2317 1251 2550 1320 undique
2578 1247 2914 1304 manifestum
2942 1257 3025 1304 est
3060 1248 3282 1321 impiam
3326 1263 3448 1302 eam
3491 1249 3676 1318 episto-

2121 1342 2226 1396 lam
2257 1341 2401 1396 omni
2429 1339 2708 1408 iniquitate
2733 1336 2983 1396 refertam
3011 1352 3148 1403 esse,
3179 1338 3494 1407 sanctisque
3525 1353 3676 1395 sacra

2121 1427 2572 1485 Chalcedonensis
2597 1425 2786 1497 synodi
2813 1424 3207 1481 definitionibus
3249 1425 3543 1494 adversari,
3569 1427 3676 1482 reli-

2121 1533 2285 1588 quum
2311 1527 2394 1596 est
2420 1526 2478 1574 ut
2505 1519 2596 1588 qui
2623 1517 2853 1572 dixerint
2896 1516 3064 1587 ipsam
3099 1517 3154 1571 in
3187 1529 3380 1572 sancta
3403 1515 3675 1574 Chalcedo-

2124 1607 2275 1663 nensi
2295 1607 2498 1688 synodo
2527 1607 2810 1671 contineri,
2840 1605 2879 1661 ii
2907 1621 3014 1661 non
3043 1605 3204 1661 modo
3231 1607 3507 1676 propriam
3534 1607 3676 1664 tutari

2057 1721 2102 1778 Β
2127 1701 2384 1756 malitiam
2405 1701 2549 1756 omni
2578 1708 2774 1756 conatu
2807 1699 2940 1754 eniti
2964 1704 3328 1762 censeantur;
3365 1711 3544 1752 verum
3565 1695 3674 1751 insi-

2126 1805 2285 1861 gnem
2311 1805 2524 1862 quoque
2549 1799 2730 1847 sancto
2758 1789 2987 1847 con‘cilio
3016 1788 3216 1843 faciant
3245 1787 3516 1858 injuriam.
3541 1788 3677 1854 Quat-

2127 1899 2338 1954 cunque
2377 1887 2520 1940 enim
2548 1886 2842 1954 approbata
2879 1891 3039 1952 atque
3065 1879 3386 1944 conﬁrmata
3424 1896 3456 1936 a
3491 1897 3675 1937 memo~

2126 1983 2242 2028 rata
2289 1981 2474 2030 sancta
2518 1975 2722 2046 synodo
2763 1981 2906 2038 sunt,
2949 1986 3015 2032 ea
3061 1971 3244 2031 omnia
3295 1971 3593 2027 nominatim
3630 1969 3680 2028 in

2130 2062 2248 2119 ﬁdei
2275 2062 2584 2120 definitione
2611 2065 2679 2119 ab
2704 2063 2816 2133 ipsa
2847 2062 3042 2123 tradita
3069 2062 3434 2121 continentur.

2197 2155 2452 2211 Volumus
2471 2162 2648 2210 autem
2669 2154 2820 2208 vobis
2844 2151 3000 2211 simul
3020 2160 3292 2218 constare,
3320 2150 3675 2205 Theodorituu.

2127 2259 2359 2316 quoque,
2389 2255 2669 2316 postquam
2702 2244 2958 2302 adversus
2984 2243 3270 2303 duodecim
3307 2243 3475 2298 sancti
3511 2241 3673 2319 Cyrilli

2129 2337 2306 2405 capita
2351 2335 2612 2394 calamum
2663 2335 3080 2405 perstrinxisset,
3130 2331 3430 2389 Nestorium
3473 2333 3670 2402 ejusque

2128 2425 2446 2496 pravitatem
2469 2423 2860 2489 defendentem,
2887 2431 3008 2494 post
3043 2431 3241 2478 sanctre
3281 2421 3461 2494 synodi
3500 2422 3670 2478 delini-

2131 2514 2332 2568 tionem
2366 2512 2419 2567 id
2457 2513 2706 2568 habuisse
2745 2513 2799 2567 in
2825 2512 3108 2576 mandatis,
3159 2513 3332 2582 primo
3377 2513 3576 2581 quidem
3621 2519 3669 2566 ut

2131 2601 2602 2656 anathematizaret
2625 2599 2950 2668 Nestorium,
2973 2607 3318 2670 sanctamque
3337 2607 3390 2654 et
3407 2599 3668 2670 gloriosam

2131 2703 2344 2760 semper
2367 2689 2629 2759 virginem
2665 2689 2887 2744 Mariam
2922 2690 3206 2760 Deiparam
3247 2688 3586 2753 confiteretur,
3615 2695 3663 2744 et

2131 2779 2360 2849 idipsum
2413 2788 2698 2850 exsecutus
2741 2789 2842 2835 est.
2887 2778 3066 2845 Quare
3124 2778 3244 2835 lbas
3289 2779 3482 2848 pariter
3503 2787 3656 2846 atque

2133 2866 2505 2936 Theodoritus,
2541 2885 2648 2925 nou
2681 2869 2845 2925 veluti
2866 2869 3104 2938 magistri
3144 2877 3234 2924 aut
3257 2868 3446 2931 Patres,
3474 2866 3563 2921 sed
3587 2873 3643 2922 ut

2133 2957 2472 3026 pmoitentes,
2504 2965 2558 3012 et
2588 2958 2918 3028 perniciosas
2957 2959 3238 3013 sententias
3260 2955 3565 3017 detestantes
3588 2955 3650 3014 de

474 3077 564 3130 τῆς
591 3070 640 3122 ίν
663 3042 933 3124 Χαλκηδόνι
972 3042 1210 3124 συνόδου,
1247 3065 1329 3117 καί
1367 3042 1752 3134 ὑπογράψαντες
1785 3060 1836 3112 ἐν
1859 3042 2026 3126 αὐτῷ,

2133 3045 2325 3134 quibus
2349 3044 2560 3101 fuerant
2582 3047 2839 3115 accusati,
2866 3057 3027 3118 atque
3065 3045 3406 3105 definitionem
3444 3042 3652 3105 Chalce-

472 3155 772 3226 ἐδέχθησαν.
808 3149 1002 3214 Ἐπειδὴ
1041 3151 1150 3213 ἔθος
1191 3153 1327 3207 ἐστίν
1367 3153 1418 3204 ἓν
1440 3159 1503 3222 τῇ
1537 3150 1764 3222 καθολικῇ
1793 3147 2028 3223 ἐκκλησίᾳ

472 3245 702 3305 ἅπαντας
729 3243 847 3305 τούς
872 3244 1153 3318 αἱρετικοὺς
1173 3248 1261 3301 τῆς
1287 3241 1462 3297 οἰκείας
1489 3239 1677 3298 πλάνης
1707 3239 2030 3312 ἀναχωροῦν-

473 3356 585 3396 τας.
607 3339 689 3388 καί
711 3335 835 3408 πρὸς
860 3337 950 3392 τήν
972 3329 1228 3408 ὀρθόδοξον
1251 3329 1540 3388 επανιόντας
1565 3332 1758 3392 πίστιν,
1785 3325 2030 3398 δεχθῆναι

474 3430 542 3488 είς
587 3429 860 3490 κοινωνίαν,
903 3427 964 3478 οὺ
1009 3428 1105 3496 μην
1155 3425 1220 3482 ὡς
1268 3418 1596 3478 διδασκάλους
1644 3425 1756 3478 τοῖς
1797 3415 2030 3491 πατράσι

474 3519 892 3593 συναριθμεῖσθαι.
934 3514 1079 3570 ὀθεν
1113 3515 1339 3574 καὶτοὺς
1376 3509 1550 3572 ἄλλους
1577 3511 1892 3570 άνατολικοὺς
1920 3511 2030 3566 ἔπι-

475 3609 730 3672 σκόπους,
773 3610 818 3662 οἳ
859 3627 990 3670 τινες
1032 3605 1296 3680 Νεστόριον
1338 3602 1642 3663 ἐκδικοῦντες
1685 3603 1922 3656 ἀντεῖπον
1966 3609 2027 3676 τῇ

474 3701 650 3774 πρώτῃ
695 3705 742 3754 ἰν
781 3697 964 3768 Ἐφέσῳ
1009 3695 1227 3767 συνόδῳ,
1255 3697 1336 3749 καί
1380 3703 1452 3766 τῷ
1490 3695 1538 3747 ἂν
1584 3694 1744 3764 ἁγίοις
1787 3693 2026 3767 Κυρίλλῳ,

469 3787 646 3851 ἔπειδή
672 3791 800 3860 μετά
837 3796 1006 3843 ταῦτα
1045 3787 1309 3861 Νεστόριον
1346 3788 1428 3840 καί
1483 3789 1568 3843 τήν
1595 3782 1880 3846 κακοδοξίαν
1907 3784 2026 3837 ἆνε-

475 3885 750 3953 9εμάτισαν
776 3887 864 3942 τὴν
896 3883 1074 3944 αὐτοῦ,
1104 3879 1298 3943 ίδέξατο
1325 3876 1350 3931 ό
1375 3879 1506 3931 κατά
1531 3875 1716 3943 Ῥώμην
1754 3875 2028 3936 ἀποστολι-

476 3973 560 4032 κός
587 3971 775 4046 θρόνος,
801 3973 888 4024 καί
907 3969 934 4024 ό
964 3969 1012 4022 ἐν
1039 3969 1199 4038 ἁγίοις
1223 3965 1470 4039 κύριλλος,
1496 3967 1578 4018 καί
1606 3961 1688 4019 διά
1715 3969 1867 4022 τοῦτο
1892 3965 1974 4020 καὶ
1998 3966 2031 4030 ἡ

473 4061 598 4136 ἆγία
620 4066 707 4120 τοῦ
735 4067 860 4117 Θεοῦ
890 4059 1128 4120 inimici
1150 4057 1357 4127 δέχεται
1384 4055 1586 4116 αὐτούς,

545 4331 636 4384 Καὶ
671 4336 819 4384 τοῦτο
863 4325 916 4383 δί
958 4331 1092 4400 ὑμᾶς
1129 4324 1304 4380 εἰδέναι
1341 4325 1628 4398 βουλόμεθα,
1655 4323 1732 4381 ὅτι
1775 4328 1834 4379 οὗ
1885 4323 2035 4395 μόνον.

2129 3133 2381 3196 donensis
2418 3137 2608 3208 synodi
2652 3137 2903 3208 amplexi,
2949 3139 3152 3208 ipsique
3189 3136 3579 3198 subscribentes,
3605 3133 3660 3188 in

2126 3239 2194 3284 ea
2231 3227 2434 3296 recepti
2470 3233 2622 3294 sunt;
2651 3242 2773 3282 cum
2811 3227 2865 3282 in
2911 3225 3154 3283 Ecclesia
3199 3225 3450 3282 catholica
3491 3225 3558 3279 sit
3597 3223 3648 3278 in

2127 3329 2282 3376 more
2311 3316 2541 3385 positum
2581 3315 2862 3373 haereticos
2903 3317 2994 3386 qui
3035 3317 3312 3388 proprium
3347 3320 3665 3371 exsecrentur

2127 3419 2366 3460 errorem
2387 3406 2454 3462 ad
2475 3405 2937 3476 orthodoxamque
2957 3404 3112 3463 fidem
3125 3413 3472 3469 revertantur,
3491 3400 3666 3477 suscipi

2128 3493 2184 3548 in
2211 3497 2664 3559 communionem,
2693 3509 2800 3550 non
2823 3503 3002 3550 autem
3031 3495 3194 3550 veluti
3219 3495 3492 3564 magistros
3513 3491 3668 3550 Patri-

2126 3584 2226 3639 bus
2253 3585 2644 3640 connumerari.
2667 3585 2852 3655 Itaque
2874 3585 3010 3643 alios
3051 3585 3212 3640 etiam
3256 3584 3538 3640 Orientales
3571 3580 3670 3652 epis

2127 3689 2340 3758 scapos,
2369 3689 2594 3744 quorum
2624 3675 2838 3745 quidam
2874 3689 2905 3730 a
2946 3674 3176 3731 Nestorii
3203 3675 3441 3745 partibus
3466 3681 3668 3738 stantes,

2127 3765 2294 3835 priori
2315 3763 2596 3834 Ephesium
2635 3763 2840 3836 synodo
2860 3773 3170 3834 sanctoque
3196 3763 3398 3836 Cyrillo
3431 3759 3669 3818 contradi-

2130 3862 2339 3920 xerant,
2387 3869 2508 3909 cum
2555 3861 2744 3923 postea
2796 3853 3079 3908 anathema
3120 3853 3384 3908 dixissent
3433 3849 3672 3914 Nestorio,

2129 3965 2494 4022 perversaque
2551 3951 2716 4020 ipsius
2769 3950 3070 4019 sententia),
3111 3950 3408 4020 apostolica
3458 3947 3675 4002 Romana

2129 4042 2286 4098 sedes
2304 4050 2628 4110 sanctusque
2647 4039 2877 4111 Cyrillus
2915 4039 2968 4094 in
3007 4039 3440 4094 communionem
3478 4049 3675 4104 recepe-

2131 4141 2276 4196 runt,
2309 4128 2475 4202 atque'
2494 4137 2780 4202 propterea
2807 4131 2875 4186 ab
2901 4138 3086 4186 sancta
3113 4128 3210 4184 Dei
3248 4126 3490 4184 Ecclesia
3513 4137 3678 4182 susces

2130 4223 2212 4295 pti
2225 4221 2609 4290 intelliguntur.

2203 4312 2262 4368 ld
2289 4320 2468 4371 autem
2489 4326 2521 4366 a
2539 4311 2691 4368 vobis
2717 4309 2878 4364 etiam
2905 4307 3252 4368 animadverti
3281 4307 3542 4378 cupimus,
3583 4317 3678 4359 non

475 4415 619 4480 Ἰϐας
671 4424 756 4474 καί
805 4417 1106 4492 Θεοδῶριτος
1153 4416 1236 4473 διά
1281 4420 1340 4473 τό
1384 4420 1631 4472 ἀντειπεῖν
1676 4423 1781 4475 τοῖς
1845 4412 2027 4470 δώδεκα

2133 4401 2282 4457 Ibam
2311 4409 2516 4458 tantum
2563 4408 2618 4454 et
2655 4397 3034 4460 Theodoritum
3063 4399 3469 4466 oboppugnata
3511 4391 3681 4448 duode-

475 4508 754 4582 κεφαλαίοις
786 4513 872 4562 τοῦ
903 4507 950 4558 ίν
985 4506 1144 4578 ἁγίοις
1189 4505 1422 4578 κυρίλλου
1443 4502 1768 4566 ἐξεϐλήθησαν
1804 4509 1894 4562 τῆς
1922 4503 2032 4557 im.

475 4607 688 4660 σκοπῆς.
727 4597 848 4652 ἀλλὰ
888 4599 971 4651 καί
994 4594 1229 4666 Δόμνοςὸ
1267 4593 1574 4664 ’Δντιοχείας
1623 4592 2030 4666 ἀρχιεπίσκοπος

475 4688 558 4745 διά
578 4696 726 4744 τοῦτο
751 4685 1101 4744 κατεδικάσθη.
1119 4688 1187 4744 ὡς
1209 4683 1411 4757 γράψας
1440 4682 1638 4754 ὀφείλειν
1663 4682 1810 4750 μόνον
1831 4700 2031 4736 σιωπηη

475 4783 614 4838 θῆναι
653 4781 718 4834 τά
761 4780 888 4833 αὐτά
927 4775 1118 4832 δώδεκα
1167 4775 1426 4848 κεφάλαια·
1472 4774 1531 4830 ἦν
1575 4792 1687 4826 τινα
1733 4771 2030 4846 κατάκρισιν

477 4873 602 4925 κατὰ
645 4871 830 4938 Δόμνου
878 4871 1156 4940 γενομένην,
1187 4869 1268 4922 καί
1305 4867 1436 4936 μετά
1480 4865 1686 4919 θάνατον
1730 4866 1890 4918 αὑτοῦ
1923 4865 1954 4921 ἡ
1979 4865 2032 4917 ίν

477 4956 740 5016 καλκηδόνι
765 4959 974 5018 σύνοδος
1013 4957 1217 5022 ίδίξατό
1254 4976 1308 5011 τε
1349 4958 1432 5010 καί
1471 4953 1789 5008 ἐϐεϐαίωσεν.
1837 4949 1950 5007 ὀτι
1976 4950 2030 5006 δέ

477 5053 626 5104 τοῦτο
653 5046 823 5106 ἀληθές
863 5049 993 5110 ἐστι,
1018 5051 1101 5105 καὶ
1127 5045 1282 5104 αὐτὸς
1321 5043 1627 5118 Θεοδὼριτος
1664 5043 1791 5118 πρὸς
1816 5039 2030 5100 Ἰωάννην

477 5138 560 5194 τόν
585 5139 904 5214 Γερμανικίας
928 5139 1202 5191 ἐπίσκοπον
1223 5142 1470 5210 μαρτυρεί
1483 5135 1684 5208 γράφων
1710 5132 1894 5191 οὕτως·
1930 5147 1950 5182 ε
1972 5133 2032 5186 Τί

476 5224 662 5286 δήποτε
690 5227 775 5280 καί
803 5233 1068 5298 προφανῶς
1092 5221 1382 5295 ψεύδονται,
1407 5226 1488 5279 καί
1519 5243 1646 5295 φασι
1683 5219 1924 5291 μηδεμίαν
1948 5240 2032 5292 γε·

475 5319 709 5392 ννῆσθαι
748 5320 867 5393 περί
909 5316 1072 5391 δόγμα
1121 5319 1464 5388 καινοτομίανς
1515 5315 1598 5371 διὰ
1639 5319 1816 5376 ποίους
1857 5315 2032 5388 φόνους

475 5410 560 5466 καί
585 5409 814 5482 γοητείας
843 5408 1070 5472 tamen»
1106 5407 1230 5480 ἕγὼζ
1259 5407 1286 5462 ό
1313 5405 1448 5463 δεῖνα
1468 5409 1603 5467 τίνας
1629 5407 1868 5478 μοιχείας
1893 5405 2031 5460 ἐτόλ-

472 5515 640 5572 μησες
668 5503 846 5561 ποίους
871 5498 899 5555 ὃ
921 5497 1049 5555 δεῖνα
1069 5499 1277 5572 διώρυξε
1301 5499 1512 5570 τάφουςς
1532 5495 1676 5556 δῆλόν
1696 5497 1804 5552 ἐστι
1821 5498 2031 5556 καὶτοῖς

477 5589 775 5664 βαρϐάροις·
805 5589 1078 5664 παρακαλῶ
1103 5583 1222 5656 (sic)
1247 5589 1312 5646 ὡς
1335 5584 1594 5657 δογμάτων
1620 5585 1776 5658 χάριν
1796 5584 1926 5654 κάμὲ
1949 5585 2029 5638 καί

478 5680 594 5739 τοὺς
616 5675 791 5741 ἄλλους
816 5679 1069 5744 ίξήλασαν.
1101 5679 1188 5733 Καὶ
1219 5679 1318 5750 γὰρ
1341 5675 1422 5732 τόν
1451 5678 1618 5750 κύριον
1644 5675 1840 5748 Δὸμνον,
1872 5675 1938 5734 ὠς
1963 5675 2030 5730 τά

2136 4493 2241 4548 cim
2268 4505 2332 4547 ea
2353 4491 2524 4569 sancti
2557 4489 2741 4560 Cyrilli
2777 4489 2953 4558 capita
2980 4485 3140 4544 fuisse
3167 4487 3236 4541 ab
3266 4487 3570 4558 episcopatu
3597 4481 3681 4536 de-

2129 4584 2322 4654 iectos,
2345 4599 2530 4638 verum
2557 4581 2822 4644 Domuum
2849 4595 3062 4655 quoque
3087 4579 3504 4634 Antiochensem
3528 4571 3683 4630 archi-

2134 4684 2440 4754 episcopum
2481 4679 2939 4740 condemnationis.
2989 4677 3213 4736 subiisse
3245 4675 3532 4744 judicium,
3569 4682 3683 4740 pro-

2135 4780 2324 4842 pterea
2369 4769 2517 4841 quod
2563 4767 2884 4838 scripsisset,
2931 4767 3182 4835 expedire
3210 4772 3271 4818 ut
3308 4760 3587 4819 duodecim
3627 4769 3684 4811 ea

2135 4860 2310 4930 capita
2336 4857 2547 4920 silentio
2566 4865 2958 4927 premerentur;
2995 4851 3142 4924 quod
3163 4851 3424 4922 judicium
3459 4851 3510 4904 in
3539 4849 3682 4902 Dom-

2135 4963 2264 5004 num
2293 4948 2616 5014 institutum,
2641 4945 2878 5017 synodus
2897 4941 3368 5006 Chalcedonensis,
3397 4955 3465 4996 eo
3490 4947 3684 5008 quoque

2135 5053 2168 5095 ο
2212 5039 2346 5094 vivis
2385 5038 2614 5104 sublato,
2653 5036 2918 5108 oprobavit
2963 5043 3126 5104 atque
3156 5032 3531 5093 confirmavit.
3569 5028 3683 5086 Hac

2133 5143 2296 5198 porro
2343 5126 2620 5183 verissima
2661 5141 2810 5192 esse,
2855 5135 3018 5196 atque
3058 5125 3133 5185 ita
3169 5121 3612 5193 quemadmodum
3651 5133 3682 5175 ιι

2133 5217 2288 5272 nobis
2315 5217 2556 5286 exposita
2582 5225 2728 5281 sunt,
2769 5230 2829 5270 se
2855 5214 3053 5270 habere
3097 5215 3323 5284 ipsemet
3349 5207 3685 5273 Theodori“!

2138 5315 2364 5364 testatur
2389 5307 2443 5362 in
2467 5307 2692 5378 epistola
2719 5306 2786 5362 ad
2811 5305 3070 5362 Joannem
3105 5305 3457 5361 Germanicis:
3495 5301 3684 5371 episcoo

2135 5415 2264 5471 pum
2285 5399 2397 5455 haec
2415 5399 2680 5455 scribens:
2699 5415 2718 5449 ι
2737 5396 2874 5464 Quid
2893 5397 3037 5452 enim
3061 5394 3267 5466 profani
3289 5394 3614 5450 mentiuntur
3631 5399 3685 5441 ac

2133 5490 2339 5556 dicunt,
2379 5489 2578 5544 nullam
2611 5487 2758 5544 circa
2798 5486 3048 5554 dogmata
3085 5501 3282 5540 novam
3333 5483 3530 5538 factam
3580 5490 3686 5533 esse

2132 5578 2454 5634 sectionem?
2473 5585 2697 5647 propter
2721 5591 2856 5646 quas
2881 5577 3056 5632 caedes
3087 5575 3265 5644 igitur,
3293 5573 3407 5628 sive
3435 5564 3686 5642 praestisia

2133 5670 2384 5742 exptdsus
2425 5682 2526 5740 ego
2571 5669 2727 5728 sum?
2771 5682 3032 5751 quasnam
3072 5666 3328 5725 mtechias
3373 5656 3684 5735 perpetravit
