3994 6140
397 304 535 374 1089

1119 254 1486 354 EPISTULA
1519 298 1919 360 ADVERSUS
1951 299 2430 362 THEODORUM
2465 295 2884 362 MOPSUEST.

3477 315 3615 384 1090

388 425 625 501 κεφάλαια
649 428 719 497 μὴ
758 423 1013 496 δεξάμενον
1045 426 1263 482 καθεῖλον
1294 426 1340 481 οε
1367 427 1620 499 βέλτιστοι
1658 423 1958 495 πανεύφημα

2066 418 2361 492 quispiam?
2383 438 2623 493 quamam
2653 425 2772 495 quis
2790 424 3033 495 sepulcra
3069 424 3364 496 pervertit?
3390 426 3483 482 sed
3509 442 3611 485 no-

386 523 552 575 ταῦτα
578 515 900 580 καλέσαντες,
934 518 1020 571 καί
1039 514 1263 588 ἐμμένειν
1290 519 1486 576 τούτοις
1529 514 1945 585 ὁμολογήσαντες.

387 608 507 676 Ἐγώ
529 608 629 679 γάρ
667 607 832 660 αὐτῶν
860 608 955 666 τὰς
981 608 1272 668 καταθέσεις
1302 609 1513 678 ἀνέγνων
1530 644 1545 669 ,
1574 607 1659 674 ἐμὲ
1687 602 1738 658 δέ
1764 607 1830 664 ὦς
1857 614 1947 665 τῆς

386 697 627 769 αἰρέσεως
644 682 868 771 ἴξαρχον
893 698 1227 771 ἀπεκήρυξαν.
1251 696 1330 751 Ἐκ
1352 699 1542 752 τούτων
1563 696 1731 750 τοίνυν
1753 694 1945 750 δείκνυ-

385 805 489 852 τιιιι⁹
517 780 593 840 ὅτι
620 776 705 840 διὰ
731 788 798 841 τά
823 787 1060 855 κεφάλαια
1080 795 1171 842 τοῦ
1199 789 1247 841 ἐν
1285 788 1446 861 ἀγίοις
1473 786 1703 863 κυρίλλου
1727 786 1792 841 τά
1819 787 1947 839 κατὰ

387 876 660 946 Νεστορίου
688 876 1013 948 προτεθέντα,
1044 881 1123 930 καὶ
1167 877 1370 950 Δόμνος,
1399 880 1481 930 καί
1515 877 1672 936 αὐτὸς
1705 874 1949 946 Θεοδώριο

388 983 496 1025 τος,
535 966 619 1016 καὶ
660 956 824 1028 Ἵϐας,
855 968 941 1019 καὶ
988 962 1125 1019 ἄλλοι
1165 970 1292 1026 τινές
1336 966 1683 1028 ἐξεϐλήθησαν·
1722 967 1807 1018 καὶ
1833 971 1953 1017 Θεο-

390 1048 595 1119 δώριτον
638 1057 748 1126 μέν,
777 1059 861 1108 καὶ
894 1052 1037 1109 ἰϐαν
1075 1058 1520 1127 μεταμεληθέντας,
1552 1059 1635 1110 καί
1661 1054 1952 1126 δεξαμένους

390 1136 456 1198 τᾶ
489 1143 885 1214 μνημονευθέντα
928 1145 1183 1216 κεφάλᾶια,
1212 1148 1297 1199 καί
1333 1148 1399 1198 τά
1441 1142 1585 1203 ἄλλα,
1613 1142 1676 1198 δι’
1695 1142 1728 1197 ἃ
1758 1143 1954 1205 ἐξεϐλή-

389 1231 565 1294 θησαν,
592 1231 622 1288 ἠ
650 1230 768 1302 ἁγία
799 1230 1005 1292 σύνοδος
1029 1235 1059 1290 ἡ
1087 1233 1136 1287 έν
1161 1231 1433 1290 Χαλκηδόνι
1477 1233 1695 1296 ἐδέξατο.
1726 1233 1784 1285 Oi
1816 1230 1955 1287 ἄλλοι

330 1340 339 1347 κ
391 1316 443 1373 δέ
485 1318 530 1371 οί
569 1322 639 1390 μή
679 1321 1094 1389 μεταμεληθέντες
1136 1323 1225 1374 ούκ
1260 1319 1577 1389 ἐδέχθησαν*
1608 1323 1637 1378 ἠ
1666 1319 1719 1374 δέ
1761 1321 1951 1390 Δόμνου

392 1410 683 1482 κατάκρισις
706 1410 789 1462 καί
813 1411 943 1479 μετά
968 1410 1173 1464 θάνατον
1199 1410 1353 1463 αὐτοῦ
1375 1409 1670 1466 ἐϐεϐαιώθη.

2055 520 2166 566 tum
2189 512 2318 584 ipsis
2345 526 2558 581 quoque
2587 511 2835 567 Barbaris
2855 522 2938 568 est
2960 522 3121 583 atque
3146 506 3506 584 perspicuum,
3525 531 3615 575 me

2054 584 2383 672 caeterosque
2421 603 2725 673 dogmatum
2758 620 2917 660 causa
2955 603 3117 661 fuisse
3151 604 3409 673 dejectos.
3460 605 3614 662 Enim

2053 709 2181 749 vero
2227 693 2497 748 dominum
2544 694 2704 748 etiam
2753 693 3036 761 Domuum,
3086 704 3335 763 tanquam
3384 697 3614 764 capitula

2053 796 2162 834 non
2186 781 2549 835 admittentem
2578 783 2917 849 expulerunt,
2958 797 3020 836 ea
3049 783 3192 837 omni
3242 783 3398 837 laude
3433 783 3614 851 digna,

2056 870 2241 937 optimi
2267 869 2341 922 illi
2362 878 2637 936 vocantes,
2658 884 2822 938 seque
2855 871 2906 924 in
2937 871 3020 924 his
3048 886 3420 940 permansuros
3453 872 3617 941 proli-

2057 963 2248 1010 tentes.
2278 954 2363 1010 Me
2405 964 2581 1010 autem
2611 958 2700 1023 qui
2732 958 2967 1024 ipsorum
3014 961 3419 1014 constitutiones
3465 961 3614 1029 lege-

2057 1062 2205 1112 rem,
2262 1055 2322 1101 ut
2377 1047 2640 1100 haereseos
2695 1047 2989 1115 principem
3085 1049 3413 1104 abdicarunt.
3458 1066 3478 1101 ε
3536 1049 3615 1104 Ex

2058 1137 2249 1205 quibus
2296 1129 2479 1205 aperte
2525 1135 2791 1203 colligitur
2853 1135 2922 1189 ob
2977 1138 3143 1191 sancti
3196 1136 3378 1208 Cyrilli
3440 1139 3614 1207 capita

2062 1226 2315 1279 adversus
2339 1224 2638 1278 Nestorium
2662 1225 2952 1293 prorosita,
2971 1234 3026 1280 et
3045 1225 3303 1281 Domuum
3326 1262 3341 1294 ,
3373 1237 3427 1282 et
3451 1226 3617 1284 Theo-

2059 1314 2304 1368 doretum
2335 1313 2524 1382 ipsum,
2556 1321 2611 1367 et
2637 1312 2799 1376 ibam,
2830 1322 2885 1366 et
2920 1316 3202 1369 nonnullos
3241 1323 3497 1385 prmterea
3525 1317 3617 1371 de-

2060 1403 2300 1457 turbatos
2326 1403 2542 1456 sedibus
2562 1402 2673 1456 suis
2699 1400 2880 1467 fuisse,
2906 1417 2968 1457 ac
2988 1403 3380 1459 Theodoretum
3405 1405 3614 1473 quidem

2058 1502 2112 1547 et
2174 1493 2317 1547 Ibam
2371 1492 2784 1562 resipiscentes,
2832 1501 2992 1560 atque
3037 1505 3328 1549 memorata
3383 1498 3616 1565 capitula

306 1600 309 1603 λ
392 1584 701 1658 probantes,
729 1602 793 1642 ac
808 1586 1014 1657 reliqua
1058 1588 1233 1643 omnia
1270 1603 1496 1657 quorum
1539 1601 1700 1643 causa
1746 1585 1856 1641 suis
1894 1583 2031 1656 pulsi
2068 1582 2280 1637 sedibus
2335 1581 2573 1648 fuerant,
2631 1596 2663 1635 a
2713 1592 2897 1636 sancta
2943 1582 3362 1641 Chalcedonensi
3414 1587 3619 1657 synodo

394 1677 555 1732 fuisse
594 1685 838 1746 receptos
887 1694 902 1730 :
945 1678 1164 1733 minime
1210 1693 1338 1733 vero
1388 1692 1484 1733 eos
1522 1679 1611 1748 qui
1651 1693 1760 1733 non
1810 1678 2185 1746 resipuerant:
2216 1672 2408 1728 Domni
2451 1688 2581 1728 vero
2619 1672 3119 1729 condemnationem
3153 1675 3311 1728 etiam
3332 1683 3453 1745 post
3472 1691 3619 1731 mor-

395 1774 503 1820 tem
523 1765 638 1835 ejus
664 1765 826 1821 fuisse
853 1764 1235 1821 conﬁrmatam.

463 1852 666 1914 Ἐπειδή
691 1854 743 1910 δέ
773 1855 1045 1930 ἐγράψατε,
1077 1854 1153 1911 ὅτι
1192 1859 1284 1916 τὰς
1333 1853 1594 1929 Θεοδώρου
1639 1856 1958 1927 βλασφημίας

2135 1844 2266 1904 Cum
2290 1856 2466 1903 autem
2494 1847 2814 1916 scripseritis
2856 1847 3058 1917 pariter
3098 1849 3363 1905 exsecrari
3402 1863 3434 1903 ο
3470 1850 3619 1907 vobis

394 1948 490 2007 τάς
535 1944 660 2020 παρ’
683 1948 821 2016 ἡμῶν
853 1945 1161 2017 πεμφθείσας
1188 1946 1304 2013 ύμῖν
1330 1947 1730 2034 ἀναθεματίζετε.
1752 1943 1802 1998 εἴ
1825 1965 1959 2004 τινος

398 2030 457 2089 ἂν
484 2029 627 2103 ὦσιν,
647 2035 797 2089 αὐτόν
817 2032 869 2087 δέ
891 2031 1146 2106 Θεόδωρον
1167 2029 1475 2103 ἀμφεϐἀλετε
1497 2033 1854 2104 ἀναθεματίσαι
1874 2030 1958 2086 διά

399 2129 455 2182 τό
481 2125 575 2185 ἠδη
600 2126 998 2201 προτελευτῆσαι
1023 2125 1169 2179 αὐτὸν
1195 2125 1241 2176 ἐν
1273 2131 1334 2197 τῇ
1381 2127 1623 2197 κοινωνίᾳ,
1650 2126 1717 2184 ὡς
1745 2125 1955 2194 λέγεται,

328 2210 337 2221 ’
399 2222 498 2269 τῶν
534 2216 821 2278 ἐκκλησιῶν,
846 2217 1110 2285 γινώσκετε
1134 2209 1223 2283 [Γ.
1246 2228 1395 2282 εαρρ.
1428 2210 1528 2282 ὅτι]
1569 2208 1614 2267 οἶ
1640 2214 1862 2285 λέγοντες
1889 2218 1959 2285 μή

399 2305 501 2368 ἐξὸν
518 2298 641 2357 εἶναι
658 2299 907 2381 Θεόδωρον
923 2302 1390 2372 ἀναθεματίζεσθαι,
1404 2301 1523 2356 ἀλλά
1540 2309 1647 2362 τοῖς
1666 2302 1959 2362 ἐπισκόποις

402 2395 832 2468 συναριθμεῖσθαι,
862 2386 1031 2451 ἐπειδή
1057 2394 1108 2446 ἐν
1132 2399 1195 2467 τῇ
1232 2397 1478 2465 κοινωνίᾳ,
1506 2394 1664 2452 καθὼς
1707 2395 1957 2468 εἰρήκατε,

400 2491 494 2543 τῆς
541 2483 805 2542 ἐκκλησίας
846 2481 1193 2549 ἐτελεύτησεν,
1224 2482 1497 2553 ὀφείλουσιν
1518 2486 1601 2537 καί
1639 2480 1828 2536 Ἰούδαν
1855 2489 1960 2542 τοῖς

401 2568 703 2633 ἀποστόλοις
747 2573 1065 2646 συναριθμεῖν
1115 2571 1198 2625 τὸν
1243 2573 1311 2631 ὡς
1352 2571 1578 2641 ἐνόμισεν
1622 2571 1832 2626 λαθόντα
1878 2571 1960 2626 τόν

402 2664 706 2733 γινώσκοντα
746 2661 811 2714 τά
852 2660 1054 2733 κρυπτά
1085 2668 1187 2714 τῶν
1231 2660 1500 2733 ἀνθρώπων
1544 2662 1685 2724 Θεὸν,
1708 2663 1794 2714 καί
1834 2662 1962 2732 μετά

403 2754 502 2806 τῶν
530 2748 687 2807 ἄλλων
713 2745 945 2823 μαθητῶν
968 2752 1217 2805 κοινωνίαν
1241 2749 1500 2821 δεξάμενον
1523 2752 1611 2805 ἀπ’
1632 2754 1806 2807 αὐτοῦ’
1841 2750 1961 2807 ὅσον

402 2843 501 2916 γάρ
528 2840 638 2903 ἧκεν
663 2844 735 2901 εἰς
777 2841 897 2901 τούς
936 2846 1106 2896 ταῦτα
1143 2839 1399 2911 λέγοντας,
1423 2840 1660 2911 μέμψεώς
1686 2843 1810 2907 εἰσιν
1837 2839 1962 2903 ἄξιοι

397 2935 487 2989 ’καί
514 2930 559 2986 οί
585 2928 854 2986 ἀπόστολοι
878 2932 924 2985 οἱ
946 2933 1074 3002 μετά
1100 2932 1187 2985 τὸν
1229 2934 1381 2987 αὐτοῦ
1418 2934 1621 2987 θάνατον
1652 2930 1811 3002 ψῆφον
1854 2932 1963 2987 κατ’

404 3022 567 3076 αὐτοῦ
598 3019 979 3094 προαγαγόντες,
1003 3023 1382 3093 κατακρίναντες
1410 3021 1576 3083 αὐτὸν,
1602 3023 1688 3074 καί
1713 3023 1783 3081 εἰς
1813 3021 1961 3075 τόπον

405 3109 561 3163 αὐτοῦ
600 3105 744 3162 όίΑλον
786 3108 1252 3180 ἀντεισαγαγόντες.
1294 3112 1383 3162 Καὶ
1414 3109 1563 3164 πάλιν
1590 3108 1759 3168 ἐπειδὴ
1785 3112 1833 3164 έν
1858 3118 1964 3171 τοῖς

2058 1953 2153 1994 eas
2179 1936 2445 1992 Theodori
2468 1936 2847 2008 blasphemias,
2867 1952 2997 2005 quas
3023 1938 3087 1993 ad
3116 1954 3213 1993 vos
3239 1940 3338 2010 ipsi
3373 1941 3618 1995 transmi-

2061 2028 2250 2091 simus,
2278 2028 2639 2095 cujuscunque
2667 2027 2770 2080 illae
2796 2027 2938 2081 sint:
2971 2026 3252 2084 Theodoro
3296 2044 3458 2098 porro
3492 2045 3617 2086 ana-

2059 2116 2236 2170 thema
2264 2115 2444 2169 dicere
2472 2115 2747 2179 dubitetis,
2775 2116 2919 2184 quod
2951 2115 3062 2184 jam
3088 2119 3200 2185 ipse
3227 2117 3297 2172 sit
3338 2119 3392 2172 in
3431 2117 3609 2176 Eccle-

2059 2203 2279 2269 siarum,
2310 2211 2371 2257 ut
2389 2202 2602 2272 dicitur,
2624 2205 2999 2259 communione
3019 2217 3402 2273 praemortuus:
3431 2209 3619 2265 scitote

2061 2304 2183 2345 eum
2206 2291 2297 2359 qui
2319 2290 2515 2345 dixerit
2543 2291 2761 2345 minime
2793 2290 3129 2347 Theodorum
3181 2295 3619 2352 anathematizan'

2059 2371 2242 2447 licere,
2272 2378 2367 2433 sed
2407 2379 2671 2449 episcopis
2716 2395 2835 2435 esse
2877 2381 3351 2448 aduumerandum,
3393 2386 3463 2439 ob
3501 2399 3619 2445 eam

2059 2480 2295 2539 causam,
2325 2466 2488 2534 quod,
2526 2474 2585 2521 ut
2616 2468 2933 2533 asseruistis,
2981 2469 3036 2523 in
3082 2467 3331 2524 Ecclesia
3380 2485 3617 2526 commu~

2060 2556 2221 2610 nione
2256 2555 2581 2619 decesserit,
2632 2570 2754 2611 eum
2790 2557 2990 2627 pariter
3038 2565 3093 2612 et
3136 2556 3323 2612 Judam
3361 2574 3519 2629 posse
3564 2561 3618 2619 in

2060 2643 2425 2712 apostolorum
2452 2658 2730 2698 numerum
2752 2646 3032 2710 asciscere,
3066 2646 3153 2714 qui
3179 2647 3369 2712 latens,
3392 2655 3450 2702 et
3466 2659 3622 2706 notua

2060 2734 2231 2789 solum
2253 2735 2606 2803 perscrutanti
2631 2734 2860 2790 humana
2893 2744 3102 2791 secreta
3134 2736 3262 2802 Deo,
3292 2736 3391 2792 fuit
3415 2739 3482 2793 ab
3508 2739 3622 2808 ipso

2061 2837 2183 2877 cum
2211 2823 2415 2877 caeteris
2434 2822 2706 2893 discipulis
2738 2823 2804 2877 ad
2848 2825 3277 2880 communionem
3325 2827 3623 2895 admissus;

2061 2926 2185 2966 nam
2218 2910 2370 2980 juxta
2406 2911 2461 2966 id
2487 2913 2632 2981 quod
2686 2914 2885 2969 sentire
2939 2913 3055 2969 hmo
3099 2915 3304 2972 aientes
3353 2917 3621 2983 videntur,

2061 2999 2203 3068 digni
2225 3001 2640 3070 reprehensione
2665 3013 2790 3057 sunt
2823 3004 3050 3073 apostoli
3086 3019 3317 3074 quoque,
3357 3009 3449 3077 qui
3498 3018 3621 3078 post

2064 3097 2292 3143 mortem
2327 3089 2461 3157 ejus,
2509 3089 2761 3159 suffragio
2808 3092 3060 3147 adversus
3107 3092 3281 3161 ipsum
3323 3094 3451 3162 lato,
3501 3111 3622 3154 eum

405 3194 566 3269 ἐιγίοις
604 3196 905 3267 εὐαγγελίοις
948 3196 1004 3250 τὸ
1051 3193 1208 3266 ὄνομα
1254 3198 1408 3251 αὐτοῦ
1445 3200 1631 3270 μεταξύ
1677 3206 1773 3251 τῶν
1809 3197 1963 3253 ἄλλων

2066 3174 2558 3230 condemnaverunt
2594 3176 2862 3244 aliumque
2901 3179 2957 3232 in
2998 3179 3170 3232 locum
3197 3179 3311 3248 ejus
3338 3182 3623 3241 substitue-

406 3285 700 3337 ἀποστόλων
725 3284 1128 3354 ἀναγινώσκεται,
1157 3289 1226 3355 μή
1270 3282 1369 3360 ἄρα
1408 3286 1461 3337 ἐκ
1490 3283 1674 3340 τούτου
1698 3285 1729 3344 ἦ
1751 3289 1815 3344 ὡς
1839 3289 1968 3342 ἀπό-

408 3370 586 3431 στολος
639 3369 880 3441 δέχεται,
926 3371 957 3428 ἦ
994 3379 1084 3430 τῆς
1128 3374 1477 3442 κατακρίσεως
1522 3381 1613 3429 τοῦ
1659 3376 1967 3446 ἀναθέματος

407 3455 607 3534 ῶφειλεν
651 3460 1052 3525 ἐλευθερωθῆναι.
1108 3471 1393 3517 ιατανοεῑτε
1435 3466 1599 3518 τοίνυν
1647 3462 1728 3520 ὅτε
1787 3467 1968 3528 ἐκεῖνος

408 3551 612 3624 τελευτᾷ
659 3552 708 3606 ἐν
840 3555 1063 3626 κοινωνίᾳ
1088 3559 1188 3606 τῶν
1232 3553 1518 3618 ἐκκλησιῶν,
1550 3553 1689 3613 ὃτήν
1716 3555 1966 3631 όρθόδοξον

409 3644 579 3697 πίστιν
604 3641 764 3714 μέχρι
790 3642 1005 3715 πέρατος
1029 3650 1113 3702 τῆς
1146 3643 1326 3701 οἰκείας
1354 3646 1485 3707 ζωῆς
1512 3644 1751 3716 φυλάξας.

475 3820 567 3873 lui
586 3821 684 3894 γάρ
709 3818 753 3874 εί
775 3822 858 3874 καί
881 3828 1193 3890 Μανιχαῖος,
1224 3820 1254 3879 ἦ
1279 3816 1544 3894 ’Δρειανὸςν
1566 3821 1598 3882 ἦ
1616 3826 1966 3897 Νεστοριανίς,

408 3907 438 3968 ἣ
462 3909 889 3979 Εὔτυχεανιστῆς,
919 3910 950 3970 ἢ
976 3908 1121 3972 ἄλλος
1144 3909 1241 3973 οἶος
1265 3903 1351 3967 οὖν
1370 3914 1642 3988 αίρετικός,
1669 3915 1700 3974 ἦ
1728 3917 1968 3992 Ἑλληνικῇ

410 4001 562 4075 μανίᾳ
588 4002 921 4075 κρατούμενος
948 4002 1068 4074 λάθῃ
1089 4010 1322 4059 κοινωνῶν
1357 4013 1420 4078 τῇ
1458 4006 1713 4079 ἐκκλησίᾳ,
1738 4010 1818 4061 καί
1838 4007 1971 4064 οὕτω

411 4088 716 4162 τελευτήσῃ,
745 4094 829 4146 και
866 4091 993 4165 μετά
1036 4091 1243 4146 θάνατον
1269 4090 1300 4151 ἧ
1328 4094 1379 4146 ἐκ
1415 4099 1513 4146 τῶν
1559 4097 1973 4169 συγγραμμάτων

410 4182 583 4245 αὐτοῦ,
610 4179 641 4240 ἦ
666 4180 774 4235 καθ’
794 4181 959 4254 ἕτερον
1006 4178 1194 4257 τρόπον
1232 4182 1483 4256 αίρετικὸε
1511 4179 1635 4238 εἶναι
1657 4192 1803 4258 φανῇ,
1833 4182 1972 4257 ὅμως

411 4268 500 4320 ούκ
538 4267 591 4320 ἐκ
626 4269 805 4324 τούτου
835 4270 865 4325 ἡ
893 4267 1143 4341 ὀρθόδοξος
1180 4267 1456 4342 βλάπτειῶι
1497 4272 1700 4335 πίστις.
1727 4271 1758 4330 ἦ
1784 4274 1972 4333 ἐκεῖνος

411 4355 753 4428 ἐλευθεροῦται
792 4361 883 4416 τῆς
922 4359 1279 4432 κατακρίσεως,
1310 4358 1354 4411 εί
1402 4356 1487 4429 [In
1515 4356 1638 4427 cod.
1667 4357 1719 4429 ᾖ]
1742 4361 1790 4413 ἐν
1817 4367 1879 4435 τῇ
1900 4363 1973 4415 εἰ·

414 4447 535 4517 ρηνη
580 4451 678 4499 τῶν
718 4445 988 4504 ἐκκλησιῶν
1042 4446 1240 4520 λέγεται
1284 4448 1606 4508 τελευτῆσαι·
1649 4453 1729 4502 καὶ
1765 4457 1971 4519 γενικῶς

2065 3270 2206 3315 runt.
2234 3259 2517 3327 Pmterea,
2548 3274 2668 3316 cum
2697 3278 2890 3318 nomen
2920 3265 3083 3334 ipsius
3121 3263 3175 3317 in
3210 3269 3410 3322 sanctis
3444 3267 3623 3325 Evan-

2065 3348 2216 3417 geliis
2235 3348 2443 3416 legatur
2468 3349 2608 3403 inter
2631 3358 2852 3405 caeteros
2880 3355 3175 3423 apostolos,
3203 3371 3308 3410 non
3338 3365 3517 3413 tamen
3543 3358 3623 3414 id-

2066 3439 2209 3494 circo
2227 3479 2242 3504 ,
2265 3438 2350 3493 vel
2377 3446 2438 3493 ut
2464 3439 2736 3509 apostolus
2754 3440 3032 3509 recipitur,
3058 3444 3143 3497 vel
3179 3445 3371 3500 exinde
3405 3447 3625 3502 anathe-

2066 3528 2222 3583 matis
2245 3528 2444 3596 judicio
2471 3529 2645 3598 potuit
2670 3528 2901 3583 liberari.
2942 3529 3032 3586 Sic
3065 3533 3225 3601 igitur
3258 3534 3469 3603 habete,
3492 3552 3622 3593 eum

2065 3620 2121 3674 in
2172 3617 2532 3674 Ecclesiarum
2584 3618 2957 3675 communione
2999 3620 3278 3689 decedere,
3327 3625 3418 3694 qui
3463 3623 3624 3680 iidem

2068 3708 2387 3764 catholicam
2406 3708 2475 3763 ad
2494 3716 2721 3763 mortem
2746 3722 2918 3778 usque
2946 3710 3201 3766 illibatam
3219 3714 3548 3771 custodierit.

2136 3816 2441 3885 Enimvero,
2495 3818 2540 3873 si
2569 3817 2890 3875 Manichmus
2932 3820 3214 3891 quispiam,
3253 3823 3340 3879 vel
3376 3824 3622 3894 Arianae,

2068 3910 2181 3966 sive
2203 3908 2568 3976 Nestoriauus,
2610 3908 2693 3964 vel
2726 3907 3111 3982 Eutychianus,
3137 3920 3232 3968 aut
3275 3914 3410 3970 alius
3447 3916 3626 3986 cujus-

2069 4014 2279 4070 cunque
2340 4000 2551 4068 generis
2596 3999 2878 4056 haereticus
2933 4001 3018 4056 vel
3069 4000 3376 4061 Grecorum
3424 4007 3624 4061 insania

2070 4101 2285 4163 captus,
2337 4089 2587 4146 Ecclesia:
2623 4090 3022 4147 communicans
3061 4092 3282 4159 vixerit,
3326 4102 3488 4164 atque
3523 4095 3630 4154 hoc

2070 4182 2232 4239 modo
2259 4180 2566 4245 decesserit,
2587 4188 2710 4249 post
2728 4187 2956 4236 mortem
2984 4189 3162 4237 autem
3188 4184 3273 4238 vel
3313 4198 3380 4239 ex
3420 4187 3632 4256 scriptis

2072 4270 2210 4339 ejus,
2234 4268 2321 4325 vel
2346 4268 2450 4323 alia
2474 4267 2661 4337 quavis
2685 4268 2894 4323 ratione
2922 4268 3205 4326 hereticus
3240 4269 3405 4328 fuisse
3442 4273 3633 4344 depre-

2072 4358 2360 4422 hendatur,
2426 4357 2558 4412 nihil
2610 4364 2790 4413 tamen
2838 4358 3100 4415 catholica
3150 4361 3282 4417 ﬁdes
3331 4362 3633 4422 detrimenti

2072 4448 2235 4518 capit,
2264 4460 2438 4515 neque
2459 4448 2573 4516 ipse
2592 4453 2875 4519 propterea
2904 4463 2934 4502 a
2973 4449 3416 4507 condemnatione
3443 4453 3633 4509 libera-

413 4530 585 4588 θῦδένα
603 4541 700 4589 τῶν
724 4535 984 4607 αίρετικῶν
1004 4536 1213 4595 θάνατος
1238 4537 1292 4589 ἐκ
1319 4543 1411 4595 τῆς
1435 4541 1554 4609 περὶ
1578 4544 1666 4595 τῆς
1688 4535 1963 4601 κακοδοξίας

2074 4546 2181 4604 tur,
2211 4534 2352 4606 quod
2380 4535 2435 4589 in
2459 4532 2815 4590 Ecclesiarum
2842 4550 2974 4605 pace
2999 4535 3208 4593 dicatur
3233 4538 3552 4606 decessisse;
3574 4555 3635 4596 ac

415 4620 571 4677 αὐτοῦ
609 4625 951 4696 κατακρίσεως
980 4624 1251 4696 ἐλευθεροῖο
1282 4624 1463 4694 μᾶλλον
1490 4627 1579 4682 ιεέν
1606 4620 1692 4678 οὖν
1718 4621 1800 4681 διά
1825 4632 1974 4683 τοῦτο

415 4710 750 4779 καταδικάζει,
776 4711 854 4768 ὅτι
879 4716 978 4778 ζῶν
994 4715 1052 4769 ού
1077 4715 1398 4786 μετεμελήθη.

483 4978 599 5039 ὀτι
622 4980 676 5038 ὂέ
706 4984 753 5037 οἶ
776 4983 1014 5059 αίρετικοί
1043 4982 1088 5038 οί
1116 4981 1166 5040 ἐν
1281 4989 1382 5059 ζωῇ
1422 4989 1583 5043 αὐτῶν
1610 4993 1679 5058 μη
1705 4989 1979 5059 μεταμελη-

415 5076 602 5145 θέντες,
628 5080 710 5131 καὶ
736 5078 862 5146 μετά
897 5077 1100 5133 θάνατον
1146 5081 1525 5152 κατεκρίθησαν,
1554 5082 1607 5134 ἐκ
1649 5082 1842 5135 πολλῶν
1878 5080 1981 5134 δεί-

417 5185 615 5224 κνυται’
641 5172 723 5223 καί
741 5169 974 5239 Εύνόμιος
998 5167 1602 5245 γάρνκαιἉπολλινάριος,
1626 5175 1710 5226 καί
1729 5173 1974 5238 Βόνωσος,

412 5260 507 5317 καί
541 5260 591 5317 ἐν
630 5267 735 5320 τοῖς
778 5260 1134 5333 ἀρχαιοτὲροις
1161 5279 1363 5332 χρονοις
1390 5252 1737 5327 Οὓαλιντῖνος,
1764 5262 1981 5316 Βασιλεί-

417 5350 527 5411 8ης.
580 5354 844 5426 Μαρκίων,
892 5355 970 5404 καί
1013 5353 1257 5426 Κήρινθος,
1308 5354 1392 5404 καί
1438 5349 1571 5405 ἄλλοι
1614 5354 1784 5407 πολλοί
1825 5355 1872 5407 ἐν
1918 5363 1979 5429 τῇ

416 5443 574 5514 obesi;
599 5445 702 5515 ζωῇ
736 5446 804 5509 μή
832 5442 1312 5512 ἀναθεματισθέντες.
1340 5444 1470 5513 μετά
1507 5443 1710 5497 θάνατον
1755 5449 1981 5518 κατεκρί-

416 5534 594 5594 θησαν,
619 5535 702 5586 καί
721 5533 821 5586 ύπὸ
842 5538 932 5591 τῆς
952 5532 1210 5592 καθολικῆς
1230 5530 1487 5593 ἐκκλησίας
1513 5535 1975 5603 ἀναθεματίζονταε,

420 5619 590 5678 ἐπειδή
616 5626 664 5674 ἐν
691 5629 753 5695 τῇ
799 5624 953 5696 οἰκείᾳ
994 5620 1154 5695 πλάνη
1195 5624 1521 5681 ἐτελεύτησαν
1563 5624 1735 5697 ὥσπερ
1764 5626 1811 5682 ei
1841 5629 1891 5680 ἐν
1915 5634 1977 5703 τῇ

423 5709 525 5786 ἐόίᾳ
555 5714 657 5787 ζωῇ
685 5710 867 5774 ἀδίκως
893 5707 1285 5788 κατακριθέντες,
1324 5717 1452 5787 μετά
1491 5716 1704 5773 θάνατον
1749 5717 1848 5774 ύπὸ
1886 5727 1977 5782 τῆς

823 5944 831 5971 l

2077 4641 2262 4683 revera
2292 4639 2623 4695 nequaquam
2652 4625 2898 4679 interitus
2943 4626 3220 4682 haereticos
3256 4642 3286 4681 a
3311 4628 3635 4683 condemna-

2080 4715 2238 4770 tionis
2260 4714 2480 4782 judicio,
2521 4714 2659 4783 quod
2685 4728 2936 4783 perversa
2970 4729 3156 4769 eorum
3196 4708 3508 4771 commerita
3556 4725 3634 4772 est

2079 4813 2333 4882 Opinatio,
2367 4811 2576 4877 liberat,
2601 4811 2837 4880 quinimo
2867 4813 3043 4880 potius
3068 4812 3152 4866 vel
3193 4814 3263 4868 ob
3308 4813 3413 4868 hoc
3439 4815 3634 4884 ipsum,

2080 4901 2219 4973 quod
2233 4901 2470 4953 viventes
2484 4915 2590 4953 non
2617 4900 2953 4967 resipuerint,
2979 4902 3174 4969 justius
3193 4902 3635 4959 condemnantur.

2151 4990 2327 5045 Multis
2348 4996 2524 5043 autem
2553 4989 2606 5042 id
2633 4989 2801 5058 ipsum
2832 4988 3137 5047 conﬁrmari
3157 5000 3334 5061 potest
3358 4994 3636 5063 exemplis,

2082 5078 2363 5132 hmreticos
2384 5075 2649 5142 videlicet,
2673 5076 2763 5145 qui
2790 5078 2914 5131 dum
2952 5078 3213 5145 viverent,
3254 5080 3321 5134 ad
3357 5080 3637 5135 sanitatem

2082 5167 2281 5220 reversi
2309 5181 2415 5218 non
2443 5173 2585 5233 sunt,
2614 5174 2736 5234 post
2762 5174 2988 5221 mortem
3031 5167 3195 5223 fuisse
3233 5170 3636 5226 condemnatos.

2082 5255 2374 5311 Eunomius
2401 5256 2565 5320 enim,
2592 5264 2647 5309 et
2672 5256 3049 5325 Apollinarius,
3090 5267 3146 5312 et
3169 5258 3433 5325 Bonosus,
3463 5276 3528 5315 ac
3547 5277 3634 5316 su-

2081 5355 2374 5426 perioribus
2396 5355 2719 5424 temporibus
2739 5354 3067 5421 Valentinus,
3086 5355 3361 5422 Basilides,
3384 5358 3636 5427 Marcion,

2085 5453 2141 5501 et
2180 5444 2484 5507 Cerinthus,
2525 5447 2720 5514 aliique
2767 5447 3033 5514 permulti,
3077 5448 3167 5513 qui
3218 5449 3637 5505 anathematibus

2083 5535 2206 5589 dum
2231 5536 2493 5603 viverent,
2539 5536 2762 5602 subjecti
2820 5552 2924 5590 non
2972 5535 3200 5601 fuerant,
3248 5545 3370 5606 post
3410 5548 3637 5595 mortem

2083 5623 2315 5678 damnati
2340 5631 2481 5691 sunt,
2509 5629 2670 5693 atque
2698 5624 2764 5677 ab
2784 5621 3024 5678 Ecclesia
3047 5624 3309 5678 catholica
3331 5625 3634 5683 anathema-

2083 5714 2330 5777 tizantur,
2350 5721 2636 5783 propterea
2657 5712 2798 5783 quod
2827 5712 2880 5767 in
2905 5712 3012 5770 suis
3036 5713 3308 5771 erroribus
3333 5712 3437 5768 vita
3463 5711 3638 5768 functi
