3954 6146
433 358 565 426 ιιιο3

475 469 840 535 ’ἀποδείξαντες
895 472 948 527 δὲ
1012 473 1088 528 ὅτι
1139 475 1189 526 ἒν
1248 483 1358 534 τοῖς
1409 473 1724 546 προλαϐοῦσι
1773 475 1975 548 χρόνοις
2007 481 2046 534 Λ

412 565 597 640 ὡρίσθη
619 565 760 638 παρά
781 571 880 618 τῶν
906 563 1059 634 ἁγίων
1088 567 1324 638 πατέρων
1354 573 1544 640 χρῆναι
1571 568 1655 618 καί
1673 569 1800 636 μετὰ
1821 565 1976 621 θοίνα-

413 674 496 711 τω
515 655 946 725 άναθεματίζεσθαι
971 657 1086 714 τοὺς
1126 654 1222 708 εἴτε
1253 659 1324 716 εἰς
1350 661 1548 723 πίστιν,
1577 655 1674 711 εἴτε
1713 661 1782 716 εἰς
1826 657 1976 712 κανὸ-

413 765 496 804 ut:
523 743 940 814 ἁμαρτήσαντας,
973 745 1084 814 άνατ
1098 752 1242 800 καῖον
1271 741 1390 798 εἶναι
1416 745 1702 815 συνείδομεν
1729 749 1813 800 καί
1836 749 1901 801 τά
1928 749 1975 799 ἐν

410 843 511 894 τοῖς
547 836 804 908 ἡμετέροις
833 833 1037 906 χρόνοις
1066 834 1304 905 γενόμενοι
1345 840 1478 889 πᾶσι
1507 833 1628 893 δῆλα
1656 844 1976 893 καταστῆσαι

409 927 536 998 πρὶς
562 926 810 998 ἀναίρεσιν
836 925 1004 982 πάσης
1031 925 1256 996 ἀφορμῆς
1279 931 1376 978 τῶν
1403 929 1521 985 τοὺς
1547 934 1811 1000 προφανεῖς
1838 928 1975 998 αἱρε-

407 1015 594 1073 τικούς,
614 1015 697 1065 καί
717 1017 806 1070 τὴν
825 1016 1017 1067 τούτων
1038 1013 1278 1066 άσὲἔέειαν
1303 1011 1644 1068 ἐκδικούντων.
1672 1015 1974 1087 Λαυρέντιον

408 1103 501 1176 γὰρ
523 1142 537 1162 ,
581 1105 663 1156 καί
689 1104 976 1176 Διὸσκορον,
1019 1105 1140 1162 τοὺς
1169 1105 1216 1156 ἐν
1243 1102 1490 1177 διαςὸροις
1513 1105 1724 1178 ’χρόνοις
1755 1111 1842 1164 τήν
1877 1113 1968 1162 τοῦ

405 1191 733 1246 ἀποστολικοῦ
759 1191 936 1266 θρόνου
966 1195 1239 1265 ἱερωσύνην
1265 1193 1693 1266 ὑφαρπάσαντας,
1724 1200 1767 1250 εἰ
1793 1201 1874 1251 καί
1897 1203 1967 1268 μή

405 1280 474 1336 εἰς
514 1282 685 1334 πίστιν
724 1282 976 1353 ἥμαρτον,
1019 1282 1122 1335 ἀλλ’
1164 1277 1248 1333 οὖν
1289 1281 1458 1340 ἐπειδὴ
1504 1287 1634 1337 κατὰ
1665 1283 1966 1360 περιδρομὴν

407 1367 732 1422 ἐσπούδασαν
755 1377 846 1429 τῆς
875 1372 1152 1430 ἐπισκοπῆς
1177 1371 1495 1424 ἐπιλαϐέσθαι
1513 1410 1528 1434 ,
1557 1374 1684 1438 μετὰ
1708 1375 1910 1428 θάνατον
1939 1375 1964 1429 ὃ

407 1455 734 1517 ἔεποστοληιός
755 1458 924 1531 θρόνος
953 1461 1216 1531 κατέκρινε,
1243 1461 1328 1512 καί
1351 1459 1712 1524 άνεθεμάτισεν.

1167 345 1528 405 EPISTULA
1571 345 1964 409 ADVERSUS
2001 344 2479 409 THEODORUM
2520 349 2932 415 MOPSUEST.

2147 477 2278 530 Cum
2307 489 2485 533 autem
2507 483 2904 540 ostenderimus
2932 485 3092 542 fuisse
3118 487 3401 556 praeteritis
3429 498 3638 564 tempo-

2081 567 2226 622 ribus
2255 583 2286 620 a
2315 573 2512 625 sanctis
2540 570 2786 627 Ecclesia:
2809 574 3054 632 Patribus
3077 579 3192 646 lege
3212 581 3494 650 sancitum,
3517 572 3643 652 post

2081 670 2308 714 mortem
2338 663 2518 728 etiam,
2561 679 2653 719 eos
2679 667 2767 735 qui
2797 668 2882 720 vel
2910 677 3096 724 contra
3137 671 3311 737 tidem,
3344 671 3430 726 vel
3457 672 3652 730 advera

2079 761 2168 800 sus
2179 747 2426 805 Ecclesia:
2445 766 2680 807 canones
2698 757 3007 824 erraverint,
3026 760 3458 816 anathematizari
3479 777 3639 832 opor-

2081 848 2196 894 tere
2222 859 2234 892 :
2273 845 2632 896 necessarium
2662 847 2860 913 pariter
2888 864 3003 903 esse
3031 853 3378 920 prospicimus
3405 867 3470 907 ea
3499 867 3636 921 quo--

2079 941 2183 994 que
2211 943 2327 996 quae
2357 940 2536 983 nostra
2581 933 2682 987 hac
2726 943 2883 988 artate
2915 935 3055 990 facta
3105 947 3230 992 sunt
3255 940 3502 995 omnibus
3531 957 3638 994 ma-

2071 1017 2264 1070 nifesta
2309 1019 2656 1084 constituere,
2712 1028 2768 1073 ut
2810 1023 2983 1076 omnis
3011 1025 3226 1079 tollatur
3253 1027 3630 1089 contradictio,

2071 1123 2188 1175 quae
2215 1123 2244 1160 a
2273 1107 2616 1178 profanorum
2647 1111 3038 1176 hazreticorum,
3069 1113 3412 1184 ipsorumque
3441 1116 3634 1186 impie-

2073 1197 2196 1248 tatis
2236 1196 2722 1264 patrocinatorihus
2771 1199 2940 1266 possit
2990 1200 3234 1254 excitari.
3287 1201 3632 1260 Laurentium

2070 1297 2302 1350 namque
2341 1291 2396 1336 et
2425 1283 2756 1350 Dioscorum,
2778 1285 2869 1353 qui
2897 1285 3119 1339 diversis
3148 1290 3472 1355 temporibus
3493 1307 3631 1361 apo-

2069 1372 2242 1426 stolici
2285 1373 2460 1427 throni
2507 1375 2844 1438 sanctitatem
2892 1375 3286 1444 subripuerant,
3333 1392 3632 1446 quanquam

2069 1460 2200 1514 nihil
2229 1460 2281 1514 in
2312 1459 2414 1515 ﬁde
2436 1471 2766 1530 peccassent,
2792 1464 2860 1518 ob
2891 1463 3118 1532 idipsum
3141 1473 3344 1533 tamen,
3367 1467 3510 1534 quod
3535 1485 3631 1537 per

2072 1551 2320 1618 ambages
2347 1553 2712 1622 epiSCOpatum
2739 1553 3008 1622 suscipere
3037 1555 3218 1609 conati
3247 1555 3488 1621 fuerant,
3528 1560 3632 1614 vita

405 1629 508 1699 iam
535 1631 745 1688 functos
773 1635 1063 1702 apostolica
1083 1633 1337 1704 judicavit
1363 1637 1538 1705 sedes,
1571 1647 1730 1708 atque
1757 1641 2129 1696 condemnavit

473 1723 669 1782 Ἐπειδὴ
711 1723 762 1779 δὲ
807 1729 890 1780 καί
935 1735 1081 1782 τοῦτο
1143 1736 1249 1788 τοῖς
1307 1731 1570 1804 ὑμετέροις
1625 1733 1959 1804 προσεθήκατε

2141 1729 2338 1784 Verum
2359 1745 2480 1785 cum
2519 1731 2573 1784 in
2605 1734 2796 1787 vestris
2821 1733 3012 1788 litteris
3041 1735 3094 1789 id
3115 1736 3275 1790 etiam
3297 1737 3629 1806 adjeceritis:

403 1812 720 1887 γράμμασιν,
753 1813 830 1871 ὅτι
865 1817 946 1870 ἐάν
985 1839 1059 1876 τις
1097 1821 1182 1872 τὸν
1210 1820 1546 1894 αἰρεσιάρχην
1589 1823 1930 1892 άναθεματίσῃ
1951 1861 1966 1885 ,

403 1907 486 1959 καί
512 1900 626 1978 εἴπῃ
645 1910 970 1981 κατακρίνων,
1001 1913 1078 1962 καὶ
1105 1913 1218 1969 τοὺς
1239 1914 1300 1966 τά
1323 1909 1469 1982 ὃμοια
1488 1919 1783 1983 φρονοῦντας
1811 1915 1964 1984 αὐτῷ,

349 2028 362 2034 ι-
403 1998 868 2070 συμπεριλαμϐάνει
901 2001 1092 2060 πάντας
1119 2003 1236 2062 τοὺς
1272 2000 1352 2056 ὅτε
1380 2001 1563 2060 δήποτε
1597 2010 1760 2058 ταῦτα
1797 2009 1967 2079 φρονή-

403 2100 614 2144 σαντας’
635 2089 722 2140 καί
747 2083 830 2141 διὰ
863 2095 1008 2141 τοῦτο
1035 2087 1208 2147 ἐπειδὴ
1237 2089 1424 2144 Παῦλον
1448 2092 1530 2144 τὸν
1555 2093 1969 2160 Enipea-«rimati

403 2177 602 2240 ὒὼτιον,
629 2181 714 2230 καί
739 2178 956 2233 Βόνασον
975 2219 986 2241 ,
1017 2183 1099 2232 καί
1139 2181 1404 2254 Νεστὸριον
1429 2183 1810 2251 άναθεματίζετε
1832 2227 1844 2249 ,
1877 2185 1967 2236 οὐκ

403 2265 611 2334 ἐφείλετε
639 2270 720 2320 καί
743 2267 998 2340 Θεόδωρον
1033 2269 1116 2324 τὸν
1141 2271 1207 2322 τά
1250 2267 1397 2340 ὃμοια
1434 2273 1628 2330 ἑκτίνοις
1654 2276 1968 2344 φρονήσαντα

397 2354 638 2422 ὀνομαστί
701 2357 1084 2428 ἀναθεματίσαι.
1147 2361 1422 2412 Γινώσκετε
1490 2356 1567 2412 ὅτι
1631 2368 1830 2432 πρῶτον
1876 2365 1967 2429 μέν

401 2444 568 2497 ἕκεῖνοι
612 2442 742 2516 δίχα
784 2447 1021 2518 ὀνόματος
1065 2449 1508 2518 άναθεματίζονται
1545 2449 1590 2502 οἱ
1620 2451 1751 2503 κατὰ
1779 2451 1964 2508 πλᾷνην

399 2531 824 2595 ἀκολουθήσαντες
865 2543 978 2596 τοῖς
1013 2535 1410 2612 αερεσιάρχατς,
1459 2539 1514 2590 οὐ
1557 2542 1651 2604 μήν
1701 2538 1746 2591 οἱ
1787 2535 1966 2598 ἄλλους

401 2625 746 2682 ἀπατήσαντες
795 2628 920 2684 Τοὺς
949 2627 1042 2700 γάρ
1079 2629 1344 2699 ἀρχηγοὺς
1376 2634 1472 2680 τῶν
1498 2627 1730 2701 αἱρέσεων
1755 2629 1838 2680 καί
1863 2647 1965 2680 ονο-

400 2715 556 2779 μαστὶ
580 2713 610 2769 ἡ
639 2713 872 2770 ἐκκλησία
893 2721 981 2768 τοῦ
1007 2722 1132 2768 Θεοῦ
1161 2718 1521 2782 άναθεματίζεν
1551 2713 1810 2784 Θεόδωρος
1837 2715 1885 2768 δὲ
1909 2717 1966 2766 οὐ

399 2801 540 2870 μόνον
560 2799 858 2864 διδάσκαλος
879 2801 937 2862 ἦν
961 2813 1050 2864 τῆς
1077 2809 1346 2880 Νεστορίου
1377 2803 1700 2864 δυσσεϐείας.
1727 2805 1848 2858 άλὶὰ
1878 2809 1961 2858 καί

400 2895 606 2958 πολλοὺς
627 2895 709 2952 διὰ
734 2905 834 2954 τῶν
857 2899 1054 2965 ἀσεϐῶν
1074 2901 1223 2952 αὐτοῦ
1248 2896 1661 2971 συγγραμμάτων
1685 2899 1958 2954 ἠπάτηων.

393 2980 590 3062 Ὠσπερ
627 2989 723 3066 γάρ
752 2989 797 3042 oi
823 2990 956 3064 ὀρθοί
979 2999 1070 3048 τῆς
1108 2990 1376 3048 ἐκκλησίας
1416 2987 1704 3042 διδάσκαλοι
1743 2987 1824 3042 διὰ
1863 2997 1960 3042 τῶν

2069 1822 2112 1874 si
2141 1823 2260 1891 quis
2303 1821 2610 1876 hmrelicum
2659 1825 3210 1891 anathematizaverit,
3259 1837 3316 1882 et
3362 1831 3416 1884 iu
3456 1833 3629 1902 ipsum

2067 1913 2388 1966 sententiam
2413 1912 2607 1975 ferens,
2638 1931 2810 1967 omnes
2833 1931 3028 1987 quoque
3055 1931 3169 1968 cum
3195 1919 3305 1986 ipso
3333 1923 3626 1990 sentientes,

2069 1999 2394 2070 adjunxerit,
2429 2014 2550 2054 eum
2599 2001 2716 2054 illos
2752 2017 2939 2056 omnes
2965 2005 3271 2073 complecti,
3311 2009 3401 2074 qui
3442 2011 3629 2079 quavis

2068 2091 2277 2146 ratione
2315 2090 2367 2145 id
2414 2081 2585 2159 ipsum
2613 2091 2755 2158 quod
2784 2091 3064 2146 damnatur
3109 2095 3492 2162 probaverint:
3523 2099 3627 2151 ita-

2067 2195 2171 2249 que
2215 2196 2336 2234 cum
2387 2177 2608 2233 Paulum
2653 2180 3105 2246 Samosatensem,
3154 2190 3210 2236 et
3254 2181 3519 2249 Photium,
3570 2194 3626 2240 et

2067 2270 2391 2335 Nestorium,
2443 2276 2496 2322 et
2538 2267 2808 2322 Bonosum
2853 2270 3350 2335 coudemnaven'tis,
3405 2273 3625 2328 minime

2069 2375 2201 2430 opus
2244 2373 2363 2412 esse
2409 2365 2466 2411 ut
2503 2355 2843 2410 Theodorum
2871 2372 3085 2426 quoque
3119 2358 3305 2413 eadem
3341 2375 3461 2412 cum
3490 2361 3620 2431 ipsis

2065 2449 2382 2504 sentientem
2412 2447 2724 2500 nominatim
2774 2446 3178 2501 condemnetis:
3225 2449 3415 2502 scitote
3451 2451 3624 2519 primo

2064 2540 2280 2608 quidem
2308 2539 2427 2593 illos
2456 2553 2744 2607 suppresso
2769 2538 2986 2592 nomine
3029 2539 3484 2604 anatliematizari,
3535 2541 3623 2610 qui

2067 2629 2326 2682 haeresum
2349 2635 2596 2680 auctores
2622 2633 2744 2680 sunt
2769 2626 2824 2679 in
2846 2641 3031 2680 errore
3057 2625 3247 2691 secuti,
3279 2637 3505 2682 caeteros
3532 2643 3624 2680 au-

2067 2726 2170 2768 tem
2199 2714 2416 2768 minime
2455 2713 2795 2782 deceperunt.
2830 2713 2898 2767 At
2921 2728 3050 2795 vero
3089 2713 3348 2768 hzeresum
3384 2714 3547 2769 duces
3571 2723 3622 2770 et

2065 2805 2345 2872 magistros
2373 2801 2611 2857 Ecclesia
2639 2801 2955 2856 nominatim
2983 2803 3416 2856 anathematizat.
3448 2799 3623 2881 Theo-

2063 2895 2227 2948 dorus
2253 2907 2415 2962 porro
2445 2907 2552 2946 non
2579 2891 2738 2945 modo
2765 2890 2996 2946 Nestorii
3013 2891 3267 2960 magister
3293 2893 3513 2958 exstitit,
3535 2907 3622 2948 ve-

2064 3003 2180 3042 rum
2209 2987 2373 3041 etiam
2402 2984 2586 3055 impiis
2613 2985 2826 3053 scriptis
2853 2985 2963 3038 suis
2990 2983 3286 3052 permultos
3325 2983 3530 3036 induxit
3565 2982 3624 3037 in

396 3077 582 3131 οἰκείων
609 3077 845 3132 ἐκθέσεων
869 3081 1208 3151 γνωρίζονται,
1240 3080 1320 3130 καὶ
1351 3079 1689 3139 ἐπαινοῦνται,
1719 3077 1959 3131 οὕτωκαὶ

2065 3091 2322 3131 errorem.
2371 3073 2580 3130 Etenim
2617 3073 3062 3142 quemadmodum
3091 3073 3220 3126 recti
3249 3070 3502 3127 Ecclesiae
3527 3073 3622 3128 do-

396 3163 448 3216 ὶκ
488 3168 577 3218 τοῦ
613 3166 831 3218 ἕναντίου
871 3167 1060 3224 πάντες
1094 3165 1142 3218 οἱ
1183 3174 1274 3224 τῆς
1299 3164 1588 3228 κακοδοξίας
1613 3168 1840 3241 ἀρχηγοὶ
1879 3163 1960 3220 διὰ

398 3258 493 3305 τῶν
525 3251 659 3307 ἰδίων
685 3255 885 3309 ἀσεϐῶν
912 3257 1320 3327 συγγραμμάτων
1345 3255 1670 3328 ἐλέγχονται,
1713 3259 1796 3308 καί
1841 3256 1959 3310 ἀνα·

398 3342 765 3408 θεματίζονται.
793 3341 976 3399 ὀπάτε
1013 3348 1176 3400 τοίνυν
1223 3345 1478 3421 Θεόδωρος
1507 3350 1591 3400 καί
1625 3347 1844 3424 ατρεσιάρ
1857 3369 1958 3416 xm-

403 3431 590 3500 γέγονε,
631 3436 713 3486 καὶ
755 3434 1118 3506 ἀναριθμήτους
1164 3436 1481 3506 βλασφημίας
1527 3439 1576 3490 ἂν
1617 3445 1727 3498 τοῖς
1762 3441 1957 3501 οἰκείοις

397 3517 608 3586 βιϐλίοις
637 3519 890 3590 ἐξήμεσεν,
919 3522 1150 3593 οὐδεμίαν
1177 3522 1325 3594 ἔχετε
1355 3523 1546 3580 δικαίαν
1593 3527 1809 3604 ἀφορμὴν
1831 3531 1956 3604 πρὸς

397 3608 451 3662 τὸ
477 3613 886 3683 παραιτήσασθαι
905 3613 988 3668 τὸν
1013 3615 1123 3668 κατ’
1149 3615 1300 3668 αὐτοῦ
1328 3615 1742 3686 άναθεματνσμὸν.

457 3882 574 3954 Περὶ
603 3875 656 3935 δὲ
677 3887 770 3940 τῆς
797 3880 1032 3940 ἐκθέσεως
1058 3888 1148 3940 τῆς
1174 3881 1390 3940 πίστεως
1412 3917 1426 3944 ,
1459 3881 1519 3940 ἣν
1545 3889 1649 3940 τοῖς
1692 3885 1952 3956 ὑμετέροις

392 3971 679 4044 γράμμασιν
719 3971 1001 4036 ἐνεθήκατε,
1033 3974 1076 4024 εἰ
1118 3972 1382 4026 καὶπολλὰ
1407 3969 1613 4042 εἴχομεν
1634 3973 1950 4045 μέμψασθαι,

390 4061 491 4114 ἀλλ’
509 4057 603 4122 ,οὖν
629 4059 765 4123 ὅπως
801 4062 884 4118 διὰ
923 4069 1012 4123 τήν
1040 4064 1286 4138 ὑμετέραν
1321 4061 1518 4136 ἄγνοιαν
1565 4069 1647 4118 καὶ
1698 4065 1950 4122 ἁπλότητα

392 4157 536 4206 τοῦτο
582 4153 904 4226 παραλείπειν
947 4156 1071 4214 τέως
1118 4153 1216 4208 δεῖν
1255 4155 1576 4226 ἐνομίσαμεν,
1618 4154 1668 4209 ἕν
1701 4177 1807 4211 τισι
1849 4159 1950 4232 γάρ

389 4246 676 4314 ἑνσσφαλῶς
702 4247 976 4321 ἐγράψατε.
1018 4241 1100 4302 Ἐν
1140 4271 1244 4304 τισι
1279 4250 1474 4324 ῥήματα
1509 4247 1782 4319 τεθείκατε,
1825 4250 1951 4322 μηδᾶ

389 4340 496 4393 ταῖς
519 4334 670 4394 θείαις
695 4345 912 4410 γραφαῖς
929 4377 945 4402 ,
989 4331 1111 4410 μηδέ
1139 4347 1245 4398 τοῖς
1279 4343 1438 4412 ἁγίοις
1476 4343 1731 4411 πατράσιν
1757 4343 1964 4414 ἐγνωσο”

381 4423 525 4492 μένα·
554 4431 602 4477 ἰν
626 4421 792 4486 ἄλλοις
829 4425 883 4480 δὲ
910 4427 1388 4490 τοὺςδιδασκάλους
1418 4438 1507 4490 τῆς
1544 4431 1800 4492 ἐκκλησίας
1831 4431 1946 4500 τόγε

2064 3173 2240 3221 ctores
2267 3177 2336 3220 ex
2368 3163 2598 3234 propriis
2631 3161 2886 3217 doctrinis
2910 3170 3274 3231 agnoscuntur
3301 3171 3463 3231 atque
3493 3177 3620 3230 pro-

2065 3264 2183 3324 pter
2210 3255 2352 3324 ipsas
2378 3253 2844 3319 commendantur,
2877 3251 2950 3306 ita
2979 3260 3217 3318 econtra,
3250 3267 3620 3320 perversarum

2063 3345 2449 3401 sententiarum
2497 3352 2742 3399 auctores
2771 3359 2836 3398 ex
2869 3344 3096 3414 propriis
3140 3344 3378 3414 ipsorum
3428 3345 3618 3401 litteris

2061 3435 2450 3506 redarguuutur
2492 3443 2652 3506 atque
2695 3435 3226 3490 anathematizantur.
3285 3435 3418 3490 Cum
3459 3437 3618 3506 igitur

2065 3525 2378 3582 Theodorus
2423 3533 2478 3580 et
2505 3526 2886 3580 hzeresiarches
2929 3527 3194 3580 exstiterit
3221 3533 3276 3582 et
3315 3528 3618 3582 innumeras

2059 3631 2226 3687 prope
2249 3615 2603 3684 blasphemias
2629 3616 2683 3669 in
2709 3616 2818 3669 suis
2851 3614 2997 3668 libris
3025 3615 3324 3684 protulerit,
3367 3616 3494 3669 nihil
3523 3631 3618 3670 vo-

2060 3707 2140 3762 his
2181 3715 2425 3778 superest
2451 3722 2624 3764 causa:
2663 3721 2758 3761 cur
2803 3706 3086 3762 anathema
3125 3707 3178 3760 in
3225 3707 3398 3776 ipsum
3439 3709 3618 3764 dicere

2057 3797 2384 3853 detrectetts.
2650 3865 2654 3869 ι

2127 3885 2282 3942 Circa
2312 3886 2432 3943 ﬁdei
2461 3903 2588 3943 vero
2620 3887 3034 3956 expositionem,
3059 3901 3219 3957 quam
3258 3888 3449 3944 vestris
3475 3889 3618 3945 litte-

2055 3975 2129 4032 ris
2155 3977 2451 4034 inseruistis
2469 4019 2497 4044 ,.
2524 3975 2625 4034 etsi
2671 3977 2837 4031 multa
2864 3977 2972 4030 sint
3015 3977 3082 4032 de
3119 3977 3313 4046 quibus
3339 3979 3494 4035 nobis
3521 3995 3619 4035 vo-

2008 4095 2014 4100 -
2055 4066 2257 4122 hiscum
2283 4074 2425 4121 esset
2451 4067 2907 4134 conquerendum,
2959 4065 3125 4120 nihilo
3156 4075 3332 4121 tamen
3360 4068 3534 4123 minus
3563 4068 3618 4122 id

2056 4161 2227 4208 totum
2289 4153 2600 4222 ignorantiae
2636 4152 3066 4222 simplicitatique
3119 4151 3410 4206 condonari
3455 4169 3616 4222 opor-

2057 4253 2170 4298 tere
2193 4243 2628 4301 existimavimus.
2667 4241 2875 4296 Alieubi
2903 4255 3133 4309 namque
3163 4248 3372 4296 versate
3397 4243 3616 4312 scripsi-

2053 4335 2168 4398 stis,
2195 4333 2387 4388 alicubi
2417 4333 2594 4388 verbis
2621 4333 2702 4386 usi
2729 4331 2878 4395 estis,
2901 4345 3081 4400 neque
3110 4332 3164 4386 in
3193 4334 3360 4387 sacris
3398 4333 3615 4404 litteris,

2055 4434 2230 4490 neque
2257 4437 2288 4475 a
2315 4420 2512 4478 sanctis
2539 4418 2793 4474 Ecclesia:
2816 4419 3058 4472 Patribus
3080 4433 3308 4488 unquam
3331 4420 3612 4488 adhibitis;

387 4514 453 4574 είς
473 4514 604 4585 ὑμᾶς
630 4513 742 4576 ἧκον
767 4516 1150 4573 κατεδικάσατε.
1179 4522 1308 4592 Πρὸς
1327 4519 1525 4580 τούτοις
1547 4519 1600 4574 δὲ
1627 4523 1710 4574 καί
1737 4542 1848 4576 τινα
1877 4519 1946 4581 Et;

2063 4509 2172 4564 tlibi
2203 4509 2453 4563 Ecclesia“
2479 4506 2728 4562 doctores
2752 4508 2916 4577 ipsos,
2936 4506 3086 4576 juxta
3109 4508 3252 4578 quod
3270 4509 3420 4564 vobis
3442 4511 3613 4566 visum

389 4607 469 4661 τὴν
515 4603 768 4678 ὁρθὸδοξον
818 4611 1133 4663 συντείνοντα
1189 4613 1358 4666 πίστιν
1401 4609 1758 4682 παρελείψατε.
1805 4607 1946 4664 Ὀθεν

386 4698 490 4768 χρὴ
515 4695 650 4766 ὑμᾶς
685 4697 813 4750 κατά
845 4701 934 4754 τὴν
978 4699 1272 4770 παραίνεσιν
1315 4704 1414 4752 τῶν
1459 4697 1612 4768 ἁγίων
1657 4699 1886 4770 πατέρων
1913 4697 1943 4756 ἢ

378 4787 711 4862 γινώσκοντας
751 4787 932 4851 λαλεῖν,
971 4787 1002 4848 ἦ
1032 4789 1335 4860 ἀγνοοῦντας
1361 4792 1580 4858 σιωπᾷν,
1612 4791 1695 4842 καί
1721 4789 1820 4844 ἀπὸ
1846 4796 1944 4866 τῶν

375 4875 720 4942 ὄπισταμᾶνων
747 4873 1086 4929 διδάσκεσθαι.

449 5139 654 5197 Ἐπειδή
697 5139 748 5193 δέ
793 5139 1044 5212 ἐγράψατε
1084 5143 1226 5209 ἡμῖν,
1275 5149 1382 5201 πῶς
1427 5143 1674 5214 ὀφείλομεν
1715 5152 1820 5205 τοῖς
1864 5147 1941 5199 Δί-

381 5232 610 5298 γυπτίοις
633 5229 1011 5300 ἀποκρίνασθαι,
1035 5228 1349 5298 θαυμάζομεν
1374 5231 1530 5298 ὑμᾶς,
1561 5230 1640 5286 ὅτι
1665 5238 1752 5291 τήν
1775 5236 1936 5292 άσεέῆ

381 5317 646 5374 ἕπιστολήν
673 5315 854 5372 ἐκείνην
887 5319 969 5367 καί
995 5315 1276 5388 Θεόδωρον,
1306 5319 1390 5369 καί
1415 5317 1708 5392 Νεστᾶριον,
1742 5325 1820 5372 κγὶ
1848 5327 1935 5380 τὴν

381 5403 666 5467 κακοδοξίαν
703 5409 791 5462 τήν
829 5405 994 5456 αὐτῶν
1037 5403 1366 5466 ἐκδικοῦντες,
1397 5410 1513 5473 ἡμῖν
1549 5417 1803 5480 παραινεῖν
1829 5413 1938 5464 ἐπι-

381 5504 633 5566 χειρεῖτε,
679 5493 731 5547 τί
777 5493 1026 5564 ὄςνείλομεν
1079 5487 1241 5552 ἄλλοις
1267 5493 1506 5552 ἐναντίοις
1548 5503 1637 5552 τῆς
1683 5495 1938 5560 ἐκκλησίας

379 5583 758 5656 ἀποκρίνασθαι.
787 5582 842 5632 Εἰ
869 5582 964 5654 7&9
993 5601 1070 5638 τις
1097 5587 1202 5639 τοῖς
1225 5577 1346 5650 παρ’
1367 5582 1504 5652 ὑμῶν
1533 5590 1767 5655 γραφεῖσι
1793 5605 1938 5640 συνε-

383 5670 508 5724 εὲσει
545 5669 690 5741 (sic),
725 5669 865 5724 οὐδὲν
892 5671 1055 5744 ἕτερον
1089 5671 1385 5746 παραινέσει
1423 5678 1529 5730 τοῖς
1556 5668 1876 5744 ’Διγυπτίοις,
1907 5676 1937 5734 ἦ

379 5758 737 5834 Θεόδωρονίκαί
770 5757 1034 5834 Νεστόριον
1080 5763 1196 5822 τοὺς
1231 5759 1512 5834 αἱρετικῶς
1557 5758 1819 5832 δέξασθαι,
1851 5769 1938 5820 καὶ

2048 4607 2147 4664 est,
2179 4596 2595 4663 condemnastis,
2625 4602 2788 4664 atque
2815 4595 2993 4652 adhuc
3020 4597 3300 4666 quemdam
3330 4598 3398 4652 ad
3425 4600 3611 4655 ortho-

2045 4689 2240 4744 doxam
2267 4685 2430 4740 ﬁdem
2452 4687 2675 4740 omnino
2710 4686 3066 4756 pertinentem
3107 4685 3320 4741 silentio
3346 4689 3606 4756 przeterii-

2043 4777 2159 4832 stis.
2200 4775 2539 4845 Quapropter
2559 4783 2773 4844 oportet
2813 4790 2922 4840 vos,
2969 4775 3120 4844 juxta
3149 4783 3459 4830 sanctorum
3497 4775 3604 4832 Pa-

2041 4876 2181 4922 tium
2213 4865 2653 4927 admonitionem,
2684 4865 2768 4920 vel
2797 4865 3030 4920 scientes
3052 4865 3218 4934 loqui,
3247 4866 3334 4920 vel
3361 4866 3407 4920 si
3433 4867 3606 4936 ignari

2043 4959 2198 5025 estis,
2257 4965 2464 5022 tacere,
2512 4963 2674 5024 atque
2731 4956 2798 5009 ab
2841 4954 3014 5011 doctis
3052 4963 3108 5010 et
3152 4956 3441 5012 scientibus
3480 4972 3606 5015 eru-

2038 5045 2156 5099 diri.

2107 5143 2224 5198 Jam
2251 5158 2380 5197 vero
2421 5157 2541 5196 cum
2570 5140 2918 5210 scripseritis,
2949 5138 3394 5208 quemadmodum
3429 5137 3602 5212 IEgy-

2039 5232 2161 5302 ptiis
2206 5229 2532 5297 respondere
2578 5229 2886 5292 debeamus,
2933 5229 3192 5282 miramur
3217 5227 3454 5296 quidem,
3501 5243 3598 5282 vos

2037 5319 2243 5375 scilicet
2270 5319 2360 5388 qui
2392 5319 2607 5389 impiam
2629 5333 2746 5372 eam
2776 5315 3074 5386 epistolam,
3107 5317 3468 5384 Theodorum,
3495 5316 3600 5370 Ne—

2034 5408 2273 5474 storium,
2304 5419 2684 5475 perversasque
2706 5419 2889 5459 eorum
2917 5407 3208 5460 sententias
3233 5404 3596 5468 defendet-itis,

2037 5513 2176 5550 nunc
2201 5510 2545 5551 commonere
2583 5511 2681 5550 nos
2726 5497 3034 5559 instituisse,
3077 5495 3202 5565 quid
3239 5495 3310 5548 sit
3356 5507 3387 5544 a
3416 5491 3575 5544 nobis

2037 5585 2153 5638 aliis
2195 5583 2441 5638 Ecclesia:
2473 5584 2715 5639 hostibus
2761 5583 3210 5651 respondendum.
3251 5578 3517 5644 Siquidem
3549 5578 3599 5630 si

2037 5688 2100 5728 ea
2147 5689 2262 5742 quae
2305 5673 2574 5741 scripta'a
2619 5674 2770 5727 vobis
2817 5679 2943 5726 sunt
2986 5673 3110 5738 quis
3152 5663 3593 5730 consideraverit,

2036 5762 2168 5820 nihil
2196 5763 2338 5818 aliud
2361 5763 2642 5834 Egyptios
2670 5765 2984 5830 hortabitur,
3017 5777 3177 5832 quam
3207 5767 3267 5814 ut
3288 5756 3594 5812 Nestorium
