3998 6146
386 319 522 381 1099

1699 306 2132 369 JUSTINIANI
2179 304 2331 363 1MP.

3509 283 3648 348 llﬂO

389 433 542 487 simis
568 427 826 485 Ecclesiis
854 428 918 481 ad
947 427 1170 482 invicem
1204 425 1533 480 immitteret.
1567 425 1632 480 Et
1659 426 1759 480 hoc
1791 429 1948 479 etiam

2055 429 2170 481 ταῖς
2201 420 2509 490 ἁγιωτάταις
2537 419 2824 480 ἐκκλησίαις
2853 419 3087 488 ἐμϐαλεῖν
3125 418 3254 490 πρὸς
3286 415 3498 477 ἀλλήλας
3543 415 3642 464 πὸ·

393 535 426 574 a
455 523 678 591 sceptris
716 534 836 589 quae
866 527 990 573 ante
1016 531 1112 571 nos
1149 515 1354 570 fuerunt
1388 525 1571 571 contra
1616 519 1784 584 ipslltlt
1823 517 1954 568 srri-

390 622 541 679 ptum
568 620 680 665 erat
706 650 723 675 ,
763 609 924 662 variis
951 608 1258 676 dogmatum
1288 617 1342 660 et
1377 621 1406 660 a
1453 605 1772 660 rectitudine
1827 607 1955 658 alie-

393 704 530 756 natis
552 699 823 754 fraudibus
851 706 907 754 et
933 699 1250 754 commentis
1300 712 1363 750 ac
1410 697 1752 762 hlaspltetniis
1801 713 1952 751 usum

387 791 574 858 luisse,
593 807 655 844 ac
673 790 916 844 universa
940 789 1308 851 conturbassc,
1329 795 1390 842 .et
1417 788 1561 841 illum
1585 802 1954 856 quemcunque

389 897 630 938 errorem
686 881 1123 934 almmiuabiliutn
1157 879 1634 933 barresiarcharunt
1665 889 1719 930 et
1747 878 1798 930 in
1825 894 1954 943 quu-

390 989 507 1027 rum
537 974 839 1044 dogtnatnm
872 973 1132 1041 recipere,
1165 970 1392 1024 Nestorii
1423 971 1651 1024 dicimus
1676 1011 1689 1033 ,
1740 981 1794 1023 et
1846 969 1953 1021 Eu-

392 1065 566 1136 tychis
584 1081 596 1092 ·
619 1075 808 1119 etcum
829 1079 1053 1132 utet-que
1080 1062 1268 1116 borum
1295 1073 1675 1130 praeceptorum
1704 1057 1952 1113 contrarii

389 1155 784 1226 quodammodo
811 1155 1037 1209 invicem
1071 1168 1191 1207 esse
1216 1152 1512 1218 videantur,
1544 1150 1611 1203 ad
1641 1166 1798 1202 unum
1830 1163 1956 1200 vero

388 1248 678 1317 impietatis
729 1245 889 1300 ﬁnem
937 1244 1177 1310 tendant,
1231 1244 1388 1298 etiam
1418 1242 1626 1293 illorum
1657 1239 1954 1307 divulgatos

393 1349 676 1392 sermones
702 1375 716 1401 ,
749 1349 870 1390 eum
903 1337 952 1387 in
983 1349 1144 1387 unum
1179 1332 1510 1386 formavisse.
1561 1328 1772 1382 Duobus
1809 1327 1953 1380 enim

394 1424 748 1480 existentibus
775 1421 1109 1492 dogmatibus
1153 1420 1218 1474 ad
1267 1421 1491 1473 invicem
1518 1417 1953 1486 repugnantibus,

393 1528 617 1584 quorum
658 1521 942 1582 utrumque
985 1511 1229 1565 similiter
1267 1511 1333 1563 ad
1383 1509 1573 1562 anima:
1606 1506 1952 1576 perditionem

390 1605 606 1660 adducit
630 1642 651 1672 ,
678 1603 908 1658 Nestorii
939 1603 1183 1658 videlicet
1212 1611 1266 1656 et
1293 1600 1545 1670 Eutycbis
1569 1599 1586 1670 (
1607 1602 1956 1670 quemadmo-

390 1694 515 1749 dum
546 1693 772 1748 dicendo
796 1692 1152 1760 narravimus)
1174 1693 1261 1760 qui
1283 1705 1356 1745 ex
1382 1693 1698 1744 Arianorum
1723 1701 1776 1746 et
1798 1692 1956 1760 Apol-

2055 513 2218 582 λεμον,
2263 514 2344 565 καί
2385 517 2540 566 τοῦτο
2587 513 2808 570 καὶτοῖς
2853 511 2954 586 πρὸ
2995 510 3138 581 ύμῶν
3183 513 3466 582 σκήπτροις
3507 527 3647 580 πρά

2055 603 2207 655 αὐτὸν
2251 602 2542 674 γεγράφθαι,
2591 601 2839 661 ποικίλαις
2867 603 2958 670 μέν
3007 598 3274 672 δογμάτων
3295 602 3384 653 καί
3420 598 3636 654 ἀπηλλο-

2053 693 2352 763 τριωμέναις
2377 699 2468 750 τῆς
2497 691 2757 762 ὀρθότητος
2785 695 3059 765 περινοίαις
3081 711 3157 751 τε.
3184 695 3265 744 καί
3289 691 3635 761 βλασφημίαις

2058 785 2403 857 χρησάμενον,
2441 782 2645 837 ἅπαντα
2695 782 2748 838 δέ
2788 785 3194 858 συνταράξαντα.
3241 786 3326 837 καί
3354 779 3499 851 μόνον
3534 791 3635 834 τῶν

2055 882 2148 931 τῆς
2195 873 2432 943 ἐκατέρου
2481 880 2579 926 τῶν
2618 875 2970 949 αἵρεσιαρχῶν
3017 873 3208 932 πλάνης
3255 871 3513 944 βδελυρῶν
3553 892 3630 934 τε,

2057 965 2138 1016 καί
2164 965 2376 1016 ἀνοσίων
2414 960 2679 1034 δογμάτων
2723 963 3076 1034 ἀντεχόμενον.
3108 965 3381 1033 Νεστορίου
3425 981 3502 1021 τε.
3555 964 3634 1013 καί

2055 1052 2344 1122 Εὖτυχοῦς,
2394 1055 2477 1104 καί
2519 1059 2617 1105 τῶν
2665 1052 2903 1127 έκατέρου
2951 1054 3146 1106 τούτων
3191 1048 3538 1123 καθηγεμόνων
3580 1051 3633 1114 ίξ

2058 1143 2285 1200 ἐναντίας
2322 1145 2410 1213 μέν
2452 1165 2560 1201 πω;
2608 1139 2735 1197 εἶναι
2762 1142 3035 1197 δοκούντων
3063 1143 3303 1208 ἀλληλοις,
3337 1143 3464 1216 πρὸς
3499 1139 3550 1193 ἓν
3578 1139 3633 1194 δέ

2056 1231 2194 1291 τέλος
2238 1240 2328 1291 τῆς
2357 1233 2598 1293 ἀσεϐείας
2636 1235 2992 1305 ἐπειγομένων,
3031 1237 3110 1287 καί
3138 1235 3259 1292 τούς
3306 1236 3499 1286 ἐκείνων
3527 1254 3631 1302 χα-

2056 1325 2482 1396 ρακτηριστικούς
2508 1325 2923 1395 ἐντυπωσάμενον
2951 1325 3148 1395 λόγους.
3183 1332 3326 1377 Δυοῐν
3355 1325 3450 1396 γάρ
3478 1320 3630 1378 ὄντων

2055 1413 2284 1466 ἐναντίων
2339 1415 2565 1474 ἀλλήλοις
2608 1413 2893 1487 δογμάτων,
2943 1413 3009 1468 ὧν
3057 1415 3288 1488 έκάτερν
3335 1414 3520 1476 ὁμοίως
3558 1417 3630 1474 εἰς

2055 1505 2285 1576 ψυχικὴν
2313 1508 2562 1561 άπώλειαν
2593 1505 2722 1580 ἄγει,
2772 1515 2860 1562 τοῦ
2905 1511 3204 1581 Νεστορίου,
3251 1515 3340 1560 τοῦ
3371 1526 3423 1561 τε
3473 1509 3627 1560 Εὐτυ-

2057 1601 2210 1666 χςῦς,
2238 1598 2460 1654 καθάπερ
2487 1599 2710 1656 εἰπὸντες
2737 1595 2959 1668 ἷγθημεν,
2993 1597 3122 1671 άπερ
3150 1599 3202 1650 έκ
3225 1604 3325 1651 τῶν
3348 1594 3626 1668 Ἃρειανῶν,

2057 1686 2136 1737 καί
2162 1691 2260 1737 τῶν
2290 1683 2625 1760 Ἀπολιναρίου
2656 1687 2878 1742 συνίστη
2907 1687 3230 1754 μιασμάτων.
3263 1684 3413 1742 αὐτὸς
3442 1705 3492 1738 τι
3523 1704 3626 1736 πα-

390 1785 566 1840 linarii
605 1786 920 1853 contagione
940 1783 1272 1848 consistunt;
1323 1783 1436 1849 ipse
1477 1781 1796 1849 paradoxum
1824 1782 1949 1850 quid

2056 1773 2259 1847 ράδοξον
2287 1777 2481 1839 παθὼν,
2515 1775 2697 1844 ὁμοίως
2725 1778 2793 1835 εἰς
2823 1777 3052 1850 ἑκάτερον
3081 1777 3396 1844 ἐμπέπτωκε.
3426 1779 3524 1828 Καὶ
3559 1782 3627 1831 πῆ

389 1889 672 1946 perpessus
702 1877 752 1929 iu
789 1883 1070 1941 utrum-que
1099 1874 1347 1927 similiter
1386 1872 1573 1928 incidit
1601 1889 1615 1925 :
1641 1885 1696 1927 et
1722 1872 1792 1925 ibi
1834 1873 1951 1941 qui-

376 1968 505 2021 dem
531 1966 657 2020 illud
680 1967 971 2031 mittendo,
1002 1967 1236 2034 seipsum
1271 1975 1324 2017 et
1352 1979 1630 2018 setmones
1650 1978 1776 2018 suos
1805 1965 1951 2019 visus

383 2065 466 2111 cst
511 2057 852 2111 constituisse
897 2069 1182 2111 commune
1232 2055 1628 2123 receptaculum
1681 2061 1948 2108 tantorum

381 2149 716 2204 delictorum.
754 2151 835 2204 Sit
873 2149 1050 2217 itaque
1076 2156 1130 2202 et
1154 2149 1266 2217 ipse
1310 2149 1412 2202 sub
1451 2147 1702 2215 praedicto
1731 2146 1951 2200 anathe-

387 2241 654 2304 malismo,
687 2249 843 2308 quem
866 2241 1153 2294 universus
1183 2237 1572 2308 patriarchalis,
1608 2235 1946 2306 pontiﬁcalis,

384 2345 448 2384 ac
473 2330 820 2384 tnonacbicus
870 2339 1066 2384 nostra:
1089 2373 1104 2398 ,
1159 2339 1211 2383 ut
1253 2331 1323 2382 ita
1351 2328 1610 2394 dicamus,
1643 2326 1949 2395 reipub-licat

386 2434 555 2477 conus
579 2423 722 2491 jttste
755 2423 806 2476 in
839 2423 1011 2490 ipsum
1039 2421 1244 2476 induxit
1276 2437 1289 2474 :
1319 2421 1384 2473 de
1414 2418 1795 2486 TlteOpolitana
1825 2420 1948 2486 qui-

384 2513 504 2566 dem
551 2512 790 2565 Ecclesia
834 2511 1069 2580 ejcctus,
1107 2512 1306 2564 idcirco
1353 2508 1491 2579 quod
1535 2508 1754 2562 thronus
1809 2508 1949 2560 illius

382 2601 553 2670 ipsum
594 2603 860 2665 removit,
900 2615 964 2654 eo
1008 2602 1147 2668 quod
1207 2601 1373 2668 ipsius
1423 2598 1774 2668 principatum
1807 2607 1948 2651 recte

387 2710 494 2750 non
523 2702 828 2762 acceperat,
861 2693 956 2747 sed
987 2691 1160 2745 adhuc
1187 2690 1397 2744 vivente
1422 2705 1486 2744 eo
1511 2731 1526 2753 ,
1560 2690 1687 2744 etin
1718 2688 1947 2742 sanctis-

383 2785 537 2841 simis
588 2784 840 2840 Ecclesiis
877 2793 1315 2848 connuemorato,
1350 2783 1438 2847 qui
1488 2792 1612 2835 ante
1653 2779 1822 2848 ipsum
1865 2794 1947 2832 Su-

377 2877 682 2934 -cerdotium
716 2876 964 2944 habebat,
990 2885 1044 2930 et
1075 2888 1290 2944 propter
1317 2889 1436 2928 eum
1467 2874 1556 2943 qui
1609 2881 1726 2942 post
1774 2873 1946 2940 ipsum

383 2970 520 3035 fuit,
551 2967 619 3023 de
648 2967 949 3022 sacerdotio
977 2964 1268 3020 exciderat.
1299 2963 1407 3020 Nec
1455 2978 1580 3019 vero
1635 2978 1948 3034 progressus

385 3064 487 3117 huc
517 3074 684 3130 usque
710 3057 985 3126 substitit,
1011 3057 1104 3112 sed
1132 3065 1186 3111 et
1213 3056 1315 3111 sub
1336 3057 1600 3110 communi
1632 3055 1947 3110 orthodoxa:

2056 1867 2146 1937 μέν
2175 1871 2340 1927 τοῦτο,
2366 1874 2437 1923 πῆ
2467 1864 2519 1919 δέ
2549 1867 2705 1919 έκεῖνο
2725 1887 2787 1939 πρ
2801 1866 3045 1926 εσϐεύων,
3079 1866 3236 1918 κοινὸν
3262 1863 3394 1927 ἔδοξε
3425 1863 3626 1933 δοχεῖον

2052 1956 2228 2011 έαυτόν
2257 1976 2310 2010 τε
2339 1959 2418 2009 καί
2442 1960 2563 2018 τούς
2593 1959 2748 2010 αὐτοῦ
2783 1957 2963 2028 λόγους
2992 1964 3090 2010 τῶν
3125 1956 3432 2013 τηλικούτων
3461 1956 3621 2024 πλημ-

2051 2046 2346 2114 μελημάτων
2378 2053 2721 2104 καταστῆσαι.
2749 2041 2918 2099 Ἐστω
2943 2047 3106 2098 τοίνυν
3130 2049 3210 2097 καὶ
3237 2045 3388 2102 αὐτὸς
3416 2047 3435 2096 ζ
3448 2046 3516 2097 πὸ
3545 2047 3625 2098 τὸν

2050 2138 2304 2210 εἰρημένον
2335 2140 2760 2207 ἀναθεματισμὸν,
2792 2134 2843 2190 ὃν
2874 2136 3007 2190 ἅπαν
3051 2138 3108 2190 τὸ
3136 2137 3517 2209 πατριαρχικόν
3549 2155 3623 2197 τε,

2049 2233 2137 2281 καὶ
2176 2229 2449 2301 ἱερατικὸν,
2487 2231 2572 2282 καί
2598 2228 2875 2300 μοναχικόν
2903 2234 2994 2286 τῆς
3031 2226 3296 2298 ἡμετέρας,
3338 2229 3405 2285 ὡς
3446 2229 3619 2288 εἰπεῖν,

2049 2317 2305 2376 πολιτείας
2334 2325 2522 2387 σχῆμα
2548 2316 2750 2378 δικαίως
2775 2319 3023 2389 ἐπήγαγεν
3049 2319 3206 2386 αὐτῷ,
3233 2323 3323 2374 τῆς
3351 2317 3442 2385 μὲν
3472 2325 3623 2369 Θεου-

2048 2409 2261 2463 πολιτῶν
2301 2410 2675 2480 έκεεϐλημένος,
2716 2408 2840 2464 διότι
2885 2429 2981 2485 περ
3045 2409 3194 2461 asta»
3241 2406 3266 2461 ὁ
3302 2407 3414 2462 κατ’
3444 2409 3627 2463 εκείνην

2049 2499 2365 2553 ἀπεσείσατο
2393 2501 2582 2573 θρόνος,
2615 2497 2695 2554 οἷα
2744 2498 2870 2570 μηδέ
2917 2511 3002 2557 την
3051 2501 3224 2572 ἀρχὴν
3273 2500 3432 2571 ὀρθῶς
3471 2500 3626 2555 αὐτῆς

2049 2590 2419 2660 έπειληιυμένον,
2455 2590 2560 2644 ἀλλ’
2587 2589 2618 2644 έ⁹
2619 2613 2668 2646 τι
2696 2591 2877 2654 ζῶντος
2903 2609 2955 2642 τε
2987 2592 3067 2642 καί
3098 2590 3145 2640 ἐν
3178 2595 3287 2646 ταῖς
3315 2587 3619 2656 ἁγιωτάταις

2049 2681 2333 2742 έτκλησίαις
2366 2684 2854 2754 ἀνακηρυττομένου,
2885 2688 2974 2735 τοῦ
3016 2683 3117 2755 πρὸ
3148 2683 3302 2736 αὐτοῦ
3347 2687 3436 2738 τήν
3476 2681 3624 2752 ίερω·

2047 2773 2201 2830 σύνην
2231 2774 2536 2843 ἐσχηκότος,
2565 2775 2705 2846 παρὰ
2734 2771 2785 2826 δέ
2811 2778 2902 2826 τοῦ
2922 2771 3032 2842 μετ’
3055 2773 3207 2824 αύτὶν
3233 2779 3323 2828 τῆς
3351 2771 3625 2842 ἱερωσύνης

2050 2860 2442 2922 έκπεπτωκότος’
2476 2865 2534 2916 ού
2564 2863 2759 2917 στάντα
2798 2860 2851 2916 δέ
2896 2864 3056 2936 μέχρι
3096 2863 3273 2914 τούτου
3311 2861 3474 2924 μόνον,
3507 2857 3618 2910 ἀλλ’

2046 2951 2141 3011 ἤδη
2187 2957 2268 3009 καὶ
2293 2954 2393 3008 ύπό
2439 2955 2594 3009 κοινὸν
2635 2955 3035 3023 άναθεματισμὸν
3087 2959 3173 3009 τῆς
3223 2949 3369 3022 ὀρθοδ
3397 2951 3484 3010 ξου
3534 2950 3614 3001 καί

2048 3044 2308 3105 καθολεκῆς
2337 3045 2596 3104 ἐκκλησίας
2621 3045 2904 3116 γενόμενον,
2934 3047 3008 3096 καί
3033 3043 3214 3097 πολλῶν
3242 3044 3357 3112 ἡμῖν
3381 3041 3610 3113 βιϐλίων,

383 3168 446 3209 ac
473 3152 752 3208 catholica:
772 3151 1023 3205 Ecclesiae
1044 3148 1491 3203 anathematismo
1521 3147 1743 3213 positus,
1766 3145 1948 3198 multis

2055 3141 2358 3212 βλασφήμων
2385 3161 2460 3202 τε,
2491 3143 2576 3194 καί
2601 3141 3014 3214 ἀπηγορευμένων
3057 3137 3381 3206 έμπλήσαντα
3422 3135 3481 3186 τὸ
3521 3155 3613 3186 πο·

381 3245 552 3312 libris,
576 3242 1024 3313 blasphemiisque
1053 3249 1105 3295 et
1133 3239 1614 3296 abominationibus
1637 3239 1787 3292 nobis
1815 3251 1948 3290 rem-

381 3337 646 3406 publicam
699 3331 958 3404 implevit.
1035 3331 1210 3398 Quare
1263 3329 1524 3386 universis
1584 3328 1947 3384 interdicimus

381 3427 579 3498 aliquid
611 3425 678 3480 de
707 3425 855 3480 libris
893 3424 1060 3494 ipsius
1095 3421 1389 3493 possidere.
1425 3423 1489 3475 Et
1519 3421 1652 3474 sicut
1692 3435 1797 3474 non
1826 3419 1950 3472 licet

382 3519 611 3576 Nestorii
635 3519 801 3574 libros
828 3518 1086 3583 scribere,
1115 3518 1197 3571 vel
1225 3515 1503 3585 possidere
1531 3514 1549 3582 (
1582 3513 1703 3582 quia
1740 3510 1948 3580 praede-

381 3609 686 3666 cessoribus
734 3609 927 3664 nostris
955 3607 1366 3676 imperatoribus
1398 3607 1449 3660 in
1476 3604 1587 3660 suis
1616 3603 1951 3659 constitutio-

382 3703 539 3759 nibus
573 3703 744 3758 visum
792 3712 872 3756 cst
914 3710 1149 3754 statuere
1198 3699 1388 3752 similia
1439 3697 1520 3752 his
1563 3711 1682 3766 quae
1724 3696 1864 3748 dicta
1896 3704 1951 3748 et

382 3795 578 3865 scripta
625 3802 749 3849 sunt
793 3808 823 3847 a
867 3791 1159 3862 Porpliyrio
1190 3791 1241 3843 in
1269 3785 1678 3856 Christianos),
1727 3786 1804 3839 sic
1851 3798 1951 3839 nec

368 3888 521 3943 -dicla
547 3896 603 3942 et
629 3888 825 3954 st-ripta
857 3885 1038 3939 Severi
1072 3892 1321 3936 maneant
1349 3895 1511 3947 penes
1537 3879 1766 3946 aliquem
1795 3875 1950 3930 Chri-

375 3977 616 4034 stianum
644 4016 658 4040 ,
690 3975 783 4031 sed
810 3976 916 4028 sint
951 3973 1169 4043 profana
1203 3982 1257 4025 et
1294 3973 1464 4025 aliena
1496 3971 1563 4022 ab
1593 3967 1827 4022 Ecclesia
1865 3982 1950 4020 ca-

377 4067 580 4123 tholica
609 4108 623 4133 ,
653 4066 879 4136 igneque
915 4063 1295 4119 comburantur
1321 4076 1351 4114 a
1382 4059 1779 4130 possidentibus
1805 4100 1818 4121 ,
1851 4057 1949 4111 nisi

385 4161 620 4231 qui-ipsa
642 4157 867 4224 habent,
902 4155 1070 4211 velint
1120 4152 1412 4224 periculum
1461 4151 1588 4220 pati.
1641 4151 1682 4203 A
1738 4150 1952 4203 nemine

382 4268 516 4323 ergo
565 4251 899 4314 scribantur,
949 4261 1122 4318 neque
1164 4245 1231 4300 ad
1280 4241 1744 4314 pulchritudinem,
1780 4252 1953 4308 neque

377 4347 452 4400 ad
489 4343 823 4400 velocitatem
851 4337 1218 4402 scribentium,
1248 4333 1470 4391 sciendo
1496 4332 1616 4402 quia
1664 4326 1952 4397 amputatio

387 4454 576 4499 manus
618 4437 702 4491 bis
728 4435 815 4505 qui
869 4435 1065 4501 scripta
1121 4429 1240 4500 ejus
1273 4428 1605 4496 scripserint,
1639 4438 1792 4492 poena
1820 4421 1948 4475 erit.

2050 3230 2282 3299 λίτευμα.
2309 3226 2467 3284 Ὠστε
2494 3234 2578 3283 καὶ
2620 3230 3002 3301 ἀπαγορεύομεν
3042 3227 3208 3279 ἅπασι
3235 3231 3334 3277 τῶν
3378 3226 3537 3276 αὐτοῦ
3572 3243 3623 3276 τι

2051 3320 2320 3376 κεκτῆσθαι
2344 3319 2567 3390 βιξλίων.
2613 3321 2709 3371 Καὶ
2738 3319 2910 3390 ὥσπερ
2941 3317 3031 3369 ούκ
3061 3312 3230 3376 ἔξεστι
3259 3317 3322 3366 τά
3352 3315 3622 3385 Νεστορίου

2049 3409 2276 3481 γράφειν,
2307 3407 2335 3466 ἢ
2365 3411 2639 3466 κεκτῆσθαι
2667 3407 2859 3480 βιϐλία,
2891 3405 3015 3461 διότι
3041 3413 3150 3464 τοῖς
3178 3406 3276 3476 πρὸ
3306 3405 3444 3474 ήμῶν
3471 3405 3626 3455 αύτο-

2050 3499 2338 3575 κράτορσιν,
2368 3498 2417 3551 έν
2446 3505 2563 3558 ταῖς
2605 3499 2794 3552 ἑαυτῶν
2821 3496 3127 3560 διατάξεσιν,
3163 3493 3297 3556 ἔδοξε
3343 3501 3448 3553 τοῖς
3489 3494 3627 3566 παρὰ

2053 3592 2328 3663 Πορφυρίου
2358 3591 2487 3643 κατὰ
2532 3595 2842 3663 Χριστιανῶν
2881 3589 3158 3662 εἰρημένοις
3198 3583 3345 3653 ὅμοια
3384 3585 3624 3636 καθεστά-

2051 3703 2153 3766 ναι,
2187 3681 2316 3734 οὕτω
2345 3684 2469 3751 μήτε
2496 3682 2562 3736 τά
2585 3685 2782 3755 Σευήρῳ
2811 3681 3026 3753 ρηθέντα
3049 3701 3124 3735 τε.
3155 3681 3239 3731 καί
3264 3679 3511 3752 γραφέντα
3539 3694 3627 3745 με·

2050 3790 2172 3824 νετω
2199 3771 2344 3846 παρά
2373 3791 2469 3824 τινι
2494 3778 2804 3845 Χριστιανῷ,
2844 3771 2948 3825 ἀλλ’
2983 3769 3117 3824 ἔστω
3145 3767 3356 3838 βέϐηλοι,
3384 3769 3464 3818 καὶ
3489 3763 3629 3818 ἀλλό-

2051 3884 2170 3936 τρια
2197 3871 2286 3924 τῆς
2329 3864 2585 3923 καθολικῆς
2614 3865 2899 3928 ἐκκλησίας,
2941 3864 3067 3936 πυρί
3105 3881 3159 3915 τε
3203 3859 3449 3932 φλεγέσθω
3493 3857 3630 3930 παρὰ

2051 3961 2150 4009 τῶν
2178 3956 2506 4024 κεκτημένων,
2537 3955 2582 4006 εἰ
2620 3959 2689 4024 μὴ
2729 3953 2991 4023 βούλονται
3038 3947 3341 4004 κινδυνεύειν
3380 3948 3424 3999 οἱ
3467 3953 3631 4000 ταίτα

2053 4043 2286 4115 ἔχοντες.
2330 4045 2601 4118 Γραφέσθω
2644 4065 2697 4098 τε
2744 4044 2885 4117 παρά
2926 4039 3134 4113 μηδενὸς
3175 4040 3232 4093 τὸ
3274 4038 3465 4099 λοιπὸν,
3507 4032 3629 4104 μηδέ

2051 4145 2150 4194 τῶν
2177 4141 2247 4199 είς
2292 4138 2488 4198 κάλλος.
2522 4135 2648 4206 μηδέ
2695 4144 2793 4190 τῶν
2840 4136 2911 4195 είς
2939 4135 3104 4202 τάχος
3151 4131 3457 4203 γῂαξὸντων,
3507 4125 3630 4196 μηδὲ

2054 4225 2199 4283 ἄλλου
2243 4230 2373 4287 τινὶς
2414 4235 2514 4282 τῶν
2562 4228 2789 4286 πάντων,
2839 4223 3029 4282 ε’δότος
3076 4223 3144 4280 ὡς
3188 4221 3422 4276 ἀποκοπή
3457 4216 3629 4288 χειρὸς

2053 4319 2200 4375 ἔσται
2227 4329 2336 4381 τοῖς
2361 4321 2426 4374 τά
2454 4321 2641 4373 έκεὶνου
2669 4321 2944 4389 γράφουσιν
2973 4317 3003 4372 ἡ
3030 4315 3194 4370 ποινή.
3228 4308 3356 4364 Ούδέ
3382 4311 3480 4384 γάρ
3508 4310 3628 4380 βου-

2051 4412 2236 4484 λὸμεθα
2264 4415 2444 4482 καὶτῷ
2480 4410 2756 4479 λειπομένῳ
2798 4407 2972 4478 χρόνῳ
3011 4409 3100 4462 τὴν
3144 4403 3192 4466 ἐξ
3226 4404 3420 4454 ἱκείνων
3452 4401 3630 4453 ἐπισύ-

390 4532 573 4601 Neque
605 4531 748 4583 enim
771 4525 1018 4600 volumus
1044 4524 1096 4577 in
1129 4522 1309 4576 iuturo
1331 4531 1575 4588 tempore
1596 4531 1661 4570 ex
1699 4514 1802 4568 illis
1844 4513 1952 4566 bla-

2059 4501 2236 4575 ρεσθαι
2260 4500 2599 4571 βλασοημίαν.
2633 4497 2845 4566 Ὀμοίως
2875 4494 2929 4550 δέ
2973 4493 3034 4552 δη
3062 4495 3145 4548 καί
3173 4497 3351 4545 τοῦτον
3382 4489 3631 4545 παντοίως

2070 4594 2083 4601 -
2306 4591 2316 4601 ι
2585 4589 2610 4601 Α
2702 4588 2720 4601 ι
2738 4585 2778 4601 Ι.
2871 4589 2881 4601 I
2957 4584 2983 4601 ﬂ
3027 4586 3037 4599 Ι
3221 4581 3247 4601 ﬁ
3379 4579 3395 4597 θ
3480 4599 3495 4601 -
3513 4599 3523 4601 _
3541 4600 3544 4601 ν
3560 4598 3571 4601 -
3587 4599 3597 4601 -

383 4620 682 4693 sphemiam
729 4615 986 4686 protrahi.
1020 4612 1280 4669 Similiter
1301 4619 1475 4664 autem
1501 4616 1556 4662 et
1580 4607 1702 4661 huic
1731 4602 1954 4658 interdi-

381 4714 562 4769 cimus
611 4709 831 4765 omnino
870 4704 1071 4775 regiam
1096 4703 1362 4758 civitatem
1395 4699 1622 4767 ingredi,
1650 4706 1737 4751 aut
1769 4695 1957 4749 distri-

386 4811 534 4858 ctum
562 4802 699 4872 eius,
728 4813 827 4854 nec
849 4797 1084 4866 aliquam
1115 4794 1273 4847 aliam
1319 4791 1386 4845 de
1432 4790 1745 4859 insignibus,
1781 4787 1872 4842 sed
1904 4788 1957 4840 in

393 4901 568 4970 aliqua
597 4897 880 4953 solitudine
903 4902 959 4952 et
984 4895 1038 4949 in
1067 4890 1278 4947 silentio
1307 4889 1496 4944 sedere
1515 4926 1531 4951 ,
1578 4894 1634 4939 et
1690 4900 1795 4937 non
1840 4898 1959 4937 cor-

397 5006 643 5060 rumpere
703 5000 950 5055 cazteros,
1002 4999 1176 5056 neque
1204 4983 1256 5037 in
1279 4977 1663 5048 blasphemiam
1689 4976 1833 5045 ipsos
1863 4973 1958 5028 ad-

395 5085 622 5148 ducere,
654 5092 710 5135 et
753 5095 859 5135 non
886 5091 1100 5147 semper
1128 5071 1327 5142 aliquid
1359 5068 1480 5123 novi
1509 5065 1748 5122 invenire
1775 5073 1960 5118 contra

398 5189 520 5230 vera
558 5173 804 5241 dogmata
837 5211 852 5236 ,
900 5183 997 5238 per
1027 5163 1168 5236 quod
1218 5174 1402 5215 rursus
1443 5157 1597 5212 nobis
1639 5152 1960 5210 conturbare

385 5266 758 5324 sanctissimas
789 5261 1058 5316 Ecclesias
1085 5255 1322 5312 festinet.

466 5358 595 5414 Car.
638 5353 700 5412 ll.
732 5380 803 5394 —
833 5351 935 5407 Sed
959 5363 1058 5403 nec
1086 5347 1296 5402 Petrum
1346 5343 1651 5411 episcopum
1681 5339 1920 5408 Apamia:
1941 5378 1956 5402 ,

387 5461 449 5507 et
473 5447 628 5506 simul
670 5445 737 5498 ab
767 5442 918 5511 ipsis,
950 5453 978 5492 a
1007 5437 1197 5508 quibus
1251 5434 1482 5489 Severus
1505 5472 1520 5496 ,
1577 5431 1677 5483 sub
1708 5428 1959 5495 prmdictn

395 5539 736 5596 anathemate
790 5531 1038 5602 positum,
1093 5523 1371 5593 imperium
1427 5521 1698 5584 admittit,
1729 5518 1822 5572 sed
1855 5518 1964 5570 sint

396 5629 571 5684 valida
597 5641 715 5696 qua:
753 5633 935 5678 contra
966 5621 1138 5687 ipsum
1165 5614 1313 5670 fuere
1354 5622 1572 5668 statuta.
1621 5609 1690 5663 Et
1728 5608 1814 5678 qui
1863 5607 1963 5661 sub

391 5716 668 5774 communi
699 5714 1144 5772 attatbcmatismo
1176 5707 1378 5778 positus
1407 5715 1510 5768 est,
1542 5703 1641 5757 sub
1666 5701 1782 5769 ip~o
1804 5708 1918 5752 esto
1946 5715 1958 5761 ;

2059 4591 2439 4662 άπαγορεύομεν
2468 4604 2557 4649 τῆς
2577 4585 2835 4659 βασιλίδος
2863 4584 3134 4638 ἐπιϐαίνειν
3162 4581 3350 4640 πολεως
3371 4579 3399 4637 ἦ
3434 4598 3628 4650 περιοι-

2055 4682 2192 4744 κίδος
2231 4684 2409 4748 αὐτῆς,
2444 4678 2593 4738 ἄλλης
2621 4699 2673 4732 τε
2704 4686 2802 4733 τῶν
2847 4677 3224 4750 ἐπισημοτέρων
3263 4675 3415 4740 τινὸς,
3446 4671 3547 4726 ἀλλ’
3585 4675 3633 4724 ἐν

2059 4779 2242 4850 ἐρημίᾳ
2269 4777 2387 4838 τινί,
2430 4775 2515 4827 καί
2556 4773 2756 4844 ἠσυχίᾳ
2803 4771 3071 4829 καθῆσθαι,
3115 4771 3196 4821 καί
3223 4771 3292 4836 μη
3334 4763 3630 4836 διαφθείρειν

2058 4867 2282 4938 ἑτέρους,
2326 4861 2451 4934 μηδέ
2485 4865 2554 4921 εἰς
2599 4861 2916 4930 βλασφημίαν
2966 4860 3149 4917 αύτούς
3195 4856 3456 4930 προάγειν,
3502 4851 3626 4922 μηδέ

2056 4959 2136 5011 άεί
2160 4976 2211 5011 τι
2239 4955 2404 5007 καινὸν
2428 4953 2729 5024 ἐξευρίσκειν
2753 4950 2884 5003 κατά
2909 4954 3007 5002 τῶν
3031 4947 3221 5004 ἀληθῶν
3244 4945 3528 5016 δογμάτων,
3562 4941 3628 4997 δι’

2058 5044 2118 5101 οὗ
2163 5046 2312 5101 πάλιν
2361 5047 2477 5114 ἡμῖν
2523 5042 2833 5116 συνταράξαι
2883 5040 2974 5098 τὰς
3022 5037 3310 5110 ἁγιωτάτας
3367 5034 3626 5092 ἐκκλησίας

2059 5138 2351 5193 σπεύσειεν.

2131 5336 2204 5386 Οὐ
2249 5337 2342 5403 μην
2386 5327 2499 5384 ούδε
2532 5339 2712 5400 ιιετρον
2738 5326 2822 5378 τὸν
2849 5322 3124 5393 ’Δπαμνίας
3150 5317 3408 5392 γενόμενον
3437 5313 3637 5366 irritato-

2067 5447 2180 5487 πον,
2210 5427 2296 5478 καί
2337 5421 2444 5492 ἅμα
2472 5423 2562 5490 μέν
2589 5417 2940 5494 καθῃρημένον,
2973 5413 3080 5484 ἅμα
3108 5409 3162 5465 δέ
3202 5407 3286 5463 έπί
3329 5413 3434 5464 τοῖς
3472 5405 3636 5460 αὐτοῖς

2067 5513 2139 5587 ἐφ’
2162 5512 2234 5574 οἷς
2262 5520 2470 5586 Σευῆρος
2510 5509 2611 5562 ύπό
2655 5493 2723 5561 τὸν
2753 5505 3008 5575 εἰρημένον
3036 5502 3256 5572 ἀνάθεμα
3301 5495 3575 5570 γενόμενον,
3606 5493 3639 5548 ἡ

2068 5606 2304 5675 βασιλεία
2333 5601 2619 5676 προσίεται,
2650 5598 2752 5650 ἀλλ’
2782 5595 2915 5650 ἔστω
2944 5603 3094 5671 κίρια
3121 5596 3204 5645 καὶ
3230 5594 3295 5644 τά
3337 5586 3450 5641 κατ’
3481 5584 3638 5640 αὐτον

2071 5693 2398 5766 ψηφισθέντα.
2433 5692 2530 5742 Καὶ
2559 5689 2657 5742 ύπὸ
2682 5689 2763 5741 τὸν
2789 5686 2944 5740 κοινὸν
2968 5686 3179 5752 ταχθείς
3210 5674 3638 5746 άναθεματισμὸν,
