3954 6146
384 289 514 352 1101

1591 284 1895 343 CONTRA
1934 284 2065 346 SEV
2075 281 2428 343 ERIANOS.

3489 277 3622 340 110?.

394 411 479 466 ὑπ’
504 410 653 466 αὐτὸν
691 407 847 471 ἴστω,
879 415 968 465 τῆς
1007 412 1106 460 τῶν
1148 402 1438 474 ἁγιωτάτων
1465 401 1752 475 ἀρχιερέων
1777 397 1960 471 προελ-

2076 404 2113 448 :t
2140 395 2405 450 sententia
2431 395 2886 450 sanctissimorum
2918 395 3224 463 pontiﬁcum
3252 436 3268 462 ,
3297 409 3414 464 quae
3446 396 3618 461 ipsum

392 503 576 560 θούσης
604 496 684 554 έπ’
705 499 878 556 αὐτοῖς
906 495 1070 566 ψήφου
1099 494 1275 569 κυρίας
1307 490 1659 561 διαμενούσης.
1700 489 1799 542 Οὐκ
1833 487 1958 557 ἐφίε-

395 607 482 662 μεν
507 590 561 647 δέ
602 589 719 644 ούδέ
759 591 923 658 ἐκείνῳ
957 586 1150 642 ’ταύτην
1187 586 1332 639 οἰκεῖν
1357 587 1446 640 τήν
1477 578 1714 652 βασιλίδα
1740 578 1900 636 πόλιν,
1927 575 1958 635 ἦ

393 689 483 742 τὴν
518 682 676 740 αὐτῆς
718 674 1018 754 περιοικίδα,
1062 673 1092 731 ἦ
1113 693 1224 728 τινα
1250 680 1348 727 τῶν
1385 672 1719 743 σεμνοτέρων,
1761 667 1867 720 ἀλλ’
1894 663 1960 718 ὧν

395 772 694 831 ἠκολούθησε
722 776 784 842 τῇ
810 767 994 834 πλάνῃ,
1029 764 1223 819 τούτων
1249 762 1496 833 μιμείσθω
1519 763 1602 814 καί
1629 763 1717 816 τήν
1741 756 1958 819 δίαιταν,

396 861 746 931 ἀπῳκισμένος
776 856 855 911 ὅτι
895 854 1232 926 ποόρωτάτω,
1277 853 1362 905 καί
1399 851 1630 926 κρύπτων
1660 847 1854 908 ἑαυτὸν,
1894 847 1963 904 ὥς

395 959 504 1012 τοῖς
530 973 588 1022 γε
626 950 872 1007 τοιούτοις
917 948 974 1002 τὸ
1014 944 1326 1019 κρύπτεσθαι
1374 942 1553 1014 μᾶλλον
1578 946 1668 995 τοῦ
1708 940 1964 1010 φαίνεσθαι

395 1039 832 1111 λυσιτελέστερον.
863 1033 1090 1107 ’Δφανεῑς
1132 1036 1222 1103 μὲν
1251 1033 1348 1103 γάρ
1378 1029 1515 1092 ἴντες
1555 1031 1763 1090 έαυτούς
1809 1049 1966 1082 κατα-

398 1127 657 1199 ωάῷουσι
686 1128 863 1194 μόνους
885 1141 897 1154 ’
920 1123 1317 1193 δημοσιεύοντος
1343 1121 1394 1175 δέ
1422 1122 1488 1175 τά
1509 1119 1702 1174 ἑαυτῶν
1734 1116 1967 1189 δόγματα

401 1217 604 1276 πολλοῖς
626 1222 726 1271 τῶν
753 1213 1092 1285 άφελεστέρων
1119 1212 1340 1284 ἀφορμήν
1357 1210 1606 1268 ἀπωλείας
1625 1207 1964 1284 παρέχουσιν,

406 1307 534 1378 ὅπερ
563 1305 670 1361 κατ’
719 1304 898 1360 οὐδένα
926 1304 1154 1375 γίνεσθαι
1191 1301 1376 1374 τρόπον
1440 1298 1488 1350 έν
1532 1306 1594 1366 τῇ
1639 1299 1966 1370 Χριστιανικῇ

399 1405 492 1453 τοῦ
522 1402 648 1452 Θεοῦ
677 1399 886 1468 ποίμνη,
934 1395 1014 1446 καὶ
1055 1397 1127 1460 τῷ
1171 1387 1414 1463 ὁρθοδόξῳ
1459 1388 1565 1459 λαῷ
1592 1385 1781 1442 δίκαιόν
1809 1389 1961 1450 ἐστιν,

398 1487 513 1543 οὐδέ
541 1487 682 1560 παρὰ
700 1493 791 1545 τῆς
818 1483 1076 1552 βασιλείας
1099 1479 1551 1553 συγχωρούμενον.

468 1600 604 1651 Ἐπεί
629 1594 682 1649 δέ
709 1597 792 1649 καὶ
821 1593 1018 1668 Ζωόραν
1046 1592 1266 1654 ἠξίωσαν
1294 1586 1417 1647 ὅλως
1442 1588 1539 1641 ύπὸ
1561 1585 1968 1656 ἀναθεματισμὸν

396 1687 446 1740 οἵ
478 1687 908 1754 σεϐασμιὼτατοι,
959 1685 1044 1736 καὶ
1090 1682 1154 1734 τά
1195 1677 1368 1734 δίκαια
1405 1680 1661 1751 κρίναντες
1704 1676 1968 1730 ἐπίσκοποι

2061 485 2338 552 praevenit,
2370 484 2520 539 ﬁrma
2551 494 2879 554 permanet".
2910 484 3092 552 Neque
3118 499 3246 539 vero
3269 481 3624 553 permit-timus

2061 573 2135 627 illi
2169 573 2304 629 hanc
2334 572 2531 643 regiam
2555 574 2739 629 urbem
2773 573 3013 629 habitare
3041 614 3056 638 ,
3093 584 3186 627 aut
3239 574 3404 643 ipsius
3447 571 3626 656 distri-

2060 670 2202 716 ctum
2225 706 2241 731 ,
2273 664 2357 717 vel
2385 663 2616 732 aliquam
2646 665 2713 718 de
2743 664 3066 732 insignibus;
3098 665 3194 718 sed
3216 678 3443 734 quorum
3467 677 3626 718 secu-

2063 761 2146 807 tus
2192 763 2276 809 est
2325 769 2584 820 errorem,
2623 755 2816 808 borum
2851 755 3086 809 imitetur
3115 759 3282 807 victus
3315 754 3573 828 rationem
3607 792 3624 818 ,

2063 857 2221 912 quam
2249 843 2559 911 longissime
2588 843 2882 897 abst-edens
2925 852 2978 898 et
3015 844 3293 896 occultans
3342 843 3576 910 seipsum
3609 858 3626 905 ;

2064 948 2186 987 nam
2215 934 2406 988 talibus
2433 933 2713 994 occultari,
2735 949 2891 1001 quam
2921 935 3085 990 videri
3118 937 3294 989 utilius
3322 944 3423 988 eet.
3459 933 3626 1002 Ignoti

2064 1024 2262 1078 etenim
2293 1023 2609 1090 existentes,
2636 1039 2694 1078 se
2724 1021 2867 1092 ipsos
2904 1023 3100 1078 laedunt
3127 1026 3272 1080 solos
3303 1043 3317 1077 :
3352 1024 3630 1092 publican-

2078 1121 2157 1166 tes
2185 1127 2311 1166 vero
2341 1128 2433 1166 sua
2465 1111 2741 1180 dogmata,
2773 1112 2952 1165 multis
2973 1128 3044 1166 ex
3087 1113 3498 1180 simplicioribus
3531 1127 3631 1166 oc-

2067 1199 2334 1253 casionem
2396 1200 2709 1268 perditionis
2763 1202 3026 1269 praebent;
3084 1201 3223 1268 quod
3271 1201 3416 1254 nullo
3463 1201 3626 1254 modo

2069 1289 2180 1344 ﬁeri
2233 1291 2284 1344 in
2335 1290 2640 1345 Christiano
2686 1291 2811 1345 ovili
2867 1292 2958 1345 Dei
2999 1301 3054 1346 et
3083 1291 3378 1345 orthodoxo
3434 1291 3629 1360 populo

2066 1389 2275 1445 equum
2301 1387 2401 1442 est,
2431 1392 2600 1447 neque
2625 1378 2692 1433 ab
2722 1378 2944 1447 imperio
2970 1378 3287 1448 permissum
3314 1387 3416 1433 est.

2141 1565 2266 1620 Car.
2313 1565 2400 1620 lll.
2424 1597 2496 1609 —
2519 1566 2779 1634 Quoniam
2809 1584 2936 1624 vero
2963 1579 3017 1625 et
3036 1569 3264 1625 Zoaram
3287 1571 3501 1643 dignum
3533 1587 3624 1641 pe-

2072 1654 2218 1708 nitus
2259 1655 2566 1724 judicarunt
2615 1659 2715 1711 sub
2763 1659 3200 1716 anatltematismo
3230 1676 3350 1716 esse
3375 1677 3628 1716 reveren-

400 1757 725 1841 ποιήσασθαι,
766 1773 947 1847 μικράν
981 1790 1093 1825 τινα
1132 1769 1441 1843 παρενθήκην
1467 1773 1566 1819 τῶν
1583 1764 1819 1819 τοιούτων
1847 1759 1967 1817 ὅντα

2076 1742 2274 1796 dissilui
2301 1785 2318 1809 ,
2352 1755 2403 1798 ct
2440 1746 2529 1813 qui
2567 1743 2712 1812 justa
2747 1746 2984 1815 judicent
3032 1749 3263 1816 episcopi
3289 1748 3435 1818 (cum
3470 1760 3629 1817 parva

405 1873 588 1927 κακῶν,
618 1865 668 1918 έν
696 1861 768 1923 οἷς
803 1865 1097 1935 ἠτίμσσται,
1139 1861 1197 1913 τὸ
1236 1863 1354 1929 γοῦν
1381 1854 1506 1917 ὅλως
1528 1863 1712 1924 τυχεῖν
1736 1855 1868 1913 τινὸς
1895 1855 1972 1906 εύ-

395 1959 702 2027 πορήσαντα
730 1957 946 2025 μνήμης,
977 1950 1110 2006 ἔστω
1140 1953 1224 2002 καί
1252 1947 1454 2020 Ζωόρας
1481 1954 1572 2006 τῆς
1600 1950 1820 2018 πονηρᾶς
1847 1947 1976 2000 ταύ-

401 2065 494 2104 της
523 2039 746 2114 μερίδος,
773 2033 994 2108 ’Δνθίμόυ
1026 2059 1102 2102 τε,
1125 2040 1204 2091 καὶ
1235 2040 1471 2112 Σευήρου,
1502 2036 1584 2088 καί
1610 2035 1797 2108 Πέτρου
1819 2035 1975 2103 φαμέν

403 2132 692 2203 παρενθήκη
733 2151 810 2188 τις
850 2129 1069 2191 εὐτελὴς,
1111 2129 1193 2181 καὶ
1225 2128 1275 2179 ἒν
1305 2134 1411 2185 τοῖς
1445 2124 1974 2192 ἀνατεθεματισμένοις

398 2223 488 2272 καί
523 2220 678 2278 αὐτὸς
720 2219 956 2288 τετάχθω
987 2225 1077 2276 τῆς
1121 2217 1372 2289 ἱερατικῆς
1401 2213 1548 2268 αὐτὸν
1576 2213 1973 2283 κατενεγκούσης

402 2308 591 2380 ψήφου,
628 2308 686 2365 ἢν
712 2309 888 2380 κυρίαν
916 2309 1001 2360 καί
1038 2306 1194 2362 αὐτὴν
1230 2301 1298 2376 έφ’
1320 2303 1502 2361 ἑαυτῆς
1531 2296 1708 2356 οὖσαν,
1731 2299 1974 2374 κυριωτέ-

402 2417 497 2468 ραν
521 2394 553 2450 έ¹
553 2418 604 2451 τι
627 2397 811 2466 μᾶλλον
830 2399 861 2454 ἠ
887 2395 1121 2465 βασιλεία
1147 2401 1303 2458 ποιεῖ,
1329 2394 1412 2445 καὶ
1435 2397 1606 2446 τοῦτον
1644 2390 1975 2454 ἐξελαύνουσα

400 2493 491 2545 τῆς
514 2483 774 2556 βασιλίδος
796 2481 988 2542 ταύτης
1015 2483 1227 2545 πόλεως,
1247 2483 1330 2535 καί
1356 2487 1447 2538 τῆς
1470 2481 1622 2538 αὐτῆς
1643 2475 1967 2552 πιριοικίδος,

402 2571 487 2621 καί
517 2570 600 2622 ἐπὶ
621 2573 711 2627 τήν
746 2575 846 2622 τῶν
885 2567 1072 2622 πόλεων
1097 2565 1291 2624 οἴκησιν
1329 2565 1464 2631 αὐτῷ
1497 2565 1746 2621 παντοέως
1779 2565 1973 2635 ἀπαγο-

404 2653 646 2722 ρεύουσα.
671 2653 804 2706 ὥστε
817 2651 928 2722 μετ’
948 2653 1142 2705 ἐκείνων
1162 2651 1322 2722 μόνων
1346 2650 1491 2702 οἰκεῖν
1509 2667 1585 2712 τε,
1611 2649 1693 2700 καί
1714 2647 1974 2717 βουλεύεσ-

405 2745 484 2793 ea:
509 2748 608 2796 τῶν
648 2739 933 2813 ἔμπροσθεν
958 2743 1073 2809 ἡμῖν
1113 2741 1400 2814 εἰρημένων,
1433 2737 1583 2810 ὅμοια
1620 2740 1710 2810 μέν
1745 2739 1972 2810 βλασφη-

402 2833 647 2899 μούντων,
675 2829 826 2900 ὅμοια
853 2829 908 2885 δέ
950 2834 1033 2883 καί
1075 2830 1344 2891 παθόντων,
1371 2828 1552 2899 ὁμοίως
1581 2827 1633 2884 δέ
1673 2831 1752 2882 καί
1779 2847 1972 2902 περιωο

403 2922 672 2992 ρισμένων.
694 2923 752 2970 Εἰ
775 2917 827 2974 δέ
843 2942 893 2976 τι
918 2921 1000 2973 καί
1024 2920 1192 2992 ἕτερον
1222 2927 1283 2993 τῇ
1314 2927 1411 2974 τῶν
1440 2918 1736 2989 ἁγιωτάτων
1764 2918 1972 2972 ἐπισκό-

403 3029 514 3060 πων
540 3007 840 3081 περιέχεται
862 3008 1007 3082 ψήφῳ
1034 3015 1094 3082 τῇ
1114 3011 1230 3069 τοὺς
1249 3009 1640 3084 προειρημένους
1667 3008 1974 3081 καθαιρούσῃ

2071 1833 2317 1903 qumdam
2349 1835 2530 1889 talium
2558 1836 2817 1891 malorum
2842 1839 3172 1908 interpositio
3197 1839 3262 1894 sit
3279 1844 3326 1912 ),
3351 1851 3404 1894 et
3433 1841 3485 1894 iu
3513 1839 3633 1909 qui-

2075 1921 2173 1976 bus
2197 1924 2576 1980 deltonestatus
2615 1933 2728 1992 est,
2770 1930 2948 1981 omnia
2977 1927 3218 1983 videlicet
3239 1929 3632 1998 comprehendo

2073 2033 2137 2072 ex
2171 2020 2424 2074 memoria
2455 2021 2682 2089 quadam
2714 2021 3042 2088 abundanti;
3075 2025 3144 2076 sit
3172 2035 3222 2076 et
3245 2024 3440 2078 Zoaras
3465 2024 3631 2078 inter-

2073 2109 2266 2177 positio
2303 2111 2544 2179 quaedam
2592 2128 2751 2181 parva
2795 2113 2951 2182 hujus
2999 2115 3150 2168 mala:
3181 2117 3343 2183 partis
3373 2113 3632 2186 (Antbimi

2055 2197 2295 2252 dicimus
2346 2206 2401 2254 et
2443 2200 2626 2255 Severi
2680 2215 2742 2256 ac
2782 2199 3003 2272 Petri),
3050 2213 3105 2258 et
3159 2213 3467 2258 numeretur
3519 2203 3633 2271 ipse

2072 2301 2282 2356 quoque
2311 2287 2452 2344 inter
2477 2291 2970 2358 anathematizatos,
3003 2307 3151 2346 sacra
3177 2291 3436 2348 sentemia
3463 2293 3634 2361 ipsum

2071 2377 2353 2446 dejiciente
2386 2396 2582 2447 :quam
2627 2380 2837 2435 ﬁrmam
2885 2392 2948 2437 et
2997 2383 3164 2452 ipsam
3211 2399 3277 2438 es
3308 2385 3481 2450 seipse
3519 2383 3636 2438 esi-

2070 2476 2336 2532 stcutem,
2382 2470 2554 2524 albus
2606 2472 2890 2525 ﬁrmiorem
2957 2473 3240 2541 imperium
3285 2473 3460 2526 reddit
3509 2487 3524 2524 :
3582 2480 3642 2526 et

2075 2556 2215 2609 lmnc
2241 2557 2311 2610 de
2341 2559 2439 2612 hac
2467 2561 2608 2623 regis
2634 2562 2774 2616 urbe
2803 2570 2855 2615 et
2883 2561 3002 2628 ejus
3030 2562 3269 2616 districto
3314 2561 3497 2630 abiit-it
3523 2601 3538 2626 ,
3584 2569 3640 2615 et

2075 2642 2454 2702 habitationem
2485 2648 2536 2701 in
2565 2647 2684 2704 aliis
2724 2651 3028 2705 civitatibus
3066 2650 3166 2719 ipsi
3215 2650 3432 2704 omnino
3473 2649 3638 2704 inter-

2075 2733 2202 2789 dicit
2227 2752 2243 2802 ;
2267 2735 2448 2807 itaque
2469 2753 2587 2792 cum
2619 2738 2724 2793 illis
2746 2740 2879 2794 solis
2902 2740 3099 2795 habitet
3123 2750 3180 2796 et
3205 2740 3470 2796 consultet
3493 2741 3583 2810 qui
3607 2755 3636 2792 a

2070 2829 2227 2882 nobis
2258 2837 2381 2882 aute
2413 2831 2690 2883 memorati
2721 2839 2883 2884 sunt:
2911 2831 2998 2900 qui
3040 2831 3230 2886 similia
3278 2832 3488 2901 quidem
3520 2832 3631 2886 bla-

2075 2919 2353 2986 sphen’aut
2382 2959 2396 2981 ,
2448 2917 2642 2973 sizniEia
2699 2933 2823 2972 vero
2868 2921 3154 2988 patiuntur,
3199 2930 3254 2974 et
3301 2919 3551 2975 sintiiitcr
3580 2921 3632 2974 in

2074 3007 2296 3061 exilium
2344 3009 2642 3062 mittuntur.
2688 3007 2747 3063 Si
2783 3009 2910 3080 quid
2952 3024 3081 3064 vero
3121 3007 3262 3064 aiiud
3290 3009 3341 3062 in
3371 3011 3636 3065 sententia

411 3121 484 3158 τε,
513 3101 597 3149 καί
632 3100 1082 3170 ὄωαθεματ-ιζούση,
1118 3099 1285 3174 κύριον
1329 3096 1382 3151 δέ
1423 3100 1687 3151 καὶτοῦτο
1715 3097 1968 3168 τιθέμεθα,

2076 3098 2531 3154 sanctissin
2583 3099 2978 3168 episcoporum
3004 3101 3327 3166 continetur,
3358 3117 3477 3173 qua:
3500 3118 3638 3173 prte-

406 3187 494 3238 καί
518 3192 620 3244 τοῖς
658 3188 824 3249 eam,
855 3190 936 3238 καὶ
965 3187 1236 3259 βασιλικοῖς
1266 3190 1403 3256 ἡμῶν
1453 3187 1577 3240 αὐτὸ
1605 3187 1772 3255 νόμοις
1801 3189 1965 3238 ἐπικυ-

410 3281 615 3347 ροῦμεν,
643 3277 708 3334 ὡς
730 3271 791 3328 ἂν
833 3279 877 3328 εἰ
921 3279 1065 3348 παρὰ
1109 3286 1199 3336 τῆς
1237 3276 1498 3345 βασιλείας
1541 3277 1702 3335 αὐτῆς
1736 3276 1971 3352 προελθὸν

409 3366 707 3437 ἐτύγχανεν.
731 3369 784 3419 Εἰ
809 3365 863 3420 δέ
883 3367 968 3420 καί
992 3388 1066 3426 τις
1096 3368 1257 3421 αὐτῶν
1290 3368 1426 3424 ἁλοίη
1450 3369 1504 3421 τῦ
1532 3367 1708 3420 λοιπὸν
1733 3368 1969 3441 πράττων

410 3477 460 3508 τι
479 3456 623 3525 παρὰ
668 3457 733 3510 τά
780 3453 1208 3525 διατετυπωμένα,
1241 3454 1371 3510 ἵστω
1416 3458 1501 3510 καί
1548 3463 1656 3516 τοῖς
1696 3455 1974 3524 βασιλικοῖς

411 3545 828 3615 ύποπεσούμενος
855 3546 1054 3616 νόμοις,
1087 3545 1132 3600 οἳ
1158 3540 1252 3606 τάς
1285 3546 1520 3605 ἐλάττους
1558 3553 1657 3600 τῶν
1685 3553 1864 3601 ποινῶν
1895 3553 1975 3599 ῖκ-

412 3633 676 3699 κλίνοντες,
716 3637 787 3694 εἰς
838 3637 1041 3705 μείζους
1095 3635 1400 3704 έμϐάλλουσι
1445 3637 1541 3694 τὰς
1579 3636 1971 3707 ἀγανακτήσεις.

411 3723 808 3797 Ἀπαγορεύομεν
831 3725 886 3781 δέ
913 3728 998 3780 καὶ
1019 3730 1171 3781 παντὶ
1197 3733 1269 3798 τῷ
1292 3730 1384 3783 την
1413 3726 1671 3784 καθολικὴν
1717 3724 1977 3784 ἐκκλησίαν

413 3822 502 3870 τοῦ
527 3822 656 3871 Θεοῦ
683 3815 908 3888 διασπᾷν
935 3818 1300 3890 ἐπιχειροῦντι,
1321 3815 1418 3872 εἴτε
1441 3818 1675 3877 κατάτήν
1697 3821 1972 3890 Νεστορίον

413 3912 506 3959 τοῦ
529 3907 899 3980 φρενοϐλαϐοὗς
924 3907 1188 3979 ὑφήγησιν,
1221 3904 1319 3962 εἴτε
1359 3911 1482 3963 κατά
1514 3912 1604 3966 τήν
1629 3907 1838 3966 ἀνόητον
1877 3905 1978 3960 Εὗ-

413 4005 616 4068 τυχοῦς
660 3997 955 4073 παράδοσιν,
984 3997 1082 4054 εἴτε
1123 4001 1250 4054 κατὰ
1285 4005 1374 4058 τὴν
1407 4005 1624 4078 Σευηρου
1659 4003 1977 4076 βλασφημίαν

417 4091 577 4142 ταυτά
599 4091 840 4148 κάκείνοις
865 4094 1152 4155 νοήσαντος,
1185 4089 1278 4144 εἴτε
1309 4099 1406 4146 τῶν
1435 4095 1634 4153 ἐκείνοις
1654 4095 1978 4148 ἀκολουθούν-

415 4201 512 4233 των
537 4187 647 4239 ταῖς
671 4180 978 4252 ἁγιωτάταις
997 4183 1306 4242 Ἐκκλησίαις
1328 4186 1569 4256 ταραχάς
1591 4186 1863 4258 ἐμϐάλλειν,
1892 4190 1978 4240 καί

412 4270 706 4341 φ’)έγγισθαί
734 4294 780 4326 τι
809 4275 926 4342 περί
966 4276 1208 4333 πίστεως·
1257 4273 1380 4328 ἀλλὰ
1428 4277 1726 4346 θεσπίζομεν
1766 4279 1977 4333 ἕκαστον

416 4367 515 4410 τῶν
539 4362 773 4414 τοιούτων
804 4367 892 4419 τήν
921 4363 1146 4434 ἡσυχίαν
1176 4359 1333 4435 ἄγειν,
1367 4368 1448 4418 καί
1478 4364 1598 4423 μηδὲ
1620 4368 1880 4440 συγκαλεῖν
1905 4370 1974 4427 εἰς

2072 3188 2240 3242 dictos
2265 3188 2516 3256 deponit,
2539 3197 2594 3243 et
2615 3188 3045 3254 auathematizat,
3079 3189 3179 3245 hoc
3208 3189 3412 3252 ﬁrmius
3445 3191 3625 3246 reddi-

2071 3292 2191 3332 mus
2213 3286 2266 3332 et
2291 3277 2509 3345 divinis,
2541 3292 2604 3332 ac
2632 3279 2988 3348 imperialibus
3010 3283 3207 3336 nostris
3234 3281 3436 3350 legibus
3467 3281 3635 3351 ipsum

2083 3366 2519 3432 corroboramus,
2550 3381 2612 3422 ac
2641 3368 2686 3421 si
2703 3368 2772 3423 ab
2801 3371 3023 3439 imperio
3051 3372 3174 3441 ipso
3202 3372 3550 3441 provenisset.
3581 3374 3637 3428 Si

2077 3469 2205 3510 vero
2225 3454 2418 3524 aliquis
2443 3456 2676 3526 ipsorum
2702 3457 3130 3528 deprehendatur
3151 3461 3217 3517 de
3245 3471 3440 3518 cetero
3461 3461 3639 3519 facere

2077 3546 2275 3616 aliquid
2307 3558 2498 3615 praeter
2527 3550 2831 3618 constituta,
2877 3552 3012 3605 sciat
3043 3566 3100 3606 se
3127 3552 3382 3608 incidisse
3405 3553 3458 3608 in
3485 3554 3632 3625 leges

2079 3639 2405 3708 imperiales,
2430 3654 2550 3710 quae
2580 3641 2814 3696 minores
2847 3656 3028 3711 pte-uas
3045 3644 3394 3710 declinantes,
3430 3646 3496 3700 ad
3526 3661 3639 3700 tua-

2073 3729 2222 3800 iores
2249 3729 2542 3785 immittunt
2587 3731 2994 3803 indignationes.
3041 3734 3413 3792 lnterdicimus
3459 3748 3634 3792 autem

2076 3828 2132 3873 et
2155 3818 2401 3876 onibus
2423 3822 2741 3878 conantibus
2766 3823 3080 3880 catholicam
3106 3827 3195 3881 Dei
3231 3828 3520 3883 Ecclesiae:
3559 3830 3640 3882 di-

2080 3910 2280 3967 vellere
2303 3912 2443 3984 (sive
2464 3914 2753 3970 secundum
2775 3914 3002 3973 Nestorii
3042 3918 3278 3975 haeretici
3315 3919 3635 3985 doctrinam.

2078 4000 2191 4056 sive
2231 4002 2523 4057 secundum
2553 4005 2809 4060 insensati
2841 4007 3093 4079 Eutycbis
3143 4009 3501 4079 traditionem,
3527 4013 3642 4068 sive

2079 4093 2370 4148 secundum
2418 4094 2799 4164 blasphemiam
2835 4097 3040 4166 Severi,
3069 4099 3158 4170 qui
3195 4111 3255 4158 et
3301 4102 3498 4158 similia
3540 4103 3644 4160 illis

2079 4179 2355 4246 intellexit,
2381 4193 2470 4237 aut
2493 4199 2678 4240 eorum
2703 4188 2788 4255 qui
2817 4187 2934 4242 illos
2955 4193 3292 4259 sequuntur),
3325 4192 3638 4248 seditionem

2077 4273 2364 4327 immittere
2391 4275 2740 4330 sanctissimis
2765 4276 2948 4333 Eccles
2970 4279 3036 4345 is,
3065 4287 3118 4334 et
3158 4279 3299 4349 loqui
3335 4281 3529 4350 aliquid
3573 4284 3641 4338 de

2082 4363 2214 4426 ﬁde;
2249 4361 2340 4417 sed
2367 4365 2634 4418 sancimus
2663 4367 2956 4431 quemlibet
2999 4369 3182 4426 talium
3203 4370 3439 4439 quietum
3467 4387 3589 4428 esse
3621 4414 3638 4439 ,

418 4446 598 4504 ἑαυτόν
627 4472 787 4512 τινας,
815 4457 938 4521 μήτε
972 4453 1272 4526 προσιόντας
1300 4453 1569 4524 δέχεσθαι,
1591 4455 1620 4514 ἧ
1649 4457 1973 4530 παραϐαπτί-

2085 4462 2139 4507 et
2166 4468 2270 4507 non
2297 4467 2594 4510 convocare
2623 4456 2824 4525 aliquos
2863 4457 2927 4513 ad
2958 4473 3017 4514 se
3040 4497 3058 4525 ,
3110 4476 3279 4530 neque
3326 4461 3642 4519 accedentes

418 4544 518 4602 ζειν
541 4541 759 4618 θαρρεῖν·
795 4541 824 4600 ἦ
858 4547 947 4600 την
975 4543 1110 4615 ἱερὸν
1145 4547 1400 4600 κοινωνίαν
1427 4547 1708 4618 ῥυπαίνειν,
1741 4548 1826 4598 καί
1853 4548 1980 4599 ταύ-

420 4649 512 4691 της
537 4631 856 4704 μεταδιδόναι
884 4637 1038 4699 τισίν,
1065 4634 1095 4692 ἦ
1116 4637 1210 4696 τάς
1232 4638 1642 4712 ἁπηγορευμένας
1661 4636 1981 4697 διδασκαλίας

421 4725 739 4795 ὑφηγεῖσθαι,
772 4723 802 4782 ἢ
830 4726 914 4778 ἐπὶ
939 4727 1128 4785 ταύτης
1157 4735 1247 4786 τῆς
1277 4727 1541 4798 βασιλίδος
1589 4731 1726 4798 ὑμῶν
1771 4731 1981 4791 πόλεως,

428 4810 445 4822 α
483 4813 495 4828 .
533 4811 548 4832 ν
586 4812 599 4830 .
643 4813 655 4829 ι
812 4815 824 4831 .
892 4813 903 4832 .
943 4814 955 4832 .
1070 4820 1092 4830 -
1284 4817 1293 4830 .
1459 4820 1467 4831 .
1720 4817 1742 4836 υ
1945 4825 1962 4835 .

420 4833 450 4866 η
476 4831 532 4883 ιφ
578 4832 774 4886 ετερας,
801 4812 888 4866 αλλ
931 4817 1208 4886 υφορασθαι
1230 4837 1396 4872 παντα
1421 4816 1662 4881 κινδυνον,
1694 4839 1736 4873 ει
1756 4841 1806 4874 τι
1833 4840 1986 4873 τοιου-

421 4921 504 4954 τον
525 4901 782 4978 πράξαιεν.
815 4900 1214 4977 ’Δπαγορεύομεν
1238 4904 1292 4960 δέ
1339 4911 1420 4961 καί
1457 4914 1592 4963 πᾶσι
1618 4911 1830 4970 τούτους
1855 4913 1984 4963 ύπο-

417 4989 684 5062 δέχεσθαι.
714 4992 1026 5048 ’Δπελσύνειν
1066 4999 1154 5063 μέν
1199 4991 1285 5050 οὖν
1325 5001 1618 5070 Θεσπίζομεν
1662 5002 1848 5062 αὐτοὺς
1883 5008 1981 5054 τῶν

421 5082 511 5135 ὑπ’
537 5084 704 5138 αὐτῶν
744 5086 1125 5155 ταραττομένων
1161 5085 1366 5154 πόλεων,
1408 5089 1604 5153 εἰδότας
1651 5095 1743 5153 τάς
1786 5092 1982 5155 ποινάς,

419 5176 512 5231 τὰς
532 5177 649 5233 ταῖς
671 5175 820 5233 θείαις
844 5175 982 5240 ἡμῶν
999 5172 1094 5231 ἤδη
1114 5180 1481 5248 περιεχομένας
1501 5177 1811 5244 διατάξεων,
1831 5183 1983 5253 αἴπερ

419 5264 505 5314 καί
534 5263 627 5321 τάς
651 5262 808 5321 οἰκίας
837 5256 1012 5324 αὐτάς,
1050 5261 1100 5314 έν
1128 5259 1206 5324 αἶς
1232 5266 1460 5319 τοιοῦτόν
1489 5287 1540 5321 τι
1566 5271 1870 5340 πράττεται.
1899 5272 1984 5322 καί

419 5357 488 5408 τά
516 5355 688 5426 χωρία
707 5353 759 5415 έξ
781 5347 848 5404 ὧν
873 5353 966 5410 τάς
988 5352 1273 5426 άποτροφάς
1302 5363 1664 5427 χορηγοῦνται,
1687 5365 1804 5418 ταῖς
1832 5358 1984 5430 ἄνεω-

419 5442 600 5501 «itm:
626 5441 939 5502 Ἐκκλησίαις
981 5448 1350 5518 προσκυροῦσι,
1403 5451 1501 5498 τῶν
1539 5447 1632 5517 μέν
1678 5450 1983 5518 κεκτημένων

420 5531 798 5603 ἆτοιρούμεναι,
829 5531 957 5586 διότι
999 5533 1187 5601 βλάϐης
1218 5535 1355 5588 αἰτία
1392 5543 1498 5595 τοῖς
1523 5535 1887 5611 ἁπλουστέροις
1911 5541 1982 5610 γί-

418 5643 577 5680 νεται.
611 5622 710 5674 ὑπὸ
740 5620 792 5674 δὲ
819 5624 910 5682 τάς
933 5622 1214 5694 ἁγιωτάτας
1257 5627 1341 5679 καί
1379 5623 1665 5695 ὁρθοδόξους
1692 5629 1980 5689 Ἐκγλησίας

2083 4543 2340 4610 recipere,
2372 4550 2462 4596 aut
2486 4559 2766 4613 perperam
2793 4545 3062 4617 baptizare
3083 4549 3298 4615 audere,
3321 4559 3414 4606 aut
3435 4565 3641 4610 sacram

2081 4631 2512 4686 communionem
2541 4634 2836 4700 sordidare,
2851 4646 2907 4692 et
2934 4639 3100 4707 ipsam
3121 4639 3388 4710 aliquibus
3409 4642 3640 4712 tradere,

2087 4729 2173 4774 aut
2204 4719 2516 4776 interdictas
2549 4723 2818 4782 doctrinas
2847 4742 3115 4798 exponere
3133 4730 3244 4790 sive
3267 4733 3320 4788 in
3341 4732 3441 4794 hac
3457 4743 3638 4794 nostra

2087 4810 2252 4881 regia,
2304 4810 2418 4867 sive
2463 4812 2514 4866 in
2562 4814 2664 4868 alia
2703 4815 2954 4882 civitate;
3004 4819 3101 4874 sed
3141 4835 3300 4878 omne
3349 4822 3640 4891 perieulum

2088 4899 2438 4957 reformidare
2462 4942 2477 4962 .
2507 4904 2554 4958 si
2586 4904 2710 4972 quid
2741 4905 2844 4960 tale
2870 4906 3046 4962 faciat.
3089 4911 3454 4968 Interdicimus
3478 4916 3638 4971 etiam

2084 4989 2354 5055 omnibus.
2387 5005 2456 5046 ne
2481 4994 2610 5047 istos
2640 4994 2952 5066 suscipiant.
2983 4997 3156 5068 Abjici
3194 5015 3319 5074 ergo
3350 5001 3492 5070 ipsos
3520 5019 3646 5059 san-

2083 5079 2252 5134 cimus
2294 5079 2362 5135 de
2414 5081 2716 5137 civitatibus
2753 5083 2820 5138 ab
2872 5085 3000 5158 ipsis
3032 5088 3312 5144 concitatis
3343 5129 3359 5155 ,
3408 5093 3642 5150 scientes

2088 5181 2270 5234 muas
2296 5168 2406 5237 jam
2435 5181 2711 5226 contentas
2741 5173 2792 5229 in
2828 5176 3024 5232 nostris
3057 5176 3254 5234 divinis
3304 5183 3641 5238 constitutio-

2086 5257 2260 5321 nibus,
2289 5273 2408 5328 quae
2434 5267 2489 5314 et
2515 5260 2703 5318 domos
2754 5263 2913 5332 ipsas,
2963 5266 3016 5322 iu
3059 5267 3252 5335 quibus
3281 5269 3386 5326 tale
3409 5270 3532 5341 quid
3562 5270 3641 5338 ﬁt,

2083 5353 2138 5398 et
2173 5359 2389 5416 campos
2418 5363 2482 5402 ex
2510 5351 2704 5419 quibus
2731 5351 3052 5410 nutrimenta
3075 5357 3394 5424 praebentur,
3419 5360 3643 5414 sanctis,

2084 5446 2229 5500 simis
2243 5446 2495 5503 Ecclesiis
2517 5451 2802 5520 assignant,
2825 5461 2878 5508 et
2895 5467 2922 5506 a
2954 5455 3340 5524 possidentibus
3365 5455 3634 5524 auferunt,

2083 5540 2202 5608 quia
2226 5539 2529 5595 detrimenti
2553 5557 2710 5596 causa
2741 5544 2794 5596 ﬁt
2821 5545 3262 5610 simplicioribus;
3287 5545 3640 5602 sanctissimis

2087 5644 2210 5682 vcro
2262 5638 2315 5683 et
2359 5630 2670 5689 orthodoais
2706 5634 2953 5688 Ecclesiis
3001 5635 3114 5688 haec
3157 5636 3298 5704 juste
3331 5633 3633 5703 subjiciunt.
