3998 6146
421 301 558 369 1105

1341 305 1782 366 TRACTATUS
1819 305 2116 366 CONTRA
2153 298 2755 366 MONOPHYSITAS.

3535 299 3670 365 1106

417 421 614 488 ἐγγὺς,
676 417 792 470 ὅσοι
844 416 903 468 τὸ
951 417 1046 486 τῆς
1092 415 1329 478 πίστεως
1378 419 1474 470 καὶ
1517 419 1742 490 εἰρήνης
1791 418 1999 487 ἀγαθὸν

2113 419 2451 483 mandamus,
2486 417 2681 472 audito
2707 431 2774 471 ex
2811 413 2900 470 his
2923 429 3046 484 quae
3069 413 3139 470 ad
3173 429 3275 470 nos
3309 416 3514 486 scripta
3543 427 3672 472 sunt

416 509 793 580 ἀσπαζόμενοι
843 507 1144 574 φαίνονται.
1204 509 1392 562 Ταῦτα
1425 509 1482 563 δέ
1519 527 1700 582 φαμεν
1731 511 1868 582 πρὸς
1903 511 1994 580 τὴν

417 600 699 672 ὑμετέραν
731 599 1010 668 θεοφιλίαν
1031 637 1046 662 ,
1105 599 1491 672 μεμαθηκότες
1523 603 1588 654 ἐκ
1619 601 1728 654 τῶν
1757 601 1998 672 γραφέν-

402 712 529 748 ,των
573 694 706 762 ἡμῖν
757 695 908 763 παρὰ
953 691 1050 744 τοῦ
1097 694 1522 766 μακαριωτάτου
1563 695 1996 766 ἀρχιεπισκόπου

418 785 522 854 τῆς
557 783 955 854 ’Λλεξανδρέων
999 783 1094 836 καὶ
1128 785 1469 856 πατριάρχου
1499 785 1726 850 Ζωΐλου,
1777 786 1859 838 ὅτι
1899 785 1999 856 τὴν

420 875 497 945 τῷ
529 873 650 943 Θεῷ
691 873 854 944 φίλην
894 875 1123 946 εἰρήνην
1158 877 1546 946 ἀσπασάμενοι
1587 875 1999 946 προσεδράμετε

421 969 486 1037 τῇ
527 965 659 1037 ἁγίᾳ
705 965 802 1020 τοῦ
841 965 978 1020 Θεοῦ
1015 965 1334 1038 Ἐκκλησία,
1370 969 1668 1040 εὑρηκότες
1697 968 1836 1040 ὀρθά
1861 964 2001 1022 εἶναι

421 1059 490 1110 τά
522 1059 580 1110 ὲν
605 1059 742 1129 αὐτῇ
773 1059 1158 1129 κηρυττόμενα
1186 1059 1433 1129 δόγματα
1455 1097 1472 1126 ,
1523 1059 1590 1114 δι’
1613 1054 1688 1114 ὧν
1724 1061 1875 1114 πᾶσα
1903 1060 2002 1130 μὲν

423 1149 634 1220 αἵρεσις
695 1150 1075 1222 ἀπελήλαται,
1138 1153 1538 1223 κατακέκριται
1581 1151 1638 1205 δὲ
1699 1153 1796 1206 καί⁵
1844 1147 2004 1206 ἐκδέξ-

423 1243 670 1314 ὄληταιῆ
691 1259 748 1295 τε
778 1242 991 1296 Παύλου
1017 1245 1112 1297 καὶ
1134 1243 1435 1316 Νεστορίου
1456 1244 1741 1314 διαίρεσις,
1767 1243 2006 1308 τῶνδτοῖς

2096 528 2126 565 a
2143 510 2466 566 beatissimo
2481 507 2905 579 archiepiscopo
2919 507 3262 563 Alexandria:
3278 523 3343 562 ac
3356 509 3673 578 patriarcha

2097 603 2272 668 Zoilo,
2301 602 2450 670 quod
2478 601 2594 656 Deo
2623 600 2848 656 cbaram
2875 615 3066 669 pacem
3099 600 3415 672 diligentes,
3446 600 3516 656 ad
3543 617 3664 656 san-

2089 685 2242 749 'ctam
2270 693 2370 747 Dei
2410 692 2712 747 Ecclesiam
2744 693 3130 748 accurrissetis
3155 731 3172 759 ,
3212 693 3466 763 dogmata
3519 693 3574 745 in
3611 709 3676 748 ca

2097 785 2399 856 praedicata
2424 800 2553 840 vera
2579 785 2895 856 iudicantes
2926 825 2942 850 ,
2978 785 3184 854 quibus
3225 785 3407 840 omnis
3447 785 3676 840 haeresis

2097 867 2345 941 exclusa,
2375 875 2632 931 damnata
2661 883 2827 945 atque
2857 877 3087 946 expulsa
3108 885 3197 932 est
3211 877 3328 932 sive
3345 876 3528 940 Pauli,
3561 877 3676 930 sive

2100 965 2586 1031 Nestorii,,oculos
2604 965 2808 1020 mentis
2837 981 2951 1020 sua:
2973 965 3396 1030 obcaecatorum,
3410 966 3678 1034 juxtaque
3735 1012 3744 1018 .

2101 1058 2416 1115 Iudaeorum
2437 1059 2704 1114 insaniam
2719 1057 2930 1114 Christi
2953 1059 3302 1114 divinitatem
3321 1058 3676 1128 negantium;

2093 1143 2418 1221 quibusque
2451 1150 2714 1206 similiter
2738 1150 3000 1205 damnata
3029 1151 3370 1220 expulsaque
3410 1159 3496 1205 est
3521 1149 3684 1218 Apol-

2105 1241 2289 1296 linarii
2313 1257 2378 1296 ac
2401 1242 2664 1312 Eutychis
2679 1241 2998 1314 coniunctio
3021 1257 3120 1296 seu
3153 1241 3464 1298 commistio
3488 1255 3681 1296 eorum

425 1334 522 1404 τῆς
569 1333 750 1404 ψυχῆς
795 1334 1011 1406 ὄμμασι
1059 1333 1488 1404 τυφλωττόντων
1515 1377 1530 1400 ,
1584 1335 1676 1389 καὶ
1728 1336 1870 1390 κατά
1909 1337 2007 1406 τὴν

2113 1333 2312 1404 quibus
2353 1349 2482 1388 vera
2531 1333 2735 1388 Christi
2785 1333 3104 1388 humanitas
3141 1333 3396 1388 solvitur.
3430 1332 3682 1387 Vestram

423 1425 534 1478 τῶν
555 1426 828 1480 Ἰουδαίων
856 1427 1057 1498 μανίαν
1082 1428 1182 1499 τὴν
1208 1426 1438 1499 θεότητα
1460 1427 1556 1482 τοῦ
1575 1428 1817 1499 Χριστοῦ
1839 1430 2010 1499 ἀπαρ-

2113 1425 2277 1495 igitur
2304 1425 2592 1480 hortamur
2623 1426 2888 1496 pietatem
2918 1434 2981 1481 ut
3020 1425 3151 1480 fidei
3185 1441 3299 1480 sua:
3327 1424 3542 1479 fructus
3575 1438 3684 1477 ca:-

425 1515 704 1586 νουμένων
725 1533 744 1550 ο
799 1517 1002 1587 ὁμοίως
1033 1519 1089 1572 δὲ
1127 1519 1652 1589 κατακέκριται,καὶ
1681 1519 2010 1587 ὲκϐἐϐληται

2113 1524 2291 1570 terum
2313 1515 2557 1585 colligat,
2577 1515 2811 1586 illosque
2828 1515 2922 1586 qui
2947 1515 3132 1571 adhuc
3151 1531 3344 1570 errore
3363 1515 3685 1570 detinentur

425 1611 460 1674 ἡ
495 1607 910 1680 Ἀπολλιναρίου
954 1627 1014 1664 τε
1059 1611 1155 1664 καὶ
1187 1612 1462 1682 Εὐτυχοῦς
1495 1613 1808 1682 συναίρεσις
1842 1612 2010 1682 ἡγουν

2113 1607 2279 1661 ducat
2329 1607 2396 1662 ad
2438 1607 2730 1662 veritatem
2784 1617 3198 1679 congregetque
3250 1605 3320 1660 ad
3354 1604 3682 1666 Ecclesium,

427 1697 692 1768 σύγχυσις
723 1700 834 1754 τῶν
861 1700 1200 1756 άθετούντων
1228 1679 1448 1774 τὴν-τοῦ
1476 1679 1716 1774 Χριστοῦ
1747 1679 2010 1774 ἀληθινὴν

2113 1699 2272 1768 cujus
2304 1713 2491 1753 veram
2545 1715 2609 1752 ac
2656 1697 2955 1753 salutarem
3007 1697 3455 1770 praedicationem
3514 1695 3688 1750 sacris

423 1759 846 1861 ἀνθρωπύτητα.
916 1791 1079 1846 Ὅθεν
1142 1759 1540 1866 προτρέπομεν.
1584 1794 1688 1864 τὴν
1735 1759 2007 1864 ὑμετέραν

2115 1759 2422 1860 Scripturis
2447 1790 2952 1862 traditionibusque
2977 1759 3204 1846 Patrum
3233 1765 3410 1859 primo
3439 1788 3562 1842 loco
3591 1785 3688 1839 de-

425 1878 705 1944 θεοφιλίαν
750 1883 878 1945 τοὺς
909 1885 1008 1955 τῆς
1044 1883 1284 1948 πίστεως
1311 1884 1495 1938 λοιπὸν
1523 1885 1774 1956 καρποὺς
1804 1883 2006 1938 ἐπιδει-

2113 1883 2547 1938 monstrabimus
2572 1923 2588 1948 ,
2631 1891 2688 1938 et
2718 1883 2892 1948 falsa,
2933 1898 3058 1952 quae
3095 1883 3263 1952 impie
3306 1881 3376 1935 ab
3409 1877 3688 1936 haereticis

425 1967 640 2034 ξασθαι,
677 1970 773 2024 καὶ
804 1973 932 2036 τοὺς
959 1972 1040 2026 ἔτι
1071 1975 1136 2044 τῇ
1167 1973 1348 2047 πλάνη
1373 1975 1778 2046 κρατουμένους
1805 1973 2009 2044 όδηγῆ-

2113 1983 2461 2039 asseruntur,
2501 1974 2936 2030 confutabimus.

427 2075 515 2112 σαι
557 2060 694 2132 πρὸς
730 2061 828 2132 τὴν
861 2063 1123 2134 ἀλήθειαν
1147 2104 1162 2126 ,
1219 2065 1312 2118 καὶ
1359 2067 1735 2136 προσαγαγεῖν
1800 2066 1866 2135 τῇ
1937 2063 2071 2134 ἁγίᾳ
2108 2063 2200 2116 τοῦ
2227 2063 2364 2117 Θεοῦ
2395 2064 2715 2134 Ἐκκλησία,
2751 2058 2818 2137 ἧς
2847 2063 2908 2118 τὺ
2939 2063 3136 2135 ἀληθὲς
3171 2063 3266 2116 καὶ
3296 2063 3564 2134 σωτήριον
3589 2059 3690 2128 κὴ·-

427 2169 614 2221 ρυγμα
683 2154 969 2224 προϊόντες
1035 2156 1397 2226 ἀποδείξομεν
1452 2158 1543 2213 διά
1587 2176 1648 2212 τε
1703 2159 1813 2212 τῶν
1866 2157 2026 2211 θείων
2063 2155 2299 2228 Γραφῶν
2352 2157 2447 2212 καὶ
2494 2157 2608 2214 τῶν
2688 2157 2982 2230 Πατρικῶν
3024 2155 3410 2226 παραδόσεων,
3461 2155 3556 2210 καὶ
3588 2154 3690 2222 τὴν

423 2243 532 2294 τῶν
563 2243 875 2314 εἰρημένων
910 2245 1124 2300 ἀσεϐῶν
1149 2248 1447 2318 αἰρετικῶν
1480 2251 1776 2304 κακόνοιαν
1799 2249 2185 2320 διελέγξομεν..

496 2333 768 2403 Κηρύττει
799 2335 906 2406 γὰρ
933 2338 968 2407 ὴ
1001 2337 1132 2406 ἀγία
1163 2339 1255 2392 τοῦ
1283 2339 1416 2394 Θεοῦ
1463 2340 1760 2412 Ἐκκλησία
1797 2341 2004 2414 μονάδα

2172 2341 2269 2397 Dei
2311 2344 2773 2400 autem‘Ecclesia
2804 2345 3072 2400 unitatem
3096 2341 3156 2398 in
3187 2341 3460 2398 Trinitate
3485 2355 3550 2395 ac
3571 2339 3692 2395 Tri-

425 2421 484 2474 ἐν
511 2421 702 2492 Τριάδι
732 2423 826 2476 καὶ
855 2425 1061 2496 Τριάδα
1084 2429 1140 2479 ὲν
1167 2427 1352 2498 μονάδι
1377 2445 1391 2458 ·
1425 2419 1505 2491 εἷς
1529 2429 1638 2501 γὰρ
1667 2429 1798 2494 Θεὸς
1824 2433 1853 2484 ό
1887 2433 2007 2486 Ila.-

2113 2433 2330 2490 nitatem
2367 2435 2423 2490 in
2462 2435 2674 2493 unitate
2707 2437 2874 2493 docet
2899 2455 2914 2504 ;
2939 2453 3086 2492 unus
3115 2443 3204 2492 est
3228 2437 3377 2490 enim
3411 2434 3557 2488 Deus
3587 2433 3692 2488 Pa-

426 2513 530 2584 τὴρ
557 2554 570 2578 ,
608 2511 668 2576 ἐξ
693 2507 754 2597 οῦ
783 2513 853 2568 τὰ
879 2515 1092 2570 πάνταο
1125 2520 1220 2572 καὶ
1255 2513 1336 2583 εἷς
1377 2520 1578 2590 Κύριος
1615 2521 1822 2593 Ἰησοῦς
1868 2523 2003 2596 Χρι-

2113 2530 2209 2586 ter,
2227 2541 2295 2579 ex
2311 2540 2423 2594 quo
2455 2527 2664 2597 omnia,
2687 2543 2832 2582 unus
2852 2527 3120 2582 Dominus
3139 2526 3304 2582 Jesus
3321 2523 3576 2580 Christus
3595 2537 3692 2592 per

429 2603 550 2666 στδς
581 2601 646 2656 δι’
676 2596 737 2658 οὗ
765 2605 833 2658 τά
857 2606 1036 2661 πάντα
1059 2619 1075 2638 ⁶
1106 2609 1200 2664 καὶ
1233 2608 1291 2663 ἓν
1321 2611 1547 2682 Πνεῦμα
1585 2613 1741 2683 ἆγιον
1774 2617 1830 2668 ὲν
1860 2607 1904 2684 ᾧ
1937 2615 2005 2670 τά

2113 2627 2268 2680 quem
2304 2596 2510 2680 omnia,
2555 2623 2722 2686 atque
2761 2632 2905 2670 unus
2949 2615 3190 2686 Spiritus
3234 2621 3460 2670 sanctus
3493 2613 3546 2668 in
3580 2628 3690 2682 quo

428 2695 609 2748 πάντα
637 2711 652 2727 ’
683 2695 772 2749 τὸ
819 2698 878 2764 ἐξ
922 2693 982 2754 οὗ
1030 2701 1126 2754 καὶ
1169 2701 1236 2756 δι’
1265 2695 1326 2756 οὗ
1372 2703 1467 2758 καὶ
1497 2705 1552 2759 ἐν
1586 2699 1652 2774 ᾧο
1704 2705 1777 2780 μὴ
1809 2706 2003 2776 φύσεσι

2113 2703 2323 2771 omnia;
2353 2719 2422 2758 ex
2454 2720 2586 2775 quo,
2610 2721 2710 2776 per
2731 2721 2894 2777 quem
2925 2715 2982 2762 et
3011 2707 3068 2762 in
3099 2722 3230 2776 quo.
3263 2705 3392 2761 ideo
3424 2721 3558 2762 vero
3581 2721 3685 2760 non

429 2784 738 2856 τεμνόντων
769 2789 906 2844 ἀλλὰ
943 2794 1460 2864 χαρακτηριζόντων
1494 2799 1622 2868 μιᾶς
1657 2797 1749 2851 καὶ
1776 2798 2006 2869 ἀσυγχύ⁹

2115 2795 2172 2850 in
2193 2803 2424 2852 naturas
2439 2797 2764 2864 dividimus.
2788 2797 2887 2854 sed
2915 2797 3082 2854 unius
3098 2814 3162 2854 ac
3187 2798 3460 2868 simplicis
3484 2807 3695 2853 natura:

431 2894 521 2930 του
570 2877 782 2947 φύσεως
839 2879 1108 2952 ἰδιότητας
1133 2899 1150 2915 ο
1189 2883 1319 2955 μίαν
1361 2884 1471 2956 γὰρ
1495 2885 1683 2940 οὐσίαν
1716 2887 1775 2940 ἐν
1829 2889 2010 2958 τρισὶν

2115 2889 2490 2958 proprietates
2515 2889 2853 2946 indicamus:
2879 2907 3048 2946 unam
3073 2893 3224 2946 enim
3246 2891 3609 2948 substantiam
3637 2891 3688 2945 in

433 2967 762 3023 ὑποστάσεσι
790 2971 1223 3044 προσκυνοῦμεν,
1255 2975 1314 3027 ὲν
1355 2975 1562 3048 ἑκάστῃ
1590 2975 1883 3030 ὑποστάσει
1912 2975 2010 3044 τὴν

2119 2977 2302 3033 tribus
2336 2980 2594 3049 personis
2629 2981 2960 3046 adoramus,
2999 2983 3056 3036 in
3094 2998 3426 3053 unaquaque
3461 2997 3692 3052 persona

431 3059 603 3131 αὐτὴν
655 3060 1082 3132 ὲπιθεωροῦντες
1106 3063 1316 3120 οὐσίαν.
1361 3065 1472 3118 Καὶ
1507 3067 1744 3136 ἑκάστην
1777 3067 1873 3136 μὲν
1901 3067 2010 3119 τῶν

2115 3066 2368 3122 eamdem
2389 3069 2757 3124 substantiam
2768 3069 3210 3126 considerantes.
3235 3071 3690 3141 Unamquamque

436 3150 790 3206 ὕποστάσεων
860 3154 1111 3224 μοναχῶς
1160 3154 1596 3226 ἐξαγγέλλομεν
1653 3158 1874 3212 ἐπειδὰν
1953 3158 2010 3211 δὲ

2115 3166 2302 3212 autem
2329 3174 2692 3230 personarum
2727 3161 3014 3232 sigillatim
3061 3161 3424 3226 conﬁtemur,
3457 3177 3689 3231 cumque

437 3243 842 3313 συναριθμῆσαι
875 3245 969 3318 δέῃ
994 3284 1008 3308 ,
1037 3245 1159 3316 οὐχὶ
1187 3247 1500 3317 ἀπαιδεύτῳ
1547 3248 1843 3320 ἀριθμήσει
1879 3251 2010 3320 πρὸς

2117 3250 2523 3304 numerandum
2557 3260 2676 3316 est,
2716 3253 2824 3308 hoc
2873 3269 3110 3307 numero
3158 3253 3228 3308 ad
3262 3253 3684 3324 polytheismum

437 3333 726 3402 πολυθεῖας
758 3335 968 3390 ἔννοιαν
998 3337 1348 3408 ὲκφερόμεθα
1371 3355 1386 3370 ·
1439 3337 1560 3393 οὐδὲ
1587 3338 1698 3412 γὰρ
1727 3339 1866 3434 κατά
1895 3339 2017 3394 σύν-

437 3424 585 3476 θεσιν
613 3425 956 3496 ἀριθμοῦμεν
977 3429 1072 3498 ἀφ’
1097 3429 1214 3493 ἑνὸς
1239 3430 1320 3493 είς
1345 3429 1548 3498 πλῆθος
1576 3424 1890 3502 ποιούμενόι
1919 3434 2018 3504 τὴν

332 3553 336 3557 ε
438 3515 802 3588 παραύξησιν,
831 3518 969 3572 ἀλλά
994 3520 1055 3574 τὺ
1085 3520 1285 3584 ἰδιάζον
1317 3520 1426 3589 τῶν
1446 3521 1802 3576 ὑποστάσεων
1829 3523 2019 3594 ὁμολο-

437 3606 660 3675 γοῦντες
717 3607 952 3680 μένομεν
1005 3611 1098 3665 ἐπὶ
1151 3611 1251 3682 τῆς
1305 3613 1626 3683 μοναρχίας,
1677 3613 1759 3676 είς
1813 3613 2018 3683 πλῆθος

437 3701 840 3771 ἀπεσχισμένον
861 3701 961 3773 τὴν
985 3701 1268 3772 θεολογίαν
1291 3703 1368 3776 μὴ
1405 3702 1806 3768 σκεδαννύντες,
1844 3703 2020 3759 διατο-

438 3789 568 3859 μίαν
611 3791 669 3843 ὲν
709 3789 880 3863 Πατρὶ
923 3792 1021 3844 καὶ
1088 3791 1202 3864 Υίῷ
1250 3794 1346 3846 καὶ
1394 3793 1536 3864 ἁγίῳ
1585 3777 1889 3860 ῐῖνεύματι,⁸
1919 3793 2019 3865 τὴν

435 3882 598 3934 οἱονεὶ
629 3881 843 3953 μορφὴν
873 3883 1218 3954 θεωρεῖσθαι,
1251 3884 1330 3954 τῷ
1357 3885 1764 3956 άπαραλλάκτῳ
1788 3885 1888 3954 τῆς
1915 3885 2017 3953 φύ-

439 3989 574 4036 σεως
601 3973 917 4044 ὲνιζομένην
941 3988 956 4004 ·
980 3974 1075 4028 καὶ
1097 3976 1228 4029 Θεὸν
1247 3975 1342 4029 οὖν
1365 3975 1595 4029 ἕκαστον
1617 3973 2016 4047 ὁμολογοῦμεν,

437 4063 502 4116 ἂν
524 4062 810 4135 θεωρῆται,
839 4067 999 4136 μόνον
1019 4066 1112 4119 τοῦ
1143 4065 1234 4120 νοῦ
1257 4065 1583 4138 χωρίζοντος
1611 4067 1679 4118 τά
1700 4064 1984 4138 ἀχώριστά
1999 4108 2014 4132 ,

440 4155 534 4208 καὶ
559 4155 691 4209 Θεὸν
719 4157 788 4211 τὰ
817 4157 944 4230 τρία
981 4159 1098 4227 μετ’
1131 4158 1375 4231 ἀλλήλων
1408 4158 1636 4228 νοοῦμεν
1660 4199 1676 4224 ,
1723 4157 1802 4230 τῷ
1833 4159 2018 4230 ταυτῷ

440 4245 539 4312 τῆς
595 4249 864 4318 κινήσεως
929 4251 1025 4302 καὶ
1095 4250 1200 4319 τῆς
1248 4249 1502 4318 φύσεως·
1567 4249 1738 4320 Τριὰς
1781 4245 1874 4304 οὖν
1942 4251 2018 4314 ὡς

441 4330 653 4402 άληθῶς
705 4335 738 4405 ἡ
786 4336 990 4406 Τριάς·
1040 4337 1169 4408 τρία
1207 4337 1266 4390 δὲ
1309 4339 1368 4392 ού
1420 4340 1763 4409 πραγμάτων
1815 4339 2018 4394 ἀνίσων

2117 3335 2313 3390 rudem
2330 3353 2440 3392 non
2461 3339 2800 3405 inducimus,
2827 3357 2939 3396 non
2965 3341 3114 3396 enim
3145 3357 3246 3412 per
3271 3342 3572 3414 synthesim
3593 3359 3690 3396 nu-

2117 3443 2401 3484 meramus
2453 3429 2524 3486 ab
2559 3446 2670 3486 uno
2714 3431 2782 3486 ad
2819 3431 3198 3501 pluralitatem
3255 3433 3575 3488 auctionem
3619 3434 3688 3488 fa-

2117 3517 2350 3584 cientes,
2367 3519 2462 3574 sed
2489 3517 2882 3591 proprietatem
2908 3537 3273 3592 personarum
3291 3521 3619 3578 conﬁtentes
3639 3524 3694 3578 in

2119 3607 2331 3664 unitate
2358 3610 2660 3680 maiestatis
2689 3603 3102 3683 per-manemus,
3123 3629 3314 3670 vocem
3351 3630 3558 3684 sacram
3584 3631 3694 3672 non

2117 3699 2479 3755 extendentes
2511 3716 2746 3756 numero
2789 3709 3002 3756 remoto
3027 3743 3040 3768 ,
3084 3703 3158 3757 ita
3197 3712 3258 3760 ut
3280 3702 3694 3758 distinctionem

2119 3787 2177 3843 in
2205 3789 2368 3843 Patre
2407 3797 2465 3844 et
2497 3789 2635 3844 Filio
2673 3799 2731 3844 et
2782 3789 2993 3860 Spiritu
3041 3801 3234 3849 sancto
3281 3792 3696 3848 consideremus

2119 3881 2272 3936 velut
2302 3879 2538 3935 formam
2568 3881 2862 3937 identitate
2890 3891 3111 3941 natura}
3139 3883 3388 3950 inritam;
3414 3884 3696 3954 Deumque

2119 3970 2290 4041 igitur
2327 3987 2784 4043 unumquemque
2827 3974 3182 4038 conﬁtemur,
3215 3974 3263 4029 si
3309 3974 3696 4029 consideretur

2117 4067 2302 4114 mente
2343 4067 2556 4115 tantum
2588 4069 2882 4131 separante
2923 4077 3061 4131 quae-
3091 4063 3336 4132 scparari
3384 4073 3690 4132 nequeunt,

2118 4150 2406 4222 Deumque
2455 4152 2564 4207 tria
2604 4153 2938 4220 haec,unum
2974 4162 3109 4231 post,
3144 4155 3391 4214 alterum.
3412 4163 3693 4225 putamus.

2117 4241 2312 4297 eadem
2339 4242 2702 4302 distinctione
2728 4253 2789 4302 et
2806 4255 3025 4303 natura.
3055 4245 3299 4304 Trinitas
3322 4247 3488 4318 igitur
3517 4248 3694 4303 veris-

2119 4331 2257 4387 sime
2290 4341 2376 4388 est
2397 4333 2667 4393 Trinitas,
2686 4334 3025 4392 Triaautem
3048 4353 3175 4392 non~
3196 4332 3546 4408 inaequalium
3586 4355 3694 4394 nu-

441 4420 834 4495 ἀπαρίθμησις,
893 4426 1008 4480 ἀλλ’
1065 4427 1193 4480 ἴσων
1247 4428 1341 4479 καὶ
1385 4429 1666 4499 ὁμοτίμων
1725 4429 2010 4500 σύλληψις,

2122 4437 2326 4488 merus,
2377 4422 2478 4478 sed
2521 4423 2822 4494 aequalium
2873 4433 2932 4480 et
2976 4427 3215 4496 parium.
3245 4428 3690 4498 comprehensio.

441 4509 663 4583 ἐνούσης
683 4513 782 4584 τῆς
809 4517 1178 4587 προσηγορίας
1197 4517 1268 4568 τὰ
1291 4519 1548 4588 ἡνωμένα
1572 4521 1637 4572 ἐκ
1667 4517 1903 4587 φύσεως,
1923 4524 2016 4574 καὶ

440 4603 538 4654 οὐκ
567 4603 738 4675 tam];
769 4607 1125 4678 σκεδασθῆναι
1157 4607 1374 4680 ἀριθμῷ
1399 4609 1674 4680 λελυμένῳ
1705 4608 1775 4662 τὰ
1797 4609 1874 4681 μὴ
1902 4609 2016 4664 λυόο

445 4710 600 4763 μενα.

521 4785 919 4860 Ὀμολογοῦμεν
950 4791 1006 4844 δὲ
1045 4794 1126 4846 ὅτι
1159 4795 1186 4846 ό
1217 4791 1514 4864 μονογενὴς
1549 4791 1670 4855 Υἱὸς
1711 4791 1804 4844 καί
1843 4793 2016 4861 Λόγος

437 4875 531 4928 τοῦ
563 4876 698 4930 Θεοῦ
725 4920 740 4946 ,
767 4881 796 4932 ό
852 4882 948 4935 σὺν
985 4883 1158 4952 "arpi.
1191 4884 1283 4940 καὶ
1317 4885 1458 4956 ἁγίῳ
1493 4881 1770 4953 Πνεῦματι
1794 4882 2014 4949 δοξαζό-

441 4966 600 5032 μενός
641 4984 701 5020 τε
753 4971 848 5024 καὶ
897 4975 1403 5050 προσκυνούμενος,
1437 4976 1465 5028 ὁ
1498 4973 1782 5044 γεννηθεὶς
1813 4975 1880 5031 ὲκ
1917 4972 2011 5028 τοῦ

439 5057 647 5128 Πατρὺς
697 5060 942 5132 ἀχρύνως
993 5065 1088 5118 καὶ
1124 5067 1450 5136 ἀσωμάτως,
1502 5067 1563 5120 τὸ
1592 5068 1658 5120 ἐκ
1696 5065 1788 5119 cui}
1834 5065 2014 5136 φωτὸς

437 5145 575 5212 φῶς,
613 5149 646 5219 ή
685 5153 834 5220 πηγὴ
861 5153 961 5223 τῆς
995 5153 1137 5225 ζωῆς
1185 5157 1404 5227 καὶτῆς
1454 5157 1794 5225 ἀθανασίας,
1831 5158 1893 5212 τὸ
1919 5159 2014 5216 tat-—

356 5320 358 5322 ν
438 5240 659 5305 μαγείον
685 5241 780 5294 τοῦ
819 5243 1178 5314 Ἀρχετύπου,
1205 5249 1239 5316 ἡ
1269 5247 1342 5318 μὴ
1372 5249 1665 5321 κινουμένη
1702 5248 1958 5320 σφραγὶς,
1977 5249 2013 5321 ἡ

349 5339 370 5410 ζ
435 5326 851 5398 ἀπαράλλακτος
886 5334 1070 5401 εἰκὼν,
1098 5339 1126 5390 ὁ
1156 5337 1247 5390 τοῦ
1281 5338 1500 5408 Πατρὸς
1529 5340 1654 5409 ὄρος
1680 5340 1775 5393 καὶ
1817 5339 2009 5410 Λόγος.

335 5419 411 5489 ,έέη
431 5419 493 5471 οὐ
510 5418 884 5490 περιεῖδεντὸν
911 5427 1194 5499 ἄνθρωπον
1229 5428 1409 5500 φθόνῳ
1439 5429 1690 5484 διαϐόλου
1715 5431 1808 5482 καὶ
1839 5431 2012 5503 πικρᾷ

433 5507 618 5575 γεύσει
649 5513 748 5584 τῆς
781 5516 1052 5588 ἁμαρτίας
1077 5561 1090 5584 ,
1119 5520 1254 5574 Θεοῦ
1281 5521 1374 5574 τοῦ
1407 5523 1772 5592 πεποιηκότος,
1794 5523 2012 5586 ὲλεῖνῶς

435 5601 820 5674 χωριζόμενον.
864 5609 1023 5677 Ἀλλᾶι
1057 5610 1154 5682 τὴν
1193 5612 1468 5685 ἡμετέραν
1511 5613 1876 5684 ἐργαζόμενος
1902 5631 2010 5666 σω-

437 5692 661 5766 τηρίαν,
695 5699 786 5750 ἐπὶ
819 5699 914 5770 τὴν
950 5703 1082 5756 ἰδίαν
1112 5705 1292 5759 εἰκόνα
1324 5707 1498 5778 χωρεῖ
1520 5745 1543 5772 ,,
1569 5706 1662 5762 καὶ
1713 5705 2010 5779 σαρκοῦται

2119 4517 2489 4587 appellatione
2529 4518 2754 4573 uniente
2791 4527 2998 4580 natura
3045 4520 3389 4591 iam-unita,
3436 4521 3693 4590 haudque

2117 4608 2335 4664 sinente
2384 4609 2628 4679 separari
2673 4624 2910 4669 numero
2963 4609 3149 4672 soluto
3197 4625 3319 4680 qua:
3359 4609 3539 4664 soluta
3582 4627 3692 4664 non

2116 4709 2270 4778 sunt,
3429 4761 3432 4766 .

2186 4789 2530 4850 Conﬁtentur
2551 4802 2736 4850 autem
2757 4794 2956 4850 Filium
2971 4792 3324 4862 unigenitum
3338 4791 3693 4863 Verbumque

2115 4883 2235 4949 Dei,
2264 4900 2391 4940 cum
2419 4885 2582 4941 Patre
2627 4902 2690 4942 ac
2729 4884 2941 4955 Spiritu
2991 4893 3186 4940 sancto
3225 4883 3593 4955 gloriﬁcatum
3638 4893 3693 4942 et

2115 4971 2402 5031 adoratum
2430 5014 2444 5039 ,
2489 4974 2558 5029 ab
2590 4984 2799 5032 aeterno
2827 4972 3367 5044 incorporaliterque
3423 4990 3490 5032 ex
3531 4974 3692 5029 Patre

2114 5065 2387 5136 genitum,
2414 5067 2602 5124 lumen
2631 5065 2699 5122 de
2735 5065 2970 5132 lumine,
2999 5065 3210 5123 fontem
3241 5065 3372 5123 vitae
3394 5073 3560 5138 atque
3586 5066 3691 5120 im-

2114 5159 2492 5222 mortalitatis,
2519 5157 2804 5231 archetypi
2839 5159 3286 5230 impressionem,
3318 5159 3557 5230 sigillum
3601 5159 3685 5214 in-

2117 5258 2468 5317 temeratum,
2487 5251 2784 5322 imaginem
2801 5251 2954 5306 nullo
2971 5250 3140 5306 modo
3151 5250 3498 5314 dissimilem,
3515 5250 3690 5304 Patris

2117 5343 2414 5402 terminum
2429 5353 2593 5413 atque
2604 5343 2870 5404 Verbum.
2887 5359 2998 5398 non
3023 5342 3387 5414 dereliquisse
3406 5341 3688 5396 hominem

2113 5432 2319 5489 diaboli
2349 5433 2593 5500 invidiae,
2625 5431 3095 5500 amaritudiniquc
3122 5430 3358 5501 peccati,
3391 5430 3501 5484 Deo
3531 5426 3688 5480 illum

2113 5520 2552 5583 misericorditer
2589 5521 2887 5579 liberante.
2941 5519 3046 5574 Sed
3079 5527 3138 5572 ut
3169 5526 3412 5572 nostram
3453 5515 3686 5568 salutem

2112 5621 2418 5682 operetur,
2463 5611 2530 5666 ad
2572 5611 2862 5682 imaginem
2895 5625 3050 5664 suam
3104 5607 3294 5672 venit,
3347 5606 3418 5660 ob
3463 5620 3685 5660 carnem

2115 5714 2358 5762 nostram
2394 5705 2734 5770 incantatur,
2757 5705 2934 5775 ohque
2955 5701 3192 5759 animant
3213 5709 3457 5754 nostram
3497 5714 3687 5768 .a_mtnu:
