3954 6146
421 224 552 293 i109

1334 224 1773 287 TRACTATUS
1807 230 2102 294 CON‘i'ttA
2138 231 2744 309 MONOPHYSITAS.

3537 236 3674 309 1110

491 341 582 394 Δεῖ
619 332 900 391 κάνταῦθιι
939 336 1051 398 τοῖς
1108 335 1259 405 παρὰ
1291 333 1385 388 τοῦ
1426 335 1640 407 Πατρ³ς
1682 339 1995 411 εἰρημένοις

2167 337 2351 395 Hicin
2381 340 2463 398 eis
2500 358 2622 414 quae
2662 360 2694 400 a
2724 346 2887 402 Patre
2925 345 3072 402 dicta
3109 352 3239 400 sunt
3271 345 3683 404 immorandum

418 431 751 501 ὲπισκέψαι·
791 429 892 499 τὴν
938 426 1048 498 γάρ
1084 426 1156 480 ἐν
1222 427 1479 498 πρόθεσιν
1514 429 1607 483 ἐπὶ
1641 430 1751 484 τῶν
1775 431 1866 485 δύο
1895 431 1997 500 φύ-

419 539 558 576 σεων
583 520 683 591 τῆς
707 516 859 580 θείας
894 533 952 569 τε
980 515 1076 569 καὶ
1106 514 1477 588 ἀνθρωπίνης,
1504 521 1560 572 ὲν
1588 514 1676 584 αἷς
1699 514 1780 585 εἷς
1810 523 1837 576 ὁ
1866 521 2000 592 Χρι..

420 610 543 672 στὸς
566 607 913 678 γνωρίζεται,
931 605 1214 674 ὁμολογεῖν
1234 606 1380 677 ἡμᾶς
1403 608 1709 664 ἐκδιδάσκει
1736 627 1750 641 ’
1780 611 1846 682 ἢν
1869 611 2002 681 πρό-

419 701 570 753 θεσιν
622 700 672 752 οἱ
720 697 985 769 αἱρετικοὶ
1028 696 1320 767 ἀρνοῦνται
1348 700 1444 753 ἐπὶ
1483 701 1584 771 τῆς
1614 701 1867 772 θεότητος
1907 705 2003 758 xci.

418 793 515 860 τῆς
554 782 975 863 ἅνθρωπότητος
1022 788 1118 842 τοῦ
1144 791 1382 862 Χριστοῦ
1413 792 1699 864 ἁρμόζειν,
1737 794 2004 867 διαίρεσιν

418 883 582 954 δῆθεν
603 882 1066 952 προφασιζόμενοι
1087 881 1176 935 διά
1200 882 1406 953 ταύτης
1433 885 1681 953 γίνεσθαι
1703 906 1716 919 ·
1746 887 2005 957 ἀγνοοῦν-

417 991 511 1037 τες
536 975 618 1028 ὅτι
650 971 788 1044 αὕτη
838 973 871 1042 ή
906 972 1168 1044 πρόθεσις
1212 974 1311 1046 τὴν
1339 976 1533 1029 ἕνωσιν
1577 979 1882 1049 ἀσύγχυτον
1913 981 2006 1035 καὶ

419 1065 727 1136 ἀδιαίρετον
787 1063 1068 1133 φυλάττει.
1106 1064 1271 1120 Ὅθεν
1326 1068 1421 1121 καὶ
1451 1069 1485 1139 ἡ
1531 1069 1652 1122 θεία
1695 1071 1887 1142 Γραφὴ
1939 1074 2004 1143 τῇ

418 1153 643 1227 τοιαύτῃ
668 1154 935 1224 κέχρηται
961 1155 1216 1227 προθέσει
1243 1157 1337 1210 ἐπὶ
1368 1160 1469 1229 τῆς
1500 1159 1756 1231 θεότητος
1786 1163 1879 1217 καὶ
1910 1164 2009 1234 τῆς

421 1242 844 1313 ἀνθρωπότητος
872 1242 966 1297 τοῦ
1007 1243 1245 1313 μεγάλου
1276 1244 1412 1299 Θεοῦ
1440 1249 1536 1301 καὶ
1564 1249 1820 1320 Σωτῆρος
1852 1250 2010 1322 ἡμῶν

420 1332 597 1403 Ἰησοῦ
643 1334 908 1405 Χριστοῦ.
939 1336 1102 1403 Λέγει
1160 1338 1292 1405 γοῖν
1325 1342 1353 1392 ὁ
1394 1339 1681 1404 θεσπέσιος
1712 1342 2012 1409 ἀπόστολος

424 1427 656 1493 Παῦλος·
686 1427 869 1483 Τοῦτο
906 1431 1243 1498 sopor-3100a)
1282 1433 1358 1486 ἐν
1391 1433 1538 1503 ὑμῖν
1569 1434 1600 1489 ὃ
1645 1436 1744 1490 καὶ
1785 1438 1854 1490 ἐν
1882 1439 2016 1507 Χριι

423 1518 551 1584 στῷ
590 1521 787 1588 Ἰησοῦ
810 1562 826 1588 ,
849 1521 917 1588 ὃς
942 1524 1012 1576 ἐν
1036 1523 1243 1593 μορφῇ
1264 1525 1412 1579 Θεοῦ
1436 1526 1745 1596 ὑπάρχων,
1770 1532 1881 1598 οὐχ
1911 1532 2008 1601 dp-

424 1610 665 1679 παγμὸν
707 1613 983 1682 ᾐτήσατο
1018 1614 1082 1666 τὸ
1115 1610 1269 1668 εἶναι
1299 1611 1406 1670 ἶσα
1436 1616 1557 1682 Θεῷ
1574 1657 1589 1681 ,
1623 1619 1761 1673 ἀλλ’
1792 1620 2015 1675 ἑαυτὸν

423 1680 1004 1773 ἑκὲνιοσενγμορφὴν
1030 1704 1256 1761 δούλου
1301 1680 1538 1773 λαϐὼν,
1577 1680 1649 1763 ἐν
1694 1711 2010 1780 ὁμοιώματι
2041 1680 2083 1734 Β

425 1793 752 1861 ἀνθρώπων
791 1797 1135 1866 γενόμενος,
1186 1799 1283 1852 καὶ
1322 1800 1588 1869 σχήματι
1621 1803 1882 1870 εὑρεθεὶς
1928 1806 2010 1873 ὠς

425 1885 758 1952 ἄνθρωπος.
815 1887 1001 1941 Εἰπὼν
1047 1887 1107 1941 δὲ
1151 1891 1178 1942 ό
1213 1889 1539 1954 ’Λπόστολος
1568 1892 1631 1945 ὲν
1664 1895 1846 1964 μορφῇ
1873 1894 2009 1948 Θεοῦ

428 1977 697 2048 ὑπάρχειν
734 1978 829 2032 τὸν
856 1978 1128 2050 μονογενῆ
1158 1979 1293 2033 Υίὸν
1326 1980 1425 2035 τοῦ
1466 1981 1628 2047 Θεοῦ,
1659 1985 1754 2038 καὶ
1801 1985 2011 2053 ἐπαγα-

427 2068 543 2134 γὼν
602 2067 816 2141 μορφὴν
854 2068 1045 2123 δούλου
1088 2070 1325 2125 λαόόντα
1373 2072 1541 2126 αὐτὸν
1593 2075 1653 2127 ὲν
1697 2075 2010 2146 ὁμοιώματι

428 2156 683 2224 γενέσθαι
710 2156 1036 2227 ἀνθρώπων,
1068 2159 1164 2213 καὶ
1203 2165 1445 2233 σχήματι
1475 2163 1771 2234 εὑρεθῆναι
1811 2166 1888 2230 ὡς
1918 2167 2013 2221 dv-

431 2249 669 2318 θρωπον,
708 2249 860 2304 οὐδὲν
890 2249 1078 2321 ἕτερον
1108 2252 1257 2322 ἡμᾶς
1296 2253 1601 2308 ἐκδιδάσκει
1629 2254 1662 2325 ἢ
1694 2253 1754 2310 τὸ
1782 2258 1838 2310 ὲν
1877 2259 2009 2311 ἐκα-

430 2340 565 2412 τέρᾳ
611 2344 794 2413 μορφῇ
825 2344 917 2396 τὸν
961 2344 1167 2413 Κύριον
1195 2341 1358 2411 εῖναι,
1382 2347 1663 2401 τουτέστιν
1706 2350 1765 2402 ὲν
1795 2348 2011 2421 θεότητι

428 2433 523 2485 καὶ
561 2432 960 2504 άνθρωπότητι.
1004 2434 1222 2505 Ἀμέλει
1262 2452 1343 2489 τοι
1371 2438 1467 2491 καὶ
1487 2439 1514 2491 ό
1536 2440 1594 2491 ὲν
1613 2440 1789 2508 ἁγίοις
1808 2440 2012 2512 Κύριλ-

428 2525 518 2589 λος
571 2524 728 2579 τοῦτο
765 2525 826 2579 τὺ
876 2526 1039 2598 ῥητὸν
1079 2527 1404 2600 ἑρμηνεύων
1441 2530 1501 2583 ὲν
1538 2528 1616 2601 τῷ
1650 2531 1785 2602 πρὸς
1819 2530 2012 2587 Θεοδό-

430 2633 546 2668 σιον
564 2616 710 2688 λόγῳ
741 2617 947 2688 γράφει
980 2618 1109 2672 τάδε
1140 2634 1154 2648 '
1202 2638 1221 2671 ι
1272 2620 1332 2674 '0
1366 2621 1639 2686 συναῖδιος
1665 2622 1745 2694 τῷ
1772 2623 1893 2695 Θεῷ
1916 2625 2012 2679 καὶ

428 2709 603 2779 ﬂat-pi
625 2708 756 2773 Θεὸς
771 2711 958 2783 Λόγος⁶
976 2711 1192 2785 μορφὴν
1214 2713 1399 2768 δούλου
1419 2715 1623 2782 λαϐὼν,
1651 2715 1798 2772 ἔστιν
1823 2717 2012 2792 ὥσπερ

429 2802 486 2853 ἐν
515 2800 731 2871 θεότητι
750 2802 977 2868 τέλειος,
1002 2803 1262 2860 οὕτωκαὶ
1285 2808 1345 2860 ἐν
1374 2806 1756 2878 ἀνθρωπότητι
1782 2810 2009 2878 τέλειος,

426 2894 525 2946 οὐκ
548 2895 610 2946 ὲκ
635 2895 805 2965 μόνης
828 2897 1084 2966 θεότητος
1106 2902 1202 2952 καὶ
1221 2901 1423 2971 σαρκὸς
1448 2903 1528 2965 είς
1549 2903 1644 2956 ἕνα
1664 2904 1901 2974 Χριστὸν
1918 2907 2013 2960 καὶ

2098 440 2230 500 est;
2289 449 2416 489 nam
2471 437 2919 507 praepositionem
2970 440 3028 492 in
3074 437 3144 493 de
3181 436 3399 493 duabus
3463 440 3681 496 mturis

2103 520 2410 579 divinitatis
2460 533 2628 596 atque
2680 525 3080 594 humanitatis,
3154 526 3210 582 in
3277 527 3484 598 quibus
3538 543 3684 584 unus

2102 615 2358 672 Christus
2409 619 2757 687 agnoscitur,
2801 619 3058 675 conﬁteri
3113 634 3219 675 nos
3256 619 3463 686 docet;
3516 634 3682 691 quam

2103 709 2557 779 praepositionem
2587 712 2833 768 haeretici
2863 719 3073 783 negant
3094 711 3164 767 de
3195 710 3490 767 divinitate
3517 719 3684 781 atque

2105 798 2449 855 humanitate
2476 800 2682 857 Christi
2715 804 3035 869 convenire,
3071 803 3224 859 illius
3252 819 3416 859 causa
3449 803 3686 859 divisio-

2105 905 2233 944 nem
2269 888 2389 945 ﬁeri
2423 901 2825 961 praetexentes;
2862 894 3192 967 “ignorantes
3236 896 3383 950 hanc
3421 893 3687 966 praeposi-

2109 981 2316 1037 tionem
2362 983 2633 1038 unitatem
2687 984 3063 1041 inconcretam
3118 995 3284 1056 atque
3342 986 3686 1043 individuam

2110 1089 2353 1130 servare.
2380 1073 2538 1131 Unde
2576 1090 2733 1131 sacra
2759 1073 3046 1146 Scriptura
3072 1077 3267 1131 eadem
3292 1076 3688 1148 praepositione

2111 1166 2289 1222 utitur
2309 1167 2379 1222 de
2407 1167 2698 1241 divinitate
2725 1175 2893 1238 atque
2922 1168 3268 1224 humanitate
3290 1170 3472 1239 magni
3501 1168 3599 1224 Dei
3632 1178 3691 1223 et

2112 1259 2420 1316 Salvatoris
2453 1261 2624 1316 nostri
2659 1261 2790 1317 Jesu
2821 1260 3052 1317 Christi.
3099 1261 3250 1317 Dixit
3304 1261 3529 1332 quidem
3563 1276 3691 1317 san-

2113 1356 2239 1404 ctus
2272 1349 2474 1405 Paulus
2508 1351 2789 1420 apostolus
2817 1368 2831 1404 :
2865 1370 2884 1402 ι
2927 1350 3040 1406 Hoc
3065 1352 3255 1406 sentite
3295 1355 3351 1405 in
3383 1351 3523 1406 vobis
3553 1350 3692 1423 quod

2115 1450 2164 1495 et
2195 1442 2250 1494 in
2274 1440 2481 1496 Christo
2505 1440 2650 1507 'Jesu,
2691 1442 2803 1508 qui,
2847 1457 2966 1496 eum
3003 1443 3057 1498 in
3088 1442 3262 1511 forma
3288 1441 3382 1496 Dei
3403 1451 3554 1507 esset,
3585 1458 3692 1495 non

2117 1535 2365 1604 rapinam
2416 1534 2701 1588 arbitratu:
2754 1542 2963 1589 estesse
2990 1550 3044 1589 se
3092 1524 3356 1605 aequalem
3399 1533 3507 1587 Deo
3532 1573 3546 1598 ,
3602 1531 3693 1587 sed

2117 1627 2451 1697 semetipsum
2486 1626 2775 1680 exinanivit
2807 1626 3035 1697 formam
3060 1626 3197 1681 serui
3235 1625 3516 1697 accipiens,
3539 1623 3595 1678 in
3620 1622 3694 1677 si-

2112 1716 2464 1772 militudinem
2502 1718 2777 1772 hominum
2825 1718 3022 1788 factus,
3071 1724 3121 1770 et
3154 1715 3338 1770 habitu
3362 1714 3605 1769 inventus
3634 1721 3694 1766 ut

2110 1810 2262 1865 homo
2283 1806 2333 1863 δ.
2372 1828 2391 1861 ι
2423 1808 2720 1879 Apostolus
2785 1815 2971 1864 autem
3034 1823 3160 1863 cum
3216 1806 3352 1863 dicit
3402 1807 3459 1861 in
3508 1805 3693 1861 forma

2109 1901 2205 1956 Dei
2275 1917 2397 1957 esse
2471 1901 2670 1957 Filium
2738 1900 2838 1956 Dei
2923 1900 3308 1972 unigenitum,
3398 1898 3695 1970 ipsumque

2109 1991 2267 2047 addit
2314 1991 2546 2048 formam
2603 1991 2749 2048 servi
2798 1993 3079 2063 accepisse
3132 1998 3196 2047 ut
3252 1990 3449 2046 similis
3512 1987 3694 2044 homi-

2108 2084 2275 2139 nibus
2339 2084 2533 2149 ﬁeret,
2587 2084 2897 2155 habituque
2953 2083 3244 2139 inventum
3290 2097 3414 2139 esse
3475 2090 3538 2137 ut
3591 2081 3694 2140 ho-

2110 2177 2349 2241 minem,
2400 2176 2545 2232 nihil
2579 2176 2730 2232 aliud
2786 2191 2889 2231 nos
2921 2175 3085 2231 docet
3135 2189 3301 2245 quam
3346 2172 3405 2228 in
3453 2180 3692 2242 utraque

2110 2269 2284 2323 forma
2335 2284 2457 2326 esse
2514 2269 2836 2329 Dominum,
2862 2268 2918 2324 id
2950 2278 3056 2335 est,
3099 2266 3157 2322 in
3185 2266 3479 2329 divinitate
3525 2273 3697 2334 atque

2113 2360 2475 2415 humanitate.
2522 2359 2759 2416 Sanctus
2803 2373 3026 2430 quoque
3069 2357 3335 2430 Cyrillus,
3366 2358 3484 2412 haec
3518 2355 3696 2411 verba

2113 2449 2499 2521 interpretans,
2536 2451 2655 2506 haec
2695 2450 2764 2505 ad
2795 2447 3169 2505 Theodosium
3201 2447 3441 2505 scribit:
3485 2465 3505 2499 ι
3545 2447 3693 2502 Dens

2112 2542 2375 2606 Verbum,
2416 2549 2751 2598 coaeternum
2798 2541 2913 2597 Leo
2950 2554 3017 2595 ac
3062 2537 3235 2604 Patri,
3281 2538 3516 2594 formam
3545 2536 3691 2592 servi

2111 2634 2410 2704 accipiens,
2460 2631 2928 2704 quemadmodum
2985 2630 3043 2685 in
3083 2628 3378 2686 divinitate
3410 2627 3693 2699 perfectus

2111 2733 2216 2790 est,
2258 2724 2332 2779 ita
2363 2734 2418 2779 et
2448 2724 2505 2778 in
2538 2722 2924 2788 humanitate;
2963 2735 3074 2777 non
3121 2736 3190 2778 ex
3239 2721 3356 2776 sola
3403 2719 3715 2776 divinitate

2112 2831 2176 2870 ac
2209 2830 2373 2871 carne
2406 2815 2464 2869 in
2494 2828 2664 2869 unum
2695 2812 3011 2879 Christum,
3061 2811 3358 2869 Dominum
3405 2820 3463 2867 et
3489 2810 3692 2866 Filium

2113 2909 2501 2978 compositus,-
2536 2905 2633 2962 sed
2677 2921 2746 2961 ex
2774 2903 2995 2960 duobus
3042 2901 3341 2974 perfectis,
3368 2901 3424 2955 id
3460 2908 3547 2956 est
3577 2899 3688 2954 hu-

429 2984 633 3055 Κύριον
652 2987 745 3040 καὶ
771 2987 902 3043 Υἰδν
935 2990 1319 3061 συγκείμενος,
1346 2992 1461 3047 ἀλλ’
1488 2995 1552 3047 ὲκ
1581 2993 1728 3048 δυοῖν
1756 2997 2008 3061 τελείοιν,

2114 2999 2377 3054 manitate
2403 3012 2469 3053 ac
2509 2996 2796 3052 divinitate
2816 2996 2877 3051 in
2907 3008 3083 3051 unum
3119 2991 3492 3063 eumdemque
3524 2992 3695 3047 mira-

432 3077 854 3151 ἀνθρωπότητος
903 3083 1050 3153 λέγω
1088 3085 1156 3156 δὴ
1204 3088 1302 3140 καὶ
1340 3086 1620 3159 θεότητος,
1671 3091 1754 3151 είς
1781 3092 1875 3146 ἕνα
1918 3091 2008 3146 καὶ

2115 3090 2304 3145 biliter
2330 3091 2681 3160 conjunctus.
2713 3108 2732 3140 ι
2769 3086 2860 3144 Sic
2898 3101 3031 3159 ergo
3061 3086 3263 3142 iterum
3308 3084 3365 3139 in
3401 3082 3695 3139 divinitate

429 3164 520 3220 τὸν
542 3168 704 3222 αὑτὸν
726 3172 1040 3243 παραδόξως
1073 3176 1453 3246 συνδούμενος.
1481 3196 1500 3230 ι
1554 3179 1686 3233 Ἰδοὺ
1723 3182 1781 3234 δὲ
1827 3184 2016 3253 σαφῶς

429 3257 590 3312 πάλιν
606 3262 633 3313 ό
644 3261 833 3333 Πατὴρ
846 3265 902 3316 ὲν
919 3265 1134 3333 θεότητι
1149 3267 1244 3320 καὶ
1254 3268 1352 3321 ἀνθ
1359 3269 1637 3340 ρωπότητι
1653 3270 1745 3324 τὸν
1755 3274 1801 3325 Χ
1808 3274 2011 3344 ριστὸν,

430 3349 701 3422 ὑπάρχειν
736 3354 1013 3425 ὁμολογεῖ.
1044 3357 1258 3429 Ὥσπερ
1301 3359 1357 3413 δὲ
1388 3361 1448 3414 τὸ
1486 3363 1558 3415 ἐκ
1599 3363 1874 3431 θεότητος
1915 3364 2014 3420 καὶ

429 3442 887 3513 ἀνθρωπό-ητος
916 3449 980 3502 ἐκ
1023 3447 1117 3501 δύο
1154 3449 1374 3519 φύσεων
1425 3453 1705 3523 σημαίνει,
1744 3452 1889 3508 οὕτω
1918 3458 2013 3509 καὶ

429 3531 490 3584 τὸ
532 3533 605 3587 ἐν
650 3536 883 3604 θεότητι
913 3538 1013 3593 καὶ
1060 3540 1474 3608 ἁνθρωπότητι
1524 3544 1584 3594 ὲν
1633 3542 1727 3596 δύο
1785 3544 2014 3612 φύσεσιν

333 3624 335 3627 ’
428 3621 570 3679 εἷναὶ
595 3644 652 3681 τε
692 3632 786 3682 καὶ
820 3630 1188 3701 γνωρίζεσθαι
1218 3632 1309 3685 τὸν
1330 3632 1574 3705 Χριστὸν
1599 3634 1768 3704 δηλοῖ.
1805 3637 1926 3691 ’Ότι
1954 3638 2012 3691 δὲ

427 3717 489 3769 τὸ
517 3715 580 3769 ἔκ
616 3734 780 3773 τινων
813 3721 1140 3777 συνεστέναι
1173 3722 1495 3794 λεγόμενον,
1514 3725 1610 3779 ὲάν
1648 3727 1721 3798 μὴ
1746 3730 1804 3781 ἐν
1827 3730 2014 3795 αὐτοῖς

427 3808 755 3881 γνωρίξηται
792 3812 852 3877 ἐξ
884 3807 960 3867 ὧν
982 3814 1081 3869 καὶ
1115 3816 1373 3886 συνέστη,
1394 3817 1658 3887 σύγχυσιν
1685 3821 1779 3874 καὶ
1817 3822 2013 3891 ἀφανι-

430 3898 565 3966 σμὸν
584 3898 696 3952 τῶν
718 3901 1082 3957 συνελθόντων
1106 3907 1251 3957 ποιεῖ
1276 3906 1619 3975 πραγμάτων
1634 3948 1648 3972 ,
1670 3910 1840 3978 σαφὲς
1877 3909 2012 3964 καθ-

429 3986 696 4061 έστηκεν·
734 3992 793 4059 ἐξ
829 3986 903 4047 ὧν
953 3994 1120 4050 πάλιν
1144 3999 1172 4050 ὁ
1210 3994 1374 4059 αὐτὸς
1412 3999 1471 4050 ὲν
1516 3998 1694 4066 ἁγίοις
1742 4002 2012 4073 Κύριλλος

429 4084 567 4136 κατὰ
610 4083 720 4138 τῶν
755 4087 1170 4142 Συνουσιαστῶν
1204 4090 1354 4160 λέγει
1384 4093 1513 4147 τάδε
1535 4111 1548 4125 ·
1592 4113 1611 4146 ι
1651 4096 1714 4148 Et
1743 4095 1798 4149 δὲ
1833 4096 1909 4156 ὡς
1952 4098 2011 4151 ἐν

427 4174 578 4240 τάξει
622 4178 808 4250 ὑγρῶν
839 4180 1218 4254 ἀναμεμίχθαι
1253 4184 1418 4253 φασὶν
1448 4186 1701 4258 ἀλλήλοις
1744 4189 1922 4261 σάρκα
1950 4207 2009 4244 τε

428 4266 523 4318 καὶ
553 4268 749 4336 Λόγον,
781 4271 898 4336 πῶς
919 4275 1197 4345 ἠγνόησαν
1223 4275 1306 4330 ὅτι
1332 4276 1400 4331 τά
1431 4278 1685 4349 ἀλλήλοις
1716 4281 2013 4354 ἀνακιρνά-

440 4376 576 4426 μενα
597 4362 704 4415 τῶν
737 4365 938 4443 ὑγρῶν,
963 4362 1106 4431 οἶνος
1136 4369 1270 4441 φέρε
1318 4372 1495 4425 εἰπεῖν
1532 4374 1626 4427 καὶ
1665 4374 1812 4444 μέλι,
1844 4353 2008 4446 ὃμὲν
2040 4353 2085 4408 D

425 4446 585 4519 ἦσαν,
613 4454 718 4508 εἰσὶ
742 4455 1230 4527 καθαρῶςιοῦκέτι,
1254 4463 1558 4534 προσλήψει
1587 4465 1644 4518 δὲ
1673 4465 1875 4533 μᾶλλον
1907 4464 2006 4538 τῆς

428 4542 764 4612 ἑτεροειδοῦς
820 4549 1134 4622 ποιότητος,
1188 4553 1268 4616 εἰς
1321 4552 1509 4623 ἕτερόν
1534 4573 1586 4608 τι
1634 4555 2003 4624 μεθίσταταις

427 4635 639 4690 οὐκοῦν
658 4630 715 4691 ἐἰ
745 4641 1159 4711 συγκεκρᾶσθαι
1207 4660 1341 4711 φασι
1374 4644 1454 4714 τῷ
1474 4642 1632 4714 Λόγῳ
1660 4646 1760 4717 τὴν
1801 4646 2003 4719 σάρκα,

426 4725 576 4779 πᾶσά
620 4743 739 4792 πως
780 4729 996 4798 ἀνάγκη
1032 4731 1213 4801 λέγειν
1243 4732 1509 4804 ἑκάτερον
1537 4733 1646 4786 τῶν
1676 4735 2005 4807 ὠνομασμέο

425 4834 551 4881 νων,
580 4819 887 4891 ἀποστῆναι
933 4823 1032 4892 μὲν
1080 4824 1176 4878 τοῦ
1226 4821 1367 4879 εἶναι
1415 4826 1444 4879 δ
1481 4823 1570 4897 ἦν.
1598 4825 1657 4878 ἓν
1688 4827 1744 4880 δέ
1773 4845 1825 4882 τι
1856 4828 1917 4883 τὸ
1944 4828 2005 4897 ἐξ

424 4907 630 4978 ἀμφοῖν
670 4910 1001 4966 ἀποτελέσαι
1036 4917 1203 4983 μέσον
1236 4918 1528 4988 ὲτεροςρυές
1555 4934 1658 4971 που
1692 4921 1931 4986 πάντως,
1967 4922 2000 4995 ἢ

423 4998 560 5071 ὅπερ
600 4994 669 5070 ἦν
704 5000 968 5071 ἑκάτερον
991 5005 1097 5058 ἀνά
1128 5006 1316 5077 μέρος.
1357 5027 1374 5059 ι

507 5080 990 5165 Ἀποδεδειγμένου
1029 5097 1212 5151 τοίνυν
1249 5100 1331 5153 ὅτι
1364 5100 1459 5154 ἐπὶ
1494 5100 1603 5154 τῶν
1641 5100 1715 5173 μὴ
1755 5098 2002 5171 σωζομέο

424 5197 532 5263 νων
554 5181 696 5252 μετὰ
721 5183 973 5239 σύνθεσιν
1015 5185 1285 5257 σύγχυσις
1332 5190 1544 5259 γίνεται
1566 5230 1584 5256 ,
1614 5191 1775 5263 δῆλον
1807 5192 1888 5246 ὅτι
1914 5193 2001 5262 ἐφ’

391 5261 501 5334 ,ὧν
531 5271 607 5344 μὴ
642 5272 907 5346 σύγχυσις
953 5276 1091 5347 μηδὲ
1130 5278 1442 5349 ἀφανισμός
1474 5280 1586 5335 τῶν
1628 5261 1999 5336 συνελθόντων

425 5364 770 5433 πραγμάτων
800 5366 948 5420 ἐστὶν
972 5367 1033 5420 τὸ
1053 5366 1116 5420 ἔκ
1137 5384 1281 5432 τινος
1311 5369 1585 5436 συντεθὲν,
1614 5371 1707 5423 καὶ
1736 5372 1795 5424 ὲν
1820 5370 2005 5436 αὐτοῖς

426 5454 775 5526 γνωρίζεται,
810 5458 906 5512 καὶ
947 5457 1215 5530 πρόδηλον
1261 5459 1345 5513 ὅτι
1403 5461 1453 5515 οἱ
1499 5461 1564 5515 ὲκ
1616 5459 1711 5514 δύο
1764 5461 2003 5531 φύσεων,

507 5631 533 5672 δ
558 5630 797 5701 Philipp.
829 5646 889 5698 tt,
915 5632 1061 5687 5—7.

2114 3197 2179 3237 ac
2234 3181 2576 3236 humanitate
2630 3195 2753 3235 esse
2804 3177 3091 3234 Christum
3152 3183 3347 3247 aperte
3398 3175 3695 3245 proﬁtetur

2113 3272 2294 3327 Pater.
2337 3268 2815 3337 Quemadmodum
2844 3285 2908 3324 ea:
2946 3268 3230 3323 divinitate
3255 3283 3317 3321 ac
3354 3267 3695 3321 humanitate

2112 3378 2182 3418 ex
2228 3361 2445 3417 duabus
2500 3360 2715 3416 naturis
2762 3358 3060 3431 signiﬁcat,
3108 3359 3186 3414 ita
3213 3358 3269 3413 in
3320 3357 3595 3411 divinitate
3629 3373 3695 3410 ac

2112 3454 2441 3507 humanitate
2495 3451 2554 3506 in
2623 3450 2843 3506 duabus
2910 3449 3126 3506 naturis
3179 3463 3303 3505 esse
3358 3449 3695 3519 agnoscique

2110 3545 2395 3603 Christum
2422 3545 2787 3601 demonstrat.
2834 3543 2995 3611 Quod
3021 3551 3210 3599 autem
3255 3543 3462 3599 dicitur
3496 3559 3565 3598 ex
3594 3543 3693 3598 ali-

2111 3646 2246 3709 quot
2289 3637 2656 3692 constitutum
2685 3649 2831 3702 esse,
2861 3634 2971 3690 nisi
3003 3633 3065 3689 in
3098 3633 3210 3689 illis
3253 3641 3586 3704 agnoscatur
3622 3647 3694 3691 ex

2110 3729 2314 3801 quibus
2358 3728 2743 3784 constitutum.
2780 3734 2887 3793 est,
2949 3726 3208 3784 confusas
3257 3725 3692 3796 obscuratasque

2110 3822 2295 3877 facere
2321 3834 2409 3876 res
2434 3820 2864 3885 constituentes,
2898 3818 3050 3874 clare
3079 3817 3344 3887 reponit;
3397 3816 3546 3872 inter
3570 3830 3695 3886 qua:

2111 3914 2229 3970 haec
2256 3913 2459 3969 iterum
2488 3912 2637 3967 idem
2676 3918 2904 3967 sanctus
2943 3908 3183 3982 Cyrillus
3225 3918 3419 3965 contra
3443 3905 3694 3964 Consub.

2112 4005 2474 4062 stantialistas
2511 4003 2686 4059 dicit:
2731 4021 2749 4055 ι
2781 4001 2840 4057 Si
2872 4017 3007 4057 vero
3049 4001 3283 4067 dicunt,
3327 4014 3482 4055 more
3528 3998 3696 4068 liqui-

2110 4099 2332 4164 dorum,
2363 4106 2589 4152 carnem
2617 4101 2674 4151 et
2704 4092 2950 4151 Verbum
2975 4092 3083 4149 sibi
3114 4093 3355 4148 invicem
3403 4089 3694 4149 commista

2111 4187 2306 4253 fuisse,
2338 4185 2616 4258 quomodo
2648 4186 2973 4242 nescierunt
3001 4183 3212 4254 liquida
3251 4182 3370 4236 haec
3395 4180 3502 4236 sibi
3545 4180 3692 4235 invi-

2112 4295 2233 4337 cem
2271 4279 2594 4341 commista,
2647 4277 2807 4332 verbi
2848 4277 3025 4348 gratia
3074 4275 3266 4330 vinum
3300 4281 3358 4329 et
3407 4273 3537 4338 mel,
3579 4273 3693 4344 jam

2114 4386 2225 4426 non
2283 4384 2406 4424 esse
2470 4381 2625 4422 mere
2689 4368 2838 4438 quod
2889 4375 3051 4423 erant
3084 4406 3100 4432 ,
3163 4364 3261 4421 sed
3329 4363 3695 4436 assumpsisse

2114 4459 2417 4531 plurimum
2458 4457 2705 4514 materia:
2729 4458 2943 4525 alienae,
2978 4459 3057 4514 ita
3082 4464 3146 4512 ut
3171 4456 3226 4511 in
3251 4455 3529 4527 quoddam
3562 4455 3694 4511 alie-

2115 4566 2247 4607 num
2284 4557 2717 4606 commutentur.
2772 4549 2830 4607 Si
2876 4564 3009 4622 ergo
3054 4549 3242 4605 Verbo
3278 4564 3503 4605 carnem
3536 4563 3693 4603 com~

2114 4641 2332 4697 mistam
2363 4641 2534 4697 fuisse
2571 4641 2784 4708 dicunt,
2833 4656 3063 4698 necesse
3105 4640 3332 4696 omnino
3374 4639 3483 4695 erit
3504 4639 3692 4694 dicere

2113 4731 2551 4804 unumquodque
2599 4732 3010 4788 nominatorum
3028 4772 3043 4797 ,
3103 4731 3179 4786 ita
3202 4744 3326 4787 esse
3350 4729 3594 4785 alienum
3620 4729 3691 4784 ab

2112 4843 2180 4883 eo
2221 4826 2371 4898 quod
2397 4835 2518 4882 erat
2541 4867 2555 4891 ,
2606 4834 2669 4881 ut
2707 4824 2969 4897 quiddam
3006 4838 3180 4880 unum
3215 4838 3285 4878 ex
3333 4822 3553 4878 duobus
3600 4820 3693 4877 ﬂat

2114 4917 2393 4983 medium,
2427 4917 2654 4972 omnino
2694 4916 2868 4972 ferme
2908 4914 3062 4971 aliud
3084 4928 3250 4986 quam
3293 4912 3445 4984 quod
3492 4927 3692 4967 unum-

2112 5010 2372 5082 quodque
2404 5017 2528 5065 erat
2552 5024 2652 5080 per
2683 5016 2888 5078 partes.
2930 5026 2948 5060 ι

2182 5101 2422 5156 Probato
2436 5098 2603 5171 igitur
2623 5100 2679 5154 in
2696 5114 2807 5155 non
2827 5097 3053 5155 salvatis
3071 5105 3196 5170 post
3206 5097 3687 5168 compositionem,

2113 5189 2491 5246 confusionem
2522 5188 2661 5256 ﬁeri,
2694 5189 2924 5245 evidens
2958 5198 3044 5246 est
3091 5188 3150 5245 in
3179 5188 3384 5259 quibus
3417 5201 3520 5242 nec
3554 5198 3689 5238 con-

2107 5276 2253 5334 fusio
2280 5295 2383 5336 nec
2428 5281 2742 5338 obscuratio
2788 5295 2978 5336 rerum
3022 5279 3476 5335 constituendum
3507 5273 3685 5341 adest,

2111 5384 2177 5424 ex
2202 5369 2448 5440 quodam
2498 5384 2621 5425 esse
2658 5370 2964 5439 composita
2987 5409 3003 5436 ,
3035 5377 3201 5439 atque
3230 5368 3285 5422 in
3312 5366 3423 5422 illis
3442 5363 3688 5434 agnosci,

2119 5476 2183 5517 ac
2210 5460 2561 5517 manifestum
2609 5469 2694 5516 est
2735 5458 3065 5517 conﬁtentes
3094 5476 3162 5517 ex
3192 5459 3407 5516 duabus
3449 5453 3685 5515 naturis.
