3998 6146
305 281 438 349 1111

1427 281 1870 352 ῘΗΒΤΙΝΙΑΝΙ
1907 287 2424 350 IMPERATORIS

3422 288 3563 355 111?.

303 395 358 451 i'd
384 404 468 452 est
499 411 567 453 ex
591 393 882 452 divinitate
911 403 968 450 et
1001 394 1343 450 humanitate
1370 394 1676 466 perfectum
1704 393 1867 450 fuisse

1981 397 2260 450 τουτέστιν
2310 397 2377 452 ἐκ
2416 397 2672 469 θεότητος
2707 397 2804 452 καὶ
2845 397 3266 470 ἀνθρωπότητος
3297 399 3560 455 ἀποτελε-

303 503 474 543 nnum
512 488 805 543 Dominum
850 497 1100 542 nostrum
1131 487 1326 542 Iesum
1347 487 1654 552 Christum,
1689 502 1793 542 nec
1820 486 1876 540 in

299 591 368 631 eo
433 577 817 633 confusionem
889 577 1131 632 adfuisse
1213 593 1377 632 causa
1441 577 1886 633 substantiarum

302 667 781 734 constituentium,
829 667 1142 722 necessario
1179 683 1400 737 quoque
1445 667 1501 721 in
1543 667 1879 722 his-duabus

302 758 520 812 naturis
549 759 728 826 ipsum
759 759 979 828 agnosci
1009 757 1127 812 fore
1159 757 1534 822 confessuros,
1569 775 1636 812 ex
1673 757 1878 828 quibus

301 849 466 904 etiam
499 849 831 906 constitutus
858 859 942 904 est
969 851 1062 920 qui
1099 859 1184 905 est
1224 851 1280 904 in
1327 849 1534 904 deitate
1580 859 1744 920 atque
1769 851 1876 904 hu-

301 943 584 999 manitate.
623 943 715 998 Sic
754 948 900 997 enim
957 959 1060 998 nec
1089 942 1404 998 differentia
1444 951 1767 998 naturarum
1820 943 1878 998 in

299 1033 521 1089 Christo
567 1035 812 1099 tollitur,
860 1035 1156 1103 unitasque
1181 1048 1372 1088 earum
1427 1033 1720 1087 individuo
1759 1047 1882 1088 ser-

299 1135 479 1180 vatur.
516 1125 654 1182 Ctnn
703 1125 1068 1196 quorumdam
1097 1124 1469 1180 differentiam
1513 1124 1720 1189 dicant,
1770 1123 1878 1178 nisi

298 1234 420 1288 qua:
448 1219 744 1289 perficiunt
771 1218 1076 1283 Christum,
1119 1219 1177 1272 in
1213 1217 1380 1271 ilione
1405 1217 1616 1270 servari
1645 1217 1876 1286 permit-

301 1311 464 1365 tent‘i
514 1310 671 1366 LiCet
729 1317 919 1365 sancto
969 1309 1174 1381 Cyrillo
1221 1309 1276 1362 in
1333 1307 1600 1361 vicesimo
1677 1316 1877 1377 quarto

299 1407 553 1458 sermone
581 1402 848 1458 Thesauri
879 1403 995 1458 hazc
1015 1402 1298 1457 scribente
1325 1417 1338 1454 :
1407 1419 1426 1451 ‹
1455 1400 1580 1454 llaec
1626 1399 1878 1470 loquitur

301 1505 360 1550 ut
385 1494 572 1562 homo,
605 1495 851 1564 loquitur
873 1503 1055 1550 autem
1081 1495 1248 1550 etiam
1285 1501 1348 1547 ut
1385 1493 1551 1557 Deus,
1589 1491 1644 1545 in
1679 1491 1875 1546 ambo-

297 1586 402 1640 bus
443 1594 770 1656 potcstatem
811 1586 1040 1641 habens.
1077 1585 1148 1642 Ut
1190 1585 1358 1640 homo
1410 1599 1544 1638 vero
1584 1583 1831 1652 loquitur
1858 1601 1882 1638 ι

295 1678 450 1734 Nunc
519 1680 702 1734 anima
763 1661 1140 1733 mea-turbata
1184 1684 1259 1730 est
1283 1688 1328 1728 ε.
1389 1676 1460 1732 Ut
1494 1677 1638 1731 Deus
1688 1685 1883 1730 autem

297 1771 498 1825 iterum
551 1769 726 1826 dicit:
768 1771 1087 1825 Potestatem
1134 1769 1298 1824 Imbeo
1346 1769 1576 1840 ponendi
1617 1783 1734 1822 eam
1761 1811 1776 1834 ,
1823 1777 1879 1822 et
1907 1754 1950 1808 Β

295 1869 606 1932 potestatem
650 1862 814 1916 habeo
869 1863 1060 1915 iterum
1109 1860 1350 1914 sumendi
1387 1858 1578 1912 eamd.
1626 1857 1871 1924 Turbati,

295 1953 482 2009 carnis
529 1953 750 2024 propria
792 1968 952 2022 pmna
999 1961 1126 2020 est;
1184 1960 1499 2022 potestatem
1556 1959 1735 2005 autem
1775 1952 1876 2024 Ira-

293 2047 410 2101 bcre
441 2047 667 2117 ponendi
703 2056 860 2117 atque
908 2047 1100 2100 iterum
1142 2045 1381 2099 sumendi
1413 2045 1670 2108 animant,
1709 2042 1870 2100 Verbi

293 2139 552 2210 potentiae
599 2155 740 2210 opus
804 2146 907 2194 est.
975 2157 994 2190 ι
1056 2137 1206 2192 ldem
1271 2146 1496 2192 sanctus
1535 2134 1772 2207 Cyrillus
1816 2136 1873 2190 in

289 2232 698 2288 Commentario
734 2229 1018 2300 Evangelii
1055 2229 1360 2284 secundum
1393 2220 1680 2292 Joannem,
1716 2233 1872 2282 sexto

291 2339 543 2380 sermone
573 2322 802 2379 secundi
827 2321 953 2385 libri
990 2320 1189 2376 iterum
1219 2319 1353 2374 dicit
1389 2337 1402 2374 :
1468 2339 1486 2370 ι
1515 2317 1652 2374 Cum
1698 2304 1869 2382 enim,

294 2417 456 2470 homo
494 2417 606 2486 jam
661 2415 872 2478 factus,
923 2414 1169 2469 l'ormam-
1193 2411 1336 2467 servi
1362 2410 1653 2474 induisset,
1689 2423 1871 2464 sermo

290 2509 412 2581 ejus
451 2522 555 2562 nec
577 2507 718 2560 liber
753 2521 856 2561 nec
887 2505 1113 2560 omnino
1164 2507 1428 2560 remissus
1455 2515 1574 2557 erat
1622 2501 1693 2555 ob
1726 2500 1869 2554 [idu-

290 2601 430 2656 ciam
485 2614 608 2668 quae
655 2598 830 2652 Deum
875 2596 1106 2651 decebat
1149 2613 1163 2650 :
1223 2596 1314 2650 tali
1365 2601 1550 2651 autem
1609 2593 1870 2648 utebatur

292 2690 612 2762 imprimis,
666 2689 761 2759 qui
811 2695 1037 2758 propter
1091 2687 1436 2741 oeconomiam
1499 2682 1869 2756 (incarnatio-

291 2785 489 2855 nem),
545 2783 722 2838 simul.
769 2783 941 2836 Deum
995 2789 1052 2834 et
1111 2779 1390 2833 hominem
1467 2777 1728 2838 deceret,
1791 2775 1868 2830 si-

287 2881 514 2950 quidem
583 2879 652 2934 de
717 2876 913 2933 eodem
967 2885 1261 2943 utrumque
1309 2887 1439 2927 vere
1500 2871 1866 2926 dice-baturus

284 2971 425 3028 Cum
454 2979 639 3027 autem
668 2971 833 3026 Patet:
862 2969 932 3024 de
971 2967 1170 3023 eodem
1217 2977 1514 3034 utrumque
1565 2963 1712 3018 dicat
1745 2975 1866 3018 esse

287 3061 572 3118 Christum
607 3073 672 3115 ac
695 3059 750 3113 in
784 3066 1022 3126 utroque
1073 3063 1403 3126 potestatem
1447 3051 1674 3116 habere,
1725 3051 1868 3105 nihil

287 3154 438 3210 aliud
454 3168 626 3224 quam
642 3152 696 3207 in
709 3151 930 3208 duabus
947 3147 1361 3218 naturisipsum
1381 3153 1596 3200 exstare
1611 3141 1864 3215 agnosci-

286 3263 396 3317 que
435 3243 733 3316 patefacit;
788 3258 914 3298 cum
948 3241 1096 3296 enim
1132 3254 1294 3295 voces
1336 3237 1473 3292 Deus
1518 3245 1575 3292 et
1610 3238 1764 3290 homo
1795 3235 1866 3290 de

286 3336 509 3393 Christo
537 3343 882 3399 asseruntur,
912 3331 1348 3388 substantiarum
1379 3327 1584 3384 indicia
1615 3335 1764 3382 sunt.

307 3661 312 3666 .
357 3609 614 3664 Attamen
659 3607 910 3663 veritatis
937 3607 1146 3668 hostes,
1183 3601 1365 3658 omnia
1408 3601 1739 3656 documenta
1760 3597 1863 3652 Pa-

285 3705 434 3753 trum
461 3706 885 3754 contemnentes
925 3696 1272 3764 maximeque
1303 3707 1425 3764 qua:
1467 3707 1498 3747 a
1523 3699 1715 3745 sancto
1753 3687 1859 3760 Cy-

283 3789 409 3844 rillo
435 3788 502 3844 de
535 3787 997 3844 condemnatione
1031 3785 1274 3842 Nestorii
1319 3783 1534 3853 prolata
1569 3789 1698 3836 sunt
1727 3795 1861 3834 con-

282 3879 532 3950 cilioque
572 3877 918 3940 confirmata,
953 3875 1202 3946 quaedam
1235 3889 1302 3928 ex
1349 3873 1485 3928 solis
1516 3878 1858 3926 commenta-

281 3971 382 4027 riis
411 3970 588 4026 sancti
631 3969 824 4042 nyilli
855 3969 922 4023 ad
967 3967 1277 4022 Sucensum
1309 3963 1542 4019 arbitrio
1590 3977 1691 4016 suo
1722 3961 1860 4014 false

279 4065 742 4134 interpretantur,
790 4060 1006 4115 scilicet
1039 4057 1212 4114 solam
1255 4063 1513 4112 naturam
1557 4053 1655 4108 Dei
1693 4051 1862 4108 Verbi

281 4157 631 4212 incarnatam.
655 4153 846 4216 lusisse,
882 4151 1275 4220 hominemque
1333 4147 1618 4217 exemplar
1645 4145 1817 4200 fuisse
1841 4163 1856 4212 ;

278 4264 365 4313 ac,
399 4247 560 4318 quod
597 4247 778 4303 solent
828 4227 1097 4308 haeretici,
1132 4241 1354 4298 scilicet
1372 4240 1542 4296 verba
1575 4253 1857 4295 sacrarum

225 4357 230 4364 '
279 4333 692 4410 Scripturarum
713 4342 866 4410 juxta
894 4337 1180 4408 proprium
1200 4349 1448 4392 errorem
1471 4331 1853 4403 interpretari,

281 4432 386 4488 hoc
415 4441 472 4486 et
509 4430 871 4500 ipsifaciunt.
909 4426 1017 4482 Sed
1059 4443 1128 4482 ex
1164 4425 1250 4480 his
1278 4441 1401 4494 qua:
1437 4423 1582 4491 dicta
1625 4430 1756 4476 sunt
1788 4420 1858 4474 ab

276 4523 384 4579 hoc
442 4524 602 4577 Patre
657 4520 926 4575 insaniam
979 4531 1338 4586 erroremque
1390 4515 1608 4568 illorum
1661 4512 1728 4567 de
1771 4511 1858 4566 his

276 4614 798 4672 demonstrabimus.
853 4609 980 4665 Haec
1023 4609 1193 4664 Verba
1243 4592 1691 4678 praecurrentes,
1719 4621 1854 4660 con-

275 4716 598 4777 textumque
623 4719 816 4761 eorum
856 4703 1350 4770 interrutnpentes,
1410 4713 1570 4751 suum
1605 4713 1852 4752 errorem

276 4801 614 4858 constituere
660 4806 960 4868 satagunt;
1023 4808 1148 4848 cum
1205 4791 1383 4862 reipsa
1418 4791 1620 4846 dixerit
1646 4790 1848 4844 Pater:

285 4909 304 4945 ι
333 4891 463 4946 Post
491 4891 752 4944 unionem
782 4904 892 4942 non
922 4901 1022 4941 nos
1051 4883 1299 4940 dividere
1337 4890 1562 4936 naturas
1605 4880 1674 4933 ab
1705 4879 1852 4933 invi-

275 4997 422 5047 cem,
453 4995 558 5035 nec
588 4981 644 5034 in
675 4981 816 5035 duos
851 4979 1023 5034 Filios
1053 4991 1226 5030 unum
1279 4983 1446 5044 atque
1501 4971 1851 5028 individuum

275 5089 486 5138 secare,
533 5071 630 5128 sed
668 5087 838 5126 unum
873 5071 1072 5126 Filium
1113 5069 1340 5134 dicere;
1374 5087 1394 5119 ι
1448 5082 1513 5122 ac
1557 5073 1850 5136 postquam

275 5165 800 5220 demonstraverunt
845 5168 973 5230 post
1029 5159 1292 5214 unionem
1352 5171 1466 5211 non
1525 5154 1852 5210 dividendas

273 5271 396 5314 esse
427 5263 677 5315 naturas,
707 5251 804 5308 sed
843 5251 966 5306 iilas
995 5251 1181 5305 unitas
1225 5249 1282 5304 in
1314 5247 1541 5305 Christo
1583 5246 1853 5303 conﬁtem-

272 5350 391 5412 tlas,
421 5345 552 5418 ipsi,
583 5345 704 5400 haec
742 5341 965 5399 silentio
990 5340 1496 5412 praetermittentes,
1531 5354 1697 5394 unam
1731 5353 1852 5394 car-

270 5438 358 5494 nis
403 5445 462 5492 et
516 5433 829 5492 divinitatis
877 5441 1134 5488 naturam
1189 5430 1435 5504 ﬁngam..-
1497 5430 1570 5486 At
1626 5438 1850 5484 sanctus

271 5526 456 5595 Pater,
485 5541 620 5594 non,
652 5524 800 5582 sicut
837 5524 914 5580 illi
941 5523 1334 5596 imaginantur,
1380 5537 1554 5577 unam.
1581 5521 1766 5580 carnis
1792 5532 1850 5580 et

344 5713 367 5743 ε
403 5703 557 5760 Joan.
627 5721 720 5770 rt,
749 5707 838 5762 27.
915 5704 939 5744 ά
969 5705 1124 5761 Joan.
1161 5720 1212 5769 x,
1263 5703 1344 5758 l8.

1981 489 2176 559 σθῆναι
2200 489 2293 542 τὸν
2315 488 2413 543 ἕνα
2446 489 2652 560 Κύριον
2676 489 2833 561 ήμῶν
2867 487 3076 561 Ἰησοῦν
3110 491 3347 561 Χριστὸν
3369 492 3573 562 όμολοε

1978 580 2226 648 γοῦντες,
2251 581 2344 634 καὶ
2373 580 2452 652 μὴ
2469 579 2732 651 σύγχυσιν
2755 583 2813 634 ὲν
2836 582 2986 652 αὐτῷ
3010 581 3343 653 γεγενῆσθαι
3369 584 3563 653 λέγονο

1977 690 2072 734 τες
2091 674 2200 725 τῶν
2230 673 2602 726 συνελθουσῶν
2630 671 2856 738 οὐσιῶν,
2883 673 3134 744 ἀνάγκην
3159 675 3345 738 ἓξουσι
3371 677 3464 732 καὶ
3500 679 3566 729 ἐν

1980 765 2169 828 αὑταῖς
2201 767 2322 827 ταῖς
2349 763 2444 818 δύο
2487 763 2714 834 φύσεσιν
2758 763 2922 819 αὑτὸν
2965 763 3256 833 ὁμολογεῖν
3289 765 3560 837 γνωρίζε-
3632 832 3638 837 ι

1981 855 2128 919 σθαι,
2163 857 2223 920 ἐξ
2251 849 2328 911 ὧν
2350 856 2443 910 καὶ
2473 854 2732 926 συνετέθη
2763 856 2902 926 ὅπερ
2934 857 3082 908 ἐστὶν
3117 857 3174 908 ὲν
3207 857 3428 929 θεότητι
3462 861 3559 913 καὶ

1981 947 2382 1018 ἀνθρωπότητι.
2411 945 2570 1000 Οὕτω
2619 945 2730 1017 γὰρ
2775 946 2898 1000 οὔτε
2958 949 2990 1018 ἡ
3041 947 3276 1016 διαφορὰ
3331 949 3440 1001 τῶν
3499 951 3560 1002 ἐν

1978 1038 2202 1109 Χριστῷ
2250 1038 2468 1107 φύσεων
2514 1039 2840 1108 ἀναιρεῖται,
2868 1037 2961 1091 καὶ
3017 1039 3054 1108 ἡ
3110 1037 3316 1091 τούτων
3361 1039 3558 1106 ἓνωσις

1979 1129 2348 1194 ἀδιάσπαστος
2405 1129 2758 1212 φυλάττεται.
2796 1129 2948 1182 Ἐπεὶ
2997 1127 3159 1183 τίνων
3199 1129 3416 1198 λέγουσι
3444 1132 3560 1184 δια-

1980 1221 2176 1292 φορὰν,
2203 1221 2300 1272 ἐὰν
2336 1219 2412 1291 μὴ
2452 1219 2520 1272 τὰ
2568 1209 2802 1290 Χριστὸν
2843 1209 3278 1284 ἀποτελέσαντα,
3313 1223 3370 1274 ὲν
3409 1223 3560 1293 αύτῷ

1980 1311 2352 1382 φυλάττεσθαι
2379 1311 2630 1377 albatum;
2665 1312 2844 1365 καίτοι
2888 1311 2984 1364 τοῦ
3024 1314 3082 1366 ὲν
3139 1313 3318 1380 ἁγίοις
3353 1315 3560 1384 Κυρίλ-

1977 1405 2072 1457 λου
2099 1405 2156 1456 ἐν
2180 1403 2256 1474 τῷ
2285 1401 2523 1473 εἰκοστῷ
2542 1403 2793 1474 τετάρτῳ
2819 1401 2964 1474 λόγῳ
2985 1401 3079 1457 τοῦ
3104 1402 3392 1476 Θησαυροῦ
3422 1406 3560 1476 γρά-

1979 1515 2200 1568 φοντος·
2237 1517 2255 1548 ι
2289 1495 2472 1550 Ταῦτα
2505 1494 2656 1548 λαλεῖ
2687 1495 2763 1558 ὡς
2817 1495 3128 1568 ἄνθρωπος,
3159 1495 3314 1548 λαλεῖ
3356 1497 3414 1549 δὲ
3467 1501 3560 1552 καὶ

1975 1591 2051 1654 ὼς
2083 1589 2218 1651 935;
2241 1630 2256 1654 ,
2282 1587 2420 1659 ἔχων
2449 1589 2506 1640 ἐν
2534 1586 2870 1658 ἀμφοτέροις
2894 1587 2994 1657 τὴν
3023 1586 3276 1652 ἐξουσίαν
3298 1605 3312 1622 ·
3349 1589 3563 1660 ἀνθρω-

1978 1684 2154 1746 πίνως
2191 1681 2292 1752 μὲν
2321 1681 2432 1752 γὰρ
2465 1680 2676 1748 ἔλεγεν,
2707 1679 2837 1734 Νῦν
2877 1683 2916 1750 ἡ
2949 1681 3118 1750 ψυχή
3145 1699 3267 1752 μου
3321 1681 3567 1751 tertio“.

1976 1793 2130 1831 attat.
2165 1773 2376 1836 Θεῖκῶς
2403 1771 2461 1824 δὲ
2493 1770 2691 1836 πάλιν,
2739 1770 3068 1835 Ἐξουσίαν
3087 1772 3208 1842 ἔχω
3239 1773 3559 1828 θεῖν-ιιιαὺ-

1975 1867 2111 1936 thr,
2142 1865 2242 1921 καὶ
2285 1863 2472 1920 πάλιν
2505 1863 2799 1929 ἐξουσίαν
2831 1865 2950 1934 ἔχω
2986 1865 3202 1920 λαϐεῖν
3239 1865 3455 1932 αὐτήν.
3483 1867 3561 1920 Th

1975 1960 2102 2025 οὖν,
2135 1957 2552 2027 ταράττεσθαι,
2580 1957 2680 2028 τῆς
2722 1955 2928 2027 σαρκὸς
2970 1957 3105 2010 ίδιον
3139 1957 3341 2020 πάθος·
3381 1957 3443 2010 τδ
3473 1958 3562 2024 δὲ,

1972 2052 2266 2118 ἐξουσίαν
2307 2048 2474 2119 ἔχειν
2515 2047 2707 2104 θεῖναι
2742 2064 2806 2101 τε
2847 2047 2948 2102 καὶ
2980 2048 3169 2103 πάλιν
3201 2049 3412 2103 λαϐεῖν
3443 2051 3558 2118 τὴν

1972 2145 2208 2216 ψυχὴν,
2231 2145 2331 2215 τῆς
2370 2141 2466 2196 τοῦ
2523 2141 2702 2210 Λόγου
2765 2141 3051 2212 δυνάμεως
3109 2140 3272 2212 ἔργον
3318 2141 3486 2196 ἐστίν,
3529 2161 3550 2195 ι

1972 2235 2084 2292 Καὶ
2116 2235 2322 2290 πάλινῙὸ
2343 2233 2504 2296 αὐτὸς
2530 2235 2588 2288 ἐν
2618 2232 2794 2301 ἁγίοις
2823 2231 3093 2302 Κύριλλος
3117 2233 3174 2284 ὲν
3202 2231 3278 2302 τῷ
3311 2233 3564 2303 ὑπομνή-

1975 2346 2108 2400 ματι
2151 2326 2247 2380 τοῦ
2286 2325 2430 2380 κατὰ
2478 2323 2733 2393 Ἰωάννην
2786 2321 3148 2392 Εὐαγγελίου,
3175 2323 3230 2377 ὲν
3280 2323 3357 2392 τῷ
3407 2324 3555 2395 ἕκτῳ

1971 2420 2114 2492 λόγῳ
2159 2418 2255 2472 τοῦ
2298 2417 2558 2488 δευτέρου
2615 2416 2831 2488 βώλίου
2865 2415 3016 2484 λέγει
3045 2430 3060 2446 ·
3096 2435 3114 2468 ι
3163 2415 3252 2479 Ὠς
3293 2415 3404 2487 γὰρ
3451 2416 3557 2486 ἤδη

1971 2511 2068 2582 τὴν
2123 2509 2220 2563 τοῦ
2274 2509 2464 2564 δούλου
2527 2507 2743 2580 μορφὴν
2813 2505 3207 2576 περικείμενος
3265 2507 3554 2578 ἄνθρωπος

1970 2603 2283 2674 γενόμενος,
2309 2603 2400 2656 διὰ
2456 2601 2520 2655 τδ
2573 2601 2846 2670 ἑνωθῆναι
2897 2600 3088 2670 σαρκὶ,
3121 2599 3226 2654 οὐκ
3258 2599 3552 2671 ἐλευθέραν

1969 2692 2088 2745 οὐδὲ
2145 2691 2439 2762 ἀνιεμένης)
2473 2689 2758 2753 παντελῶς
2787 2691 2868 2751 εἰς
2897 2687 3183 2760 θεοπρεπῆ
3236 2690 3554 2761 παρρησίαν

1968 2785 2206 2838 ἐποιεῖτο
2235 2784 2334 2854 τὴν
2360 2783 2595 2848 διάλεξιν
2621 2797 2634 2813 ·
2675 2781 2881 2852 ἐχρῆτο
2909 2781 2968 2835 δὲ
3002 2781 3207 2851 μᾶλλον
3227 2783 3450 2852 τοιαύτῃ
3477 2781 3548 2833 δι’

1967 2875 2280 2945 οἰκονομίαν
2329 2873 2443 2928 ἐσθ’
2471 2875 2580 2938 ὅτε,
2614 2867 2758 2947 ᾗπερ
2799 2873 2866 2926 ἂν
2901 2871 3103 2943 πρέποι
3141 2871 3258 2941 Θεῷ
3301 2889 3356 2923 τε
3405 2871 3540 2939 ὁμοῦ

1967 2966 2064 3018 καὶ
2121 2961 2426 3034 ἀνθρώπῳ·
2489 2960 2585 3016 καὶ
2633 2961 2744 3032 γὰρ
2801 2957 2868 3030 ἦν
2925 2959 3089 3024 ὅντως
3137 2959 3277 3012 κατὰ
3343 2957 3544 3012 ταυτὸν

1968 3055 2272 3126 ἀμφότερα.
2317 3072 2336 3104 ι
2382 3053 2695 3124 Ἀμφότερα
2749 3053 2804 3106 δὲ
2856 3053 3024 3115 λέγων
3074 3053 3103 3104 ό
3153 3051 3346 3121 Πατὴρ
3393 3049 3546 3104 κατὰ

1968 3145 2165 3200 ταυτὸν
2207 3141 2347 3199 εἶναι
2399 3145 2488 3198 τὸν
2515 3143 2774 3216 Χριστὸν,
2807 3145 2902 3198 καὶ
2933 3145 2992 3196 ὲν
3023 3141 3352 3213 ἀμφοτέροις
3395 3141 3547 3210 ἔχειν

1967 3237 2064 3306 τὴν
2095 3235 2366 3303 ἐξουσίαν,
2400 3234 2553 3288 οὐδὲν
2583 3234 2822 3306 ἕτερονῆ
2856 3235 2914 3287 ὲν
2954 3233 3078 3286 δυσὶ
3117 3230 3344 3301 φύσεσιν
3383 3230 3559 3283 αὑτὸν

1967 3329 2238 3400 ὑπάρχειν
2273 3345 2334 3380 τε
2369 3328 2465 3381 καὶ⁵
2507 3326 2876 3398 γνωρίζεσθαι
2923 3324 3110 3396 δηλοῖο
3153 3322 3224 3376 τὰ
3266 3322 3377 3393 γὰρ
3403 3321 3548 3386 θεὸς

1964 3423 2060 3476 καὶ
2098 3421 2409 3490 ἅνθρωπος
2463 3420 2555 3472 ἐπὶ
2605 3418 2701 3474 τοῦ
2741 3417 2988 3490 Χριστοῦ
3016 3415 3287 3486 λεγόμενα
3310 3455 3326 3481 ,
3351 3411 3548 3466 οὐσιῶν

1963 3516 2083 3568 ἐστι
2113 3511 2456 3584 σημαντικά.

2033 3607 2148 3662 Kal
2203 3607 2356 3676 ὅμως
2405 3607 2454 3659 oi
2501 3604 2615 3675 τῆς.
2663 3603 2924 3676 ἀληθείας
2978 3601 3166 3674 ἐχθροὶ
3213 3599 3396 3663 πάσας
3437 3594 3546 3649 τῶν

1963 3701 2233 3774 ωτέρων
2249 3699 2672 3772 ὑπερϐαίνοντες
2699 3699 2799 3764 τὰς
2841 3699 3217 3763 διδασκαλίας,
3247 3695 3342 3750 καὶ
3387 3691 3546 3766 μάλι-

1965 3812 2066 3849 στα
2099 3793 2217 3858 τὰς.
2246 3793 2341 3847 ἐπὶ
2379 3795 2447 3865 τῇ
2477 3792 2800 3861 κατακρίσει
2835 3788 3144 3860 Νεστορίου
3173 3786 3267 3840 τοῦ
3298 3783 3540 3856 βλασφή-

1967 3902 2068 3956 μου
2107 3885 2258 3958 παρὰ
2289 3885 2383 3939 τοῦ
2419 3885 2478 3937 ὲν
2507 3884 2686 3952 ἁγίοις
2725 3881 2998 3954 Κυρίλλου
3024 3877 3499 3952 προενηνεγμένας
3519 3912 3538 3934 ,

1963 3978 2058 4031 καὶ
2095 3976 2392 4040 συνοδικῶς
2423 3975 2840 4048 βεδαιωθείσας,
2871 3973 3050 4044 μόνων
3082 3971 3192 4026 τῶν
3221 3969 3358 4041 πρδς
3409 3967 3540 4020 Σού-

1960 4087 2154 4126 κενσον
2178 4085 2184 4091 ·
2211 4067 2638 4140 ύπομνηστικῶν
2685 4065 2780 4122 τοῦ
2820 4067 2880 4120 ὲν
2913 4065 3088 4134 ἁγίοις
3119 4061 3392 4134 Κυρίλλου
3422 4056 3553 4111 τινὰ·

1961 4163 2100 4233 πρὸς
2131 4161 2192 4216 τὸ
2225 4161 2418 4217 δοκοῦν
2456 4161 2641 4226 αὐτοῖς
2667 4157 3172 4232 παρερμηνεύουσι,
3211 4153 3461 4218 τουτέστι
3482 4151 3554 4204 τδ-

1965 4255 2094 4324 μίαν
2129 4253 2289 4322 φύσιν
2337 4252 2432 4306 τοῦ
2463 4251 2599 4306 Θεοῦ
2627 4251 2801 4319 Λόγου
2847 4247 3313 4320 σεσαρκωμένην,
3345 4244 3440 4298 καὶ
3481 4242 3557 4295 τδ.

1963 4343 2104 4396 κατά
2137 4344 2227 4395 τὸν
2258 4341 2544 4414 ἄνθρωπον
2573 4341 2896 4411 ὑπόδειγμα,
2922 4339 3016 4392 καὶ
3047 4339 3186 4408 ὅπερ
3217 4336 3386 4389 πᾶσιν
3411 4331 3542 4386 εἰθι-

1897 4447 1936 4502 [)
1963 4452 2084 4488 σται
2113 4435 2226 4496 τοῖς
2251 4435 2550 4504 αἰρετικοῖς
2581 4432 2644 4485 τὸ
2668 4431 2892 4502 ῥήματά
2923 4447 3046 4483 τινα
3075 4427 3184 4481 τῶν
3211 4425 3382 4494 ἁγίων
3403 4423 3555 4492 Γραι

1959 4526 2076 4595 φῶν
2107 4525 2246 4597 πρὸς
2277 4524 2376 4595 τὴν
2407 4525 2618 4578 οἰκείαν
2649 4522 2976 4595 ἑρμηνεύειν
3006 4516 3417 4589 πλάνην,τοῦτο
3445 4513 3538 4568 καὶ

1957 4617 2112 4671 αὐτοὶ
2153 4615 2386 4671 ποιοῦσι.
2418 4615 2564 4687 Πλὴν
2599 4617 2759 4686 ἡμεῖς
2805 4613 2878 4680 ἐξ·
2901 4613 3082 4668 αὐτῶν
3111 4610 3219 4664 τῶν
3256 4608 3409 4678 παρὰ
3446 4603 3554 4660 τοῦ-

1956 4705 2171 4777 Πατρδς
2217 4705 2547 4777 εἰρημένων,
2605 4703 2838 4774 ματαίαν
2891 4701 3070 4756 αὐτῶν
3123 4700 3218 4755 καὶ
3264 4697 3364 4770 τὴν
3413 4696 3540 4764 περὶ

1959 4797 2134 4852 ταῦτα
2161 4797 2370 4868 πλάνην
2403 4781 2786 4867 ἀποδείξομεν.
2821 4796 2902 4850 Τὰ
2943 4794 3054 4864 γὰρ
3087 4790 3399 4864 ἔμπροσθεν
3433 4787 3552 4842 τῶν

1957 4887 2216 4944 τοιούτων
2275 4887 2470 4958 φωνῶν
2527 4888 3004 4960 παρατρέχοντες,
3054 4886 3150 4938 καὶ
3205 4883 3276 4936 τὰ
3338 4877 3538 4950 ἐφεξῆς

1957 4979 2410 5052 ἀποτεμνόμενοι,
2444 4979 2806 5044 σπουδάζουσι
2853 4979 2953 5050 τὴν
3013 4975 3220 5030 οἰκείαν
3283 4971 3551 5042 συνιστᾷν-

1958 5071 2168 5141 πλάνην
2199 5088 2214 5103 ·
2246 5073 2534 5142 εἰρηκότος
2567 5072 2676 5142 γὰρ
2709 5069 2804 5124 τοῦ
2831 5069 3066 5142 Πατρὸς,
3089 5069 3171 5122 ὅτι
3205 5085 3224 5117 ι
3258 5064 3416 5121 Μετά
3439 5062 3536 5132 τὴν

1960 5161 2158 5216 ἕνωσιν
2187 5161 2249 5216 ού
2284 5161 2602 5234 διαιροῦμεν
2632 5161 2733 5226 τὰς
2771 5160 2966 5230 φύσεις
2991 5160 3087 5213 ἀπ’
3113 5156 3385 5228 ἀλλήλων,
3416 5151 3544 5206 οὐδὲ

1961 5253 2042 5315 εἰς
2095 5251 2189 5306 δύο
2238 5251 2510 5324 τέμνομεν
2551 5251 2716 5315 Υἰοὺς
2785 5250 2881 5304 τὸν
2920 5249 3018 5303 ἕνα
3057 5249 3151 5302 καὶ
3214 5247 3546 5324 ἀμέριστον,

1957 5344 2072 5398 ἀλλ’
2104 5344 2200 5400 ἕνα
2231 5345 2415 5417 φαμὲν
2444 5344 2576 5398 Υἱόν
2599 5360 2615 5378 ο
2649 5363 2668 5396 ι
2713 5343 2807 5398 καὶ
2844 5341 3122 5408 δείξαντες
3144 5340 3230 5393 ὅτι
3273 5335 3413 5408 μετά
3436 5334 3542 5406 τὴν

1955 5434 2150 5490 ἕνωσιν
2174 5435 2238 5490 ού
2279 5436 2386 5508 χρὴ
2439 5435 2673 5508 διαιρεῖν
2707 5433 2808 5498 τὰς
2849 5432 3066 5502 φύσεις,
3097 5429 3214 5485 ἀλλ’
3247 5424 3540 5500 ἡνωμένα-ς

1955 5527 2131 5594 αὐτὰς
2152 5528 2212 5583 ἐν
2237 5529 2460 5602 Χριστῷ
2493 5528 2802 5601 ὁμολογεῖν,
2843 5525 3000 5582 αὐτοὶ
3029 5523 3206 5580 ταῦτα
3245 5534 3536 5594 παρασιω-

2449 5807 2455 5812 ”
2519 5801 2546 5820 κ
