3998 6146
328 258 492 348 tua

1218 249 2026 384 'TRACIATUS'CONTRA
2059 290 2662 357 MONOPHYSITAS.

3430 303 3570 360 1114

327 393 563 457 σπῶντες,
598 389 728 463 μίαν
770 391 1181 447 ἀναπλάττουσι
1247 395 1451 466 σαρκὸς
1502 397 1600 450 καὶ
1651 396 1907 468 θεότητος

2011 399 2316 458 divinitatis
2348 413 2600 459 naturam
2631 403 2787 470 dicit,
2823 405 2918 461 sed
2946 413 3238 478 postquam
3268 408 3573 480 incorporei

329 487 512 556 φύσιν.
562 485 620 540 '0
688 490 871 558 μέντοι
923 489 983 541 ὲν
1025 486 1205 554 ἁγίοις
1252 487 1444 559 Πατὴρ
1469 529 1482 552 ,
1509 489 1608 560 οὺχ
1647 489 1722 553 ὡς
1751 489 1908 544 αὐτοὶ

331 581 697 650 φαντάζονται
733 580 860 651 μίαν
891 580 1096 651 σαρκὸς
1127 581 1219 634 καλ⁸
1251 579 1507 652 θεότητος
1537 583 1684 651 λέγει
1719 582 1904 651 φύσιν,

329 675 448 728 ἀλλ’
475 673 554 737 ὡς
600 674 844 744 ἀσάρκου
871 671 968 726 τοῦ
999 673 1176 740 Λόγου
1211 673 1340 743 μίαν
1379 671 1550 726 εἰπὼν
1591 672 1692 744 τὴν
1720 673 1903 741 φύσιν,

331 767 430 819 οὐκ
463 765 596 836 ἔστη
625 765 785 836 μέχρι
817 764 1030 830 τούτου,
1052 764 1191 818 ἀλλὰ
1208 765 1554 837 προσέθηκεν
1575 765 1656 830 τὸ,
1685 779 1908 833 σεσαρ-

331 860 630 930 νςωμένην,
659 860 746 914 ἴνα
771 859 861 913 διὰ
905 856 1025 920 τοῦ,
1059 857 1548 928 σεσαρκωμένην,
1583 858 1683 926 τὴν
1711 857 1908 927 ἑτέραν

333 951 760 1022 ἡμῖν,τουτέστι
800 952 901 1022 τὴν
950 949 1302 1020 ἀνθρωπίνην
1346 950 1677 1020 παραστήσῃ
1721 950 1902 1018 φύσιν.

345 1043 566 1115 Ἀμέλει
593 1041 666 1114 μὴ
698 1041 991 1113 ἀρκεσθεὶς
1021 1043 1088 1112 τῇ
1118 1039 1345 1112 τοιαύτῃ
1375 1041 1540 1106 λέξει,
1566 1041 1704 1094 ἀλλὰ
1739 1040 1908 1109 σαφέ-

335 1154 424 1190 στε
437 1153 527 1206 ρον
559 1136 657 1206 τὴν
692 1133 886 1188 ἑαυτοῦ
911 1133 1149 1187 διάνοιαν
1175 1131 1524 1203 παραστῆσαι
1555 1130 1906 1202 βουλόμενος,

333 1232 613 1300 ἐπήγαγεν
667 1229 827 1292 εὐθὺς
875 1227 912 1282 ἃ
956 1227 1116 1281 πάλιν
1165 1225 1321 1279 αὐτοὶ
1371 1225 1906 1298 παραλιμπάνουσιν·

231 1381 241 1389 ο
339 1342 360 1374 ι
404 1321 613 1376 Οὐκοῦν
653 1323 778 1375 ὅσον
811 1321 908 1390 μὲν
954 1316 1090 1392 ἧκεν
1134 1319 1213 1381 είς
1256 1317 1466 1370 ἔννοιαν
1509 1318 1606 1370 καὶ
1634 1318 1714 1380 εἰς
1747 1316 1907 1387 μόνον

330 1415 392 1467 τὸ
431 1416 562 1485 όρᾷν
586 1417 697 1476 τοῖς
722 1413 823 1483 τῆς
855 1412 1033 1483 ψυχῆς
1061 1413 1274 1484 ὄμμασι
1297 1454 1313 1478 ,
1345 1413 1472 1464 τίνα
1513 1410 1715 1480 τρόπον
1755 1409 1909 1477 ἐνην-

331 1506 624 1577 θρώπησεν
653 1505 680 1557 ό
709 1505 1040 1574 Μονογενὴς,
1065 1503 1159 1558 δύο
1187 1503 1285 1567 τὰς
1311 1502 1502 1574 φύσεις
1532 1497 1672 1554 εἶναί
1703 1515 1906 1570 φαμεν,

333 1599 429 1652 ἕνα
455 1597 511 1650 δὲ
533 1597 770 1668 Χριστὸν
797 1597 894 1650 καὶ
925 1595 1054 1650 Υίδν
1083 1597 1177 1650 καὶ
1206 1595 1412 1664 Κύριον
1436 1592 1532 1647 τοῦ
1569 1591 1706 1645 Θεοῦ
1733 1591 1908 1658 Λόγον

333 1688 839 1760 ὲνανθρωπήσαντα
891 1687 984 1742 καὶ
1041 1687 1479 1758 σεσαρκωμένον.
1515 1703 1534 1738 ι
1571 1684 1638 1736 Τί
1698 1682 1905 1736 τούτων

2014 492 2182 549 Verbi
2207 510 2368 550 unam
2399 503 2655 550 naturam
2687 496 2846 562 dixit,
2881 513 2993 552 non
3019 498 3111 554 hic
3139 499 3316 565 stetit,
3369 498 3584 556 addidit

2005 588 2374 653 iucarnatam,
2428 595 2490 642 ut
2543 603 2642 658 per
2693 589 3066 655 incantatam,
3117 590 3347 644 alteram
3397 590 3582 658 nobis,

2007 679 2218 734 scilicet
2245 679 2564 744 humanam,
2589 687 2842 734 naturam
2869 689 3224 750 proponeret.
3248 681 3367 735 Non
3395 689 3583 736 autem

2009 770 2113 826 hac
2157 771 2474 826 elocutione
2516 777 2831 834 contentus,
2888 769 2985 824 sed
3033 769 3380 825 manifestius
3426 785 3583 824 suam

2006 865 2200 919 volens
2231 861 2446 932 aperire
2477 861 2805 916 sententiam
2832 902 2847 927 ,
2903 862 3168 916 continuo
3198 861 3410 916 addidit
3453 878 3586 917 rur-

2007 970 2103 1010 sus
2129 969 2252 1024 qua:
2286 952 2364 1008 illi
2400 951 2868 1023 praetermittunt:
2899 971 2916 1002 ι
2949 952 3184 1006 Tantum
3216 953 3382 1023 igitur
3411 967 3586 1020 quan-

2010 1055 2125 1100 tum
2175 1045 2364 1099 datum
2419 1051 2506 1099 est
2555 1043 2719 1097 nobis
2782 1041 3087 1112 intelligere
3135 1045 3377 1113 solisque
3427 1043 3584 1098 vide-

2009 1120 2070 1192 re
2115 1137 2292 1192 oculis
2333 1134 2528 1189 animae
2569 1142 2800 1196 nostras,
2863 1133 3138 1202 quomodo
3194 1135 3359 1188 homo
3409 1134 3586 1190 factus

2009 1229 2179 1284 fuerit
2231 1227 2590 1298 Unigenitus,
2644 1227 2784 1280 duas
2841 1233 3072 1304 na_turas
3129 1241 3251 1280 esse
3311 1226 3582 1292 dicimus,

2009 1336 2179 1375 unum
2223 1335 2357 1375 vero
2403 1319 2715 1382 Christum,
2752 1317 2953 1372 Filium
3001 1325 3057 1372 et
3091 1317 3381 1396 Dominum
3404 1357 3417 1380 ,
3448 1318 3587 1372 Ver-

2009 1413 2142 1468 bum
2193 1412 2289 1467 Dei
2339 1413 2434 1482 qui
2495 1411 2663 1466 homo
2710 1409 2886 1466 factus
2931 1419 3018 1465 est
3070 1419 3126 1464 et
3172 1409 3512 1464 incarnatus.
3563 1429 3581 1460 ι

2008 1505 2152 1572 Quid
2174 1505 2262 1560 his
2290 1505 2477 1560 verbis
2505 1503 2712 1558 clarius
2737 1518 2856 1558 esse
2889 1503 3112 1574 potest?
3135 1503 3224 1558 Vel
3265 1502 3414 1573 quod
3439 1503 3588 1558 sanis

2008 1605 2192 1653 mente
2236 1596 2468 1651 dubium
2515 1596 2846 1666 relinquitur
2897 1595 3079 1670 adhuc
3122 1595 3191 1650 de
3239 1593 3588 1649 confessione

2007 1687 2244 1744 duarum
2287 1689 2343 1743 in
2379 1687 2604 1742 Christo
2653 1695 3007 1752 naturarum,
3058 1685 3175 1741 hate
3208 1686 3370 1740 Patre
3425 1685 3589 1740 nobis

331 1781 448 1834 icti.
513 1779 850 1850 σαφέστερον
883 1795 898 1844 ;
929 1778 965 1850 ἦ
992 1778 1077 1842 τίς
1117 1777 1304 1832 λοιπὸν
1357 1779 1471 1841 τοῖς
1507 1774 1570 1830 εὖ
1611 1773 1904 1846 φρονοῦσιν

2011 1779 2301 1836 tradente?
2341 1777 2448 1834 Sed
2493 1777 2572 1832 illi
2623 1778 2773 1832 omni
2819 1777 2984 1832 modo
3031 1777 3323 1832 veritatem
3378 1776 3586 1831 distor-

329 1872 742 1944 ἀμφισϐήτησις
769 1871 1120 1926 ὑπολείπεται
1149 1871 1279 1943 περὶ
1325 1869 1425 1943 τὴν
1475 1869 1766 1941 ὁμολογίαν
1794 1867 1904 1921 τῶν

329 1967 390 2018 ὲν
427 1963 649 2035 Χριστῷ
695 1963 792 2018 δύο
839 1965 1080 2034 φύσεων,
1111 1965 1337 2019 τοιαῦτα
1383 1962 1482 2016 τοῦ
1525 1963 1738 2034 Πατρδς
1771 1963 1907 2030 ἡμῖν

331 2055 813 2126 παραδεδωκότος;
867 2055 1006 2108 Ἀλλ’
1045 2057 1246 2110 ἐκείνοι
1292 2054 1384 2110 διὰ
1415 2057 1633 2109 πάντων
1660 2053 1729 2108 τὰ
1771 2051 1908 2126 ὀρθὰ

328 2143 676 2214 δ.αστρέφειν
723 2143 1151 2209 σπουδάζοντες,
1185 2146 1279 2198 καὶ
1317 2144 1476 2198 τοῦτο
1505 2146 1626 2207 ταῖς
1674 2143 1907 2206 οἰκείαις

332 2233 688 2304 προστιθέασι
745 2233 1173 2303 ματαιολογίαις,
1209 2233 1458 2303 λέγοντες
1501 2231 1576 2305 μὴ
1617 2232 1728 2286 δεῖν
1770 2233 1908 2303 ὁμο·-

331 2323 604 2394 λογείσθαι
635 2326 862 2395 στόματι
890 2324 959 2378 τὰ
987 2324 1129 2378 κατὰ
1159 2325 1260 2396 τὴν
1281 2325 1492 2378 ἔννοιαν
1529 2325 1624 2379 καὶ
1651 2326 1765 2388 τοῖς
1807 2323 1910 2394 τῆς

331 2419 511 2488 ψυχῆς
544 2418 755 2490 ὄμμασι
791 2417 1160 2490 θεωρούμενα.
1194 2419 1306 2490 Τῆς
1353 2419 1409 2472 δὲ
1441 2417 1698 2488 τοιαύτης
1729 2415 1908 2470 αὐτῶν

334 2511 671 2582 κακουργίας
699 2509 852 2564 οὐδέν
884 2511 1035 2564 ἐστιν
1071 2509 1410 2582 ἀλογώτερον
1442 2527 1456 2542 ο
1497 2509 1638 2564 κατὰ
1669 2508 1778 2581 γὰρ
1800 2509 1910 2582 ,τὴν

334 2601 514 2655 αὐτῶν
551 2605 769 2671 μανίαν,
801 2602 922 2654 οὐδὲ
979 2601 1115 2656 Θεὸν
1173 2601 1402 2672 στόματι
1454 2603 1906 2674 ὁμολογήσουσιν,

334 2691 520 2760 ἐπειδὴ
549 2689 692 2746 κατὰ
722 2691 891 2762 μόνην
929 2691 1159 2758 ἔννοιαν,
1191 2692 1286 2746 καὶ
1319 2695 1429 2756 τοῖς
1462 2693 1559 2764 τῆς
1586 2692 1767 2764 ψυχῆς
1805 2693 1907 2765 δμ-

339 2799 505 2853 μασιν
527 2783 691 2838 αὐτὸν
712 2783 1057 2853 ἐπιστάμεθα
1083 2801 1097 2817 ο
1127 2784 1261 2838 ὅπου
1294 2799 1358 2853 γε
1390 2783 1486 2838 καὶ
1532 2785 1692 2848 αὐτὸς
1725 2787 1752 2838 ό
1791 2787 1908 2839 Πα-

333 2875 480 2946 τὴρ,
528 2875 672 2948 ἇπερ
724 2879 839 2940 τοῖς
889 2875 994 2946 τῆς
1035 2875 1215 2948 ψυχῆς
1257 2876 1503 2946 ὄμμασιν
1554 2876 1908 2950 ἐθεώρησεν,

334 2965 512 3020 ταῦτα
575 2965 671 3020 καὶ
729 2961 884 3021 εἶπεν
937 2967 1034 3020 καὶ
1089 2967 1384 3039 ἐγγράφως
1461 2966 1714 3034 ἐξέθετο·
1786 2969 1910 3024 οὐδὲ

334 3059 444 3128 γὰρ
487 3056 664 3120 ἄλλως
708 3059 1056 3128 ἐπιστάμεθα
1092 3059 1160 3113 τὰ
1203 3061 1398 3130 ἐκείνῳ
1447 3059 1829 3134 θεωρηθέντα,
1857 3063 1908 3116 εί

337 3151 413 3220 μὴ
447 3149 536 3203 διὰ
585 3149 694 3203 τῶν
735 3150 900 3204 αὑτοῦ
931 3150 1105 3220 λόγων
1143 3170 1204 3206 τε
1229 3154 1324 3208 καὶ
1361 3155 1730 3226 γραμμάτων.
1766 3156 1830 3209 Εἰ
1853 3155 1910 3208 δὲ

335 3241 480 3295 κατὰ
505 3241 604 3311 τὴν
641 3241 932 3312 αἱρετικῶν
965 3243 1153 3297 ἄνοιαν
1185 3243 1256 3298 τὰ
1287 3246 1434 3316 μόνῳ
1461 3245 1540 3317 τῷ
1569 3245 1644 3316 νῷ
1675 3245 1911 3317 θεωρού-

339 3353 479 3404 μενα
515 3334 802 3405 ὁμολογεῖν
837 3337 899 3389 οὔ
944 3338 1234 3409 προσήκει,
1267 3337 1386 3402 πῶς
1428 3339 1823 3410 ὁμολογήσουσι
1849 3339 1912 3393 τὸ

337 3424 616 3495 ἐξαίρετον
663 3425 764 3496 τῆς
815 3426 1067 3498 θεότητος
1119 3426 1215 3481 τοῦ
1265 3427 1475 3501 Κυρίου
1529 3429 1687 3501 ἡμῶν
1731 3428 1908 3500 Ἰησοῦ

2007 1885 2182 1942 quere
2220 1869 2528 1933 studentes,
2567 1869 2713 1922 inter
2750 1868 2965 1924 somnia
3002 1883 3102 1922 sua
3137 1867 3242 1922 hoc
3267 1878 3588 1938 proponunt

2007 1959 2254 2016 dicentes
2302 1974 2413 2014 non
2447 1973 2568 2014 esse
2610 1957 2923 2014 conﬁtenda
2969 1971 3066 2014 ore
3109 1974 3232 2028 quae
3279 1959 3584 2013 secundum

2005 2051 2350 2108 intellectum
2379 2051 2668 2121 oculisque
2703 2051 2902 2106 animae
2951 2057 3214 2120 percepta
3241 2058 3390 2104 sunt.
3435 2049 3586 2105 Nihil

2007 2160 2194 2208 autem
2265 2151 2438 2222 magis
2505 2151 2831 2206 adversatur
2889 2150 3093 2206 rationi
3153 2165 3317 2220 quam
3389 2165 3584 2205 eorum

2007 2241 2320 2299 istiusmodi
2355 2241 2729 2308 machinatio;
2760 2241 3067 2297 secundum
3111 2241 3257 2296 enim
3291 2239 3586 2296 stultitiam

2007 2349 2220 2400 eorum,
2255 2348 2326 2388 ne
2353 2334 2526 2388 Deum
2547 2333 2772 2404 quidem
2801 2348 2899 2388 ore
2941 2333 3374 2396 conﬁtebuntur,
3408 2331 3588 2401 siqui-

2009 2425 2134 2481 dem
2161 2424 2466 2479 secundum
2496 2425 2675 2480 solum
2715 2425 3058 2479 intellectum
3095 2425 3401 2494 animmque
3451 2439 3589 2478 oeu-

2006 2517 2078 2572 lis
2103 2517 2256 2572 illum
2279 2516 2696 2588 cognoscimus;
2722 2516 2803 2571 sic
2820 2525 2878 2570 et
2905 2515 3020 2586 ipse
3042 2517 3225 2582 Pater,
3247 2531 3370 2586 quas
3389 2517 3590 2570 mentis

2009 2608 2188 2664 oculis
2221 2617 2576 2678 perceperat,
2621 2608 2738 2662 haec
2765 2607 2905 2662 dixit
2935 2606 3270 2676 scriptisque
3299 2606 3588 2676 exposuit;

2009 2718 2192 2774 neque
2225 2703 2386 2758 aliter
2418 2719 2544 2774 quas
2581 2702 2650 2758 ab
2703 2703 2798 2758 illo
2839 2710 3098 2773 percepta
3143 2711 3274 2756 sunt
3307 2701 3593 2772 cognosci-

2012 2810 2136 2850 mus
2167 2795 2286 2850 .nisi
2323 2797 2675 2852 sermonibus
2721 2797 3055 2866 scriptisque
3101 2795 3266 2849 illius.
3306 2793 3362 2850 Si
3407 2803 3592 2849 autem

2006 2889 2162 2958 juxta
2201 2887 2593 2944 haereticorum
2625 2889 2918 2944 stultitiam
2967 2904 3056 2943 res
3098 2887 3214 2942 sola
3247 2895 3431 2941 mente
3464 2902 3590 2954 per-

2011 2989 2199 3050 ceptas
2236 2980 2488 3036 conﬁteri
2525 2997 2633 3034 non
2686 2981 2885 3046 refert,
2932 2981 3209 3050 quomodo
3254 2979 3590 3034 inclfabilem

1939 3077 2428 3172 Cconﬁtebuntur
2503 3079 2848 3134 divinitatem
2929 3081 3147 3134 Domini
3224 3078 3398 3133 nostri
3463 3079 3594 3134 Jesu

2012 3169 2242 3230 Christi,
2289 3171 2666 3225 incarnatione
2713 3171 2934 3240 quidem
2987 3171 3231 3226 exterius
3281 3169 3591 3234 manifesta,

2011 3261 2301 3316 divinitate
2348 3269 2531 3315 autem
2582 3261 2695 3315 sola
2757 3270 2938 3315 mente
2993 3259 3292 3331 percepta?
3335 3258 3391 3313 Si
3439 3274 3591 3323 vero,

2007 3353 2161 3423 juxta
2201 3351 2392 3406 divum
2432 3352 2788 3422 Apostolum,
2831 3352 2985 3406 corde
3021 3350 3233 3422 quidem
3264 3349 3499 3404 creditur
3525 3348 3596 3402 ad

2003 3445 2295 3514 justitiam,
2340 3459 2431 3497 ore
2459 3461 2580 3498 vero
2615 3443 2873 3514 confessio
2913 3442 2975 3511 ﬁt
3019 3441 3090 3496 ad
3121 3441 3350 3496 salutem
3387 3451 3432 3502 ε,
3465 3456 3594 3509 per-

339 3518 596 3588 Χριστοῦ,
620 3517 718 3588 τῆς
751 3517 850 3588 μὲν
883 3517 1214 3589 σαρκώσεως
1240 3519 1404 3574 αὐτοῦ
1431 3521 1782 3592 φαινομένης,
1811 3521 1911 3592 τῆς

2015 3535 2267 3604 spicuum
2295 3543 2380 3590 est
2405 3551 2494 3590 res
2533 3543 2718 3590 mente
2747 3545 3058 3605 perceptas,
3087 3550 3185 3590 ore
3215 3548 3436 3604 quoque
3464 3547 3596 3586 con-

337 3611 394 3664 δὲ
419 3611 671 3679 θεότητος
690 3609 856 3664 αὑτοῦ
879 3611 1028 3682 μόνῳ
1048 3611 1126 3682 τῷ
1154 3611 1230 3683 νῷ
1250 3611 1663 3684 θεωρουμένης;
1694 3613 1758 3666 Et
1783 3613 1916 3683 μέν·

337 3720 420 3756 τοι
439 3703 578 3756 κατὰ
601 3703 693 3756 τὸν
721 3702 861 3757 θεῖον
890 3703 1231 3771 ’Δπόστολον,
1263 3704 1486 3773 Καρδίᾳ
1503 3705 1622 3774 μὲν
1641 3707 1915 3760 πιστεύε-

343 3811 440 3849 ται
469 3799 556 3862 εἷς
597 3795 1018 3866 δικαιοσύνην,
1053 3799 1305 3868 στόματι
1327 3798 1395 3852 δὲ
1409 3800 1783 3868 ὁμολογεῖται
1825 3797 1934 3866 εἰς’

341 3887 662 3954 σωτηρίαν,
707 3886 973 3957 πρόδηλον
1021 3888 1103 3942 ὅτι
1150 3889 1218 3943 τὰ
1269 3890 1347 3960 νῷ
1401 3890 1772 3962 θεωρούμενα,
1819 3890 1914 3944 καὶ

344 3977 570 4048 στόματι
615 3979 998 4048 ὁμολογεῖται·
1030 3979 1153 4034 καθ’
1183 3979 1220 4036 ἃ
1245 3981 1354 4054 γὰρ
1400 3984 1428 4036 ό
1458 3983 1716 4053 Θεολόγος
1759 3983 1910 4053 λέγει

343 4068 662 4140 Γρηγόριος,
711 4090 728 4122 ι
767 4071 987 4142 Κίνημα
1015 4071 1346 4143 ναρκὼντων
1376 4076 1492 4128 ἐστὶ
1531 4075 1656 4153 νοῦς
1684 4075 1914 4131 ἀνεκλά-

2021 3623 2254 3678 ﬁtendas
2296 3639 2438 3679 esse.
2489 3625 2564 3678 De
2594 3625 2684 3679 his
2711 3625 2916 3680 etenim
2956 3623 3256 3695 Gregorius
3281 3623 3596 3692 Theologus

2019 3709 2194 3766 dicit:
2226 3731 2244 3764 ι
2280 3712 2432 3768 Mens
2457 3719 2610 3768 muta
2639 3711 3084 3782 consopientium
3123 3711 3295 3776 ratio;
3330 3717 3490 3778 turpe
3511 3716 3597 3762 est

2015 3805 2189 3871 enim,
2236 3814 2394 3877 turpe
2439 3815 2551 3872 est,
2603 3805 2950 3878 maximeque
3000 3803 3379 3860 irrationabile
3423 3803 3596 3856 fortes

2017 3899 2202 3953 animo
2235 3913 2400 3954 voces
2426 3907 2622 3955 tenues
2653 3899 2936 3970 proferre,
2981 3898 3432 3966 abscondereque
3470 3895 3595 3948 the-

2016 4004 2236 4046 saurum
2271 3993 2426 4061 quasi
2469 3991 2606 4047 alios
2633 3992 3067 4058 calumniantes,
3105 3990 3212 4046 nisi
3243 4005 3356 4060 pra:
3395 3989 3596 4044 timore

2014 4081 2257 4152 linguam
2281 4084 2784 4140 sanetiﬁcaveritis.
2823 4103 2844 4140 ιι

341 4159 504 4230 λητος
531 4179 545 4192 ο
577 4161 800 4232 αἰσχρὸν
827 4164 956 4234 γὰρ,
997 4164 1244 4234 αἰσχρὸν,
1274 4166 1368 4219 καὶ
1396 4165 1596 4228 ἱκανῶς
1624 4165 1819 4234 ἄλογον
1876 4167 2019 4222 κατὰ
2051 4171 2228 4244 ψυχὴν
2274 4175 2623 4246 ἐρρωμένους
2669 4173 3152 4244 σμικρολογεῖςθαι
3175 4173 3302 4243 περὶ
3324 4174 3414 4226 τδν
3437 4169 3590 4243 ἦχον.

344 4256 440 4309 καὶ
461 4254 726 4324 κρύπτειν
746 4256 836 4310 τὸν
861 4257 1155 4330 θησαυρὸν,
1177 4258 1368 4331 ὥσπερ
1416 4259 1596 4323 ἄλλοις
1647 4260 2068 4331 βασκαίνοντας,
2119 4268 2168 4320 εί
2220 4269 2298 4339 μὴ
2341 4269 2435 4320 καὶ
2475 4268 2572 4336 τὴν
2625 4268 2881 4335 γλῶσσαν
2911 4269 3175 4337 ἀγιάσητε
3203 4267 3525 4330 δεδοικότες.
3568 4286 3586 4318 ι

415 4349 632 4402 Τούτων
679 4348 863 4402 τοίνυν
927 4351 1100 4415 οὕτως
1149 4351 1406 4422 ἑχόντων,
1436 4351 1543 4424 χρὴ
1584 4354 1794 4418 πάντας
1823 4355 1911 4408 ἀν-

2097 4359 2196 4414 His
2219 4375 2352 4429 ergo
2379 4373 2438 4414 se
2461 4358 2816 4422 habentibus,
2843 4367 3061 4429 oportet
3089 4366 3148 4412 ut
3191 4374 3384 4414 omnes
3413 4359 3593 4412 homi-

345 4439 595 4510 θρώπους
627 4441 688 4494 τὸ
721 4442 862 4512 μέγα
891 4443 988 4513 τῆς
1018 4444 1300 4509 εὐσεϐείας
1331 4446 1801 4516 προσδεχομένους
1827 4465 1922 4516 μυ-

346 4538 567 4604 στήριον
596 4533 686 4587 τοῦ
722 4535 962 4605 μεγάλου
996 4535 1132 4589 Θεοῦ
1167 4537 1262 4592 καὶ
1287 4537 1538 4608 Σωτῆρος
1559 4539 1716 4609 ἡμῶν
1745 4539 1920 4608 Ἰησοῦ

345 4625 604 4693 Χριστοῦ,
634 4627 726 4680 καὶ
761 4628 998 4698 στόματι.
1013 4627 1296 4698 ὁμολογεῖν
1325 4629 1426 4692 τὰς
1463 4629 1558 4682 δύο
1596 4627 1790 4698 φύσεις
1812 4628 1920 4683 ,τοῦ

346 4719 613 4786 Χριστοῦ,
643 4721 743 4790 τήν
767 4737 827 4774 τε
873 4719 1024 4776 θείαν
1056 4722 1152 4774 καὶ
1189 4721 1288 4792 τὴν
1325 4721 1840 4793 ἀνθρωπίνην.“Καὶ
1862 4723 1921 4776 ὲν

345 4810 423 4881 τῷ
443 4812 680 4884 δευτέρῳ
711 4814 820 4883 γὰρ
854 4816 989 4883 πρὸς
1029 4815 1120 4868 τὸν
1153 4815 1315 4868 αὐτον
1346 4815 1646 4868 Σούκενσον
1675 4814 1921 4886 ύπομνη-

350 4903 563 4974 ματικῷ
600 4908 629 4958 ό
675 4907 733 4958 ἐν
765 4905 940 4973 ἁγίοις
973 4896 1260 4976 Κύρ,ι).λος,
1285 4906 1402 4976 ἅμα
1441 4907 1540 4976 μὲν
1568 4905 1668 4976 τὴν
1706 4906 1920 4960 ἐκείνου

347 4991 476 5060 περὶ
535 4991 632 5062 τὴν
695 4992 1109 5064 ἐνανθρώπησιν
1178 4995 1460 5070 ὀρθόδοξον
1521 4995 1922 5066 ἀποδεχόμενος

347 5083 552 5145 πίστιν,
577 5083 692 5152 ἅμα
717 5083 774 5135 δὲ
804 5083 902 5154 τὴν
925 5085 1133 5139 οἰκείαν
1161 5086 1386 5158 γνώμην
1413 5088 1758 5160 τρανώτερον
1785 5089 1918 5142 ἀπο·

345 5173 582 5238 δεικνὺς,
611 5175 784 5228 ταῦτα
813 5176 1152 5247 παραδίδωσι
1184 5178 1360 5243 λέγων
1384 5197 1396 5210 ο
1429 5197 1448 5230 ι
1499 5181 1800 5252 Ὀρθότατα
1826 5181 1922 5234 καὶ

350 5268 491 5321 πάνυ
523 5267 758 5332 συνετῶς
787 5271 819 5341 ἡ
845 5271 911 5339 σὴ
944 5271 1218 5342 τελειότης
1243 5273 1334 5328 τὸν
1363 5277 1490 5346 περὶ
1519 5277 1614 5329 τοῦ
1642 5275 1914 5346 σωτηρίου

347 5361 555 5425 πάθους
571 5362 842 5418 ἐκτίθεται
862 5363 1164 5434 λόγον,ὀύκ
1187 5366 1352 5420 αὐτὸν
1374 5370 1636 5439 μονογενῆ
1659 5368 1753 5422 τοῦ
1781 5367 1916 5421 Θεοῦ

349 5453 476 5506 Υἱὸν
500 5453 622 5507 καθ’
648 5453 678 5508 ὃ
698 5456 1010 5526 νοεῖταιξκαὶ
1045 5455 1158 5510 ἐστι
1181 5455 1314 5522 Θεὸς
1331 5457 1524 5512 παθεῖν
1540 5460 1622 5522 είς
1651 5457 1788 5510 ίδξαν
1820 5456 1922 5527 φύ-

349 5560 432 5598 σιν
464 5545 533 5598 τά
557 5544 812 5618 σώματος
856 5547 1269 5621 ίσχυριζομένη,
1294 5547 1488 5602 παθεῖν
1522 5548 1578 5602 δὲ
1609 5548 1810 5620 μᾶλλον
1853 5549 1920 5618 τῇ

429 5733 451 5761 ο
480 5720 641 5781 Rom.
675 5744 726 5793 π,
757 5728 841 5784 10.

2016 4463 2136 4512 nes,
2185 4447 2285 4518 qui
2334 4456 2661 4517 receperunt
2704 4464 2960 4518 magnum
3009 4449 3230 4518 pietatis
3272 4449 3590 4520 mysterium

2017 4541 2127 4610 Dei.
2173 4539 2352 4609 magni
2393 4549 2450 4594 et
2499 4538 2802 4594 Salvatoris
2842 4539 3019 4594 nostri
3057 4539 3184 4594 Jcsu
3215 4539 3452 4604 Christi,
3497 4556 3593 4595 ore
3643 4605 3664 4610 _

2017 4631 2182 4688 etiam
2227 4630 2595 4685 confiteantur
2627 4630 2766 4685 duas
2810 4641 3038 4686 naturas
3079 4630 3308 4694 Christi,
3352 4630 3596 4684 divinam

2019 4733 2184 4793 atque
2211 4707 2527 4777 humanam.
2558 4722 2614 4776 In
2641 4722 2887 4778 secundo
2911 4723 2978 4776 ad
3005 4723 3258 4777 eumdem
3289 4723 3593 4778 Sucensum

2025 4813 2422 4868 commentario
2460 4821 2686 4868 sanctus
2724 4811 2992 4882 Cyrillus.
3023 4813 3182 4866 ﬁdem
3223 4811 3373 4866 illius
3407 4813 3597 4867 ortho-

2017 4905 2215 4960 doxam
2237 4905 2307 4960 de
2329 4904 2710 4960 incarnatione
2739 4904 2990 4969 laudans,
3023 4903 3411 4974 propriamque
3432 4903 3597 4958 simul

2017 4995 2350 5053 sententiam
2403 4995 2750 5052 manifestius
2799 4997 3221 5059 demonstrans,
3268 4998 3384 5052 haec
3431 4997 3600 5052 tradit

2021 5091 2212 5146 dicens
2243 5109 2257 5145 :
2290 5110 2310 5142 ι
2340 5089 2640 5146 Verissime
2665 5101 2828 5160 atque
2869 5089 3300 5160 prudentissime
3331 5089 3604 5160 perfectio

2029 5194 2122 5240 tua
2149 5199 2458 5240 sermonem
2484 5183 2552 5238 de
2574 5183 2827 5254 passione
2847 5180 3151 5238 Salvatoris
3181 5183 3430 5252 exponit,
3456 5181 3602 5236 allii--

2031 5291 2185 5331 mans
2230 5275 2408 5346 ipsum
2445 5274 2803 5344 Unigenitum
2856 5273 2954 5328 Dei
3015 5273 3246 5336 Filium,
3295 5273 3599 5329 secundum

2027 5363 2174 5434 quod
2221 5372 2448 5432 putatur
2481 5370 2646 5432 atque
2693 5363 2838 5416 Deus
2878 5371 2982 5425 est,
3026 5379 3134 5416 non
3169 5363 3223 5414 in
3263 5376 3359 5416 sua
3405 5368 3601 5413 natura

2027 5470 2246 5526 passum
2293 5469 2415 5510 esse
2467 5471 2590 5523 qua:
2640 5462 2768 5508 sunt
2817 5453 3104 5522 corporis,
3158 5451 3252 5506 sed
3309 5449 3496 5519 potius
3543 5449 3598 5502 in

2032 5545 2282 5602 terrestri
2341 5554 2533 5602 natura
2591 5560 2809 5616 passum
2865 5560 3026 5611 esse;
3085 5535 3400 5598 necessarie
3447 5540 3600 5596 enim
