  <div class='ocr_page' id='page_1' title='image "/cluster/home/n/w/nwhite01/storage/ocr_20150623/86 pt.1/mdp.39015028803867/565.png"; bbox 0 0 3998 6146; ppageno 0'>
   <div class='ocr_carea' id='block_1_1' title="bbox 371 242 514 312">
    <p class='ocr_par' dir='ltr' id='par_1_1' title="bbox 371 242 514 312">
     <span class='ocr_line' id='line_1_1' title="bbox 371 242 514 312; baseline 0 0"><span class='ocrx_word' id='word_1_1' title='bbox 371 242 514 312; x_wconf 71' lang='lat' dir='ltr'><strong>lilii</strong></span> 
     </span>
    </p>
   </div>
   <div class='ocr_carea' id='block_1_2' title="bbox 1501 243 2500 321">
    <p class='ocr_par' dir='ltr' id='par_1_2' title="bbox 1501 243 2500 321">
     <span class='ocr_line' id='line_1_2' title="bbox 1501 243 2500 321; baseline 0.011 -11"><span class='ocrx_word' id='word_1_2' title='bbox 1501 246 1942 312; x_wconf 77' lang='lat' dir='ltr'><strong>JUSTINLANI</strong></span> <span class='ocrx_word' id='word_1_3' title='bbox 1981 243 2500 321; x_wconf 66' lang='lat' dir='ltr'><strong>IMPmtToms</strong></span> 
     </span>
    </p>
   </div>
   <div class='ocr_carea' id='block_1_3' title="bbox 3502 251 3634 323">
    <p class='ocr_par' dir='ltr' id='par_1_3' title="bbox 3502 251 3634 323">
     <span class='ocr_line' id='line_1_3' title="bbox 3502 251 3634 323; baseline 0.015 -3"><span class='ocrx_word' id='word_1_4' title='bbox 3502 251 3634 323; x_wconf 77' lang='grc'><strong>1116</strong></span> 
     </span>
    </p>
   </div>
   <div class='ocr_carea' id='block_1_4' title="bbox 368 356 1947 444">
    <p class='ocr_par' dir='ltr' id='par_1_4' title="bbox 368 356 1945 431">
     <span class='ocr_line' id='line_1_4' title="bbox 368 356 1945 431; baseline 0.001 -16"><span class='ocrx_word' id='word_1_5' title='bbox 368 367 594 431; x_wconf 78' lang='lat' dir='ltr'><strong>oportet</strong></span> <span class='ocrx_word' id='word_1_6' title='bbox 618 365 677 414; x_wconf 88' lang='lat' dir='ltr'><strong>ut</strong></span> <span class='ocrx_word' id='word_1_7' title='bbox 707 356 955 415; x_wconf 75' lang='lat' dir='ltr'><strong>salvetur</strong></span> <span class='ocrx_word' id='word_1_8' title='bbox 988 367 1282 429; x_wconf 73' lang='lat' dir='ltr'><strong>utrumque</strong></span> <span class='ocrx_word' id='word_1_9' title='bbox 1314 359 1409 413; x_wconf 88' lang='lat' dir='ltr'><strong>uni</strong></span> <span class='ocrx_word' id='word_1_10' title='bbox 1439 368 1606 430; x_wconf 85' lang='lat' dir='ltr'><strong>atque</strong></span> <span class='ocrx_word' id='word_1_11' title='bbox 1638 360 1945 418; x_wconf 82' lang='lat' dir='ltr'><strong>secundum</strong></span> 
     </span>
    </p>
   </div>
   <div class='ocr_carea' id='block_1_5' title="bbox 2050 356 3634 444">
    <p class='ocr_par' dir='ltr' id='par_1_5' title="bbox 2053 369 3634 444">
     <span class='ocr_line' id='line_1_5' title="bbox 2053 369 3634 444; baseline 0.006 -24"><span class='ocrx_word' id='word_1_12' title='bbox 2053 370 2208 440; x_wconf 84' lang='grc' dir='ltr'>χοϊκῇ</span> <span class='ocrx_word' id='word_1_13' title='bbox 2255 369 2452 440; x_wconf 79' lang='grc' dir='ltr'>φύσει·</span> <span class='ocrx_word' id='word_1_14' title='bbox 2507 370 2590 426; x_wconf 81' lang='grc' dir='ltr'><strong>δεῖ</strong></span> <span class='ocrx_word' id='word_1_15' title='bbox 2627 371 2735 443; x_wconf 78' lang='grc' dir='ltr'><strong>γάρ</strong></span> <span class='ocrx_word' id='word_1_16' title='bbox 2777 370 3092 440; x_wconf 71' lang='grc' dir='ltr'>ἀναγκαίως</span> <span class='ocrx_word' id='word_1_17' title='bbox 3135 372 3424 444; x_wconf 71' lang='grc' dir='ltr'>ἀμφότερα</span> <span class='ocrx_word' id='word_1_18' title='bbox 3466 375 3634 442; x_wconf 76' lang='grc' dir='ltr'>σώζε-</span> 
     </span>
    </p>
   </div>
   <div class='ocr_carea' id='block_1_6' title="bbox 367 451 1950 526">
    <p class='ocr_par' dir='ltr' id='par_1_6' title="bbox 367 451 1950 526">
     <span class='ocr_line' id='line_1_6' title="bbox 367 451 1950 526; baseline 0.005 -22"><span class='ocrx_word' id='word_1_19' title='bbox 367 451 661 508; x_wconf 71' lang='lat' dir='ltr'><strong>veritatem</strong></span> <span class='ocrx_word' id='word_1_20' title='bbox 698 451 856 518; x_wconf 82' lang='lat' dir='ltr'><strong>Filio,</strong></span> <span class='ocrx_word' id='word_1_21' title='bbox 902 468 1010 507; x_wconf 88' lang='lat' dir='ltr'><strong>non</strong></span> <span class='ocrx_word' id='word_1_22' title='bbox 1046 451 1156 507; x_wconf 90' lang='lat' dir='ltr'><strong>dici</strong></span> <span class='ocrx_word' id='word_1_23' title='bbox 1203 451 1316 522; x_wconf 89' lang='lat' dir='ltr'><strong>pati</strong></span> <span class='ocrx_word' id='word_1_24' title='bbox 1356 461 1418 507; x_wconf 90' lang='lat' dir='ltr'><strong>ut</strong></span> <span class='ocrx_word' id='word_1_25' title='bbox 1449 452 1626 508; x_wconf 90' lang='lat' dir='ltr'><strong>Deum</strong></span> <span class='ocrx_word' id='word_1_26' title='bbox 1675 454 1771 510; x_wconf 89' lang='lat' dir='ltr'><strong>sed</strong></span> <span class='ocrx_word' id='word_1_27' title='bbox 1819 470 1950 526; x_wconf 84' lang='lat' dir='ltr'><strong>pas-</strong></span> 
     </span>
    </p>
   </div>
   <div class='ocr_carea' id='block_1_7' title="bbox 367 527 1950 616">
    <p class='ocr_par' dir='ltr' id='par_1_7' title="bbox 367 527 1950 616">
     <span class='ocr_line' id='line_1_7' title="bbox 367 527 1950 616; baseline 0.002 -16"><span class='ocrx_word' id='word_1_28' title='bbox 367 527 490 600; x_wconf 84' lang='lat' dir='ltr'><strong>sum</strong></span> <span class='ocrx_word' id='word_1_29' title='bbox 542 554 606 600; x_wconf 87' lang='lat' dir='ltr'><strong>ut</strong></span> <span class='ocrx_word' id='word_1_30' title='bbox 651 545 966 612; x_wconf 83' lang='lat' dir='ltr'><strong>hominem;</strong></span> <span class='ocrx_word' id='word_1_31' title='bbox 1009 558 1138 600; x_wconf 86' lang='lat' dir='ltr'><strong>caro</strong></span> <span class='ocrx_word' id='word_1_32' title='bbox 1181 535 1330 601; x_wconf 86' lang='lat' dir='ltr'><strong>enim</strong></span> <span class='ocrx_word' id='word_1_33' title='bbox 1371 561 1530 616; x_wconf 85' lang='lat' dir='ltr'><strong>passa</strong></span> <span class='ocrx_word' id='word_1_34' title='bbox 1582 555 1686 602; x_wconf 90' lang='lat' dir='ltr'><strong>est.</strong></span> <span class='ocrx_word' id='word_1_35' title='bbox 1725 567 1743 598; x_wconf 77' lang='grc' dir='ltr'><strong>ι</strong></span> <span class='ocrx_word' id='word_1_36' title='bbox 1775 547 1950 603; x_wconf 83' lang='lat' dir='ltr'><strong>Mani-</strong></span> 
     </span>
    </p>
   </div>
   <div class='ocr_carea' id='block_1_8' title="bbox 368 635 1949 707">
    <p class='ocr_par' dir='ltr' id='par_1_8' title="bbox 368 635 1949 707">
     <span class='ocr_line' id='line_1_8' title="bbox 368 635 1949 707; baseline 0.001 -16"><span class='ocrx_word' id='word_1_37' title='bbox 368 636 571 692; x_wconf 85' lang='lat' dir='ltr'><strong>l‘estum</strong></span> <span class='ocrx_word' id='word_1_38' title='bbox 602 645 686 692; x_wconf 90' lang='lat' dir='ltr'><strong>est</strong></span> <span class='ocrx_word' id='word_1_39' title='bbox 708 652 842 707; x_wconf 83' lang='lat' dir='ltr'><strong>ergo</strong></span> <span class='ocrx_word' id='word_1_40' title='bbox 860 648 926 691; x_wconf 78' lang='lat' dir='ltr'><strong>ex</strong></span> <span class='ocrx_word' id='word_1_41' title='bbox 953 635 1138 701; x_wconf 87' lang='lat' dir='ltr'><strong>dictis,</strong></span> <span class='ocrx_word' id='word_1_42' title='bbox 1167 635 1306 692; x_wconf 86' lang='lat' dir='ltr'><strong>duas</strong></span> <span class='ocrx_word' id='word_1_43' title='bbox 1328 645 1575 702; x_wconf 87' lang='lat' dir='ltr'><strong>naturas,</strong></span> <span class='ocrx_word' id='word_1_44' title='bbox 1610 637 1664 692; x_wconf 89' lang='lat' dir='ltr'><strong>id</strong></span> <span class='ocrx_word' id='word_1_45' title='bbox 1691 646 1778 694; x_wconf 88' lang='lat' dir='ltr'><strong>est</strong></span> <span class='ocrx_word' id='word_1_46' title='bbox 1805 638 1949 693; x_wconf 86' lang='lat' dir='ltr'><strong>divi-</strong></span> 
     </span>
    </p>
   </div>
   <div class='ocr_carea' id='block_1_9' title="bbox 368 727 1948 800">
    <p class='ocr_par' dir='ltr' id='par_1_9' title="bbox 368 727 1948 800">
     <span class='ocr_line' id='line_1_9' title="bbox 368 727 1948 800; baseline 0.003 -18"><span class='ocrx_word' id='word_1_47' title='bbox 368 742 496 782; x_wconf 87' lang='lat' dir='ltr'><strong>nam</strong></span> <span class='ocrx_word' id='word_1_48' title='bbox 527 742 592 783; x_wconf 85' lang='lat' dir='ltr'><strong>ac</strong></span> <span class='ocrx_word' id='word_1_49' title='bbox 623 727 920 782; x_wconf 72' lang='lat' dir='ltr'><strong>bruus-nam</strong></span> <span class='ocrx_word' id='word_1_50' title='bbox 975 729 1029 781; x_wconf 89' lang='lat' dir='ltr'><strong>in</strong></span> <span class='ocrx_word' id='word_1_51' title='bbox 1079 743 1186 784; x_wconf 89' lang='lat' dir='ltr'><strong>una</strong></span> <span class='ocrx_word' id='word_1_52' title='bbox 1231 727 1536 800; x_wconf 84' lang='lat' dir='ltr'><strong>hypostasi.</strong></span> <span class='ocrx_word' id='word_1_53' title='bbox 1587 729 1733 798; x_wconf 85' lang='lat' dir='ltr'><strong>quod</strong></span> <span class='ocrx_word' id='word_1_54' title='bbox 1774 737 1860 784; x_wconf 88' lang='lat' dir='ltr'><strong>est</strong></span> <span class='ocrx_word' id='word_1_55' title='bbox 1893 730 1948 786; x_wconf 92' lang='lat' dir='ltr'><strong>in</strong></span> 
     </span>
    </p>
   </div>
   <div class='ocr_carea' id='block_1_10' title="bbox 370 817 1946 889">
    <p class='ocr_par' dir='ltr' id='par_1_10' title="bbox 370 817 1946 889">
     <span class='ocr_line' id='line_1_10' title="bbox 370 817 1946 889; baseline 0.002 -17"><span class='ocrx_word' id='word_1_56' title='bbox 370 833 476 872; x_wconf 85' lang='lat' dir='ltr'><strong>una</strong></span> <span class='ocrx_word' id='word_1_57' title='bbox 503 833 738 888; x_wconf 83' lang='lat' dir='ltr'><strong>persona</strong></span> <span class='ocrx_word' id='word_1_58' title='bbox 781 817 1054 889; x_wconf 79' lang='lat' dir='ltr'><strong>Unigeniti</strong></span> <span class='ocrx_word' id='word_1_59' title='bbox 1089 819 1207 873; x_wconf 86' lang='lat' dir='ltr'><strong>Filii</strong></span> <span class='ocrx_word' id='word_1_60' title='bbox 1244 819 1343 876; x_wconf 85' lang='lat' dir='ltr'><strong>Dei</strong></span> <span class='ocrx_word' id='word_1_61' title='bbox 1376 819 1590 876; x_wconf 88' lang='lat' dir='ltr'><strong>Domini</strong></span> <span class='ocrx_word' id='word_1_62' title='bbox 1617 821 1789 877; x_wconf 79' lang='lat' dir='ltr'><strong>nostri</strong></span> <span class='ocrx_word' id='word_1_63' title='bbox 1817 820 1946 875; x_wconf 85' lang='lat' dir='ltr'><strong>Jesu</strong></span> 
     </span>
    </p>
   </div>
   <div class='ocr_carea' id='block_1_11' title="bbox 367 895 1949 984">
    <p class='ocr_par' dir='ltr' id='par_1_11' title="bbox 367 895 1949 984">
     <span class='ocr_line' id='line_1_11' title="bbox 367 895 1949 984; baseline 0.001 -19"><span class='ocrx_word' id='word_1_64' title='bbox 367 907 570 965; x_wconf 86' lang='lat' dir='ltr'><strong>Christi</strong></span> <span class='ocrx_word' id='word_1_65' title='bbox 621 909 858 972; x_wconf 82' lang='lat' dir='ltr'><strong>salvari;</strong></span> <span class='ocrx_word' id='word_1_66' title='bbox 896 911 1033 966; x_wconf 88' lang='lat' dir='ltr'><strong>dicit</strong></span> <span class='ocrx_word' id='word_1_67' title='bbox 1076 912 1226 966; x_wconf 88' lang='lat' dir='ltr'><strong>enim</strong></span> <span class='ocrx_word' id='word_1_68' title='bbox 1267 921 1510 982; x_wconf 82' lang='lat' dir='ltr'><strong>aportere</strong></span> <span class='ocrx_word' id='word_1_69' title='bbox 1558 921 1618 966; x_wconf 84' lang='lat' dir='ltr'><strong>ut</strong></span> <span class='ocrx_word' id='word_1_70' title='bbox 1665 895 1949 984; x_wconf 71' lang='lat' dir='ltr'><strong>utrumque</strong></span> 
     </span>
    </p>
   </div>
   <div class='ocr_carea' id='block_1_12' title="bbox 364 997 1950 1072">
    <p class='ocr_par' dir='ltr' id='par_1_12' title="bbox 364 997 1950 1072">
     <span class='ocr_line' id='line_1_12' title="bbox 364 997 1950 1072; baseline 0.004 -18"><span class='ocrx_word' id='word_1_71' title='bbox 364 997 601 1054; x_wconf 76' lang='lat' dir='ltr'><strong>salvetur</strong></span> <span class='ocrx_word' id='word_1_72' title='bbox 645 1003 742 1056; x_wconf 80' lang='lat' dir='ltr'><strong>uni</strong></span> <span class='ocrx_word' id='word_1_73' title='bbox 786 1008 946 1072; x_wconf 84' lang='lat' dir='ltr'><strong>atque</strong></span> <span class='ocrx_word' id='word_1_74' title='bbox 974 1003 1140 1072; x_wconf 65' lang='lat' dir='ltr'><strong>juxta</strong></span> <span class='ocrx_word' id='word_1_75' title='bbox 1189 1005 1465 1059; x_wconf 72' lang='lat' dir='ltr'><strong>veritatem</strong></span> <span class='ocrx_word' id='word_1_76' title='bbox 1501 1000 1660 1060; x_wconf 81' lang='lat' dir='ltr'><strong>Filio.</strong></span> <span class='ocrx_word' id='word_1_77' title='bbox 1711 1005 1950 1060; x_wconf 75' lang='lat' dir='ltr'><strong>Additur</strong></span> 
     </span>
    </p>
   </div>
   <div class='ocr_carea' id='block_1_13' title="bbox 2055 459 3635 540">
    <p class='ocr_par' dir='ltr' id='par_1_13' title="bbox 2055 459 3635 540">
     <span class='ocr_line' id='line_1_13' title="bbox 2055 459 3635 540; baseline 0.005 -28"><span class='ocrx_word' id='word_1_78' title='bbox 2055 459 2182 513; x_wconf 98' lang='grc' dir='ltr'>σθαι</span> <span class='ocrx_word' id='word_1_79' title='bbox 2225 459 2303 531; x_wconf 81' lang='grc' dir='ltr'>τῷ</span> <span class='ocrx_word' id='word_1_80' title='bbox 2329 461 2416 516; x_wconf 61' lang='grc' dir='ltr'><strong>ἑνὶ</strong></span> <span class='ocrx_word' id='word_1_81' title='bbox 2457 462 2553 516; x_wconf 81' lang='grc' dir='ltr'>καὶ</span> <span class='ocrx_word' id='word_1_82' title='bbox 2601 463 2724 517; x_wconf 81' lang='grc' dir='ltr'>κατ’</span> <span class='ocrx_word' id='word_1_83' title='bbox 2757 463 3015 531; x_wconf 75' lang='grc' dir='ltr'>ἀλήθειαν</span> <span class='ocrx_word' id='word_1_84' title='bbox 3066 461 3224 534; x_wconf 49' lang='lat' dir='ltr'><strong>Titii,</strong></span> <span class='ocrx_word' id='word_1_85' title='bbox 3267 463 3364 519; x_wconf 74' lang='grc' dir='ltr'>καὶ</span> <span class='ocrx_word' id='word_1_86' title='bbox 3425 466 3492 520; x_wconf 79' lang='grc' dir='ltr'>τὸ</span> <span class='ocrx_word' id='word_1_87' title='bbox 3555 472 3635 540; x_wconf 74' lang='grc' dir='ltr'>μὴ</span> 
     </span>
    </p>
   </div>
   <div class='ocr_carea' id='block_1_14' title="bbox 2053 553 3630 633">
    <p class='ocr_par' dir='ltr' id='par_1_14' title="bbox 2053 553 3630 633">
     <span class='ocr_line' id='line_1_14' title="bbox 2053 553 3630 633; baseline 0.005 -28"><span class='ocrx_word' id='word_1_88' title='bbox 2053 553 2287 624; x_wconf 79' lang='grc' dir='ltr'><strong>πάσχειν</strong></span> <span class='ocrx_word' id='word_1_89' title='bbox 2305 554 2521 620; x_wconf 79' lang='grc' dir='ltr'>θεῖκῶς,</span> <span class='ocrx_word' id='word_1_90' title='bbox 2539 557 2635 609; x_wconf 75' lang='grc' dir='ltr'>καὶ</span> <span class='ocrx_word' id='word_1_91' title='bbox 2649 555 2708 608; x_wconf 82' lang='grc' dir='ltr'>τὸ</span> <span class='ocrx_word' id='word_1_92' title='bbox 2719 556 2972 624; x_wconf 85' lang='grc' dir='ltr'>λέγεσθαι</span> <span class='ocrx_word' id='word_1_93' title='bbox 2989 555 3182 610; x_wconf 87' lang='grc' dir='ltr'>παθεῖν</span> <span class='ocrx_word' id='word_1_94' title='bbox 3198 557 3576 628; x_wconf 73' lang='grc' dir='ltr'>ἀνθρωπίνωςο</span> <span class='ocrx_word' id='word_1_95' title='bbox 3595 564 3630 633; x_wconf 73' lang='grc' dir='ltr'><strong>η</strong></span> 
     </span>
    </p>
   </div>
   <div class='ocr_carea' id='block_1_15' title="bbox 2053 643 3632 723">
    <p class='ocr_par' dir='ltr' id='par_1_15' title="bbox 2053 643 3632 723">
     <span class='ocr_line' id='line_1_15' title="bbox 2053 643 3632 723; baseline 0.005 -25"><span class='ocrx_word' id='word_1_96' title='bbox 2053 643 2219 698; x_wconf 81' lang='grc' dir='ltr'>αὐτοῦ</span> <span class='ocrx_word' id='word_1_97' title='bbox 2236 645 2346 716; x_wconf 85' lang='grc' dir='ltr'><strong>γὰρ</strong></span> <span class='ocrx_word' id='word_1_98' title='bbox 2358 645 2596 700; x_wconf 84' lang='grc' dir='ltr'>πέπονθε</span> <span class='ocrx_word' id='word_1_99' title='bbox 2613 645 2769 718; x_wconf 77' lang='grc' dir='ltr'>σάρξ.</span> <span class='ocrx_word' id='word_1_100' title='bbox 2795 667 2812 698; x_wconf 79' lang='grc' dir='ltr'><strong>ι</strong></span> <span class='ocrx_word' id='word_1_101' title='bbox 2829 647 3000 717; x_wconf 80' lang='grc' dir='ltr'>Δῆλον</span> <span class='ocrx_word' id='word_1_102' title='bbox 3011 647 3192 702; x_wconf 79' lang='grc' dir='ltr'><strong>τοίνυν</strong></span> <span class='ocrx_word' id='word_1_103' title='bbox 3206 649 3270 702; x_wconf 78' lang='grc' dir='ltr'>ὲκ</span> <span class='ocrx_word' id='word_1_104' title='bbox 3285 650 3396 702; x_wconf 81' lang='grc' dir='ltr'>τῶν</span> <span class='ocrx_word' id='word_1_105' title='bbox 3405 651 3632 723; x_wconf 76' lang='grc' dir='ltr'>εἰρημέο</span> 
     </span>
    </p>
   </div>
   <div class='ocr_carea' id='block_1_16' title="bbox 2051 737 3632 812">
    <p class='ocr_par' dir='ltr' id='par_1_16' title="bbox 2051 737 3632 812">
     <span class='ocr_line' id='line_1_16' title="bbox 2051 737 3632 812; baseline 0.004 -22"><span class='ocrx_word' id='word_1_106' title='bbox 2051 754 2180 803; x_wconf 83' lang='grc' dir='ltr'>νων,</span> <span class='ocrx_word' id='word_1_107' title='bbox 2203 738 2288 792; x_wconf 77' lang='grc' dir='ltr'>ὅτι</span> <span class='ocrx_word' id='word_1_108' title='bbox 2313 737 2482 791; x_wconf 87' lang='grc' dir='ltr'>αίδύο</span> <span class='ocrx_word' id='word_1_109' title='bbox 2509 738 2702 808; x_wconf 74' lang='grc' dir='ltr'>φύσεις</span> <span class='ocrx_word' id='word_1_110' title='bbox 2729 741 3012 794; x_wconf 74' lang='grc' dir='ltr'><strong>τουτέστιν</strong></span> <span class='ocrx_word' id='word_1_111' title='bbox 3034 742 3068 810; x_wconf 75' lang='grc' dir='ltr'><strong>ἡ</strong></span> <span class='ocrx_word' id='word_1_112' title='bbox 3090 738 3212 795; x_wconf 87' lang='grc' dir='ltr'>θεία</span> <span class='ocrx_word' id='word_1_113' title='bbox 3225 758 3285 794; x_wconf 90' lang='grc' dir='ltr'><strong>τε</strong></span> <span class='ocrx_word' id='word_1_114' title='bbox 3309 742 3403 796; x_wconf 79' lang='grc' dir='ltr'>καὶ</span> <span class='ocrx_word' id='word_1_115' title='bbox 3421 743 3632 812; x_wconf 78' lang='grc' dir='ltr'>ἀνθρω‹</span> 
     </span>
    </p>
   </div>
   <div class='ocr_carea' id='block_1_17' title="bbox 2053 827 3631 905">
    <p class='ocr_par' dir='ltr' id='par_1_17' title="bbox 2053 827 3631 905">
     <span class='ocr_line' id='line_1_17' title="bbox 2053 827 3631 905; baseline 0.004 -23"><span class='ocrx_word' id='word_1_116' title='bbox 2053 827 2206 897; x_wconf 83' lang='grc' dir='ltr'>πίνη,</span> <span class='ocrx_word' id='word_1_117' title='bbox 2229 829 2288 882; x_wconf 81' lang='grc' dir='ltr'>ὲν</span> <span class='ocrx_word' id='word_1_118' title='bbox 2307 832 2374 900; x_wconf 80' lang='grc' dir='ltr'>τῇ</span> <span class='ocrx_word' id='word_1_119' title='bbox 2398 832 2498 901; x_wconf 79' lang='grc' dir='ltr'>μιᾷ</span> <span class='ocrx_word' id='word_1_120' title='bbox 2523 831 2844 894; x_wconf 77' lang='grc' dir='ltr'><strong>ὑποστάσει,</strong></span> <span class='ocrx_word' id='word_1_121' title='bbox 2869 831 3006 902; x_wconf 81' lang='grc' dir='ltr'>ὅπερ</span> <span class='ocrx_word' id='word_1_122' title='bbox 3032 833 3179 886; x_wconf 70' lang='grc' dir='ltr'>ἐστὶν</span> <span class='ocrx_word' id='word_1_123' title='bbox 3195 835 3252 886; x_wconf 77' lang='grc' dir='ltr'>ὲν</span> <span class='ocrx_word' id='word_1_124' title='bbox 3276 832 3354 902; x_wconf 86' lang='grc' dir='ltr'>τῷ</span> <span class='ocrx_word' id='word_1_125' title='bbox 3374 833 3455 886; x_wconf 78' lang='grc' dir='ltr'><strong>ἐνὶ</strong></span> <span class='ocrx_word' id='word_1_126' title='bbox 3472 845 3631 905; x_wconf 82' lang='grc' dir='ltr'>προσ-</span> 
     </span>
    </p>
   </div>
   <div class='ocr_carea' id='block_1_18' title="bbox 2049 918 3630 997">
    <p class='ocr_par' dir='ltr' id='par_1_18' title="bbox 2049 918 3630 997">
     <span class='ocr_line' id='line_1_18' title="bbox 2049 918 3630 997; baseline 0.003 -25"><span class='ocrx_word' id='word_1_127' title='bbox 2049 918 2184 989; x_wconf 78' lang='grc' dir='ltr'>ώπῳ</span> <span class='ocrx_word' id='word_1_128' title='bbox 2212 921 2304 974; x_wconf 86' lang='grc' dir='ltr'><strong>τοῦ</strong></span> <span class='ocrx_word' id='word_1_129' title='bbox 2335 921 2658 990; x_wconf 77' lang='grc' dir='ltr'><strong>μονογενοῦς</strong></span> <span class='ocrx_word' id='word_1_130' title='bbox 2679 921 2809 976; x_wconf 84' lang='grc' dir='ltr'>Υίοῦ</span> <span class='ocrx_word' id='word_1_131' title='bbox 2834 923 2928 976; x_wconf 89' lang='grc' dir='ltr'><strong>τοῦ</strong></span> <span class='ocrx_word' id='word_1_132' title='bbox 2955 923 3090 978; x_wconf 83' lang='grc' dir='ltr'>Θεοῦ</span> <span class='ocrx_word' id='word_1_133' title='bbox 3109 923 3203 978; x_wconf 89' lang='grc' dir='ltr'><strong>τοῦ</strong></span> <span class='ocrx_word' id='word_1_134' title='bbox 3232 924 3437 992; x_wconf 82' lang='grc' dir='ltr'>Κυρίου</span> <span class='ocrx_word' id='word_1_135' title='bbox 3471 925 3630 997; x_wconf 73' lang='grc' dir='ltr'>ἡμῶν</span> 
     </span>
    </p>
   </div>
   <div class='ocr_carea' id='block_1_19' title="bbox 2062 1010 3629 1086">
    <p class='ocr_par' dir='ltr' id='par_1_19' title="bbox 2062 1010 3629 1086">
     <span class='ocr_line' id='line_1_19' title="bbox 2062 1010 3629 1086; baseline 0.006 -23"><span class='ocrx_word' id='word_1_136' title='bbox 2062 1011 2238 1082; x_wconf 80' lang='grc' dir='ltr'>Ἰησοῦ</span> <span class='ocrx_word' id='word_1_137' title='bbox 2261 1012 2501 1082; x_wconf 81' lang='grc' dir='ltr'>Χριστοῦ</span> <span class='ocrx_word' id='word_1_138' title='bbox 2525 1010 2791 1076; x_wconf 76' lang='grc' dir='ltr'>σώζονται</span> <span class='ocrx_word' id='word_1_139' title='bbox 2819 1030 2833 1045; x_wconf 73' lang='grc' dir='ltr'><strong><em>ο</em></strong></span> <span class='ocrx_word' id='word_1_140' title='bbox 2867 1013 3020 1082; x_wconf 81' lang='grc' dir='ltr'>λέγει</span> <span class='ocrx_word' id='word_1_141' title='bbox 3048 1017 3180 1084; x_wconf 73' lang='grc' dir='ltr'>γὰρ,</span> <span class='ocrx_word' id='word_1_142' title='bbox 3213 1015 3344 1069; x_wconf 78' lang='grc' dir='ltr'>δεῖν</span> <span class='ocrx_word' id='word_1_143' title='bbox 3371 1017 3629 1086; x_wconf 58' lang='grc' dir='ltr'>ἀμφότε-</span> 
     </span>
    </p>
   </div>
   <div class='ocr_carea' id='block_1_20' title="bbox 369 1095 1947 1178">
    <p class='ocr_par' dir='ltr' id='par_1_20' title="bbox 369 1095 1946 1178">
     <span class='ocr_line' id='line_1_20' title="bbox 369 1095 1946 1178; baseline 0.004 -32"><span class='ocrx_word' id='word_1_144' title='bbox 369 1101 553 1147; x_wconf 89' lang='lat' dir='ltr'><strong>autem</strong></span> <span class='ocrx_word' id='word_1_145' title='bbox 617 1103 858 1164; x_wconf 83' lang='lat' dir='ltr'><strong>aportere</strong></span> <span class='ocrx_word' id='word_1_146' title='bbox 921 1095 990 1178; x_wconf 83' lang='lat' dir='ltr'><strong>ad</strong></span> <span class='ocrx_word' id='word_1_147' title='bbox 1051 1095 1510 1152; x_wconf 82' lang='lat' dir='ltr'><strong>manilestandam</strong></span> <span class='ocrx_word' id='word_1_148' title='bbox 1569 1097 1732 1152; x_wconf 87' lang='lat' dir='ltr'><strong>nobis</strong></span> <span class='ocrx_word' id='word_1_149' title='bbox 1782 1097 1946 1152; x_wconf 87' lang='lat' dir='ltr'><strong>ﬁdem</strong></span> 
     </span>
    </p>
   </div>
   <div class='ocr_carea' id='block_1_21' title="bbox 2050 1095 3629 1178">
    <p class='ocr_par' dir='ltr' id='par_1_21' title="bbox 2050 1101 3629 1178">
     <span class='ocr_line' id='line_1_21' title="bbox 2050 1101 3629 1178; baseline 0.004 -24"><span class='ocrx_word' id='word_1_150' title='bbox 2050 1117 2124 1168; x_wconf 86' lang='lat' dir='ltr'><strong>pa</strong></span> <span class='ocrx_word' id='word_1_151' title='bbox 2151 1101 2438 1162; x_wconf 79' lang='grc' dir='ltr'>σώζεσθαι</span> <span class='ocrx_word' id='word_1_152' title='bbox 2467 1101 2545 1168; x_wconf 76' lang='grc' dir='ltr'>τῷ</span> <span class='ocrx_word' id='word_1_153' title='bbox 2571 1102 2662 1156; x_wconf 70' lang='grc' dir='ltr'>ἐνί</span> <span class='ocrx_word' id='word_1_154' title='bbox 2691 1103 2787 1157; x_wconf 81' lang='grc' dir='ltr'><strong>καί</strong></span> <span class='ocrx_word' id='word_1_155' title='bbox 2813 1103 2964 1158; x_wconf 82' lang='grc' dir='ltr'>κατὰ</span> <span class='ocrx_word' id='word_1_156' title='bbox 2986 1105 3275 1170; x_wconf 69' lang='grc' dir='ltr'>ἀλήθειαν</span> <span class='ocrx_word' id='word_1_157' title='bbox 3303 1107 3431 1170; x_wconf 73' lang='grc' dir='ltr'><strong>Υἰῷ.</strong></span> <span class='ocrx_word' id='word_1_158' title='bbox 3452 1108 3629 1178; x_wconf 81' lang='grc' dir='ltr'>Προσ-</span> 
     </span>
    </p>
   </div>
   <div class='ocr_carea' id='block_1_22' title="bbox 368 1189 1944 1260">
    <p class='ocr_par' dir='ltr' id='par_1_22' title="bbox 368 1189 1944 1260">
     <span class='ocr_line' id='line_1_22' title="bbox 368 1189 1944 1260; baseline 0.003 -20"><span class='ocrx_word' id='word_1_159' title='bbox 368 1195 523 1242; x_wconf 82' lang='lat' dir='ltr'><strong>extra</strong></span> <span class='ocrx_word' id='word_1_160' title='bbox 591 1203 812 1242; x_wconf 90' lang='lat' dir='ltr'><strong>omnem</strong></span> <span class='ocrx_word' id='word_1_161' title='bbox 873 1189 1309 1244; x_wconf 80' lang='lat' dir='ltr'><strong>controversiam</strong></span> <span class='ocrx_word' id='word_1_162' title='bbox 1369 1189 1436 1244; x_wconf 89' lang='lat' dir='ltr'><strong>de</strong></span> <span class='ocrx_word' id='word_1_163' title='bbox 1493 1189 1601 1244; x_wconf 88' lang='lat' dir='ltr'><strong>hoc</strong></span> <span class='ocrx_word' id='word_1_164' title='bbox 1655 1189 1944 1260; x_wconf 85' lang='lat' dir='ltr'><strong>dogmate;</strong></span> 
     </span>
    </p>
   </div>
   <div class='ocr_carea' id='block_1_23' title="bbox 369 1283 1948 1350">
    <p class='ocr_par' dir='ltr' id='par_1_23' title="bbox 369 1283 1948 1350">
     <span class='ocr_line' id='line_1_23' title="bbox 369 1283 1948 1350; baseline 0.001 -15"><span class='ocrx_word' id='word_1_165' title='bbox 369 1291 652 1350; x_wconf 79' lang='lat' dir='ltr'><strong>utrumque</strong></span> <span class='ocrx_word' id='word_1_166' title='bbox 691 1297 824 1337; x_wconf 75' lang='lat' dir='ltr'><strong>vero</strong></span> <span class='ocrx_word' id='word_1_167' title='bbox 855 1299 965 1338; x_wconf 84' lang='lat' dir='ltr'><strong>non</strong></span> <span class='ocrx_word' id='word_1_168' title='bbox 1009 1285 1176 1338; x_wconf 85' lang='lat' dir='ltr'><strong>unius</strong></span> <span class='ocrx_word' id='word_1_169' title='bbox 1215 1291 1428 1338; x_wconf 75' lang='lat' dir='ltr'><strong>natura:</strong></span> <span class='ocrx_word' id='word_1_170' title='bbox 1453 1284 1550 1339; x_wconf 86' lang='lat' dir='ltr'><strong>sed</strong></span> <span class='ocrx_word' id='word_1_171' title='bbox 1589 1283 1822 1338; x_wconf 89' lang='lat' dir='ltr'><strong>duarum</strong></span> <span class='ocrx_word' id='word_1_172' title='bbox 1861 1283 1948 1338; x_wconf 92' lang='lat' dir='ltr'><strong>in-</strong></span> 
     </span>
    </p>
   </div>
   <div class='ocr_carea' id='block_1_24' title="bbox 368 1375 1951 1444">
    <p class='ocr_par' dir='ltr' id='par_1_24' title="bbox 368 1375 1951 1444">
     <span class='ocr_line' id='line_1_24' title="bbox 368 1375 1951 1444; baseline 0 -15"><span class='ocrx_word' id='word_1_173' title='bbox 368 1375 578 1430; x_wconf 87' lang='lat' dir='ltr'><strong>dicium</strong></span> <span class='ocrx_word' id='word_1_174' title='bbox 616 1383 738 1444; x_wconf 83' lang='lat' dir='ltr'><strong>est;</strong></span> <span class='ocrx_word' id='word_1_175' title='bbox 771 1389 898 1430; x_wconf 89' lang='lat' dir='ltr'><strong>cum</strong></span> <span class='ocrx_word' id='word_1_176' title='bbox 928 1375 1076 1430; x_wconf 89' lang='lat' dir='ltr'><strong>enim</strong></span> <span class='ocrx_word' id='word_1_177' title='bbox 1109 1375 1228 1444; x_wconf 88' lang='lat' dir='ltr'><strong>ipse</strong></span> <span class='ocrx_word' id='word_1_178' title='bbox 1257 1375 1422 1430; x_wconf 87' lang='lat' dir='ltr'><strong>Pater</strong></span> <span class='ocrx_word' id='word_1_179' title='bbox 1444 1375 1641 1430; x_wconf 89' lang='lat' dir='ltr'><strong>doceat</strong></span> <span class='ocrx_word' id='word_1_180' title='bbox 1669 1375 1951 1444; x_wconf 26' lang='lat' dir='ltr'><strong>non‘divi-</strong></span> 
     </span>
    </p>
   </div>
   <div class='ocr_carea' id='block_1_25' title="bbox 369 1466 1947 1538">
    <p class='ocr_par' dir='ltr' id='par_1_25' title="bbox 369 1466 1947 1538">
     <span class='ocr_line' id='line_1_25' title="bbox 369 1466 1947 1538; baseline 0 -15"><span class='ocrx_word' id='word_1_181' title='bbox 369 1485 438 1524; x_wconf 89' lang='lat' dir='ltr'><strong>na</strong></span> <span class='ocrx_word' id='word_1_182' title='bbox 476 1475 669 1522; x_wconf 82' lang='lat' dir='ltr'><strong>natura</strong></span> <span class='ocrx_word' id='word_1_183' title='bbox 692 1483 912 1537; x_wconf 88' lang='lat' dir='ltr'><strong>passum</strong></span> <span class='ocrx_word' id='word_1_184' title='bbox 931 1482 1078 1532; x_wconf 88' lang='lat' dir='ltr'><strong>esse,</strong></span> <span class='ocrx_word' id='word_1_185' title='bbox 1111 1466 1206 1523; x_wconf 88' lang='lat' dir='ltr'><strong>sed</strong></span> <span class='ocrx_word' id='word_1_186' title='bbox 1233 1477 1431 1522; x_wconf 89' lang='lat' dir='ltr'><strong>natura</strong></span> <span class='ocrx_word' id='word_1_187' title='bbox 1455 1466 1703 1524; x_wconf 90' lang='lat' dir='ltr'><strong>terrestri</strong></span> <span class='ocrx_word' id='word_1_188' title='bbox 1725 1483 1947 1538; x_wconf 87' lang='lat' dir='ltr'><strong>passum</strong></span> 
     </span>
    </p>
   </div>
   <div class='ocr_carea' id='block_1_26' title="bbox 369 1540 1948 1628">
    <p class='ocr_par' dir='ltr' id='par_1_26' title="bbox 369 1540 1948 1628">
     <span class='ocr_line' id='line_1_26' title="bbox 369 1540 1948 1628; baseline -0.001 -14"><span class='ocrx_word' id='word_1_189' title='bbox 369 1559 560 1623; x_wconf 82' lang='lat' dir='ltr'><strong>fuisse,</strong></span> <span class='ocrx_word' id='word_1_190' title='bbox 591 1572 756 1612; x_wconf 85' lang='lat' dir='ltr'><strong>nemo</strong></span> <span class='ocrx_word' id='word_1_191' title='bbox 801 1558 883 1613; x_wconf 87' lang='lat' dir='ltr'><strong>sic</strong></span> <span class='ocrx_word' id='word_1_192' title='bbox 917 1557 1185 1614; x_wconf 84' lang='lat' dir='ltr'><strong>insaniret</strong></span> <span class='ocrx_word' id='word_1_193' title='bbox 1212 1540 1287 1612; x_wconf 40' lang='lat' dir='ltr'><strong>ut.</strong></span> <span class='ocrx_word' id='word_1_194' title='bbox 1316 1557 1483 1614; x_wconf 88' lang='lat' dir='ltr'><strong>unius</strong></span> <span class='ocrx_word' id='word_1_195' title='bbox 1523 1566 1734 1613; x_wconf 73' lang='lat' dir='ltr'><strong>natura:</strong></span> <span class='ocrx_word' id='word_1_196' title='bbox 1767 1559 1948 1628; x_wconf 91' lang='lat' dir='ltr'><strong>ipsum</strong></span> 
     </span>
    </p>
   </div>
   <div class='ocr_carea' id='block_1_27' title="bbox 367 1648 1947 1722">
    <p class='ocr_par' dir='ltr' id='par_1_27' title="bbox 367 1648 1947 1722">
     <span class='ocr_line' id='line_1_27' title="bbox 367 1648 1947 1722; baseline 0.001 -17"><span class='ocrx_word' id='word_1_197' title='bbox 367 1665 490 1706; x_wconf 84' lang='lat' dir='ltr'><strong>esse</strong></span> <span class='ocrx_word' id='word_1_198' title='bbox 521 1650 934 1718; x_wconf 69' lang='lat' dir='ltr'><strong>suspicaretur;</strong></span> <span class='ocrx_word' id='word_1_199' title='bbox 974 1649 1140 1703; x_wconf 89' lang='lat' dir='ltr'><strong>unius</strong></span> <span class='ocrx_word' id='word_1_200' title='bbox 1171 1648 1328 1707; x_wconf 76' lang='lat' dir='ltr'><strong>enim</strong></span> <span class='ocrx_word' id='word_1_201' title='bbox 1369 1658 1535 1717; x_wconf 83' lang='lat' dir='ltr'><strong>alque</strong></span> <span class='ocrx_word' id='word_1_202' title='bbox 1565 1649 1813 1716; x_wconf 79' lang='lat' dir='ltr'><strong>eiusdem</strong></span> <span class='ocrx_word' id='word_1_203' title='bbox 1845 1649 1947 1722; x_wconf 87' lang='lat' dir='ltr'><strong>hy-</strong></span> 
     </span>
    </p>
   </div>
   <div class='ocr_carea' id='block_1_28' title="bbox 369 1737 1946 1813">
    <p class='ocr_par' dir='ltr' id='par_1_28' title="bbox 369 1737 1946 1813">
     <span class='ocr_line' id='line_1_28' title="bbox 369 1737 1946 1813; baseline 0.001 -14"><span class='ocrx_word' id='word_1_204' title='bbox 369 1742 604 1813; x_wconf 82' lang='lat' dir='ltr'><strong>postasis</strong></span> <span class='ocrx_word' id='word_1_205' title='bbox 635 1737 854 1798; x_wconf 79' lang='lat' dir='ltr'><strong>Domini</strong></span> <span class='ocrx_word' id='word_1_206' title='bbox 900 1741 1080 1797; x_wconf 88' lang='lat' dir='ltr'><strong>nostri</strong></span> <span class='ocrx_word' id='word_1_207' title='bbox 1105 1741 1237 1799; x_wconf 84' lang='lat' dir='ltr'><strong>Jesu</strong></span> <span class='ocrx_word' id='word_1_208' title='bbox 1281 1741 1490 1798; x_wconf 84' lang='lat' dir='ltr'><strong>Christi</strong></span> <span class='ocrx_word' id='word_1_209' title='bbox 1535 1741 1850 1813; x_wconf 79' lang='lat' dir='ltr'><strong>passionem</strong></span> <span class='ocrx_word' id='word_1_210' title='bbox 1888 1752 1946 1800; x_wconf 84' lang='lat' dir='ltr'><strong>et</strong></span> 
     </span>
    </p>
   </div>
   <div class='ocr_carea' id='block_1_29' title="bbox 368 1833 1946 1905">
    <p class='ocr_par' dir='ltr' id='par_1_29' title="bbox 368 1833 1946 1905">
     <span class='ocr_line' id='line_1_29' title="bbox 368 1833 1946 1905; baseline 0.001 -15"><span class='ocrx_word' id='word_1_211' title='bbox 368 1833 868 1905; x_wconf 80' lang='lat' dir='ltr'><strong>impassibilitatem</strong></span> <span class='ocrx_word' id='word_1_212' title='bbox 906 1833 1158 1890; x_wconf 85' lang='lat' dir='ltr'><strong>conﬁteri</strong></span> <span class='ocrx_word' id='word_1_213' title='bbox 1201 1833 1385 1890; x_wconf 90' lang='lat' dir='ltr'><strong>edocti</strong></span> <span class='ocrx_word' id='word_1_214' title='bbox 1435 1849 1656 1900; x_wconf 86' lang='lat' dir='ltr'><strong>sumus,</strong></span> <span class='ocrx_word' id='word_1_215' title='bbox 1691 1835 1791 1892; x_wconf 90' lang='lat' dir='ltr'><strong>sed</strong></span> <span class='ocrx_word' id='word_1_216' title='bbox 1831 1851 1946 1892; x_wconf 89' lang='lat' dir='ltr'><strong>non</strong></span> 
     </span>
    </p>
   </div>
   <div class='ocr_carea' id='block_1_30' title="bbox 367 1926 1944 1999">
    <p class='ocr_par' dir='ltr' id='par_1_30' title="bbox 367 1926 1944 1999">
     <span class='ocr_line' id='line_1_30' title="bbox 367 1926 1944 1999; baseline 0 -15"><span class='ocrx_word' id='word_1_217' title='bbox 367 1926 671 1984; x_wconf 82' lang='lat' dir='ltr'><strong>secundum</strong></span> <span class='ocrx_word' id='word_1_218' title='bbox 701 1927 956 1984; x_wconf 82' lang='lat' dir='ltr'><strong>eamdem</strong></span> <span class='ocrx_word' id='word_1_219' title='bbox 993 1938 1287 1994; x_wconf 85' lang='lat' dir='ltr'><strong>naturam;</strong></span> <span class='ocrx_word' id='word_1_220' title='bbox 1323 1927 1661 1999; x_wconf 85' lang='lat' dir='ltr'><strong>impossibile</strong></span> <span class='ocrx_word' id='word_1_221' title='bbox 1685 1937 1770 1986; x_wconf 83' lang='lat' dir='ltr'><strong>est</strong></span> <span class='ocrx_word' id='word_1_222' title='bbox 1794 1929 1944 1984; x_wconf 90' lang='lat' dir='ltr'><strong>enim</strong></span> 
     </span>
    </p>
   </div>
   <div class='ocr_carea' id='block_1_31' title="bbox 368 2019 1946 2092">
    <p class='ocr_par' dir='ltr' id='par_1_31' title="bbox 368 2019 1946 2092">
     <span class='ocr_line' id='line_1_31' title="bbox 368 2019 1946 2092; baseline 0.001 -17"><span class='ocrx_word' id='word_1_223' title='bbox 368 2021 423 2076; x_wconf 91' lang='lat' dir='ltr'><strong>in</strong></span> <span class='ocrx_word' id='word_1_224' title='bbox 466 2035 574 2075; x_wconf 86' lang='lat' dir='ltr'><strong>una</strong></span> <span class='ocrx_word' id='word_1_225' title='bbox 605 2019 914 2090; x_wconf 86' lang='lat' dir='ltr'><strong>eademque</strong></span> <span class='ocrx_word' id='word_1_226' title='bbox 977 2026 1174 2074; x_wconf 88' lang='lat' dir='ltr'><strong>natura</strong></span> <span class='ocrx_word' id='word_1_227' title='bbox 1201 2019 1310 2075; x_wconf 83' lang='lat' dir='ltr'><strong>sibi</strong></span> <span class='ocrx_word' id='word_1_228' title='bbox 1337 2021 1490 2092; x_wconf 80' lang='lat' dir='ltr'><strong>juxta</strong></span> <span class='ocrx_word' id='word_1_229' title='bbox 1531 2019 1676 2075; x_wconf 86' lang='lat' dir='ltr'><strong>idem</strong></span> <span class='ocrx_word' id='word_1_230' title='bbox 1707 2021 1946 2077; x_wconf 74' lang='lat' dir='ltr'><strong>invicem</strong></span> 
     </span>
    </p>
   </div>
   <div class='ocr_carea' id='block_1_32' title="bbox 362 2113 1184 2184">
    <p class='ocr_par' dir='ltr' id='par_1_32' title="bbox 362 2113 1184 2184">
     <span class='ocr_line' id='line_1_32' title="bbox 362 2113 1184 2184; baseline -0.002 -16"><span class='ocrx_word' id='word_1_231' title='bbox 362 2113 714 2168; x_wconf 77' lang='lat' dir='ltr'><strong>adversantia</strong></span> <span class='ocrx_word' id='word_1_232' title='bbox 743 2113 1184 2184; x_wconf 86' lang='lat' dir='ltr'><strong>deprehendere.</strong></span> 
     </span>
    </p>
   </div>
   <div class='ocr_carea' id='block_1_33' title="bbox 437 2201 1946 2274">
    <p class='ocr_par' dir='ltr' id='par_1_33' title="bbox 437 2201 1946 2274">
     <span class='ocr_line' id='line_1_33' title="bbox 437 2201 1946 2274; baseline -0.003 -14"><span class='ocrx_word' id='word_1_233' title='bbox 437 2205 543 2260; x_wconf 70' lang='lat' dir='ltr'><strong>Sed</strong></span> <span class='ocrx_word' id='word_1_234' title='bbox 569 2205 820 2260; x_wconf 73' lang='lat' dir='ltr'><strong>veritatis</strong></span> <span class='ocrx_word' id='word_1_235' title='bbox 851 2205 1056 2267; x_wconf 86' lang='lat' dir='ltr'><strong>hostes.</strong></span> <span class='ocrx_word' id='word_1_236' title='bbox 1089 2203 1464 2274; x_wconf 79' lang='lat' dir='ltr'><strong>doctrinaeque</strong></span> <span class='ocrx_word' id='word_1_237' title='bbox 1490 2205 1714 2258; x_wconf 83' lang='lat' dir='ltr'><strong>Patrum</strong></span> <span class='ocrx_word' id='word_1_238' title='bbox 1743 2201 1946 2258; x_wconf 82' lang='lat' dir='ltr'><strong>adver-</strong></span> 
     </span>
    </p>
   </div>
   <div class='ocr_carea' id='block_1_34' title="bbox 366 2295 1946 2360">
    <p class='ocr_par' dir='ltr' id='par_1_34' title="bbox 366 2295 1946 2360">
     <span class='ocr_line' id='line_1_34' title="bbox 366 2295 1946 2360; baseline -0.003 -5"><span class='ocrx_word' id='word_1_239' title='bbox 366 2299 520 2358; x_wconf 83' lang='lat' dir='ltr'><strong>sarii.</strong></span> <span class='ocrx_word' id='word_1_240' title='bbox 567 2298 674 2352; x_wconf 88' lang='lat' dir='ltr'><strong>hoc</strong></span> <span class='ocrx_word' id='word_1_241' title='bbox 718 2313 828 2352; x_wconf 90' lang='lat' dir='ltr'><strong>non</strong></span> <span class='ocrx_word' id='word_1_242' title='bbox 872 2297 1283 2360; x_wconf 80' lang='lat' dir='ltr'><strong>discernentes,</strong></span> <span class='ocrx_word' id='word_1_243' title='bbox 1335 2295 1391 2349; x_wconf 90' lang='lat' dir='ltr'><strong>in</strong></span> <span class='ocrx_word' id='word_1_244' title='bbox 1445 2295 1606 2350; x_wconf 87' lang='lat' dir='ltr'><strong>aliam</strong></span> <span class='ocrx_word' id='word_1_245' title='bbox 1656 2295 1946 2350; x_wconf 83' lang='lat' dir='ltr'><strong>stultitiam</strong></span> 
     </span>
    </p>
   </div>
   <div class='ocr_carea' id='block_1_35' title="bbox 366 2386 1949 2460">
    <p class='ocr_par' dir='ltr' id='par_1_35' title="bbox 366 2386 1949 2460">
     <span class='ocr_line' id='line_1_35' title="bbox 366 2386 1949 2460; baseline -0.002 -13"><span class='ocrx_word' id='word_1_246' title='bbox 366 2389 654 2458; x_wconf 86' lang='lat' dir='ltr'><strong>incidunt,</strong></span> <span class='ocrx_word' id='word_1_247' title='bbox 699 2389 950 2448; x_wconf 84' lang='lat' dir='ltr'><strong>dicentes</strong></span> <span class='ocrx_word' id='word_1_248' title='bbox 997 2403 1102 2446; x_wconf 88' lang='lat' dir='ltr'><strong>eos</strong></span> <span class='ocrx_word' id='word_1_249' title='bbox 1146 2388 1244 2460; x_wconf 85' lang='lat' dir='ltr'><strong>qui</strong></span> <span class='ocrx_word' id='word_1_250' title='bbox 1291 2386 1627 2445; x_wconf 82' lang='lat' dir='ltr'><strong>conﬁtentur</strong></span> <span class='ocrx_word' id='word_1_251' title='bbox 1667 2387 1949 2444; x_wconf 87' lang='lat' dir='ltr'><strong>Christum</strong></span> 
     </span>
    </p>
   </div>
   <div class='ocr_carea' id='block_1_36' title="bbox 366 2481 1951 2544">
    <p class='ocr_par' dir='ltr' id='par_1_36' title="bbox 366 2481 1951 2544">
     <span class='ocr_line' id='line_1_36' title="bbox 366 2481 1951 2544; baseline -0.001 -6"><span class='ocrx_word' id='word_1_252' title='bbox 366 2501 488 2540; x_wconf 70' lang='lat' dir='ltr'><strong>esse</strong></span> <span class='ocrx_word' id='word_1_253' title='bbox 520 2487 691 2538; x_wconf 81' lang='lat' dir='ltr'><strong>Deum</strong></span> <span class='ocrx_word' id='word_1_254' title='bbox 731 2495 788 2537; x_wconf 86' lang='lat' dir='ltr'><strong>et</strong></span> <span class='ocrx_word' id='word_1_255' title='bbox 823 2485 1124 2544; x_wconf 69' lang='lat' dir='ltr'><strong>Iruninem,</strong></span> <span class='ocrx_word' id='word_1_256' title='bbox 1162 2499 1263 2538; x_wconf 81' lang='lat' dir='ltr'><strong>nec</strong></span> <span class='ocrx_word' id='word_1_257' title='bbox 1308 2482 1459 2535; x_wconf 86' lang='lat' dir='ltr'><strong>illum</strong></span> <span class='ocrx_word' id='word_1_258' title='bbox 1491 2495 1613 2536; x_wconf 89' lang='lat' dir='ltr'><strong>esse</strong></span> <span class='ocrx_word' id='word_1_259' title='bbox 1655 2481 1821 2536; x_wconf 86' lang='lat' dir='ltr'><strong>unius</strong></span> <span class='ocrx_word' id='word_1_260' title='bbox 1853 2497 1951 2536; x_wconf 83' lang='lat' dir='ltr'><strong>na-</strong></span> 
     </span>
    </p>
   </div>
   <div class='ocr_carea' id='block_1_37' title="bbox 371 2571 1948 2638">
    <p class='ocr_par' dir='ltr' id='par_1_37' title="bbox 371 2571 1948 2638">
     <span class='ocr_line' id='line_1_37' title="bbox 371 2571 1948 2638; baseline -0.003 -8"><span class='ocrx_word' id='word_1_261' title='bbox 371 2587 530 2638; x_wconf 67' lang='lat' dir='ltr'><strong>turae,</strong></span> <span class='ocrx_word' id='word_1_262' title='bbox 573 2583 636 2628; x_wconf 90' lang='lat' dir='ltr'><strong>ut</strong></span> <span class='ocrx_word' id='word_1_263' title='bbox 677 2573 982 2637; x_wconf 82' lang='lat' dir='ltr'><strong>hominem,</strong></span> <span class='ocrx_word' id='word_1_264' title='bbox 1009 2589 1120 2629; x_wconf 91' lang='lat' dir='ltr'><strong>non</strong></span> <span class='ocrx_word' id='word_1_265' title='bbox 1147 2572 1326 2628; x_wconf 87' lang='lat' dir='ltr'><strong>solum</strong></span> <span class='ocrx_word' id='word_1_266' title='bbox 1367 2571 1508 2627; x_wconf 89' lang='lat' dir='ltr'><strong>duas</strong></span> <span class='ocrx_word' id='word_1_267' title='bbox 1551 2579 1779 2628; x_wconf 84' lang='lat' dir='ltr'><strong>naturas</strong></span> <span class='ocrx_word' id='word_1_268' title='bbox 1825 2587 1948 2627; x_wconf 85' lang='lat' dir='ltr'><strong>esse</strong></span> 
     </span>
    </p>
   </div>
   <div class='ocr_carea' id='block_1_38' title="bbox 371 2663 1950 2730">
    <p class='ocr_par' dir='ltr' id='par_1_38' title="bbox 371 2663 1950 2730">
     <span class='ocr_line' id='line_1_38' title="bbox 371 2663 1950 2730; baseline 0.001 -12"><span class='ocrx_word' id='word_1_269' title='bbox 371 2665 424 2718; x_wconf 87' lang='lat' dir='ltr'><strong>iu</strong></span> <span class='ocrx_word' id='word_1_270' title='bbox 453 2666 676 2722; x_wconf 87' lang='lat' dir='ltr'><strong>Christo</strong></span> <span class='ocrx_word' id='word_1_271' title='bbox 706 2667 803 2721; x_wconf 90' lang='lat' dir='ltr'><strong>sed</strong></span> <span class='ocrx_word' id='word_1_272' title='bbox 835 2675 946 2721; x_wconf 91' lang='lat' dir='ltr'><strong>tres</strong></span> <span class='ocrx_word' id='word_1_273' title='bbox 989 2665 1177 2720; x_wconf 86' lang='lat' dir='ltr'><strong>dicere</strong></span> <span class='ocrx_word' id='word_1_274' title='bbox 1207 2663 1408 2720; x_wconf 87' lang='lat' dir='ltr'><strong>debere</strong></span> <span class='ocrx_word' id='word_1_275' title='bbox 1433 2681 1448 2730; x_wconf 92' lang='lat'><strong>;</strong></span> <span class='ocrx_word' id='word_1_276' title='bbox 1482 2663 1690 2718; x_wconf 90' lang='lat' dir='ltr'><strong>etenim</strong></span> <span class='ocrx_word' id='word_1_277' title='bbox 1725 2679 1837 2719; x_wconf 86' lang='lat' dir='ltr'><strong>una</strong></span> <span class='ocrx_word' id='word_1_278' title='bbox 1865 2672 1950 2720; x_wconf 83' lang='lat' dir='ltr'><strong>est</strong></span> 
     </span>
    </p>
   </div>
   <div class='ocr_carea' id='block_1_39' title="bbox 369 2753 1948 2825">
    <p class='ocr_par' dir='ltr' id='par_1_39' title="bbox 369 2753 1948 2825">
     <span class='ocr_line' id='line_1_39' title="bbox 369 2753 1948 2825; baseline -0.004 -11"><span class='ocrx_word' id='word_1_279' title='bbox 369 2760 574 2816; x_wconf 78' lang='lat' dir='ltr'><strong>Verbi.</strong></span> <span class='ocrx_word' id='word_1_280' title='bbox 629 2759 801 2813; x_wconf 87' lang='lat' dir='ltr'><strong>altera</strong></span> <span class='ocrx_word' id='word_1_281' title='bbox 857 2757 1054 2812; x_wconf 70' lang='lat' dir='ltr'><strong>animae</strong></span> <span class='ocrx_word' id='word_1_282' title='bbox 1097 2756 1378 2824; x_wconf 87' lang='lat' dir='ltr'><strong>alteraque</strong></span> <span class='ocrx_word' id='word_1_283' title='bbox 1429 2763 1626 2809; x_wconf 86' lang='lat' dir='ltr'><strong>natura</strong></span> <span class='ocrx_word' id='word_1_284' title='bbox 1671 2753 1948 2825; x_wconf 88' lang='lat' dir='ltr'><strong>corporis.</strong></span> 
     </span>
    </p>
   </div>
   <div class='ocr_carea' id='block_1_40' title="bbox 371 2843 1954 2916">
    <p class='ocr_par' dir='ltr' id='par_1_40' title="bbox 371 2843 1954 2916">
     <span class='ocr_line' id='line_1_40' title="bbox 371 2843 1954 2916; baseline -0.004 -12"><span class='ocrx_word' id='word_1_285' title='bbox 371 2848 434 2904; x_wconf 85' lang='lat' dir='ltr'><strong>Hi</strong></span> <span class='ocrx_word' id='word_1_286' title='bbox 467 2849 595 2904; x_wconf 82' lang='lat' dir='ltr'><strong>novi</strong></span> <span class='ocrx_word' id='word_1_287' title='bbox 626 2847 894 2902; x_wconf 85' lang='lat' dir='ltr'><strong>malorum</strong></span> <span class='ocrx_word' id='word_1_288' title='bbox 923 2845 1242 2902; x_wconf 85' lang='lat' dir='ltr'><strong>inventores</strong></span> <span class='ocrx_word' id='word_1_289' title='bbox 1282 2845 1380 2916; x_wconf 88' lang='lat' dir='ltr'><strong>qui</strong></span> <span class='ocrx_word' id='word_1_290' title='bbox 1408 2845 1524 2900; x_wconf 81' lang='lat' dir='ltr'><strong>haec</strong></span> <span class='ocrx_word' id='word_1_291' title='bbox 1561 2852 1836 2906; x_wconf 84' lang='lat' dir='ltr'><strong>asserunt.</strong></span> <span class='ocrx_word' id='word_1_292' title='bbox 1869 2843 1954 2898; x_wconf 90' lang='lat' dir='ltr'><strong>di-</strong></span> 
     </span>
    </p>
   </div>
   <div class='ocr_carea' id='block_1_41' title="bbox 368 2935 2018 3022">
    <p class='ocr_par' dir='ltr' id='par_1_41' title="bbox 368 2935 2018 3022">
     <span class='ocr_line' id='line_1_41' title="bbox 368 2935 2018 3022; baseline -0.002 -28"><span class='ocrx_word' id='word_1_293' title='bbox 368 2947 499 2995; x_wconf 89' lang='lat' dir='ltr'><strong>cant</strong></span> <span class='ocrx_word' id='word_1_294' title='bbox 548 2939 836 2994; x_wconf 85' lang='lat' dir='ltr'><strong>nobiscum</strong></span> <span class='ocrx_word' id='word_1_295' title='bbox 887 2936 1320 3001; x_wconf 86' lang='lat' dir='ltr'><strong>consentiendo,</strong></span> <span class='ocrx_word' id='word_1_296' title='bbox 1369 2951 1434 2991; x_wconf 77' lang='lat' dir='ltr'><strong>ex</strong></span> <span class='ocrx_word' id='word_1_297' title='bbox 1469 2935 1684 2991; x_wconf 87' lang='lat' dir='ltr'><strong>duabus</strong></span> <span class='ocrx_word' id='word_1_298' title='bbox 1729 2935 1948 2990; x_wconf 89' lang='lat' dir='ltr'><strong>naturis</strong></span> <span class='ocrx_word' id='word_1_299' title='bbox 1975 2965 2018 3022; x_wconf 63' lang='grc' dir='ltr'><em>ε</em></span> 
     </span>
    </p>
   </div>
   <div class='ocr_carea' id='block_1_42' title="bbox 367 3026 1946 3098">
    <p class='ocr_par' dir='ltr' id='par_1_42' title="bbox 367 3026 1946 3098">
     <span class='ocr_line' id='line_1_42' title="bbox 367 3026 1946 3098; baseline -0.004 -12"><span class='ocrx_word' id='word_1_300' title='bbox 367 3039 620 3088; x_wconf 81' lang='lat' dir='ltr'><strong>constare</strong></span> <span class='ocrx_word' id='word_1_301' title='bbox 677 3029 996 3092; x_wconf 88' lang='lat' dir='ltr'><strong>Christum,</strong></span> <span class='ocrx_word' id='word_1_302' title='bbox 1059 3027 1338 3098; x_wconf 90' lang='lat' dir='ltr'><strong>quomodo</strong></span> <span class='ocrx_word' id='word_1_303' title='bbox 1395 3027 1541 3083; x_wconf 92' lang='lat' dir='ltr'><strong>istud</strong></span> <span class='ocrx_word' id='word_1_304' title='bbox 1600 3026 1946 3098; x_wconf 77' lang='lat' dir='ltr'><strong>intelligant?</strong></span> 
     </span>
    </p>
   </div>
   <div class='ocr_carea' id='block_1_43' title="bbox 367 3120 1943 3194">
    <p class='ocr_par' dir='ltr' id='par_1_43' title="bbox 367 3120 1943 3194">
     <span class='ocr_line' id='line_1_43' title="bbox 367 3120 1943 3194; baseline -0.003 -15"><span class='ocrx_word' id='word_1_305' title='bbox 367 3123 652 3191; x_wconf 85' lang='lat' dir='ltr'><strong>Quomodo</strong></span> <span class='ocrx_word' id='word_1_306' title='bbox 677 3121 842 3194; x_wconf 84' lang='lat' dir='ltr'><strong>igitur</strong></span> <span class='ocrx_word' id='word_1_307' title='bbox 867 3129 1021 3178; x_wconf 77' lang='lat' dir='ltr'><strong>extra</strong></span> <span class='ocrx_word' id='word_1_308' title='bbox 1057 3135 1260 3192; x_wconf 84' lang='lat' dir='ltr'><strong>corpus</strong></span> <span class='ocrx_word' id='word_1_309' title='bbox 1295 3120 1536 3176; x_wconf 87' lang='lat' dir='ltr'><strong>animam</strong></span> <span class='ocrx_word' id='word_1_310' title='bbox 1571 3129 1810 3192; x_wconf 86' lang='lat' dir='ltr'><strong>raptam,</strong></span> <span class='ocrx_word' id='word_1_311' title='bbox 1845 3134 1943 3174; x_wconf 89' lang='lat' dir='ltr'><strong>seu</strong></span> 
     </span>
    </p>
   </div>
   <div class='ocr_carea' id='block_1_44' title="bbox 301 3211 1944 3286">
    <p class='ocr_par' dir='ltr' id='par_1_44' title="bbox 301 3211 1944 3286">
     <span class='ocr_line' id='line_1_44' title="bbox 301 3211 1944 3286; baseline -0.004 -14"><span class='ocrx_word' id='word_1_312' title='bbox 301 3248 316 3261; x_wconf 83' lang='lat'><strong>-</strong></span> <span class='ocrx_word' id='word_1_313' title='bbox 365 3231 568 3286; x_wconf 90' lang='lat' dir='ltr'><strong>corpus</strong></span> <span class='ocrx_word' id='word_1_314' title='bbox 615 3215 824 3286; x_wconf 84' lang='lat' dir='ltr'><strong>absque</strong></span> <span class='ocrx_word' id='word_1_315' title='bbox 867 3213 1051 3270; x_wconf 88' lang='lat' dir='ltr'><strong>anima</strong></span> <span class='ocrx_word' id='word_1_316' title='bbox 1083 3211 1432 3284; x_wconf 78' lang='lat' dir='ltr'><strong>intelligunt?</strong></span> <span class='ocrx_word' id='word_1_317' title='bbox 1467 3211 1642 3268; x_wconf 86' lang='lat' dir='ltr'><strong>Unam</strong></span> <span class='ocrx_word' id='word_1_318' title='bbox 1685 3212 1834 3268; x_wconf 90' lang='lat' dir='ltr'><strong>enim</strong></span> <span class='ocrx_word' id='word_1_319' title='bbox 1877 3227 1944 3266; x_wconf 77' lang='lat' dir='ltr'><strong>ex</strong></span> 
     </span>
    </p>
   </div>
   <div class='ocr_carea' id='block_1_45' title="bbox 369 3301 1942 3363">
    <p class='ocr_par' dir='ltr' id='par_1_45' title="bbox 369 3301 1942 3363">
     <span class='ocr_line' id='line_1_45' title="bbox 369 3301 1942 3363; baseline -0.004 -1"><span class='ocrx_word' id='word_1_320' title='bbox 369 3309 453 3362; x_wconf 86' lang='lat' dir='ltr'><strong>his</strong></span> <span class='ocrx_word' id='word_1_321' title='bbox 481 3307 733 3363; x_wconf 86' lang='lat' dir='ltr'><strong>slultitiis</strong></span> <span class='ocrx_word' id='word_1_322' title='bbox 767 3313 916 3360; x_wconf 88' lang='lat' dir='ltr'><strong>certe</strong></span> <span class='ocrx_word' id='word_1_323' title='bbox 946 3303 1198 3361; x_wconf 78' lang='lat' dir='ltr'><strong>aﬁ‘erent.</strong></span> <span class='ocrx_word' id='word_1_324' title='bbox 1236 3303 1293 3360; x_wconf 89' lang='lat' dir='ltr'><strong>Si</strong></span> <span class='ocrx_word' id='word_1_325' title='bbox 1322 3319 1452 3358; x_wconf 86' lang='lat' dir='ltr'><strong>vero</strong></span> <span class='ocrx_word' id='word_1_326' title='bbox 1486 3303 1628 3358; x_wconf 88' lang='lat' dir='ltr'><strong>hanc</strong></span> <span class='ocrx_word' id='word_1_327' title='bbox 1654 3301 1942 3358; x_wconf 79' lang='lat' dir='ltr'><strong>stultitiam</strong></span> 
     </span>
    </p>
   </div>
   <div class='ocr_carea' id='block_1_46' title="bbox 363 3391 1943 3464">
    <p class='ocr_par' dir='ltr' id='par_1_46' title="bbox 363 3391 1943 3464">
     <span class='ocr_line' id='line_1_46' title="bbox 363 3391 1943 3464; baseline -0.002 -15"><span class='ocrx_word' id='word_1_328' title='bbox 363 3395 722 3456; x_wconf 75' lang='lat' dir='ltr'><strong>declinantes,</strong></span> <span class='ocrx_word' id='word_1_329' title='bbox 751 3393 990 3450; x_wconf 86' lang='lat' dir='ltr'><strong>animam</strong></span> <span class='ocrx_word' id='word_1_330' title='bbox 1024 3409 1088 3450; x_wconf 86' lang='lat' dir='ltr'><strong>ac</strong></span> <span class='ocrx_word' id='word_1_331' title='bbox 1119 3407 1323 3464; x_wconf 89' lang='lat' dir='ltr'><strong>corpus</strong></span> <span class='ocrx_word' id='word_1_332' title='bbox 1354 3392 1458 3447; x_wconf 88' lang='lat' dir='ltr'><strong>sibi</strong></span> <span class='ocrx_word' id='word_1_333' title='bbox 1487 3393 1733 3463; x_wconf 88' lang='lat' dir='ltr'><strong>rapuisse</strong></span> <span class='ocrx_word' id='word_1_334' title='bbox 1758 3391 1943 3448; x_wconf 83' lang='lat' dir='ltr'><strong>Domi-</strong></span> 
     </span>
    </p>
   </div>
   <div class='ocr_carea' id='block_1_47' title="bbox 365 3483 1945 3556">
    <p class='ocr_par' dir='ltr' id='par_1_47' title="bbox 365 3483 1945 3556">
     <span class='ocr_line' id='line_1_47' title="bbox 365 3483 1945 3556; baseline -0.001 -16"><span class='ocrx_word' id='word_1_335' title='bbox 365 3503 497 3541; x_wconf 85' lang='lat' dir='ltr'><strong>num</strong></span> <span class='ocrx_word' id='word_1_336' title='bbox 541 3487 768 3550; x_wconf 88' lang='lat' dir='ltr'><strong>dicunt,</strong></span> <span class='ocrx_word' id='word_1_337' title='bbox 820 3485 923 3556; x_wconf 89' lang='lat' dir='ltr'><strong>ipsi</strong></span> <span class='ocrx_word' id='word_1_338' title='bbox 976 3485 1218 3556; x_wconf 89' lang='lat' dir='ltr'><strong>propriis</strong></span> <span class='ocrx_word' id='word_1_339' title='bbox 1269 3485 1484 3540; x_wconf 88' lang='lat' dir='ltr'><strong>retibus</strong></span> <span class='ocrx_word' id='word_1_340' title='bbox 1542 3483 1824 3554; x_wconf 85' lang='lat' dir='ltr'><strong>impediti,</strong></span> <span class='ocrx_word' id='word_1_341' title='bbox 1875 3499 1945 3539; x_wconf 75' lang='lat' dir='ltr'><strong>ex</strong></span> 
     </span>
    </p>
   </div>
   <div class='ocr_carea' id='block_1_48' title="bbox 365 3572 1945 3634">
    <p class='ocr_par' dir='ltr' id='par_1_48' title="bbox 365 3572 1945 3634">
     <span class='ocr_line' id='line_1_48' title="bbox 365 3572 1945 3634; baseline 0 -4"><span class='ocrx_word' id='word_1_342' title='bbox 365 3579 546 3634; x_wconf 86' lang='lat' dir='ltr'><strong>tribus</strong></span> <span class='ocrx_word' id='word_1_343' title='bbox 567 3578 783 3634; x_wconf 88' lang='lat' dir='ltr'><strong>naturis</strong></span> <span class='ocrx_word' id='word_1_344' title='bbox 803 3588 1063 3634; x_wconf 85' lang='lat' dir='ltr'><strong>constare</strong></span> <span class='ocrx_word' id='word_1_345' title='bbox 1083 3577 1364 3632; x_wconf 84' lang='lat' dir='ltr'><strong>Christum</strong></span> <span class='ocrx_word' id='word_1_346' title='bbox 1387 3576 1570 3632; x_wconf 86' lang='lat' dir='ltr'><strong>dicere</strong></span> <span class='ocrx_word' id='word_1_347' title='bbox 1594 3575 1769 3631; x_wconf 86' lang='lat' dir='ltr'><strong>coacti</strong></span> <span class='ocrx_word' id='word_1_348' title='bbox 1793 3572 1945 3630; x_wconf 83' lang='lat' dir='ltr'><strong>vide-</strong></span> 
     </span>
    </p>
   </div>
   <div class='ocr_carea' id='block_1_49' title="bbox 364 3667 1946 3744">
    <p class='ocr_par' dir='ltr' id='par_1_49' title="bbox 364 3667 1946 3744">
     <span class='ocr_line' id='line_1_49' title="bbox 364 3667 1946 3744; baseline -0.001 -20"><span class='ocrx_word' id='word_1_349' title='bbox 364 3669 592 3724; x_wconf 86' lang='lat' dir='ltr'><strong>buntur.</strong></span> <span class='ocrx_word' id='word_1_350' title='bbox 622 3669 884 3739; x_wconf 86' lang='lat' dir='ltr'><strong>Ignorant</strong></span> <span class='ocrx_word' id='word_1_351' title='bbox 904 3677 1089 3726; x_wconf 76' lang='lat' dir='ltr'><strong>sulem</strong></span> <span class='ocrx_word' id='word_1_352' title='bbox 1119 3683 1322 3724; x_wconf 87' lang='lat' dir='ltr'><strong>nomen</strong></span> <span class='ocrx_word' id='word_1_353' title='bbox 1355 3668 1539 3744; x_wconf 84' lang='lat' dir='ltr'><strong>homo,_</strong></span> <span class='ocrx_word' id='word_1_354' title='bbox 1567 3667 1778 3738; x_wconf 83' lang='lat' dir='ltr'><strong>absque</strong></span> <span class='ocrx_word' id='word_1_355' title='bbox 1817 3682 1946 3736; x_wconf 88' lang='lat' dir='ltr'><strong>pro-</strong></span> 
     </span>
    </p>
   </div>
   <div class='ocr_carea' id='block_1_50' title="bbox 365 3757 1943 3830">
    <p class='ocr_par' dir='ltr' id='par_1_50' title="bbox 365 3757 1943 3830">
     <span class='ocr_line' id='line_1_50' title="bbox 365 3757 1943 3830; baseline -0.001 -16"><span class='ocrx_word' id='word_1_356' title='bbox 365 3759 698 3830; x_wconf 79' lang='lat' dir='ltr'><strong>prietatibus</strong></span> <span class='ocrx_word' id='word_1_357' title='bbox 749 3767 1030 3830; x_wconf 83' lang='lat' dir='ltr'><strong>sumptum</strong></span> <span class='ocrx_word' id='word_1_358' title='bbox 1057 3799 1074 3825; x_wconf 91' lang='lat'><strong>,</strong></span> <span class='ocrx_word' id='word_1_359' title='bbox 1115 3759 1168 3814; x_wconf 89' lang='lat' dir='ltr'><strong>in</strong></span> <span class='ocrx_word' id='word_1_360' title='bbox 1222 3757 1501 3814; x_wconf 87' lang='lat' dir='ltr'><strong>communi</strong></span> <span class='ocrx_word' id='word_1_361' title='bbox 1543 3757 1943 3830; x_wconf 79' lang='lat' dir='ltr'><strong>signiﬁcatiOne</strong></span> 
     </span>
    </p>
   </div>
   <div class='ocr_carea' id='block_1_51' title="bbox 363 3847 1940 3919">
    <p class='ocr_par' dir='ltr' id='par_1_51' title="bbox 363 3847 1940 3919">
     <span class='ocr_line' id='line_1_51' title="bbox 363 3847 1940 3919; baseline -0.001 -16"><span class='ocrx_word' id='word_1_362' title='bbox 363 3851 533 3914; x_wconf 86' lang='lat' dir='ltr'><strong>sumi,</strong></span> <span class='ocrx_word' id='word_1_363' title='bbox 568 3851 892 3904; x_wconf 62' lang='lat' dir='ltr'><strong>substantiae</strong></span> <span class='ocrx_word' id='word_1_364' title='bbox 929 3849 1048 3904; x_wconf 82' lang='lat' dir='ltr'><strong>sive</strong></span> <span class='ocrx_word' id='word_1_365' title='bbox 1087 3858 1300 3904; x_wconf 62' lang='lat' dir='ltr'><strong>natura;</strong></span> <span class='ocrx_word' id='word_1_366' title='bbox 1330 3863 1451 3903; x_wconf 89' lang='lat' dir='ltr'><strong>esse</strong></span> <span class='ocrx_word' id='word_1_367' title='bbox 1492 3847 1940 3919; x_wconf 79' lang='lat' dir='ltr'><strong>signiﬁeativum.</strong></span> 
     </span>
    </p>
   </div>
   <div class='ocr_carea' id='block_1_52' title="bbox 361 3937 1942 4012">
    <p class='ocr_par' dir='ltr' id='par_1_52' title="bbox 361 3937 1942 4012">
     <span class='ocr_line' id='line_1_52' title="bbox 361 3937 1942 4012; baseline -0.003 -16"><span class='ocrx_word' id='word_1_368' title='bbox 361 3956 431 3996; x_wconf 82' lang='lat' dir='ltr'><strong>ac</strong></span> <span class='ocrx_word' id='word_1_369' title='bbox 457 3940 529 3996; x_wconf 87' lang='lat' dir='ltr'><strong>de</strong></span> <span class='ocrx_word' id='word_1_370' title='bbox 558 3940 748 3996; x_wconf 88' lang='lat' dir='ltr'><strong>multis</strong></span> <span class='ocrx_word' id='word_1_371' title='bbox 771 3939 1161 4012; x_wconf 76' lang='lat' dir='ltr'><strong>hypostasibus</strong></span> <span class='ocrx_word' id='word_1_372' title='bbox 1191 3938 1337 4002; x_wconf 88' lang='lat' dir='ltr'><strong>dici;</strong></span> <span class='ocrx_word' id='word_1_373' title='bbox 1365 3953 1491 3993; x_wconf 90' lang='lat' dir='ltr'><strong>cum</strong></span> <span class='ocrx_word' id='word_1_374' title='bbox 1518 3954 1648 3993; x_wconf 86' lang='lat' dir='ltr'><strong>vero</strong></span> <span class='ocrx_word' id='word_1_375' title='bbox 1662 3937 1942 3993; x_wconf 88' lang='lat' dir='ltr'><strong>communi</strong></span> 
     </span>
    </p>
   </div>
   <div class='ocr_carea' id='block_1_53' title="bbox 362 4025 1942 4098">
    <p class='ocr_par' dir='ltr' id='par_1_53' title="bbox 362 4025 1942 4098">
     <span class='ocr_line' id='line_1_53' title="bbox 362 4025 1942 4098; baseline 0.001 -14"><span class='ocrx_word' id='word_1_376' title='bbox 362 4028 756 4098; x_wconf 80' lang='lat' dir='ltr'><strong>signiﬁcationi</strong></span> <span class='ocrx_word' id='word_1_377' title='bbox 803 4027 1170 4098; x_wconf 87' lang='lat' dir='ltr'><strong>proprietates</strong></span> <span class='ocrx_word' id='word_1_378' title='bbox 1201 4027 1402 4083; x_wconf 81' lang='lat' dir='ltr'><strong>additae</strong></span> <span class='ocrx_word' id='word_1_379' title='bbox 1438 4035 1588 4093; x_wconf 86' lang='lat' dir='ltr'><strong>sunt,</strong></span> <span class='ocrx_word' id='word_1_380' title='bbox 1636 4035 1766 4084; x_wconf 91' lang='lat' dir='ltr'><strong>tunc</strong></span> <span class='ocrx_word' id='word_1_381' title='bbox 1803 4025 1942 4086; x_wconf 78' lang='grc' dir='ltr'>εθἶοί</span> 
     </span>
    </p>
   </div>
   <div class='ocr_carea' id='block_1_54' title="bbox 364 4116 1946 4190">
    <p class='ocr_par' dir='ltr' id='par_1_54' title="bbox 364 4116 1946 4190">
     <span class='ocr_line' id='line_1_54' title="bbox 364 4116 1946 4190; baseline 0 -18"><span class='ocrx_word' id='word_1_382' title='bbox 364 4117 729 4190; x_wconf 82' lang='lat' dir='ltr'><strong>bypostasim,</strong></span> <span class='ocrx_word' id='word_1_383' title='bbox 759 4116 1174 4172; x_wconf 89' lang='lat' dir='ltr'><strong>distinctionem</strong></span> <span class='ocrx_word' id='word_1_384' title='bbox 1222 4132 1445 4187; x_wconf 90' lang='lat' dir='ltr'><strong>quoque</strong></span> <span class='ocrx_word' id='word_1_385' title='bbox 1483 4116 1680 4172; x_wconf 68' lang='lat' dir='ltr'><strong>animae</strong></span> <span class='ocrx_word' id='word_1_386' title='bbox 1717 4124 1775 4172; x_wconf 91' lang='lat' dir='ltr'><strong>et</strong></span> <span class='ocrx_word' id='word_1_387' title='bbox 1817 4133 1946 4174; x_wconf 93' lang='lat' dir='ltr'><strong>cor-</strong></span> 
     </span>
    </p>
   </div>
   <div class='ocr_carea' id='block_1_55' title="bbox 365 4207 1944 4290">
    <p class='ocr_par' dir='ltr' id='par_1_55' title="bbox 365 4207 1944 4290">
     <span class='ocr_line' id='line_1_55' title="bbox 365 4207 1944 4290; baseline 0.003 -29"><span class='ocrx_word' id='word_1_388' title='bbox 365 4207 536 4290; x_wconf 67' lang='lat' dir='ltr'><strong>poris</strong></span> <span class='ocrx_word' id='word_1_389' title='bbox 561 4207 821 4279; x_wconf 79' lang='lat' dir='ltr'><strong>agnosci;</strong></span> <span class='ocrx_word' id='word_1_390' title='bbox 855 4207 1082 4264; x_wconf 86' lang='lat' dir='ltr'><strong>traditio</strong></span> <span class='ocrx_word' id='word_1_391' title='bbox 1118 4207 1265 4262; x_wconf 91' lang='lat' dir='ltr'><strong>enim</strong></span> <span class='ocrx_word' id='word_1_392' title='bbox 1306 4208 1608 4279; x_wconf 87' lang='lat' dir='ltr'><strong>apostolica</strong></span> <span class='ocrx_word' id='word_1_393' title='bbox 1642 4217 1944 4280; x_wconf 88' lang='lat' dir='ltr'><strong>utrumque</strong></span> 
     </span>
    </p>
   </div>
   <div class='ocr_carea' id='block_1_56' title="bbox 2049 1194 3630 1270">
    <p class='ocr_par' dir='ltr' id='par_1_56' title="bbox 2049 1194 3630 1270">
     <span class='ocr_line' id='line_1_56' title="bbox 2049 1194 3630 1270; baseline 0.004 -24"><span class='ocrx_word' id='word_1_394' title='bbox 2049 1194 2302 1263; x_wconf 84' lang='grc' dir='ltr'>κείμενον</span> <span class='ocrx_word' id='word_1_395' title='bbox 2357 1195 2414 1247; x_wconf 78' lang='grc' dir='ltr'>δὲ</span> <span class='ocrx_word' id='word_1_396' title='bbox 2452 1195 2508 1248; x_wconf 84' lang='grc' dir='ltr'><strong>τδ</strong></span> <span class='ocrx_word' id='word_1_397' title='bbox 2553 1195 2662 1249; x_wconf 82' lang='grc' dir='ltr'>δεῖν</span> <span class='ocrx_word' id='word_1_398' title='bbox 2691 1196 2794 1266; x_wconf 82' lang='grc' dir='ltr'>τὴν</span> <span class='ocrx_word' id='word_1_399' title='bbox 2843 1199 3230 1270; x_wconf 67' lang='grc' dir='ltr'>ἀναντίρρητον</span> <span class='ocrx_word' id='word_1_400' title='bbox 3280 1199 3448 1252; x_wconf 86' lang='grc' dir='ltr'>αὑτοῦ</span> <span class='ocrx_word' id='word_1_401' title='bbox 3497 1201 3630 1270; x_wconf 76' lang='grc' dir='ltr'>περὶ</span> 
     </span>
    </p>
   </div>
   <div class='ocr_carea' id='block_1_57' title="bbox 2049 1283 3625 1359">
    <p class='ocr_par' dir='ltr' id='par_1_57' title="bbox 2049 1283 3625 1359">
     <span class='ocr_line' id='line_1_57' title="bbox 2049 1283 3625 1359; baseline 0.005 -23"><span class='ocrx_word' id='word_1_402' title='bbox 2049 1283 2144 1337; x_wconf 87' lang='grc' dir='ltr'><strong>τοῦ</strong></span> <span class='ocrx_word' id='word_1_403' title='bbox 2174 1285 2440 1355; x_wconf 79' lang='grc' dir='ltr'>δόγματος</span> <span class='ocrx_word' id='word_1_404' title='bbox 2475 1288 2613 1356; x_wconf 76' lang='grc' dir='ltr'>ἡμῖν</span> <span class='ocrx_word' id='word_1_405' title='bbox 2645 1286 2962 1358; x_wconf 82' lang='grc' dir='ltr'>σαφηνίζειν</span> <span class='ocrx_word' id='word_1_406' title='bbox 2977 1288 3182 1355; x_wconf 80' lang='grc' dir='ltr'>γνῶσιν</span> <span class='ocrx_word' id='word_1_407' title='bbox 3211 1289 3354 1356; x_wconf 57' lang='grc' dir='ltr'><strong>δκαὶ</strong></span> <span class='ocrx_word' id='word_1_408' title='bbox 3403 1289 3471 1342; x_wconf 78' lang='grc' dir='ltr'><strong>τδ</strong></span> <span class='ocrx_word' id='word_1_409' title='bbox 3514 1291 3625 1359; x_wconf 73' lang='grc' dir='ltr'><strong>ἁμ-</strong></span> 
     </span>
    </p>
   </div>
   <div class='ocr_carea' id='block_1_58' title="bbox 2052 1375 3630 1448">
    <p class='ocr_par' dir='ltr' id='par_1_58' title="bbox 2052 1375 3630 1448">
     <span class='ocr_line' id='line_1_58' title="bbox 2052 1375 3630 1448; baseline 0.005 -21"><span class='ocrx_word' id='word_1_410' title='bbox 2052 1377 2275 1444; x_wconf 74' lang='grc' dir='ltr'>φότερα</span> <span class='ocrx_word' id='word_1_411' title='bbox 2311 1375 2367 1428; x_wconf 86' lang='grc' dir='ltr'>δὲ</span> <span class='ocrx_word' id='word_1_412' title='bbox 2399 1379 2461 1430; x_wconf 86' lang='grc' dir='ltr'><strong>ού</strong></span> <span class='ocrx_word' id='word_1_413' title='bbox 2498 1379 2628 1446; x_wconf 74' lang='grc' dir='ltr'>μιᾶς</span> <span class='ocrx_word' id='word_1_414' title='bbox 2672 1380 2792 1431; x_wconf 80' lang='grc' dir='ltr'>ἐστι</span> <span class='ocrx_word' id='word_1_415' title='bbox 2845 1377 3060 1448; x_wconf 81' lang='grc' dir='ltr'>φύσεως</span> <span class='ocrx_word' id='word_1_416' title='bbox 3088 1381 3444 1448; x_wconf 70' lang='grc' dir='ltr'>σημαντικὸν,</span> <span class='ocrx_word' id='word_1_417' title='bbox 3489 1382 3630 1436; x_wconf 83' lang='grc' dir='ltr'>ἀ).λά</span> 
     </span>
    </p>
   </div>
   <div class='ocr_carea' id='block_1_59' title="bbox 2050 1466 3630 1542">
    <p class='ocr_par' dir='ltr' id='par_1_59' title="bbox 2050 1466 3630 1542">
     <span class='ocr_line' id='line_1_59' title="bbox 2050 1466 3630 1542; baseline 0.003 -22"><span class='ocrx_word' id='word_1_418' title='bbox 2050 1466 2173 1520; x_wconf 87' lang='grc' dir='ltr'>δύο·</span> <span class='ocrx_word' id='word_1_419' title='bbox 2211 1467 2460 1539; x_wconf 76' lang='grc' dir='ltr'>καθάπερ</span> <span class='ocrx_word' id='word_1_420' title='bbox 2513 1472 2622 1540; x_wconf 73' lang='grc' dir='ltr'><strong>γὰρ</strong></span> <span class='ocrx_word' id='word_1_421' title='bbox 2658 1471 2686 1522; x_wconf 85' lang='grc' dir='ltr'>ὁ</span> <span class='ocrx_word' id='word_1_422' title='bbox 2716 1469 2877 1533; x_wconf 67' lang='grc' dir='ltr'>αὐτὸς</span> <span class='ocrx_word' id='word_1_423' title='bbox 2941 1470 3130 1540; x_wconf 73' lang='grc' dir='ltr'>Πατὴρ</span> <span class='ocrx_word' id='word_1_424' title='bbox 3181 1471 3422 1524; x_wconf 80' lang='grc' dir='ltr'>διδάσκει</span> <span class='ocrx_word' id='word_1_425' title='bbox 3461 1473 3522 1525; x_wconf 79' lang='grc' dir='ltr'><strong>τὺ</strong></span> <span class='ocrx_word' id='word_1_426' title='bbox 3549 1473 3630 1542; x_wconf 75' lang='grc' dir='ltr'>μὴ</span> 
     </span>
    </p>
   </div>
   <div class='ocr_carea' id='block_1_60' title="bbox 2051 1556 3622 1636">
    <p class='ocr_par' dir='ltr' id='par_1_60' title="bbox 2051 1556 3622 1636">
     <span class='ocr_line' id='line_1_60' title="bbox 2051 1556 3622 1636; baseline 0.004 -26"><span class='ocrx_word' id='word_1_427' title='bbox 2051 1556 2244 1611; x_wconf 78' lang='grc' dir='ltr'>παθεῖν</span> <span class='ocrx_word' id='word_1_428' title='bbox 2281 1558 2444 1612; x_wconf 76' lang='grc' dir='ltr'>αὑτὸν</span> <span class='ocrx_word' id='word_1_429' title='bbox 2487 1561 2554 1631; x_wconf 78' lang='grc' dir='ltr'><strong>τῇ</strong></span> <span class='ocrx_word' id='word_1_430' title='bbox 2594 1559 2715 1631; x_wconf 70' lang='grc' dir='ltr'>θείᾳ</span> <span class='ocrx_word' id='word_1_431' title='bbox 2751 1561 2936 1628; x_wconf 81' lang='grc' dir='ltr'>φύσει,</span> <span class='ocrx_word' id='word_1_432' title='bbox 2962 1561 3100 1614; x_wconf 82' lang='grc' dir='ltr'>ἀλλὰ</span> <span class='ocrx_word' id='word_1_433' title='bbox 3136 1559 3328 1614; x_wconf 82' lang='grc' dir='ltr'>παθεῖν</span> <span class='ocrx_word' id='word_1_434' title='bbox 3357 1564 3424 1632; x_wconf 79' lang='grc' dir='ltr'><strong>τῇ</strong></span> <span class='ocrx_word' id='word_1_435' title='bbox 3466 1565 3622 1636; x_wconf 78' lang='grc' dir='ltr'>χοῖκῇ</span> 
     </span>
    </p>
   </div>
   <div class='ocr_carea' id='block_1_61' title="bbox 2053 1640 3625 1724">
    <p class='ocr_par' dir='ltr' id='par_1_61' title="bbox 2053 1640 3625 1724">
     <span class='ocr_line' id='line_1_61' title="bbox 2053 1640 3625 1724; baseline 0.005 -23"><span class='ocrx_word' id='word_1_436' title='bbox 2053 1648 2232 1715; x_wconf 85' lang='grc' dir='ltr'>φύσει,</span> <span class='ocrx_word' id='word_1_437' title='bbox 2258 1649 2358 1702; x_wconf 83' lang='grc' dir='ltr'>οὐκ</span> <span class='ocrx_word' id='word_1_438' title='bbox 2383 1651 2450 1705; x_wconf 74' lang='grc' dir='ltr'>ἄν</span> <span class='ocrx_word' id='word_1_439' title='bbox 2467 1667 2551 1714; x_wconf 88' lang='grc' dir='ltr'><strong>τις</strong></span> <span class='ocrx_word' id='word_1_440' title='bbox 2577 1650 2721 1704; x_wconf 78' lang='grc' dir='ltr'>οὕτω</span> <span class='ocrx_word' id='word_1_441' title='bbox 2753 1653 2969 1722; x_wconf 83' lang='grc' dir='ltr'>μανείη,</span> <span class='ocrx_word' id='word_1_442' title='bbox 2986 1654 3063 1715; x_wconf 82' lang='grc' dir='ltr'>ὡς</span> <span class='ocrx_word' id='word_1_443' title='bbox 3089 1653 3219 1723; x_wconf 84' lang='grc' dir='ltr'>μιᾶς</span> <span class='ocrx_word' id='word_1_444' title='bbox 3244 1640 3382 1706; x_wconf 72' lang='grc' dir='ltr'>εἶναι</span> <span class='ocrx_word' id='word_1_445' title='bbox 3409 1654 3625 1724; x_wconf 84' lang='grc' dir='ltr'>φύσεως</span> 
     </span>
    </p>
   </div>
   <div class='ocr_carea' id='block_1_62' title="bbox 2045 1739 3627 1813">
    <p class='ocr_par' dir='ltr' id='par_1_62' title="bbox 2045 1739 3627 1813">
     <span class='ocr_line' id='line_1_62' title="bbox 2045 1739 3627 1813; baseline 0.003 -19"><span class='ocrx_word' id='word_1_446' title='bbox 2045 1739 2356 1796; x_wconf 77' lang='grc' dir='ltr'>ὑπολαϐεῖν.</span> <span class='ocrx_word' id='word_1_447' title='bbox 2381 1742 2528 1804; x_wconf 76' lang='grc' dir='ltr'>Μιᾶς</span> <span class='ocrx_word' id='word_1_448' title='bbox 2561 1741 2660 1813; x_wconf 79' lang='grc' dir='ltr'>μὲν</span> <span class='ocrx_word' id='word_1_449' title='bbox 2683 1743 2794 1813; x_wconf 81' lang='grc' dir='ltr'>γὰρ</span> <span class='ocrx_word' id='word_1_450' title='bbox 2821 1743 2916 1798; x_wconf 58' lang='grc' dir='ltr'><strong>καὶ⁵</strong></span> <span class='ocrx_word' id='word_1_451' title='bbox 2951 1743 3049 1812; x_wconf 81' lang='grc' dir='ltr'>τῆς</span> <span class='ocrx_word' id='word_1_452' title='bbox 3077 1745 3248 1813; x_wconf 82' lang='grc' dir='ltr'>αὐτῆς</span> <span class='ocrx_word' id='word_1_453' title='bbox 3275 1743 3627 1812; x_wconf 78' lang='grc' dir='ltr'>ὑποστάσεως</span> 
     </span>
    </p>
   </div>
   <div class='ocr_carea' id='block_1_63' title="bbox 2045 1831 3628 1906">
    <p class='ocr_par' dir='ltr' id='par_1_63' title="bbox 2045 1831 3628 1906">
     <span class='ocr_line' id='line_1_63' title="bbox 2045 1831 3628 1906; baseline 0.001 -17"><span class='ocrx_word' id='word_1_454' title='bbox 2045 1831 2140 1889; x_wconf 87' lang='grc' dir='ltr'><strong>τοῦ</strong></span> <span class='ocrx_word' id='word_1_455' title='bbox 2166 1833 2372 1904; x_wconf 80' lang='grc' dir='ltr'><strong>Κυρίου</strong></span> <span class='ocrx_word' id='word_1_456' title='bbox 2404 1833 2562 1906; x_wconf 79' lang='grc' dir='ltr'>ἡμῶν</span> <span class='ocrx_word' id='word_1_457' title='bbox 2602 1833 2780 1904; x_wconf 85' lang='grc' dir='ltr'>Ἰησοῦ</span> <span class='ocrx_word' id='word_1_458' title='bbox 2820 1833 3060 1906; x_wconf 82' lang='grc' dir='ltr'>Χριστοῦ</span> <span class='ocrx_word' id='word_1_459' title='bbox 3093 1833 3154 1889; x_wconf 81' lang='grc' dir='ltr'><strong>τὺ</strong></span> <span class='ocrx_word' id='word_1_460' title='bbox 3186 1835 3362 1900; x_wconf 80' lang='grc' dir='ltr'>πάθος</span> <span class='ocrx_word' id='word_1_461' title='bbox 3398 1837 3494 1891; x_wconf 77' lang='grc' dir='ltr'>καὶ</span> <span class='ocrx_word' id='word_1_462' title='bbox 3526 1838 3628 1906; x_wconf 74' lang='grc' dir='ltr'>τὴν</span> 
     </span>
    </p>
   </div>
   <div class='ocr_carea' id='block_1_64' title="bbox 2045 1925 3631 1998">
    <p class='ocr_par' dir='ltr' id='par_1_64' title="bbox 2045 1925 3631 1998">
     <span class='ocr_line' id='line_1_64' title="bbox 2045 1925 3631 1998; baseline -0.001 -17"><span class='ocrx_word' id='word_1_463' title='bbox 2045 1925 2316 1982; x_wconf 85' lang='grc' dir='ltr'>ἀπάθειαν</span> <span class='ocrx_word' id='word_1_464' title='bbox 2349 1926 2630 1997; x_wconf 78' lang='grc' dir='ltr'>ὁμολογεῖν</span> <span class='ocrx_word' id='word_1_465' title='bbox 2659 1925 3040 1996; x_wconf 71' lang='grc' dir='ltr'><strong>ἐδιδάχθημεν,</strong></span> <span class='ocrx_word' id='word_1_466' title='bbox 3075 1926 3138 1980; x_wconf 83' lang='grc' dir='ltr'>οὐ</span> <span class='ocrx_word' id='word_1_467' title='bbox 3192 1927 3298 1998; x_wconf 75' lang='grc' dir='ltr'>μὴν</span> <span class='ocrx_word' id='word_1_468' title='bbox 3343 1927 3490 1982; x_wconf 87' lang='grc' dir='ltr'><strong>κατά</strong></span> <span class='ocrx_word' id='word_1_469' title='bbox 3525 1927 3631 1998; x_wconf 79' lang='grc' dir='ltr'>τὴν</span> 
     </span>
    </p>
   </div>
   <div class='ocr_carea' id='block_1_65' title="bbox 2045 2017 3629 2089">
    <p class='ocr_par' dir='ltr' id='par_1_65' title="bbox 2045 2017 3629 2089">
     <span class='ocr_line' id='line_1_65' title="bbox 2045 2017 3629 2089; baseline 0.003 -17"><span class='ocrx_word' id='word_1_470' title='bbox 2045 2017 2218 2088; x_wconf 82' lang='grc' dir='ltr'>αὐτὴν</span> <span class='ocrx_word' id='word_1_471' title='bbox 2244 2017 2433 2088; x_wconf 77' lang='grc' dir='ltr'>φύσινο</span> <span class='ocrx_word' id='word_1_472' title='bbox 2456 2017 2548 2072; x_wconf 72' lang='grc' dir='ltr'><strong>ἐπὶ</strong></span> <span class='ocrx_word' id='word_1_473' title='bbox 2579 2018 2710 2088; x_wconf 77' lang='grc' dir='ltr'>μιᾶς</span> <span class='ocrx_word' id='word_1_474' title='bbox 2731 2017 2840 2087; x_wconf 77' lang='grc' dir='ltr'><strong>γὰρ</strong></span> <span class='ocrx_word' id='word_1_475' title='bbox 2876 2018 3092 2088; x_wconf 77' lang='grc' dir='ltr'>καὶτῆς</span> <span class='ocrx_word' id='word_1_476' title='bbox 3114 2019 3288 2089; x_wconf 81' lang='grc' dir='ltr'>αὐτῆς</span> <span class='ocrx_word' id='word_1_477' title='bbox 3315 2021 3530 2088; x_wconf 75' lang='grc' dir='ltr'>φύσεως</span> <span class='ocrx_word' id='word_1_478' title='bbox 3557 2023 3629 2078; x_wconf 66' lang='grc' dir='ltr'>τὰ</span> 
     </span>
    </p>
   </div>
   <div class='ocr_carea' id='block_1_66' title="bbox 2047 2106 3551 2180">
    <p class='ocr_par' dir='ltr' id='par_1_66' title="bbox 2047 2106 3551 2180">
     <span class='ocr_line' id='line_1_66' title="bbox 2047 2106 3551 2180; baseline 0.003 -18"><span class='ocrx_word' id='word_1_479' title='bbox 2047 2108 2298 2180; x_wconf 80' lang='grc' dir='ltr'>ἀλλήλοις</span> <span class='ocrx_word' id='word_1_480' title='bbox 2323 2107 2540 2162; x_wconf 70' lang='grc' dir='ltr'>ἐναντία</span> <span class='ocrx_word' id='word_1_481' title='bbox 2563 2107 2704 2162; x_wconf 86' lang='grc' dir='ltr'><strong>κατά</strong></span> <span class='ocrx_word' id='word_1_482' title='bbox 2731 2106 2928 2162; x_wconf 77' lang='grc' dir='ltr'>ταυτὸν</span> <span class='ocrx_word' id='word_1_483' title='bbox 2957 2109 3244 2180; x_wconf 85' lang='grc' dir='ltr'>σημαίνειν</span> <span class='ocrx_word' id='word_1_484' title='bbox 3269 2108 3551 2167; x_wconf 86' lang='grc' dir='ltr'>ἀδύνατον.</span> 
     </span>
    </p>
   </div>
   <div class='ocr_carea' id='block_1_67' title="bbox 2127 2197 3618 2270">
    <p class='ocr_par' dir='ltr' id='par_1_67' title="bbox 2127 2197 3618 2270">
     <span class='ocr_line' id='line_1_67' title="bbox 2127 2197 3618 2270; baseline 0.003 -16"><span class='ocrx_word' id='word_1_485' title='bbox 2127 2199 2270 2254; x_wconf 80' lang='grc' dir='ltr'>Ἀλλ’</span> <span class='ocrx_word' id='word_1_486' title='bbox 2301 2201 2348 2254; x_wconf 83' lang='grc' dir='ltr'>οἱ</span> <span class='ocrx_word' id='word_1_487' title='bbox 2393 2200 2490 2268; x_wconf 80' lang='grc' dir='ltr'><strong>τῆς</strong></span> <span class='ocrx_word' id='word_1_488' title='bbox 2529 2197 2790 2269; x_wconf 83' lang='grc' dir='ltr'>ἀληθείας</span> <span class='ocrx_word' id='word_1_489' title='bbox 2831 2199 3016 2270; x_wconf 75' lang='grc' dir='ltr'>ἐχθροὶ</span> <span class='ocrx_word' id='word_1_490' title='bbox 3053 2201 3278 2265; x_wconf 72' lang='grc' dir='ltr'>καὶτοῖς</span> <span class='ocrx_word' id='word_1_491' title='bbox 3307 2203 3416 2256; x_wconf 81' lang='grc' dir='ltr'>τῶν</span> <span class='ocrx_word' id='word_1_492' title='bbox 3450 2203 3618 2258; x_wconf 82' lang='grc' dir='ltr'>Πατέ-</span> 
     </span>
    </p>
   </div>
   <div class='ocr_carea' id='block_1_68' title="bbox 2050 2290 3622 2366">
    <p class='ocr_par' dir='ltr' id='par_1_68' title="bbox 2050 2290 3622 2366">
     <span class='ocr_line' id='line_1_68' title="bbox 2050 2290 3622 2366; baseline 0.004 -23"><span class='ocrx_word' id='word_1_493' title='bbox 2050 2310 2162 2365; x_wconf 80' lang='grc' dir='ltr'><strong>ρων</strong></span> <span class='ocrx_word' id='word_1_494' title='bbox 2185 2290 2584 2362; x_wconf 74' lang='grc' dir='ltr'>ἐναντιούμενοι</span> <span class='ocrx_word' id='word_1_495' title='bbox 2609 2291 2860 2362; x_wconf 87' lang='grc' dir='ltr'>δόγμασι.</span> <span class='ocrx_word' id='word_1_496' title='bbox 2894 2291 3068 2346; x_wconf 88' lang='grc' dir='ltr'>ταῦτα</span> <span class='ocrx_word' id='word_1_497' title='bbox 3103 2291 3178 2362; x_wconf 82' lang='grc' dir='ltr'>μὴ</span> <span class='ocrx_word' id='word_1_498' title='bbox 3217 2293 3622 2366; x_wconf 77' lang='grc' dir='ltr'>διακρίνοντες,</span> 
     </span>
    </p>
   </div>
   <div class='ocr_carea' id='block_1_69' title="bbox 2048 2381 3626 2454">
    <p class='ocr_par' dir='ltr' id='par_1_69' title="bbox 2048 2381 3626 2454">
     <span class='ocr_line' id='line_1_69' title="bbox 2048 2381 3626 2454; baseline 0 -16"><span class='ocrx_word' id='word_1_499' title='bbox 2048 2385 2129 2448; x_wconf 81' lang='grc' dir='ltr'><strong>εἰς</strong></span> <span class='ocrx_word' id='word_1_500' title='bbox 2169 2381 2362 2454; x_wconf 76' lang='grc' dir='ltr'>ἑτέραν</span> <span class='ocrx_word' id='word_1_501' title='bbox 2395 2383 2560 2438; x_wconf 81' lang='grc' dir='ltr'>πάλιν</span> <span class='ocrx_word' id='word_1_502' title='bbox 2625 2381 3060 2451; x_wconf 85' lang='grc' dir='ltr'>μεταπίπτουσιν</span> <span class='ocrx_word' id='word_1_503' title='bbox 3113 2381 3302 2436; x_wconf 80' lang='grc' dir='ltr'>ἄνοιαν</span> <span class='ocrx_word' id='word_1_504' title='bbox 3324 2425 3340 2448; x_wconf 90' lang='grc'><strong>,</strong></span> <span class='ocrx_word' id='word_1_505' title='bbox 3373 2382 3626 2452; x_wconf 80' lang='grc' dir='ltr'>λέγοντες</span> 
     </span>
    </p>
   </div>
   <div class='ocr_carea' id='block_1_70' title="bbox 2049 2471 3621 2546">
    <p class='ocr_par' dir='ltr' id='par_1_70' title="bbox 2049 2471 3621 2546">
     <span class='ocr_line' id='line_1_70' title="bbox 2049 2471 3621 2546; baseline -0.002 -15"><span class='ocrx_word' id='word_1_506' title='bbox 2049 2477 2130 2531; x_wconf 81' lang='grc' dir='ltr'>ὅτι</span> <span class='ocrx_word' id='word_1_507' title='bbox 2159 2476 2210 2530; x_wconf 90' lang='grc' dir='ltr'><strong>οἰ</strong></span> <span class='ocrx_word' id='word_1_508' title='bbox 2237 2475 2370 2528; x_wconf 80' lang='grc' dir='ltr'>Θεὸν</span> <span class='ocrx_word' id='word_1_509' title='bbox 2405 2474 2499 2528; x_wconf 78' lang='grc' dir='ltr'><strong>καὶ</strong></span> <span class='ocrx_word' id='word_1_510' title='bbox 2521 2473 2808 2546; x_wconf 78' lang='grc' dir='ltr'>ἄνθρωπον</span> <span class='ocrx_word' id='word_1_511' title='bbox 2835 2471 3230 2543; x_wconf 82' lang='grc' dir='ltr'>ὁμολογοῦντες</span> <span class='ocrx_word' id='word_1_512' title='bbox 3251 2474 3342 2528; x_wconf 74' lang='grc' dir='ltr'><strong>τὸν</strong></span> <span class='ocrx_word' id='word_1_513' title='bbox 3363 2475 3621 2546; x_wconf 71' lang='grc' dir='ltr'>Χριστὸν,</span> 
     </span>
    </p>
   </div>
   <div class='ocr_carea' id='block_1_71' title="bbox 2049 2559 3625 2638">
    <p class='ocr_par' dir='ltr' id='par_1_71' title="bbox 2049 2559 3625 2638">
     <span class='ocr_line' id='line_1_71' title="bbox 2049 2559 3625 2638; baseline -0.003 -16"><span class='ocrx_word' id='word_1_514' title='bbox 2049 2568 2144 2623; x_wconf 70' lang='grc' dir='ltr'>καὶ</span> <span class='ocrx_word' id='word_1_515' title='bbox 2187 2566 2261 2638; x_wconf 81' lang='grc' dir='ltr'>μὴ</span> <span class='ocrx_word' id='word_1_516' title='bbox 2295 2566 2547 2635; x_wconf 85' lang='grc' dir='ltr'>λέγοντες</span> <span class='ocrx_word' id='word_1_517' title='bbox 2598 2565 2763 2620; x_wconf 72' lang='grc' dir='ltr'>αὑτὸν</span> <span class='ocrx_word' id='word_1_518' title='bbox 2800 2565 2932 2636; x_wconf 83' lang='grc' dir='ltr'>μιᾶς</span> <span class='ocrx_word' id='word_1_519' title='bbox 2971 2559 3112 2617; x_wconf 79' lang='grc' dir='ltr'>εἶναι</span> <span class='ocrx_word' id='word_1_520' title='bbox 3161 2563 3400 2633; x_wconf 81' lang='grc' dir='ltr'>φύσεως,</span> <span class='ocrx_word' id='word_1_521' title='bbox 3432 2565 3625 2636; x_wconf 80' lang='grc' dir='ltr'>ὥσπερ</span> 
     </span>
    </p>
   </div>
   <div class='ocr_carea' id='block_1_72' title="bbox 2049 2653 3632 2730">
    <p class='ocr_par' dir='ltr' id='par_1_72' title="bbox 2049 2653 3632 2730">
     <span class='ocr_line' id='line_1_72' title="bbox 2049 2653 3632 2730; baseline -0.003 -18"><span class='ocrx_word' id='word_1_522' title='bbox 2049 2659 2140 2712; x_wconf 74' lang='grc' dir='ltr'><strong>τον</strong></span> <span class='ocrx_word' id='word_1_523' title='bbox 2196 2657 2505 2730; x_wconf 74' lang='grc' dir='ltr'>ἄνθρωπον,</span> <span class='ocrx_word' id='word_1_524' title='bbox 2539 2658 2600 2711; x_wconf 71' lang='grc' dir='ltr'>οὔ</span> <span class='ocrx_word' id='word_1_525' title='bbox 2636 2656 2740 2711; x_wconf 82' lang='grc' dir='ltr'>,δύο</span> <span class='ocrx_word' id='word_1_526' title='bbox 2795 2655 2956 2726; x_wconf 80' lang='grc' dir='ltr'>μόνον</span> <span class='ocrx_word' id='word_1_527' title='bbox 3023 2656 3118 2710; x_wconf 67' lang='grc' dir='ltr'><strong>ἐπὶ</strong></span> <span class='ocrx_word' id='word_1_528' title='bbox 3155 2653 3398 2724; x_wconf 77' lang='grc' dir='ltr'>Χριστοῦ</span> <span class='ocrx_word' id='word_1_529' title='bbox 3443 2655 3632 2724; x_wconf 86' lang='grc' dir='ltr'>λέγειν</span> 
     </span>
    </p>
   </div>
   <div class='ocr_carea' id='block_1_73' title="bbox 2051 2744 3622 2820">
    <p class='ocr_par' dir='ltr' id='par_1_73' title="bbox 2051 2744 3622 2820">
     <span class='ocr_line' id='line_1_73' title="bbox 2051 2744 3622 2820; baseline -0.003 -16"><span class='ocrx_word' id='word_1_530' title='bbox 2051 2748 2282 2820; x_wconf 80' lang='grc' dir='ltr'>ὤφειλον</span> <span class='ocrx_word' id='word_1_531' title='bbox 2305 2749 2520 2817; x_wconf 77' lang='grc' dir='ltr'>φύσεις,</span> <span class='ocrx_word' id='word_1_532' title='bbox 2555 2747 2690 2802; x_wconf 84' lang='grc' dir='ltr'>ἀλλὰ</span> <span class='ocrx_word' id='word_1_533' title='bbox 2711 2751 2863 2819; x_wconf 85' lang='grc' dir='ltr'>τρεῖς</span> <span class='ocrx_word' id='word_1_534' title='bbox 2881 2761 2896 2776; x_wconf 78' lang='grc'>⁸</span> <span class='ocrx_word' id='word_1_535' title='bbox 2927 2746 3090 2817; x_wconf 76' lang='grc' dir='ltr'>ἑτέρα</span> <span class='ocrx_word' id='word_1_536' title='bbox 3114 2747 3222 2818; x_wconf 77' lang='grc' dir='ltr'><strong>γάρ</strong></span> <span class='ocrx_word' id='word_1_537' title='bbox 3245 2747 3278 2816; x_wconf 72' lang='grc' dir='ltr'><strong>ἠ</strong></span> <span class='ocrx_word' id='word_1_538' title='bbox 3305 2744 3400 2799; x_wconf 88' lang='grc' dir='ltr'><strong>τοῦ</strong></span> <span class='ocrx_word' id='word_1_539' title='bbox 3427 2745 3622 2812; x_wconf 75' lang='grc' dir='ltr'>Λόγον,</span> 
     </span>
    </p>
   </div>
   <div class='ocr_carea' id='block_1_74' title="bbox 2052 2835 3622 2910">
    <p class='ocr_par' dir='ltr' id='par_1_74' title="bbox 2052 2835 3622 2910">
     <span class='ocr_line' id='line_1_74' title="bbox 2052 2835 3622 2910; baseline -0.004 -15"><span class='ocrx_word' id='word_1_540' title='bbox 2052 2842 2147 2896; x_wconf 68' lang='grc' dir='ltr'>καὶ</span> <span class='ocrx_word' id='word_1_541' title='bbox 2199 2839 2362 2910; x_wconf 81' lang='grc' dir='ltr'>ἑτέρα</span> <span class='ocrx_word' id='word_1_542' title='bbox 2404 2842 2437 2910; x_wconf 82' lang='grc' dir='ltr'><strong>ἡ</strong></span> <span class='ocrx_word' id='word_1_543' title='bbox 2471 2839 2569 2910; x_wconf 84' lang='grc' dir='ltr'><strong>τῆς</strong></span> <span class='ocrx_word' id='word_1_544' title='bbox 2626 2838 2826 2909; x_wconf 80' lang='grc' dir='ltr'>ψυχῆς,</span> <span class='ocrx_word' id='word_1_545' title='bbox 2858 2839 2954 2892; x_wconf 73' lang='grc' dir='ltr'>καὶ</span> <span class='ocrx_word' id='word_1_546' title='bbox 2990 2837 3123 2906; x_wconf 81' lang='grc' dir='ltr'>άλλη</span> <span class='ocrx_word' id='word_1_547' title='bbox 3163 2835 3253 2890; x_wconf 86' lang='grc' dir='ltr'><strong>τοῦ</strong></span> <span class='ocrx_word' id='word_1_548' title='bbox 3303 2835 3555 2905; x_wconf 81' lang='grc' dir='ltr'>σώματος</span> <span class='ocrx_word' id='word_1_549' title='bbox 3587 2838 3622 2908; x_wconf 76' lang='grc' dir='ltr'><strong>η</strong></span> 
     </span>
    </p>
   </div>
   <div class='ocr_carea' id='block_1_75' title="bbox 2052 2923 3617 3002">
    <p class='ocr_par' dir='ltr' id='par_1_75' title="bbox 2052 2923 3617 3002">
     <span class='ocr_line' id='line_1_75' title="bbox 2052 2923 3617 3002; baseline -0.008 -16"><span class='ocrx_word' id='word_1_550' title='bbox 2052 2931 2234 3002; x_wconf 81' lang='grc' dir='ltr'>φύσις.</span> <span class='ocrx_word' id='word_1_551' title='bbox 2265 2929 2450 2984; x_wconf 85' lang='grc' dir='ltr'>Ταῦτα</span> <span class='ocrx_word' id='word_1_552' title='bbox 2473 2928 2530 2982; x_wconf 80' lang='grc' dir='ltr'>δὲ</span> <span class='ocrx_word' id='word_1_553' title='bbox 2554 2928 2807 2996; x_wconf 85' lang='grc' dir='ltr'>λέγοντες</span> <span class='ocrx_word' id='word_1_554' title='bbox 2831 2927 2883 2986; x_wconf 74' lang='grc' dir='ltr'>οἱ</span> <span class='ocrx_word' id='word_1_555' title='bbox 2907 2926 3080 2980; x_wconf 77' lang='grc' dir='ltr'>καινοὶ</span> <span class='ocrx_word' id='word_1_556' title='bbox 3111 2923 3216 2978; x_wconf 85' lang='grc' dir='ltr'><strong>τῶν</strong></span> <span class='ocrx_word' id='word_1_557' title='bbox 3237 2923 3426 2977; x_wconf 81' lang='grc' dir='ltr'>κακῶν</span> <span class='ocrx_word' id='word_1_558' title='bbox 3453 2925 3617 2992; x_wconf 78' lang='grc' dir='ltr'>ἐφευ-</span> 
     </span>
    </p>
   </div>
   <div class='ocr_carea' id='block_1_76' title="bbox 2055 3014 3617 3096">
    <p class='ocr_par' dir='ltr' id='par_1_76' title="bbox 2055 3014 3617 3096">
     <span class='ocr_line' id='line_1_76' title="bbox 2055 3014 3617 3096; baseline -0.006 -19"><span class='ocrx_word' id='word_1_559' title='bbox 2055 3023 2224 3096; x_wconf 70' lang='grc' dir='ltr'>ρεταὶ,</span> <span class='ocrx_word' id='word_1_560' title='bbox 2244 3022 2555 3076; x_wconf 86' lang='grc' dir='ltr'>εἰπάτωσαν</span> <span class='ocrx_word' id='word_1_561' title='bbox 2579 3021 2730 3073; x_wconf 77' lang='grc' dir='ltr'>αὐτοὶ</span> <span class='ocrx_word' id='word_1_562' title='bbox 2755 3014 3233 3088; x_wconf 77' lang='grc' dir='ltr'>συνομολογοῦντες</span> <span class='ocrx_word' id='word_1_563' title='bbox 3253 3017 3408 3085; x_wconf 74' lang='grc' dir='ltr'>ἡμῖν,</span> <span class='ocrx_word' id='word_1_564' title='bbox 3435 3015 3500 3066; x_wconf 71' lang='grc' dir='ltr'>ἐκ</span> <span class='ocrx_word' id='word_1_565' title='bbox 3520 3014 3617 3068; x_wconf 85' lang='grc' dir='ltr'><strong>δύο</strong></span> 
     </span>
    </p>
   </div>
   <div class='ocr_carea' id='block_1_77' title="bbox 2051 3099 3624 3186">
    <p class='ocr_par' dir='ltr' id='par_1_77' title="bbox 2051 3099 3624 3186">
     <span class='ocr_line' id='line_1_77' title="bbox 2051 3099 3624 3186; baseline -0.006 -16"><span class='ocrx_word' id='word_1_566' title='bbox 2051 3115 2266 3186; x_wconf 85' lang='grc' dir='ltr'>φύσεων</span> <span class='ocrx_word' id='word_1_567' title='bbox 2294 3109 2434 3168; x_wconf 80' lang='grc' dir='ltr'>εἶναι</span> <span class='ocrx_word' id='word_1_568' title='bbox 2475 3113 2566 3166; x_wconf 69' lang='grc' dir='ltr'>τὸν</span> <span class='ocrx_word' id='word_1_569' title='bbox 2594 3109 2852 3182; x_wconf 72' lang='grc' dir='ltr'>Χριστὸν,</span> <span class='ocrx_word' id='word_1_570' title='bbox 2884 3107 2996 3172; x_wconf 79' lang='grc' dir='ltr'>πῶς</span> <span class='ocrx_word' id='word_1_571' title='bbox 3017 3106 3174 3160; x_wconf 82' lang='grc' dir='ltr'>τοῦτο</span> <span class='ocrx_word' id='word_1_572' title='bbox 3187 3105 3432 3170; x_wconf 78' lang='grc' dir='ltr'>νοοῦσινς</span> <span class='ocrx_word' id='word_1_573' title='bbox 3464 3099 3539 3158; x_wconf 73' lang='lat' dir='ltr'><strong>&#39;A</strong></span> <span class='ocrx_word' id='word_1_574' title='bbox 3551 3120 3624 3175; x_wconf 82' lang='grc' dir='ltr'>ρσ.</span> 
     </span>
    </p>
   </div>
   <div class='ocr_carea' id='block_1_78' title="bbox 2050 3197 3626 3276">
    <p class='ocr_par' dir='ltr' id='par_1_78' title="bbox 2050 3197 3626 3276">
     <span class='ocr_line' id='line_1_78' title="bbox 2050 3197 3626 3276; baseline -0.008 -15"><span class='ocrx_word' id='word_1_575' title='bbox 2050 3207 2126 3271; x_wconf 80' lang='grc' dir='ltr'>ὡς</span> <span class='ocrx_word' id='word_1_576' title='bbox 2161 3206 2335 3276; x_wconf 78' lang='grc' dir='ltr'>ψυχὴν</span> <span class='ocrx_word' id='word_1_577' title='bbox 2356 3205 2516 3268; x_wconf 65' lang='lat' dir='ltr'><strong>turb;</strong></span> <span class='ocrx_word' id='word_1_578' title='bbox 2546 3202 2796 3274; x_wconf 79' lang='grc' dir='ltr'>σώματος</span> <span class='ocrx_word' id='word_1_579' title='bbox 2828 3199 3180 3271; x_wconf 77' lang='grc' dir='ltr'>ἀνειληφότα,</span> <span class='ocrx_word' id='word_1_580' title='bbox 3209 3198 3246 3270; x_wconf 78' lang='grc' dir='ltr'>ἥ</span> <span class='ocrx_word' id='word_1_581' title='bbox 3269 3197 3432 3268; x_wconf 81' lang='grc' dir='ltr'>σῶμα</span> <span class='ocrx_word' id='word_1_582' title='bbox 3451 3197 3626 3268; x_wconf 58' lang='grc' dir='ltr'>χωρίς</span> 
     </span>
    </p>
   </div>
   <div class='ocr_carea' id='block_1_79' title="bbox 2049 3287 3625 3368">
    <p class='ocr_par' dir='ltr' id='par_1_79' title="bbox 2049 3287 3625 3368">
     <span class='ocr_line' id='line_1_79' title="bbox 2049 3287 3625 3368; baseline -0.004 -20"><span class='ocrx_word' id='word_1_583' title='bbox 2049 3298 2262 3368; x_wconf 76' lang='grc' dir='ltr'>ψυχῆςς</span> <span class='ocrx_word' id='word_1_584' title='bbox 2305 3297 2398 3350; x_wconf 86' lang='grc' dir='ltr'>Ἓν</span> <span class='ocrx_word' id='word_1_585' title='bbox 2431 3295 2540 3366; x_wconf 82' lang='grc' dir='ltr'><strong>γὰρ</strong></span> <span class='ocrx_word' id='word_1_586' title='bbox 2585 3293 2696 3348; x_wconf 83' lang='grc' dir='ltr'><strong>τῶν</strong></span> <span class='ocrx_word' id='word_1_587' title='bbox 2738 3293 2956 3348; x_wconf 82' lang='grc' dir='ltr'>ἀτόπων</span> <span class='ocrx_word' id='word_1_588' title='bbox 3001 3293 3218 3352; x_wconf 89' lang='grc' dir='ltr'>πάντως</span> <span class='ocrx_word' id='word_1_589' title='bbox 3273 3287 3625 3359; x_wconf 79' lang='grc' dir='ltr'>παρέξουσιν.</span> 
     </span>
    </p>
   </div>
   <div class='ocr_carea' id='block_1_80' title="bbox 2051 3378 3627 3466">
    <p class='ocr_par' dir='ltr' id='par_1_80' title="bbox 2051 3378 3627 3466">
     <span class='ocr_line' id='line_1_80' title="bbox 2051 3378 3627 3466; baseline -0.008 -22"><span class='ocrx_word' id='word_1_590' title='bbox 2051 3391 2114 3444; x_wconf 87' lang='grc' dir='ltr'>Εἰ</span> <span class='ocrx_word' id='word_1_591' title='bbox 2143 3389 2199 3444; x_wconf 82' lang='grc' dir='ltr'>δὲ</span> <span class='ocrx_word' id='word_1_592' title='bbox 2234 3387 2442 3460; x_wconf 81' lang='grc' dir='ltr'>ταύτην</span> <span class='ocrx_word' id='word_1_593' title='bbox 2477 3387 2578 3466; x_wconf 69' lang='grc' dir='ltr'>τῂν</span> <span class='ocrx_word' id='word_1_594' title='bbox 2629 3387 2867 3440; x_wconf 86' lang='grc' dir='ltr'>ἀτοπίαν</span> <span class='ocrx_word' id='word_1_595' title='bbox 2899 3383 3269 3446; x_wconf 82' lang='grc' dir='ltr'>ἐκκλίνοντες,</span> <span class='ocrx_word' id='word_1_596' title='bbox 3314 3381 3409 3434; x_wconf 75' lang='grc' dir='ltr'>καὶ</span> <span class='ocrx_word' id='word_1_597' title='bbox 3447 3378 3627 3450; x_wconf 78' lang='grc' dir='ltr'>ψυχὴν</span> 
     </span>
    </p>
   </div>
   <div class='ocr_carea' id='block_1_81' title="bbox 2050 3473 3628 3552">
    <p class='ocr_par' dir='ltr' id='par_1_81' title="bbox 2050 3473 3628 3552">
     <span class='ocr_line' id='line_1_81' title="bbox 2050 3473 3628 3552; baseline -0.008 -16"><span class='ocrx_word' id='word_1_598' title='bbox 2050 3479 2336 3552; x_wconf 76' lang='grc' dir='ltr'>καὶσῶμα</span> <span class='ocrx_word' id='word_1_599' title='bbox 2382 3480 2632 3549; x_wconf 83' lang='grc' dir='ltr'>λέγουσιν</span> <span class='ocrx_word' id='word_1_600' title='bbox 2685 3477 3041 3548; x_wconf 74' lang='grc' dir='ltr'>ἀνειληφέναι</span> <span class='ocrx_word' id='word_1_601' title='bbox 3069 3476 3160 3530; x_wconf 76' lang='grc' dir='ltr'><strong>τὸν</strong></span> <span class='ocrx_word' id='word_1_602' title='bbox 3209 3473 3438 3551; x_wconf 77' lang='grc' dir='ltr'>Κύριον,</span> <span class='ocrx_word' id='word_1_603' title='bbox 3472 3473 3628 3526; x_wconf 77' lang='grc' dir='ltr'>αὑτοὶ</span> 
     </span>
    </p>
   </div>
   <div class='ocr_carea' id='block_1_82' title="bbox 2049 3567 3626 3642">
    <p class='ocr_par' dir='ltr' id='par_1_82' title="bbox 2049 3567 3626 3642">
     <span class='ocr_line' id='line_1_82' title="bbox 2049 3567 3626 3642; baseline -0.007 -14"><span class='ocrx_word' id='word_1_604' title='bbox 2049 3575 2170 3638; x_wconf 86' lang='grc' dir='ltr'>ταῖς</span> <span class='ocrx_word' id='word_1_605' title='bbox 2197 3570 2430 3638; x_wconf 81' lang='grc' dir='ltr'>οἰκείαις</span> <span class='ocrx_word' id='word_1_606' title='bbox 2464 3571 2689 3642; x_wconf 80' lang='grc' dir='ltr'>παγίσιν</span> <span class='ocrx_word' id='word_1_607' title='bbox 2725 3568 3130 3641; x_wconf 74' lang='grc' dir='ltr'>ἐμπλεκόμενοι</span> <span class='ocrx_word' id='word_1_608' title='bbox 3153 3605 3168 3629; x_wconf 87' lang='grc'><strong>,</strong></span> <span class='ocrx_word' id='word_1_609' title='bbox 3193 3567 3530 3636; x_wconf 79' lang='grc' dir='ltr'>φανήσονται</span> <span class='ocrx_word' id='word_1_610' title='bbox 3563 3567 3626 3618; x_wconf 67' lang='grc' dir='ltr'>ἐκ</span> 
     </span>
    </p>
   </div>
   <div class='ocr_carea' id='block_1_83' title="bbox 2048 3655 3623 3742">
    <p class='ocr_par' dir='ltr' id='par_1_83' title="bbox 2048 3655 3623 3742">
     <span class='ocr_line' id='line_1_83' title="bbox 2048 3655 3623 3742; baseline -0.007 -21"><span class='ocrx_word' id='word_1_611' title='bbox 2048 3666 2218 3742; x_wconf 83' lang='grc' dir='ltr'>τριῶν</span> <span class='ocrx_word' id='word_1_612' title='bbox 2270 3664 2487 3733; x_wconf 83' lang='grc' dir='ltr'>φύσεων</span> <span class='ocrx_word' id='word_1_613' title='bbox 2533 3663 2712 3732; x_wconf 82' lang='grc' dir='ltr'>λέγειν</span> <span class='ocrx_word' id='word_1_614' title='bbox 2751 3662 2845 3716; x_wconf 82' lang='grc' dir='ltr'>τὸν</span> <span class='ocrx_word' id='word_1_615' title='bbox 2889 3659 3128 3733; x_wconf 78' lang='grc' dir='ltr'>Χριστὸν</span> <span class='ocrx_word' id='word_1_616' title='bbox 3167 3655 3623 3726; x_wconf 69' lang='grc' dir='ltr'>ἀναγκαζόμενοι.</span> 
     </span>
    </p>
   </div>
   <div class='ocr_carea' id='block_1_84' title="bbox 2063 3749 3625 3828">
    <p class='ocr_par' dir='ltr' id='par_1_84' title="bbox 2063 3749 3625 3828">
     <span class='ocr_line' id='line_1_84' title="bbox 2063 3749 3625 3828; baseline -0.008 -16"><span class='ocrx_word' id='word_1_617' title='bbox 2063 3757 2341 3828; x_wconf 80' lang='grc' dir='ltr'>Ἀγνοοῦσι</span> <span class='ocrx_word' id='word_1_618' title='bbox 2363 3755 2420 3810; x_wconf 75' lang='grc' dir='ltr'>δὲ</span> <span class='ocrx_word' id='word_1_619' title='bbox 2449 3757 2528 3810; x_wconf 80' lang='grc' dir='ltr'>ὅτι</span> <span class='ocrx_word' id='word_1_620' title='bbox 2561 3755 2622 3809; x_wconf 87' lang='grc' dir='ltr'><strong>τδ</strong></span> <span class='ocrx_word' id='word_1_621' title='bbox 2650 3753 2962 3823; x_wconf 83' lang='grc' dir='ltr'>ἅνθρωπος</span> <span class='ocrx_word' id='word_1_622' title='bbox 2995 3751 3169 3822; x_wconf 82' lang='grc' dir='ltr'>δνομα</span> <span class='ocrx_word' id='word_1_623' title='bbox 3207 3751 3338 3805; x_wconf 86' lang='grc' dir='ltr'>άνευ</span> <span class='ocrx_word' id='word_1_624' title='bbox 3383 3749 3484 3818; x_wconf 80' lang='grc' dir='ltr'>μὲν</span> <span class='ocrx_word' id='word_1_625' title='bbox 3518 3749 3625 3801; x_wconf 79' lang='grc' dir='ltr'>τῶν</span> 
     </span>
    </p>
   </div>
   <div class='ocr_carea' id='block_1_85' title="bbox 2053 3839 3624 3920">
    <p class='ocr_par' dir='ltr' id='par_1_85' title="bbox 2053 3839 3624 3920">
     <span class='ocr_line' id='line_1_85' title="bbox 2053 3839 3624 3920; baseline -0.009 -15"><span class='ocrx_word' id='word_1_626' title='bbox 2053 3849 2366 3920; x_wconf 85' lang='grc' dir='ltr'>ἰδιωμάτων</span> <span class='ocrx_word' id='word_1_627' title='bbox 2391 3847 2702 3918; x_wconf 87' lang='grc' dir='ltr'>λεγόμενον,</span> <span class='ocrx_word' id='word_1_628' title='bbox 2726 3845 2820 3900; x_wconf 72' lang='grc' dir='ltr'><strong>ἐπὶ</strong></span> <span class='ocrx_word' id='word_1_629' title='bbox 2841 3845 3020 3902; x_wconf 84' lang='grc' dir='ltr'>κοινοῦ</span> <span class='ocrx_word' id='word_1_630' title='bbox 3049 3841 3453 3915; x_wconf 81' lang='grc' dir='ltr'>σημαινομένου</span> <span class='ocrx_word' id='word_1_631' title='bbox 3485 3839 3624 3908; x_wconf 85' lang='grc' dir='ltr'>λαμ-</span> 
     </span>
    </p>
   </div>
   <div class='ocr_carea' id='block_1_86' title="bbox 2051 3930 3623 4009">
    <p class='ocr_par' dir='ltr' id='par_1_86' title="bbox 2051 3930 3623 4009">
     <span class='ocr_line' id='line_1_86' title="bbox 2051 3930 3623 4009; baseline -0.009 -13"><span class='ocrx_word' id='word_1_632' title='bbox 2051 3943 2298 4003; x_wconf 78' lang='grc' dir='ltr'>ϐάνεται,</span> <span class='ocrx_word' id='word_1_633' title='bbox 2327 3941 2423 3994; x_wconf 84' lang='grc' dir='ltr'>καὶ</span> <span class='ocrx_word' id='word_1_634' title='bbox 2453 3938 2638 4002; x_wconf 77' lang='grc' dir='ltr'>οὐσίας</span> <span class='ocrx_word' id='word_1_635' title='bbox 2673 3939 2796 4009; x_wconf 79' lang='grc' dir='ltr'>ἦτοι</span> <span class='ocrx_word' id='word_1_636' title='bbox 2831 3935 3044 4005; x_wconf 82' lang='grc' dir='ltr'>φύσεώς</span> <span class='ocrx_word' id='word_1_637' title='bbox 3095 3935 3214 3988; x_wconf 74' lang='grc' dir='ltr'>ἐστι</span> <span class='ocrx_word' id='word_1_638' title='bbox 3265 3930 3623 4003; x_wconf 79' lang='grc' dir='ltr'>σημαντικὸν,</span> 
     </span>
    </p>
   </div>
   <div class='ocr_carea' id='block_1_87' title="bbox 2051 4019 3624 4094">
    <p class='ocr_par' dir='ltr' id='par_1_87' title="bbox 2051 4019 3624 4094">
     <span class='ocr_line' id='line_1_87' title="bbox 2051 4019 3624 4094; baseline -0.011 -4"><span class='ocrx_word' id='word_1_639' title='bbox 2051 4035 2147 4090; x_wconf 72' lang='grc' dir='ltr'>καὶ</span> <span class='ocrx_word' id='word_1_640' title='bbox 2179 4032 2324 4090; x_wconf 82' lang='grc' dir='ltr'>κατὰ</span> <span class='ocrx_word' id='word_1_641' title='bbox 2368 4031 2580 4086; x_wconf 83' lang='grc' dir='ltr'>πολλῶν</span> <span class='ocrx_word' id='word_1_642' title='bbox 2634 4029 2987 4084; x_wconf 59' lang='lat' dir='ltr'><strong>uitandam»</strong></span> <span class='ocrx_word' id='word_1_643' title='bbox 3016 4025 3239 4094; x_wconf 86' lang='grc' dir='ltr'>λέγεται</span> <span class='ocrx_word' id='word_1_644' title='bbox 3261 4039 3276 4054; x_wconf 78' lang='grc' dir='ltr'><strong><em>ο</em></strong></span> <span class='ocrx_word' id='word_1_645' title='bbox 3309 4020 3530 4075; x_wconf 69' lang='grc' dir='ltr'>ἐπειδὰν</span> <span class='ocrx_word' id='word_1_646' title='bbox 3566 4019 3624 4074; x_wconf 64' lang='grc' dir='ltr'>δὲ</span> 
     </span>
    </p>
   </div>
   <div class='ocr_carea' id='block_1_88' title="bbox 2051 4112 3625 4196">
    <p class='ocr_par' dir='ltr' id='par_1_88' title="bbox 2051 4112 3625 4196">
     <span class='ocr_line' id='line_1_88' title="bbox 2051 4112 3625 4196; baseline -0.009 -18"><span class='ocrx_word' id='word_1_647' title='bbox 2051 4127 2128 4196; x_wconf 82' lang='grc' dir='ltr'>τῷ</span> <span class='ocrx_word' id='word_1_648' title='bbox 2153 4125 2316 4191; x_wconf 84' lang='grc' dir='ltr'>κοινῷ</span> <span class='ocrx_word' id='word_1_649' title='bbox 2345 4124 2414 4178; x_wconf 85' lang='grc' dir='ltr'>τὰ</span> <span class='ocrx_word' id='word_1_650' title='bbox 2445 4121 2713 4192; x_wconf 83' lang='grc' dir='ltr'>ἰδιώματα</span> <span class='ocrx_word' id='word_1_651' title='bbox 2745 4119 3042 4190; x_wconf 79' lang='grc' dir='ltr'>προστεθῇ,</span> <span class='ocrx_word' id='word_1_652' title='bbox 3071 4115 3382 4188; x_wconf 87' lang='grc' dir='ltr'>τηνικαῦτα</span> <span class='ocrx_word' id='word_1_653' title='bbox 3427 4115 3461 4182; x_wconf 75' lang='grc' dir='ltr'><strong>ἡ</strong></span> <span class='ocrx_word' id='word_1_654' title='bbox 3493 4112 3625 4166; x_wconf 71' lang='grc' dir='ltr'>ὑπό-</span> 
     </span>
    </p>
   </div>
   <div class='ocr_carea' id='block_1_89' title="bbox 2052 4200 3627 4284">
    <p class='ocr_par' dir='ltr' id='par_1_89' title="bbox 2052 4200 3627 4284">
     <span class='ocr_line' id='line_1_89' title="bbox 2052 4200 3627 4284; baseline -0.011 -13"><span class='ocrx_word' id='word_1_655' title='bbox 2052 4233 2242 4281; x_wconf 84' lang='grc' dir='ltr'>στασις</span> <span class='ocrx_word' id='word_1_656' title='bbox 2271 4214 2629 4284; x_wconf 81' lang='grc' dir='ltr'>ἀναφαίνεται</span> <span class='ocrx_word' id='word_1_657' title='bbox 2651 4226 2667 4244; x_wconf 76' lang='grc' dir='ltr'><strong>ο</strong></span> <span class='ocrx_word' id='word_1_658' title='bbox 2697 4212 2778 4266; x_wconf 83' lang='grc' dir='ltr'><strong>δτι</strong></span> <span class='ocrx_word' id='word_1_659' title='bbox 2805 4210 2902 4266; x_wconf 71' lang='grc' dir='ltr'>καὶ</span> <span class='ocrx_word' id='word_1_660' title='bbox 2931 4207 3166 4281; x_wconf 84' lang='grc' dir='ltr'>διαφορά</span> <span class='ocrx_word' id='word_1_661' title='bbox 3195 4207 3377 4276; x_wconf 77' lang='grc' dir='ltr'>ψυχῆς</span> <span class='ocrx_word' id='word_1_662' title='bbox 3403 4203 3499 4258; x_wconf 75' lang='grc' dir='ltr'>καὶ</span> <span class='ocrx_word' id='word_1_663' title='bbox 3517 4200 3627 4255; x_wconf 82' lang='grc' dir='ltr'>σώ-</span> 
     </span>
    </p>
   </div>
   <div class='ocr_carea' id='block_1_90' title="bbox 364 4292 1947 4380">
    <p class='ocr_par' dir='ltr' id='par_1_90' title="bbox 364 4299 1941 4372">
     <span class='ocr_line' id='line_1_90' title="bbox 364 4299 1941 4372; baseline 0.002 -18"><span class='ocrx_word' id='word_1_664' title='bbox 364 4316 468 4354; x_wconf 88' lang='lat' dir='ltr'><strong>nos</strong></span> <span class='ocrx_word' id='word_1_665' title='bbox 503 4299 690 4356; x_wconf 84' lang='lat' dir='ltr'><strong>dicere</strong></span> <span class='ocrx_word' id='word_1_666' title='bbox 732 4299 910 4356; x_wconf 87' lang='lat' dir='ltr'><strong>docet.</strong></span> <span class='ocrx_word' id='word_1_667' title='bbox 943 4300 1113 4354; x_wconf 81' lang='lat' dir='ltr'><strong>Divus</strong></span> <span class='ocrx_word' id='word_1_668' title='bbox 1146 4299 1350 4355; x_wconf 82' lang='lat' dir='ltr'><strong>Paulus</strong></span> <span class='ocrx_word' id='word_1_669' title='bbox 1389 4299 1457 4355; x_wconf 88' lang='lat' dir='ltr'><strong>de</strong></span> <span class='ocrx_word' id='word_1_670' title='bbox 1487 4300 1598 4358; x_wconf 82' lang='lat' dir='ltr'><strong>illis</strong></span> <span class='ocrx_word' id='word_1_671' title='bbox 1624 4301 1941 4372; x_wconf 74' lang='lat' dir='ltr'><strong>singulatim</strong></span> 
     </span>
    </p>
   </div>
   <div class='ocr_carea' id='block_1_91' title="bbox 2050 4292 3626 4380">
    <p class='ocr_par' dir='ltr' id='par_1_91' title="bbox 2051 4292 3626 4380">
     <span class='ocr_line' id='line_1_91' title="bbox 2051 4292 3626 4380; baseline -0.013 -15"><span class='ocrx_word' id='word_1_672' title='bbox 2051 4325 2220 4380; x_wconf 85' lang='grc' dir='ltr'>ματος</span> <span class='ocrx_word' id='word_1_673' title='bbox 2241 4305 2567 4378; x_wconf 77' lang='grc' dir='ltr'>γνωρίζεται</span> <span class='ocrx_word' id='word_1_674' title='bbox 2593 4319 2608 4334; x_wconf 88' lang='grc'><strong>·</strong></span> <span class='ocrx_word' id='word_1_675' title='bbox 2640 4303 2929 4375; x_wconf 79' lang='grc' dir='ltr'>ἀμφότερα</span> <span class='ocrx_word' id='word_1_676' title='bbox 2955 4301 3065 4372; x_wconf 77' lang='grc' dir='ltr'><strong>γὰρ</strong></span> <span class='ocrx_word' id='word_1_677' title='bbox 3093 4300 3242 4370; x_wconf 77' lang='grc' dir='ltr'>ἡμᾶς</span> <span class='ocrx_word' id='word_1_678' title='bbox 3267 4297 3450 4364; x_wconf 86' lang='grc' dir='ltr'>λέγειν</span> <span class='ocrx_word' id='word_1_679' title='bbox 3478 4293 3570 4348; x_wconf 78' lang='grc' dir='ltr'>καὶ</span> <span class='ocrx_word' id='word_1_680' title='bbox 3590 4292 3626 4364; x_wconf 75' lang='grc' dir='ltr'><strong>ἡ</strong></span> 
     </span>
    </p>
   </div>
   <div class='ocr_carea' id='block_1_92' title="bbox 363 4389 1940 4464">
    <p class='ocr_par' dir='ltr' id='par_1_92' title="bbox 363 4389 1940 4464">
     <span class='ocr_line' id='line_1_92' title="bbox 363 4389 1940 4464; baseline 0.003 -18"><span class='ocrx_word' id='word_1_681' title='bbox 363 4389 618 4460; x_wconf 86' lang='lat' dir='ltr'><strong>loquens,</strong></span> <span class='ocrx_word' id='word_1_682' title='bbox 665 4393 903 4447; x_wconf 86' lang='lat' dir='ltr'><strong>animam</strong></span> <span class='ocrx_word' id='word_1_683' title='bbox 941 4406 1250 4462; x_wconf 89' lang='lat' dir='ltr'><strong>corpusque</strong></span> <span class='ocrx_word' id='word_1_684' title='bbox 1281 4390 1592 4464; x_wconf 83' lang='lat' dir='ltr'><strong>signiﬁcare</strong></span> <span class='ocrx_word' id='word_1_685' title='bbox 1623 4395 1836 4459; x_wconf 82' lang='lat' dir='ltr'><strong>volens,</strong></span> <span class='ocrx_word' id='word_1_686' title='bbox 1869 4393 1940 4450; x_wconf 90' lang='lat' dir='ltr'><strong>de</strong></span> 
     </span>
    </p>
   </div>
   <div class='ocr_carea' id='block_1_93' title="bbox 364 4480 1944 4555">
    <p class='ocr_par' dir='ltr' id='par_1_93' title="bbox 364 4480 1944 4555">
     <span class='ocr_line' id='line_1_93' title="bbox 364 4480 1944 4555; baseline 0.003 -19"><span class='ocrx_word' id='word_1_687' title='bbox 364 4480 590 4538; x_wconf 89' lang='lat' dir='ltr'><strong>homine</strong></span> <span class='ocrx_word' id='word_1_688' title='bbox 616 4483 880 4538; x_wconf 86' lang='lat' dir='ltr'><strong>interiore</strong></span> <span class='ocrx_word' id='word_1_689' title='bbox 912 4498 976 4539; x_wconf 90' lang='lat' dir='ltr'><strong>ac</strong></span> <span class='ocrx_word' id='word_1_690' title='bbox 1003 4483 1072 4538; x_wconf 90' lang='lat' dir='ltr'><strong>de</strong></span> <span class='ocrx_word' id='word_1_691' title='bbox 1094 4484 1366 4540; x_wconf 77' lang='lat' dir='ltr'><strong>exteriore</strong></span> <span class='ocrx_word' id='word_1_692' title='bbox 1399 4484 1670 4555; x_wconf 88' lang='lat' dir='ltr'><strong>loquitur.</strong></span> <span class='ocrx_word' id='word_1_693' title='bbox 1701 4485 1944 4542; x_wconf 82' lang='lat' dir='ltr'><strong>Jacobus</strong></span> 
     </span>
    </p>
   </div>
   <div class='ocr_carea' id='block_1_94' title="bbox 364 4576 1943 4634">
    <p class='ocr_par' dir='ltr' id='par_1_94' title="bbox 364 4576 1943 4634">
     <span class='ocr_line' id='line_1_94' title="bbox 364 4576 1943 4634; baseline 0.004 -6"><span class='ocrx_word' id='word_1_694' title='bbox 364 4590 500 4630; x_wconf 82' lang='lat' dir='ltr'><strong>vero</strong></span> <span class='ocrx_word' id='word_1_695' title='bbox 545 4591 890 4631; x_wconf 82' lang='lat' dir='ltr'><strong>communem</strong></span> <span class='ocrx_word' id='word_1_696' title='bbox 919 4577 1284 4632; x_wconf 88' lang='lat' dir='ltr'><strong>substantiam</strong></span> <span class='ocrx_word' id='word_1_697' title='bbox 1328 4576 1686 4634; x_wconf 87' lang='lat' dir='ltr'><strong>humanitatis</strong></span> <span class='ocrx_word' id='word_1_698' title='bbox 1714 4580 1943 4634; x_wconf 81' lang='lat' dir='ltr'><strong>demon-</strong></span> 
     </span>
    </p>
   </div>
   <div class='ocr_carea' id='block_1_95' title="bbox 365 4667 1944 4728">
    <p class='ocr_par' dir='ltr' id='par_1_95' title="bbox 365 4667 1944 4728">
     <span class='ocr_line' id='line_1_95' title="bbox 365 4667 1944 4728; baseline 0.003 -6"><span class='ocrx_word' id='word_1_699' title='bbox 365 4677 551 4724; x_wconf 88' lang='lat' dir='ltr'><strong>strans</strong></span> <span class='ocrx_word' id='word_1_700' title='bbox 587 4669 759 4725; x_wconf 83' lang='lat' dir='ltr'><strong>dicit:</strong></span> <span class='ocrx_word' id='word_1_701' title='bbox 790 4667 972 4726; x_wconf 80' lang='lat' dir='ltr'><strong>Omnis</strong></span> <span class='ocrx_word' id='word_1_702' title='bbox 1019 4679 1216 4724; x_wconf 82' lang='lat' dir='ltr'><strong>natura</strong></span> <span class='ocrx_word' id='word_1_703' title='bbox 1253 4670 1541 4726; x_wconf 74' lang='lat' dir='ltr'><strong>bestiarum</strong></span> <span class='ocrx_word' id='word_1_704' title='bbox 1575 4681 1624 4726; x_wconf 85' lang='lat' dir='ltr'><strong>et</strong></span> <span class='ocrx_word' id='word_1_705' title='bbox 1671 4672 1944 4728; x_wconf 80' lang='lat' dir='ltr'><strong>uolucrum</strong></span> 
     </span>
    </p>
   </div>
   <div class='ocr_carea' id='block_1_96' title="bbox 365 4762 1945 4830">
    <p class='ocr_par' dir='ltr' id='par_1_96' title="bbox 365 4762 1945 4830">
     <span class='ocr_line' id='line_1_96' title="bbox 365 4762 1945 4830; baseline 0.003 -16"><span class='ocrx_word' id='word_1_706' title='bbox 365 4768 417 4814; x_wconf 82' lang='lat' dir='ltr'><strong>et</strong></span> <span class='ocrx_word' id='word_1_707' title='bbox 443 4763 762 4830; x_wconf 76' lang='lat' dir='ltr'><strong>serpentium</strong></span> <span class='ocrx_word' id='word_1_708' title='bbox 793 4770 842 4816; x_wconf 90' lang='lat' dir='ltr'><strong>et</strong></span> <span class='ocrx_word' id='word_1_709' title='bbox 875 4770 1183 4817; x_wconf 68' lang='lat' dir='ltr'><strong>cancrorum</strong></span> <span class='ocrx_word' id='word_1_710' title='bbox 1211 4762 1498 4817; x_wconf 78' lang='lat' dir='ltr'><strong>domantur</strong></span> <span class='ocrx_word' id='word_1_711' title='bbox 1525 4773 1575 4817; x_wconf 86' lang='lat' dir='ltr'><strong>et</strong></span> <span class='ocrx_word' id='word_1_712' title='bbox 1598 4764 1799 4820; x_wconf 84' lang='lat' dir='ltr'><strong>domita</strong></span> <span class='ocrx_word' id='word_1_713' title='bbox 1819 4773 1945 4820; x_wconf 82' lang='lat' dir='ltr'><strong>sunt</strong></span> 
     </span>
    </p>
   </div>
   <div class='ocr_carea' id='block_1_97' title="bbox 371 4849 1943 4909">
    <p class='ocr_par' dir='ltr' id='par_1_97' title="bbox 371 4849 1943 4909">
     <span class='ocr_line' id='line_1_97' title="bbox 371 4849 1943 4909; baseline 0.004 -7"><span class='ocrx_word' id='word_1_714' title='bbox 371 4866 404 4902; x_wconf 90' lang='lat' dir='ltr'><strong>a</strong></span> <span class='ocrx_word' id='word_1_715' title='bbox 443 4859 639 4904; x_wconf 80' lang='lat' dir='ltr'><strong>natura</strong></span> <span class='ocrx_word' id='word_1_716' title='bbox 681 4851 916 4905; x_wconf 83' lang='lat' dir='ltr'><strong>humana</strong></span> <span class='ocrx_word' id='word_1_717' title='bbox 958 4851 992 4890; x_wconf 69' lang='grc' dir='ltr'><em>τ’</em></span> <span class='ocrx_word' id='word_1_718' title='bbox 1043 4849 1250 4906; x_wconf 89' lang='lat' dir='ltr'><strong>Nomen</strong></span> <span class='ocrx_word' id='word_1_719' title='bbox 1299 4860 1483 4908; x_wconf 82' lang='lat' dir='ltr'><strong>autem</strong></span> <span class='ocrx_word' id='word_1_720' title='bbox 1534 4849 1770 4908; x_wconf 80' lang='lat' dir='ltr'><strong>Christus</strong></span> <span class='ocrx_word' id='word_1_721' title='bbox 1807 4853 1943 4909; x_wconf 85' lang='lat' dir='ltr'><strong>sub-</strong></span> 
     </span>
    </p>
   </div>
   <div class='ocr_carea' id='block_1_98' title="bbox 371 4939 1943 5013">
    <p class='ocr_par' dir='ltr' id='par_1_98' title="bbox 371 4939 1943 5013">
     <span class='ocr_line' id='line_1_98' title="bbox 371 4939 1943 5013; baseline 0.004 -21"><span class='ocrx_word' id='word_1_722' title='bbox 371 4939 588 4993; x_wconf 79' lang='lat' dir='ltr'><strong>stantia:</strong></span> <span class='ocrx_word' id='word_1_723' title='bbox 631 4956 738 4995; x_wconf 86' lang='lat' dir='ltr'><strong>non</strong></span> <span class='ocrx_word' id='word_1_724' title='bbox 789 4952 876 4998; x_wconf 83' lang='lat' dir='ltr'><strong>est</strong></span> <span class='ocrx_word' id='word_1_725' title='bbox 921 4941 1378 5012; x_wconf 79' lang='lat' dir='ltr'><strong>siguiiicativum,</strong></span> <span class='ocrx_word' id='word_1_726' title='bbox 1427 4942 1697 5013; x_wconf 89' lang='lat' dir='ltr'><strong>siquidem</strong></span> <span class='ocrx_word' id='word_1_727' title='bbox 1743 4959 1847 4998; x_wconf 90' lang='lat' dir='ltr'><strong>nec</strong></span> <span class='ocrx_word' id='word_1_728' title='bbox 1887 4944 1943 4999; x_wconf 91' lang='lat' dir='ltr'><strong>in</strong></span> 
     </span>
    </p>
   </div>
   <div class='ocr_carea' id='block_1_99' title="bbox 367 5031 1944 5102">
    <p class='ocr_par' dir='ltr' id='par_1_99' title="bbox 367 5031 1944 5102">
     <span class='ocr_line' id='line_1_99' title="bbox 367 5031 1944 5102; baseline 0.004 -17"><span class='ocrx_word' id='word_1_729' title='bbox 367 5032 649 5085; x_wconf 88' lang='lat' dir='ltr'><strong>communi</strong></span> <span class='ocrx_word' id='word_1_730' title='bbox 702 5031 1103 5102; x_wconf 82' lang='lat' dir='ltr'><strong>signiﬁcatione</strong></span> <span class='ocrx_word' id='word_1_731' title='bbox 1164 5034 1431 5097; x_wconf 85' lang='lat' dir='ltr'><strong>sumitur,</strong></span> <span class='ocrx_word' id='word_1_732' title='bbox 1482 5049 1587 5090; x_wconf 89' lang='lat' dir='ltr'><strong>nec</strong></span> <span class='ocrx_word' id='word_1_733' title='bbox 1636 5035 1706 5090; x_wconf 88' lang='lat' dir='ltr'><strong>de</strong></span> <span class='ocrx_word' id='word_1_734' title='bbox 1754 5036 1944 5093; x_wconf 88' lang='lat' dir='ltr'><strong>multis</strong></span> 
     </span>
    </p>
   </div>
   <div class='ocr_carea' id='block_1_100' title="bbox 371 5121 1950 5198">
    <p class='ocr_par' dir='ltr' id='par_1_100' title="bbox 371 5121 1950 5198">
     <span class='ocr_line' id='line_1_100' title="bbox 371 5121 1950 5198; baseline 0.006 -22"><span class='ocrx_word' id='word_1_735' title='bbox 371 5121 762 5192; x_wconf 78' lang='lat' dir='ltr'><strong>hypustasibus</strong></span> <span class='ocrx_word' id='word_1_736' title='bbox 795 5125 1028 5184; x_wconf 87' lang='lat' dir='ltr'><strong>dicitur.</strong></span> <span class='ocrx_word' id='word_1_737' title='bbox 1059 5141 1161 5182; x_wconf 90' lang='lat' dir='ltr'><strong>nec</strong></span> <span class='ocrx_word' id='word_1_738' title='bbox 1187 5126 1364 5197; x_wconf 86' lang='lat' dir='ltr'><strong>ipsum</strong></span> <span class='ocrx_word' id='word_1_739' title='bbox 1403 5127 1610 5198; x_wconf 85' lang='lat' dir='ltr'><strong>absque</strong></span> <span class='ocrx_word' id='word_1_740' title='bbox 1643 5129 1950 5198; x_wconf 81' lang='lat' dir='ltr'><strong>proprieta-</strong></span> 
     </span>
    </p>
   </div>
   <div class='ocr_carea' id='block_1_101' title="bbox 371 5212 1947 5290">
    <p class='ocr_par' dir='ltr' id='par_1_101' title="bbox 371 5212 1947 5290">
     <span class='ocr_line' id='line_1_101' title="bbox 371 5212 1947 5290; baseline 0.005 -22"><span class='ocrx_word' id='word_1_741' title='bbox 371 5212 524 5268; x_wconf 85' lang='lat' dir='ltr'><strong>tibus</strong></span> <span class='ocrx_word' id='word_1_742' title='bbox 565 5215 934 5283; x_wconf 88' lang='lat' dir='ltr'><strong>conlitentur;</strong></span> <span class='ocrx_word' id='word_1_743' title='bbox 985 5216 1117 5272; x_wconf 90' lang='lat' dir='ltr'><strong>illud</strong></span> <span class='ocrx_word' id='word_1_744' title='bbox 1167 5218 1314 5272; x_wconf 91' lang='lat' dir='ltr'><strong>enim</strong></span> <span class='ocrx_word' id='word_1_745' title='bbox 1363 5233 1466 5274; x_wconf 90' lang='lat' dir='ltr'><strong>nos</strong></span> <span class='ocrx_word' id='word_1_746' title='bbox 1517 5218 1682 5274; x_wconf 89' lang='lat' dir='ltr'><strong>docet</strong></span> <span class='ocrx_word' id='word_1_747' title='bbox 1724 5235 1947 5290; x_wconf 89' lang='lat' dir='ltr'><strong>quoque</strong></span> 
     </span>
    </p>
   </div>
   <div class='ocr_carea' id='block_1_102' title="bbox 372 5305 1946 5380">
    <p class='ocr_par' dir='ltr' id='par_1_102' title="bbox 372 5305 1946 5380">
     <span class='ocr_line' id='line_1_102' title="bbox 372 5305 1946 5380; baseline 0.005 -19"><span class='ocrx_word' id='word_1_748' title='bbox 372 5315 598 5363; x_wconf 88' lang='lat' dir='ltr'><strong>sanctus</strong></span> <span class='ocrx_word' id='word_1_749' title='bbox 621 5305 859 5379; x_wconf 83' lang='lat' dir='ltr'><strong>Cyrillus</strong></span> <span class='ocrx_word' id='word_1_750' title='bbox 895 5309 948 5362; x_wconf 90' lang='lat' dir='ltr'><strong>in</strong></span> <span class='ocrx_word' id='word_1_751' title='bbox 988 5310 1214 5365; x_wconf 89' lang='lat' dir='ltr'><strong>scholiis</strong></span> <span class='ocrx_word' id='word_1_752' title='bbox 1253 5310 1432 5380; x_wconf 88' lang='lat' dir='ltr'><strong>ipsius</strong></span> <span class='ocrx_word' id='word_1_753' title='bbox 1465 5310 1534 5366; x_wconf 87' lang='lat' dir='ltr'><strong>de</strong></span> <span class='ocrx_word' id='word_1_754' title='bbox 1567 5311 1946 5370; x_wconf 86' lang='lat' dir='ltr'><strong>incarnatione</strong></span> 
     </span>
    </p>
   </div>
   <div class='ocr_carea' id='block_1_103' title="bbox 366 5399 1946 5460">
    <p class='ocr_par' dir='ltr' id='par_1_103' title="bbox 366 5399 1946 5460">
     <span class='ocr_line' id='line_1_103' title="bbox 366 5399 1946 5460; baseline 0.003 -6"><span class='ocrx_word' id='word_1_755' title='bbox 366 5399 598 5454; x_wconf 86' lang='lat' dir='ltr'><strong>dicens:</strong></span> <span class='ocrx_word' id='word_1_756' title='bbox 631 5420 652 5452; x_wconf 75' lang='grc' dir='ltr'><strong>ε</strong></span> <span class='ocrx_word' id='word_1_757' title='bbox 678 5401 888 5456; x_wconf 89' lang='lat' dir='ltr'><strong>Nomen</strong></span> <span class='ocrx_word' id='word_1_758' title='bbox 922 5400 1157 5458; x_wconf 81' lang='lat' dir='ltr'><strong>Christus</strong></span> <span class='ocrx_word' id='word_1_759' title='bbox 1186 5417 1288 5458; x_wconf 89' lang='lat' dir='ltr'><strong>nec</strong></span> <span class='ocrx_word' id='word_1_760' title='bbox 1323 5401 1528 5458; x_wconf 89' lang='lat' dir='ltr'><strong>habere</strong></span> <span class='ocrx_word' id='word_1_761' title='bbox 1566 5403 1946 5460; x_wconf 82' lang='lat' dir='ltr'><strong>determinati-</strong></span> 
     </span>
    </p>
   </div>
   <div class='ocr_carea' id='block_1_104' title="bbox 369 5493 1944 5566">
    <p class='ocr_par' dir='ltr' id='par_1_104' title="bbox 369 5493 1944 5566">
     <span class='ocr_line' id='line_1_104' title="bbox 369 5493 1944 5566; baseline 0.004 -20"><span class='ocrx_word' id='word_1_762' title='bbox 369 5506 496 5547; x_wconf 68' lang='lat' dir='ltr'><strong>vam</strong></span> <span class='ocrx_word' id='word_1_763' title='bbox 551 5493 841 5558; x_wconf 73' lang='lat' dir='ltr'><strong>virtutem,</strong></span> <span class='ocrx_word' id='word_1_764' title='bbox 877 5509 980 5550; x_wconf 88' lang='lat' dir='ltr'><strong>nec</strong></span> <span class='ocrx_word' id='word_1_765' title='bbox 1031 5493 1253 5565; x_wconf 87' lang='lat' dir='ltr'><strong>quidem</strong></span> <span class='ocrx_word' id='word_1_766' title='bbox 1307 5494 1542 5566; x_wconf 89' lang='lat' dir='ltr'><strong>alicujus</strong></span> <span class='ocrx_word' id='word_1_767' title='bbox 1579 5495 1944 5554; x_wconf 86' lang='lat' dir='ltr'><strong>substantiam</strong></span> 
     </span>
    </p>
   </div>
   <div class='ocr_carea' id='block_1_105' title="bbox 449 5667 814 5736">
    <p class='ocr_par' dir='ltr' id='par_1_105' title="bbox 449 5667 814 5736">
     <span class='ocr_line' id='line_1_105' title="bbox 449 5667 814 5736; baseline -0.014 -9"><span class='ocrx_word' id='word_1_768' title='bbox 449 5667 468 5709; x_wconf 69' lang='grc' dir='ltr'>π</span> <span class='ocrx_word' id='word_1_769' title='bbox 500 5669 620 5728; x_wconf 81' lang='lat' dir='ltr'><strong>Jac.</strong></span> <span class='ocrx_word' id='word_1_770' title='bbox 646 5687 722 5736; x_wconf 82' lang='lat' dir='ltr'><strong>ul,</strong></span> <span class='ocrx_word' id='word_1_771' title='bbox 762 5672 814 5723; x_wconf 82' lang='lat'><strong>7.</strong></span> 
     </span>
    </p>
   </div>
   <div class='ocr_carea' id='block_1_106' title="bbox 2044 4385 3628 4468">
    <p class='ocr_par' dir='ltr' id='par_1_106' title="bbox 2044 4385 3628 4468">
     <span class='ocr_line' id='line_1_106' title="bbox 2044 4385 3628 4468; baseline -0.011 -12"><span class='ocrx_word' id='word_1_772' title='bbox 2044 4400 2374 4468; x_wconf 80' lang='grc' dir='ltr'>ἀποστολικὴ</span> <span class='ocrx_word' id='word_1_773' title='bbox 2398 4400 2640 4453; x_wconf 79' lang='grc' dir='ltr'>διδάσκει</span> <span class='ocrx_word' id='word_1_774' title='bbox 2661 4396 2980 4468; x_wconf 84' lang='grc' dir='ltr'>παράδοσις.</span> <span class='ocrx_word' id='word_1_775' title='bbox 2997 4395 3054 4448; x_wconf 89' lang='lat'><strong>&#39;0</strong></span> <span class='ocrx_word' id='word_1_776' title='bbox 3074 4393 3171 4464; x_wconf 85' lang='grc' dir='ltr'>μὲν</span> <span class='ocrx_word' id='word_1_777' title='bbox 3186 4391 3295 4462; x_wconf 81' lang='grc' dir='ltr'>γὰρ</span> <span class='ocrx_word' id='word_1_778' title='bbox 3321 4389 3466 4450; x_wconf 78' lang='grc' dir='ltr'>θεῖος</span> <span class='ocrx_word' id='word_1_779' title='bbox 3490 4385 3628 4440; x_wconf 79' lang='grc' dir='ltr'>Παῦ·</span> 
     </span>
    </p>
   </div>
   <div class='ocr_carea' id='block_1_107' title="bbox 2044 4479 3628 4562">
    <p class='ocr_par' dir='ltr' id='par_1_107' title="bbox 2044 4479 3628 4562">
     <span class='ocr_line' id='line_1_107' title="bbox 2044 4479 3628 4562; baseline -0.009 -15"><span class='ocrx_word' id='word_1_780' title='bbox 2044 4493 2135 4556; x_wconf 78' lang='grc' dir='ltr'><strong>λος</strong></span> <span class='ocrx_word' id='word_1_781' title='bbox 2160 4491 2411 4562; x_wconf 71' lang='grc' dir='ltr'>περὶτῶν</span> <span class='ocrx_word' id='word_1_782' title='bbox 2435 4489 2798 4544; x_wconf 66' lang='grc' dir='ltr'>καθ’ἑκαστον</span> <span class='ocrx_word' id='word_1_783' title='bbox 2819 4487 3011 4556; x_wconf 84' lang='grc' dir='ltr'>λέγων,</span> <span class='ocrx_word' id='word_1_784' title='bbox 3034 4487 3127 4541; x_wconf 58' lang='grc' dir='ltr'><strong>καὶ</strong></span> <span class='ocrx_word' id='word_1_785' title='bbox 3148 4484 3327 4555; x_wconf 77' lang='grc' dir='ltr'>ψυχὴν</span> <span class='ocrx_word' id='word_1_786' title='bbox 3347 4481 3441 4535; x_wconf 65' lang='grc' dir='ltr'>καὶ</span> <span class='ocrx_word' id='word_1_787' title='bbox 3469 4479 3628 4548; x_wconf 74' lang='grc' dir='ltr'>σῶμα</span> 
     </span>
    </p>
   </div>
   <div class='ocr_carea' id='block_1_108' title="bbox 2049 4572 3628 4656">
    <p class='ocr_par' dir='ltr' id='par_1_108' title="bbox 2049 4572 3628 4656">
     <span class='ocr_line' id='line_1_108' title="bbox 2049 4572 3628 4656; baseline -0.009 -16"><span class='ocrx_word' id='word_1_788' title='bbox 2049 4583 2219 4640; x_wconf 82' lang='grc' dir='ltr'>θέλων</span> <span class='ocrx_word' id='word_1_789' title='bbox 2263 4585 2529 4656; x_wconf 80' lang='grc' dir='ltr'>σημᾶναι,</span> <span class='ocrx_word' id='word_1_790' title='bbox 2560 4581 2652 4636; x_wconf 72' lang='grc' dir='ltr'><strong>τὸν</strong></span> <span class='ocrx_word' id='word_1_791' title='bbox 2699 4581 2856 4644; x_wconf 79' lang='grc' dir='ltr'>έντδς</span> <span class='ocrx_word' id='word_1_792' title='bbox 2889 4577 3182 4648; x_wconf 75' lang='grc' dir='ltr'>ἄνθρωπον</span> <span class='ocrx_word' id='word_1_793' title='bbox 3225 4577 3320 4632; x_wconf 79' lang='grc' dir='ltr'>καὶ</span> <span class='ocrx_word' id='word_1_794' title='bbox 3351 4573 3446 4628; x_wconf 81' lang='grc' dir='ltr'>τὸν</span> <span class='ocrx_word' id='word_1_795' title='bbox 3475 4572 3628 4635; x_wconf 80' lang='grc' dir='ltr'>ὲκτὺς</span> 
     </span>
    </p>
   </div>
   <div class='ocr_carea' id='block_1_109' title="bbox 2050 4663 3628 4746">
    <p class='ocr_par' dir='ltr' id='par_1_109' title="bbox 2050 4663 3628 4746">
     <span class='ocr_line' id='line_1_109' title="bbox 2050 4663 3628 4746; baseline -0.008 -15"><span class='ocrx_word' id='word_1_796' title='bbox 2050 4675 2336 4746; x_wconf 71' lang='grc' dir='ltr'>ἄνθρωπον</span> <span class='ocrx_word' id='word_1_797' title='bbox 2390 4673 2670 4743; x_wconf 76' lang='grc' dir='ltr'>ὀνομάζει.</span> <span class='ocrx_word' id='word_1_798' title='bbox 2731 4671 2790 4726; x_wconf 83' lang='lat'><strong>&#39;0</strong></span> <span class='ocrx_word' id='word_1_799' title='bbox 2837 4671 2896 4726; x_wconf 80' lang='grc' dir='ltr'>δὲ</span> <span class='ocrx_word' id='word_1_800' title='bbox 2967 4669 3228 4732; x_wconf 76' lang='grc' dir='ltr'>Ἰάκωϐος</span> <span class='ocrx_word' id='word_1_801' title='bbox 3275 4666 3378 4735; x_wconf 78' lang='grc' dir='ltr'>τὴν</span> <span class='ocrx_word' id='word_1_802' title='bbox 3445 4663 3628 4735; x_wconf 82' lang='grc' dir='ltr'>κοινὴν</span> 
     </span>
    </p>
   </div>
   <div class='ocr_carea' id='block_1_110' title="bbox 2050 4755 3628 4836">
    <p class='ocr_par' dir='ltr' id='par_1_110' title="bbox 2050 4755 3628 4836">
     <span class='ocr_line' id='line_1_110' title="bbox 2050 4755 3628 4836; baseline -0.008 -16"><span class='ocrx_word' id='word_1_803' title='bbox 2050 4765 2238 4820; x_wconf 88' lang='grc' dir='ltr'>ούσίαν</span> <span class='ocrx_word' id='word_1_804' title='bbox 2267 4765 2368 4832; x_wconf 79' lang='grc' dir='ltr'>τῆς</span> <span class='ocrx_word' id='word_1_805' title='bbox 2391 4763 2814 4836; x_wconf 78' lang='grc' dir='ltr'>ἀνθρωπότητος</span> <span class='ocrx_word' id='word_1_806' title='bbox 2839 4760 3016 4834; x_wconf 84' lang='grc' dir='ltr'>δηλῶν</span> <span class='ocrx_word' id='word_1_807' title='bbox 3044 4761 3194 4828; x_wconf 81' lang='grc' dir='ltr'>λέγει</span> <span class='ocrx_word' id='word_1_808' title='bbox 3215 4775 3228 4789; x_wconf 88' lang='grc'><strong>·</strong></span> <span class='ocrx_word' id='word_1_809' title='bbox 3251 4755 3426 4812; x_wconf 81' lang='grc' dir='ltr'>Πᾶσα</span> <span class='ocrx_word' id='word_1_810' title='bbox 3444 4757 3628 4826; x_wconf 77' lang='grc' dir='ltr'>φύσις</span> 
     </span>
    </p>
   </div>
   <div class='ocr_carea' id='block_1_111' title="bbox 2049 4849 3632 4926">
    <p class='ocr_par' dir='ltr' id='par_1_111' title="bbox 2049 4849 3632 4926">
     <span class='ocr_line' id='line_1_111' title="bbox 2049 4849 3632 4926; baseline -0.008 -14"><span class='ocrx_word' id='word_1_811' title='bbox 2049 4856 2270 4926; x_wconf 77' lang='grc' dir='ltr'>θηρίων</span> <span class='ocrx_word' id='word_1_812' title='bbox 2295 4873 2361 4910; x_wconf 80' lang='grc' dir='ltr'><strong>τε</strong></span> <span class='ocrx_word' id='word_1_813' title='bbox 2392 4857 2486 4910; x_wconf 49' lang='grc' dir='ltr'>καθ</span> <span class='ocrx_word' id='word_1_814' title='bbox 2521 4851 2814 4908; x_wconf 76' lang='grc' dir='ltr'>πετεινῶν</span> <span class='ocrx_word' id='word_1_815' title='bbox 2837 4851 3103 4922; x_wconf 77' lang='grc' dir='ltr'>ἑρπετῶν</span> <span class='ocrx_word' id='word_1_816' title='bbox 3143 4868 3209 4906; x_wconf 83' lang='grc' dir='ltr'><strong>τε</strong></span> <span class='ocrx_word' id='word_1_817' title='bbox 3239 4850 3338 4904; x_wconf 80' lang='grc' dir='ltr'><strong>καί</strong></span> <span class='ocrx_word' id='word_1_818' title='bbox 3371 4849 3632 4902; x_wconf 73' lang='grc' dir='ltr'>ἐναλίων</span> 
     </span>
    </p>
   </div>
   <div class='ocr_carea' id='block_1_112' title="bbox 2047 4937 3629 5017">
    <p class='ocr_par' dir='ltr' id='par_1_112' title="bbox 2047 4937 3629 5017">
     <span class='ocr_line' id='line_1_112' title="bbox 2047 4937 3629 5017; baseline -0.008 -16"><span class='ocrx_word' id='word_1_819' title='bbox 2047 4945 2360 5017; x_wconf 78' lang='grc' dir='ltr'>δαμάζεται</span> <span class='ocrx_word' id='word_1_820' title='bbox 2385 4946 2486 5001; x_wconf 79' lang='grc' dir='ltr'><strong>καί</strong></span> <span class='ocrx_word' id='word_1_821' title='bbox 2507 4945 2876 5016; x_wconf 79' lang='grc' dir='ltr'>δεδάμασται</span> <span class='ocrx_word' id='word_1_822' title='bbox 2905 4943 2982 5013; x_wconf 77' lang='grc' dir='ltr'>τῇ</span> <span class='ocrx_word' id='word_1_823' title='bbox 3011 4944 3192 5014; x_wconf 78' lang='grc' dir='ltr'>φύσει</span> <span class='ocrx_word' id='word_1_824' title='bbox 3237 4939 3313 5008; x_wconf 78' lang='grc' dir='ltr'>τῇ</span> <span class='ocrx_word' id='word_1_825' title='bbox 3335 4937 3629 5008; x_wconf 69' lang='grc' dir='ltr'>ἀνθρωπί-</span> 
     </span>
    </p>
   </div>
   <div class='ocr_carea' id='block_1_113' title="bbox 2048 5033 3627 5110">
    <p class='ocr_par' dir='ltr' id='par_1_113' title="bbox 2048 5033 3627 5110">
     <span class='ocr_line' id='line_1_113' title="bbox 2048 5033 3627 5110; baseline -0.008 -15"><span class='ocrx_word' id='word_1_826' title='bbox 2048 5053 2146 5108; x_wconf 76' lang='grc' dir='ltr'><strong>νῃ.</strong></span> <span class='ocrx_word' id='word_1_827' title='bbox 2169 5039 2244 5092; x_wconf 83' lang='grc' dir='ltr'><strong>Τὸ</strong></span> <span class='ocrx_word' id='word_1_828' title='bbox 2286 5039 2468 5110; x_wconf 90' lang='grc' dir='ltr'>μέντοι</span> <span class='ocrx_word' id='word_1_829' title='bbox 2510 5037 2762 5108; x_wconf 82' lang='grc' dir='ltr'>Χριστὸς</span> <span class='ocrx_word' id='word_1_830' title='bbox 2802 5035 2976 5106; x_wconf 70' lang='grc' dir='ltr'>ὄνομα</span> <span class='ocrx_word' id='word_1_831' title='bbox 3005 5035 3105 5089; x_wconf 82' lang='grc' dir='ltr'>οὐκ</span> <span class='ocrx_word' id='word_1_832' title='bbox 3151 5033 3342 5096; x_wconf 84' lang='grc' dir='ltr'>οὑσίας</span> <span class='ocrx_word' id='word_1_833' title='bbox 3379 5033 3498 5084; x_wconf 71' lang='grc' dir='ltr'>ἐστι</span> <span class='ocrx_word' id='word_1_834' title='bbox 3530 5044 3627 5096; x_wconf 73' lang='grc' dir='ltr'>σηο</span> 
     </span>
    </p>
   </div>
   <div class='ocr_carea' id='block_1_114' title="bbox 2055 5119 3630 5198">
    <p class='ocr_par' dir='ltr' id='par_1_114' title="bbox 2055 5119 3630 5198">
     <span class='ocr_line' id='line_1_114' title="bbox 2055 5119 3630 5198; baseline -0.006 -18"><span class='ocrx_word' id='word_1_835' title='bbox 2055 5127 2334 5198; x_wconf 79' lang='grc' dir='ltr'>μαντικὸν,</span> <span class='ocrx_word' id='word_1_836' title='bbox 2359 5126 2546 5197; x_wconf 76' lang='grc' dir='ltr'>ἐπειδὴ</span> <span class='ocrx_word' id='word_1_837' title='bbox 2567 5125 2692 5180; x_wconf 84' lang='grc' dir='ltr'>οῦτε</span> <span class='ocrx_word' id='word_1_838' title='bbox 2720 5126 2816 5180; x_wconf 76' lang='grc' dir='ltr'><strong>ἐπὶ</strong></span> <span class='ocrx_word' id='word_1_839' title='bbox 2845 5123 3029 5179; x_wconf 87' lang='grc' dir='ltr'>κοινοῦ</span> <span class='ocrx_word' id='word_1_840' title='bbox 3063 5120 3466 5193; x_wconf 81' lang='grc' dir='ltr'>σημαινομένου</span> <span class='ocrx_word' id='word_1_841' title='bbox 3490 5119 3630 5186; x_wconf 84' lang='grc' dir='ltr'>λαμ-</span> 
     </span>
    </p>
   </div>
   <div class='ocr_carea' id='block_1_115' title="bbox 2053 5210 3624 5280">
    <p class='ocr_par' dir='ltr' id='par_1_115' title="bbox 2053 5210 3624 5280">
     <span class='ocr_line' id='line_1_115' title="bbox 2053 5210 3624 5280; baseline -0.006 -10"><span class='ocrx_word' id='word_1_842' title='bbox 2053 5217 2296 5280; x_wconf 70' lang='grc' dir='ltr'>ϐάνεται,</span> <span class='ocrx_word' id='word_1_843' title='bbox 2330 5215 2456 5271; x_wconf 75' lang='grc' dir='ltr'>οὗτε</span> <span class='ocrx_word' id='word_1_844' title='bbox 2509 5217 2652 5272; x_wconf 88' lang='grc' dir='ltr'><strong>κατά</strong></span> <span class='ocrx_word' id='word_1_845' title='bbox 2709 5217 2924 5270; x_wconf 74' lang='grc' dir='ltr'>πολλῶν</span> <span class='ocrx_word' id='word_1_846' title='bbox 2971 5215 3327 5270; x_wconf 79' lang='grc' dir='ltr'>ὑποστάσεων</span> <span class='ocrx_word' id='word_1_847' title='bbox 3381 5210 3624 5279; x_wconf 81' lang='grc' dir='ltr'>λέγεται,</span> 
     </span>
    </p>
   </div>
   <div class='ocr_carea' id='block_1_116' title="bbox 2052 5300 3630 5380">
    <p class='ocr_par' dir='ltr' id='par_1_116' title="bbox 2052 5300 3630 5380">
     <span class='ocr_line' id='line_1_116' title="bbox 2052 5300 3630 5380; baseline -0.007 -16"><span class='ocrx_word' id='word_1_848' title='bbox 2052 5309 2178 5364; x_wconf 71' lang='grc' dir='ltr'>οὔτε</span> <span class='ocrx_word' id='word_1_849' title='bbox 2217 5307 2324 5380; x_wconf 85' lang='grc' dir='ltr'>μὴν</span> <span class='ocrx_word' id='word_1_850' title='bbox 2367 5308 2500 5364; x_wconf 77' lang='grc' dir='ltr'>ἄνευ</span> <span class='ocrx_word' id='word_1_851' title='bbox 2549 5310 2658 5362; x_wconf 84' lang='grc' dir='ltr'><strong>τῶν</strong></span> <span class='ocrx_word' id='word_1_852' title='bbox 2701 5307 3013 5379; x_wconf 82' lang='grc' dir='ltr'>ἰδιωμάτων</span> <span class='ocrx_word' id='word_1_853' title='bbox 3055 5305 3423 5377; x_wconf 81' lang='grc' dir='ltr'>ὁμολογεῖται.</span> <span class='ocrx_word' id='word_1_854' title='bbox 3463 5300 3630 5354; x_wconf 86' lang='grc' dir='ltr'>Τοῦτο</span> 
     </span>
    </p>
   </div>
   <div class='ocr_carea' id='block_1_117' title="bbox 2053 5394 3629 5473">
    <p class='ocr_par' dir='ltr' id='par_1_117' title="bbox 2053 5394 3629 5473">
     <span class='ocr_line' id='line_1_117' title="bbox 2053 5394 3629 5473; baseline -0.01 -13"><span class='ocrx_word' id='word_1_855' title='bbox 2053 5401 2163 5472; x_wconf 75' lang='grc' dir='ltr'><strong>γὰρ</strong></span> <span class='ocrx_word' id='word_1_856' title='bbox 2203 5403 2352 5473; x_wconf 77' lang='grc' dir='ltr'>ἡμᾶς</span> <span class='ocrx_word' id='word_1_857' title='bbox 2375 5403 2470 5456; x_wconf 72' lang='grc' dir='ltr'>καὶ</span> <span class='ocrx_word' id='word_1_858' title='bbox 2495 5405 2524 5456; x_wconf 83' lang='grc' dir='ltr'>ὁ</span> <span class='ocrx_word' id='word_1_859' title='bbox 2545 5403 2604 5456; x_wconf 76' lang='grc' dir='ltr'>ὲν</span> <span class='ocrx_word' id='word_1_860' title='bbox 2642 5400 2818 5470; x_wconf 82' lang='grc' dir='ltr'>ἁγίοις</span> <span class='ocrx_word' id='word_1_861' title='bbox 2845 5399 3094 5454; x_wconf 84' lang='grc' dir='ltr'>διδάσκει</span> <span class='ocrx_word' id='word_1_862' title='bbox 3123 5395 3397 5469; x_wconf 85' lang='grc' dir='ltr'>Κύριλλος</span> <span class='ocrx_word' id='word_1_863' title='bbox 3431 5397 3492 5450; x_wconf 78' lang='grc' dir='ltr'>ὲν</span> <span class='ocrx_word' id='word_1_864' title='bbox 3517 5394 3629 5456; x_wconf 81' lang='grc' dir='ltr'>τοῖς</span> 
     </span>
    </p>
   </div>
   <div class='ocr_carea' id='block_1_118' title="bbox 2056 5485 3626 5567">
    <p class='ocr_par' dir='ltr' id='par_1_118' title="bbox 2056 5485 3626 5567">
     <span class='ocr_line' id='line_1_118' title="bbox 2056 5485 3626 5567; baseline -0.001 -17"><span class='ocrx_word' id='word_1_865' title='bbox 2056 5496 2287 5567; x_wconf 79' lang='grc' dir='ltr'>σχολίοι;</span> <span class='ocrx_word' id='word_1_866' title='bbox 2313 5495 2482 5550; x_wconf 83' lang='grc' dir='ltr'>αὑτοῦ</span> <span class='ocrx_word' id='word_1_867' title='bbox 2511 5496 2622 5560; x_wconf 81' lang='grc' dir='ltr'>τοῖς</span> <span class='ocrx_word' id='word_1_868' title='bbox 2656 5494 2786 5566; x_wconf 73' lang='grc' dir='ltr'>περὶ</span> <span class='ocrx_word' id='word_1_869' title='bbox 2811 5493 2910 5564; x_wconf 83' lang='grc' dir='ltr'>τῆς</span> <span class='ocrx_word' id='word_1_870' title='bbox 2931 5491 3407 5562; x_wconf 79' lang='grc' dir='ltr'>ὲνανθρωπήσεως</span> <span class='ocrx_word' id='word_1_871' title='bbox 3424 5485 3626 5555; x_wconf 64' lang='grc' dir='ltr'>λέγων,</span> 
     </span>
    </p>
   </div>
  </div>
