3998 6146
394 280 525 348 1121

1311 284 1755 346 TRACTATUS
1792 283 2090 345 CONTRA
2132 283 2726 346 MONOPHYSITAS.

3511 284 3647 349 1122

390 398 650 454 Θεοτόκον
678 396 752 470 μὴ
792 397 1073 467 ὁμολογεῖν
1098 410 1112 427 θ
1143 397 1239 450 καὶ
1291 399 1437 469 μήτε
1475 399 1782 470 προφήταις
1836 399 1969 469 μήτε

2079 396 2508 452 confutationem
2558 407 2739 451 autem
2793 396 3013 451 illorum
3055 395 3354 468 impietatis
3385 413 3560 467 pauca
3584 415 3652 456 ex

394 490 746 559 Εὐαγγελίοις
801 492 938 561 μήτε
998 492 1112 554 τοῖς
1175 490 1551 555 ἀποστολικοῖς
1617 490 1965 563 κηρύγμασιν

393 579 730 633 ἀκολουθεῖν.
794 580 939 649 Πρὸς
971 578 1288 649 ἑλεγχον,δὲ
1324 578 1427 647 τῆς
1469 578 1648 631 αὐτῶν
1688 579 1964 643 ἀσεϐείας,

390 673 578 741 ὀλίγας
606 672 672 724 ἐκ
710 670 919 723 πολλῶν
945 668 1227 740 Γραφικάς
1255 669 1603 740 παρεθέμεθα
1637 673 1963 742 μαρτυρίας.

403 762 676 834 Ἱερεμίας
711 761 840 833 γὰρ,
877 778 931 815 κ.
957 781 1009 815 τ.
1034 761 1084 816 λ.
1124 763 1204 829 (l)
1247 760 1397 833 [ϐοά.
1426 780 1479 832 p.
1503 762 1657 834 222.]
1684 766 1775 815 Δεῖ
1791 763 1847 815 δὲ
1876 763 1966 817 τὸν

392 852 833 922 ἀναγινώσκοντα
862 852 1151 923 προσέχειν
1178 855 1290 915 τοῖς
1323 850 1419 904 τοῦ
1449 853 1717 923 Κυρίλλου
1742 852 1921 922 λόγοις
1948 868 1964 884 ·

392 944 563 999 εἰπὼν
594 943 703 1014 γάρ
749 944 852 997 οὐκ
883 943 1148 1013 ἀνάχυσιν
1191 961 1313 997 τινα
1331 945 1432 1012 τὴν
1454 946 1534 1008 είς
1564 944 1827 1013 ἀλλήλους
1860 944 1967 999 τῶν

392 1038 608 1104 φύσεων
629 1035 965 1105 πεπρᾶχθαι,
1000 1036 1183 1106 μένειν
1214 1035 1270 1087 δὲ
1301 1035 1500 1106 μᾶλλον
1522 1028 1791 1106 ἑκατέραν
1822 1038 1879 1088 ἐν
1898 1039 1965 1107 τῇ

394 1130 608 1191 ἑνώσει,
642 1128 800 1181 τοῦτο
834 1129 970 1199 ὅπερ
991 1128 1108 1181 ἐστὶ
1142 1126 1326 1196 σαφῶς
1362 1127 1605 1181 διδάσκει
1633 1129 1729 1191 τὰς
1754 1128 1848 1181 δύο
1877 1130 1970 1197 φύ-

401 1239 507 1285 σεις
530 1220 631 1289 τῆς
672 1220 927 1288 θεότητος
952 1221 1047 1272 καὶ
1082 1218 1182 1288 τῆς
1212 1218 1636 1289 ἀνθρωπότητος
1658 1260 1672 1283 ,
1706 1220 1764 1271 ὲν
1784 1217 1860 1289 τῷ
1889 1218 1970 1271 ἑνὶ

400 1312 671 1384 προσώπῳ
693 1311 787 1365 τοῦ
813 1311 1018 1381 Κυρίου
1039 1312 1072 1379 η
1083 1309 1201 1379 μῶν
1237 1308 1410 1379 Ἰησοῦ
1437 1310 1674 1380 Χριστοῦ
1701 1309 1969 1375 σώζεσθαί

393 1422 454 1458 τε
483 1405 579 1459 καὶ
604 1401 1007 1473 ὁμολογεῖσθαι.
1059 1400 1150 1465 Ἐξ
1193 1393 1268 1453 ὧν
1306 1399 1707 1470 συνωθούμενοι
1742 1401 1791 1453 οἱ
1820 1402 1970 1471 αἱρε-

393 1499 557 1563 τικοὶ,
601 1497 792 1568 ἑτέραν
841 1495 1004 1548 πάλιν
1053 1492 1360 1546 ἐπινοοῦσιν
1414 1493 1708 1547 ἀσέϐειανο
1748 1492 1845 1546 καὶ
1881 1492 1971 1545 διὰ

393 1589 598 1657 ταύτης
631 1588 729 1658 τὴν
770 1586 1044 1657 προτέραν
1089 1586 1408 1638 ὲπισκιάσαι
1441 1584 1777 1655 βουλόμενοι.
1814 1584 1969 1636 Ἔστι

393 1680 504 1751 γὰρ
536 1680 626 1733 ὅτε
686 1678 781 1731 καὶ
834 1678 962 1745 μίαν
1010 1675 1262 1729 σύνθετον
1312 1675 1717 1729 ἀναπλάττουσι
1767 1673 1966 1743 φύσινο

2067 489 2321 559 plurimis
2348 489 2663 543 testimonia
2690 488 3100 557 Scripturarum
3137 487 3450 559 selegimus.
3478 488 3659 560 Opor-

2070 588 2147 635 tet
2181 590 2363 635 autem
2410 589 2469 633 ut
2531 580 2705 633 lector
2735 580 3013 635 adluercat
3045 579 3234 650 Cyrilli
3264 580 3614 634 sermonibus
3646 598 3662 633 :

2068 679 2354 741 postquam
2391 671 2537 725 enim
2570 671 2706 725 dixit
2738 671 2946 724 nullam
2992 669 3316 725 effusionem
3341 682 3662 725 naturarum

2070 759 2127 813 in
2151 776 2209 814 se
2238 761 2478 814 invicem
2509 761 2706 814 factam
2729 761 2923 825 fuisse,
2943 760 3249 816 subsistere
3272 770 3456 815 autem
3480 762 3666 832 potius

2069 863 2514 918 unamquamque
2537 848 2591 902 in
2617 849 2847 914 unitate,
2878 850 2984 904 hoc
3003 851 3148 920 quod
3174 866 3366 905 verum
3390 862 3495 915 est,
3515 852 3665 906 clare

2070 938 2251 1002 docet,
2291 939 2506 993 scilicet
2526 939 2663 993 duas
2687 950 2915 995 naturas
2941 941 3248 996 divinitatis
3271 950 3436 1011 atque
3468 942 3666 997 huma-

2069 1031 2263 1085 nitatis
2306 1031 2360 1084 in
2393 1048 2497 1085 una
2532 1046 2767 1100 persona
2812 1032 3030 1085 Domini
3078 1033 3257 1086 nostri
3291 1033 3421 1088 Jesu
3450 1033 3661 1098 Christi

2071 1122 2269 1177 salvari
2294 1137 2357 1176 ac
2374 1122 2547 1176 credi.
2575 1122 2653 1175 Ex
2682 1122 2770 1175 his
2791 1122 3207 1193 progredientes
3228 1124 3498 1191 haeretici,
3522 1126 3662 1180 alte-

2071 1231 2186 1269 ram
2241 1208 2440 1268 iterum
2473 1214 2828 1283 excogitant,
2861 1215 3224 1285 impietatem,
3268 1218 3510 1287 priorem
3569 1217 3661 1272 illa

2070 1315 2361 1377 protegere
2414 1307 2690 1361 volentes.
2746 1305 2969 1361 Scilicet
3015 1316 3265 1361 naturam
3301 1308 3662 1379 compositam

2071 1396 2458 1465 imaginantur,
2485 1396 2823 1465 ignorantes,
2862 1396 3008 1451 sicut
3044 1396 3393 1452 documentis
3433 1399 3663 1454 Patrum

2070 1484 2178 1539 fuit
2202 1484 2667 1550 demonstratum,
2700 1484 2948 1554 itemque
2981 1501 3080 1541 nos
3116 1488 3375 1557 superius
3400 1486 3662 1549 diximus,

2071 1583 2281 1631 natura:
2306 1591 2507 1631 nomen
2552 1577 2620 1632 de
2645 1592 2705 1631 re
2735 1577 3015 1631 communi
3046 1577 3179 1643 dici,
3220 1578 3446 1648 aliquod
3469 1577 3637 1634 indeii
3657 1611 3669 1620 -

2072 1667 2251 1720 nitum
2312 1666 2627 1737 signiﬁcare
2682 1668 2982 1738 multisque
3034 1669 3291 1738 personis
3345 1670 3664 1725 convenire.

390 1737 718 1841 ἀγνοοῦντες
735 1770 818 1823 ὅτι
834 1737 1099 1836 ’καθάπερ
1124 1767 1212 1821 διὰ
1238 1767 1346 1820 τῶν
1366 1766 1629 1838 Πατέρων
1650 1737 1969 1819 ἀποδείκνυ-

2079 1756 2246 1827 Atqui
2282 1757 2328 1812 si
2379 1758 2502 1812 dua!
2552 1767 2764 1813 natura:
2819 1737 3125 1813 divinitatis
3175 1774 3240 1814 ac
3303 1760 3667 1815 humanitatis

288 1876 295 1887 π
395 1876 486 1914 ται
511 1857 879 1922 διδασκαλίας,
913 1858 1011 1910 καὶ
1059 1859 1218 1927 ἡμεῖς
1245 1856 1301 1909 δὲ
1342 1857 1602 1926 ἀνωτέρω
1648 1856 1972 1926 εἰρήκαμεν,

396 1951 470 2005 Τὸ
491 1951 590 2021 τῆς
614 1950 853 2018 φύσεως
875 1948 1046 2019 ὄνομα
1068 1949 1159 2000 ἐπὶ
1185 1946 1366 2000 κοινοῦ
1389 1946 1604 2015 λέγεται
1631 1947 1974 2017 πράγματος,

396 2043 489 2098 καὶ
517 2043 768 2114 ἀόριστόν
798 2058 850 2094 τι
883 2040 1140 2109 σημαίνει
1180 2040 1277 2092 καὶ
1306 2039 1449 2093 κατὰ
1496 2038 1712 2092 πολλῶν
1738 2038 1975 2091 ὑποστά-

396 2153 533 2190 σεων
591 2136 1001 2206 κατηγορεῖται.
1038 2133 1099 2185 Εἰ
1168 2130 1348 2185 τοίνυν
1396 2132 1453 2184 αἱ
1507 2130 1602 2184 δύο
1657 2129 1849 2199 φύσεις
1877 2133 1976 2199 τῆς

395 2228 647 2299 θεότητος
692 2228 787 2279 καὶ
825 2225 926 2295 τῆς
964 2222 1381 2295 ἀνθρωπότητος
1406 2263 1421 2288 ,
1465 2222 1562 2293 μία
1609 2224 1733 2276 κατ’
1776 2224 1976 2287 αὐτοὺς

393 2318 587 2387 γέγονε
615 2316 870 2378 σύνθετος
897 2313 1079 2384 φύσις,
1113 2312 1275 2384 δῆλον
1305 2313 1389 2367 ὅτι
1426 2312 1604 2367 κοινόν
1624 2329 1686 2366 τι
1700 2313 1796 2367 καὶ
1821 2313 1975 2385 ἀόρι-

397 2427 522 2463 στον
567 2405 933 2477 ἀπετελέσθηο
966 2406 1062 2459 καὶ
1096 2404 1280 2475 ζητεῖν
1302 2403 1634 2473 ἐπάναγκες,
1672 2404 1834 2467 ποίας
1860 2422 1976 2458 κοι-

394 2498 672 2570 νότητοςῆ
710 2497 852 2552 κατά
871 2495 1047 2549 ποίων
1074 2495 1426 2550 ὑποστάσεων
1458 2496 1557 2565 τὴν
1581 2494 1840 2566 τοιαύτην
1867 2494 1971 2565 φύ-

398 2607 484 2645 σιν
516 2590 736 2659 λέγουσι
780 2586 1225 2658 κατηγορεῖσθαι,
1268 2587 1403 2657 ὅπερ
1437 2586 1681 2640 ἐναντίον
1725 2587 1843 2643 ἑστι
1875 2586 1972 2641 τοῦ

396 2679 540 2735 κατά
563 2677 796 2751 Χριστὸν
821 2675 1116 2748 μυστηρίου
1143 2690 1157 2705 ’
1200 2675 1230 2729 ό
1263 2674 1371 2745 γὰρ
1389 2673 1625 2745 Χριστὸς
1643 2674 1742 2744 οὐχ
1769 2673 1844 2738 ὡς
1869 2690 1976 2728 κοι-

398 2770 486 2823 νόν
517 2786 571 2823 τι
619 2768 716 2824 καὶ
746 2766 887 2822 κατά
916 2764 1127 2821 πολλῶν
1166 2763 1521 2818 ύποστάσεων
1558 2764 1970 2833 κατηγορεῖται,

397 2860 512 2915 ἀλλ’
538 2860 628 2914 ἐπὶ
660 2859 789 2930 μιᾶς
814 2852 1192 2920 ὑποστάσεως,
1231 2855 1394 2925 ητουν
1423 2851 1542 2915 ὲνδς
1568 2851 1860 2922 προσώπου
1886 2851 1975 2905 λέ-

395 2967 552 3018 γεται
572 2950 633 3002 ὲν
662 2946 941 3018 διαφόροις
983 2943 1192 3006 οὐσίαις
1225 2942 1479 3013 θεότητος
1500 2940 1596 2994 καὶ
1622 2940 1975 3012 άνθρωπότη-

2077 1847 2232 1903 factae
2257 1856 2387 1903 sunt
2404 1864 2513 1903 una
2541 1857 2738 1904 natura
2759 1849 3084 1919 composita,
3115 1849 3325 1920 aliquid
3350 1851 3667 1906 communis

2079 1949 2243 2010 atque
2292 1939 2563 1994 indeﬂniti
2616 1939 2755 1995 etiici
2807 1949 2989 2011 patet;
3022 1956 3269 2011 quaerere
3303 1957 3525 2013 quoque
3571 1958 3669 1998 ne.-

2077 2045 2230 2087 cesse
2251 2039 2336 2085 est
2350 2031 2419 2086 de
2436 2047 2546 2101 quo
2574 2033 2854 2086 communi
2897 2032 3029 2097 dici,
3070 2033 3386 2103 quibusque
3412 2035 3667 2104 personis

2078 2120 2376 2175 convenire
2426 2120 2593 2175 talem
2637 2129 2894 2176 naturam
2946 2123 3156 2187 dicant,
3205 2125 3351 2193 quod
3400 2128 3665 2197 mysterio

2076 2207 2279 2264 Christi
2305 2209 2663 2276 adversatur;
2684 2208 2939 2265 Christus
2957 2212 3105 2266 enim
3128 2227 3237 2267 non
3259 2213 3419 2282 quasi
3440 2214 3665 2284 aliquod

2077 2315 2392 2366 commune,
2434 2308 2491 2355 et
2535 2301 2726 2357 multis
2777 2303 3031 2372 personis
3061 2305 3431 2372 conveniens,
3468 2306 3567 2361 sed
3606 2307 3663 2361 in

2076 2405 2188 2446 una
2206 2391 2489 2463 hypostasi
2513 2393 2629 2449 sive
2649 2393 2705 2447 in
2727 2408 2836 2448 una
2864 2409 3099 2464 persona
3116 2395 3323 2450 dicitur
3350 2396 3406 2451 in
3427 2396 3664 2452 diversis

2076 2482 2403 2538 substantiis
2427 2483 2736 2539 divinitatis
2763 2495 2821 2540 et
2842 2486 3205 2543 humanitatis
3224 2488 3495 2558 cognitus.
3520 2489 3662 2543 Nos-

2073 2575 2297 2646 metipsi
2323 2576 2488 2632 ‘duas
2526 2577 2866 2634 substantias
2904 2580 2961 2634 in
2992 2578 3214 2636 Christo
3238 2596 3360 2636 esse
3389 2581 3659 2646 dicentes,

2075 2666 2379 2721 secundum
2402 2666 2750 2725 divinitatem
2775 2669 2985 2725 scimus
3006 2672 3187 2742 ipsum
3209 2687 3331 2727 esse
3356 2672 3505 2727 Patri
3538 2689 3662 2727 san-

2074 2768 2276 2829 ctoque
2307 2758 2537 2830 Spiritui
2570 2760 3117 2826 consubstantialem,
3148 2762 3454 2816 secundum
3476 2770 3661 2817 autem

2073 2849 2475 2906 humanitatem
2498 2852 2756 2907 omnibus
2783 2852 3101 2908 hominibus
3131 2854 3660 2909 consubstantialem

2074 2943 2478 3013 cognoscimus.
2516 2942 2621 3011 Qui
2652 2960 2787 2999 vero
2827 2944 3177 3001 dicuntduas
3207 2946 3545 3002 substantias
3564 2962 3662 3001 na-

394 3060 486 3106 τεος
542 3038 960 3110 γνωριζόμενος.
1015 3035 1128 3090 Καὶ
1166 3035 1326 3105 ἡμεῖς
1370 3032 1468 3103 μὲν
1518 3032 1613 3087 δύο
1652 3031 1843 3096 οὐσίας
1880 3032 1969 3086 ἐπὶ

2077 3041 2255 3090 turam
2276 3037 2637 3107 compositam
2659 3036 2903 3104 elllcere,
2934 3039 3084 3108 quod
3112 3047 3198 3094 est
3224 3054 3393 3093 unum
3424 3054 3545 3095 esse
3565 3038 3663 3093 ali-

394 3131 633 3204 Χριστοῦ
679 3131 953 3199 λέγοντες,
983 3126 1127 3181 κατά
1157 3126 1257 3195 μὲν
1279 3125 1378 3195 τὴν
1415 3124 1644 3193 θεότητα
1688 3126 1845 3196 ῐσμεν
1875 3126 1972 3179 αὐ-

395 3223 487 3275 τὸν
507 3222 584 3290 τῷ
599 3220 780 3290 ,Πατρὶ
809 3220 903 3271 καὶ
933 3215 1011 3286 τῷ
1040 3215 1180 3284 ἁγίῳ
1206 3213 1483 3283 ῐΙνεύματι
1503 3214 1967 3281 όμοούσιον,κατά

396 3311 454 3362 δὲ
486 3310 584 3380 τὴν
613 3305 1003 3378 ἀνθρωπότητα
1028 3305 1195 3357 πᾶσιν
1221 3302 1526 3374 ἀνθρώποις
1564 3302 1655 3356 τὸν
1686 3303 1850 3356 αὐτὸν
1888 3320 1966 3372 γι-

397 3399 677 3468 νώσκομεν
712 3394 1016 3468 ὁμοούσιον.
1046 3394 1109 3448 οι
1148 3392 1206 3446 δὲ
1231 3392 1485 3461 λέγοντες
1524 3392 1623 3456 τὰς
1652 3391 1745 3444 δύο
1772 3394 1961 3459 οὐσίας

2073 3141 2312 3196 quorum
2352 3130 2754 3194 communium,
2786 3131 3238 3185 communitatem
3264 3131 3515 3186 eamdem
3546 3140 3659 3185 tra-

2072 3214 2243 3283 dunt;
2277 3231 2504 3273 necesse
2551 3228 2637 3273 est
2676 3220 2823 3274 enim
2846 3221 3003 3290 juxta
3043 3221 3265 3275 illorum
3285 3221 3455 3276 verba
3477 3222 3659 3292 quod-

2065 3304 2192 3359 dam
2218 3306 2462 3361 medium
2491 3307 2632 3363 etlici
2663 3310 2897 3366 alterius
2931 3320 3145 3366 naturae
3175 3326 3342 3382 quam
3363 3310 3512 3382 quod
3540 3328 3662 3379 erat

2066 3398 2507 3469 unumquodque
2542 3415 2643 3471 per
2664 3410 2871 3472 partes.

395 3491 527 3561 μίαν
560 3488 887 3543 ἀποτελέσαι
916 3486 1167 3541 σύνθετον
1205 3484 1389 3555 φύσιν,
1441 3485 1580 3557 ὅπερ
1647 3484 1798 3539 ἐστὶν
1831 3532 1838 3542 .
1867 3486 1926 3540 ἓν
1989 3488 2183 3543 κοινῶν
2235 3507 2399 3545 τινων
2454 3486 2616 3557 εἶναι,
2650 3491 2763 3563 ξτὴν
2814 3494 3105 3564 κοινότητα
3164 3493 3372 3565 ταύτην
3399 3495 3656 3551 διδόασιν⁶

394 3581 607 3652 ἀνάγκη
636 3581 745 3650 γὰρ
773 3577 915 3632 κατά
937 3578 1062 3642 τοὺς
1089 3576 1313 3632 ἐκείνων
1343 3575 1537 3646 λόγους
1567 3576 1997 3650 ἀποτελεσθῆναι
2035 3596 2089 3633 τι
2115 3580 2280 3652 μέσον
2324 3583 2649 3653 ἑτεροφυὲς,
2683 3583 2715 3652 ἢ
2776 3584 2912 3655 ὅπερ
2938 3581 3008 3658 ἦν
3036 3585 3298 3656 ἑκάτερον
3332 3587 3438 3642 ἀνά
3466 3589 3657 3662 μέρος,

464 3672 732 3727 Κάκεῖθεν
759 3671 817 3724 δὲ
851 3670 1029 3723 αὐτῶν
1053 3670 1124 3724 τὰ
1147 3669 1250 3742 τῆς
1281 3669 1511 3733 ἀτοπίας
1550 3669 1835 3740 ἐλέγχεται
1872 3687 1885 3701 ·
1918 3672 1967 3725 εί

2142 3672 2277 3728 Inde
2331 3674 2565 3730 stultitia
2600 3691 2792 3730 eorum
2828 3677 3185 3744 confutatur;
3220 3678 3267 3733 si
3295 3680 3445 3734 enim
3466 3696 3660 3739 omnes

392 3765 505 3834 γὰρ
543 3763 640 3817 διὰ
680 3763 898 3816 πάντων
925 3761 1272 3833 ὡμολόγηται
1299 3760 1480 3832 ἁπλῆν
1509 3756 1648 3816 εῖναι
1679 3760 1771 3815 καὶ
1800 3760 1967 3816 ἀσύν-

2074 3762 2410 3819 conﬁtentur
2442 3765 2747 3835 simplicem
2772 3781 2894 3822 esse
2928 3775 3093 3838 atque
3109 3768 3533 3840 incompositam
3556 3788 3657 3827 na-

395 3859 550 3911 θετον
576 3857 674 3926 τὴν
705 3855 865 3926 φύσιν
892 3854 992 3925 τῆς
1019 3855 1179 3924 ἁγίας
1207 3855 1457 3925 Τριάδος,
1477 3854 1635 3908 αὐτοὶ
1661 3853 1717 3908 δὲ
1774 3854 1965 3909 σύνθε-

2078 3861 2258 3908 turam
2284 3863 2487 3909 sanctze
2509 3855 2818 3923 Trinitatis,
2839 3855 2918 3911 illi
2941 3867 3126 3912 autem
3148 3850 3514 3929 compositam
3532 3860 3657 3916 Filii

394 3970 484 4005 τον
516 3950 794 4019 εἰσάγουσι
819 3949 917 4019 τὴν
954 3948 1048 4002 τοῦ
1073 3947 1203 4002 Υἱοῦ
1233 3947 1395 4017 φύσιν
1416 3987 1434 4012 ,
1463 3945 1820 4018 εὑρεθήσεται
1848 3947 1969 4001 κατ’

2075 3953 2327 3999 naturam
2349 3946 2639 4012 inducunt,
2671 3948 2740 4003 ab
2771 3948 2908 4018 ipsis
2939 3958 3139 4005 natura
3164 3951 3337 4007 altera
3357 3952 3479 4007 Filii
3504 3952 3659 4010 inve-

394 4043 588 4106 αύτοὺς
618 4042 780 4112 ἑτέρα
806 4040 967 4110 φύσις
990 4043 1024 4113 η
1052 4040 1144 4094 τοῦ
1176 4040 1304 4093 Υίοῦ
1326 4038 1477 4111 παρὰ
1503 4039 1604 4110 τὴν
1625 4039 1719 4093 τοῦ
1752 4040 1969 4109 Πατρδς

2076 4037 2263 4091 nietur
2310 4048 2512 4107 praeter
2556 4050 2816 4095 naturam
2854 4040 3034 4097 Patris
3073 4043 3358 4113 sanctique
3394 4042 3654 4114 Spiritus.

394 4135 489 4187 καὶ
519 4134 613 4187 τοῦ
648 4134 804 4202 ἁγίου
842 4131 1177 4202 Πνεύματος.
1209 4128 1355 4201 Πλὴν
1378 4130 1473 4183 καὶ
1506 4130 1539 4200 ἠ
1575 4129 1704 4201 περὶ
1723 4130 1821 4199 τῆς
1841 4145 1967 4184 συν-

2073 4124 2343 4182 Caeterum
2375 4137 2585 4185 natura:
2609 4132 2927 4201 composita;
2945 4132 3264 4189 adinventio
3292 4134 3500 4190 nullius
3520 4134 3656 4190 alte-

395 4224 551 4279 θετου
584 4225 796 4296 φύσεως
832 4224 1049 4295 εὕρεσις
1079 4222 1291 4285 οὐδενὸς
1313 4221 1499 4291 ἐτέρου
1529 4219 1676 4291 ἢτοῦ
1708 4219 1966 4273 διδασκά-

2072 4218 2192 4274 rius
2208 4227 2294 4273 est
2307 4234 2469 4288 quam
2490 4221 2735 4291 magistri
2753 4223 2962 4277 erroris
2981 4238 3171 4277 eorum
3189 4223 3518 4295 Apolinarii,
3538 4240 3656 4282 mo-

388 4315 488 4369 λου
520 4316 621 4386 τῆς
655 4316 858 4385 πλάνης
886 4312 1065 4368 αὐτῶν
1092 4315 1237 4366 εστιν
1283 4311 1680 4382 Ἀπολιναρίου,
1708 4309 1802 4364 τοῦ
1832 4310 1964 4363 ποτὲ

2072 4309 2144 4364 do
2167 4325 2331 4365 unam
2356 4320 2605 4366 naturam
2624 4315 2983 4383 compositam
3011 4315 3266 4382 dicentis,
3293 4318 3457 4373 modo
3485 4334 3651 4375 unam

394 4408 494 4476 μὲν
554 4407 683 4477 μίαν
734 4404 985 4458 σύνθετον
1046 4406 1207 4473 φύσιν
1254 4401 1527 4470 λέγοντος,
1560 4402 1690 4456 ποτὲ
1724 4402 1782 4454 δὲ
1834 4402 1962 4471 μίαν

2072 4401 2374 4457 divinitatis
2390 4418 2455 4457 ac
2472 4403 2833 4460 humanitatis
2848 4406 3216 4476 imaginantis.
3232 4407 3346 4464 Hoc
3362 4411 3650 4480 exquirere

394 4483 647 4570 θεότητος
696 4497 791 4550 καὶ
838 4496 1255 4568 ἀνθρωπότητος
1308 4495 1760 4558 ἀναπλάττοντος.
1786 4494 1962 4565 Ὅπερ

2072 4494 2201 4548 licet
2242 4509 2309 4548 ex
2351 4494 2527 4564 ipsius
2582 4495 2827 4551 haeretici
2866 4497 3057 4565 libris;
3090 4499 3146 4553 in
3198 4515 3452 4556 sermone
3499 4502 3649 4557 enim

393 4592 573 4662 εὑρεῖν
595 4589 804 4657 ἔξεστιν
826 4591 889 4642 ὲκ
917 4588 1027 4641 τῶν
1054 4587 1149 4642 τοῦ
1175 4587 1338 4643 αὐτοῦ
1367 4585 1647 4658 αἱρετικοῦ
1677 4602 1966 4657 συγγραμ-

2072 4599 2235 4654 quem
2259 4586 2455 4639 scribit
2476 4585 2544 4639 ad
2572 4586 2695 4641 illos
2719 4587 2813 4657 qui
2845 4588 3124 4643 hominem
3154 4605 3185 4643 a
3220 4590 3404 4645 Verbo
3431 4607 3648 4647 assum-

393 4679 600 4749 μάτων·
634 4682 691 4733 ὲν
716 4679 824 4750 γὰρ
854 4677 932 4749 τῷ
964 4677 1109 4749 λόγῳ
1128 4679 1188 4733 ὃν
1220 4678 1516 4748 ἐπιγράφει
1543 4677 1677 4748 πρὸς
1712 4678 1836 4740 τοὺς
1868 4677 1964 4728 ἄν·

392 4771 607 4841 θρωπον
629 4771 735 4824 ὑπὸ
762 4771 856 4824 τοῦ
885 4772 1060 4839 Λόγου
1086 4770 1485 4841 πῳσειλῆφθαι
1511 4768 1785 4837 λέγοντας,
1819 4768 1963 4836 λέγει

2070 4681 2223 4743 ptum
2257 4673 2428 4729 fuisse
2455 4675 2734 4741 dicebant,
2766 4676 2882 4732 haec
2912 4677 3087 4733 dicit:
3124 4698 3142 4731 ι
3178 4679 3354 4734 Homo
3386 4696 3529 4739 unus
3563 4692 3646 4739 est

2068 4765 2342 4830 Christus,
2379 4765 2523 4821 sicut
2551 4783 2695 4823 unus
2726 4768 2872 4824 Deus
2902 4770 3069 4824 Pater
3085 4772 3180 4840 qui
3209 4779 3295 4826 est
3323 4773 3646 4840 naturae,ita

386 4863 538 4916 τάδε’
569 4881 591 4914 ε
634 4862 955 4930 ΙἌνθρωπος
983 4859 1064 4926 εἷς
1101 4864 1129 4916 ὁ
1155 4861 1388 4933 Χριστὸς
1414 4862 1492 4926 ὡς
1532 4856 1613 4925 εἷς
1641 4860 1773 4925 Θεὸς
1798 4864 1824 4915 ὁ
1851 4863 1961 4914 Πα-

2072 4868 2131 4922 ut
2183 4858 2288 4912 hoc
2315 4861 2388 4913 sit
2424 4874 2644 4929 quoque
2674 4868 2886 4915 naturae
2908 4862 3248 4931 compositae,
3281 4865 3479 4919 mediae
3503 4866 3648 4921 inter

387 4951 493 5022 τηρ
524 4952 553 5004 ὃ
575 4952 693 5004 ἐστι
723 4951 960 5020 φύσεως,
985 4951 1125 5006 ὥστε
1163 4952 1259 5006 καὶ
1284 4952 1440 5006 τοῦτο
1462 4950 1675 5022 φύσεως
1708 4950 1960 5005 συνθέτου

2072 4950 2239 5004 Deum
2257 4960 2313 5005 et
2334 4950 2636 5006 hominem.
2651 4951 2829 5005 ildem
2852 4952 3055 5022 impius
3075 4953 3494 5024 Apolinariusin
3522 4955 3649 5011 Ser-

393 5043 597 5111 μεταξὺ
652 5041 819 5112 οὔσης
848 5043 1000 5110 ,Θεοῦ
1044 5045 1139 5097 καὶ
1173 5041 1495 5116 ἀνθρώπων.
1532 5062 1552 5095 ι
1599 5042 1708 5095 Καὶ
1746 5041 1908 5095 πάλιν
1940 5043 1969 5095 ό

2072 5058 2234 5096 mone
2263 5041 2331 5096 de
2368 5041 2747 5097 incarnatione
2775 5042 3103 5111 divinitatis,
3121 5045 3300 5116 capite
3320 5046 3643 5111 tredecimo,

390 5133 553 5197 αὐτὸς
590 5133 793 5205 ἀσεὸὴς
847 5133 1220 5205 ’Δπολινάριος
1268 5135 1326 5186 ὲν
1377 5133 1454 5203 τῷ
1499 5134 1629 5203 περὶ
1669 5132 1767 5203 τῆς
1814 5132 1963 5196 θείας

2074 5132 2193 5187 haec
2243 5133 2445 5187 iterum
2497 5131 2666 5187 dicit:
2700 5131 2878 5188 «Caro
2930 5149 3051 5204 qua:
3079 5136 3292 5191 moveri
3324 5137 3645 5192 nullomodo

391 5226 720 5295 σαρκώσεως
803 5226 983 5296 λόγῳ,
1060 5227 1119 5279 ὲν
1188 5223 1467 5294 κεφαλαίῳ
1533 5224 1962 5295 τρισκαιδεκάτῳ

2072 5232 2258 5296 potest
2284 5223 2392 5279 nisi
2423 5240 2453 5279 a
2482 5232 2736 5280 movente
2764 5235 3067 5296 agente'que
3096 5236 3346 5292 externo,
3366 5229 3645 5298 quomodo

387 5312 535 5383 λέγει
583 5315 749 5370 τάδε’
798 5336 817 5369 ε
871 5316 934 5369 Ἦ
1014 5315 1153 5387 σὰρξ
1209 5315 1584 5386 ἑτεροκῑνητος
1639 5311 1771 5369 οὖσα
1824 5316 1964 5367 πάν.

2078 5322 2321 5385 unquam
2351 5314 2488 5370 illud
2508 5331 2629 5370 esse
2650 5317 2868 5386 posset?
2892 5317 3009 5372 Non
3049 5327 3134 5373 est
3157 5333 3187 5373 a
3208 5319 3503 5388 semetipsa
3521 5318 3644 5372 ani-

386 5418 498 5467 τως
564 5404 670 5457 ὑπὸ
727 5404 822 5458 τοῦ
896 5405 1180 5468 κινοῦντος
1263 5406 1359 5458 καὶ
1426 5405 1694 5473 ἄγοντος,
1778 5406 1962 5459 ὁποῖόν

2072 5409 2176 5462 mal
2218 5407 2546 5476 perfectum,
2599 5408 2693 5462 sed
2744 5423 2868 5462 cum
2919 5409 3030 5463 hoc
3078 5410 3383 5479 perfectum
3440 5400 3641 5463 animal

387 5509 521 5546 ποτε
556 5496 623 5550 ἂν
662 5497 763 5558 εἴη
794 5494 953 5549 τοῦτο
995 5497 1091 5549 καὶ
1131 5497 1231 5549 ούκ
1268 5496 1482 5559 ἐντελὲς
1516 5491 1652 5548 οὖσα
1692 5496 1830 5559 ζῶον
1866 5497 1960 5568 ἀφ’

2072 5498 2246 5568 ipsam
2278 5497 2398 5551 ﬁeri
2419 5507 2685 5553 statutum
2711 5498 2926 5564 fuisset,
2966 5514 3023 5555 se
3047 5514 3170 5553 cum
3203 5500 3342 5553 duce
3367 5514 3468 5552 suo
3505 5512 3641 5552 con-

457 5629 539 5699 (ι)
558 5630 929 5702 Ειὶηοιςιιοο
953 5632 1167 5700 prolixa
1197 5631 1494 5686 Justiniani
1524 5633 1756 5702 epistola
1793 5633 2015 5690 nonnisi
2047 5634 2164 5691 fere
2224 5634 2462 5691 incditos
2492 5635 2712 5690 Patrum
2767 5634 2940 5700 locos,
2995 5642 3052 5687 et
3077 5634 3407 5702 praecipuam
3434 5631 3641 5689 doctri-

387 5698 837 5768 nam’chCrit-si,
873 5698 1105 5774 reliquis
1134 5703 1538 5774 praetermissis.
