3954 6146
356 300 494 368 1125

1269 276 1708 356 TRACTATUS
1745 291 2042 356 CONTRA
2077 289 2679 356 MONOPHYSITAS.

3465 301 3600 369 1126

335 410 450 468 τῶν
469 407 642 478 ἁγίων
667 398 928 480 Πατέρων
948 406 1266 476 ἐπωνυμίας
1290 409 1402 472 τοῖς
1422 406 1614 462 τούτου
1639 403 1916 475 συγγράμε

2027 401 2386 458 γεηιίοηίιιυε
2413 401 2882 468 suisinscribnnt,
2918 403 3260 476 simpliciora
3293 409 3601 468 reticentes

329 519 496 576 -μοισι,
518 503 616 558 καὶ
629 505 742 565 τοῖς
755 500 963 556 ἑαυτῶν
985 499 1298 570 πλάσμασιν
1315 497 1641 564 ἐπιτιθέασι,
1667 497 1920 550 κλέπτον-

325 613 430 660 τες
467 595 598 660 τοὺς
648 593 1074 664 ἁπλουστέρους,
1107 593 1203 646 καὶ
1239 590 1338 663 τὴν
1363 591 1483 645 ὁδον
1522 591 1623 662 τῆς
1659 589 1916 660 ἀληθείας

335 683 819 758 διαδιδράσκοντες.
837 681 1178 754 Προφέρουσι
1199 680 1420 752 γὰρδύο
1447 679 1734 743 ἐπιστολὰς
1759 679 1920 750 ψευδ⁴

336 777 697 848 επιγράφους,
735 773 861 845 μίαν
902 773 1000 844 μὲν
1034 773 1185 844 παρὰ
1215 771 1438 826 Ἰουλίου
1479 770 1577 826 τοῦ
1614 771 1916 826 ἐπισκόπου

347 867 568 939 Ῥώμης
598 867 684 940 .t‘!)
726 866 862 938 πρὸς
893 865 1168 920 Διονύσιον
1195 863 1566 938 πρεσϐύτερον
1593 862 1916 936 γεγραμμέ-

336 975 438 1030 νην
468 959 696 1029 ἔχουσαν
732 955 908 1020 οὕτως
931 971 947 988 ·
980 959 1060 1028 (ut
1106 957 1160 1010 in
1207 957 1434 1010 editione
1461 954 1764 1020 Maratoriip
1797 954 1916 1008 ἐτέ-

340 1061 444 1116 ραν
488 1043 543 1096 δὲ
577 1045 654 1106 :b;
676 1043 751 1115 δὴ
778 1045 930 1116 παρὰ
983 1043 1308 1114 Ἀθανασίου
1340 1043 1434 1098 τοῦ
1469 1042 1527 1097 ὲν
1565 1044 1742 1114 ἁγίοις
1777 1044 1916 1117 πρὸς

348 1133 604 1190 Ἰσσιανὺν
633 1135 724 1188 τὸν
756 1132 980 1201 βασιλέα
1027 1135 1426 1206 γεγραμμένην
1455 1135 1686 1206 ἔχουσαν
1717 1135 1912 1198 οὕτως’

331 1246 360 1279 1
409 1225 700 1296 Ὀμολογοῦ
712 1241 810 1296 μεν
848 1224 948 1278 τὸν
974 1225 1104 1279 Υίὸν
1142 1225 1236 1280 τοῦ
1269 1224 1406 1280 Θεοῦ
1445 1226 1538 1281 τὸν
1567 1227 1673 1300 πρὸ
1705 1227 1916 1281 αἰώνων

335 1309 522 1375 ἀϊδίως
551 1312 617 1364 ὲκ
644 1310 736 1365 τοῦ
780 1310 992 1384 Πατρδς
1031 1311 1384 1382 γεννηθέντα,
1433 1314 1522 1366 ἄπ’
1552 1314 1779 1385 ἐσχάτου
1806 1316 1916 1369 τῶν

335 1402 548 1458 αἰώνων
581 1405 669 1458 δια
709 1403 809 1474 τὴν
853 1405 1132 1476 ἡμετέραν
1165 1405 1435 1477 σωτηρίαν
1484 1409 1549 1460 ὲκ
1577 1409 1794 1479 Μαρίας
1817 1410 1918 1480 τῆς

328 1493 500 1562 ἁγίας
539 1495 818 1568 Παρθένου
850 1497 1182 1566 γεννηθέντα
1227 1498 1371 1552 κατὰ
1405 1499 1600 1570 σάρκα,
1625 1498 1701 1563 ὡς
1722 1501 1750 1553 ὁ
1775 1498 1917 1564 θεῖος

347 1586 667 1651 Ἀπόστολος
690 1587 930 1642 διδάσκει
951 1586 1148 1657 λέγων,
1182 1590 1320 1644 Ὅτε
1352 1589 1421 1644 δὲ
1467 1587 1618 1662 ἦλθε
1646 1591 1715 1646 τὸ
1756 1591 1914 1660 πλή-

317 1695 496 1748 ςρωμα
523 1678 628 1734 τοῦ
657 1679 901 1750 χρόνου,
933 1679 1363 1746 ἐξαπέστειλεν
1395 1685 1432 1737 ό
1469 1683 1615 1751 Θεὸς
1637 1683 1746 1737 τὸν
1780 1683 1918 1738 ΥΙὸν

2025 494 2284 562 \iamqne'
2328 493 2582 548 veritatis
2653 495 3090 564 intercipientes.
3143 496 3258 552 luto
3313 497 3602 568 proferunt

2020 585 2160 640 duas
2184 585 2305 640 falsi
2336 585 2579 640 nominis
2632 585 2918 656 epistolas,
2947 602 3114 641 unam
3161 603 3190 642 a
3235 587 3385 643 Julio
3414 589 3602 646 Roma:

2018 679 2280 748 episcopo
2311 678 2379 734 ad
2414 677 2736 750 Dionysium
2763 679 3148 751 presbyterum
3191 680 3452 750 scriptam
3483 680 3602 736 haec

2018 769 2460 827 continentem...
2492 770 2668 824 Aliam
2715 780 2902 826 autem
2929 773 2998 826 ab
3047 770 3354 826 Athanasio
3406 781 3601 828 saneto

2017 859 2086 914 ad
2107 859 2397 914 .Ioviannm
2436 859 2825 929 imperatorem
2859 861 3141 932 scriptam,
3171 861 3250 918 sic
3277 861 3598 918 habentem:

2025 969 2042 1004 ι
2063 949 2406 1006 Conﬂtemur
2437 950 2637 1006 Filium
2669 953 2763 1007 Dei
2801 961 2931 1008 ante
2963 955 3162 1010 secula
3202 955 3273 1010 ab
3297 963 3507 1012 aeterno
3531 971 3599 1011 ex

2020 1044 2186 1100 Patre
2216 1045 2492 1116 genitum,
2553 1045 2607 1098 in
2647 1043 2951 1100 novissimo
2983 1047 3314 1101 saeculorum
3366 1055 3601 1119 propter

2015 1145 2263 1192 nostram
2291 1137 2525 1192 salutem
2556 1152 2622 1192 ex
2647 1136 2818 1191 Maria
2847 1146 3034 1192 sancta
3081 1138 3308 1210 Virgine
3345 1139 3596 1208 genitum

2017 1227 2323 1284 secundum
2345 1243 2588 1290 carnem,
2614 1229 2770 1298 juxta
2801 1228 2948 1298 quod
2986 1228 3150 1284 docet
3178 1231 3338 1284 divus
3359 1231 3598 1302 Aposto-

2015 1321 2104 1377 lus
2125 1320 2318 1375 dicens
2338 1340 2349 1372 :
2369 1320 2502 1375 Cum
2527 1321 2665 1374 venit
2689 1318 2962 1392 plenitudo
2988 1321 3262 1390 temporis,
3293 1322 3432 1376 misit
3462 1321 3600 1376 Deus

2015 1411 2214 1466 Filium
2232 1427 2389 1465 suum
2417 1411 2618 1482 factum
2641 1427 2704 1466 ex
2729 1409 2955 1466 muliere
2973 1420 3022 1464 ιι.
3048 1409 3396 1466 Conﬁtentur
3428 1411 3596 1468 etiam

2016 1503 2197 1573 ipsum
2225 1517 2348 1558 esse
2383 1502 2583 1556 Filium
2617 1503 2738 1570 Dei,
2766 1503 2938 1558 Deum
2971 1501 3278 1556 secundum
3305 1501 3596 1572 Spiritum,
3667 1533 3672 1538 -

2019 1595 2498 1654 Filium‘ltominis
2520 1595 2828 1652 secundum
2860 1611 3108 1660 carnem,
3130 1610 3242 1652 non
3273 1593 3412 1650 duas
3441 1601 3598 1649 natu-

2018 1703 2109 1742 ras
2131 1703 2252 1744 esse
2268 1689 2492 1744 unicum
2529 1688 2758 1756 Filium,
2788 1704 2956 1744 unam
2979 1687 3314 1744 adorandam
3333 1687 3597 1742 alteram-

331 1769 520 1827 αὑτοῦ
551 1773 877 1842 γενόμενον
898 1772 970 1826 ἐκ
1000 1773 1310 1844 γυναικός.
1342 1776 1450 1829 Καὶ
1473 1775 1634 1828 αὐτὸν
1665 1775 1793 1829 Υίὸν
1815 1775 1910 1830 τοῦ

2021 1796 2130 1852 que
2157 1796 2269 1834 non
2306 1779 2668 1844 adorandum,
2695 1753 2794 1834 sed
2827 1794 2992 1834 unam
3021 1789 3276 1834 naturam
3299 1777 3396 1832 Dei
3425 1776 3595 1832 Verbi

330 1863 489 1926 Θεοῦ,
535 1865 630 1919 καὶ
661 1863 794 1918 Θεὸν
837 1865 979 1918 κατὰ
1005 1864 1251 1935 Πνεῦμα,
1287 1867 1416 1920 Υίδν
1448 1867 1736 1940 ἀνθρώπου
1770 1869 1914 1922 κατὰ

329 1955 530 2028 σάρκα,
553 1959 615 2010 ού
638 1955 732 2011 δύο
763 1955 956 2026 φύσεις
980 1957 1074 2010 τὸν
1123 1957 1219 2011 ἕνα
1249 1957 1398 2022 Υἱὸν,
1430 1958 1560 2029 μίαν
1603 1977 1914 2032 προσκυνη-

2020 1871 2472 1942 incarnatamque
2523 1872 2922 1942 adoratamque
2973 1887 3102 1927 cum
3169 1885 3338 1926 carne
3420 1868 3597 1940 ipsius

2021 1963 2348 2018 adoratione
2382 1980 2542 2018 una.»

321 2047 426 2118 την
456 2049 548 2101 καὶ
607 2047 738 2118 μίαν
792 2047 1228 2118 ἀπροσκύνητον,
1281 2047 1416 2102 ἀλλὰ
1445 2050 1578 2119 μίαν
1625 2049 1789 2118 φύσιν
1841 2051 1937 2106 τοῦ
2010 2053 2144 2108 Θεοῦ
2205 2055 2378 2122 Λὸγὸυ
2444 2049 2906 2124 σεσσρκωμένην,
2963 2051 3060 2106 καὶ
3113 2051 3597 2121 προσκυνουμένην

331 2139 468 2211 μετὶ
499 2138 597 2208 τῆς
627 2139 828 2210 σαρκὸς
853 2138 1018 2194 αὑτοῦ
1054 2141 1154 2211 μιᾷ
1175 2141 1566 2210 προσκυνήσει.
1607 2159 1626 2193 ι

398 2231 617 2284 Τούτων
651 2231 830 2284 τοίνυν
869 2231 1022 2303 παρᾶ
1061 2232 1170 2285 τῶν
1212 2232 1529 2298 Ἀκεφάλων
1557 2235 1903 2306 προφερομέ-
1981 2221 1985 2224 ’

318 2336 436 2372 νων
463 2321 497 2390 ή
530 2318 625 2374 τοῦ
656 2319 794 2374 Θεοῦ
827 2321 992 2390 σοφία
1021 2319 1226 2375 ἄνωθεν
1258 2321 1776 2393 αὺτῶνρναιροῦσα
1806 2325 1907 2396 τὴν

329 2407 550 2470 κακίαν.
605 2411 665 2463 ού
711 2410 1058 2482 συνεχώρησε
1114 2413 1301 2482 μεῖναι
1331 2411 1393 2464 τὸ
1421 2410 1620 2482 ψεῦδος
1647 2414 1914 2483 ἀνέλεγκτ

327 2517 450 2556 τον.“
482 2499 683 2556 δέδωκε
721 2502 833 2572 γὰρ
873 2504 1006 2574 ἡμῖν
1055 2503 1347 2573 ἐπιστῆναι
1377 2507 1494 2568 τοῖς
1524 2505 1908 2576 Ἀπολιναρίου

334 2594 856 2666 συγγράμμασιν,ἃ
891 2596 1286 2666 παρατιθέντες
1342 2599 1456 2661 τοῖς
1509 2599 1660 2668 παρὰ
1707 2599 1913 2654 τούτων

337 2691 794 2759 προφερομένοις,
826 2687 1076 2760 φανερῶς
1111 2688 1408 2760 ἐλέγξομεν
1442 2692 1506 2744 ἐκ
1559 2691 1669 2744 τῶν
1703 2691 1920 2745 Ἀπολι-

330 2779 528 2851 Αναρίου
554 2779 728 2850 λόγων
767 2779 940 2834 ταῦτα
973 2781 1108 2852 παρ’
1133 2783 1315 2835 αὐτῶν
1352 2782 1746 2853 προσαλέσθαι.
1773 2782 1920 2854 Γρά-

334 2887 428 2940 φει
461 2871 570 2942 γὰρ
599 2873 628 2926 ὁ
657 2871 819 2936 αὐτὸς
862 2871 1238 2944 ’Λπολινάριος
1261 2873 1320 2927 ἐν
1345 2874 1424 2942 τῷ
1453 2874 1597 2928 κατὰ
1650 2875 1918 2946 Διοδώρου

330 2963 494 3018 τάδε’
525 2982 544 3016 ι
570 2963 774 3034 Ἀλλης
810 2963 908 3018 καὶ
943 2964 1111 3036 ἄλλης
1138 2965 1346 3030 οὐσίας,
1379 2967 1510 3037 μίαν
1531 2962 1670 3021 εἷναι
1698 2967 1793 3023 καὶ
1819 2968 1918 3040 τὴν

2085 2232 2182 2288 llis
2223 2246 2358 2303 ergo
2407 2231 2477 2287 ab
2519 2229 2814 2302 Acephalis
2874 2230 3106 2302 prolatis
3165 2229 3268 2286 Dei
3329 2231 3594 2302 sapientia

2012 2333 2304 2397 postquam
2346 2340 2378 2380 e
2439 2324 2580 2380 coalo
2623 2324 2888 2378 malitiam
2947 2338 3149 2378 eorum
3195 2326 3592 2394 percussisset,

2014 2417 2367 2472 mendacium
2412 2431 2524 2471 non
2558 2415 2916 2470 confutatam
2965 2430 3254 2469 remanere
3282 2431 3392 2470 non
3420 2415 3592 2482 sivit;

2015 2507 2178 2562 nobis
2214 2507 2362 2561 enim
2399 2505 2554 2561 dedit
2609 2506 2665 2560 in
2708 2507 2912 2577 scripta
2953 2504 3270 2576 Apolinarii
3323 2507 3593 2574 incidere,

2017 2613 2289 2670 quaecum
2319 2599 2551 2669 prolatis
2581 2598 2650 2653 ab
2683 2598 2790 2652 illis
2841 2605 3260 2668 componentes,
3305 2599 3596 2654 manifeste

2013 2704 2080 2746 ex
2099 2690 2283 2745 verbis
2300 2689 2604 2760 Apolinarii
2623 2689 2712 2744 illa
2734 2689 2885 2744 hisce
2904 2689 3180 2744 confutari
3200 2690 3586 2760 probabimus;

2033 2781 2091 2836 in
2123 2796 2383 2838 sermone
2426 2782 2576 2837 enim
2612 2781 2880 2836 adversus
2913 2780 3216 2837 Diodorum
3243 2782 3360 2836 haec
3399 2783 3594 2838 scribit

2013 2874 2400 2947 Apolinarius:
2451 2892 2470 2928 ι
2503 2873 2806 2946 Utriusque
2867 2875 3196 2938 substantia:
3245 2891 3409 2932 unam
3437 2892 3592 2932 eam-

2014 2967 2253 3039 demque
2285 2983 2407 3024 esse
2431 2968 2812 3023 adorationem
2856 2982 2968 3022 non
2995 2969 3208 3038 justum
3243 2977 3350 3031 est.
3379 2970 3594 3026 scilicet

331 3053 512 3123 αὐτὴν
555 3056 955 3128 προσκύνησιν,
1022 3057 1307 3126 ἀθέμιτον,
1353 3058 1637 3112 τουτέστιν
1683 3059 1912 3129 Ποιητοῦ

2016 3059 2295 3114 Creatoris
2315 3070 2372 3114 et
2399 3069 2688 3120 creaturae.
2723 3059 2820 3114 Dei
2849 3068 2906 3112 et
2931 3059 3198 3114 beluinis.
3225 3059 3346 3116 Una
3381 3070 3466 3116 cst
3491 3077 3594 3116 aur~

333 3145 436 3198 καὶ
481 3146 806 3216 ποιήματος,
853 3147 988 3201 Θεοῦ
1020 3148 1117 3200 καὶ
1147 3147 1461 3218 ἀνθρώπου.
1506 3151 1623 3204 Μία
1659 3150 1722 3204 δὲ
1746 3167 1914 3222 προσ-

336 3232 574 3304 κύνησις
597 3235 860 3303 Χριστοῦ,
893 3237 990 3290 καὶ
1021 3242 1162 3290 κατὰ
1184 3237 1343 3290 τοῦτο
1373 3239 1432 3292 ἐν
1455 3238 1533 3307 τῷ
1567 3239 1650 3293 ἑνὶ
1685 3240 1914 3310 ὀνόματι

331 3329 542 3381 νοεῖται
595 3327 732 3390 Θεὸς
771 3327 867 3380 καὶ
905 3325 1226 3399 ἄνθρωπος·
1269 3329 1370 3382 οὐκ
1411 3329 1521 3400 ἄρα
1573 3329 1706 3402 ἄλλη
1753 3331 1916 3385 ούσία

332 3417 470 3482 θεὸς
508 3418 602 3472 καὶ
651 3417 964 3490 ἄνθρωπος,
997 3418 1137 3474 ἀλλὰ
1169 3418 1270 3490 μία
1320 3421 1462 3475 κατά
1495 3420 1747 3476 σύνθεσιν
1775 3421 1911 3476 Θεοῦ

337 3509 478 3580 πρὸς
533 3508 691 3580 σῶμα
737 3507 1098 3582 ἀνθρώπινον.
1127 3528 1146 3563 ι
1181 3510 1292 3566 Καὶ
1325 3512 1492 3566 πάλιν
1533 3513 1594 3566 ἐν
1637 3511 1714 3584 τῷ
1765 3509 1914 3585 αὐτῷ

332 3601 480 3671 λόγῳ
509 3617 527 3634 ο
565 3621 583 3653 ι
614 3601 740 3666 Πῶς
797 3601 908 3674 γὰρ
958 3603 1021 3656 τδ
1068 3605 1300 3676 πρᾶγμα
1347 3604 1411 3659 ού
1439 3603 1715 3671 δυσσεϐὲς,
1747 3605 1914 3676 ἄλλην

333 3694 527 3748 οὐσίαν
553 3695 781 3766 κτιστὴν
824 3696 918 3748 καὶ
939 3695 1193 3765 δουλικὴν
1229 3697 1360 3768 μίαν
1381 3697 1528 3769 ἔχειν
1560 3698 1656 3752 καὶ
1683 3697 1783 3770 τὴν
1817 3700 1912 3754 αύ-

330 3786 436 3856 τὴν
473 3786 848 3856 προσκύνησιν
899 3787 979 3858 τῷ
1035 3789 1246 3863 κτίστῃ
1297 3791 1394 3844 καὶ
1441 3790 1722 3864 Δεσπότης
1749 3811 1770 3843 ι
1805 3791 1914 3846 Καὶ

331 3878 547 3932 πάλινὸ
576 3877 740 3943 αὐτὸς
773 3879 976 3951 ἀσεϐὴς
1019 3879 1398 3953 ’Λπολινάριος
1429 3883 1484 3936 ἐν
1506 3881 1585 3954 τῷ
1609 3884 1740 3954 περὶ
1775 3897 1910 3956 σαρ-

331 3972 558 4037 κώσεως
589 3970 768 4042 λόγῳ·
805 3989 827 4022 ι
860 3971 1145 4026 ’Δεύνατον
1191 3973 1284 4027 τὸν
1331 3972 1494 4027 αὐτὸν
1526 3975 1620 4028 καὶ
1666 3991 1911 4048 προσκυ-

330 4063 494 4136 νητδν
525 4063 721 4117 ἑαυτὸν
761 4063 974 4118 ειδέναι
993 4065 1086 4118 καὶ
1115 4065 1192 4135 μή
1211 4081 1226 4096 ο
1259 4063 1526 4120 ἀδύνατον
1562 4067 1670 4136 ἄρα
1697 4066 1788 4120 τὸν
1814 4067 1910 4121 αύ-

330 4155 426 4210 τον
451 4151 594 4214 εἶναι
627 4155 762 4210 Θεόν
797 4173 858 4208 τε
896 4157 992 4210 καὶ
1038 4156 1330 4228 ἄνθρωπον
1357 4155 1416 4224 ἐξ
1445 4157 1765 4228 ὁλοκλήρου,
1793 4159 1910 4213 ἀλλ’

331 4249 394 4300 ἐν
428 4247 683 4318 μανότητι
717 4248 1028 4320 συγκράτου
1057 4247 1274 4318 φύσεως
1311 4247 1501 4320 θεῖκῆς
1550 4251 1910 4321 σεσαρκωμέ-

329 4354 448 4407 νης.
483 4359 502 4392 ι
535 4339 722 4393 Ταῦτα
753 4340 812 4394 δὲ
847 4341 998 4403 ὅπως
1041 4341 1158 4394 ἐστὶ
1207 4339 1480 4412 σύμφωνα
1513 4343 1610 4394 καὶ
1637 4339 1908 4397 ἀκόλουθα

2018 3160 2126 3206 tem
2154 3151 2356 3206 Christi
2393 3150 2666 3217 adoratio,
2706 3159 2949 3220 tuncque
2981 3151 3036 3204 in
3061 3165 3173 3204 uno
3194 3151 3419 3204 nomine
3447 3152 3594 3206 Deus

2014 3251 2072 3298 et
2102 3243 2269 3298 homo
2321 3243 2624 3312 cogitatur;
2667 3255 2780 3296 non
2815 3249 2902 3296 est
2943 3256 3075 3311 ergo
3121 3241 3296 3295 altera
3334 3249 3392 3295 et
3423 3241 3594 3296 altera

2015 3332 2324 3388 substantia
2379 3331 2526 3386 Deus
2577 3340 2634 3386 et
2685 3330 2873 3396 homo,
2928 3330 3024 3385 sed
3053 3346 3160 3385 una
3185 3340 3416 3400 propter
3457 3347 3595 3386 con-

2009 3417 2355 3491 junctionem
2399 3417 2496 3472 Dei
2537 3416 2606 3472 ad
2641 3431 2847 3488 corpus
2896 3416 3222 3472 humanum.
3266 3417 3594 3488 Rursusque

2013 3507 2072 3563 in
2123 3509 2322 3564 eodem
2359 3521 2660 3564 sermone:
2705 3505 3036 3573 «Quomodo
3089 3507 3240 3561 enim
3295 3507 3386 3562 hic
3435 3518 3596 3564 actus

2013 3599 2162 3656 haud
2185 3607 2336 3658 esset
2383 3597 2608 3670 impius,
2653 3597 2883 3654 alteram
2937 3597 3307 3652 substantiam
3351 3607 3592 3654 creatam

2013 3705 2342 3759 servamque
2388 3687 2641 3745 confiteri
2669 3687 3034 3758 eamdemque
3075 3686 3268 3743 deberi
3325 3698 3596 3746 creaturae

2011 3799 2078 3839 ac
2097 3782 2331 3838 Domino
2377 3781 2756 3838 adorationem
2775 3780 2800 3835 ?
2823 3798 2842 3832 ι
2863 3779 3018 3836 Idem
3041 3781 3246 3836 iterum
3261 3781 3318 3836 in
3337 3795 3596 3838 sermone

2011 3874 2082 3931 de
2122 3874 2541 3930 incarnatione:
2571 3891 2590 3925 ι
2626 3872 2976 3944 lmpossibile
3005 3882 3092 3928 est
3141 3873 3400 3930 eumdem
3424 3889 3595 3946 seque

2011 3965 2153 4022 scire
2189 3963 2532 4020 adorandum
2581 3969 2640 4019 et
2676 3979 2788 4018 non
2815 3963 3160 4020 adorandum
3192 3983 3207 4020 :
3245 3965 3594 4036 impossibile

2010 4066 2098 4112 est
2121 4057 2292 4129 igitur
2314 4054 2578 4112 eumdem
2607 4070 2732 4112 esse
2758 4056 2934 4112 Deum
2959 4064 3017 4112 et
3039 4055 3324 4112 hominem
3363 4071 3430 4112 ex
3452 4057 3596 4111 inte-

2009 4165 2129 4222 gro,
2163 4149 2264 4206 sed
2318 4149 2374 4205 in
2427 4149 2640 4207 unitate
2699 4151 2994 4206 commista
3022 4159 3235 4205 natura!
3273 4149 3476 4204 divina
3509 4149 3592 4203 in-

2009 4245 2268 4292 carnatae.
2295 4257 2314 4290 ι
2339 4237 2615 4304 Quantum
2647 4249 2834 4294 autem
2875 4240 2994 4294 haec
3037 4239 3430 4294 concinnentia
3479 4239 3587 4294 sint

2009 4343 2076 4384 ac
2102 4328 2492 4384 convenientia
2511 4344 2636 4384 cum
2657 4329 2908 4400 epistolis
2929 4345 3069 4400 quas
3085 4329 3277 4384 dolose
3299 4328 3590 4400 proferunt

329 4433 453 4494 ταῖς
494 4431 646 4500 παρὰ
684 4435 804 4495 ταῖς
839 4431 948 4484 τῶν
990 4431 1306 4500 Ἀκεφὰλων
1353 4429 1611 4494 πλαστῶς
1643 4447 1912 4503 προφερο-

2016 4419 2306 4492 Acephali,
2347 4421 2570 4476 nomine
2608 4419 2740 4476 Julii
2791 4429 2956 4492 atque
3008 4423 3320 4482 Athanasii,
3361 4423 3586 4478 Patrum

334 4523 530 4592 μέναις
583 4523 932 4590 ἐπιστολαῖς,
993 4525 1058 4578 ὲκ
1105 4522 1500 4594 προσηγορίας,
1545 4521 1762 4576 Ἰουλίου
1815 4521 1912 4576 καὶ

344 4615 663 4670 Ἀθανασίου
709 4617 818 4670 τῶν
870 4615 1044 4685 ἁγίων
1075 4616 1235 4687 ἡμῶν
1267 4615 1549 4684 Πατέρων,
1583 4613 1760 4666 οὐδενὶ
1800 4613 1912 4666 τῶν

329 4707 396 4762 εὖ
429 4707 772 4778 φρονούντων
817 4710 1116 4780 ἠγνόηται·
1147 4707 1211 4760 τὺ
1254 4707 1363 4779 γὰρ
1393 4707 1578 4774 λέγειν
1608 4705 1669 4758 οὐ
1692 4702 1787 4758 δύο
1809 4703 1911 4773 φύ-

331 4812 468 4860 σεις,
515 4795 647 4867 μίαν
693 4796 1082 4868 προσκυνητὴν
1133 4796 1229 4850 καὶ
1283 4795 1418 4867 μίαν
1469 4791 1908 4864 ἅπροσκύνητον,

328 4888 427 4940 καὶ
465 4888 630 4942 πάλιν
677 4887 846 4956 ἄλλης
882 4889 974 4941 καὶ
1026 4887 1196 4957 ἄλλης
1249 4887 1442 4951 οὐσίας
1475 4885 1605 4958 μίαν
1650 4881 1914 4939 εἶναικαὶ

327 4980 430 5050 τὴν
457 4979 630 5050 αὐτὴν
660 4977 1054 5050 προσκύνησιν,
1086 4978 1345 5050 ἀθέμιτον
1363 4992 1377 5009 ·
1420 4977 1516 5032 καὶ
1545 4976 1644 5048 τὴν
1683 4977 1913 5044 κτιστὴν

331 5073 428 5124 καὶ
455 5069 708 5138 δουλικὴν
738 5069 929 5122 ούσίαν
961 5070 1093 5140 μίαν
1118 5069 1268 5140 ἔχειν
1295 5071 1391 5124 καὶ
1408 5068 1510 5140 τὴν
1539 5068 1710 5139 αὐτὴν
1739 5082 1910 5138 προσ-

330 5163 562 5234 κύνησιν
593 5161 672 5233 τῷ
701 5160 912 5234 κτίστῃ
942 5161 1038 5214 καὶ
1069 5161 1338 5234 Δεσπὸτῃ,
1369 5160 1632 5232 οὐδεμίαν
1651 5161 1764 5231 ἔχει
1788 5157 1904 5210 δια-

329 5254 506 5326 φορὰν
529 5253 654 5313 οὔτε
694 5255 838 5308 κατὰ
877 5253 977 5316 τὰς
1015 5251 1192 5317 λέξεις
1227 5251 1352 5306 οὔτε
1380 5251 1523 5306 κατὰ
1545 5251 1645 5321 τὴν
1673 5251 1904 5304 ἔννοιαν.

332 5348 498 5404 Ὅθεν
523 5345 864 5414 ἐλέγξαντος,
885 5344 962 5408 ὡς
991 5346 1048 5398 αἱ
1070 5344 1479 5414 προφερόμεναι
1509 5341 1661 5414 παρὰ
1682 5340 1790 5394 τῶν
1821 5341 1908 5393 ai-

329 5437 568 5514 ρστικῶν
595 5439 692 5492 δύο
723 5437 1028 5504 ἐπιστολαὶ,
1052 5435 1272 5497 οὐδενὸς
1293 5433 1484 5502 ἑτέρου
1507 5432 1542 5504 ἢ
1573 5433 1672 5503 τῆς
1703 5431 1912 5503 πλάνης

405 5582 434 5614 ι
465 5573 641 5630 Galat.
669 5587 742 5636 tv,
778 5572 832 5625 4.

2011 4521 2328 4566 sanctorum
2348 4520 2686 4578 nostrorum,
2705 4528 2868 4568 nemo
2888 4513 3112 4583 sapiens
3132 4514 3344 4584 ignorat
3366 4531 3382 4581 ;
3406 4513 3590 4570 dicere

2010 4603 2158 4656 enim
2211 4616 2325 4656 non
2378 4617 2502 4658 esse
2541 4603 2680 4658 duas
2714 4611 2941 4658 naturas
2969 4643 2984 4669 ,
3036 4619 3202 4658 unam
3254 4603 3590 4658 adorandam

2011 4709 2292 4764 unamque
2338 4709 2452 4750 non
2503 4695 2862 4764 adorandam,
2919 4711 2987 4752 ac
3013 4711 3239 4752 rursum
3300 4695 3593 4767 utriusque

2009 4786 2334 4844 substantia:
2375 4802 2542 4842 unam
2598 4803 2722 4845 esse
2771 4787 3138 4858 eamdemque
3185 4787 3591 4854 adorationem,
3633 4767 3644 4781 ’

2012 4879 2281 4951 iniustum
2330 4885 2452 4946 est;
2503 4879 2636 4934 item
2675 4888 2920 4936 creatam
2966 4893 3296 4950 servamque
3329 4879 3590 4936 substan-

2011 4971 2145 5026 tiam
2195 4985 2362 5026 unam
2411 4971 2619 5027 habere
2675 4971 3040 5043 eamdemque
3084 4969 3472 5026 adorationem
3527 4987 3596 5028 ac

2007 5060 2328 5118 Creatorem
2355 5071 2414 5118 et
2437 5063 2756 5132 Dominum,
2779 5065 2988 5120 nullam
3021 5064 3188 5120 habet
3215 5059 3592 5120 dilferentiam

2008 5169 2116 5210 nec
2141 5154 2333 5211 verbis
2395 5169 2500 5210 nec
2527 5155 2583 5210 in
2613 5165 2820 5212 mente.
2850 5157 3094 5214 Probato
3113 5160 3264 5230 quod
3305 5158 3432 5214 duae
3476 5159 3596 5228 epi-

2014 5247 2168 5302 stolae
2211 5245 2282 5300 ab
2335 5243 2611 5317 haereticis
2667 5247 2896 5319 prolata
2941 5249 3152 5306 nullius
3190 5250 3424 5306 alterius
3465 5255 3598 5302 sunt

2015 5351 2186 5407 quam
2211 5337 2424 5392 erroris
2456 5336 2788 5408 Apolinarii,
2824 5347 2994 5412 atque
3023 5349 3226 5396 exterae
3247 5341 3307 5396 in
3343 5334 3593 5396 Ecclesia

2017 5430 2326 5499 catholica,
2384 5431 2548 5486 nobis
2602 5431 3092 5490 demonstrandum
3137 5441 3226 5490 est
3274 5443 3586 5489 sanctorum

401 5711 484 5787 (τὶ)
510 5709 711 5772 (letifer
752 5710 900 5768 dicta
928 5724 960 5766 a
987 5723 1075 5764 me
1139 5709 1197 5764 in
1249 5708 1356 5764 hoc
1406 5666 1684 5764 volumine
1722 5720 1844 5778 pag.
1895 5704 2014 5762 ltil.
