3998 6146
393 212 532 278 1127

1524 210 1962 274 JUSTINIANI
2001 209 2520 272 IMPERATORIS

3515 197 3653 268 1128

391 328 620 383 Patrum
651 332 968 380 nostrorum
1003 322 1358 388 testimoniis,
1405 337 1528 392 qua:
1569 324 1795 378 inventa
1837 331 1968 379 sunt

2088 323 2212 376 εἰσὶν
2254 317 2662 390 Ἀπολιναίίου,
2699 316 2796 371 καὶ
2853 316 3136 388 ἀλλότριαι
3188 317 3286 386 τῆς
3349 314 3653 386 καθολικῆς

389 420 460 476 ab
489 419 781 489 Aceph'alis
830 417 1250 472 adinventiones
1277 430 1399 472 esse
1433 425 1710 471 constare.

2085 412 2433 482 Ἐκκλησίας,
2462 410 2727 481 δείξωμεν
2761 410 2842 467 ὅτι
2871 409 2966 463 καὶ
2993 410 3104 472 τοῖς
3131 409 3286 478 παρὰ
3338 407 3448 460 τῶν
3479 407 3653 476 ἁγίων

389 511 552 583 ἡμῶν
609 510 868 580 Πατέρων
930 509 1354 578 ὲκτεθειμένοις,
1415 508 1640 562 ἐναντία
1691 506 1762 561 τὰ
1816 507 1967 580 παρὰ
2018 505 2337 576 ’Δκεφὰλων
2389 502 2958 574 πεπλαστουργημένα
3005 502 3326 556 καθεστᾶσι.
3399 499 3656 572 (Sequun‘

392 615 482 658 tur
505 602 782 658 Athanasii
805 611 853 655 et
891 601 1080 672 Cyrilli
1116 610 1241 656 nota
1283 600 1630 674 testimonia.)

463 697 542 752 Ex
585 694 842 749 omnibus
887 693 1218 772 supradictis
1265 695 1557 766 perspicue
1615 693 1963 748 demonstra-

395 802 510 846 tum
545 789 715 844 fuisse
745 789 1076 844 confidimus
1105 798 1423 846 sanctorum
1485 790 1710 844 Patrum
1762 787 1967 842 doctri-

392 881 478 936 nis
509 879 792 934 adversari
836 879 1074 949 lidcique
1119 879 1449 935 Christiana:
1507 892 1629 933 esse
1689 875 1966 930 contraria

392 987 516 1041 qua:
585 969 656 1024 ab
713 969 991 1024 hmreticis
1047 968 1442 1038 proferuntur;
1493 982 1620 1020 cum
1676 964 1966 1020 manifeste

391 1072 618 1119 sanctus
665 1062 1000 1116 Athanasius
1042 1068 1376 1130 sanctusque
1425 1059 1662 1130 Cyrillus
1692 1057 1830 1112 duas
1869 1071 1968 1110 na-

396 1166 546 1211 turas
578 1153 785 1210 Christi
814 1153 1120 1207 divinitatis
1161 1150 1634 1220 humanitatisque
1667 1149 1970 1204 confitean-

395 1258 509 1315 tur,
535 1261 700 1301 unam
736 1246 1039 1300 increatam
1087 1259 1152 1300 ac
1183 1244 1411 1298 alteram
1459 1250 1700 1296 creatam
1753 1239 1966 1303 dicant,

394 1352 614 1406 unaque
671 1335 995 1390 adoratione
1041 1333 1262 1388 adorari
1320 1347 1492 1387 unum
1533 1330 1824 1385 Dominum
1874 1343 1969 1382 no-

395 1437 572 1483 strum
599 1427 786 1483 Jesum
816 1425 1099 1480 Christum
1157 1423 1412 1479 doceant.
1455 1421 1748 1478 Sufﬁciunt
1804 1421 1974 1492 igitur

2145 685 2367 760 (Deinde
2393 700 2448 756 p.
2491 683 2642 753 229.)
2693 681 2790 736 Διὰ
2839 682 3060 736 πάντων
3100 678 3254 753 οἶμαι
3279 683 3392 738 τῶν
3425 688 3650 758 εἰρημέ-

2071 797 2180 834 νων
2206 778 2396 847 σαφῶς
2427 776 2826 840 ἀποδέδεικται,
2849 776 2928 828 ὅτι
2945 777 3163 829 ἐναντία
3191 779 3314 840 ταῖς
3340 778 3450 832 τῶν
3483 783 3654 850 ἁγίων

2071 869 2336 939 Πατέρων
2379 866 2754 930 διδασκαλίαις
2799 866 2970 931 ἐστὶν,
3003 867 3100 920 καὶ
3137 867 3395 938 ἀλλότρια
3421 871 3519 941 τῆς
3545 874 3657 927 τῶν

2073 955 2421 1034 Χριστιανῶν
2455 961 2695 1024 πίστεως
2731 962 2799 1014 τὰ
2841 960 2991 1032 παρὰ
3029 961 3139 1013 τῶν
3188 964 3485 1033 αἱρετικῶν
3516 985 3657 1036 προ.

2076 1055 2391 1126 φερόμενα·
2433 1052 2686 1125 φανερῶς
2729 1052 2822 1106 τοῦ
2871 1070 2932 1106 τε
2973 1056 3032 1106 έν
3083 1055 3262 1124 ἁγίοις
3305 1057 3654 1127 Ἀθανασίου,

2072 1149 2168 1204 καὶ
2210 1149 2307 1202 τοῦ
2344 1150 2403 1202 ἐν
2456 1147 2634 1215 ἁγίοις
2676 1146 2972 1216 Κυρίλλου,
3005 1147 3107 1217 τῆς
3143 1147 3401 1220 θεότητος
3429 1151 3657 1223 καὶτῆς

2071 1238 2492 1310 ἀνθρωπότητος
2517 1237 2610 1290 τοῦ
2632 1237 2869 1308 Χριστοῦ
2890 1235 2982 1290 δύο
3008 1238 3198 1305 φύσεις
3223 1239 3652 1309 ὁμολογούντων,

2075 1334 2170 1387 καὶ
2194 1334 2293 1403 τὴν
2327 1331 2426 1402 μὲν
2459 1329 2739 1394 ἁκτιστον,
2771 1327 2871 1398 τὴν
2899 1328 2956 1382 δὲ
2985 1328 3210 1399 κτιστὴν
3235 1329 3530 1398 λεγόντων,
3559 1335 3656 1386 καὶ

2080 1425 2182 1495 μιᾷ
2241 1423 2615 1494 προσκυνήσει
2659 1420 3088 1493 προσκυνεῖσθαι
3141 1421 3508 1476 διδασκόντων
3560 1425 3655 1478 τὸν

397 1519 712 1590 supradicta
749 1517 817 1572 ad
839 1517 1244 1587 Acephalorum
1293 1514 1757 1571 machinationem
1788 1511 1978 1567 confu-

2088 1515 2177 1568 ἕνα
2217 1512 2422 1584 Κύριον
2463 1512 2620 1582 ἡμῶν
2663 1510 2872 1582 Ἰησοῦν
2910 1511 3168 1583 Χριστόν.
3203 1513 3316 1566 Καὶ
3350 1515 3514 1586 ἀρκεῖ
3550 1517 3652 1584 μὲν

397 1609 642 1664 tandam.
673 1607 927 1662 Attamen
961 1605 1102 1660 nihil
1135 1604 1336 1660 melius
1358 1603 1649 1660 stultitiam
1679 1603 1765 1657 vel
1796 1601 1977 1672 potius

397 1700 860 1757 machinationem
899 1713 1096 1754 eorum
1126 1695 1400 1762 confutat,
1439 1709 1607 1766 quam
1645 1693 1876 1764 epistola
1907 1691 1976 1746 ab

396 1792 509 1847 illis
527 1782 745 1862 prolata
763 1799 1020 1859 tanquam
1044 1787 1174 1842 Julii
1193 1787 1380 1841 Romae
1395 1783 1638 1856 episcOpi
1667 1785 1823 1856 cujus
1841 1782 1978 1837 alias

395 1883 705 1940 falsiﬁcatio
770 1881 1206 1936 demonstratur.
1268 1879 1471 1948 Reipsa
1525 1877 1734 1933 veteris
1789 1876 1978 1930 Romae

397 1975 714 2033 sacerdotes
749 1975 806 2029 in
835 1973 1096 2030 omnibus
1123 1970 1442 2044 apostolica:
1500 1968 1783 2024 traditioni
1808 1967 1974 2022 obse-

396 2075 656 2140 quentes,
714 2079 1000 2136 nunquam
1032 2064 1178 2119 inter
1204 2078 1264 2118 se
1301 2062 1709 2131 discreparunt,
1741 2059 1838 2114 sed
1891 2073 1978 2113 re-

398 2168 546 2216 ctam
583 2174 650 2215 ae
690 2172 881 2214 veram
913 2171 1091 2227 usque
1139 2155 1209 2211 ad
1273 2154 1419 2209 hanc
1475 2153 1622 2208 diem
1669 2151 1976 2206 doctrinam

398 2257 778 2310 servaverunt.
835 2249 1068 2320 Insuper
1112 2247 1394 2302 insolitum
1420 2254 1506 2301 est
1537 2244 1745 2299 veteris
1790 2243 1979 2297 Romae

398 2344 730 2418 patriarcha:
767 2341 1086 2414 huiusmodi
1140 2340 1345 2410 scripto
1387 2339 1489 2406 uti,
1529 2337 1676 2408 quod
1730 2336 1823 2391 isti
1853 2349 1981 2404 pro-

401 2436 608 2500 ferunt,
639 2451 752 2490 non
783 2434 1022 2488 dicimus
1074 2432 1142 2487 ad
1174 2431 1553 2503 presbyteros,
1599 2437 1662 2483 ut
1700 2427 1777 2482 illi
1818 2441 1977 2481 men-

402 2527 644 2591 tiuntur,
671 2523 768 2580 sed
794 2539 899 2578 nec
925 2523 1093 2577 etiam
1146 2521 1216 2575 ad
1245 2520 1558 2591 episcopos,
1588 2532 1692 2573 nec
1720 2516 1788 2571 ad
1830 2516 1979 2586 ipsos

400 2615 964 2690 patriarchas.'l‘ertio
981 2612 1304 2683 nosmetipsi
1325 2621 1614 2682 postquam
1636 2601 1980 2666 misissémus

401 2707 471 2763 ad
522 2705 832 2762 archivium
882 2703 1072 2776 palatii
1122 2702 1450 2774 episcopalis
1491 2701 1696 2781 veteris
1745 2701 1976 2766 Romae,

400 2799 541 2854 nihil
569 2796 886 2870 hujusmodi
916 2813 948 2852 a
973 2795 1121 2852 Julio
1148 2805 1352 2851 sanctae
1384 2794 1663 2850 memoria:
1713 2791 1980 2864 scriptum

402 2853 731 2962 reperimus.
785 2889 1050 2959 Epistolas
1105 2894 1290 2942 autem
1343 2884 1630 2941 Athanasii
1684 2853 1860 2940 sancti
1911 2882 1980 2938 ad
2007 2853 2054 2918 θ

402 2982 718 3046 Iovianum,
757 2981 830 3035 ab
888 2980 1000 3035 illis
1037 2979 1284 3052 prolata,
1339 2977 1530 3033 multis
1580 2976 1761 3032 modis
1785 2974 1981 3031 confu-

406 3085 556 3132 tatur
587 3074 937 3130 mendacium
962 3073 1222 3128 omnibus
1250 3071 1464 3126 viribus
1496 3079 1834 3136 astructum;
1871 3083 1983 3122 non

403 3169 552 3226 enim
585 3167 966 3223 characterem
999 3166 1247 3238 epistolae
1277 3163 1516 3236 praefert,
1572 3179 1676 3219 nec
1715 3162 1857 3234 stylo
1882 3161 1986 3216 im-

404 3263 650 3334 peratori
707 3262 1081 3318 conveniente
1138 3261 1423 3316 scribitur.
1494 3259 1725 3330 Insuper
1766 3255 1984 3316 Ioviani

407 3355 754 3425 temporibus
774 3355 924 3410 nulla
957 3353 1333 3410 controversia
1361 3352 1433 3408 de
1453 3351 1799 3406 humanitate
1823 3349 1988 3406 Chri-

406 3447 479 3503 sti
523 3445 706 3500 fuerat
733 3455 1036 3512 commota,
1077 3444 1174 3500 sed
1203 3444 1274 3500 de
1323 3441 1900 3498 consubstantialitate
1927 3439 1987 3494 in

407 3534 700 3601 Trinitate,
733 3535 914 3606 qualis
940 3533 1047 3589 fuit
1071 3534 1286 3588 insania
1335 3532 1540 3588 Ariana
1569 3547 1692 3604 qua:
1712 3539 1846 3587 tunc
1877 3530 1986 3586 Eco

407 3625 608 3681 etesias
671 3625 1041 3694 perturbavit,
1087 3624 1158 3679 de
1203 3638 1312 3694 qua
1340 3637 1471 3678 vera
1525 3630 1704 3678 exstat
1753 3620 1988 3693 epistola

406 3717 584 3773 sancti
599 3717 884 3772 Athanasii
918 3716 989 3772 ad
1012 3715 1306 3772 Jovianum
1339 3715 1566 3786 scripta,
1591 3715 1751 3786 cujus
1773 3714 1828 3768 in
1849 3727 1988 3768 con-

407 3809 569 3866 cione
619 3808 844 3864 funebri
900 3807 1080 3864 sancti
1129 3805 1416 3862 Athanasii
1473 3805 1726 3862 meminit
1773 3803 1985 3876 Grego-

411 3898 530 3953 rius
555 3898 891 3968 Theologus,
945 3911 1226 3968 quamque
1271 3897 1544 3967 integram
1589 3895 1761 3951 refert
1798 3895 1988 3951 Timo-

413 3991 578 4046 theus
631 3987 940 4060 Apolinarii
995 3987 1326 4058 discipulus,
1370 3987 1424 4041 in
1467 4001 1570 4042 sua
1619 3985 1878 4052 historia,
1909 3985 1991 4042 sic

408 4083 778 4138 habentem...

2080 1605 2150 1660 τὰ
2183 1603 2454 1676 εἰρημένα
2477 1603 2612 1674 πρὺς
2641 1602 2868 1674 ἔλεγχον
2892 1603 2992 1673 τῆς
3025 1603 3137 1658 τῶν
3174 1605 3493 1671 Ἀκεφὰλων
3526 1623 3657 1661 κακ-

2078 1698 2328 1768 ουργίας.
2387 1696 2535 1768 Πλὴν
2597 1695 2748 1748 οὐδὲν
2806 1694 3009 1749 ἄτοπον
3064 1696 3161 1749 καὶ
3215 1696 3420 1766 ἑτέρως
3471 1699 3656 1752 αὐτῶν

2079 1786 2298 1858 ἐλέγξαι
2347 1787 2446 1859 τὴν
2504 1787 2860 1858 κακοήθειαν,
2891 1787 2974 1840 ὅτι
3024 1789 3058 1856 ἡ
3109 1787 3210 1856 μὲν
3265 1790 3656 1861 προφερομένη

2079 1884 2211 1953 παρ’
2249 1881 2427 1935 αὐτῶν
2489 1879 2776 1950 ἐπιστολὴ,
2819 1879 2896 1942 ὡς
2941 1879 3164 1934 Ἰουλίου
3205 1879 3367 1952 δῆθεν
3408 1881 3504 1936 τοῦ
3539 1885 3658 1937 ἑπι-

2079 1975 2288 2028 σκόπου
2329 1970 2552 2043 Ῥώμης
2580 1970 2674 2026 καὶ
2713 1970 2891 2034 ἄλλως
2932 1969 3210 2025 δείκνυται
3263 1971 3653 2044 πεπλασμένη.

2077 2068 2144 2121 Οί
2169 2065 2278 2138 γὰρ
2315 2065 2484 2137 ἱερεῖς
2509 2063 2609 2136 τῆς
2640 2063 3020 2135 πρεσϐυτέρας
3063 2063 3286 2136 Ῥώμης
3319 2068 3385 2136 τῇ
3419 2067 3657 2120 suam-

2077 2159 2204 2232 λικῇ
2239 2159 2328 2214 διὰ
2375 2157 2595 2212 πάντων
2640 2155 3112 2228 ἀκολουθήσαντες
3163 2157 3484 2232 παραδόσει,
3511 2159 3660 2214 οὐδέ-

2079 2267 2214 2304 ποτε
2241 2248 2378 2320 πρὸς
2409 2246 2674 2318 ἀλλήλους
2697 2245 3062 2316 διεφιῦνησαν,
3088 2245 3222 2298 ἁλλὰ
3244 2247 3342 2314 τὴν
3371 2247 3537 2319 ὀρθὴν
3565 2251 3659 2301 καὶ

2080 2339 2341 2413 ἀληθινὴν
2399 2338 2564 2409 μέχρι
2645 2338 2888 2408 σήμερον
2953 2336 3283 2406 διεφύλαξαν
3335 2338 3496 2404 δόξαν
3553 2339 3654 2409 (3).

2085 2435 2336 2488 Ἔπειτα·
2353 2431 2412 2485 δὲ
2459 2430 2538 2494 ὡς
2583 2429 2684 2484 οὐκ
2725 2428 2848 2492 ἔθος
2875 2429 2992 2482 ἐστὶ
3022 2428 3102 2500 τῷ
3139 2429 3242 2501 τῆς
3275 2431 3660 2500 πρεσϐυτέρας

2095 2523 2315 2596 Ῥώμης
2348 2523 2664 2594 πατριὰρχῃ
2695 2521 2975 2592 έπιγραςοῇ
3007 2520 3237 2593 τοιαύτῃ
3267 2522 3506 2594 χρῆσθαι
3540 2523 3658 2578 οἵαν

2079 2613 2230 2674 οὗτοι
2273 2615 2665 2690 προφέρουσιν,
2705 2615 2766 2668 οὐ
2795 2613 3032 2685 λέγομεν
3058 2614 3198 2687 πρὸς
3227 2617 3660 2688 πρεσσυτέρουςν

2081 2711 2272 2782 ὥσπερ
2303 2709 2462 2764 αὐτοὶ
2491 2708 2950 2777 συκοφαντοῦσιν,
2982 2706 3098 2760 ἁλλ’
3123 2707 3245 2762 οὗτε
3274 2709 3410 2780 πρὸς
3431 2710 3658 2764 ἐπισκό-

2083 2821 2245 2868 πους,
2281 2799 2408 2856 οὔτε
2443 2801 2581 2872 πρὸς
2620 2799 2818 2862 αὐτοὺς
2853 2800 3217 2871 πατριάρχας,
3255 2799 3450 2868 Τρίτον
3477 2801 3534 2853 δὲ
3571 2801 3656 2854 ὅτι

2085 2895 2182 2951 καὶ
2226 2893 2545 2965 πέμψαντες
2578 2893 2659 2954 εἰς
2698 2891 2768 2945 τὰ
2804 2891 3000 2960 ἀρχεῖα
3039 2891 3134 2942 τοῦ
3165 2889 3519 2944 έπισκοπείου
3550 2891 3653 2960 τῆς

2083 2985 2464 3058 πρεσϐυτέρας
2511 2981 2750 3054 Ῥώμης,
2795 2980 2946 3035 οὐδὲν
2987 2979 3193 3033 τοιοῦτο
3236 2980 3387 3052 παρὰ
3427 2979 3651 3034 Ἰουλίου

2083 3077 2183 3134 τοῦ
2209 3077 2310 3150 τῆς
2351 3076 2506 3139 ὁσίας
2541 3076 2764 3146 μνήμης
2792 3073 3171 3144 γεγραμμένον
3197 3071 3456 3143 εὕρομεν,
3502 3073 3570 3126 Ἢ
3601 3073 3659 3127 δὲ

2083 3165 2160 3230 ὼς
2187 3165 2342 3237 παρὰ
2383 3161 2710 3218 Ἀθανασίου
2759 3160 2854 3215 τοῦ
2904 3163 2963 3214 έν
3012 3159 3189 3229 ἁγίοις
3228 3161 3365 3231 πρὸς
3403 3161 3662 3215 ἰοϐιανδν
3743 3213 3754 3224 ,

2085 3256 2178 3311 ὑπ’
2207 3255 2388 3310 αὐτῶν
2430 3253 2840 3327 προφερομένη,
2875 3252 3092 3316 πολλοῖς
3119 3251 3403 3323 ἐλέγχεται
3431 3253 3664 3325 τρόποις

2085 3344 2288 3417 ψευδὴς
2316 3345 2632 3400 παντάπασι
2671 3343 3032 3398 καθεστῶσα·
3065 3341 3194 3397 οὕτε
3239 3343 3350 3414 γὰρ
3395 3343 3665 3398 ἐπιστολι-

2091 3443 2251 3512 μαῖον
2277 3437 2390 3511 ἔχει
2422 3438 2774 3511 χαρακτῆρα,
2802 3436 2930 3492 οὕτε
2971 3437 3264 3512 πρεπούσῃ
3313 3438 3526 3509 βασιλεῖ
3558 3441 3665 3493 ὑπ-

2089 3529 2292 3601 αγορίᾳ
2350 3529 2710 3585 συντέθειται.
2754 3529 2894 3582 Ἀλλ’
2925 3529 3048 3582 οὐδὲ
3094 3527 3189 3599 ξπ).
3243 3528 3352 3582 τῶν
3406 3528 3664 3583 Ἰοόιανού

2089 3620 2300 3693 χρόνων
2330 3621 2581 3692 περὶτῆς
2607 3619 3076 3692 ένανθρωπήσεως
3095 3619 3192 3673 τοῦ
3217 3619 3422 3691 Κυρίου
3462 3620 3671 3691 ἀμφισ-

2090 3711 2321 3786 ϐήτησίς
2375 3729 2461 3778 τις
2518 3711 2823 3784 ὲκεκίνητο,
2849 3712 2987 3766 ἀλλὰ
3017 3713 3149 3783 περὶ
3176 3711 3278 3783 τῆς
3323 3714 3384 3765 έν
3434 3715 3500 3784 τῇ
3537 3713 3670 3786 ἁγίᾳ.

2090 3806 2284 3878 Τριὰδι
2320 3805 2737 3876 όμουσιότητος,
2775 3799 2865 3860 οἷα
2902 3805 3004 3876 τῆς
3067 3805 3420 3878 ’Δρειανικῆς
3471 3807 3670 3876 μανίας

2089 3897 2397 3970 τηνικαῦτα
2423 3901 2544 3962 ταῖς
2581 3897 2935 3969 Ἐκκλησίαις
2978 3897 3278 3968 ὀχλούσηςο
3309 3899 3442 3970 περὶ
3474 3893 3540 3972 ἧς
3573 3899 3672 3952 καὶ

2092 3991 2126 4061 ἡ
2181 3989 2393 4061 ἀληθὴς
2449 3989 2708 4062 ἐπιστολὴ
2758 3990 2850 4044 τοῦ
2879 3991 2936 4044 ὲν
2965 3990 3142 4058 ἁγίοις
3181 3989 3504 4046 Ἀθανασίου
3531 3990 3671 4060 πρὸς

2105 4079 2366 4135 ἰοὸιανὸν
2417 4081 2782 4154 γεγραμμένη
2835 4076 3146 4156 φέρεται,ᾖ
3186 4085 3280 4137 καὶ
3310 4083 3612 4156 Γρηγόριος
3641 4084 3672 4136 ὁ

411 4174 674 4244 Θεολόγος
731 4175 790 4228 ὲν
839 4170 920 4243 τῷ
970 4169 1244 4238 ἐπιταψίῳ
1310 4167 1406 4222 τού
1450 4167 1606 4237 ἁγίου
1665 4169 1986 4226 Ἀθανασίου
2049 4177 2342 4246 μαρτυρεῖ,
2415 4175 2511 4228 καὶ
2563 4174 2827 4246 Τιμόθεος
2899 4176 2928 4229 ό
2985 4175 3234 4248 μαθητὴς
3295 4176 3670 4248 Ἀπολιναρίου

411 4267 618 4337 ταύτην
639 4266 945 4336 όλόγραφον
973 4266 1032 4318 ὲν
1061 4265 1127 4335 τῇ
1155 4261 1336 4330 οἰκείᾳ
1354 4261 1570 4334 τίθησιν
1631 4263 1844 4336 ἱστορίᾳ
1875 4263 1984 4335 έχοι

2088 4285 2106 4319 ν
2136 4267 2331 4332 οὕτως.
2393 4265 2666 4339 (Sequitur
2726 4269 2866 4323 edita
2925 4267 3209 4324 Athanasii
3257 4271 3326 4325 ad
3388 4271 3672 4326 Iovianum

411 4358 676 4430 ερὶδιοζα.)

483 4451 643 4506 Nunc
677 4459 863 4504 autem
897 4447 966 4502 de
983 4447 1276 4504 Timotheo
1295 4447 1488 4503 Ailuro
1520 4449 1832 4519 loquamur,
1865 4463 1984 4504 cum

2169 4449 2255 4524 [Ρ.
2288 4449 2438 4523 254.]
2472 4451 2744 4522 Δείεωμεν
2771 4451 2827 4506 δὲ
2858 4453 2952 4506 καὶ
2983 4454 3248 4526 Τιμόθεον
3281 4454 3372 4510 τδν
3412 4457 3677 4529 Αῑλουρον

413 4539 732 4597 Manichaeis
763 4539 1161 4598 consentiente,
1179 4539 1458 4594 contraria
1480 4554 1614 4594 vero
1645 4542 1854 4595 sanctis
1882 4541 1990 4594 Pa-

415 4634 594 4688 tribus
623 4632 928 4687 Athanasio
968 4629 1287 4702 Cyl-illoque
1329 4630 1600 4697 docente;
1652 4631 1792 4687 dicit
1839 4632 1991 4687 enim

417 4723 533 4780 haec
556 4724 700 4778 idem
719 4723 1070 4786 Timotheus,
1085 4723 1265 4792 capite
1278 4733 1476 4778 octavo
1491 4723 1618 4778 libri
1639 4724 1812 4791 tertii,
1826 4739 1991 4794 quem

417 4815 478 4872 in
520 4815 868 4872 Chersoneso
908 4815 1134 4885 scripsit
1176 4833 1190 4870 :
1241 4834 1260 4866 ι
1308 4815 1518 4870 Natura
1556 4825 1742 4871 autem
1782 4815 1992 4872 Christi

417 4907 536 4962 sola
572 4907 835 4963 divinitas
873 4917 988 4972 est,
1021 4907 1128 4962 etsi
1167 4906 1338 4962 fuerit
1375 4906 1682 4962 incarnata.
1722 4926 1740 4959 ι
1789 4893 2016 4964 Ειιιιοιιι¹

419 5015 555 5056 vero
577 4998 910 5056 Manichacus
934 5000 1182 5056 scribens
1210 5001 1265 5054 in
1295 5001 1528 5071 epistola
1551 5001 1621 5056 ad
1649 5000 1993 5066 Cundarum,

420 5089 540 5144 hac
555 5087 717 5145 dicit:
739 5108 760 5141 ι
775 5089 893 5148 Una
913 5102 1106 5147 natura
1123 5101 1208 5147 est
1222 5092 1540 5157 totum,etsi
1555 5092 1808 5148 videatur
1822 5093 1996 5165 ﬁgura

419 5179 626 5236 carnis.
661 5199 681 5232 ι
711 5179 793 5257 Ad
826 5181 944 5237 haec
973 5192 1159 5238 autem
1189 5183 1447 5249 dicimus,
1466 5185 1510 5239 si
1537 5185 1693 5254 juxta
1723 5185 1996 5240 insaniam

421 5272 700 5330 Timothei
730 5279 928 5327 natura
949 5273 1153 5328 Christi
1179 5275 1250 5329 sit
1273 5277 1390 5333 sola
1411 5277 1696 5344 divinitas,
1713 5279 1997 5336 Christum

419 5381 555 5438 ergo
591 5381 713 5422 esse
749 5367 970 5423 Patrem
1009 5381 1076 5422 ac
1115 5367 1383 5438 Spiritum
1425 5377 1718 5438 sanctum;
1758 5387 1868 5428 una
1911 5381 1998 5428 est

421 5455 572 5511 enim
607 5463 802 5510 natura
834 5455 1178 5525 divinitatis,
1204 5459 1388 5515 Patris
1425 5459 1669 5527 scilicet,
1697 5469 1756 5516 et
1783 5461 1906 5516 Filii
1939 5471 1998 5518 et

463 5638 476 5650 ο
497 5567 573 5636 (5)
603 5567 870 5650 ὶξῐοιοηιηε
901 5572 1222 5650 prmglarum
1253 5574 1549 5650 Justiniani
1583 5579 1718 5650 imp.
1753 5579 2005 5650 testimo-

423 5639 576 5694 nium
607 5639 676 5696 de
716 5639 980 5713 perpetua
1023 5642 1393 5701 Romanorum
1437 5639 1766 5704 Pontificum
1806 5649 2000 5704 ortho-

2102 4541 2372 4612 σύμφωνα
2410 4543 2512 4612 μὲν
2566 4545 2908 4616 Μανιχαίων,
2941 4547 3163 4600 ἐναντία
3215 4547 3273 4601 δὲ
3323 4550 3436 4611 τοῖς
3490 4549 3677 4614 αὐτοῖς

2099 4636 2280 4704 ἁγίοις
2311 4637 2592 4708 Πατρὰσιν
2629 4639 2932 4711 Ἀθανασίῳ
2954 4641 3050 4695 καὶ
3091 4641 3346 4712 Κυρίλλῳ
3370 4644 3680 4714 φρονήσαν-

2097 4743 2187 4780 τα.
2215 4727 2380 4796 Λέγει
2413 4727 2522 4800 γὰρ
2549 4730 2578 4782 ὁ
2608 4729 2768 4794 αὐτὸς
2795 4732 3062 4804 Τιμόθεος
3089 4735 3146 4787 έν
3175 4733 3256 4804 τῷ
3302 4735 3475 4806 ὀγδόῳ
3503 4753 3675 4804 κεφαο

2099 4817 2238 4889 λαίῳ
2267 4817 2363 4872 τοῦ
2404 4819 2590 4890 τρίτου
2617 4819 2850 4891 βιϐλίου,
2881 4821 3019 4894 ὅπερ
3047 4823 3107 4876 έν
3137 4824 3386 4895 Χέρσωνι
3413 4825 3678 4898 συνέγρα-

2097 4907 2166 4978 ψε
2190 4909 2347 4963 τάδε’
2385 4929 2404 4962 ι
2429 4910 2596 4976 Φύσις
2621 4912 2678 4966 δὲ
2702 4913 2940 4985 Χριστοῦ
2973 4913 3110 4986 μόνη
3141 4915 3357 4987 θεότης,
3380 4919 3430 4971 ει
3469 4917 3560 4974 καὶ
3587 4935 3678 4974 σε-

2099 4999 2403 5073 σὰρκωται.
2424 5021 2443 5055 ι
2481 5004 2565 5058 Τὰ
2599 5005 2746 5058 αύτὰ
2779 5005 2837 5060 δὲ
2883 5007 3186 5078 Μανιχαϊος
3215 5009 3446 5080 γράφων
3492 5011 3551 5063 ἐν
3606 5012 3676 5080 τῇ

2099 5097 2236 5166 πρὸς
2268 5097 2582 5172 Κούνδαρον
2603 5101 2886 5174 ἐπιστολῇ,
2924 5101 3076 5171 λέγει
3111 5103 3236 5158 τάδε
3259 5120 3274 5134 °
3322 5121 3342 5155 ι
3370 5104 3488 5160 Μία
3516 5103 3681 5174 φύσις

2098 5189 2161 5242 τὸ
2193 5187 2338 5252 ὅλον,
2390 5191 2440 5242 εί
2493 5191 2590 5245 καὶ
2640 5193 2844 5263 σαρκὸς
2899 5193 3087 5264 ὼρᾶτο
3138 5187 3348 5266 μορφή.
3381 5213 3400 5246 ι
3446 5194 3588 5266 Πρὸς
3621 5195 3679 5248 δὲ

2101 5283 2278 5336 ταῦτα
2331 5280 2584 5352 λέγομεν,
2617 5283 2700 5338 ὅτι
2749 5285 2798 5338 εί
2845 5285 2988 5340 κατὰ
3043 5285 3143 5355 τὴν
3183 5287 3370 5342 ἄνοιαν
3412 5288 3678 5360 Τιμοθέου

2105 5371 2270 5440 φύσις
2311 5371 2557 5442 Χριστοῦ
2607 5372 2746 5446 μόνη
2802 5374 3018 5446 θεότης,
3074 5376 3312 5447 Χριστὸς
3363 5377 3473 5450 ἄρα
3521 5381 3612 5432 καὶ
3651 5379 3679 5431 ό

2104 5463 2295 5538 Πατὴρ
2355 5467 2451 5519 καὶ
2490 5465 2553 5519 τδ
2601 5465 2756 5533 ἆγιον
2813 5466 3074 5540 Πνεῦμα·
3123 5470 3224 5539 μία
3270 5470 3381 5543 γὰρ
3426 5474 3682 5543 θεότὴτος

2115 5579 2300 5663 d_ox_i_a,
2331 5597 2580 5663 cumhtot
2606 5598 2799 5646 contra
2848 5589 3056 5663 fuerint
3084 5591 3138 5645 in
3187 5589 3405 5647 caeteris
3445 5587 3684 5660 patriar-

2109 5649 2362 5710 chalihzn
2389 5659 2617 5714 sedibus
2644 5671 2892 5729 pastores
2923 5661 3192 5718 haeretici.
