3998 6146
304 295 438 360 1129

1219 274 1665 343 TRACTATUS
1704 270 2005 333 CONTRA
2041 268 2645 331 MONOPHYSITAS.

3424 254 3637 339 1130“

303 407 486 479 φύσις,
526 401 740 474 Πατρός
772 414 955 471 φαμεν
991 395 1087 450 καὶ
1118 393 1250 447 Υίοῢ
1292 392 1385 446 καὶ
1423 389 1579 457 ἁγίου
1622 384 1880 479 Πνεύμα-

2001 378 2226 450 Spiritus
2268 384 2469 439 sancti.
2515 384 2704 441 Passio
2745 401 2994 457 quoque,
3025 387 3181 459 juxta
3220 392 3372 449 illius
3409 397 3565 454 insa-

303 518 415 565 τος.
451 498 650 551 Ἔσται
677 494 733 548 δὲ
769 494 865 546 καὶ
893 492 955 546 τὸ
986 489 1160 553 πάθος
1203 489 1381 541 κοινὸν
1415 482 1560 538 κατά
1596 481 1696 552 τὴν
1739 478 1885 533 ἐκεί-

304 615 396 651 νου
446 594 663 663 μανίαν.
693 588 775 658 (P.
804 584 932 652 256)
969 581 1137 635 Πάλιν
1179 577 1450 649 Τιμόθεος
1478 575 1507 628 ὁ
1539 573 1886 661 βλάσφημος,

304 691 375 753 ὡς
411 687 512 741 ούκ
543 681 886 753 ἀρκούμενος
926 672 1223 744 προτέραις
1255 668 1419 723 αὐτοῦ
1454 663 1881 737 ματαιολογίαις,

305 783 363 832 ἒν
393 776 470 847 τῷ
497 772 741 843 δευτέρῳ
771 768 882 822 τῶν
915 762 1323 838 ἀντιρρητικῶν
1349 761 1515 815 αὑτοῦ
1549 760 1744 828 λόγων,
1785 773 1884 847 σα-

306 846 575 938 φέστερον
613 863 712 934 τὴν
748 858 946 914 ἑαυτοῦ
999 856 1155 910 νόσον
1192 849 1758 950 ἐκκαλύπτειζλέγει.
1777 846 1886 950 γάρ

304 959 479 1022 οὕτως
499 975 514 988 θ
559 975 578 1007 ι
608 956 685 1009 Οὐ
708 953 820 1022 γάρ
849 950 1064 1020 φύσεως
1094 947 1207 1017 ἔχει
1236 943 1395 1013 λόγον
1428 946 1462 1015 η
1490 941 1587 995 τοῦ
1624 939 1761 994 Θεοῦ
1786 939 1888 993 Λός

306 1069 408 1121 γου
443 1050 745 1119 σάρκωισις,
776 1043 897 1097 ἀλλ’
921 1040 1238 1111 οἰκονομίας
1263 1037 1405 1108 ὑπὲρ
1450 1035 1616 1105 φύσιν
1649 1048 1889 1104 πραττοο

308 1144 478 1215 μένης
510 1140 618 1193 ὑπὸ
650 1137 788 1192 Θεοῦ
817 1140 882 1190 ὲκ
921 1134 1020 1205 μὲν
1059 1134 1162 1203 τῆς
1194 1131 1382 1201 κοινῆς
1406 1130 1499 1184 καὶ⁵
1537 1127 1889 1200 ἀνθρωπίνης

305 1233 465 1305 ἡμῶν
490 1230 708 1299 φύσεως
744 1229 866 1297 ἦτοι
887 1225 1077 1288 οὐσίας
1094 1240 1107 1253 ·
1132 1223 1213 1275 διὸ
1245 1222 1343 1275 καὶ
1378 1220 1625 1292 ὁμοφυὴς
1646 1219 1742 1274 καὶ
1760 1221 1889 1288 ὁμο·

305 1325 473 1394 γενὴς
507 1324 603 1376 καὶ
640 1319 928 1389 όμοούσιος
968 1319 1101 1387 ἡμῖν
1131 1317 1354 1383 λέγεται
1388 1313 1534 1366 κατά
1572 1313 1663 1366 τὸν
1687 1311 1784 1382 τῆς
1811 1310 1890 1366 οί-

307 1412 570 1482 κονομίας
589 1409 769 1477 λόγον,
799 1407 916 1477 ἦτοι
947 1408 1046 1475 τὴν
1072 1407 1135 1458 ἐκ
1158 1404 1417 1473 γυναικὸς
1449 1403 1705 1472 γέννησιν
1723 1416 1738 1431 '
1763 1400 1887 1455 οὔτε

305 1506 364 1559 δὲ
398 1506 566 1573 φύσις
607 1501 733 1555 οὔτε
763 1501 922 1554 οὐσία
964 1497 1143 1552 κοινοῦ
1177 1514 1320 1561 τινος
1350 1496 1640 1567 ἀνθρώπου
1680 1512 1891 1567 προσηφ

305 1594 568 1664 γόρευται
617 1590 841 1643 πώποτε
894 1588 958 1640 τὸ
1009 1588 1282 1659 ἄχραντον
1314 1586 1411 1640 καὶ
1447 1585 1711 1656 ὁμογενὲς
1756 1586 1889 1655 ἡμῖν

308 1685 469 1754 σῶμα
492 1682 589 1737 τοῦ
618 1681 755 1736 Θεοῦ
784 1681 980 1749 Λόγου.
1012 1699 1030 1731 ο
1077 1678 1175 1733 Διά
1210 1678 1320 1732 τῶν
1353 1678 1662 1748 εἰρημένων
1703 1674 1888 1730 τοίνυν

306 1776 546 1848 φανερὸν
583 1774 949 1843 καθέστηκεν,
984 1772 1069 1825 ὅτι
1104 1769 1207 1841 τὴν
1254 1769 1349 1822 τού
1380 1769 1518 1822 Θεοῦ
1545 1767 1724 1836 Λόγου
1756 1766 1891 1837 σάρ-

306 1888 501 1938 κωσιν,
541 1871 758 1940 φύσεως
788 1869 936 1939 ἔχειν
965 1869 1295 1940 ἀπαρνεϊται
1321 1866 1481 1932 λόγον
1507 1863 1796 1936 Τιμόθεος.
1824 1862 1888 1916 Εί

303 1968 367 2020 δὲ
421 1966 640 2036 φύσεως
669 1962 829 2031 λόγον
863 1963 965 2015 οὐκ
1010 1962 1147 2031 ἔχει,
1185 1959 1330 2014 κατά
1372 1956 1672 2026 φαντασίαν
1720 1955 1891 2024 μόνην

306 2055 550 2124 φανῆναι
577 2051 783 2122 ταύτην
814 2050 988 2119 λέγει·
1017 2049 1154 2118 φησὶ
1176 2049 1283 2125 γάρ
1302 2065 1316 2079 ·
1355 2066 1375 2100 ι
1399 2048 1494 2101 Ἐκ
1521 2047 1618 2118 μὲν
1654 2044 1753 2116 τῆς
1775 2061 1903 2097 κοι--

303 2145 409 2217 νῆς
447 2147 544 2200 καὶ
572 2145 925 2215 ἀνθρωπίνης
967 2142 1125 2212 ἡμῶν
1161 2141 1379 2210 φύσεως
1402 2140 1522 2210 ἦτοι
1568 2138 1758 2198 οὐσίας
1797 2134 1891 2188 τὸν

304 2239 444 2292 Θεὸν
470 2238 645 2305 Λόγον
675 2235 1033 2311 γεγενῆσθαι,
1073 2234 1354 2286 τουτέστιν
1382 2234 1447 2284 ὲκ
1474 2227 1754 2298 γυναικὸς,
1796 2226 1902 2279 καὶ·

306 2332 458 2386 κατά
491 2331 652 2384 τοῦτο
675 2331 835 2399 μόνον
862 2327 957 2381 καὶ
976 2330 1192 2398 όμοφυᾶ
1223 2326 1318 2380 καὶ
1352 2323 1585 2395 ὁμογενῆ
1636 2322 1732 2374 καὶ
1761 2320 1892 2388 ὁμο-

307 2422 493 2478 ούσιον
524 2425 655 2493 ἡμῖν
679 2422 957 2490 λέγεσθαι,
988 2421 1082 2473 καὶ
1110 2418 1241 2481 Θεὸς
1272 2419 1336 2471 ὲκ
1359 2416 1617 2486 γυναικὸς
1656 2410 1920 2481 ἀπετέχ-’

311 2516 405 2582 θη.
433 2535 452 2566 ›
492 2513 809 2584 Ὀμοούσιον
828 2513 961 2582 ἡμῖν
986 2511 1044 2563 ού
1072 2510 1178 2581 μὴν
1203 2508 1364 2562 αὐτὸν
1398 2508 1488 2560 τὸν
1514 2505 1722 2575 Κύριον
1749 2502 1892 2555 κατὰ

312 2608 499 2678 φύσιν,
518 2608 635 2677 ἦτοι
664 2606 876 2665 οὐσίαν,
909 2602 1086 2657 κοινὸν
1113 2602 1258 2672 ἔχειν
1280 2619 1333 2654 τι
1376 2599 1513 2670 πρὸς
1568 2595 1895 2668 ἀνθρώπους

314 2701 493 2769 λέγει·
542 2700 739 2766 ἐπάγει
774 2696 905 2766 γὰρ,
959 2697 1063 2759 ὅτι,
1099 2692 1270 2748 «Οὔτε
1320 2692 1501 2763 φύσις,
1540 2690 1665 2744 οὔτε
1712 2689 1892 2753 οὐσία,

319 2787 504 2843 κοινοῦ
550 2807 695 2852 τινος
735 2788 1025 2858 ἀνθρώπου
1066 2787 1508 2857 προσηγόρευται
1564 2782 1805 2847 πώποτε,
1834 2779 1898 2833 τὸ

318 2883 587 2954 ἄχραντον
615 2882 709 2935 καὶ
736 2878 997 2950 ὁμογενὲς
1027 2881 1157 2949 ἡμῖν
1184 2878 1346 2947 σῶμα
1373 2877 1468 2930 τοῦ
1495 2874 1630 2928 Θεοῦ
1656 2874 1886 2942 Λόγου.»

315 2973 686 3045 Ἀρνούμενος
715 2972 773 3024 δὲ
803 2974 869 3042 τῇ
917 2971 1162 3042 ἡμετέρᾳ
1196 2968 1355 3039 φύσει
1406 2966 1773 3021 κοινωνείνντδ
1799 2965 1896 3020 τοῦ

1984 473 2133 528 niam
2152 516 2166 541 ,
2195 477 2507 532 communis
2538 478 2664 532 erit.
2698 479 2913 535 Rursus
2942 475 3279 541 Timotheus
3304 487 3564 559 blasphe—

1986 577 2132 630 mus,
2156 566 2314 633 quasi
2342 581 2453 620 non
2487 567 2592 621 sibi
2617 568 2935 626 sulIicerent
2964 575 3217 630 stultitiae
3244 579 3479 649 priores,
3508 583 3565 637 in

1986 654 2132 709 libro
2176 657 2423 713 secundo
2466 664 2972 718 controversiarum
3020 681 3279 735 suarum,
3319 673 3568 742 apertius

1987 748 2247 803 morbum
2281 766 2446 806 suum
2478 755 2716 820 revelat;
2750 759 2832 813 sic
2861 761 3010 815 enim
3047 763 3294 834 loquitur
3326 783 3344 822 :
3386 786 3406 820 ι
3443 769 3566 825 Non
3633 797 3639 802 ~

1986 840 2136 895 enim
2169 851 2385 897 naturae
2420 844 2588 900 habet
2616 846 2860 904 Verbum
2896 852 2994 907 Dei
3026 855 3194 911 Verbi
3231 858 3564 928 incarnatio,

1988 933 2085 987 sed
2133 935 2457 990 oeconomia:
2489 937 2653 993 ultra
2700 949 2969 997 naturam'
3003 946 3216 1004 eﬂ‘ectze
3261 966 3291 1006 a
3336 952 3450 1007 Deo
3498 938 3602 1010 θεέ

1976 1025 2269 1097 communi
2314 1027 2541 1097 quidem
2584 1029 2935 1104 humanaque
2984 1045 3174 1094 nostra
3210 1052 3407 1100 natura
3448 1047 3568 1102 sive

1989 1116 2317 1172 substantia.
2348 1118 2479 1174 Ideo
2508 1131 2728 1189 natura,
2758 1127 3115 1195 generatione
3144 1134 3565 1211 substantiaque

1989 1209 2188 1265 similis
2209 1210 2373 1267 nobis
2400 1208 2611 1291 dicitur
2630 1218 2938 1279 secundum
2962 1227 3285 1283 oeconomiae
3306 1208 3562 1299 verbo—in,

1990 1303 2105 1358 sive
2164 1313 2236 1358 ex
2286 1291 2533 1362 "muliere
2588 1308 2970 1381 nativitatem;
3034 1332 3318 1388 nunquam
3381 1336 3564 1380 autem

1990 1404 2190 1449 natura
2222 1397 2314 1451 vel
2353 1398 2662 1454 substantia
2703 1407 3013 1461 communis
3052 1410 3288 1483 alicujus
3325 1414 3568 1474 hominis

1989 1495 2245 1541 vocatum
2278 1496 2365 1542 est
2388 1490 2654 1546 mundum
2690 1493 2982 1566 simileque
3015 1501 3176 1557 nobis
3209 1509 3569 1573 generatione

1990 1592 2195 1648 corpus
2222 1580 2318 1636 Dei
2344 1582 2533 1637 Verbi.
2566 1603 2584 1636 ι
2617 1585 2696 1640 Ex
2717 1588 2881 1645 dictis
2907 1593 3137 1650 evidens
3166 1613 3300 1668 ergo
3330 1611 3567 1669 constat,

1992 1669 2433 1730 incarnationem
2479 1677 2573 1732 Dei
2609 1680 2809 1747 Verbi,
2844 1694 3055 1741 natura:
3086 1689 3317 1746 verbum
3361 1696 3570 1752 habere

1993 1777 2197 1833 negare
2228 1765 2602 1823 Timotheum.
2638 1771 2694 1827 Si
2729 1783 2913 1830 autem
2947 1788 3161 1836 natura:
3189 1784 3420 1841 verbum
3456 1804 3568 1844 non

1993 1851 2191 1918 habet,
2222 1856 2533 1913 secundum
2570 1861 2813 1930 speciem
2853 1864 3025 1920 solam
3060 1874 3383 1939 apparuisse
3419 1875 3570 1933 illam

1991 1942 2157 2011 dicit;
2196 1945 2331 2001 dicit
2354 1948 2512 2002 enim
2556 1967 2569 2002 :
2611 1970 2630 2001 ι
2670 1952 2750 2007 Ex
2783 1957 3062 2012 communi
3102 1961 3328 2030 quidem
3371 1965 3568 2022 huma-

1993 2050 2173 2105 naque
2208 2047 2397 2094 nostra
2431 2049 2631 2096 natura
2671 2058 2767 2099 seu
2807 2047 3116 2106 substantia
3149 2053 3299 2109 Deus
3327 2056 3571 2113 Verbum

1991 2128 2212 2197 genitus
2240 2139 2348 2195 est,
2375 2132 2588 2189 scilicet
2616 2149 2684 2190 ex
2713 2138 2968 2206 muliere,
3020 2146 3438 2219 secundumque
3465 2151 3572 2207 hoc

1992 2219 2172 2274 solum
2210 2222 2409 2278 similis
2439 2226 2600 2281 nobis
2638 2242 2869 2297 natura,
2902 2238 3264 2304 generatione
3303 2243 3569 2299 substan-

1994 2310 2182 2382 tiaque
2224 2313 2453 2383 dicitur,
2488 2319 2743 2391 Deusque
2791 2324 2859 2379 de
2906 2328 3141 2385 muliere
3188 2343 3352 2389 natus
3398 2348 3502 2391 est.
3544 2364 3563 2390 ο

1995 2403 2240 2461 Similem
2272 2409 2432 2467 nobis
2462 2412 2791 2485 substantia,
2814 2421 2912 2476 sed
2939 2438 3048 2478 non
3080 2424 3260 2494 ipsum
3281 2429 3567 2485 Dominum

1994 2498 2299 2553 secundum
2333 2510 2588 2558 naturam
2609 2546 2624 2571 ,
2652 2523 2749 2562 seu
2786 2512 3151 2570 substantiam
3181 2519 3388 2590 aliquid
3418 2539 3571 2580 com-

1996 2589 2183 2643 munis
2215 2606 2341 2645 cum
2375 2594 2699 2654 hominibus
2730 2600 2939 2659 habere
2970 2605 3134 2673 dicit;
3175 2608 3327 2666 addit
3364 2615 3511 2669 enim
3557 2636 3570 2671 :

2004 2694 2025 2727 ι
2081 2678 2196 2734 Nec
2243 2691 2480 2750 natura,
2532 2704 2637 2744 nec
2687 2691 2997 2750 substantia
3050 2698 3287 2770 alicujus
3333 2703 3576 2763 hominis

2000 2780 2242 2838 unquam
2295 2784 2552 2831 vocatum
2608 2788 2692 2834 est
2744 2784 3015 2840 mundum
3072 2788 3365 2863 simileque
3415 2798 3578 2855 nobis

1998 2863 2359 2929 generatione
2392 2881 2596 2939 corpus
2625 2872 2722 2927 Dei
2750 2873 2939 2932 Verbi.
2977 2899 2995 2932 ι
3032 2880 3169 2938 Cum
3198 2898 3363 2956 neget
3390 2901 3577 2947 autem

2000 2966 2205 3023 corpus
2241 2956 2455 3014 Domini
2499 2978 2623 3017 cum
2660 2975 2850 3023 nostra
2892 2980 3091 3029 natura
3131 2983 3577 3054 communicare,

315 3042 535 3140 Kuptou
552 3066 735 3137 σῶμα,
752 3064 1021 3136 πρόδηλός
1038 3065 1159 3116 εστι
1186 3061 1324 3131 πρὸς
1350 3061 1569 3160 ἀπάτην
1585 3059 1682 3160 καὶἶ
1703 3054 1896 3160 μονῗιν,

2002 3042 2288 3099 evidenter
2333 3048 2402 3102 ad
2449 3050 2834 3122 decipiendum
2884 3071 3049 3130 atque
3099 3065 3168 3120 ad
3217 3042 3579 3129 ἀριῖηρηάυηί

2004 3145 2106 3160 ..ηρ
2134 3147 2269 3160 ........
2310 3134 2575 3160 n-.-___-.-...
2873 3146 2906 3160 ..
2935 3149 2966 3160 ..
3151 3151 3185 3160 ..
3249 3153 3264 3160 -
3433 3158 3443 3160 _

311 3164 383 3231 τῇ
438 3158 533 3211 τοῦ
582 3155 964 3224 Μονογενοῦς
1001 3153 1148 3218 λέξει
1192 3150 1553 3220 κεχρημένος,
1602 3150 1694 3203 καὶ
1727 3148 1896 3219 μηδὲν

311 3253 511 3322 ἕτερον
545 3248 635 3300 διά
681 3245 886 3315 ταύτης
928 3244 1087 3307 νοῶν,
1141 3243 1191 3295 εί
1233 3244 1309 3312 μὴ
1374 3242 1455 3293 ὅτι
1500 3241 1576 3302 ὼς
1610 3239 1899 3310 ἄνθρωπος

313 3341 462 3395 κατά
506 3338 810 3407 φαντασίαν
862 3336 1208 3405 γεγέννηται,
1242 3333 1337 3387 καὶ
1382 3332 1607 3398 δοκήσει
1641 3331 1702 3383 ού
1735 3329 1897 3399 φύσει

313 3431 497 3498 ἐφάνη
527 3427 836 3497 ἄνθρωπος.
866 3427 931 3480 Et
979 3425 1038 3479 δὲ
1079 3423 1256 3478 ταῦτα
1284 3422 1458 3486 οὕτως
1488 3421 1602 3491 ἔχει
1632 3420 1774 3475 κατὰ
1798 3419 1898 3490 τὴν

313 3518 591 3590 Τιμοθέου
623 3517 840 3588 μανίαν,
879 3516 1049 3585 σαφὲς
1086 3513 1453 3584 καθέστηκεν,
1481 3513 1564 3566 ὅτι
1589 3512 1683 3565 καὶ
1710 3511 1770 3564 τὸ
1793 3510 1900 3564 πά-

311 3618 413 3677 θος
450 3612 545 3666 καλ⁵
578 3611 669 3664 τὸν
692 3610 925 3682 σταυρὸν
973 3610 1069 3663 καὶ
1105 3610 1196 3663 τὸν
1226 3609 1458 3663 θάνατον
1488 3607 1584 3660 καὶ
1625 3604 1725 3677 τὴν
1771 3604 1901 3658 ἀνά-

312 3723 514 3761 στασιν
542 3703 638 3757 τοῦ
682 3704 885 3777 Κυρίου
936 3702 1080 3755 κατά
1116 3701 1420 3771 φαντασίαν
1466 3697 1602 3770 φησὶ
1671 3697 1900 3766 γεγενῆ-

314 3800 469 3861 σθαι,
496 3800 632 3868 ὅπερ
663 3800 761 3850 καὶ¹
792 3798 1091 3866 Μανιχαῖος
1117 3796 1290 3864 λέγει.
1371 3846 1374 3850 .

392 3888 478 3960 jP.
504 3887 657 3961 257.]
681 3889 791 3942 Καὶ
820 3888 985 3942 πάλιν
1006 3886 1268 3958 Τιμόθεος
1306 3889 1424 3951 ταῖς
1444 3887 1637 3942 ἑαυτοῦ
1660 3887 1902 3959 βλασφη-

315 3982 480 4052 μίαις
504 3978 913 4052 προσεπιτιθεὶς
948 3978 1021 4032 τά
1046 3978 1288 4048 χείρονα,
1316 3978 1410 4032 καὶ
1439 3979 1498 4032 ἐν
1531 3979 1609 4050 τῷ
1655 3980 1903 4051 τετάρτῳ

311 4072 491 4127 αὑτοῦ
524 4071 806 4142 κεφαλαίῳ
821 4070 916 4124 τοῦ
940 4070 1234 4141 εἰρημένου
1258 4070 1443 4141 τρίτου
1476 4068 1703 4140 βιϐλίου,
1755 4071 1903 4140 λέγει

308 4163 452 4219 τάδε
471 4179 516 4212 οι
543 4163 805 4227 Δείξωσιν
827 4164 958 4233 ἡμῖν
988 4162 1276 4231 Διφυσϊται
1302 4160 1412 4213 τῶν
1437 4160 1532 4214 δύο
1561 4159 1776 4230 φύσεων
1808 4159 1902 4214 τοῦ

311 4255 564 4329 Χριστοῦ
598 4255 886 4326 διαφορὰν,
929 4255 1005 4320 ὡς
1046 4253 1207 4309 αὐτοὶ
1225 4254 1502 4321 λέγουσιν,
1523 4253 1897 4310 είδύνανται.ι

325 4333 490 4403 Ἰδού
513 4346 700 4416 σαφῶς
743 4336 989 4418 ἀρνεῖται
1034 4346 1135 4418 τὴν
1163 4345 1425 4417 διαφορὰν
1462 4345 1570 4400 τῶν
1598 4346 1657 4400 ὲν
1683 4344 1905 4417 Χριστῷ

2003 3145 2108 3185 nos
2134 3147 2269 3187 voce
2307 3134 2575 3206 Unigeniti
2606 3142 2805 3208 utitur,
2831 3146 3081 3217 nihilque
3115 3151 3265 3207 aliud
3302 3171 3401 3224 per
3430 3158 3579 3214 illam

2006 3221 2265 3295 intelligit
2292 3227 2399 3282 nisi
2430 3229 2710 3287 hominem
2747 3238 2851 3291 sub
2885 3242 3068 3307 specie
3103 3221 3350 3314 genitum
3384 3250 3578 3321 fuisse,

2004 3313 2482 3389 similitudin‘eque
2520 3338 2631 3378 non
2675 3338 2870 3383 natura
2913 3313 3193 3390 hominem
3235 3344 3580 3410 apparuisse.

2006 3402 2064 3457 Si
2089 3418 2222 3460 vero
2246 3405 2364 3462 haec
2389 3409 2470 3464 sic
2491 3426 2551 3468 se
2576 3413 2781 3471 habent
2798 3419 2955 3488 juxta
2979 3402 3581 3503 Timothei-insaniam,

2005 3494 2298 3552 evidenter
2328 3510 2546 3557 constat
2581 3506 2928 3576 passionem,
2963 3528 3217 3585 crucem,
3250 3535 3485 3580 mortem
3520 3494 3586 3585 ac

2006 3589 2470 3647 resurrectionem
2496 3595 2715 3652 Domini
2743 3600 2846 3655 sub
2872 3606 3056 3673 specie
3087 3608 3257 3667 factas
3280 3630 3402 3671 esse
3429 3618 3584 3676 illum

2006 3690 2284 3748 asserere,
2314 3686 2463 3753 quod
2492 3689 2659 3743 etiam
2693 3693 2890 3749 asserit
2913 3696 3265 3759 Manichaeus.

2079 3859 2230 3915 ldem
2264 3863 2592 3925 Timotheus
2632 3873 2747 3928 suis
2780 3875 3140 3948 blasphemiis
3178 3886 3359 3943 adhuc
3399 3893 3587 3963 pejora

2009 3954 2191 4021 addit,
2217 3968 2383 4029 atque
2412 3961 2468 4016 in
2500 3974 2698 4033 quarto
2732 3969 2913 4039 capite
2947 3976 3250 4045 supradicti
3280 3954 3417 4036 libri
3438 3954 3591 4041 tertii

2010 4050 2127 4107 haec
2161 4054 2296 4110 dicit
2326 4074 2338 4108 :
2377 4077 2395 4106 ι
2427 4058 2727 4132 Diphysilae
2765 4064 3019 4136 (duarum
3057 4080 3379 4129 naturarum
3410 4076 3594 4132 fauto-

2010 4147 2121 4219 res)
2154 4150 2316 4205 nobis
2346 4152 2730 4211 demonsrrent
2758 4156 2990 4214 duarum
3023 4172 3347 4219 naturarum
3379 4157 3600 4225 Christi

2010 4238 2400 4308 diﬂ‘erentiam,
2423 4255 2485 4298 ut
2507 4246 2683 4309 aiunt,
2707 4247 2751 4302 si
2780 4262 3028 4319 possunt.
3060 4274 3077 4303 ι
3106 4255 3187 4310 En
3214 4267 3401 4327 aperte
3425 4271 3591 4332 negat

2011 4329 2384 4386 differentiam
2419 4330 2653 4389 duarum
2688 4346 3012 4394 naturarum
3049 4341 3104 4397 in
3140 4343 3392 4412 Christo,
3422 4329 3590 4418 atque

307 4439 422 4493 δύο
464 4437 680 4506 φύσεων
703 4453 720 4469 ο
760 4438 856 4491 καὶ
902 4439 962 4492 ἐν
1006 4437 1183 4508 τούτῳ
1223 4437 1279 4490 δὲ
1324 4438 1524 4507 ὁμοίως
1567 4436 1898 4491 ἐναντιοῦται

2014 4421 2070 4476 in
2110 4421 2206 4475 illo
2245 4421 2570 4477 adversatur
2607 4427 2865 4484 omnibus
2903 4432 3026 4489 aliis
3063 4439 3271 4493 sanctis
3307 4439 3585 4508 Patribus,

310 4530 466 4584 πᾶσι
500 4529 614 4592 τοῖς
637 4544 698 4581 τε
743 4526 924 4590 ἄλλοις
973 4529 1150 4597 ἁγίοις
1200 4527 1468 4598 Πατράσι,
1525 4526 1621 4581 καὶ
1674 4525 1898 4596 μάλιστα

2011 4511 2286 4582 imprimis
2300 4514 2599 4572 Athanasio
2616 4534 2680 4573 ac
2693 4518 2923 4591 Cyrillo.
2934 4556 3004 4565 —
3020 4526 3238 4585 Rursus
3252 4529 3395 4587 idem
3415 4530 3588 4588 luere-

262 4590 267 4594 ⁸
324 4590 649 4689 ’Δθανασίῳ
673 4619 769 4672 καὶ⁹
811 4590 1514 4713 Κυρίλλωμ-Καίπάλιν
1563 4590 1826 4713 Τιμόθεος
1880 4617 1898 4669 ἔ

2013 4605 2156 4660 ticus
2187 4606 2514 4664 Timotheus
2546 4611 2603 4666 in
2636 4628 2757 4668 sese
2784 4616 3024 4686 majores
3056 4619 3428 4692 blasphemias
3464 4624 3588 4681 vol-

310 4707 608 4779 αίρετικὸς
628 4707 883 4778 μείζονας
901 4706 1135 4761 ἐπινοῶν
1164 4707 1342 4778 ἑαυτῷ
1374 4705 1740 4776 βλασφημίας,
1772 4720 1898 4775 προ·

2010 4709 2181 4760 vens,
2214 4698 2397 4767 rejicit
2430 4701 2813 4771 prophetieam
2853 4721 3046 4762 vocem
3088 4709 3170 4764 sic
3210 4710 3526 4782 loquentem
3569 4738 3585 4774 :

309 4790 589 4855 ϐάλλεται
615 4801 962 4872 προφητικὴν
996 4801 1156 4872 ῥῆσιν
1174 4800 1439 4870 λέγουσαν
1487 4797 1661 4860 οὕτως
1684 4813 1698 4828 ’
1745 4816 1764 4849 ι
1795 4799 1898 4850 Απ-

2018 4805 2041 4839 ‹
2075 4787 2294 4844 Mittens
2321 4789 2389 4846 ad
2418 4791 2672 4849 homines
2699 4793 2982 4853 Christum
3015 4815 3204 4867 suum,
3236 4812 3292 4859 et
3322 4806 3592 4865 Dominus

311 4890 613 4961 αγγέλλων
660 4893 740 4955 είς
792 4892 1114 4964 ἀνθρώπους
1155 4892 1248 4946 τὸν
1303 4891 1539 4964 Χριστὸν
1590 4890 1777 4954 αὐτοῦ,
1818 4889 1898 4942 xci

2012 4881 2160 4936 Deus
2197 4883 2549 4967 omnipotens
2582 4901 2787 4942 nomen
2822 4891 2962 4961 ejus.
3009 4912 3028 4945 ι
3066 4892 3238 4964 Impie
3275 4897 3393 4954 haec
3424 4902 3593 4957 verba

311 4984 538 5049 Κύριος
565 4983 594 5035 ὁ
643 4982 779 5047 Θεὸς
828 4983 1226 5055 παντοκράτωρ
1274 4984 1445 5055 ὄνομα
1500 4983 1669 5051 αὐτῷ.
1704 5001 1722 5034 ι
1780 4976 1898 5035 Εἴτε

2012 4985 2305 5047 postquam
2328 4977 2727 5048 interpretatus
2741 4989 2848 5048 est,
2868 4985 3073 5056 pergit:
3102 4986 3258 5057 «ipse
3296 4990 3465 5064 igitur
3495 5012 3594 5065 per

311 5073 524 5137 κακῶς
553 5073 755 5136 ταύτας
783 5074 1151 5146 ἐξηγούμενος
1179 5075 1376 5143 ἐπάγει
1404 5092 1417 5106 ο
1454 5093 1485 5140 ι,
1516 5074 1690 5139 Αὐτὸς
1722 5068 1815 5128 οὖν
1846 5073 1914 5127 δι’

314 5165 531 5221 ἑαυτοῦ
567 5167 874 5235 ἀπήγγειλε
932 5170 1048 5230 τοῖς
1092 5165 1403 5239 ἀνθρώποις
1432 5183 1447 5198 ο
1491 5166 1681 5221 τοῦτον
1727 5165 1850 5219 ἰδὼν
1888 5167 1917 5220 ό

310 5258 487 5330 ἧλιος
520 5257 611 5310 ἔδυ
654 5259 994 5334 μεσημϐρίᾳ.
1051 5258 1192 5312 Ἀλλ’
1223 5258 1325 5312 οὑκ
1380 5257 1598 5328 ἐδέχετο
1645 5257 1803 5311 τοῦτο
1848 5257 1917 5310 δι’

311 5348 625 5420 ἀνθρώπου
659 5351 937 5418 γενέσθαι,
965 5352 1084 5422 ἦτοι
1107 5351 1195 5405 διά
1221 5349 1437 5419 φύσεως
1464 5349 1812 5421 ἀνθρωπίνης
1843 5365 1857 5379 ·
1883 5347 1917 5416 ἢ

312 5441 447 5515 γὰρ
474 5441 541 5496 ἀν
572 5444 752 5514 πάντη
774 5461 834 5497 τε
869 5445 966 5499 καὶ
996 5443 1275 5507 παντελῶς
1302 5443 1456 5497 ἔλυεν
1485 5443 1588 5514 τὴν
1623 5441 1920 5514 παρθενίαν

313 5536 358 5604 ἡ
397 5532 691 5603 ἀνθρώπου
723 5534 885 5604 φύσις
913 5553 927 5567 ο
961 5537 1010 5588 εἰ
1042 5536 1152 5606 γὰρ
1187 5531 1255 5609 ἦν
1281 5534 1571 5607 ἄνθρωπος
1594 5534 1732 5588 κατὰ
1761 5532 1923 5602 φύσιν

310 5629 432 5684 καὶ
464 5625 626 5696 νόμον
650 5628 680 5680 ὁ
712 5627 919 5698 μέλλων
939 5627 1319 5683 ἀποτελεῖσθαι
1337 5627 1624 5699 ἄνθρωπος
1654 5628 1711 5680 ὲν
1744 5627 1928 5699 μήτρᾳ

310 5721 441 5792 τῆς
473 5719 780 5792 Παρθένου,
813 5721 913 5775 ούκ
946 5721 1012 5776 ἀν
1047 5721 1242 5793 ἐτέχθη
1276 5720 1338 5786 ἐξ
1367 5722 1557 5793 αὐτῆς,
1589 5722 1639 5775 εί
1676 5720 1751 5792 μὴ
1775 5737 1929 5792 πρω-

618 5814 894 5882 Pyram”
932 5819 1049 5883 Gn.
1086 5820 1422 5883 LXXXVI.

2015 5071 2258 5141 seipsum
2307 5071 2459 5127 misit
2502 5073 2569 5128 ad
2615 5074 2908 5144 homines;
2957 5094 3123 5150 quem
3168 5082 3365 5140 videns
3409 5088 3489 5142 sol
3539 5087 3596 5144 in

2016 5162 2249 5217 meridie
2304 5164 2528 5220 occidit.
2576 5164 2685 5222 Sed
2746 5168 2882 5224 illud
2940 5170 3185 5229 hominis
3239 5179 3597 5248 generatione

2017 5270 2128 5310 non
2159 5255 2555 5326 recipiebatur,
2587 5260 2674 5315 vel
2710 5260 2954 5319 humana
2990 5274 3214 5333 natura;
3251 5269 3416 5324 aliter
3446 5271 3597 5326 enim

2019 5348 2246 5402 omnino
2303 5356 2360 5404 et
2414 5350 2468 5404 in
2533 5363 2864 5423 perpetuum
2925 5358 3169 5413 solveret
3224 5360 3596 5431 virginitatem

2020 5438 2264 5519 hominis
2290 5450 2514 5510 natura;
2545 5444 2591 5499 si
2622 5446 2772 5501 enim
2799 5457 2945 5503 esset
2972 5450 3138 5505 homo
3161 5450 3317 5520 juxta
3344 5460 3598 5509 naturam

2024 5548 2090 5589 ac
2122 5535 2301 5606 legem
2338 5535 2714 5605 perﬁciendus
2746 5539 2913 5595 homo
2949 5540 3006 5594 in
3030 5543 3164 5596 sinu
3188 5542 3455 5613 Virginis,
3488 5557 3598 5598 non

2026 5633 2192 5680 natus
2217 5624 2414 5680 fuisset
2441 5641 2509 5679 ex
2541 5626 2655 5691 illa,
2677 5628 2786 5684 nisi
2817 5629 2973 5699 prius
3000 5629 3316 5701 virginitate
3340 5629 3547 5684 soluta.
3575 5649 3600 5684 ι

2028 5717 2138 5773 Sed
2168 5716 2285 5772 haec
2304 5715 2533 5787 peperit
2557 5729 2726 5789 caput
2751 5718 3025 5775 Timothei
3058 5718 3342 5790 ipsiusque
3371 5719 3608 5777 assecla-

3168 5812 3244 5880 36
