3954 6146
263 343 401 411 1133

1164 339 1608 402 TRACTATUS
1645 336 1948 400 CONTRA
1982 337 2588 425 MONORHYSITAS‘.

3386 348 3524 418 1134

264 474 428 531 μενος
472 455 620 522 λέγει
665 455 841 512 ταῦτα
875 451 968 507 καὶ
1017 450 1087 504 τὰ
1129 448 1341 512 τούτοις
1369 449 1534 520 ὃμοια
1565 465 1580 479 ·
1619 466 1638 500 ι
1675 447 1755 502 Τά
1781 463 1806 500 τ

1913 447 2324 514 .Alexandrize,
2357 448 2472 504 haec
2509 459 2564 505 et
2605 450 2693 504 his
2736 433 2935 506 siniiiia
2981 453 3188 524 profert
3227 477 3238 487 -
3293 478 3310 509 ι
3358 459 3524 534 Signa

263 559 470 632 σημεῖα
498 556 680 610 πάντα
711 554 812 608 ὃσα
841 549 1118 620 ἐποίησεν,
1153 545 1250 601 καὶ
1307 547 1364 598 ai
1415 544 1694 616 δυνάμεις,
1733 544 1838 599 δεί-

261 666 452 706 κνυσιν
483 647 646 702 αὑτὸν
671 646 806 698 Θεὸν
845 636 1396 706 ἐνανθρωπήσαντα
1415 651 1429 666 ·
1457 638 1526 691 τὰ
1554 637 1838 707 συναμφῦ-

1941 541 2126 619 omnia
2156 557 2501 613 quacunque
2532 543 2684 609 fecit,
2715 553 2772 600 ct
2803 545 3059 613 virtutes,
3085 548 3156 604 de
3188 549 3283 606 illo
3313 561 3522 609 testan-

1942 640 2032 688 tur
2054 633 2198 703 quod
2227 635 2375 690 Deus
2399 635 2472 690 sit
2493 637 2804 691 incarnatus
2829 655 2848 693 :
2880 648 3174 710 utrumque
3196 659 3329 714 ergo
3353 645 3520 700 simul

260 757 396 814 τερα
424 739 608 794 τοίνυν
639 737 934 796 δείκνυται,
959 730 1192 795 ὅτιθεὸς
1211 725 1280 802 ἦν
1304 727 1490 798 φύσει,
1514 731 1607 784 καὶ
1624 730 1806 800 ἐγένετ

1939 723 2369 793 demonstratur,
2396 727 2550 782 illum
2597 745 2794 800 nempe
2833 739 3028 788 natura
3067 733 3240 790 Deum
3285 752 3436 804 esse,
3463 752 3522 795 et

261 830 548 899 ἄνθρωπος
581 826 761 896 φύσει.
799 843 818 876 ι

331 922 418 996 [Ρ.
451 918 606 992 242.]
647 919 740 971 Δεῖ
771 917 828 970 δὲ
860 914 1155 986 προσέχειν
1187 915 1280 968 τὸν
1318 912 1466 981 νοῦν,
1505 915 1588 970 ὃτι
1618 914 1788 968 εἰπὼν
1810 915 1839 969 ὁ

273 1011 592 1072 Ἀπόστολος
629 1011 720 1075 ὃς,
751 1007 850 1080 τὴν
885 1009 1188 1062 ὑπόστασιν
1217 1007 1310 1060 τοῦ
1337 1007 1514 1076 Λόγου
1562 1008 1801 1079 ὲσήμανε

1936 1003 2055 1073 qui,
2084 1001 2405 1074 hypostasin
2431 1002 2598 1060 Verbi
2631 1005 2686 1058 in
2716 1005 2812 1060 Dei
2843 1006 3018 1062 forma
3047 1010 3316 1068 exsistere
3345 1014 3516 1086 signi-
3538 997 3568 1074 ζ’

255 1107 314 1160 ὲν
351 1107 416 1174 τῇ
463 1101 558 1156 τοῦ
591 1101 726 1154 Θεοῦ
771 1099 1044 1172 ὑπάρχειν
1089 1103 1296 1171 μορφῇ,
1325 1102 1464 1172 ὅπερ
1496 1101 1648 1154 ἐστὶν
1677 1101 1735 1154 ἐν
1761 1104 1806 1172 τῇ

1937 1093 2169 1162 ficasse,
2204 1093 2352 1166 quod
2397 1104 2484 1151 est
2529 1095 2586 1152 in
2635 1096 2945 1154 substantia
2987 1099 3188 1158 Patris.
3222 1103 3343 1159 Non
3385 1122 3520 1162 vero

249 1196 410 1263 οὐσίᾳ
447 1193 544 1247 τοῦ
599 1193 838 1265 Πατρός.
892 1193 1006 1246 Καὶ
1043 1194 1145 1247 οὑκ
1195 1189 1350 1247 εἶπεν
1382 1195 1464 1247 ὅτι
1502 1193 1610 1247 τὸν
1639 1192 1833 1262 ὑπάρ-

248 1302 434 1357 χοντα
465 1286 536 1339 ἐν
571 1283 779 1356 μορφῇ
807 1284 1035 1340 δούλου
1079 1285 1322 1349 ἔλαϐεν,
1365 1286 1454 1340 ἵνα
1487 1287 1562 1358 μὴ
1587 1291 1836 1358 προϋπο-

246 1379 451 1432 οτάντα
480 1378 631 1451 δείξῃ
659 1379 751 1432 τὸν
781 1377 1071 1450 ἄνθρωπον
1098 1379 1240 1434 κατὰ
1268 1380 1368 1453 τὴν
1393 1379 1694 1452 Νεστορίου
1725 1398 1832 1452 μα-

243 1471 366 1524 νίαν
383 1487 398 1504 ο
421 1471 542 1524 ἀλλ’
589 1467 742 1524 εἶπεν
766 1471 848 1524 ὃτι
872 1471 1119 1542 μορφὴν
1145 1471 1375 1528 δούλου
1407 1474 1647 1542 ἔλαϐεν,
1675 1491 1832 1528 τουτ-

1937 815 2140 871 factum
2167 817 2340 874 fuisse
2365 829 2565 874 natura
2595 821 2894 877 hominem.
2929 842 2948 874 ι

2008 910 2421 965 Attendendum
2473 919 2558 968 est
2605 925 2820 980 autem,
2865 916 3190 986 Apostolum
3238 919 3544 995 dicentem.

1933 1187 2077 1244 dixit
2111 1189 2449 1244 exsistentem
2491 1191 2548 1244 in
2591 1190 2766 1260 [arma
2803 1193 2942 1246 servi
2983 1197 3328 1266 assumpsisse
3351 1208 3396 1265 ³,
3423 1216 3514 1266 ne,

1926 1283 2086 1350 juxta
2124 1278 2365 1335 Nestorii
2408 1280 2705 1350 insaniam,
2731 1282 3013 1339 hominem
3038 1289 3514 1356 prmexsistentem

1931 1370 2277 1436 ostenderet;
2314 1371 2409 1428 sed
2443 1372 2584 1428 dixit
2613 1374 2848 1445 formam
2880 1379 3020 1432 servi
3055 1383 3335 1453 accepisse,
3363 1387 3516 1441 scili-

1931 1472 2018 1520 cet
2056 1464 2422 1521 substantiam
2467 1465 2740 1536 hominis;
2787 1471 3094 1527 ostendens
3133 1471 3188 1528 in
3233 1474 3515 1548 bypostasi

242 1562 395 1617 ἐστιν
439 1563 632 1617 οὐσίαν
678 1561 1008 1635 ἀνθρώπουο
1048 1565 1267 1630 δεικνὺς
1301 1567 1383 1620 ὅτι
1424 1569 1492 1638 τῇ
1528 1567 1804 1622 ὑποστάσε

1931 1556 2098 1612 Verbi
2149 1559 2529 1615 exsistentiam
2581 1560 2786 1617 habere
2835 1577 3092 1632 carnem,
3141 1577 3196 1622 ut
3253 1585 3397 1626 unus
3450 1589 3516 1628 ac

239 1653 337 1707 τοῦ
365 1655 544 1724 Λόγου
570 1655 670 1727 τὴν
709 1655 944 1728 ὓπαρξιν
990 1655 1148 1728 ἔσχεν
1177 1661 1211 1730 ἡ
1245 1659 1404 1732 σὰρξ,
1447 1659 1538 1714 ῐνα
1569 1657 1650 1726 εἷς
1683 1663 1806 1716 καὶι

1930 1647 2076 1705 idem
2126 1647 2198 1704 in'
2230 1665 2342 1706 una
2389 1651 2670 1724 bypostasl
2717 1654 3023 1724 exsistens,
3069 1657 3124 1712 in
3179 1675 3514 1735 unaquaque

238 1747 405 1812 αὐτὸς
423 1750 483 1802 ὲν
503 1751 604 1820 μιᾷ
619 1750 917 1804 ὑποστάσει
945 1751 1229 1822 ὑπάρχων,
1262 1753 1321 1806 ὲν
1351 1754 1592 1825 ἑκατέρᾳ.
1615 1757 1822 1827 μορφῇ,

235 1844 494 1895 τουτέστι
554 1841 738 1911 φύσει,
771 1843 1107 1914 γνωρίζηται
1135 1847 1202 1916 τῇ
1236 1845 1357 1918 θείᾳ
1395 1863 1456 1900 τε
1493 1849 1590 1902 καὶ
1611 1846 1824 1920 ἅνθρω-

239 1931 402 2004 πίνῃ·
443 1933 601 2004 δῆλον
647 1935 756 2007 γὰρ
801 1936 886 1989 ὅτι
933 1934 963 1988 ό
1007 1935 1140 2000 Θεὸς
1175 1937 1351 2006 Λόγος
1384 1939 1668 2012 γεννηθεὶς
1717 1940 1824 2011 πρὸ

235 2041 460 2081 παντων
500 2027 612 2080 τῶν
653 2027 866 2081 αἰώνων
915 2029 980 2082 ὲκ
1012 2027 1108 2081 τοῦ
1144 2029 1382 2100 Πατρὸς,
1425 2030 1488 2084 οὒ
1517 2031 1616 2101 τῆς
1650 2031 1824 2104 αὐτῆς

236 2117 592 2183 ὑποστάσεὼς
617 2121 736 2174 ἐστι
792 2119 873 2190 τῷ
899 2120 1098 2193 Πατρὶ,
1127 2120 1265 2177 ἀλλὰ
1296 2123 1398 2194 τῆς
1426 2123 1600 2194 αὑτῆς
1633 2125 1822 2188 οὐσίας

233 2209 358 2264 καθ’
385 2209 414 2265 ὃ
444 2210 600 2274 Θεὸς,
636 2211 773 2265 ίδίαν
803 2211 862 2265 δὲ
887 2211 1002 2284 ἔχει
1032 2213 1132 2284 τὴν
1165 2213 1468 2269 ὑπόστασιν
1504 2215 1629 2270 καθ’
1657 2215 1687 2270 ὃ
1713 2217 1816 2272 Λόο

232 2319 348 2371 γος.
379 2304 492 2358 Καὶ
517 2305 604 2357 ὑπ’
636 2305 868 2374 ἐσχάτου
887 2305 998 2359 τῶν
1029 2307 1254 2378 ἡμερῶν
1282 2307 1566 2376 γεννηθεὶς
1594 2309 1624 2360 ὁ
1655 2309 1816 2374 αὐτὸς

233 2396 376 2450 κατὰ
412 2396 596 2468 σάρκα
636 2397 704 2452 ἐκ
757 2399 859 2468 τῆς
905 2397 1070 2468 ἁγίας
1118 2399 1332 2464 ἐνδόξου
1387 2399 1668 2471 Παρθένου
1722 2404 1820 2456 καὶ

231 2490 498 2545 Θεοτόκου
541 2491 782 2562 Μαρίας,
822 2493 886 2546 οὑ
932 2495 1033 2561 τῆς
1079 2493 1252 2562 αὐτῆς
1277 2492 1633 2560 ὑποπάσεὼς
1670 2495 1787 2550 ἔστι

231 2585 298 2654 τῇ
326 2583 534 2656 Μητρὶ,
574 2584 710 2638 ἀλλὰ
738 2586 839 2656 τῆς
862 2585 1034 2654 αὐτῆς
1056 2585 1266 2649 οὐσίας.
1286 2581 1418 2641 Εἶτα
1445 2587 1565 2650 πῶς
1585 2589 1636 2642 οἱ
1655 2589 1816 2642 Ἀκέ-

233 2673 394 2742 φαλοι
437 2675 532 2730 δύο
569 2677 928 2730 ὑποστάσεων
969 2677 1168 2730 ἕνωσιν
1207 2677 1455 2746 λέγουσι,
1504 2679 1682 2734 καίτοι
1721 2679 1818 2734 δύο

233 2764 587 2820 ὑποστάσεων
621 2766 815 2821 ἕνωσιν
845 2769 949 2839 τὴν
988 2767 1114 2822 καθ’
1157 2769 1459 2824 ὑπόστασιν
1499 2772 1602 2826 οὐκ
1635 2773 1818 2826 scribs—

231 2856 512 2928 χομένωνς
567 2859 640 2912 Ἦ
679 2857 936 2928 ἀγνοοῦσι
967 2859 1050 2913 ὅτι
1089 2863 1186 2915 καὶ
1226 2861 1523 2931 Νεπόριος
1570 2861 1660 2918 διὰ
1715 2865 1817 2937 τὴν

225 2948 487 3020 τοιαύτην
518 2949 730 3021 πλάνην
752 2951 1076 3022 κατεκρίθη,
1107 2953 1204 3006 δύο
1232 2953 1564 3018 ὑποστάσεις
1593 2955 1687 3010 ἐπὶ
1713 2961 1814 3028 τῆς

225 3042 542 3111 οἰκονομίας
557 3043 794 3112 εἰσάγων
816 3060 832 3110 ;
875 3041 1036 3096 Ἀλλὰ
1057 3043 1265 3098 τούτων
1291 3044 1466 3108 οὕτως
1498 3045 1689 3114 ὄντων,
1715 3048 1814 3102 καὶ

1919 1740 2138 1808 forma,
2169 1742 2384 1798 scilicet
2410 1753 2639 1807 natura,
2666 1743 2854 1801 divina
2883 1755 3049 1818 atque
3080 1748 3320 1809 humana
3347 1770 3517 1826 agno-

1927 1844 2140 1900 scatur;
2177 1842 2328 1905 patet
2357 1835 2507 1891 enim
2543 1837 2718 1892 Deum
2747 1837 2990 1894 Verbum
3025 1850 3213 1898 natum
3249 1845 3320 1901 de
3350 1847 3514 1903 Patre

1925 1934 2058 1980 ante
2079 1926 2265 1982 omnia
2285 1927 2486 1983 saecula
2506 1944 2618 1984 non
2637 1944 2760 1986 esse
2781 1930 3028 2003 ejusdem
3050 1933 3364 2006 hypostasis
3382 1955 3508 1993 cum

1925 2017 2114 2086 Patre,
2149 2021 2244 2076 sed
2279 2021 2528 2092 ejusdem
2563 2022 2889 2082 substantiae
2919 2041 3026 2097 qua
3059 2028 3208 2084 Deus
3237 2039 3352 2098 est,
3379 2047 3511 2103 pro-

1877 2126 1879 2128 ·
1926 2111 2104 2180 priam
2141 2128 2275 2168 vero
2325 2113 2668 2186 hypostasim
2715 2116 2922 2176 habere
2963 2136 3073 2191 qua
3113 2123 3356 2180 Verbum
3401 2137 3508 2182 est.

1925 2203 2074 2260 ldem
2114 2215 2301 2262 autem
2339 2207 2396 2262 in
2431 2207 2735 2265 novissimo
2766 2210 2985 2269 dierum
3027 2216 3337 2272 secundum
3381 2233 3509 2273 car-

1923 2311 2052 2352 nem
2085 2306 2252 2353 natus
2284 2313 2315 2353 e
2350 2307 2540 2355 sancta
2567 2309 2626 2354 et
2651 2301 2896 2372 gloriosa
2927 2303 3152 2377 Virgine
3181 2306 3354 2363 Matre
3383 2309 3506 2376 Dei,

1920 2387 2173 2460 ejusdem
2199 2390 2510 2462 bypostasis
2535 2407 2645 2447 non
2669 2402 2758 2450 est
2779 2411 2904 2450 cum
2929 2407 3129 2466 matre,
3145 2399 3240 2455 sed
3255 2401 3506 2472 ejusdem

1922 2479 2268 2537 substantiae.
2303 2481 2515 2540 Deinde
2558 2486 2837 2554 quomodo
2873 2486 3138 2560 Acephali
3185 2489 3254 2546 de
3298 2492 3506 2548 unione

1922 2574 2292 2646 hypostaseon
2337 2575 2572 2652 duarum
2625 2579 2960 2650 loquuntur,
3003 2583 3109 2638 etsi
3162 2584 3506 2656 ltypostatice

1921 2667 2186 2722 unionem
2220 2682 2331 2722 non
2365 2669 2662 2734 admittant
2691 2672 2816 2728 duae
2845 2673 3508 2748 [typostases‘ilgnorant-

1919 2773 1989 2814 ne
2024 2757 2337 2814 istiusmodi
2377 2759 2590 2816 erroris
2629 2775 2794 2817 causa
2827 2762 3146 2818 Nestorium
3180 2765 3505 2822 damnatum

1917 2848 2120 2917 fuisse,
2149 2849 2289 2906 duas
2315 2851 2643 2924 hypostases
2672 2853 2728 2908 in
2755 2855 3122 2911 (economiam
3151 2857 3505 2915 subinferen-

1919 2942 2061 2998 tem?
2096 2941 2204 2998 Sed
2233 2943 2486 3014 quamvis
2514 2944 2632 3000 haec
2663 2946 2738 3000 ita
2771 2946 2910 3013 sint,
2937 2946 3182 3005 Nestorii
3211 2951 3502 3022 omnisque

1917 3031 2194 3090 lnereseos
2219 3035 2476 3108 dogmata
2505 3037 2916 3108 impudentiora
2941 3039 3100 3096 fateri
3131 3042 3344 3100 malunt
3364 3045 3506 3101 Ace-

223 3134 521 3205 Νεπορίου
554 3137 649 3188 καὶ
678 3133 860 3203 πόσης
897 3135 1099 3205 μᾶλλον
1129 3135 1396 3206 αίρέσεως
1431 3137 1806 3213 βδελυρώτερα

1916 3123 2094 3194 phali,
2119 3141 2284 3195 quam
2315 3127 2536 3184 veritati
2566 3129 2858 3185 assentire.
2893 3128 3022 3187 Hace
3055 3141 3238 3188 autem
3273 3149 3302 3188 a
3339 3137 3500 3191 nobis

223 3225 474 3296 δόγματα
511 3227 692 3294 λέγειν
718 3227 1004 3296 ἀνέχονται
1029 3227 1080 3279 οἱ
1117 3226 1428 3296 Ἀκέφαλοι,
1453 3229 1488 3299 ἢ
1537 3233 1806 3286 συναινείν

1915 3217 2028 3273 illis
2069 3217 2304 3274 dicenda
2343 3233 2494 3274 sunt.
2526 3219 2676 3276 Idem
2708 3237 2841 3276 vero
2870 3223 3103 3279 verbum
3133 3228 3380 3297 Apostoli
3413 3229 3472 3284 in

226 3319 293 3388 τῇ
323 3315 573 3388 ἀληθείᾳ..
611 3319 722 3370 Καὶ
763 3317 943 3370 ταῦτα
988 3317 1086 3388 μὲν
1118 3319 1283 3388 ἡμεῖς
1310 3319 1449 3388 πρὸς
1481 3320 1702 3384 αὑτούς.
1737 3323 1806 3376 Τὸ

1914 3317 2225 3380 terpretans
2257 3325 2482 3381 quoque
2515 3319 2742 3367 sanctus
2773 3313 3103 3372 Ambrosius
3139 3317 3195 3372 in
3235 3334 3494 3378 sermone

223 3409 270 3461 δ’
303 3407 439 3463 αὑτὸ
469 3407 565 3480 τοῦ
617 3407 948 3462 Ἀποστόλου
979 3407 1143 3480 ῥητὸν
1168 3407 1535 3480 ἐξηγούμενος
1563 3414 1659 3466 καὶ
1685 3415 1715 3466 ὀ
1751 3413 1810 3468 ὲν

222 3499 405 3568 ἁγίοις
444 3499 772 3572 ’Δμῦρόσιος
819 3502 879 3555 ὲν
929 3499 1010 3572 τῷ
1056 3500 1198 3556 κατὰ
1241 3501 1623 3576 Ἀπολιναρίου
1664 3503 1810 3577 λόγῳ

223 3593 428 3666 γράφει
455 3594 617 3648 τάδε·
651 3611 671 3646 ι
709 3593 992 3650 Κάλλιστα
1022 3593 1292 3666 κέχρηται
1339 3600 1408 3669 τῇ
1463 3598 1574 3653 τῶν
1619 3599 1804 3654 αὐτῶν

221 3670 564 3751 ἐπαναλήψει
597 3683 862 3752 ῥημάτων
887 3683 916 3736 ὁ
960 3682 1286 3750 Ἀπόστολος
1330 3687 1507 3755 λέγων
1551 3690 1680 3761 περὶ
1705 3690 1801 3744 τοῦ

220 3772 428 3844 Κυρίου
475 3775 631 3846 ἡμῶν
665 3774 836 3847 Ἰησοῦ
875 3776 1114 3846 Χριστοῦ
1139 3794 1153 3807 ·
1187 3779 1294 3844 ⁸ος
1319 3779 1389 3832 ἐν
1419 3779 1624 3850 μορφῇ
1653 3782 1803 3836 Θεοῦ

217 3863 510 3936 ὑπάρχων
533 3907 548 3928 ,
587 3869 702 3937 οὐκ
742 3866 1062 3937 ἁρπαγμὸν
1097 3867 1372 3940 ἡγήσατο
1407 3869 1477 3923 τὸ
1513 3867 1667 3926 εἶναι
1697 3872 1804 3928 ἴσα

217 3955 362 4022 Θεῷ,
390 3957 530 4013 ἀλλ’
559 3958 781 4013 ἑαυτὸν
799 3959 1094 4030 ἑκένωσε,
1151 3960 1393 4030 μορφὴν
1427 3960 1656 4018 δούλου
1689 3967 1802 4018 .la-

215 4050 426 4106 ϐών.Τί
444 4053 560 4106 ἐστι
585 4052 770 4124 μορφὴ
797 4051 957 4116 Θεοῦ,
985 4051 1034 4104 εί
1063 4051 1139 4124 μὴ
1157 4053 1215 4105 ἐν
1227 4051 1306 4123 τῷ
1336 4052 1674 4125 πληρώματι
1701 4059 1800 4128 τῆς

215 4141 472 4214 θεότητος
519 4147 702 4198 ἐκεῖνο
747 4145 847 4215 τῆς
895 4143 1051 4210 θείας
1077 4140 1417 4217 τελειότητὸς
1450 4149 1795 4220 ικτὺπωμας

213 4235 425 4289 Οὐκοῦν
484 4239 544 4289 ἐν
597 4222 678 4307 τῷ
708 4235 905 4306 τελείῳ
954 4237 1057 4308 τῆς
1101 4236 1362 4310 θεότητος
1392 4237 1488 4308 ὢν,
1525 4241 1798 4297 ικένωσεν

210 4328 424 4396 ἑαυτὸν,
459 4331 558 4383 καὶ
586 4329 746 4384 ἔλαϐε
813 4330 877 4384 τὸ
914 4329 1124 4384 τέλειον
1169 4331 1270 4403 τῆς
1321 4333 1462 4386 κατὰ
1505 4333 1796 4405 ἄνθρωπον

207 4419 426 4490 φύσεως
471 4420 794 4494 ὁλοκλήρουο
840 4422 937 4476 καὶ
977 4422 1056 4486 ὡς
1089 4422 1251 4482 οὐδὲν.
1293 4423 1450 4480 ἔλιπε
1521 4427 1602 4498 τῷ
1646 4428 1790 4498 Θεῷ,

204 4517 380 4582 οῦτως
411 4516 535 4572 οὔτε
567 4519 646 4590 τῷ
671 4518 1035 4592 καταρτισμῷ
1071 4519 1153 4592 τῷ
1189 4521 1333 4576 κατὰ
1359 4523 1452 4576 τὸν
1477 4521 1786 4596 ἄνθρωπον,

205 4610 296 4662 ἴνα
329 4609 538 4674 τέλειος
566 4611 626 4664 ὲν
656 4611 894 4685 ἑκατέρᾳ
925 4611 1084 4682 φύσει
1109 4614 1378 4688 τυγχάνῃ.
1416 4634 1438 4667 ι

277 4699 360 4772 ῘΡ.
390 4701 746 4774 ἳ44.]⁰1κανὰ
773 4705 872 4776 μὲν
902 4701 999 4760 οὖν
1027 4705 1314 4778 ἡγούμεθα
1343 4708 1482 4780 πρὸς
1511 4710 1786 4781 ἀπόδειξιν

200 4793 299 4847 τοῦ
330 4793 461 4865 μίαν
501 4795 600 4866 μὲν
643 4796 982 4862 ὑπόστασιν,
1030 4799 1152 4872 ἢτοι
1191 4798 1252 4853 ἓν
1297 4799 1606 4874 πρώσωπον
1643 4799 1784 4859 εἷναι

197 4885 298 4939 τοῦ
328 4887 536 4958 Κυρίου
563 4883 740 4958 ἡμῶν
771 4887 945 4960 Ἰησοῦ
970 4891 1229 4963 Χριστοῦ,
1256 4895 1314 4947 ὲν
1340 4893 1462 4948 δυσὶ
1492 4895 1552 4950 δὲ
1583 4897 1782 4967 φύσεσι

197 4979 366 5032 αὑτὸν
397 4979 786 5051 γνωρίζεσθαι,
813 4983 1096 5062 τουτέστιν
1121 4987 1179 5039 ἐν
1211 4983 1428 5058 θεότητι
1451 4990 1546 5043 καὶ
1569 4990 1782 5063 ἀνθρω-

196 5070 420 5142 πότητι,
447 5071 517 5126 τά
549 5087 610 5124 τε
654 5073 718 5125 ἐκ
753 5073 854 5144 τῆς
897 5073 1051 5140 θείας
1088 5076 1312 5150 Γραφῆς
1338 5081 1432 5134 καὶ
1466 5082 1577 5135 τῶν
1605 5085 1782 5153 ἁγίων

192 5165 328 5236 ημῖν
384 5164 833 5245 παρατεθειμένα
889 5166 1151 5240 Πατέρων
1175 5211 1190 5237 ,
1252 5171 1301 5224 εί
1346 5173 1442 5226 καὶ
1501 5175 1660 5245 ὀλίγα
1714 5178 1780 5230 ὲκ

194 5239 421 5310 πολλῶν
459 5255 856 5328 προηγάγομεν
877 5297 894 5324 ,
937 5239 1139 5332 ἵναμὴ
1189 5260 1396 5332 πλῆθος
1423 5268 1538 5330 τοῖς
1565 5239 1779 5338 γραφο-

194 5347 383 5418 μένοις
408 5347 726 5417 ποιήσωμεν
746 5365 759 5378 ο
803 5347 948 5420 πλὴν
989 5349 1179 5423 ἐπειδὴ
1219 5351 1372 5407 ἐστιν
1410 5355 1500 5408 ὅτε
1544 5359 1641 5412 καὶ
1670 5358 1780 5413 ὑπὸ

187 5437 302 5493 τῶν
331 5435 542 5508 ἔχθρῶν
573 5439 609 5508 ἡ
663 5436 897 5510 ἀλήθεια
927 5439 1277 5510 φανεροῦται,
1323 5441 1513 5515 ὥσπερ
1549 5440 1642 5500 οὖν
1683 5447 1779 5502 καὶ

187 5535 236 5587 oi
266 5531 520 5604 δαίμονες
551 5531 644 5587 τὶν
668 5533 908 5605 Χριστὸν
943 5534 1072 5589 Υίδν
1100 5535 1194 5591 τοῦ
1221 5537 1360 5592 Θεοῦ
1408 5540 1502 5594 καὶ
1545 5539 1772 5605 ἄκοντες

187 5625 570 5698 ὡμολόγησαν,
595 5625 848 5699 δείξομεν
873 5629 969 5684 καὶ
998 5629 1160 5688 αὑτὸν
1189 5631 1430 5703 Σευῆρον
1474 5633 1566 5686 τὸν
1610 5632 1771 5686 Ἀποο

258 5815 281 5842 ι
305 5777 545 5880 l’hilipp.
573 5807 706 5874 11,6.
793 5817 808 5848 ι
838 5803 974 5866 ibid.
1010 5803 1062 5874 6,
1101 5813 1152 5870 7.

1821 4481 1873 4542 ο

1912 3403 1982 3458 de
2008 3401 2380 3472 Apollinario,
2405 3403 2520 3458 bzec
2549 3403 2749 3460 scribit
2779 3423 2794 3462 :
2835 3425 2854 3458 ι
2882 3405 3103 3478 Optime
3135 3409 3336 3467 borum
3368 3429 3491 3470 ver-

1913 3492 2112 3548 borum
2142 3493 2492 3548 iterationem
2522 3493 2783 3552 adhibuit
2807 3495 3135 3566 Apostolus,
3160 3499 3228 3556 de
3256 3501 3492 3558 Domino

1911 3593 2103 3642 nostro
2129 3585 2259 3642 Jesu
2291 3584 2513 3642 Christo
2544 3587 2731 3644 dicens
2771 3607 2785 3644 :
2820 3587 2924 3655 Qui
2953 3607 3071 3646 cum
3104 3595 3158 3648 in
3189 3594 3360 3665 forma
3395 3595 3496 3653 Dei

1911 3687 2070 3744 esset,
2105 3695 2212 3733 non
2251 3679 2500 3750 rapinam
2539 3680 2830 3736 arbitratus
2870 3693 2946 3738 est
2987 3700 3098 3740 esse
3137 3703 3192 3760 se
3233 3689 3493 3761 wqualem

1911 3771 2048 3836 Dea,
2075 3771 2168 3824 sed
2197 3770 2536 3841 semetipsum
2569 3773 2886 3839 exinanivit,
2923 3775 3148 3846 formam
3181 3781 3319 3834 servi
3351 3783 3491 3836 acci-

1907 3865 2056 3934 piens
2085 3869 2128 3916 ι.
2162 3861 2307 3930 Quid
2351 3873 2435 3920 est
2481 3863 2657 3934 [arma
2710 3863 2838 3931 Dei,
2873 3867 2982 3922 nisi
3031 3866 3088 3922 in
3137 3869 3490 3939 plenitudine

1905 3955 2217 4012 divinitatis
2247 3955 2341 4010 illa
2365 3955 2572 4012 divina:
2601 3957 2963 4028 perfectionis
2991 3959 3316 4032 impressio?
3347 3963 3488 4020 Cum

1903 4050 2075 4122 igitur
2097 4058 2247 4106 esset
2273 4049 2330 4104 in
2363 4049 2472 4106 hoc
2499 4050 2740 4106 culmine
2767 4051 3095 4118 divinitatis,
3125 4055 3486 4128 semetipsum

1900 4142 2230 4208 exinanivit,
2256 4149 2424 4213 atque
2453 4143 2668 4213 accepit
2693 4144 2941 4214 perfecte
2968 4161 3034 4201 ac
3064 4145 3278 4220 integre
3308 4148 3486 4205 homi-

1898 4235 1990 4290 nis
2030 4243 2318 4300 naturam;
2357 4243 2529 4305 utque
2572 4236 2712 4290 nihil
2754 4237 2869 4292 Deo
2908 4238 3168 4308 reliquit,
3205 4239 3338 4296 item
3377 4258 3483 4299 nec

1898 4327 2290 4385 restaurationi
2334 4327 2606 4396 hominis,
2635 4339 2697 4384 ut
2734 4329 3014 4399 perfectus
3052 4333 3108 4388 in
3149 4349 3481 4401 unaquaque

1897 4429 2096 4488 natura
2133 4420 2497 4476 inveniretur.
2530 4441 2550 4474 ι
2576 4411 2602 4420 ⁴

1965 4703 2048 4759 Ad
2079 4686 2574 4760 demonstrandum
2598 4689 2766 4775 igitur
2803 4719 2968 4759 unam
2997 4719 3120 4762 esse
3155 4703 3474 4779 bypostasm

1895 4796 2013 4851 sive
2037 4811 2204 4851 unam
2237 4810 2530 4866 personam
2561 4795 2780 4850 Domini
2813 4797 2989 4853 nostri
3011 4796 3142 4854 Jesu
3159 4797 3388 4866 Christi,
3419 4801 3472 4862 in

1893 4887 2110 4943 duabus
2142 4902 2278 4944 vero
2309 4887 2528 4943 naturis
2563 4887 2745 4959 ipsum
2771 4887 3020 4960 agnosci,
3060 4889 3273 4946 scilicet
3303 4891 3357 4948 in
3385 4892 3473 4948 di-

1890 4979 2122 5036 vinitate
2173 4989 2231 5036 et
2284 4979 2632 5036 humanitate
2655 5019 2673 5048 ,
2709 4988 2837 5062 apta
2865 4980 3186 5038 censuimus
3228 4999 3352 5055 quae
3406 5001 3475 5041 ex
3511 4977 3526 5031 ἱ

1889 5075 2094 5130 divinis
2137 5073 2440 5145 Scripturis
2485 5063 3099 5145 sanctisque'Patribus
3130 5077 3472 5148 praebentur,
3514 5109 3522 5126 ι

1888 5167 1993 5222 etsi
2008 5181 2200 5238 opauca
2227 5181 2295 5221 ex
2323 5165 2514 5221 multis
2567 5164 3001 5236 produxerimus
3024 5206 3040 5233 ,
3076 5181 3148 5222 ne
3179 5166 3472 5224 abundan-

1888 5259 1998 5314 tius
2009 5257 2278 5330 scriptum
2291 5257 2559 5314 faciamus
2575 5274 2592 5325 ;
2609 5257 2708 5314 sed
2732 5273 2860 5314 cum
2878 5257 3177 5330 aliquando
3187 5261 3472 5332 contingat

1883 5361 1948 5407 ut
1966 5351 2037 5407 ab
2056 5350 2334 5406 haereticis
2351 5350 2488 5421 ipsis
2507 5350 2714 5407 veritas
2731 5349 2976 5422 pateﬁat,
2997 5351 3470 5424 quemadmodum

1883 5455 2083 5502 caetero
2113 5443 2392 5499 daemones
2416 5443 2698 5500 Christum
2735 5443 2936 5500 Filium
2979 5444 3077 5502 Dei
3108 5445 3274 5500 etiam
3307 5443 3468 5498 inviti

1881 5537 2120 5596 confessi
2145 5545 2297 5603 sunt,
2329 5537 2686 5595 ostendemus
2705 5537 2889 5609 ipsum
2921 5551 3146 5608 quoque
3173 5535 3462 5596 Severum,
3497 5529 3506 5538 '

1883 5631 2208 5705 Apollinarii
2254 5645 2636 5687 successorem
2666 5629 3184 5700 Acepbalorumque
3211 5635 3463 5681 errorem
