3998 6146
436 303 609 369 "-1135

1583 309 2027 372 IUSTINIANI
2067 307 2592 369 IMPERATORIS

3598 307 3718 376 1136

463 425 778 491 augentem,
819 417 1175 474 confitentem
1205 433 1400 474 omnes
1431 430 1652 474 sanctos
1679 407 1871 475 Patres
1906 419 2028 474 dua:

2149 417 2394 488 λιναρίου
2421 416 2661 487 διάδοχον
2693 417 2785 470 καὶ
2810 417 2906 488 τὴν
2932 418 3038 471 τῶν
3080 419 3396 488 ’Λκεφάλων
3419 421 3718 492 αὐξήσαντα

368 567 373 577 ,
462 521 692 570 naturas
714 509 782 564 de
811 508 1031 564 Christo
1054 509 1332 580 inculpate
1365 513 1690 568 asseruisse.
1723 511 1848 568 "me
1874 513 2043 584 igitur

365 655 370 663 .
461 604 602 660 dicit
644 604 699 658 in
751 617 1004 658 sermone
1051 607 1216 673 quem
1261 604 1656 675 Expositionem
1681 606 1806 675 ﬁdei
1841 615 2038 662 vocat:

365 702 372 763 ξ
466 716 487 748 ι
517 695 698 750 Fateri
721 695 858 750 duas
883 704 1162 759 naturas,»
1184 703 1362 753 etc....
1390 697 1599 752 Deinde
1629 699 1686 754 in
1714 699 1908 755 iisdem
1935 700 2041 754 im-

363 777 372 802 ’
458 802 684 842 morans
707 787 952 857 atque-in
974 787 1228 842 decursu
1263 790 1537 844 sermonis
1557 830 1571 854 ,
1615 790 1752 845 dicit
1781 805 1838 846 se
1869 791 2040 846 verba

458 880 685 934 Patrum
741 878 966 933 illorum
1024 879 1118 948 qui
1167 879 1450 950 inculpato
1493 881 1634 953 stylo
1675 881 2037 952 scripserunt,

421 970 710 1042 ,proferre
737 971 996 1042 nequire,
1026 972 1133 1027 etsi
1181 981 1343 1027 antea
1375 973 1541 1028 verba
1567 972 1756 1046 Cyrilli
1811 975 2038 1029 recitata

458 1063 591 1116 sint.
632 1060 689 1116 Si
717 1075 849 1114 vero
892 1075 1086 1116 omnes
1128 1059 1304 1115 sancti
1345 1061 1557 1125 Patres,
1592 1064 1702 1118 imo
1731 1073 1786 1118 et
1816 1073 2040 1119 sanctus

422 1184 430 1194 -
455 1153 698 1226 Cyrillus
727 1152 1008 1222 inculpata
1037 1154 1190 1223 stylo
1233 1152 1579 1222 scripserint,
1613 1153 1840 1224 ipseque
1870 1155 2040 1211 Seve-

457 1261 559 1300 rus
585 1245 692 1300 hoc
727 1243 997 1309 fateatur,
1037 1243 1178 1313 quis
1223 1259 1355 1315 ergo
1397 1245 1504 1298 sibi
1537 1247 1702 1300 talem
1753 1257 2038 1317 arrogaret

410 1379 414 1382 η
459 1338 846 1394 auctoritatem
880 1337 948 1392 ad
970 1335 1288 1392 doctrinam
1323 1336 1548 1390 Patrum
1585 1337 2038 1406 reprobandam?

457 1431 544 1486 vel
577 1429 856 1501 quomodo
881 1429 1073 1484 Patres
1105 1427 1525 1483 vocatSeverus
1549 1445 1786 1499 quorum
1817 1430 2036 1500 opinio-

453 1539 556 1578 nes
572 1521 944 1592 reprobandas
961 1520 1276 1576 existimat?
1299 1519 1405 1576 Sed
1420 1506 1766 1576 manifestum
1792 1537 1851 1577 se
1881 1520 2032 1578 fecit:

451 1633 578 1671 eum
608 1617 756 1671 enim
789 1621 1120 1686 nonrposset
1150 1613 1394 1685 eﬂugcre
1427 1615 1740 1681 veritatem,
1773 1616 1879 1671 hoc
1907 1632 2035 1672 ver-

452 1710 583 1762 bum
618 1707 844 1778 quidem
878 1723 908 1761 a
942 1707 1202 1762 I‘atribus
1250 1707 1527 1778 prolatum
1573 1723 1696 1763 esse
1748 1709 2036 1765 confessus

2147 505 2374 575 πλάνην,
2414 505 2788 586 ὁμολογοῦντα
2827 509 2910 560 ὅτι
2960 507 3162 572 πάντες
3201 512 3250 563 οξ
3295 511 3444 578 ἅγιοι
3490 513 3714 588 Πατέρες

2143 597 2236 650 δύο
2263 597 2455 666 φύσεις
2507 597 2601 650 ἐπὶ
2640 595 2732 650 τοῦ
2790 599 3030 668 Χριστοῦ
3081 599 3419 672 ἀδιαϐλήτως
3451 605 3714 676 είρήκασι.

2141 688 2306 755 Λέγει
2338 689 2472 758 γοῦν
2491 692 2550 740 ὲν
2570 688 2649 760 τῷ
2679 690 2823 761 λόγῳ
2873 691 2931 744 ὃν
2962 693 3246 748 Ἐκθεσιν
3271 697 3527 764 πίστεως
3566 699 3716 769 δῆθεν

2141 781 2417 850 ὀνομάζει,
2441 783 2568 836 τάδε
2593 801 2608 818 ο
2647 803 2666 835 ι
2708 785 2781 837 Τὸ
2807 785 2864 838 δὲ
2893 785 3076 854 λέγειν
3110 788 3205 842 δύο
3237 789 3448 858 φύσεις,
3470 812 3489 844 ι
3510 801 3622 849 etc.
3646 800 3716 864 (ut

2143 872 2272 927 alibi
2283 874 2404 944 jam
2429 876 2812 946 recitavimus).
2837 874 2970 931 Εἶτα
2999 881 3113 942 τοῖς
3135 881 3319 944 αὐτοῖς
3347 883 3604 953 ἐμμένων
3633 887 3716 940 καὶ
3764 943 3770 953 ,

2141 965 2230 1023 διὰ
2261 967 2372 1021 τῶν
2407 967 2608 1037 ἑφεξῆς
2635 968 2808 1037 λέγει,
2846 971 2921 1042 μὴ
2957 971 3216 1028 δύνασθαι
3265 974 3366 1038 τὰς
3399 975 3506 1030 τῶν
3551 980 3716 1034 Πατέ-

2145 1074 2252 1126 ρων
2292 1060 2476 1128 φωνὰς
2515 1061 2624 1112 τῶν
2672 1061 3014 1133 ἁδιαϐλήτως
3056 1065 3122 1135 τῇ
3173 1064 3314 1132 λέξει
3360 1071 3716 1138 χρησαμένων

2141 1150 2536 1224 προφέρεσθαι,
2575 1153 2680 1205 κᾶν
2722 1153 2890 1207 αὑτοῦ
2927 1155 3204 1226 Κυρίλλου
3242 1153 3356 1212 εἶεν
3395 1159 3505 1230 πρὸ
3530 1161 3712 1214 τούτου

2138 1243 2432 1312 λεχθεῖσαι.
2483 1245 2544 1297 Ei
2593 1245 2775 1299 τοίνυν
2811 1247 3021 1310 πάντας
3056 1249 3182 1313 τοὺς
3213 1251 3407 1317 ἁγίους
3448 1253 3712 1324 Πατέρας,

2138 1335 2220 1386 ἔτι
2259 1335 2368 1405 μὴν
2398 1337 2493 1390 καὶ
2526 1336 2618 1389 τὸν
2654 1340 2713 1390 ἐν
2763 1339 2942 1405 ἁγίοις
2971 1339 3237 1410 Κύριλλον
3269 1342 3612 1413 ἀδιαὸλήτως
3651 1351 3712 1417 τῇ

2137 1425 2280 1490 λέξει
2311 1428 2639 1496 χρήσασθαι,
2683 1429 2778 1481 καὶ
2825 1431 2988 1494 αὐτὸς
3033 1431 3272 1502 Σευῆρος
3325 1433 3600 1506 ὁμολογῇ,
3635 1437 3712 1500 τίς

2137 1520 2247 1590 ἀρα
2276 1521 2536 1586 τοιαύτην
2564 1520 2726 1591 ἔσχεν
2761 1523 3070 1590 αὐθεντίαν,
3107 1522 3249 1577 ὥστε
3277 1525 3376 1594 τὴν
3407 1525 3516 1579 τῶν
3551 1527 3714 1594 ἁγίων

2137 1610 2400 1681 Πατέρων
2433 1612 2837 1682 ἀποδοκιμάσαι
2877 1613 3266 1682 διδασκαλίανς
3303 1617 3336 1687 ἢ
3383 1617 3503 1681 πῶς
3543 1619 3713 1672 Πατέ·

2143 1721 2242 1772 ρας
2269 1703 2527 1775 ὀνομάζει
2558 1705 2798 1776 Σευῆρος
2824 1699 2900 1759 ὧν
2929 1707 3438 1778 ἀποδοκιμασθῆναι
3473 1709 3624 1778 λέγει
3651 1713 3716 1766 τὰ

418 1808 554 1864 est,
598 1800 692 1854 sed
735 1800 962 1870 proprio
1017 1799 1217 1854 morbo
1253 1799 1460 1854 mederi
1499 1801 1726 1865 volens,
1777 1802 2028 1872 blasphe-

2137 1797 2419 1866 δόγματα;
2466 1797 2627 1861 ’ᾼλλὰ
2658 1798 2926 1868 πρόδηλον
2971 1800 3488 1868 ὲαυτὺνδείκνυσιν,
3515 1803 3594 1868 ὡς
3621 1806 3716 1876 τὴν

451 1893 578 1948 miis
604 1891 846 1948 Nestorii
877 1891 1188 1948 doctrinam
1217 1891 1444 1946 Patrum
1474 1891 1646 1948 fuisse
1682 1893 2030 1964 reprobatam

419 1984 684 2051 asserit;
739 1984 886 2054 quod
933 1991 1020 2039 est
1059 1984 1180 2039 risu
1220 1983 1470 2054 dignum.
1520 1984 1638 2040 Illis
1669 1997 1854 2040 autem
1907 2001 2034 2040 san-

447 2074 796 2132 ctos'Patres
820 2075 1108 2131 exinanire
1138 2086 1371 2154 conatus
1396 2083 1502 2141 est,
1530 2086 1902 2146 sanctumque
1929 2075 2034 2148 Cy-

449 2169 633 2223 rillum
658 2167 986 2222 calumniari
1012 2184 1122 2222 non
1146 2167 1519 2233 dubitavit,,ut
1543 2167 1652 2222 illis
1673 2184 1796 2238 qua:
1813 2168 1881 2223 ab
1913 2167 2033 2238 ipso

445 2261 612 2330 paulo
641 2269 766 2315 ante
795 2259 941 2314 dicta
971 2259 1192 2314 fuerant
1214 2259 1527 2330 sanctisque
1553 2259 1811 2315 Patribus
1834 2260 2031 2315 adver-

445 2361 685 2407 santem.
729 2352 983 2407 Attamen
1015 2367 1139 2408 cum
1169 2353 1262 2407 ille
1292 2367 1466 2422 usque
1501 2352 1569 2406 ad
1604 2352 1844 2406 Nestorii
1889 2363 2030 2406 tem-

417 2459 579 2513 _pura
639 2453 860 2498 sanctos
925 2445 1121 2499 Patres
1156 2445 1262 2499 hoc
1305 2445 1481 2499 verbo
1527 2445 1808 2514 inculpate
1852 2443 2031 2498 fuisse

431 2551 579 2589 'usos
613 2533 845 2589 atlirmet
873 2575 888 2599 ,
939 2551 1042 2590 nos
1073 2545 1324 2590 sanctum
1357 2535 1624 2606 Cyrillum
1663 2536 1895 2589 duarum
1930 2551 2030 2588 na-

448 2639 696 2681 turarum
733 2625 904 2679 verbo
943 2625 1010 2680 de
1061 2628 1370 2681 oeconomia
1418 2627 1727 2681 Salvatoris
1761 2637 2028 2691 utentem,

424 2717 844 2771 ~.condemnasse
899 2716 1214 2771 Nestorium
1253 2717 1654 2783 ostendemus;
1717 2718 2030 2788 iterumque

445 2819 570 2879 post
591 2809 1016 2864 condemnatum
1046 2809 1384 2874 Nestorium,
1419 2809 1589 2864 simili
1616 2809 1868 2865 doctrina
1896 2825 2030 2865 usus

446 2911 534 2958 est
570 2902 716 2958 idem
755 2910 983 2956 sanctus
1023 2901 1284 2973 Cyrillus.
1345 2901 1576 2957 Videtur
1619 2916 1750 2972 ergo
1786 2901 2030 2957 Severus

443 3013 627 3068 neque
659 3005 882 3052 sanctos
911 2996 1106 3050 Patres
1141 2993 1471 3066 intelligere,
1492 3009 1673 3063 neque
1706 3008 1930 3048 causam
1958 2992 2032 3048 ob

447 3107 613 3160 quam
650 3091 1051 3144 condemnatus
1075 3099 1160 3142 est
1180 3087 1466 3141 Nestorius
1493 3104 1506 3149 ;
1541 3087 1716 3141 sancti
1746 3085 1895 3140 enim
1925 3087 2030 3141 Pa-

451 3192 562 3235 tres
591 3179 900 3235 divinitatis
923 3177 1132 3232 Christi
1163 3186 1328 3246 atque
1357 3162 1721 3229 huiuanitatis
1761 3176 1901 3230 duas
1926 3191 2025 3229 na-

431 3282 600 3326 .turas
627 3271 810 3326 unitas
853 3269 1188 3324 confitentes
1220 3310 1234 3331 ,
1292 3283 1363 3322 ne
1403 3267 1526 3322 dua:
1562 3267 1884 3338 hypostases
1929 3276 2026 3322 aut

422 3362 555 3417 -duo
601 3360 699 3415 filii
730 3361 797 3415 de
833 3361 952 3430 ipso
991 3359 1332 3422 dicerentur,
1373 3367 1667 3424 velarunt;
1708 3357 2024 3412 Nestoriuso

417 3468 550 3524 ..que
593 3461 846 3507 naturam
873 3495 887 3517 ,
919 3451 1256 3524 hypostasim
1299 3459 1464 3519 atque
1521 3465 1816 3520 personam
1873 3449 2020 3504 idem

443 3560 565 3600 esse
615 3543 920 3607 confitens,
967 3552 1264 3614 propterea
1309 3543 1544 3597 duarum
1592 3551 1918 3597 naturarum
1968 3542 2024 3596 in

441 3637 724 3710 hypostasi
761 3638 1027 3692 unionem
1063 3651 1293 3706 negans,
1319 3635 1616 3706 separatim
1654 3635 2028 3706 hypostatice—

435 3746 552 3801 que
582 3731 724 3785 duas
751 3739 982 3784 naturas
1005 3729 1216 3793 dicens,
1253 3728 1494 3798 indeque
1525 3729 1666 3783 duos
1690 3729 1832 3783 filios
1856 3728 2026 3782 duos-

436 3836 552 3891 que
568 3819 822 3875 Christos
837 3817 1122 3888 ellingens,
1149 3827 1375 3888 propter
1397 3818 1558 3872 istam
1581 3817 1756 3887 ipsius
1771 3817 2028 3887 blasphe-

431 3916 608 3966 vmiam
629 3952 644 3976 ,
663 3927 692 3965 a
720 3911 928 3965 sanctis
943 3910 1204 3964 Patribus
1222 3909 1625 3964 condemnatus
1647 3916 1733 3964 est
1751 3925 1766 3974 ;
1785 3909 2022 3979 ideoque

439 4001 938 4074 sanctusCyrillus,
964 3999 1238 4056 insaniam
1265 4001 1386 4071 ejus
1403 3999 1690 4056 Judaicam
1720 4001 2028 4056 retundens

443 4097 499 4150 in
529 4094 812 4164 Ephesino
830 4093 1064 4166 synodo,
1089 4100 1308 4148 sanctos
1325 4092 1518 4147 Patres
1540 4091 1772 4146 adduxit
1791 4099 1850 4146 ut
1869 4100 2024 4146 veta-

425 4199 568 4244 -rent
597 4204 666 4244 ne
697 4187 808 4243 duo
861 4187 961 4242 ﬁlii
1011 4186 1373 4249 dicerentur,
1423 4185 1564 4240 duas
1614 4199 1746 4238 vero
1795 4193 2027 4238 naturas

431 4295 728 4351 unumque
760 4280 960 4336 Filium
999 4278 1386 4350 praedicarent.

2135 1889 2397 1960 ἀλήθειαν
2426 1889 2754 1959 ἀποφυγεῖν,
2795 1890 2872 1962 μὴ
2909 1891 3232 1961 δυνάμενος,
3260 1893 3582 1965 ὡμολόγησε
3618 1896 3716 1968 μὲν

2135 1981 2232 2050 τὴν
2264 1981 2524 2052 τοιαύτην
2563 1981 2746 2052 φωνὴν
2782 1982 2937 2052 παρὰ
2981 1983 3090 2037 τῶν
3126 1985 3298 2052 ἁγίων
3343 1987 3600 2056 Πομ-δέρων
3638 1991 3716 2042 εί-

2135 2073 2354 2144 ρῆσθαι,
2393 2074 2674 2146 βουληθεὶς
2698 2077 2756 2130 δὲ
2785 2079 2851 2148 τῇ
2879 2078 3059 2148 οἰκεία
3087 2078 3228 2148 νόσῳ
3251 2084 3600 2150 συνηγορεῖν,
3626 2081 3716 2134 λέ-

2134 2183 2221 2235 γει
2250 2167 2338 2220 διὰ
2372 2167 2471 2231 τὰς
2503 2154 2800 2238 Νεστορίου
2834 2168 3182 2239 βλασφημίας
3213 2171 3716 2244 ἀποδοκιμασθῆναι

2133 2259 2231 2320 τὰς
2261 2257 2368 2312 τῶν
2393 2259 2564 2327 ἁγίων
2596 2261 2860 2330 Πατέρων
2894 2259 3268 2323 διδασκαλίας·
3310 2263 3395 2330 ἐφ’
3422 2256 3466 2331 ᾧ
3498 2265 3589 2317 καὶ
3627 2281 3716 2332 γε·

2135 2348 2232 2418 λᾷν
2259 2347 2430 2412 ἄξιον.
2468 2348 2568 2403 Διὰ
2615 2349 2674 2402 δὲ
2723 2349 2931 2406 τούτων
2973 2349 3098 2414 τούς
3131 2369 3191 2404 τε
3237 2353 3428 2421 ἁγίους
3471 2355 3714 2426 Ιιατέρας

2133 2440 2350 2493 ἀθετεῖν
2381 2440 2740 2510 ἐπεχείρησεν
2770 2441 2865 2494 καὶ
2890 2443 2980 2496 τὸν
3007 2445 3066 2494 έν
3111 2443 3290 2511 ἁγίοις
3323 2446 3593 2516 Κύριλλον
3617 2464 3713 2499 συ-

2134 2535 2424 2601 κοφαντεῖν
2465 2533 2566 2586 οὐκ
2613 2532 2964 2602 ἀπώκνησεν,
2995 2532 3071 2597 ὼς
3097 2536 3194 2588 καὶ
3222 2538 3334 2600 τοῖς
3361 2537 3554 2608 πρώην
3590 2538 3714 2608 παρ’

2134 2620 2304 2676 αὑτοῦ
2345 2623 2658 2694 εἰρημένοις
2712 2623 2806 2676 καὶ
2852 2626 2966 2688 τοῖς
3018 2625 3198 2692 ἁγίοις
3245 2627 3522 2698 Πατράσιν
3557 2629 3714 2680 ἐναν-

2134 2717 2443 2788 τιούμενον.
2468 2715 2614 2786 Πλὴν
2643 2714 2830 2786 ἐπειδὴ
2862 2717 3069 2780 ἐκεῖνος
3093 2715 3254 2788 μέχρι
3280 2719 3387 2770 τῶν
3410 2719 3715 2790 Νεστορίου

2132 2811 2363 2880 χρόνων,
2411 2808 2560 2877 λέγει
2591 2807 2720 2872 τοὺς
2767 2807 2956 2876 ἁγίους
2989 2809 3236 2880 Πατέρας
3277 2809 3620 2880 ἀδιαὸλήτως
3647 2812 3715 2882 τῇ

2131 2901 2358 2974 τοιαύτῃ
2403 2899 2712 2970 χρήσασθαι
2747 2903 2930 2970 φωνῇ,
2991 2902 3146 2970 ἡμεῖς
3184 2900 3426 2970 δείξομεν
3455 2902 3536 2953 ὅτι
3583 2903 3612 2954 ὀ
3647 2903 3714 2954 ὲν

2133 2995 2312 3063 ἁγίοις
2345 2993 2614 3064 Κύριλλος
2648 2995 2716 3063 τῇ
2759 2993 2866 3044 τῶν
2896 2991 2999 3045 δύο
3027 2993 3270 3060 φύσεων
3296 2996 3444 3063 φωνῇ
3471 2995 3567 3046 ἐπὶ
3597 2993 3708 3063 τῆς

2131 3086 2448 3156 οἰκονομίας
2474 3084 2568 3137 τοῦ
2599 3083 2852 3155 Σωτῆρος
2883 3087 3242 3154 χρησάμενος,
3274 3085 3568 3154 κατέκρινε
3596 3083 3715 3138 Νε-

2135 3180 2349 3249 στὸριον
2371 3193 2384 3208 ⁸
2410 3178 2505 3231 καὶ
2533 3177 2699 3230 πάλιν
2732 3178 2872 3246 μετὰ
2901 3178 2995 3248 τὴν
3030 3177 3323 3246 Νεστορίου
3353 3178 3716 3248 κατάκρισιν,

2131 3274 2160 3325 ὁ
2187 3270 2350 3334 αὐτὸς
2377 3272 2434 3324 ὲν
2465 3269 2642 3338 ἁγίοις
2684 3267 2952 3339 Κύριλλος
2989 3270 3056 3338 τῇ
3084 3267 3245 3339 ὁμοίᾳ
3279 3269 3550 3338 ἐχρήσατο
3572 3268 3717 3322 διδαο

2133 3364 2356 3435 σκαλίᾳ.
2400 3365 2583 3417 Ἐοικε
2619 3363 2726 3432 γὰρ
2759 3361 3002 3432 Σευῆρος
3043 3361 3182 3432 μήτε
3211 3361 3337 3424 τοὺς
3375 3361 3562 3430 ἁγίους
3591 3362 3718 3431 νοή-

2133 3473 2234 3520 σας
2288 3455 2578 3528 Πατέρας,
2631 3455 2766 3527 μήτε
2815 3458 2915 3525 τὴν
2972 3453 3152 3508 αἰτίαν
3199 3455 3284 3523 ἐφ’
3413 3453 3722 3525 κατεκρίθη

2133 3549 2432 3620 Νεπὸριος
2459 3566 2472 3580 ·
2515 3549 2564 3602 οι
2595 3549 2702 3618 γὰρ
2731 3546 2880 3614 ἅγιοι
2925 3545 3170 3616 Πατέρες
3203 3546 3301 3615 τῆς
3331 3545 3584 3614 θεότητος
3616 3542 3718 3598 τοῦ

2134 3639 2374 3711 Χριστοῦ
2407 3639 2502 3693 καὶ
2530 3639 2628 3706 τῆς
2657 3637 3074 3707 ἀνθρωπότητος
3096 3637 3191 3690 δύο
3212 3637 3402 3706 φύσεις
3427 3635 3718 3707 ἡνωμένας

2129 3731 2522 3802 ὁμολογοῦντες
2571 3731 2962 3801 ἀπηγόρευσαν
3015 3713 3108 3782 δ’ύο
3165 3729 3492 3790 ὑποστάσεις
3538 3727 3570 3796 ἦ
3618 3727 3718 3780 δύο

2129 3827 2282 3889 υίοὺς
2318 3825 2406 3876 ἐπ’
2453 3822 2619 3878 αὑτοῦ
2669 3823 2868 3890 λέγειν·
2905 3822 3204 3892 Νεστορίου
3257 3823 3365 3892 γὰρ
3418 3821 3577 3890 φύσιν
3617 3820 3716 3872 καὶ

2131 3914 2431 3967 ὑπόστασιν
2485 3915 2582 3967 καὶ
2635 3915 2929 3982 πρόσωπον
2967 3913 3168 3968 ταύτὸν
3211 3908 3355 3967 εἶναι
3387 3911 3720 3981 ὁμολογοῦν-

2132 4021 2244 4067 τος,
2279 4004 2374 4057 καὶ
2404 4003 2490 4058 διὰ
2524 4003 2684 4058 τοῦτο
2730 4004 2838 4056 τῶν
2873 4003 2968 4058 δύο
3021 4003 3238 4071 (γύσεων
3271 4003 3371 4060 τὴν
3420 4003 3544 4056 καθ’
3575 4002 3720 4056 ὑπό-

2135 4113 2328 4150 στασιν
2366 4097 2562 4149 ἕνωσιν
2593 4096 2950 4166 ἀρνουμένου,
2981 4096 3075 4150 καὶ
3103 4095 3206 4148 ἀνά
3239 4096 3404 4167 μέρος
3450 4095 3544 4148 καὶ
3583 4095 3720 4146 i610-

2131 4189 2456 4252 ὓποστάτως
2503 4189 2602 4252 τὰς
2651 4187 2744 4240 δύο
2792 4186 2982 4256 φύσεις
3015 4186 3286 4254 λέγοντος,
3321 4185 3415 4239 καὶ
3464 4185 3717 4239 ἐντεῦθεν

2125 4277 2218 4331 δύο
2253 4279 2401 4340 υίοὺς
2451 4280 2544 4330 καὶ
2575 4277 2669 4331 δύο
2699 4277 2970 4348 Χριστοὺς
3001 4273 3453 4339 ἀναπλάττοντος,
3490 4276 3587 4329 καὶ
3611 4275 3710 4328 διὰ

441 4376 541 4444 τὴν
569 4371 826 4442 τοιαύτην
857 4371 1024 4426 αὐτοῦ
1060 4369 1415 4442 βλασφημίαν
1447 4367 1552 4422 ὑπὸ
1578 4367 1687 4422 τῶν
1714 4368 1886 4436 ἁγίων
1954 4369 2256 4438 κατεκρίθη
2329 4369 2610 4439 Πατέρων,
2646 4368 2837 4452 ἀμέλει
2867 4385 2948 4421 τοι
3000 4367 3036 4420 ὁ.
3063 4367 3118 4420 έν
3185 4367 3362 4434 ἁγίοις
3432 4366 3709 4438 Κύριλλος

441 4470 541 4542 τὴν
579 4467 877 4540 Ἰουδαῐκὴν
940 4467 1106 4522 αὑτοῦ
1153 4466 1351 4536 μανίαν
1389 4465 1694 4534 ἀνελέγχων
1743 4465 1802 4542 ὲγ
1847 4466 1912 4536 τῇ
1949 4459 2070 4519 κατ’
2114 4465 2350 4534 Ἔφεσον
2405 4464 2629 4534 συνόδῳ,
2669 4463 2799 4526 τοὺς
2855 4461 3044 4532 ἁγίους
3092 4460 3340 4530 Πατέρας
3391 4463 3727 4530 προήγαγεν

443 4561 888 4635 ἀπαγορεύοντας
925 4561 1024 4632 μὲν
1051 4561 1112 4614 τὸ
1134 4561 1314 4627 λέγειν
1343 4557 1438 4612 δύο
1466 4559 1651 4621 Υίοὺς,
1677 4557 1772 4612 δύο
1797 4556 1854 4610 δὲ
1881 4557 2074 4626 φύσεις
2113 4557 2209 4612 καὶ
2239 4557 2334 4610 ἕνα
2370 4557 2500 4610 Υίὸν
2529 4556 2922 4626 κηρύττοντας.

513 4659 593 4713 Ex
615 4653 878 4710 omnibus
906 4652 1076 4723 igitur
1100 4666 1222 4720 qua:
1253 4649 1401 4704 dicta
1429 4657 1558 4702 sunt
1581 4648 1916 4718 patefactum
1939 4655 2024 4700 est

2201 4645 2284 4718 [Ρ.
2316 4647 2410 4702 25-!
2428 4647 2471 4720 .]
2493 4649 2584 4702 Ἐκ
2601 4647 2708 4702 τῶν
2741 4645 3050 4718 εἰρημένων
3080 4644 3258 4699 τοίνυν
3285 4645 3543 4699 ἁπάντων
3571 4646 3730 4702 ἀπο-

443 4757 699 4805 sauctum
736 4743 1002 4816 Cyrillum
1035 4749 1164 4795 ante
1191 4739 1605 4794 damnationem
1634 4738 1870 4793 Nestorii
1900 4778 1914 4802 ,
1965 4739 2024 4793 in

444 4841 596 4895 illius
617 4835 969 4893 damnatione
991 4841 1224 4904 postque
1246 4832 1422 4902 ipsius
1437 4831 1872 4896 damnationem,
1887 4829 2024 4884 dua-

447 4947 574 4984 rum
599 4940 925 4983 naturarum
958 4925 1017 4980 in
1053 4939 1164 4979 uim
1188 4924 1412 4980 Christo
1444 4920 1850 4976 confessionem
1885 4935 2026 4990 prte-

445 5025 634 5078 dicare
687 5019 952 5076 continuo
996 5034 1104 5072 non
1155 5031 1422 5071 cessasse.
1485 5014 1594 5070 Sed
1639 5013 1778 5067 nihil
1831 5014 2027 5070 horum

449 5115 768 5186 intelligens
801 5111 1056 5168 veritatis
1088 5109 1262 5163 hostis
1293 5107 1550 5169 Severus,
1585 5107 1774 5160 Patres
1803 5105 2026 5162 nomine

448 5212 674 5266 Patrum
709 5213 894 5269 vocat,
945 5217 1011 5256 ac
1041 5201 1275 5269 denegat
1308 5198 1376 5253 ab
1418 5197 1528 5252 illis
1580 5197 1841 5264 Ecclesiae
1873 5207 2022 5254 recte

447 5301 707 5356 traditam
743 5297 915 5352 fuisse
937 5291 1271 5354 doctrinam,
1321 5290 1577 5345 nesciens
1607 5291 1921 5346 Nestorium
1951 5290 2024 5346 ob

445 5407 601 5445 suam
633 5389 856 5458 quidem
889 5383 1230 5453 impietatem
1261 5383 1682 5438 condemnatum
1729 5383 1920 5446 fuisse,
1953 5383 2023 5465 al;

443 5479 653 5546 illoque
690 5483 872 5529 tamen
917 5472 1141 5526 Patrum
1190 5469 1496 5526 doctrinam
1538 5487 1786 5527 eversam
1831 5471 2021 5530 fuisse.

442 5569 507 5624 Si
546 5576 754 5630 autem,
799 5566 952 5635 juxta
991 5559 1261 5614 insaniam
1293 5561 1515 5627 Severi,
1549 5562 1720 5618 verba
1751 5577 1782 5616 a
1819 5564 2024 5618 sanctis

449 5659 708 5712 Patribus
741 5665 888 5710 recte
925 5651 1238 5724 prredicata,
1287 5653 1355 5708 ab
1392 5653 1666 5710 han-elicis
1703 5669 1832 5709 vero
1865 5655 2024 5709 mali-

444 5764 556 5818 gne
611 5751 971 5820 interpretata
1024 5745 1356 5802 removenda
1397 5756 1558 5815 sunt,
1603 5755 1816 5802 evertet
1851 5747 2016 5801 etiam

2129 4741 2396 4794 δέδεικται
2423 4742 2506 4794 ὅτι
2533 4741 2562 4792 ὀ
2593 4742 2652 4794 ὲν
2679 4741 2852 4808 ἁγίοις
2885 4738 3154 4811 Κύριλλος
3199 4737 3297 4792 καὶ
3337 4737 3443 4809 πρὸ
3474 4738 3576 4808 τῆς
3604 4739 3729 4792 Νε-

2130 4833 2346 4902 στορίου
2391 4832 2792 4902 κατακρίσεως,
2849 4832 2943 4885 καὶ
2989 4833 3048 4884 ἐν
3093 4832 3231 4902 αὐτῇ
3264 4834 3328 4900 τῇ
3365 4831 3733 4902 κατακρίσει,

2131 4923 2228 4976 καὶ
2269 4922 2408 4993 μετὰ
2456 4924 2556 4992 τὴν
2611 4921 2778 4976 αὑτοῦ
2829 4922 3179 4992 κατάκρισιν,
3229 4922 3289 4975 ού
3345 4921 3586 4975 διέλιπεν
3619 4920 3734 4992 τὴν

2135 5015 2265 5084 περὶ
2301 5014 2410 5067 τῶν
2444 5012 2538 5068 δύο
2587 5013 2804 5082 φύσεων
2833 5015 2925 5066 ἐπὶ
2967 5013 3062 5067 τοῦ
3107 5015 3228 5077 ἐνὸς
3257 5013 3498 5084 Χριστοῦ
3523 5013 3736 5082 ὁμολοο

2130 5105 2374 5174 γίανὰεὶ
2399 5105 2684 5176 κηρύττων
2703 5123 2716 5136 ⁸
2734 5105 2850 5159 ἀλλ’
2873 5105 3026 5159 οὐδὲν
3059 5105 3265 5159 τούτων
3294 5105 3534 5176 Σευῆρος
3566 5107 3595 5158 ὀ
3615 5105 3737 5175 τῆς

2129 5197 2392 5266 ἀληθείας
2430 5197 2626 5270 ἐχθρὸς
2662 5199 2879 5263 ἐννοῶν,
2913 5199 3040 5262 τοὺς
3073 5197 3174 5268 μὲν
3206 5198 3457 5268 Πατέρας
3485 5199 3735 5267 ὀνόματι

2131 5288 2290 5358 δῆθεν
2320 5288 2588 5359 Πατέρων
2615 5287 2904 5352 ἀποκαλεῖ,
2940 5289 3188 5360 ἀρνεῖται
3239 5287 3296 5340 δὲ
3334 5288 3403 5340 τὰ
3451 5287 3585 5358 παρ’
3621 5287 3744 5340 αὖ-

2129 5381 2239 5434 τῶν
2282 5379 2458 5451 ὀρθῶς
2513 5381 2579 5452 τῇ
2637 5378 2934 5452 Ἐκκλησία
2983 5377 3395 5449 παραδεδομένα
3441 5377 3736 5446 δόγματα,

2135 5475 2210 5546 μὴ
2235 5475 2521 5542 γινώσκων
2547 5475 2630 5526 ὅτι
2659 5472 2956 5546 Νεστόριος
2987 5473 3084 5543 μὲν
3105 5473 3194 5525 διὰ
3225 5474 3326 5542 τὴν
3355 5473 3563 5525 οἰκείαν
3585 5471 3743 5523 ἁσὲ-

2133 5565 2286 5618 ϐειαν
2332 5565 2755 5629 κατακέκριται,
2799 5564 2862 5615 ού
2905 5561 3014 5634 μὴν
3050 5563 3117 5615 δι’
3159 5565 3371 5616 ἐκεῖνον
3403 5563 3436 5631 ἡ
3467 5561 3574 5614 τῶν
3603 5561 3745 5613 lla.-

2128 5656 2306 5726 τέρων
2330 5656 2600 5727 ἀνῄρηται
2633 5656 2970 5709 διδασκαλία.
3006 5657 3070 5709 Et
3106 5655 3214 5724 γὰρ
3247 5655 3388 5708 κατά
3417 5653 3517 5724 τὴν
3547 5652 3744 5722 Σευῆ-

2127 5764 2222 5820 ρου
2261 5748 2506 5818 μανίαν,
2547 5749 2644 5813 τὰς
2699 5750 2882 5818 ςωνὰς
2925 5748 3024 5814 τὰς
3053 5747 3207 5820 παρὰ
3239 5747 3340 5820 μὲν
3388 5746 3501 5802 τῶν
3542 5744 3746 5816 ἁγίων
