3998 6146
276 343 411 411 1137

1185 325 1629 405 ΤΗΑΟΤᾸΤΗΒ
1665 340 1969 403 CONTRA
2009 343 2610 404 MONOPHYSITAS.

3413 345 3574 412 1133’

275 456 531 526 Πατέρων
563 453 741 526 ὀρθῶς
771 450 1092 523 εἰρημένας,
1137 451 1292 522 παρᾶ
1333 450 1392 505 δὲ
1435 449 1730 522 αίρετικῶν
1757 467 1858 502 κα-

1966 451 2208 507 divinam
2235 451 2605 524 Scripturain,
2655 468 2722 507 ex
2767 469 2875 522 qua
2937 455 3182 510 han-elici
3227 473 3328 512 suo
3356 459 3551 512 morbo

274 549 386 613 κῶς
418 546 912 620 ὲκλαμδανομένας
951 543 1338 613 παραιτεῖσθαι
1393 542 1510 607 δεῖ,
1560 543 1654 597 καὶ
1689 541 1860 612 αὐτὴν

275 641 531 711 ἀθετήσει
559 637 660 709 τὴν
702 636 855 690 θείαν
892 636 932 688 Γ
937 634 1138 708 ραφὴν,
1165 633 1226 700 ἐξ
1261 629 1330 705 ἧς
1359 633 1564 698 πάντες
1594 633 1862 704 αἱρετικοὶ

273 732 339 802 τῇ
377 729 556 801 οίκείᾳ
589 730 910 798 συνηγορεῖν
965 727 1170 780 οἴονται
1229 726 1400 797 νόσῳ·
1446 727 1542 780 καὶ
1588 725 1750 796 δῆλον
1780 727 1862 779 ὅτι

275 821 414 876 κατὰ
455 823 586 883 τοὺς
632 819 842 874 ἐκείνου
889 819 1115 889 λήρους,
1142 817 1202 871 αἴ
1237 835 1296 871 τε
1333 817 1475 872 θεῖαι
1511 818 1730 889 Γραφαὶ
1769 817 1866 870 καὶ

275 915 326 968 αί
358 912 468 967 τῶν
503 911 763 984 Πατέρων
795 909 1131 982 παραδόσεις
1158 909 1788 981 ἀποδοκιμασοήσονται.

356 1000 520 1054 Ἀλλὰ
555 1000 728 1054 ταῦτα
761 999 860 1070 μὲν
893 1001 1054 1070 ἡμεῖς
1077 1000 1214 1071 πρὸς
1241 999 1368 1062 τοὺς
1396 1001 1713 1070 αίρετικοὺς
1737 999 1866 1054 ἀθε·

275 1093 504 1154 τοῦντας
552 1092 655 1160 τὴν
683 1092 794 1146 τῶν
830 1091 1092 1162 Πατὲρων
1131 1091 1520 1146 διδασκαλίανο
1561 1094 1594 1162 ἡ
1642 1093 1699 1146 δὲ
1732 1092 1865 1162 ἁγία

277 1184 368 1238 τοῦ
396 1184 530 1238 Θεοῦ
569 1183 866 1254 Ἐκκλησία
911 1182 1012 1247 τὰς
1049 1184 1231 1254 μέντοι
1262 1184 1436 1248 αὐτὰς
1498 1183 1608 1238 τῶν
1657 1186 1866 1256 αἱρετι-

277 1276 390 1331 κῶν
439 1275 830 1346 ματαιολογίας
879 1274 1361 1346 ἀποστρεφομένη,
1415 1274 1762 1344 φυλάττουσα
1805 1275 1864 1328 δὲ

275 1371 378 1442 τὴν
419 1369 515 1424 τοῦ
568 1369 778 1440 Κυρίου
830 1367 926 1421 καὶ
966 1367 1078 1420 τῶν
1114 1367 1286 1437 ἁγίων
1319 1368 1636 1423 ἀποστόλων
1678 1385 1738 1423 τε
1760 1369 1868 1428 ,καὶ

277 1462 420 1516 Πατέ
431 1477 538 1532 ρων
567 1460 892 1531 παράδοσιν,
923 1457 1026 1513 ἕνα
1045 1459 1140 1512 καὶ
1169 1459 1261 1512 τὸν
1281 1459 1446 1512 αὐτὸν
1471 1457 1736 1530 κηρύττει
1767 1477 1866 1530 μο-

274 1553 475 1623 νογενῆ
499 1551 632 1606 Θεὸν
663 1552 836 1620 Λόγον
871 1551 1080 1623 Κύριον
1125 1548 1336 1622 Ἰησοῦν
1375 1551 1612 1622 Χριστὸν
1655 1553 1714 1604 ἐν
1759 1551 1869 1621 ἀμ-

275 1643 542 1712 φοτέραις
579 1643 699 1704 ταῖς
725 1641 956 1704 οὐσίαις,
982 1643 1048 1712 τῇ
1100 1657 1162 1693 τε
1206 1638 1344 1693 Θεοῦ
1383 1639 1482 1694 καὶ
1529 1640 1745 1711 Πατρὸς
1770 1641 1868 1694 καὶ

273 1739 344 1808 τῇ
377 1737 473 1806 τῆς
505 1735 784 1806 Παρθένου
812 1735 1016 1806 μητρὸς
1045 1733 1449 1806 γνωριζόμενον
1469 1753 1483 1768 ·
1515 1735 1610 1788 καὶ
1627 1736 1678 1788 οί
1707 1733 1870 1788 τοῦτο

1965 545 2209 601 remedia
2241 546 2470 622 haurire
2493 545 2802 602 confidunt.
2830 547 2989 602 Patet
3015 564 3168 619 ergo,
3206 551 3364 620 juxta
3401 550 3551 604 illius

1965 639 2224 709 ineptias,
2264 639 2482 694 divinas
2501 639 2820 710 Scripturas
2855 641 3294 712 traditioncsque
3325 644 3549 698 Patrum

1965 731 2344 799 reprobandas
2366 746 2509 786 esse.

2036 990 2165 1046 Haec
2185 999 2316 1046 sunt
2345 1006 2478 1062 ergo
2506 1005 2628 1061 quze
2659 1007 2764 1047 nos
2814 993 3084 1048 adversus
3131 995 3424 1050 haereticos
3453 995 3553 1051 do-

1965 1083 2202 1139 ctrinam
2229 1083 2456 1138 Patrum
2481 1091 2797 1139 evertentes
2836 1083 3140 1139 afferimus.
3179 1084 3381 1140 Sancta
3417 1101 3552 1140 vero

1963 1175 2061 1231 Dei
2079 1175 2326 1232 Ecclesia
2345 1177 2572 1231 eosdem
2597 1176 2988 1232 haereticorum
3007 1177 3246 1247 ineptias
3266 1193 3548 1242 aversans.

1964 1283 2194 1324 servans
2225 1275 2413 1323 autem
2445 1267 2688 1329 Domini,
2721 1277 3042 1325 sanctorum
3073 1271 3452 1340 apostolorum
3487 1287 3554 1326 ac

1965 1361 2190 1415 Patrum
2227 1360 2608 1426 traditionem,
2644 1374 2819 1416 unum
2869 1361 3242 1432 eumdemque
3289 1363 3556 1433 praedicat

1965 1453 2316 1524 unigenitum
2345 1454 2520 1509 Deum
2546 1453 2791 1510 Verbum
2835 1453 3132 1510 Dominum
3186 1455 3376 1512 Jesum
3396 1455 3558 1511 Chri-

1964 1551 2136 1610 stum,
2149 1545 2206 1599 in
2223 1545 2444 1600 duabus
2464 1546 2814 1611 substantiis,
2833 1545 2932 1601 Dei
2948 1556 3006 1602 et
3021 1547 3224 1612 Patris,
3250 1549 3555 1618 matrisque

1965 1637 2208 1709 Virginis
2225 1637 2499 1708 agnitum.
2523 1637 2629 1704 illi,
2647 1653 2680 1694 e
2698 1647 2915 1703 contra,
2936 1637 3044 1694 hoc
3071 1652 3180 1693 non
3199 1639 3552 1700 confitentes,

1966 1729 2054 1784 vel
2087 1743 2158 1783 ex
2183 1729 2298 1783 Deo
2324 1737 2382 1784 et
2418 1730 2580 1784 Patre
2610 1728 2966 1784 nativitatem
3001 1730 3272 1800 unigeniti
3305 1729 3429 1786 Filii
3457 1731 3554 1784 Dei

275 1829 358 1900 μὴ
387 1826 863 1899 ὁμολογοῦντες,ἢ
900 1827 1003 1898 τὴν
1053 1828 1120 1880 ὲκ
1168 1827 1263 1880 τοῦ
1320 1825 1458 1881 Θεοῦ
1515 1827 1614 1880 καὶ
1647 1827 1862 1900 Πατρὸς

1969 1837 2034 1877 ac
2050 1821 2270 1876 Domini
2293 1821 2468 1876 nostri
2489 1821 2620 1878 Iesu
2645 1821 2854 1877 Christi
2873 1832 3096 1894 negant,
3120 1823 3208 1878 vel
3239 1838 3308 1878 ex
3338 1814 3552 1884 Sancta,

273 1921 536 1989 γέννησιν
565 1919 676 1972 ἀπα
687 1917 939 1988 ρνοῦνται
963 1917 1056 1972 τοῦ
1093 1917 1417 1988 μονογενοῦς
1447 1917 1578 1972 Υίοῦ
1608 1917 1700 1972 τοῦ
1729 1917 1871 1970 Θεοῦ

273 2013 379 2067 καὶ
422 2011 632 2082 Κυρίου
687 2010 846 2082 ἡμῶν
891 2009 1068 2081 Ἰησοῦ
1111 2009 1463 2080 Χριστοῦ,ἣ
1510 2011 1611 2079 τὴν
1659 2011 1723 2064 ὲκ
1770 2012 1868 2080 τῆς

271 2103 442 2171 ἁγίας
489 2102 702 2166 ἐνδόξου
737 2100 999 2156 Θεοτὸκου
1029 2101 1125 2154 καὶ
1179 2099 1569 2170 Ἀειπαρθένου
1604 2101 1826 2172 Μαρίας
1848 2117 1867 2134 ⁸

271 2199 340 2252 ού
374 2197 484 2267 γὰρ
519 2197 619 2265 τὴν
646 2194 836 2248 οὐσίαν
868 2195 970 2248 οὐκ
1008 2193 1121 2266 ἔχει
1149 2197 1178 2248 ὁ
1202 2195 1436 2264 Χριστός
1455 2211 1470 2226 ⁸
1505 2193 1720 2264 ἀπέστη
1747 2194 1906 2246 κατ’·

278 2290 480 2351 αὐτοὺς
511 2288 604 2342 καὶ
633 2286 728 2340 τοῦ
772 2282 912 2340 εἶναι
943 2287 1102 2351 Υἱός·
1141 2289 1190 2342 εί
1228 2287 1286 2341 δὲ
1325 2285 1773 2356 συνελαυνόμενοι
1805 2287 1870 2339 ἐκ

277 2385 383 2453 τῆς
425 2381 576 2443 θείας
625 2380 849 2450 Γραφῆς
891 2379 988 2432 καὶ
1024 2379 1126 2450 τῆς
1160 2380 1270 2432 τῶν
1313 2377 1574 2449 Πατὲρων
1611 2377 1869 2431 διδασκα-

278 2475 426 2539 λίας,
450 2471 776 2542 ὁμολογοῦσι
819 2471 938 2541 μεθ’
977 2470 1134 2540 ἡμῶν
1168 2470 1300 2524 Υίὸν
1335 2467 1476 2524 εἶναι
1507 2470 1602 2523 τὸν
1631 2461 1868 2541 Χρῖστὸν

281 2564 426 2618 κατὰ
456 2561 716 2633 ἀλήθειαν
749 2562 845 2614 τοῦ
871 2559 1008 2614 Θεοῦ
1049 2559 1142 2615 καὶ
1177 2561 1413 2629 Πατρὸς,
1445 2559 1656 2614 καὶτὸν
1705 2558 1867 2612 αὐτὸν

282 2655 428 2710 κατὰ
475 2651 732 2724 ἀλήθειαν
788 2651 916 2704 Υίὸν
964 2647 1104 2705 εἶναι
1140 2651 1241 2720 τῆς
1280 2649 1558 2721 Παρθένου
1603 2648 1862 2721 Μητρὸς,

280 2747 710 2818 ὁμολογήσουσιν
745 2744 808 2809 ἐξ
842 2744 1087 2814 ἀνάγκης
1109 2742 1300 2799 ὥσπερ
1327 2741 1428 2805 τὰς
1465 2741 1557 2796 δύο
1583 2741 1868 2812 γεννήσεις

283 2839 406 2903 ἑνὸς
439 2840 533 2894 καὶ
569 2836 663 2891 τοῦ
693 2837 882 2900 αὑτοῦ,
911 2835 1084 2900 οὕτως
1126 2837 1222 2890 καὶ
1247 2822 1348 2898 τάξ
1376 2834 1470 2888 δύο
1507 2834 1696 2896 οὒτίας
1721 2833 1866 2904 ἔχειν

280 2931 478 2986 αὐτόν·
517 2932 564 2984 εί
589 2929 700 3001 γὰρ
736 2927 916 2991 καθὼς
936 2929 988 2980 οί
1018 2928 1261 2998 Πατέρες
1289 2925 1626 2992 διδάσκουσι,
1659 2928 1799 2996 μήτε
1830 2927 1864 2996 ἡ

279 3025 384 3095 τῆς
411 3023 668 3093 Θεότητος
699 3021 794 3076 τοῦ
826 3020 1065 3092 Χριστοῦ
1093 3021 1254 3090 φύσις
1281 3019 1361 3084 είς
1398 3019 1498 3090 τὴν
1525 3019 1627 3088 τῆς
1661 3019 1865 3090 σαρκὸς

277 3115 450 3170 αὑτοῦ
493 3115 896 3188 μεταϐέϐληται
929 3112 1112 3179 φύσιν,
1153 3111 1290 3182 μήτε
1337 3114 1370 3182 ἡ
1409 3112 1506 3180 τῆς
1541 3111 1743 3182 σαρκὸς
1769 3111 1866 3163 αύ-

276 3207 378 3262 τοῦ
414 3209 494 3272 είς
528 3207 627 3276 τὴν
655 3206 756 3276 τῆς
795 3205 1070 3276 θεότητος,
1111 3205 1250 3274 μήτε
1283 3204 1392 3274 μὴν
1426 3205 1461 3272 ἡ
1491 3202 1726 3274 διαφορὰ
1754 3202 1867 3256 τῶν

275 3299 504 3369 φύσεων
526 3297 794 3368 ἀνῄρηται
835 3295 924 3348 διὰ
952 3295 1051 3365 τὴν
1091 3295 1305 3356 ἕνωσιν,
1327 3293 1443 3347 ἀλλ’
1479 3293 1694 3362 ἔμεινεν
1727 3294 1859 3348 sxa.

273 3405 445 3456 τερον
479 3388 617 3456 ὅπερ
641 3387 758 3439 ἐστὶ
786 3389 854 3456 τῇ
889 3384 1049 3454 φύσει
1069 3401 1082 3416 ·
1116 3386 1212 3440 καί
1247 3383 1481 3438 διπλοῦν·
1509 3383 1707 3438 ἔστιτὸ
1732 3384 1862 3456 περὶ

273 3477 452 3531 αὐτοῦ
489 3479 775 3548 κήρυγμα,
809 3478 904 3532 καὶ
941 3479 1000 3530 ὲν
1025 3477 1320 3549 ἑκατέραις
1349 3479 1470 3540 ταῖς
1493 3477 1706 3541 οὐσίαις
1727 3493 1864 3546 γνω-

276 3569 538 3641 ρίζεται,
573 3570 854 3622 τουτέστιν
910 3571 969 3622 ὲν
1023 3569 1240 3638 Θεότητι
1290 3567 1385 3622 καὶ
1434 3567 1860 3640 ἀνθρωπότητι*

270 3663 405 3725 πῶς
431 3662 531 3714 οὐκ
568 3661 917 3715 αἰσθάνονται
960 3661 1061 3731 τῆς
1099 3660 1306 3724 οἰκείας
1354 3660 1586 3728 πλάνης,
1633 3663 1684 3714 oi
1729 3661 1860 3731 μίαν

267 3751 378 3806 τοῦ
411 3751 648 3821 Χριστοῦ
674 3750 1090 3821 τερατευόμενοι
1121 3747 1306 3818 φύσιν,
1334 3750 1430 3804 καὶ
1469 3765 1582 3804 των
1613 3753 1710 3821 μὲν
1737 3753 1860 3804 κατ’

269 3841 546 3912 ἀλήθειαν
583 3841 924 3913 πραγμάτων
952 3844 1050 3913 τὴν
1081 3841 1360 3912 ἀναίρεσιν
1389 3840 1860 3912 βλασφημοῦντες,

263 3935 414 4004 ψιλὰ
461 3933 519 3987 δὲ
576 3935 817 4006 ὀνόματα
867 3934 1122 3998 θεότητος
1167 3933 1264 3987 καὶ
1318 3933 1742 4004 ἀνθρωπότητος
1780 3935 1862 4006 τῷ

265 4024 508 4098 Χριστῷ
543 4025 930 4095 χαριζόμενοι;
962 4023 1122 4079 Ἀλλὰ
1149 4027 1336 4080 πᾶσαν
1365 4025 1534 4098 ὀρθὴν
1571 4026 1860 4098 παρορῶν-

1969 1915 2252 1985 gloriosa,
2297 1913 2398 1968 Dei
2444 1913 2622 1970 Matre
2671 1929 3006 1985 semperque
3045 1915 3273 1986 Virgine
3345 1914 3550 1978 Maria;
3597 1915 3614 1930 ‘

1969 2005 2226 2062 Christus
2241 2007 2395 2062 enim
2411 2021 2528 2061 non
2542 2006 2712 2062 habet
2726 2007 3092 2062 substantiam
3111 2023 3126 2074 ;
3141 2008 3408 2078 juxtaque
3432 2006 3555 2060 illos

1970 2099 2128 2154 abest
2168 2099 2334 2153 etiam
2361 2098 2496 2169 quin
2531 2099 2605 2155 sit
2652 2098 2846 2154 Filius.
2893 2099 2951 2156 Si
2983 2108 3188 2164 autem,
3223 2098 3557 2171 urgentibus

1969 2189 2172 2255 nobis;
2211 2207 2280 2247 ex
2322 2191 2511 2246 divina
2543 2189 2832 2262 Scriptura
2886 2191 3252 2262 doctrinaque
3303 2193 3552 2252 Patrum.

1969 2283 2260 2339 nobiscum
2309 2283 2646 2339 conﬁtentur
2689 2283 2978 2340 Christum
3031 2299 3156 2340 esse
3188 2299 3319 2340 vere
3351 2283 3579 2340 Filium»

1969 2373 2068 2452 D_ei
2093 2385 2151 2432 et
2178 2376 2380 2442 Patris,
2433 2376 2808 2447 eumdemque
2835 2390 2966 2432 vere
2991 2391 3115 2433 esse
3141 2375 3346 2432 Filium
3374 2376 3574 2446 Virgig

1967 2467 2059 2522 nis
2073 2467 2284 2534 Matris,
2305 2467 2777 2538 quemadmodum
2793 2468 3110 2524 necessario
3137 2467 3518 2523 confitebuntu
3529 2482 3558 2518 r

1969 2557 2110 2614 duas
2137 2559 2455 2614 nativitates
2481 2559 2648 2616 unius
2661 2575 2727 2614 ac
2747 2559 3019 2630 ejusdem,
3040 2559 3116 2614 ita
3136 2569 3195 2615 et
3218 2559 3398 2628 ipsum
3417 2558 3575 2612 duas.

1969 2652 2313 2708 substantias
2355 2653 2602 2720 habere;
2637 2653 2684 2708 si
2712 2653 2865 2713 enim
2893 2695 2912 2721 ,
2950 2655 3107 2725 juxta
3149 2653 3298 2723 quod
3352 2651 3560 2708 docent

1970 2743 2158 2800 Patres
2183 2784 2198 2808 ,
2231 2760 2337 2800 nec
2375 2753 2573 2801 natura
2600 2744 2916 2800 divinitatis
2947 2744 3158 2802 Christi
3198 2745 3257 2800 in
3299 2752 3573 2800 naturane.

1965 2835 2152 2892 carnis
2183 2835 2358 2906 ipsius
2385 2845 2754 2894 transmutata
2787 2837 2878 2902 sit,
2914 2852 3017 2893 nec
3043 2844 3244 2892 natura
3283 2836 3470 2892 carnis
3497 2836 3554 2890 in

1968 2935 2224 2984 naturam
2280 2928 2636 2996 divinitatis,
2695 2943 2800 2986 nec
2854 2939 3182 2984 naturarum
3235 2929 3562 2985 differentiar-

1969 3025 2175 3080 unione
2219 3022 2294 3078 sit
2324 3023 2528 3089 ablata,
2553 3021 2651 3079 sed
2671 3023 2716 3078 si
2743 3022 3178 3092 unumquodque
3209 3019 3356 3090 quod
3385 3027 3471 3075 est
3498 3020 3556 3074 in

1967 3123 2171 3171 natura
2191 3116 2598 3186 permanserit,
2628 3115 2946 3186 duplexque
2971 3123 3154 3170 exstet
3182 3113 3250 3168 de
3278 3114 3385 3168 hoc
3411 3127 3553 3181 pra:-

1965 3206 2214 3272 dicatio,
2266 3221 2332 3262 ac
2381 3207 2438 3260 in
2479 3221 2810 3277 unaquaque
2847 3205 3156 3262 substantia
3197 3210 3551 3275 agnoscatur,

1966 3297 2184 3352 scilicet
2217 3297 2274 3352 in
2317 3297 2608 3352 divinitate
2657 3305 2824 3368 atque
2857 3296 3238 3356 humanitate,
3273 3293 3554 3364 quomodo

1968 3389 2080 3444 non
2114 3388 2430 3460 intelligunt
2453 3404 2704 3446 errorem
2726 3405 2912 3454 suum,
2945 3403 3112 3444 unam
3147 3385 3359 3444 Christi
3384 3391 3551 3440 natu-

1967 3495 2082 3536 ram
2107 3481 2214 3536 sibi
2241 3481 2498 3552 fingendo
2523 3525 2536 3549 ,
2589 3498 2721 3538 vera
2761 3481 2931 3552 impie
2978 3479 3298 3536 auferentes
3328 3518 3342 3538 .
3401 3476 3551 3532 nuda

1965 3587 2102 3627 vero
2121 3571 2346 3627 nomina
2377 3572 2686 3627 divinitatis
2713 3581 2879 3642 atque
2914 3569 3284 3626 humanitatis
3323 3568 3552 3624 Christo

1966 3663 2388 3734 relinquentes?
2421 3663 2528 3719 Sed
2559 3680 2780 3720 omnem
2806 3680 2994 3720 veram
3019 3663 3332 3718 doctrinam
3364 3661 3553 3732 deSpi-

1966 3753 2198 3820 cientes,
2230 3754 2364 3809 illud
2399 3771 2570 3809 unum
2600 3756 2787 3811 animo
2816 3754 3148 3819 intendunt,
3204 3761 3265 3808 ut
3292 3752 3552 3807 credatur

1965 3856 2218 3902 naturam
2263 3847 2350 3900 vel
2397 3847 2767 3903 substantiam
2797 3863 2862 3904 ac
2895 3847 3131 3902 formam
3181 3845 3450 3901 eumdem
3487 3859 3552 3898 ac

1967 3938 2304 4011 hypostasim
2329 3955 2734 4011 personamque
2762 3939 3098 4011 patefacere,
3117 3938 3267 4010 quod
3289 3935 3552 3993 omnibus

1968 4031 2244 4088 haereticis
2275 4049 2438 4088 causa
2465 4031 2572 4088 fuit
2591 4033 2823 4088 erroris.

259 4133 370 4183 τες
399 4119 770 4185 διδασκαλίαν,
802 4118 999 4190 ἐκείνῳ
1029 4119 1175 4190 μόνῳ
1192 4120 1284 4174 τὸν
1310 4119 1438 4174 νοῦν
1497 4121 1888 4192 προσέχουσιν,
1917 4123 1998 4196 τῷ
2036 4125 2280 4196 νομίζειν
2323 4129 2405 4182 ὅτι
2455 4127 2488 4197 ἡ
2563 4125 2724 4196 φύσις
2782 4125 2954 4197 ἤγουν
3002 4124 3161 4178 οὐσία
3222 4123 3316 4178 καὶ
3362 4120 3549 4192 ’μορφὴ

255 4211 478 4267 ταύτὸν
527 4215 596 4284 τῇ
662 4212 959 4266 ὑποστάσει
1005 4213 1102 4267 καὶ
1154 4213 1234 4285 τῷ
1283 4214 1564 4286 προσώπῳ
1613 4215 1896 4286 δηλοῦσιν,

253 4304 511 4376 πλάνης.

1963 4219 2106 4292 ὅπερ
2148 4221 2244 4276 καὶ
2303 4223 2434 4275 πᾶσι
2481 4223 2596 4284 τοῖς
2650 4221 2950 4292 αίρετικοῖς
3000 4219 3278 4291 πρόφασις
3335 4216 3548 4284 γίνεται

336 4399 462 4452 Καὶ
492 4397 560 4449 τὰ
608 4399 706 4466 μὲν
745 4397 873 4468 περὶ
899 4395 1092 4451 τούτου
1121 4398 1214 4450 καὶ
1251 4397 1312 4449 ὸν
1351 4395 1427 4468 τῷ
1459 4397 1562 4469 ἤδη
1593 4398 1858 4470 γραφέντι

2036 4399 2165 4455 Haec
2189 4407 2372 4454 autem
2415 4414 2540 4469 quae
2581 4398 2651 4454 ad
2697 4397 2831 4454 illud
2859 4398 3164 4468 pertinent,
3203 4397 3260 4452 in
3288 4412 3546 4453 sermone

249 4491 408 4563 παρ’
427 4489 587 4559 ἡμῶν
610 4488 754 4558 λόγῳ
789 4488 926 4559 πρὸς
962 4487 1165 4542 Ζωΐλον
1186 4489 1281 4543 τὸν
1305 4490 1733 4561 μακαριώτατον
1757 4491 1858 4562 ἀρ-

245 4583 632 4658 χιεπίσκοπον
673 4582 774 4652 τῆς
816 4582 1212 4653 Ἀλεξανδρέων
1257 4584 1355 4637 καὶ
1397 4584 1746 4656 πατριάρχην
1779 4583 1857 4657 (5)

245 4673 480 4736 ἱκανῶς
531 4671 942 4739 ἀποδέδεικται,
1003 4674 1482 4746 παραστησὰντων
1543 4676 1704 4746 ήμῶν
1770 4677 1855 4730 ὅτι

241 4769 438 4841 φύσις
474 4767 572 4820 καὶ
611 4761 793 4838 μορφὴ
825 4765 1026 4820 ταύτὸν
1075 4767 1250 4839 δηλοῖ,
1283 4769 1380 4822 καὶ
1405 4769 1499 4824 ἐπὶ
1537 4767 1634 4822 τοῦ
1669 4767 1855 4823 κοινοῦ

239 4857 684 4932 σημαινομένου
711 4856 1106 4927 λαμϐάνονται.
1143 4858 1219 4912 Τὸ
1263 4859 1322 4913 δὲ
1361 4861 1658 4932 πρόσωπον
1684 4860 1780 4914 καὶ
1817 4862 1852 4932 ἡ

1965 4509 1996 4547 a
2041 4493 2215 4547 nobis
2251 4492 2319 4547 ad
2367 4491 2580 4546 Zoilum
2633 4490 3016 4546 beatissimum
3061 4489 3542 4561 archiepiscopum

1966 4584 2312 4641 Alexandriae
2335 4600 2400 4640 ac
2426 4583 2795 4654 patriarcham
2823 4583 2958 4638 satis
2973 4583 3226 4654 exposita
3243 4590 3393 4648 sunt,
3417 4598 3544 4638 cum

1968 4677 2327 4733 statuerimus
2363 4687 2621 4732 naturam
2652 4691 2718 4730 ac
2747 4675 2982 4730 formam
3013 4673 3274 4730 eumdem
3311 4673 3542 4728 demon~

1959 4778 2158 4835 strare,
2184 4769 2362 4839 deque
2412 4767 2692 4823 communi
2746 4767 3059 4840 significato
3099 4769 3267 4823 sumi.
3301 4769 3544 4824 Persona

1961 4874 2094 4916 vero
2115 4869 2279 4930 atque
2297 4859 2610 4931 hypostasis
2631 4858 2700 4914 de
2725 4859 2957 4930 singulis
2982 4859 3206 4916 dicitur.
3233 4858 3335 4915 Hic
3357 4867 3543 4916 tamen

1961 4955 2088 5010 aliis
2119 4952 2455 5009 testimoniis
2486 4961 2804 5008 sanctorum
2843 4954 3067 5009 Patrum
3103 4952 3256 5009 idem
3285 4953 3540 5008 stabilie-

1959 5061 2106 5102 mus.
2120 5079 2190 5088 —
2203 5046 2328 5102 Haec
2358 5061 2490 5118 ergo
2505 5046 2748 5130 diximus
2763 5046 3126 5103 ostendentes
3145 5046 3537 5110 substantiam,

1959 5146 2211 5193 naturam
2239 5137 2586 5207 formamque
2625 5136 2777 5193 idem
2817 5136 3154 5208 signiﬁcare.
3192 5135 3314 5191 Non
3353 5144 3538 5192 autem

1963 5231 2110 5288 idem
2137 5245 2262 5287 esse
2285 5230 2651 5296 substantiam
2673 5236 2840 5300 atque
2865 5229 3230 5302 hypostasim,
3248 5229 3402 5284 velut
3429 5227 3540 5283 hae-
3596 5257 3604 5270 ι

1958 5322 2118 5377 retici
2150 5330 2410 5378 errantes
2447 5322 2662 5388 dicunt,
2696 5339 2764 5378 ex
2802 5323 2922 5393 ipsa
2953 5323 3023 5378 de
3046 5331 3235 5378 sancta
3266 5319 3538 5375 Trinitate

1956 5413 2236 5484 theologia
2286 5413 2504 5470 discere
2532 5414 2681 5471 licet.
2712 5413 2851 5470 Cum
2888 5413 3038 5478 enim
3069 5413 3243 5468 Deum
3275 5410 3536 5469 dicimus,

233 4956 572 5012 ὑπόστασις
614 4949 708 5002 ἐπὶ
741 4948 852 5003 τῶν
880 4950 1002 5004 καθ’
1031 4951 1263 5006 ⁹ἐκιιισιτον
1301 4951 1544 5022 λέγεται.
1575 4953 1723 5024 Πλὴν
1763 4953 1858 5008 καὶ

226 5041 505 5102 ἐνταῦθα
532 5040 599 5094 δι’
625 5039 831 5110 ἑτέρων
878 5043 1199 5114 μαρτυριῶν
1230 5045 1340 5097 τῶν
1383 5045 1557 5114 ἁγίων
1589 5046 1854 5117 Πατέρων

226 5139 302 5192 τὸ
357 5131 509 5190 αὐτὸ
555 5134 1008 5204 παραστήσομεν.
1036 5165 1107 5174 -
1133 5134 1218 5208 [Ρ.
1263 5135 1394 5206 5351
1437 5136 1634 5191 Ταῦτα
1670 5137 1852 5191 τοίνυν

221 5227 578 5302 εἰρήκαμεν
597 5223 903 5288 δεικνύντες
933 5225 1016 5278 ὅτι
1045 5226 1202 5280 οὐσία
1229 5227 1322 5281 καὶ
1353 5227 1514 5297 φύσις
1543 5231 1637 5283 καὶ
1669 5231 1852 5302 μορφὴ

218 5319 462 5377 ταύτὸν
509 5314 785 5385 δηλοῦσιν.
823 5317 944 5370 Ὀτι
981 5316 1039 5370 δὲ
1085 5319 1210 5388 οὐχὶ
1255 5320 1452 5372 ταύτόν
1499 5322 1648 5375 ἐστιν
1691 5323 1850 5377 οὐσία

215 5415 334 5469 καὶ
359 5409 703 5474 ὑπόστασις,
725 5407 801 5472 ὡς
825 5410 876 5462 οἱ
897 5410 1168 5480 αἱρετικοὶ
1197 5411 1542 5482 πλανώμενοι
1573 5412 1844 5480 λέγουσιν,

211 5509 332 5564 καὶ
376 5507 457 5556 ἐκ
494 5501 594 5570 τῆς
632 5503 761 5572 περὶ
784 5501 884 5572 τὴν
917 5503 1080 5570 ἁγίαν
1112 5503 1318 5571 ἰ’ριάδα
1356 5503 1638 5572 Θεολογίας
1665 5504 1846 5568 ἔξεστι

1966 5521 2121 5560 unam
2153 5505 2520 5560 substantiam
2560 5512 2762 5560 sanctae
2793 5503 3084 5560 Trinitatis
3118 5501 3545 5574 significamus;

210 5597 455 5671 μαθεῖν
483 5609 496 5622 ·
534 5595 622 5647 ὅτε
653 5595 765 5666 γὰρ
787 5595 1017 5664 εἴπομεν
1045 5596 1200 5658 Θεὸν,
1224 5597 1326 5666 τὴν
1367 5596 1497 5666 μίαν
1529 5597 1718 5650 οὐσίαν
1747 5597 1846 5668 τῆς

1966 5612 2080 5651 rum
2117 5611 2250 5651 vero
2283 5597 2523 5652 dicimus
2553 5597 2778 5652 Patrem
2831 5605 2888 5651 et
2917 5595 3118 5652 Filium
3161 5600 3216 5648 et
3259 5589 3528 5660 Spiritum

208 5688 406 5760 ἁγίας
445 5685 679 5756 Τριάδος
717 5686 1086 5757 σημαίνομεν’
1117 5689 1204 5740 ὅτε
1247 5689 1303 5741 δὲ
1351 5689 1580 5758 λέγομεν
1627 5689 1846 5759 Πατέρα

1966 5696 2227 5756 sanctum,
2256 5697 2388 5745 tunc
2420 5700 2531 5745 tres
2556 5689 2878 5759 hypostases
2901 5703 2997 5742 seu
3032 5694 3146 5768 tres
3175 5695 3442 5754 personas
3473 5681 3529 5738 it:

300 5829 400 5901 (5)
445 5827 714 5882 Notanzus
744 5829 1041 5886 iustiniani
1081 5831 1216 5901 imp.
1245 5832 1514 5902 scriptum
1546 5831 1692 5886 aliud
1727 5829 1906 5904 [cujus
1935 5829 2301 5902 fragmentum
2326 5839 2503 5886 exstat
2533 5827 2718 5900 infra].
