3998 6146
490 302 628 371 H39
1607 311 2048 372 JUSTJNIANI
2088 311 2612 377 IMPERATORIS
3615 323 3739 392 ilio

484 440 600 482 una
638 433 837 481 natura
880 424 1188 482 divinitatis
1224 418 1488 497 cognitas
1537 428 1918 498 proponimus.
1985 430 2063 485 Ita

2168 436 2266 488 καὶ
2298 434 2449 499 Υἰὸν,
2475 436 2572 489 καὶ
2601 435 2756 505 ἅγιον
2772 435 3019 506 Πνεῦμα,
3045 437 3166 491 τότε
3202 438 3302 502 τὰς
3334 442 3484 510 τρεῖς
3507 441 3736 499 ὑποστά-

482 513 632 570 cnim
656 514 774 584 ipsa
809 530 909 570 nos
935 514 1129 570 docuit
1160 529 1267 570 vox
1295 514 1484 571 divina
1512 516 1708 573 dicens
1738 535 1752 572 :
1782 517 2061 575 Faciamus

2169 544 2305 590 σεις,
2342 527 2509 597 ῆτουν
2552 528 2623 581 τὰ
2656 528 2786 599 τρία
2836 529 3108 599 πρόσωπα
3154 530 3222 583 τὰ
3260 533 3319 583 ὲν
3348 534 3414 603 τῇ
3450 533 3553 604 μιᾷ
3589 534 3738 601 φύσει

481 607 746 661 hominem
759 605 829 659 ad
838 607 1126 678 imaginem
1140 614 1191 660 et
1203 607 1605 663 similitudinem
1624 617 1864 665 nostram
1876 612 1924 665 ιι.
1952 611 2060 665 Vox

2163 619 2263 690 τῆς
2312 618 2568 688 θεότητος
2601 619 2985 691 γνωριζόμενα
3020 621 3403 693 παριστῶμεν.
3438 622 3599 678 Οῦτω
3636 628 3738 699 γὰρ

481 703 666 750 autem
689 696 951 767 faciamus
969 710 1079 751 non
1100 705 1187 752 est
1210 697 1377 752 unius
1401 714 1654 769 personas
1673 699 2059 771 signiﬁcativa,

2164 713 2318 782 ἡμᾶς
2356 712 2449 765 καὶ
2485 714 2519 784 ἡ
2549 711 2674 765 θεία
2701 712 2940 766 διδάσκει
2985 714 3138 784 φωνὴ
3182 716 3216 785 ἡ
3257 713 3534 782 λέγουσα,
3566 696 3738 786 (Ioui-

474 790 631 860 juxta
654 788 879 844 Sabellii
920 789 1228 857 insaniam;
1255 791 1545 862 pluraliter
1565 792 1713 847 enim
1741 792 1909 857 dicta,
1938 808 2053 847 san-

2163 816 2366 870 σωμεν
2397 800 2716 869 ἄνθρωπον
2745 802 2875 856 κατ’
2917 804 3124 857 εἰκόνα
3152 804 3452 874 ἡμετέραν
3476 807 3577 863 καὶ
3617 812 3738 865 καθ’

478 889 582 935 (ηαδ
618 878 907 937 Trinitatis
948 881 1385 938 demonstrativa
1411 890 1517 939 est.
1549 884 1632 939 Ad
1656 885 1943 955 imaginem
1967 900 2057 939 au-

2164 892 2469 958 ὁμοίωσιν.
2510 892 2575 945 Ἦ
2600 892 2658 947 δὲ
2679 895 2833 965 φωνὴ
2861 893 2957 948 τοῦ
2987 893 3338 964 ποιήσωμεν
3365 896 3463 966 οὐχ
3487 898 3608 960 ἑνός
3631 900 3739 953 ἐστι

475 981 586 1026 tem
615 980 875 1038 nostram,
911 989 1079 1028 unam
1109 974 1479 1030 substantiam
1514 975 1973 1040 ostenditPatris,
2006 985 2054 1031 et

2165 977 2464 1050 προσώπου
2500 982 2833 1052 σημαντικὴ,
2862 982 3007 1037 κατά
3046 982 3146 1055 τὴν
3189 984 3481 1039 Σασελλίου
3518 988 3734 1058 μανίαν·

475 1063 626 1133 Filii,
652 1073 711 1121 et
730 1065 970 1135 Spiritus
991 1067 1202 1133 sancti;
1238 1067 1508 1122 nonenim
1533 1066 1674 1121 dixit
1691 1067 1761 1121 ad
1780 1068 2054 1139 imagines,

2164 1070 2547 1143 πληθυντικῶς
2578 1073 2689 1144 γάρ
2717 1073 3008 1145 εἰρημένη.
3038 1074 3135 1145 τῆς
3166 1075 3329 1140 άγίας
3370 1076 3606 1148 Τριάδος
3629 1078 3736 1133 εστι

473 1171 548 1212 ne
577 1157 827 1213 diversas
855 1159 1192 1215 substantias
1227 1160 1283 1214 in
1315 1159 1588 1215 Trinitate
1625 1159 2052 1230 suspicaremur,

2159 1163 2454 1235 δηλωτική.
2498 1165 2609 1218 Καὶ
2653 1164 2713 1218 τὸ
2744 1167 2876 1220 κατ’
2922 1168 3129 1220 εἰκόνα
3179 1166 3236 1220 δὲ
3285 1168 3610 1236 ἡμετέραν,
3644 1171 3736 1241 τὴν

471 1250 631 1319 juxta
676 1249 795 1305 Arii
840 1250 1151 1318 insaniam;
1186 1252 1282 1307 sed
1321 1253 1392 1306 ad
1434 1253 1744 1323 imaginem,
1784 1259 1844 1307 ut
1892 1269 2050 1307 unam

2163 1256 2293 1327 μίαν
2327 1255 2515 1317 οὐσίαν
2533 1256 2683 1326 δηλοῖ
2711 1256 2943 1328 Πατρὺς,
2969 1256 3064 1311 καὶ
3088 1256 3241 1324 Υίοῦ,
3266 1259 3362 1311 καὶ
3393 1259 3552 1327 ἁγίου
3573 1261 3737 1313 Πνεῦ-

476 1342 844 1399 substantiam
863 1353 1028 1414 atque
1050 1345 1582 1401 consubstantialem
1598 1345 1918 1401 ostenderet
1937 1361 2055 1400 san-

2165 1363 2334 1414 ματος
2358 1363 2371 1376 ·
2413 1347 2476 1400 οὐ
2505 1346 2616 1417 γὰρ
2657 1342 2779 1399 εἷπε
2817 1389 2832 1410 ,
2867 1348 2996 1400 κατ’
3021 1348 3283 1413 εἰκόνας,
3320 1348 3407 1401 ἴνα
3455 1350 3529 1420 μὴ
3559 1349 3739 1419 διαφό-

475 1443 622 1491 ctam
654 1435 1004 1493 Trinitatem.
1038 1436 1314 1492 Hominem
1370 1436 1441 1492 ad
1487 1437 1773 1508 imaginem
1820 1447 2054 1492 nostram

2164 1454 2291 1508 ρους
2342 1437 2442 1502 τὰς
2489 1438 2677 1501 οὐσίας
2721 1437 2823 1509 τῆς
2867 1438 3099 1509 Τριάδος
3138 1439 3554 1510 ὑπονοήσωμεν,
3602 1442 3740 1495 κατὰ

475 1530 806 1586 rationalem
844 1539 1100 1585 naturam
1129 1530 1494 1585 humanitatis
1532 1530 1884 1601 signiﬁcavit,
1903 1531 2054 1601 juxta

2161 1531 2258 1600 τὴν
2301 1529 2514 1601 Ἀρείου
2553 1529 2772 1600 μανίαν·
2806 1528 2964 1594 ἀλλὰ,
3017 1529 3149 1584 κατ’
3198 1532 3429 1597 εἰκόνα,
3476 1532 3565 1585 ἰνα
3611 1533 3740 1603 μίαν

474 1637 639 1692 quam
663 1624 844 1693 imago
864 1623 960 1677 Dei
987 1638 1216 1689 sumus;
1243 1637 1358 1678 non
1384 1623 1534 1679 enim
1569 1622 1707 1677 dixit
1733 1641 1746 1677 :
1779 1620 2053 1677 Faciamus

2162 1622 2348 1677 οὐσίαν
2369 1625 2465 1697 κδ).
2497 1623 2787 1694 ὀμοούσιον
2815 1621 2967 1696 δείξῃ
2996 1624 3096 1693 τὴν
3133 1624 3297 1691 ἁγίαν
3330 1624 3540 1695 Τριάδα
3563 1642 3579 1657 ·
3606 1626 3665 1679 τδ
3684 1626 3741 1682 δὲ

472 1717 635 1779 hunc,
663 1728 734 1769 ne
764 1729 999 1784 persona
1030 1714 1411 1785 intelligatur;
1447 1714 1543 1770 sed
1564 1714 1704 1770 dixit
1729 1732 1742 1767 :
1776 1713 2051 1770 Faciamus

2161 1715 2358 1781 εἰπεῖν,
2393 1713 2521 1768 κατ’
2557 1715 2763 1768 εἰκόνα
2790 1712 3087 1783 ἡμετέραν
3117 1714 3227 1769 τὸν
3271 1714 3611 1784 ἄνθρωπον,
3642 1715 3739 1786 τὴν

472 1806 759 1870 hominem,
787 1814 848 1860 ut
889 1806 1178 1862 rationalis
1201 1815 1401 1861 natura
1430 1807 1795 1862 humanitatis
1826 1807 2051 1863 demon-

2163 1805 2358 1875 νοερὰν
2382 1806 2482 1876 τῆς
2526 1804 2950 1877 ἀνθρωπότητος
2989 1806 3153 1875 φύσιν
3193 1809 3440 1879 ἐσήμανε
3479 1849 3494 1875 ,
3519 1809 3647 1864 καθ’
3674 1811 3742 1881 ἦν

472 1903 767 1952 straretur.
788 1896 946 1951 Tunc
966 1905 1150 1952 autem
1177 1897 1498 1970 hypostases
1518 1912 1833 1968 proponere
1855 1897 2051 1963 voluit,

2163 1899 2331 1969 ἔσμεν
2357 1895 2522 1951 εἰκὼν
2568 1895 2664 1950 τοῦ
2704 1895 2875 1950 Θεοῦο
2925 1897 2987 1950 οὐ
3020 1898 3129 1970 γὰρ
3177 1892 3299 1952 εἶπε
3337 1940 3353 1966 ,
3386 1899 3741 1968 Ποιήσωμεν

473 2002 599 2042 cum
627 1989 933 2044 masculum
965 1997 1023 2045 et
1061 1989 1348 2055 feminam,
1373 1989 1645 2045 Adamum
1675 1998 1732 2043 et
1763 1988 1934 2044 Evam
1961 2004 2052 2043 vo-

2162 1989 2355 2057 τόνδε,
2396 1990 2486 2044 ἵνα
2536 1988 2610 2061 μὴ
2646 1988 2937 2061 πρόσωπον
2982 1989 3174 2062 νοηθῇ,
3208 1990 3324 2044 ἀλλ’
3355 1985 3531 2057 εἶπεν,
3565 1992 3740 2057 Ποιή-

470 2081 640 2146 cavit,
676 2082 826 2152 quod
849 2091 938 2138 est
969 2097 1221 2152 personae
1258 2099 1355 2139 seu
1388 2083 1735 2155 hypostases.

2199 2095 2363 2151 ’ωμεν
2388 2079 2724 2149 ἄνθρωπον,
2761 2080 2848 2134 ἵνα
2896 2081 2930 2151 ἡ
2976 2083 3139 2151 νοερὰ
3187 2081 3290 2151 τῆς
3319 2082 3778 2153 άνθρωπότητος,

471 2169 635 2238 φύσις
667 2171 879 2245 δηλωθῇ
908 2190 922 2204 ’
957 2173 1049 2227 ὅτε
1095 2174 1151 2227 δὲ
1182 2174 1282 2237 τὰς
1325 2174 1655 2238 ὑποστάσεις
1700 2172 2052 2243 παραστῆσαι
2091 2171 2392 2243 ⁴ἠϐουλήθη,
2427 2172 2551 2226 τότε
2616 2170 2678 2224 τὸ
2720 2171 2890 2243 ἄρρεν
2952 2172 3047 2225 καὶ
3078 2172 3233 2244 θῆλυ,
3269 2173 3445 2245 Ἀδὰμ
3472 2177 3572 2229 καὶ
3596 2172 3741 2230 Εὕαν

471 2265 760 2332 ἐκάλεσεν,
789 2268 927 2340 ὅπερ
959 2270 1075 2322 ἐστὶ
1109 2269 1380 2339 πρόσωπα
1420 2269 1585 2341 ἡτουν
1623 2267 1973 2331 ὑποστάσεις.

541 2360 677 2429 Quis
712 2377 843 2418 vero
871 2378 984 2417 non
1025 2363 1259 2419 miretur
1308 2364 1699 2419 haereticorum
1739 2362 2053 2418 absurdita-

2230 2356 2317 2427 |P.
2354 2354 2510 2427 256.]
2528 2355 2623 2419 Τίς
2644 2354 2702 2409 δὲ
2736 2355 2837 2409 οὐκ
2861 2356 2928 2410 ἂν
2964 2355 3301 2429 θαυμάσειεν
3331 2358 3432 2430 τὴν
3453 2358 3565 2412 τῶν
3586 2362 3741 2433 αἱρε-

470 2464 583 2509 tem
618 2454 881 2511 unionem
909 2456 1301 2521 asserentium,
1327 2455 1564 2526 ideoque
1586 2456 1969 2512 diversitatem
1995 2456 2049 2511 in

2161 2446 2329 2501 τικῶν
2351 2446 2612 2515 ἁλογίανς
2655 2447 2779 2500 Ὀτι
2810 2446 3009 2501 ἕνωσιν
3037 2447 3311 2517 λέγοντες,
3352 2450 3448 2503 καὶ
3490 2450 3590 2522 τὴν
3624 2451 3740 2506 δια-

470 2546 696 2602 Christo
722 2556 1046 2603 naturarum
1074 2548 1458 2604 conﬁtentium
1478 2590 1493 2615 ,
1522 2564 1587 2604 ac
1631 2562 1922 2603 numerum
1957 2548 2049 2618 qui

2162 2538 2335 2609 φορὰν
2360 2539 2468 2593 τῶν
2492 2541 2549 2592 ὲν
2570 2538 2791 2610 Χριστῷ
2818 2537 3035 2609 φύσεών
3061 2540 3212 2595 ἔστιν
3225 2541 3314 2594 ὅτε
3333 2541 3741 2611 ὁμολογοῦντες.

473 2639 836 2710 consequitur
881 2655 949 2695 ex
987 2640 1307 2696 diversitate
1351 2642 1634 2697 unitorum
1660 2639 2052 2697 ditiitentium?

2165 2630 2463 2703 ἀρνοῦνται
2492 2631 2584 2685 τὸν
2617 2631 2683 2684 ἐκ
2709 2630 2812 2701 τῆς
2842 2630 3114 2701 διαφορᾶς
3138 2633 3250 2687 τῶν
3288 2632 3586 2703 ήνωμένων
3605 2650 3743 2706 πρα-

472 2730 773 2796 Evidenter
808 2732 863 2786 in
887 2731 992 2787 hoc
1007 2733 1620 2803 aegrotantApollinarii
1653 2733 1903 2799 insania;
1932 2732 2051 2788 haec

2168 2724 2386 2793 γμάτων
2417 2724 2775 2794 εἰσαγόμενον
2803 2722 3074 2795 ἀριθμόν;
3108 2725 3303 2795 Σαφῶς
3344 2726 3441 2780 καὶ
3472 2728 3533 2780 ἑν
3568 2727 3747 2798 τούτῳ

470 2823 621 2878 enim
643 2823 781 2881 dicit
799 2825 855 2879 in
878 2824 1186 2881 ratiociniis
1206 2841 1327 2896 quae
1346 2827 1465 2898 ipse
1492 2826 1712 2897 scripsit
1737 2844 1750 2880 :
1781 2825 2049 2879 «Diversae

2166 2816 2257 2888 τὴν
2309 2816 2689 2887 Ἀπολιναρίου
2740 2815 3027 2881 νοσοῦντες
3079 2818 3277 2888 μανίαν
3301 2832 3316 2848 ο
3358 2817 3507 2884 λέγει
3553 2819 3666 2889 γάρ
3708 2821 3745 2873 6

366 2926 370 2928 ‘
470 2916 843 2986 proprietates
887 2918 943 2971 in
976 2933 1146 2972 unum
1172 2919 1479 2990 conjunctae
1512 2919 1758 2974 medium
1794 2919 1945 2983 ﬁunt,

2155 2906 2317 2971 αὐτὸς
2361 2906 2744 2978 Ἀπολινάριος
2786 2908 2846 2960 ὲν
2887 2910 2999 2972 τοῖς
3024 2910 3315 2978 γραφεῖσιν
3347 2906 3495 2978 αὐτῷ
3536 2909 3734 2960 συλλοο

471 3007 530 3061 in
560 3007 711 3062 mulo
750 3009 890 3063 asini
919 3017 975 3064 et
1007 3009 1159 3080 equi,
1194 3009 1250 3065 in
1287 3010 1524 3066 cacruleo
1563 3010 1749 3065 colore
1776 3009 2050 3065 albedinis

2156 3001 2371 3071 γισμοίς
2409 2998 2535 3053 τάδε
2557 3016 2572 3032 ο
2619 3016 2638 3050 ι
2672 2998 2984 3072 Μεσότητες
3024 2998 3262 3066 γίνονται
3299 2997 3575 3069 ἰδιοτήτων
3605 2999 3735 3052 δια-

472 3109 530 3153 et
553 3099 934 3171 nigritudinis,
954 3111 1120 3172 atque
1141 3101 1197 3155 in
1217 3117 1389 3157 verno
1407 3110 1656 3172 tempore
1679 3100 1879 3156 hiemis
1894 3108 2051 3156 testa-

2163 3091 2340 3164 φόρων
2387 3093 2470 3154 εἰς
2525 3090 2586 3146 ιν
2626 3088 3016 3153 συνελθουσῶν,
3054 3089 3130 3153 ὡς
3171 3090 3230 3142 ὲν
3278 3088 3490 3160 ἡμιόνῳ
3528 3087 3742 3160 ἰδιότης

472 3188 654 3259 iisque
698 3190 1011 3261 proprietas
1050 3191 1293 3246 videtur.
1323 3191 1548 3247 Nullum
1582 3199 1768 3247 autem
1808 3190 2051 3246 medium

2164 3182 2277 3237 ὄνου
2303 3183 2402 3237 καὶ
2420 3181 2617 3251 ἵππου,
2648 3183 2745 3236 καὶ
2777 3181 2837 3236 ὲν
2860 3178 3077 3251 γλαυκῷ
3100 3180 3352 3252 χρώματι
3384 3179 3589 3249 ἰδιότης
3609 3178 3743 3235 λευ-

476 3286 766 3350 utramque
799 3280 1123 3351 qualitatem
1165 3280 1334 3335 habet
1360 3297 1427 3337 ex
1451 3282 1601 3337 omni
1626 3293 1803 3352 parte,
1837 3281 1933 3337 sed
1966 3280 2054 3336 di-

2166 3273 2257 3330 κοῦ
2292 3275 2387 3328 καὶ
2420 3273 2673 3345 μέλανος,
2711 3274 2809 3327 καὶ
2843 3274 2902 3326 ὲν
2941 3272 3063 3345 ἀέρι
3106 3272 3372 3343 χειμῶνος
3418 3272 3516 3325 καὶ
3545 3269 3745 3341 θέρους

474 3368 647 3425 midia
690 3380 849 3441 parte
895 3370 1273 3426 commixtam.
1300 3371 1539 3427 Medium
1583 3386 1716 3427 vero
1750 3372 1847 3427 Dei
1876 3379 1934 3427 et
1956 3370 2053 3426 ho-

2164 3367 2359 3439 ἰδιότης
2396 3366 2498 3439 ἔαρ
2529 3366 2906 3438 ἐργαζομένη·
2945 3363 3175 3435 οὐδεμία
3218 3363 3275 3418 δὲ
3324 3363 3561 3434 μεσότης
3601 3364 3743 3417 ἑκα-

474 3460 686 3515 minum
733 3461 791 3514 in
817 3460 1064 3526 Christo,
1098 3477 1203 3518 nec
1237 3462 1406 3533 igitur
1438 3472 1525 3518 est
1551 3470 1700 3518 totus
1722 3462 1908 3525 homo,
1953 3475 2053 3516 nec

2168 3457 2324 3528 τέρας
2350 3457 2466 3528 ἔχει
2492 3457 2592 3521 τὰς
2622 3458 2935 3529 ἀκρότητας
2967 3456 3030 3522 ἒξ
3056 3454 3377 3527 ὁλοκλήρου,
3414 3453 3550 3508 ἁλλὰ
3581 3471 3747 3525 μερι-

473 3551 642 3611 Deus.
677 3549 774 3605 sed
801 3549 899 3606 Dei
929 3559 985 3606 et
1012 3551 1257 3608 hominis
1284 3549 1544 3607 mixtura.
1569 3572 1587 3605 ι
1626 3548 1837 3608 Deinde
1864 3567 2052 3608 rursus

2167 3549 2274 3613 κῶς
2304 3549 2774 3620 ὲπιμεμιγμένας.
2809 3546 3064 3618 Μεσότης
3095 3547 3153 3601 δὲ
3196 3546 3333 3601 Θεοῦ
3389 3547 3485 3600 καὶ
3528 3543 3746 3616 ἀνθρὼ-

474 3640 533 3695 in
566 3648 803 3696 tractatu
855 3641 944 3697 cui
1003 3641 1200 3697 titulus
1251 3642 1393 3697 Deus
1436 3644 1750 3697 incarnatus
1794 3639 2053 3704 Christus,

2170 3658 2278 3696 πων
2311 3641 2371 3696 ὲν
2412 3639 2653 3712 Χριστῷ,
2682 3641 2782 3694 οὐκ
2810 3640 2921 3711 ἄρα
2955 3637 3078 3692 οὔτε
3111 3637 3404 3708 ἄνθρωπος
3432 3637 3575 3701 ὅλος,
3613 3636 3749 3690 οὔτε

474 3732 907 3804 interrogatione
925 3735 1392 3804 responsioneque
1411 3734 1688 3803 dialogum
1706 3748 1894 3804 agens,
1908 3742 2053 3802 post-

2173 3735 2312 3802 ῦεὸς,
2341 3736 2479 3790 ἀλλὰ
2506 3735 2641 3791 Θεοῦ
2674 3721 3099 3808 καὶ’άνθρώπου
3147 3733 3314 3804 μίξις.
3351 3753 3370 3784 ι
3411 3728 3544 3785 Εἶτα
3578 3731 3752 3786 πάλιν

474 3841 641 3895 quam
686 3825 1058 3896 interrogatus
1099 3826 1172 3880 sit
1201 3843 1215 3879 :
1254 3843 1273 3877 ι
1307 3825 1451 3891 Quid
1483 3825 1656 3895 ergo?
1696 3838 1881 3878 nonne
1909 3823 2053 3879 Deus

2171 3828 2215 3881 iv
2244 3827 2323 3898 τῷ
2352 3827 2498 3899 λόγῳ
2530 3827 2696 3882 αὐτοῦ
2725 3825 2805 3898 τῷ
2836 3824 3310 3899 ἐπιγεγραμμένῳ
3350 3825 3433 3878 ὅτι
3464 3824 3613 3889 Θεὸς
3637 3822 3750 3875 ἕν-

473 3924 535 3969 et
556 3914 722 3969 homo
745 3923 831 3970 est
848 3913 1146 3971 Christus?
1173 3916 1269 3970 Vel
1314 3926 1445 3970 tune
1475 3914 1616 3969 dicis
1630 3914 1913 3969 Christum
1937 3928 2052 3970 esse

2176 3935 2386 3987 rapxoc
2416 3923 2451 3976 ό
2490 3921 2764 3990 Χριστὸς,
2805 3920 2947 3973 κατὰ
2975 3917 3171 3972 πεῦσιν
3201 3916 3296 3971 καὶ
3324 3917 3624 3986 ἀπόκρισιν
3651 3914 3755 3968 τὸν

473 4006 687 4074 Deum,
746 4007 926 4078 ipsum
973 4023 1096 4063 esse
1146 4006 1425 4062 hominem
1474 4007 1757 4077 negans?»
1821 4007 1928 4062 hoc
1969 4006 2052 4061 di-

2176 4011 2403 4081 ῐιάλογον
2438 4010 2785 4080 ποιούμενος,
2834 4006 3249 4079 ἐπερωτηθείςο
3293 4026 3312 4058 ι
3353 4001 3573 4071 Τίοῦν;
3620 4005 3755 4076 οὐχὶ

474 4101 593 4157 cit:
631 4119 650 4152 ι
683 4099 804 4156 Νοη
861 4100 918 4155 in
978 4101 1196 4157 duabus
1247 4099 1595 4166 substantiis,
1623 4098 1718 4155 sed
1767 4099 1825 4154 in
1881 4116 2052 4155 una.»

2175 4104 2254 4157 ια).
2277 4101 2409 4166 Θεὸς
2442 4103 2543 4157 καὶ
2573 4102 2859 4174 ἄνθρωπός
2895 4102 3045 4154 ἐστιν
3080 4101 3108 4154 ό
3135 4100 3375 4170 Χριστὸς
3400 4138 3415 4163 ,
3445 4096 3479 4168 ἢ
3504 4097 3640 4150 Θεὸν
3678 4097 3754 4150 ab

475 4192 603 4249 Haec
628 4209 759 4249 vero
788 4193 1081 4249 retulimus
1108 4204 1165 4249 ut
1191 4193 1556 4249 ostendamus
1584 4192 1916 4262 Acephalos,
1955 4193 2054 4247 im-

2179 4193 2341 4262 ιέγεις
2374 4194 2465 4248 τὸν
2488 4193 2749 4266 Χριστὸν,
2775 4193 3108 4263 ἀρνούμενος
3134 4191 3296 4244 αὐτὸν
3321 4190 3418 4244 καὶ
3448 4188 3758 4258 ἄνθρωπον

476 4287 584 4356 piis
610 4286 935 4358 Apollinarii
980 4286 1333 4358 dogmatibus
1384 4286 1789 4356 obsequentes,
1852 4302 1963 4341 non
2001 4287 2055 4340 in

2181 4280 2333 4352 :Ivat;
2369 4302 2387 4336 ι
2422 4284 2574 4354 λέγει
2626 4285 2753 4338 τάδε
2787 4299 2802 4315 ο
2843 4301 2863 4336 ι
2898 4283 3015 4336 Οὐκ
3057 4282 3117 4335 ὲν
3141 4280 3236 4334 δύο
3265 4280 3497 4343 οὐσίαις,
3532 4277 3653 4331 ἀλλ’
3694 4280 3760 4331 ἐν

478 4380 697 4435 duabus
735 4380 950 4435 naturis
995 4394 1118 4435 esse
1155 4379 1436 4436 Christum
1485 4386 1650 4449 atque
1681 4380 1927 4448 agnosci,
1959 4378 2056 4433 sed

2180 4378 2286 4447 ιιᾷ.
2319 4395 2337 4428 ι
2371 4375 2561 4431 Ταῦτα
2590 4376 2649 4430 δὲ
2674 4373 3082 4448 παρηγάγομεν
3109 4372 3199 4426 ἵνα
3223 4369 3501 4441 δείξωμεν.
3521 4369 3607 4422 ὄτι
3629 4369 3759 4431 τοῖς

478 4469 535 4522 in
554 4484 662 4523 una
681 4469 934 4525 conﬁteri
959 4487 975 4534 ;
1006 4469 1108 4525 etsi
1140 4468 1313 4524 sancti
1339 4469 1529 4523 Patres
1545 4468 1720 4523 nostri
1748 4468 1816 4523 de
1854 4469 2057 4523 unione

2181 4468 2548 4538 Ἀπολιναρὶου
2595 4468 2854 4537 πονηροῖς
2919 4461 3346 4524 ἀκολουθοῦντες
3394 4457 3681 4529 δόγμασιν⁴
3703 4458 3760 4510 οἰ

480 4556 748 4611 ineﬂ'abili
773 4556 1077 4613 divinitatis
1105 4566 1271 4628 atque
1295 4558 1655 4613 humanitatis
1687 4556 1917 4624 Christi,
1942 4573 2053 4612 non

2183 4560 2479 4630 Ακέφαλοι,
2500 4560 2600 4631 οὐχ
2630 4556 2988 4630 ὁμολογοῦσιν
3021 4558 3079 4610 ὲν
3108 4554 3203 4608 δύο
3240 4551 3453 4615 οὐσίαις
3479 4546 3622 4603 εἶναι
3653 4549 3762 4601 καὶ

480 4665 649 4706 unam
683 4659 937 4707 naturam
978 4652 1231 4715 tradant,
1279 4652 1377 4707 sed
1408 4667 1702 4708 numerum
1730 4659 2054 4707 naturarum

2185 4652 2518 4723 ’νωρίζεσθαι
2545 4651 2638 4705 τὸν
2679 4650 2942 4723 Χριστὸν,
2982 4647 3096 4703 ἀλλ’
3127 4647 3185 4700 ὲν
3234 4645 3368 4715 μιᾷ·
3417 4643 3601 4697 καίτοι
3632 4639 3764 4694 τῶν

482 4743 758 4798 nnitarum
790 4743 1044 4800 conﬁteri
1073 4761 1175 4800 nos
1204 4745 1463 4800 doceant.

2179 4744 2325 4814 ιγίων
2371 4746 2529 4814 ἡμῶν
2577 4742 2839 4814 Πατέρων
2889 4740 2983 4794 ἐπὶ
3033 4739 3136 4807 τῆς
3169 4736 3454 4808 ἁφράστου
3490 4732 3758 4795 ὲνώσεως

481 4836 580 4906 τῆς
614 4836 870 4907 θεότητος
914 4836 1013 4890 καὶ
1047 4836 1148 4907 τῆς
1195 4835 1618 4908 ἀνθρωπότητος
1660 4836 1753 4887 τοῦ
1786 4835 2046 4905 Χριστοῦ,
2086 4835 2149 4889 οὐ
2189 4837 2319 4907 μίαν
2350 4835 2515 4905 φύσιν
2579 4832 3010 4903 παραδιδόντων,
3039 4828 3179 4885 ἀλλὰ
3242 4826 3335 4881 τὸν
3358 4824 3601 4898 ἀριθμὸν
3633 4822 3765 4875 τῶν

483 4926 788 4985 ἐνωθεισῶν
817 4928 1033 4996 φύσεων
1072 4928 1358 5000 ὁμολογεῖν
1388 4928 1537 4999 ἡμᾶς
1568 4925 1949 4982 διδασκόντων.

553 5019 792 5074 Evidens
810 5035 941 5091 ergo
964 5028 1213 5075 remanet
1255 5019 1548 5074 haereticos
1591 5033 1882 5074 numerum
1922 5034 2059 5074 con-

2238 5020 2337 5092 [P.
2366 5016 2528 5088 9.57.]
2581 5014 2741 5086 Δῆλοι
2769 5010 2863 5069 οὖν
2894 5012 3223 5068 καθεστᾶσιν
3250 5009 3302 5062 οἱ
3331 5004 3636 5078 αἰρετικοὶ,
3661 5006 3774 5056 τὸν

478 5115 797 5185 iunctorum
824 5127 1049 5183 negare,
1082 5112 1343 5167 unionem
1369 5111 1540 5180 ipsam
1569 5111 2057 5175 cvertere,Deum-

2196 5111 2400 5182 ιριθμδν
2427 5110 2537 5164 τῶν
2563 5108 2925 5162 συνελθόντων
2949 5103 3294 5176 πραγμάτων
3317 5097 3775 5168 ἀπαρνούμενοι,

480 5222 590 5277 que
614 5213 672 5261 et
700 5205 981 5260 hominem
1008 5204 1076 5259 ad
1111 5203 1470 5274 decipiendos
1498 5204 1865 5274 simpliciores
1896 5203 2058 5260 Chri-

2204 5205 2260 5258 αὶ
2291 5203 2461 5274 αὐτὴν
2490 5202 2589 5274 τὴν
2617 5200 2812 5256 ἕνωσιν
2845 5196 3219 5269 ἀναιροῦντες,
3252 5192 3346 5246 καὶ
3374 5191 3510 5245 Θεὴν
3540 5189 3639 5243 καὶ
3670 5189 3782 5244 ἆν-

480 5307 628 5353 stum
655 5296 838 5351 dicere
860 5314 874 5362 ;
893 5296 940 5352 si
957 5295 1104 5350 enim
1122 5310 1252 5350 vere
1268 5294 1520 5351 dicerent
1534 5297 1706 5352 Deum
1724 5296 2052 5366 perfectum,

2206 5312 2385 5365 ρωπον
2419 5294 2511 5348 τὸν
2562 5292 2799 5363 Χριστὸν
2863 5291 3000 5361 πρὸς
3057 5288 3275 5356 ἀπάτην
3329 5284 3584 5352 λέγοντες
3649 5280 3783 5333 τῶν

479 5389 900 5461 perfectumque
919 5386 1198 5441 hominem
1215 5402 1336 5442 esse
1345 5385 1649 5454 Christum,
1669 5387 1898 5443 evidens
1910 5395 2057 5442 esset

2213 5386 2558 5457 πλουστέρων
2580 5401 2592 5414 ⁸
2613 5385 2663 5438 εἱ
2690 5383 2800 5455 γὰρ
2831 5382 2974 5436 κατὰ
2999 5380 3261 5451 ἀλήθειαν
3291 5376 3483 5444 ἔλεγον
3505 5373 3652 5427 Θεὸν
3680 5374 3792 5426 τέο

482 5481 625 5535 duas
654 5491 876 5548 quoque
900 5484 1125 5531 naturas
1153 5478 1353 5532 salvari
1377 5479 1434 5533 in
1457 5479 1595 5550 ipso,
1624 5479 1747 5535 illos
1774 5478 2059 5535 confessu-

2201 5495 2308 5530 ειον
2364 5479 2459 5531 καὶ
2507 5477 2796 5548 ἄνθρωπον
2842 5474 3051 5527 τέλειον
3111 5472 3204 5525 τὸν
3248 5469 3521 5539 Χριστὸν,
3585 5464 3780 5532 δῆλοι

483 5588 580 5631 ros
619 5586 763 5629 esse.
793 5569 914 5625 Non
946 5568 1276 5627 conﬁtentes
1298 5578 1480 5627 autem
1505 5586 1796 5627 numerum
1825 5569 2056 5640 conjun-

2199 5586 2245 5622 τι
2273 5570 2367 5623 καὶ
2396 5572 2494 5632 τὰς
2525 5569 2616 5621 δύο
2640 5568 2826 5631 οὐσίας
2855 5568 2911 5621 ἐν
2931 5566 3081 5636 αὐτῷ
3105 5561 3376 5627 σώζεσθαι
3399 5555 3771 5631 ὡμολόγουν·

561 5729 585 5756 ν
607 5728 746 5788 Gen.
769 5748 814 5802 ι,
841 5734 930 5791 26.
