3998 6146
376 318 506 385 1141

1263 313 1708 377 TRACTATUS
1746 310 2045 376 CONTRA
2085 311 2689 376 MONOPHYSITAS.

3493 309 3668 380 111T

375 435 452 508 μὴ
498 428 894 505 ὁμολογοῦντες
941 430 1000 485 δὲ
1053 427 1145 483 τδν
1195 428 1430 502 ἀριθμὸν
1484 428 1598 482 τῶν
1641 426 1952 481 ἑνωθέντων

2069 438 2289 496 :torum,
2317 428 2455 484 nihil
2478 426 2783 499 perfectum
2808 442 2928 483 esse
2960 425 3016 482 in
3038 426 3260 485 Christo
3286 427 3474 486 dicere
3503 445 3637 487 con-
3715 447 3732 510 __'-

375 528 738 601 πραγμάτων,
771 524 1082 579 δείκνυνται
1113 521 1282 594 μηδὲν
1307 520 1518 576 τέλειον
1543 521 1602 575 ὲν
1622 518 1850 592 Χριστῷ
1873 519 1952 573 λέ-

373 634 562 690 γοντες
586 634 600 649 ⁶
661 611 824 672 τοῦτο
864 615 975 686 γὰρ
1029 613 1126 669 καὶ
1173 616 1203 668 ὁ
1239 611 1565 677 διδάσκαλος
1607 612 1710 683 τῆς
1743 611 1954 683 πλάνης

374 712 557 768 αὐτῶν
589 709 994 782 Ἀπολινάριος,
1026 711 1086 763 ὲν
1114 707 1194 779 τῷ
1223 708 1364 778 Περὶ
1390 707 1504 779 τῆς
1529 707 1694 774 θείας
1719 703 1956 774 σαρκώ·

271 858 274 862 .
373 819 532 870 σεως
575 803 724 875 λόγῳ
763 802 968 874 γράφει
997 799 1210 868 λέγων·
1273 819 1292 852 ι
1328 800 1440 854 Καὶ
1463 797 1574 870 γὰρ
1609 800 1658 852 εί
1686 797 1958 870 ἀνθρώπῳ

373 894 572 966 τελείῳ
617 892 868 966 συνήφθη
916 891 1052 956 Θεὸς
1079 891 1316 959 τέλειος,
1363 889 1458 944 δύο
1489 889 1556 945 ἀν
1584 884 1758 960 ἦσαν·
1809 886 1872 940 τὸ
1900 885 1960 940 δὲ

375 987 565 1052 ἀτελὲς
607 986 720 1059 ἁρα
757 985 836 1058 τῷ
865 985 1062 1056 τελείῳ
1097 982 1520 1054 συντιθέμενον,
1575 981 1676 1036 οὐκ
1719 981 1779 1034 ὲν
1806 977 1959 1034 δυάδι

376 1081 685 1152 θεωρεῖται.
711 1096 731 1131 ι
754 1106 826 1120 ——
859 1076 946 1152 [P.
975 1075 1108 1150 259]
1177 1074 1275 1131 Ἐκ
1301 1075 1412 1129 τῶν
1439 1072 1751 1146 εἰρημένων
1779 1071 1960 1126 τοίνυν

379 1174 550 1245 σαφὲς
581 1172 956 1244 καθέστηκεν,
1008 1171 1094 1226 ὁτι
1124 1171 1262 1226 ὅπου
1290 1169 1488 1233 ἓνωσις
1515 1167 1790 1238 διαφόρων
1818 1165 1961 1218 νοεῖ-

2057 521 2391 590 vincuntur;
2430 521 2538 576 hoc
2565 521 2714 577 enim
2748 521 3014 592 magister
3039 521 3158 592 ipse
3203 523 3411 580 erroris
3439 538 3643 581 eorum

2059 613 2446 685 Apollinarius,
2469 613 2526 668 in
2553 620 2788 676 tractatu
2813 612 2890 668 Dc
2909 613 3090 668 dicina
3113 615 3482 671 incarnatione
3501 617 3640 673 seri-
3709 620 3719 636 ”

2057 705 2142 761 bit
2168 705 2358 761 dicens
2389 722 2402 758 :
2439 723 2459 753 ι
2495 705 2697 776 Reipsa
2725 706 2773 761 si
2815 721 2941 761 cum
2967 705 3194 761 homine
3214 707 3462 777 perfecto
3491 708 3640 764 Deus
3701 783 3708 792 _

2061 797 2344 868 perfectus
2394 799 2724 870 conjunctus
2759 797 2962 862 fuerit,
2995 799 3108 854 duo
3131 809 3332 867 erunt;
3373 799 3638 872 imperfe-

2063 896 2214 944 ctum
2247 903 2379 949 vero
2415 903 2542 942 cum
2571 888 2816 958 perfecto
2855 891 3212 962 conjunctum
3239 932 3253 956 ,
3297 891 3500 964 duplex
3528 909 3637 948 non

2063 978 2302 1034 videtur.
2317 999 2334 1032 ι
2353 979 2502 1034 -Εει
2528 979 2692 1035 dictis
2714 980 3184 1051 igiturevidenter
3203 993 3373 1054 patet,
3389 985 3486 1040 ubi
3506 985 3638 1041 unio

2065 1070 2410 1127 diversorum
2447 1071 2794 1144 intelligitur,
2839 1072 2917 1128 ibi
2953 1089 3174 1144 quoque
3223 1074 3497 1148 integrum
3531 1093 3638 1133 nu-

2058 1181 2272 1222 merum
2298 1167 2723 1239 coniunctorum
2751 1167 2998 1240 agnosci.
3023 1167 3129 1224 Sed
3154 1167 3406 1226 veritatis
3427 1171 3637 1241 hostes,

375 1284 468 1322 ται
511 1265 864 1338 πραγμάτων
889 1305 906 1327 .
959 1266 1081 1321 ἐκεῖ
1122 1263 1344 1328 πάντως
1388 1261 1482 1316 καὶ
1522 1261 1553 1314 ὁ
1587 1257 1822 1332 ἀριθμὸς
1854 1256 1963 1311 τῶν

2069 1273 2280 1330 semper
2310 1259 2579 1330 impietati
2603 1274 2717 1314 suae
2751 1261 2938 1332 pejora
2963 1259 3303 1330 adjicientes,
3326 1277 3440 1318 non
3460 1263 3640 1319 solum

377 1357 692 1414 ἑνωθέντων
722 1357 1086 1430 γνωρίζεταιο
1121 1355 1238 1411 ἀλλ’
1259 1357 1308 1410 οἱ
1334 1355 1434 1426 τῆς
1457 1350 1722 1424 ἀληθείας
1751 1347 1960 1420 ἐχθροὶ,

377 1450 467 1505 ἀεὶ
497 1451 561 1521 τῇ
595 1449 805 1503 ἑαυτῶν
827 1447 1121 1520 δυσσεϐεία
1145 1444 1604 1518 προεπινοοῦντες
1627 1443 1695 1498 τὰ
1718 1440 1962 1514 χείρονα,

2059 1346 2116 1401 in
2138 1347 2505 1403 oeconomiam
2531 1347 2698 1403 unius
2727 1357 2931 1404 sanctae
2949 1348 3242 1408 Trinitatis
3261 1362 3513 1422 peccant,
3543 1353 3639 1409 sed

2059 1438 2225 1494 etiam
2255 1439 2786 1496 consubstantialem
2817 1439 3146 1498 Trinitatem
3181 1443 3588 1515 blasphemant.

376 1541 438 1595 οὐ
483 1543 644 1612 μόνον
697 1539 831 1612 περὶ
872 1539 974 1612 τὴν
1013 1537 1330 1608 οἰκονομίαν
1370 1535 1468 1592 τοῦ
1500 1536 1620 1600 ἐνὸς
1658 1533 1760 1606 τῆς
1790 1529 1953 1600 ἁγίας
1981 1528 2213 1598 Τριάδος
2251 1530 2660 1603 ἁμαρτάνουσιν
2683 1571 2700 1596 ,
2749 1530 2886 1587 ἀλλὰ
2926 1533 3024 1587 καὶ
3085 1536 3214 1607 περὶ
3245 1536 3412 1609 αὐτὴν
3477 1537 3641 1609 βλασ-

379 1631 654 1706 φημοῦσιν
685 1631 786 1704 τὴν
811 1631 1097 1703 ὁμοούσιον
1121 1629 1356 1704 Τριάδα.

449 1727 562 1780 Καὶ
611 1723 772 1778 τοῦτο
819 1722 928 1796 γὰρ
975 1723 1161 1793 λέγειν
1221 1721 1463 1793 Σευῆρος
1516 1719 1820 1792 ἐτόλμησεν
1873 1717 1957 1771 ὅτι

2137 1710 2355 1766 Etenim
2382 1711 2622 1769 Severus
2649 1730 2818 1772 ausus
2851 1728 2938 1774 est
2966 1719 3133 1775 etiam
3168 1721 3354 1778 dicere
3373 1725 3642 1798 hymnum

298 1887 316 1899 ι
378 1819 406 1870 ὁ
435 1817 733 1889 Τρισάγιος
768 1787 938 1886 ὕμνος
987 1787 1068 1879 είς
1113 1815 1275 1886 μόνον
1315 1787 1660 1884 ἀναφέρεται⁷
1685 1787 1776 1866 τδν
1804 1809 1957 1899 Υίδν,

2069 1801 2370 1874 Trisagium
2414 1805 2510 1860 uni
2537 1805 2678 1862 Filio
2711 1806 3021 1875 decantari,
3054 1828 3159 1868 nec
3191 1814 3352 1872 Patre
3380 1787 3485 1874 nec
3520 1819 3644 1892 Spi-

384 1909 459 1980 μὴ
505 1905 889 1962 κοινωσὰντων
935 1909 1003 1978 τῇ
1039 1905 1324 1976 δοξολογίᾳ.
1358 1904 1452 1987 τοῦ
1482 1903 1698 1974 Πατρδς
1736 1898 1960 1956 καὶτοῦ

382 1998 542 2063 ἁγίου
585 1997 932 2068 Πνεύματος.
993 1996 1166 2052 Τοῦτο
1209 1997 1266 2051 δὲ
1311 1997 1464 2052 οὐδὲν
1491 1995 1680 2066 ἕτερόν
1711 1995 1889 2058 ἔστιν,
1925 1992 1960 2064 ἢ

383 2089 524 2143 κατά
548 2089 650 2160 τὴν
677 2089 734 2142 ’Δ
745 2090 894 2162 ρείου
926 2088 1124 2160 μανίαν
1151 2089 1410 2162 χωρίζειν
1435 2089 1526 2143 τὸν
1549 2087 1680 2142 Υίδν
1700 2085 1803 2158 τῆς
1822 2085 1962 2140 οὐσί-

381 2199 448 2244 ας
479 2179 574 2234 τοῦ
603 2180 818 2252 Πατρδς
847 2181 942 2236 καὶ
970 2181 1131 2252 ἁγίου
1161 2180 1485 2252 Πνεύματος
1507 2219 1521 2244 ,
1577 2178 1674 2233 καὶ
1713 2174 1960 2248 ὲτεροού-

385 2289 503 2332 σιον
533 2271 696 2326 αὐτὸν
727 2271 972 2342 εῐσάγειν
993 2289 1007 2305 ο
1059 2273 1093 2346 ἢ
1129 2273 1178 2326 εἰ
1208 2273 1284 2344 μὴ
1313 2271 1493 2333 τοῦτο,
1529 2271 1665 2325 ἀλλά
1693 2268 1840 2324 κατά
1864 2267 1964 2340 τὴν

382 2365 686 2436 Νεστορίου
730 2361 1088 2437 βλασφημίαν
1145 2365 1222 2438 μὴ
1269 2365 1552 2435 ὁμολογεῖν
1597 2363 1690 2418 τὶν
1726 2361 1964 2432 Χριστὸν

384 2453 520 2506 Θεὸν
550 2451 691 2509 εἶναι
727 2453 820 2508 καὶ
845 2455 942 2508 ενα
969 2455 1070 2526 τῆς
1097 2454 1260 2522 ἁγίας
1286 2452 1517 2526 τριάδος
1539 2469 1553 2485 ·
1603 2451 1739 2506 ἀλλά
1770 2450 1965 2521 τετάρ-

386 2543 598 2614 τῳ,τινὶ
623 2541 901 2615 προσώπῳ
927 2561 1001 2600 κα
1012 2543 1072 2599 ιά
1096 2544 1196 2616 τὴν
1221 2544 1451 2597 ἐκείνων
1476 2543 1663 2598 ἄνοιαν
1689 2541 1778 2596 τὸν
1797 2538 1968 2594 τοιοῦ-

385 2653 477 2689 τον
530 2635 880 2708 ἀναπέμπειν
931 2635 1104 2708 ὕμνον
1131 2653 1144 2668 ο
1211 2637 1305 2690 καὶ
1365 2628 1408 2704 ᾧ
1465 2634 1749 2706 νομίζουσι
1797 2633 1966 2704 τιμᾷν

386 2727 479 2779 τὸν
507 2727 637 2780 Υίδν
657 2766 674 2788 ,
723 2727 1013 2798 ἀγνοοῦσιν
1045 2727 1212 2783 αὐτὸν
1251 2725 1614 2798 ἀτιμάζοντες
1635 2767 1652 2792 ,
1693 2723 1773 2795 τῷ
1799 2724 1968 2796 χωρί-

389 2816 505 2882 ζειν
537 2817 698 2872 αὐτὸν
742 2817 838 2874 τοῦ
881 2819 1426 2892 συμπροσκυνεῖσθαι
1455 2816 1534 2890 τῷ
1566 2819 1740 2889 [la-:91
1769 2818 1864 2872 καὶ
1888 2815 1968 2887 τῷ

389 2909 529 2982 ἁγίῳ
571 2909 872 2982 Πνεύματι.
928 2911 1120 2965 Ταῦτα
1165 2911 1222 2966 δὲ
1269 2910 1558 2978 λέγοντες,
1595 2907 1718 2964 οὔτε
1753 2909 1970 2973 ἑαυτοῖς

385 3001 519 3071 γοῦν
561 3001 882 3056 ἀκολουθεῖν
919 3001 1260 3068 ιγνώκασιν·
1299 3001 1481 3072 τρίτον
1510 3000 1640 3070 γάρ,
1669 2999 1966 3070 λεγομένου

385 3092 481 3146 τοῦ
511 3091 706 3164 ὕμνου,
743 3091 1024 3162 ὲπὰγομεν
1049 3091 1441 3186 εὐθιξςῖμΔιίξα
1465 3091 1666 3186 Πατρί,
1698 3091 1798 3186 καί
1833 3088 1962 3186 Υιιξ),
1994 3121 2044 3186 c

388 3183 490 3238 καί
535 3185 684 3253 ἁγίῳ
731 3184 1050 3253 (Ir-minam.
1116 3181 1182 3237 Τί
1227 3181 1286 3237 δὲ
1334 3181 1570 3252 λέγομεν
1620 3181 1703 3236 δτι
1753 3182 1970 3246 ἑαυτοῖς

388 3275 742 3342 ἀπειθοῦσιν;
780 3277 913 3329 πότε
963 3275 1086 3330 οὐδὲ
1114 3274 1185 3330 τά
1207 3275 1460 3344 Σεραφὶμ
1489 3274 1857 3346 ὲντρὸπονται,
1881 3272 1972 3328 διά

387 3366 488 3434 τῆς
507 3363 810 3436 Τρισαγίας
838 3363 1046 3434 φωνῆς,
1068 3365 1137 3436 τῇ
1159 3363 1293 3436 ἁγίᾳ
1305 3363 1500 3435 Τριάδι
1521 3362 1619 3434 τὴν
1653 3361 1968 3434 δοξολογίαν

361 3455 772 3524 προσάγοντα,
827 3453 1015 3519 καθὼς
1062 3455 1133 3511 τά
1176 3455 1307 3527 περὶ
1349 3453 1544 3510 τούτου
1597 3455 1693 3510 καὶ
1735 3456 1784 3510 oi
1823 3454 1969 3526 ἁγιοι

389 3547 524 3615 ἡμῖν
551 3546 797 3617 Πατέρες
825 3544 1300 3619 παραδεδώκασιν.

463 3635 898 3711 [Ρ.260.]Ταῦτα
916 3637 1098 3692 τοίνυν
1121 3637 1257 3711 πρὸς
1275 3636 1559 3710 ἀναίρεσιν
1580 3637 1678 3710 τῆς
1696 3637 1806 3692 τῶν
1825 3640 1970 3710 αίρε-

387 3729 558 3784 τικῶν
584 3729 939 3802 βλασφημίας
962 3729 1014 3784 οῖ
1040 3729 1286 3802 Πατέρες
1312 3728 1600 3801 ὁκθέμενοι
1617 3771 1634 3797 ,
1667 3729 1768 3802 τὴν
1797 3730 1968 3806 ὀρθὴν

387 3822 488 3894 τῆς
539 3821 872 3892 Ἐκκλησίας
927 3819 1388 3894 παραδεδώκασιν
1429 3821 1724 3892 ὁμολογίαν
1746 3863 1761 3888 ,
1819 3821 1966 3878 διδάο

391 3915 581 3980 ξαντες
618 3917 766 3986 ἡμᾶς
808 3914 938 3988 μίαν
975 3913 1228 3986 θεὸτητα,
1269 3913 1401 3985 μίαν
1434 3914 1688 3984 δύναμιν.
1720 3917 1852 3986 μίαν
1875 3916 1968 3970 οὐ-

390 4011 512 4064 σίαν
557 4011 658 4082 τῆς
703 4011 868 4081 ἁγίας
911 4009 1200 4082 ὁμολογεῖν
1242 4009 1512 4082 Τριάδος,
1545 4011 1642 4065 καὶ
1667 4010 1766 4084 τὴν
1796 4011 1966 4084 αὐτὴν

389 4104 722 4176 προσφέρειν
769 4102 1082 4174 δοξολογίαν
1119 4119 1180 4157 τε
1229 4102 1328 4158 καὶ
1359 4101 1738 4174 προσκύνησιν
1765 4104 1963 4176 Πατρὶ,

389 4194 484 4249 καὶ
523 4194 638 4266 Υίῷ
679 4195 773 4248 καὶ
813 4193 956 4266 ἁγίῳ
993 4193 1277 4266 Πνεύματι
1303 4211 1320 4226 ο
1381 4193 1668 4264 ὁμολογεῖν
1699 4195 1765 4275 δὲ
1811 4197 1872 4251 τὸ
1907 4195 1964 4250 ιν

388 4285 683 4358 πρόσωπον
736 4285 800 4340 τὸ
847 4287 911 4340 ἐκ
943 4285 1044 4356 τῆς
1071 4285 1234 4356 ἁγίας
1264 4286 1362 4342 καὶ
1390 4288 1683 4358 ὁμοουσίου
1709 4287 1962 4360 Τριάδος,

384 4379 480 4432 τὸν
521 4377 729 4448 Κύριον
752 4377 913 4448 ἡμῶν
942 4377 1152 4449 Ἰησοῦν
1194 4379 1453 4450 Χριστὸν,
1477 4379 1613 4434 Θεὸν
1635 4379 1808 4452 ἀληθῆ
1825 4421 1840 4446 ,
1867 4382 1964 4438 καὶ

2062 1896 2174 1952 ritu
2211 1906 2401 1954 sancto
2443 1897 2793 1972 doxologiam
2829 1905 3314 1976 participantibus.
3369 1909 3484 1966 Hoc
3510 1914 3648 1968 vero

2063 1990 2211 2046 aliud
2245 2006 2356 2046 non
2394 2001 2500 2056 est,
2539 2008 2726 2064 quam,
2751 1996 2907 2066 juxta
2939 1987 3058 2052 Arii
3091 1999 3388 2068 insaniam,
3439 2003 3644 2062 Filium

2063 2096 2322 2170 separare
2348 2099 2380 2139 a
2409 2085 2722 2144 substantia
2747 2089 2926 2146 Patris
2959 2091 3292 2164 ac‘Spiritus
3327 2099 3526 2164 sancti,
3562 2099 3648 2170 ip-

2064 2161 2298 2249 sumque
2327 2179 2522 2236 alienae
2551 2181 2879 2240 substantiae
2919 2161 3142 2253 facere;
3179 2189 3304 2256 vel,
3347 2189 3392 2248 si
3425 2206 3538 2246 non
3567 2161 3643 2248 ita

2065 2266 2158 2332 sit,
2177 2269 2332 2339 juxta
2348 2285 2482 2326 vero
2505 2270 2745 2327 Nestorii
2768 2272 3194 2345 blasphemiam,
3218 2275 3501 2335 Christum
3524 2297 3648 2338 esse

2064 2359 2260 2423 Deum,
2293 2377 2577 2433 unumque
2605 2373 2809 2420 sancta:
2833 2363 3124 2424 Trinitatis
3167 2385 3283 2426 non
3323 2371 3645 2440 confitetur.

2065 2467 2130 2506 ac
2155 2453 2374 2509 cuidam
2400 2464 2614 2527 quarta:
2643 2473 2913 2528 persona,
2921 2459 3077 2530 juxta
3103 2461 3328 2518 illorum
3352 2464 3646 2532 insaniam,

2069 2726 2284 2784 ratione
2329 2743 2447 2784 non
2481 2729 2661 2801 ipsum
2694 2731 2930 2789 adorant
2957 2749 3084 2790 cum
3128 2737 3294 2795 Patro
3321 2755 3386 2798 ac
3433 2739 3647 2814 Spiritu

2067 2829 2278 2875 sancto.
2319 2819 2446 2878 Haec
2471 2831 2655 2878 autem
2681 2823 2956 2893 dicentes,
2983 2842 3088 2884 nec
3117 2829 3485 2904 sibimetipsis
3523 2836 3651 2906 qui~

2069 2909 2194 2966 dem
2241 2911 2472 2983 obsequi
2511 2922 2762 2984 norunt;
2813 2926 2900 2973 ter
2941 2920 3096 2976 enim
3150 2919 3371 2980 dicente
3421 2925 3649 2998 hymno,

2068 2999 2242 3088 Patri,
2272 3011 2322 3058 et
2335 3003 2491 3070 Filio,
2519 3013 2569 3060 et
2596 3005 2824 3079 Spiritui
2845 3019 3030 3066 sancto
3057 3013 3273 3072 directe
3297 3018 3530 3088 gloriam
3561 3037 3651 3077 νοω

2071 3081 2366 3152 mittimus.
2384 3094 2528 3163 Quid
2540 3113 2674 3155 vero
2687 3098 2926 3158 dicimus
2946 3103 3101 3175 ipsos
3121 3121 3234 3162 non
3255 3081 3363 3164 sibi
3385 3111 3652 3169 crederet

2071 3185 2202 3256 quia
2225 3185 2538 3258 Seraphim,
2573 3205 2709 3247 voce
2742 3191 3002 3267 Trisagii,
3027 3208 3234 3255 sanctae
3257 3199 3516 3260 Trinitati
3547 3205 3650 3260 do:

2071 3276 2346 3348 xologiam
2382 3278 2637 3338 dicentes
2664 3298 2778 3340 non
2811 3297 3078 3354 cessant,
3110 3291 3447 3364 juxtaquod
3491 3297 3650 3352 nobis

2071 3368 2247 3424 sancti
2286 3369 2477 3427 Patres
2508 3371 2578 3429 de
2608 3372 2716 3432 hoc
2754 3375 3126 3436 tradiderunt.

2143 3635 2270 3694 Hac
2291 3637 2461 3710 igitur
2485 3640 2556 3696 ad
2591 3642 2954 3699 evertendam
2969 3643 3356 3702 bareticorum
3393 3649 3650 3722 blasphe-

2068 3728 2236 3785 miam
2266 3741 2642 3802 exponentes,
2691 3749 2880 3792 veram
2929 3737 3648 3800 Beclesize-coniessionem

2069 3821 2264 3878 Patres
2303 3823 2672 3891 tradiderunt,
2707 3843 2873 3884 unam
2933 3829 3219 3897 deitatem,
3251 3849 3415 3890 unam
3451 3846 3648 3904 poten-

2071 3914 2226 3980 tiam,
2253 3929 2527 3986 unamquc
2551 3917 2921 3976 substantiam
2951 3930 3160 3979 sancte
3187 3923 3478 3984 Trinitatis
3510 3943 3648 3983 eou-

2071 4000 2215 4058 ﬂteri
2243 4019 2345 4060 nos
2378 4002 2668 4071 docentes,
2692 4009 2946 4066 eamdem
2975 4009 3345 4082 doxologiam,
3371 4016 3648 4072 eamdem-

2068 4109 2176 4164 que
2199 4094 2577 4154 adorationem
2607 4099 2795 4166 Patri,
2829 4109 2886 4157 et
2926 4102 3086 4168 Filio,
3117 4105 3422 4175 etSpiritui
3455 4121 3646 4164 sancto

2068 4184 2323 4251 deferre;
2349 4188 2601 4244 conﬁteri
2631 4206 2766 4245 vero
2811 4207 2979 4248 urnam
3012 4209 3308 4264 personam
3339 4211 3409 4251 ex
3454 4209 3644 4256 sancta

2069 4277 2640 4350 consubstantialique
2678 4279 2973 4349 Trinitate,
3024 4284 3322 4340 Dominum
3385 4294 3638 4344 nostrum

2067 4369 2253 4427 Iesum
2275 4369 2580 4438 Christum,
2600 4373 2774 4430 Deum
2801 4391 2997 4430 verum
3014 4392 3319 4448 verumque
3337 4379 3639 4444 hominem.

384 4469 676 4539 ἄνθρωπον
695 4468 895 4540 ἀληθῆ.
909 4465 1002 4523 τὸν
1027 4469 1191 4523 αὐτὸν
1213 4468 1500 4540 ὁμοούσιον
1523 4469 1602 4541 τῷ
1624 4471 1802 4542 llatth
1823 4471 1963 4526 κατὰ

2069 4461 2324 4518 eumdem
2357 4465 2888 4522 consubstantialem
2925 4468 3070 4523 Patri
3106 4471 3410 4526 secundum
3441 4473 3642 4530 divini-

382 4563 487 4631 τὴν
514 4559 874 4630 θεότητα,καὶ
901 4561 1192 4630 ὁμοούσιον
1213 4563 1350 4635 ἡμῖν
1375 4561 1470 4615 τὸν
1498 4561 1666 4616 αὑτὸν
1694 4561 1834 4616 κατά
1862 4563 1963 4635 τὴν

383 4651 787 4725 ἀνθρωπὸτητα
803 4668 816 4682 ·
838 4643 931 4706 κὰὶ
946 4649 1069 4706 οὔτε
1088 4652 1231 4708 κατά
1367 4653 1539 4725 αὐτὴν
1560 4651 1752 4708 οὐσίαν
1767 4631 1962 4724 ὁμοοὸ-

384 4761 506 4798 σιον
545 4745 710 4798 αὐτὸν
745 4741 882 4798 εἶναι
919 4741 998 4814 τῷ
1025 4744 1207 4817 Πατρὶ
1248 4744 1372 4800 καθ’
1395 4745 1464 4818 ἢν
1491 4747 1648 4816 ἡμῖν,
1677 4743 1802 4798 οὔτε
1828 4747 1965 4818 ἡμῖν

383 4835 508 4891 καθ’
530 4835 598 4906 ἥν
627 4836 705 4906 τῷ
728 4837 906 4908 Πατρί
926 4853 939 4868 ο
997 4835 1266 4893 ἀδύνατον
1290 4835 1401 4907 γάρ
1429 4835 1560 4908 μίαν
1581 4833 1774 4890 οὐσίαν
1801 4837 1965 4908 ἥτουν

382 4927 554 4996 φύσιν
605 4927 892 4998 ὁμοούσιον
939 4923 1080 4983 εἶναι
1122 4928 1245 4999 Θεῷ
1295 4930 1392 4982 καὶ
1435 4927 1749 5000 ἀνθρώποις
1775 4945 1788 4960 ·
1848 4927 1963 4982 ἀλλ’

382 5023 446 5072 ὲν
475 5019 576 5090 μιᾷ
597 5017 897 5074 ὑποστάσει
927 5021 982 5072 al
1007 5018 1100 5072 δύο
1124 5018 1321 5088 φύσεις
1344 5016 1769 5091 γνωριζόμεναι,
1799 5021 1829 5092 η
1863 5019 1962 5091 μδν

383 5111 528 5179 πρὸς
551 5113 644 5168 τὸν
669 5113 888 5184 Πατέρα
909 5113 1010 5182 τὴν
1031 5113 1322 5184 κοινότητα
1343 5113 1478 5183 ἔχει,
1499 5115 1534 5184 ἠ
1557 5113 1612 5167 δὲ
1634 5113 1770 5186 πρὸς
1791 5113 1958 5183 ἡμᾶς.

380 5203 554 5256 Ὥστε
593 5203 650 5256 δὲ
709 5202 896 5274 σαφῶς
947 5203 1092 5272 ὑμᾶς
1143 5200 1442 5269 ἐπιγνῶναι
1489 5201 1589 5273 τὴν
1631 5200 1960 5273 ὁμολογίαν,

377 5296 454 5364 ἧν
484 5294 908 5358 ἀκολουθοῦντες
951 5297 1018 5365 τῇ
1053 5292 1318 5364 καθολικῇ
1349 5292 1447 5346 καὶ
1473 5291 1804 5364 ἀποστολικῇ
1841 5293 1962 5346 Ἐκ-

380 5386 587 5455 κλησίᾳ
619 5385 992 5458 φυλάττομεν,
1022 5385 1229 5458 ταύτην
1256 5386 1318 5440 ὲν
1341 5383 1667 5452 κεφαλαίοις
1680 5387 1962 5454 συντόμως

378 5478 514 5535 ἐκθέ
525 5495 677 5547 μενοι
711 5478 841 5545 ὑμῖν
864 5496 923 5533 τε
957 5479 1055 5534 καὶ
1081 5478 1148 5532 δι’
1177 5477 1332 5549 ὑμῶν
1357 5477 1470 5542 τοῖς
1497 5475 1592 5530 τὸν
1615 5475 1825 5546 μονήρη
1850 5475 1963 5545 βίον

378 5569 530 5626 κο.τά
579 5569 678 5638 τὴν
722 5570 1116 5642 Ἀλεξανδρέων
1173 5573 1264 5626 καὶ
1317 5571 1446 5640 περὶ
1479 5567 1649 5642 αὐτὴν
1687 5567 1960 5639 ἑλομένοις

381 5661 556 5732 δήλην
591 5661 960 5732 καθιστῶμεν.

2071 4561 2261 4619 tatem,
2296 4553 2940 4626 consubstantialemque
2967 4557 3224 4614 eumdem
3255 4560 3416 4616 nobis
3445 4575 3613 4619 secun
3631 4599 3644 4609 -

2068 4643 2200 4699 dum
2223 4644 2664 4714 humanitatem;
2691 4662 2805 4702 non
2832 4657 3018 4705 autem
3050 4651 3230 4718 ipsum
3255 4668 3376 4709 esse
3405 4657 3641 4712 consub-

2067 4736 2380 4792 stantialem
2417 4737 2568 4793 Patri
2603 4739 2907 4796 secundum
2945 4741 3196 4798 eamdem
3250 4742 3636 4812 substantiam.

2068 4827 2372 4884 secundum
2409 4847 2582 4902 quam
2632 4831 3134 4890 consubstantialis-
3162 4844 3252 4892 est
3281 4837 3474 4904 nobis,
3537 4856 3639 4894 nec

2068 4920 2593 4976 consubstantialem
2609 4922 2770 4978 nobis
2783 4924 3088 4980 secundum
3109 4927 3358 4982 eamdem
3376 4944 3440 4984 ac
3452 4929 3634 4994 Patria;

2067 5008 2409 5081 impossibile
2443 5021 2527 5067 est
2555 5012 2702 5066 enim
2728 5029 2892 5070 unam
2923 5015 3292 5073 substantiam
3337 5031 3435 5074 seu
3471 5029 3637 5075 natu-

2069 5116 2183 5155 ram
2205 5093 2730 5160 consubstantialem
2747 5120 2870 5162 esse
2884 5107 2997 5162 Deo
3009 5119 3066 5162 et
3093 5108 3440 5179 hominibus;
3465 5113 3558 5167 sed
3581 5115 3634 5167 in

2068 5207 2176 5248 una
2210 5193 2487 5265 hypostasi
2537 5195 2659 5250 dua:
2715 5203 2926 5252 naturae
2971 5207 3349 5268 agnoscuntur
3401 5217 3634 5272 quarum
3684 5225 3702 5266 ε

2068 5299 2175 5338 una
2199 5285 2508 5341 communis
2539 5294 2625 5340 est
2659 5301 2782 5342 cum
2809 5287 2988 5356 Patre,
3019 5289 3300 5360 alteraque
3325 5291 3634 5346 nobiscum.

2065 5377 2135 5432 Ut
2159 5388 2343 5432 autem
2367 5377 2556 5432 sciatis
2579 5393 2742 5447 quam
2785 5379 3194 5435 confessionem
3240 5390 3510 5442 tenentes.
3549 5397 3640 5436 ca-

2067 5467 2286 5523 tholica:
2309 5477 2366 5524 et
2391 5469 2705 5538 apostolica:
2735 5469 2992 5525 Ecclesia:
3023 5470 3404 5540 obscquimur,
3431 5487 3550 5527 eam
3577 5472 3634 5528 in

2066 5561 2344 5630 capitibus
2370 5561 2618 5616 breviter
2639 5569 2981 5632 exponentes
3023 5559 3182 5616 vobis
3215 5569 3380 5632 atque
3405 5576 3506 5632 per
3537 5577 3632 5618 vos

2066 5651 2174 5705 illis
2213 5653 2304 5721 qui
2350 5653 2711 5708 monasticam
2745 5652 2911 5708 vitam
2967 5650 3312 5707 Alexandriae
3357 5651 3442 5704 vel
3483 5651 3630 5708 circa

1961 5795 1966 5800 .
2065 5744 2211 5798 illam
2253 5744 2556 5808 amplexari
2592 5753 2740 5808 sunt,
2768 5744 2969 5799 claram
2996 5751 3315 5797 statuemus.
