3954 6146
454 263 594 332 1143

1541 255 1984 322 JUSTINIANI
2023 255 2550 320 IMPERATORIS

3585 260 3708 328 ιιιι

517 377 566 439 ι.
601 377 664 436 Si
699 375 828 450 quis
855 390 968 432 non
996 374 1292 432 conﬁtetur
1314 379 1520 428 sancta:
1547 369 1840 426 Trinitatis
1863 379 2032 424 unam

2207 365 2288 420 A'.
2349 365 2418 419 Εῐ
2446 382 2532 429 τις
2562 365 2661 436 οὑχ
2688 365 2948 436 ὁμολογεῖ
2987 365 3086 438 τῆς
3129 365 3295 434 άγίας
3318 365 3555 436 Τριάδος
3595 373 3708 440 μίαν

453 471 848 535 substantiam,
906 467 1120 524 scilicet
1141 472 1396 520 naturam
1421 471 1479 519 et
1519 461 1873 517 divinitatem
1901 499 1918 524 ,
1978 459 2036 514 in

454 567 637 624 tribus
663 560 1052 635 hypostasihus
1071 559 1160 615 vel
1193 555 1470 629 personis,
1510 553 1726 611 scilicet
1764 553 1822 607 in
1848 553 2032 616 Patre,

451 667 512 715 et
551 657 713 718 Filio.
747 665 804 711 et
824 653 1041 724 Spiritu
1087 659 1286 708 sancto
1335 646 1699 712 adorandam,
1737 643 2036 701 anathema

521 841 588 898 Il.
627 839 686 895 Si
715 838 841 909 quis
873 835 1082 892 dixerit
1117 835 1293 890 Deum
1322 832 1570 889 Verbum
1611 829 1728 886 sive
1761 829 2032 900 Spiritum

450 940 706 992 sanctum
735 935 1056 986 creaturam
1077 942 1224 991 esse,
1251 925 1340 980 vel
1363 925 1498 980 alias
1521 922 1865 980 substantias
1887 935 2032 993 prae-

451 1037 537 1083 ter
555 1023 924 1082 substantiam
950 1018 1152 1084 Patris,
1181 1017 1477 1073 anathema
1501 1016 1594 1072 sit.

519 1119 611 1175 Ill.
625 1116 683 1173 Si
701 1116 825 1188 quis
840 1109 1312 1169 dixeriteumdem
1331 1125 1453 1164 esse
1469 1109 1714 1172 Patrem,
1731 1115 1790 1162 et
1807 1105 2030 1170 Filium,

448 1211 793 1282 etSpiritum
845 1215 1121 1270 sanctum,
1169 1218 1335 1258 unam
1379 1215 1678 1272 personam
1712 1212 2033 1270 supponens

450 1303 711 1376 pluribus
739 1297 1086 1361 nominibus,
1119 1307 1410 1361 unamque.
1430 1289 1773 1362 hypostasim
1795 1286 1900 1342 sub
1929 1285 2030 1340 tri-

451 1395 561 1450 bus
584 1389 1055 1464 appellationibus
1103 1385 1441 1448 invocatam,
1481 1382 1634 1436 hunc
1664 1381 1721 1435 in
1746 1388 1903 1450 parte
1942 1377 2034 1433 Ju-

451 1487 702 1543 daeorum
728 1481 988 1554 ponimus
1021 1486 1189 1548 atque
1219 1473 1776 1531 anathematizamus.

523 1578 611 1633 ιν.
643 1576 702 1632 Si
751 1574 878 1646 quis
911 1587 1022 1626 non
1053 1568 1350 1626 conﬁtetur
1396 1567 1564 1620 unius
1614 1578 1868 1635 personae
1907 1562 2032 1616 uni-

449 1669 622 1742 geniti
649 1667 774 1724 Filii
800 1665 898 1722 Dei
931 1673 990 1719 et
1020 1659 1240 1718 Domini
1279 1657 1460 1715 nostri
1493 1657 1625 1714 Jesu
1653 1655 1862 1712 Christi
1891 1652 2031 1708 duas

449 1725 575 1820 csse
605 1759 950 1821 nativitates,
978 1768 1146 1809 unam
1192 1749 1522 1807 aeternitatis
1541 1762 1610 1804 ex
1633 1747 1798 1802 Patre
1825 1759 2031 1801 secun-
2065 1725 2106 1782 Β

450 1857 584 1911 dum
637 1852 1009 1913 divinitatem,
1046 1847 1410 1914 alteramque,
1461 1855 1586 1913 quae
1633 1839 1778 1895 facta
1837 1847 1926 1894 est
1975 1837 2032 1892 in

449 1945 754 2004 novissimo
793 1942 1012 1997 dierum
1043 1953 1115 1994 ex
1155 1942 1346 1992 sancta
1370 1932 1597 2006 Virgine
1625 1930 1834 2001 Deique
1862 1929 2034 1985 Matre

447 2041 622 2098 Maria
672 2036 981 2094 secundum
1062 2031 1488 2092 humanitatem,
1566 2027 1861 2097 ipsumque
1908 2038 2031 2079 esse

449 2149 624 2190 unum
659 2137 865 2188 sanctae
894 2121 1281 2189 Trinitatis,id
1305 2129 1392 2176 est
1417 2133 1584 2174 unam
1597 2115 1938 2189 hypostasim
1961 2129 2030 2170 ex

450 2227 632 2282 tribus
659 2218 1069 2296 hypostasihus,
1113 2213 1408 2270 anathema
1444 2209 1538 2264 sit.

522 2321 588 2373 V.
608 2317 666 2374 Si
687 2316 816 2388 quis
867 2327 980 2368 non
1011 2307 1311 2366 conﬁtetur
1359 2303 1460 2359 Dei
1486 2316 1610 2358 esse
1633 2301 1863 2356 Matrem
1893 2313 2031 2354 san-

449 2422 596 2471 ctam
622 2409 918 2483 gloriosam
946 2414 1278 2475 semperque
1302 2397 1586 2471 Virginem
1615 2394 1864 2457 Mariam,
1901 2405 2036 2448 ana-

451 2508 639 2562 thema
669 2503 764 2559 sit.

524 2598 617 2656 Vl.
643 2596 702 2654 Si
754 2595 880 2666 quis
907 2589 1134 2646 adducit
1162 2587 1304 2643 duos
1328 2583 1494 2643 ﬁlios.
1517 2595 1692 2636 unum
1715 2579 1938 2650 quidem
1969 2594 2036 2632 ex
2091 2581 2101 2597 '

453 2695 570 2750 Deo
603 2701 660 2746 et
687 2689 876 2752 Patre,
939 2691 997 2738 et
1039 2681 1280 2738 alterum
1339 2691 1410 2732 ex
1434 2673 1630 2737 Matre,
1669 2671 1788 2727 sive
1835 2666 2038 2723 dixerit

451 2785 644 2840 Jesum
674 2787 738 2835 ut
779 2774 1063 2832 hominem
1085 2769 1416 2840 inspiratum
1449 2765 1644 2828 fuisse,
1696 2760 2038 2833 gloriamque

453 2871 744 2946 Unigeniti
790 2879 919 2926 eum
948 2859 1409 2925 circumdedisse,
1464 2865 1526 2912 ut
1554 2856 1788 2912 alterum
1827 2852 1918 2908 cui
1955 2851 2038 2906 al“-

455 2943 752 3031 l’uisset,eo
769 2959 936 3018 modo
951 2971 1063 3028 quo
1075 2953 1282 3012 Paulus
1304 2943 2040 3011 Samosatenus,Nestorius—

455 3075 566 3132 que
594 3057 1003 3129 hlasphemant,
1027 3049 1124 3108 sed
1157 3062 1272 3103 non
1305 3057 1480 3100 unum
1515 3038 1884 3132 eamdemque
1911 3049 2034 3092 esse
2063 3063 2108 3124 ο

455 3128 752 3210 conﬁtetur
785 3147 986 3204 Filium
1044 3138 1391 3212 unigenitum
1439 3135 1613 3192 Deum
1647 3131 1894 3188 Verbum
1927 3128 2037 3184 Do-

455 3245 672 3301 minum
699 3241 888 3296 Jesum
916 3235 1223 3298 Christum,
1277 3225 1603 3301 huiusmodi
1662 3223 1733 3280 ab
1780 3221 2041 3278 omnibus

454 3332 791 3392 Christianis
811 3323 1332 3386 anathematizetur.

527 3425 642 3481 Vll.
674 3423 735 3479 Si
780 3419 910 3492 quis
937 3417 1140 3473 dixerit
1162 3413 1324 3484 quasi
1354 3427 1457 3482 per
1502 3410 1754 3466 canalem
1794 3405 2041 3476 Virginis

458 3517 746 3580 transisse,
773 3513 872 3568 scd
922 3526 1034 3566 non
1085 3508 1142 3562 in
1175 3522 1241 3562 ea
1269 3504 1566 3560 formatum
1623 3500 1817 3564 fuisse,
1849 3495 2042 3552 divino

459 3612 624 3670 simul
649 3625 712 3666 ac
743 3608 990 3664 humano
1015 3599 1202 3664 modo,
1249 3597 1442 3654 divino
1485 3593 1712 3666 quidem
1739 3589 1872 3662 quia
1920 3587 2041 3643 sine

458 3707 600 3770 viro,
629 3703 872 3759 humano
897 3709 1030 3752 vero
1055 3693 1186 3764 quia
1211 3690 1331 3761 lege
1355 3685 1766 3769 praegnationis,
1789 3681 2042 3738 similiter

460 3796 810 3855 maledictus.

530 3889 670 3947 Vlll.
697 3887 756 3942 Si
779 3883 907 3958 quis
957 3879 1179 3937 duabus
1226 3872 1484 3946 personis
1535 3868 1622 3924 vel
1655 3862 2045 3958 hypostasibus

460 3978 726 4038 tribuerit
743 3954 910 4031 verba
941 3971 1345 4043 quaalcguntur
1367 3965 1424 4019 in
1473 3959 1633 4016 libris
1684 3954 2041 4027 evangelicis,

458 4073 549 4128 vel
577 4085 702 4142 quas
745 4063 1066 4123 de‘Christo
1102 4077 1134 4116 a
1163 4056 1372 4114 sanctis
1421 4052 1571 4108 dicta
1630 4057 1781 4116 sunt,
1831 4047 1938 4103 vel.
1972 4045 2044 4101 ab

460 4165 584 4236 ipso
610 4160 682 4216 de
713 4173 794 4225 se,
823 4154 1116 4212 anathema
1147 4150 1239 4207 sit.

534 4255 629 4312 IX.
683 4253 742 4310 Si
789 4251 917 4322 quis
962 4263 1072 4303 non
1127 4229 1426 4302 conﬁtetur
1469 4235 1782 4296 divinitatis
1832 4229 2043 4290 Christi

461 4362 631 4402 unam
659 4357 784 4399 esse
841 4337 1181 4413 hypostasim
1223 4350 1321 4390 seu
1353 4347 1520 4388 unam
1554 4339 1874 4401 personam,
1909 4337 2046 4382 ana-

462 4442 649 4498 thema
677 4437 772 4494 sit.
1357 4478 1366 4486 .

533 4531 603 4586 Χ.
637 4529 694 4586 Si
721 4527 848 4600 quis
869 4526 1009 4581 duas
1034 4531 1264 4579 naturas
1293 4518 1572 4590 Unigeniti
1616 4515 1788 4572 fuisse
1833 4510 2042 4568 dixerit

463 4633 593 4680 ante
617 4621 903 4683 unionem,
943 4631 1110 4672 unam
1129 4629 1266 4669 vero
1299 4620 1424 4683 post
1449 4609 1733 4670 unionem,
1777 4603 2042 4662 divinita-

467 4716 540 4772 tis
568 4713 861 4782 carnisque
879 4707 1057 4780 ipsius
1078 4713 1334 4762 naturam
1368 4701 1611 4766 ﬁnxerit,
1629 4697 1924 4754 anathema
1945 4695 2038 4752 sit.

535 4803 628 4860 XI.
662 4801 720 4858 Si
763 4799 891 4870 quis
919 4814 1031 4853 non
1075 4793 1375 4852 conﬁtetur
1414 4791 1554 4846 duas
1613 4797 1841 4843 naturas
1895 4785 2042 4841 divi-

467 4891 658 4946 uitatis
692 4905 759 4944 ac
809 4885 1176 4943 humanitatis
1211 4883 1268 4937 in
1299 4895 1464 4935 unam
1527 4877 1867 4948 hypostasim
1912 4889 2046 4928 con-

469 4981 733 5042 currisse,
765 4994 936 5033 unum
957 4976 1240 5033 Christum
1285 4971 1598 5043 perlectum
1649 4967 1840 5030 fuisse,
1878 4973 2044 5035 atque

471 5073 528 5126 in
569 5067 836 5124 ambabus
857 5067 1073 5122 naturis
1094 5062 1404 5120 inconfusis
1430 5057 1843 5126 individuisque
1865 5055 2044 5126 ipsum

471 5160 716 5235 agnosci,
738 5159 891 5228 juxta
921 5156 1068 5228 quod
1097 5152 1404 5226 perfectum
1435 5151 1494 5206 in
1523 5147 1871 5204 humanitate
1891 5159 2046 5200 eum-

472 5232 598 5310 dem
619 5248 968 5311 conﬁtemur,
996 5245 1162 5300 unius
1197 5240 1367 5296 etiam
1397 5237 1756 5310 ejusdemque
1777 5232 2046 5291 miracula

470 5358 595 5404 esse
619 5339 921 5404 credimus,
955 5334 1245 5392 anathema
1272 5331 1364 5386 sit.

540 5525 671 5582 Haec
717 5531 850 5580 sunt
900 5535 1024 5593 qua
1076 5510 1258 5569 divina
1289 5508 1574 5580 Scriptura
1623 5504 1803 5560 edocti
1832 5518 2044 5559 sumus.

468 5618 602 5675 llzec
651 5620 778 5673 aunt
833 5610 1090 5672 Ecclesia;
1126 5601 1416 5660 catholica».
1464 5599 1740 5670 dogmata.
1777 5597 1871 5654 Ha:
1918 5603 2048 5650 sunt

490 5709 800 5766 traditiones
849 5703 1096 5766 Patrum,
1127 5694 1416 5752 hominum
1443 5707 1542 5777 pro
1573 5687 1808 5748 diversis
1837 5697 2049 5758 tempo-

2135 459 2358 525 οὐσίαν,
2391 459 2648 514 τουτέστι
2689 457 2855 528 φύσιν
2881 459 2978 512 καὶ
3004 458 3260 530 θεότητα,
3297 459 3361 512 ἔν
3390 461 3572 530 τρισὶν
3593 462 3708 516 ὑπο-

2138 551 2420 614 στάσεσιν,
2472 549 2636 620 ῆτουν
2673 546 3022 619 προσώποις,
3056 551 3196 622 ὅπερ
3234 550 3393 603 ἐστὶν
3431 551 3492 604 ἔν
3527 553 3701 625 “arpi,

2134 642 2228 696 καὶ
2249 641 2491 712 Υἱῷ,καὶ
2516 641 2658 711 atth
2679 641 2963 713 Πνεύματι
2987 643 3442 716 προσκυνεῖσθαι,
3468 644 3696 717 ἀνάθεμα

2134 734 2297 788 ἔστω.

2207 825 2284 883 D'.
2338 827 2409 882 Εί
2436 845 2524 891 τις
2553 825 2712 896 λέγει
2746 827 2839 883 τὸν
2873 827 3010 883 Θεὸν
3040 827 3216 898 Λόγον
3249 829 3286 900 ἢ
3320 829 3384 883 τδ
3407 831 3625 902 Πνεῦμα
3653 833 3702 886 τὺ

2134 920 2290 990 ἀγιον
2342 920 2552 990 κτίσμα
2595 917 2778 986 εἶναι,
2850 919 2886 990 ἢ
2947 920 3147 993 ἐτέρας
3183 921 3384 987 οὐσίας
3430 923 3580 996 παρά
3617 925 3702 996 τὴν

2133 1009 2228 1065 τοῦ
2255 1009 2494 1082 Πατρδς,
2529 1011 2784 1082 ἀνάθεμα
2809 1009 2972 1066 ἔστω.

2203 1100 2281 1158 1".
2332 1102 2399 1155 Εί
2428 1119 2514 1165 τις
2549 1100 2642 1155 τὸν
2677 1101 2840 1156 αὐτὸν
2874 1101 3024 1171 λέγει
3063 1103 3318 1176 Πατέρα,
3345 1105 3443 1160 καὶ
3473 1106 3594 1161 Υίὺν
3621 1108 3699 1162 καί

2133 1194 2290 1264 ἅγιον
2325 1192 2577 1262 Πνεῦμα,
2613 1193 2672 1247 ἓν
2720 1195 3020 1265 πρόσωπον
3056 1193 3428 1268 πολυώνυμον
3469 1199 3696 1252 ὑειιοτιθέ⁸

2136 1303 2300 1358 μενος
2321 1325 2338 1352 ,
2389 1289 2488 1342 καὶ
2522 1287 2652 1358 μίαν
2679 1287 2982 1342 ὑπόστασιν
3018 1287 3127 1342 ύπὺ
3157 1287 3332 1360 τριῶν
3357 1289 3594 1361 κλήσεων
3619 1294 3696 1344 ἐκ·

2133 1379 2512 1452 φωνουμένην,
2531 1379 2626 1434 τὸν
2652 1377 2897 1434 τοιοῦτον
2926 1380 2986 1433 ἐν
3007 1381 3073 1452 τῇ
3103 1381 3290 1453 μερίδι
3320 1383 3430 1438 τῶν
3453 1384 3694 1438 Ἰουδαίων

2130 1471 2408 1542 τάσσομεν
2436 1473 2534 1524 καὶ
2561 1465 3060 1540 ἀναθεματίζομεν.

2203 1563 2276 1616 Δ’.
2297 1562 2364 1616 Εἴ
2375 1579 2462 1626 τις
2486 1563 2561 1634 μὴ
2575 1562 2832 1632 ὁμολογεῖ
2845 1561 2939 1616 τοῦ
2955 1563 3076 1627 ἑνὸς
3100 1561 3407 1637 προσώπου
3440 1563 3532 1618 τοῦ
3556 1581 3690 1636 povo-

2132 1655 2472 1727 γενοῦςΥίοῦ
2491 1657 2586 1712 τοῦ
2601 1655 2740 1710 Θεοῦ
2769 1657 2866 1710 καὶ
2881 1656 3087 1727 Κυρίου
3110 1655 3273 1726 ἡμῶν
3288 1655 3464 1726 Ἰησοῦ
3483 1654 3689 1728 Χριστοῦ

2133 1750 2234 1814 τὰς
2269 1749 2366 1804 δύο
2407 1749 2696 1820 γεννήσεις
2741 1747 3051 1819 ὑπάρχειν,
3115 1747 3225 1818 τήν
3274 1764 3338 1800 τε
3387 1745 3480 1800 τοῦ
3520 1747 3689 1810 αἰῶνος

2132 1843 2198 1896 ἔκ
2227 1841 2324 1895 τοῦ
2352 1841 2568 1914 [ἰατρὸς
2613 1841 2758 1895 κατά
2791 1840 2890 1912 τὴν
2918 1839 3155 1911 θεότητα
3189 1841 3292 1893 καὶ
3317 1839 3416 1912 τὴν
3445 1839 3529 1892 ἐπ’
3547 1840 3687 1908 ἐσχά-

2133 1951 2230 1988 του
2267 1933 2378 1988 τῶν
2417 1933 2644 2006 ἡμερῶν
2687 1930 2786 1987 τοῦ
2819 1931 2984 1986 αύτοῦ
3018 1934 3085 1986 ὲκ
3114 1934 3219 2003 τῆς
3253 1931 3416 2001 ἁγίας
3441 1931 3684 2002 Παρθένου

2135 2028 2230 2082 καὶ
2256 2025 2524 2079 Θεοτὸκου
2559 2024 2781 2096 Μαρίας
2833 2025 2978 2078 κατά
3023 2022 3124 2095 τὴν
3152 2023 3568 2096 avom-mm”,
3607 2025 3685 2076 καὶ

2135 2119 2301 2174 αὑτὸν
2335 2114 2477 2172 εἶναι
2505 2117 2605 2171 ἕνα
2637 2117 2742 2187 τῆς
2771 2117 2934 2185 ἁγίας
2956 2115 3192 2188 Τριάδος
3211 2158 3228 2183 ,
3277 2116 3516 2170 τουτέστι
3571 2116 3682 2186 μίαν

2136 2212 2434 2266 ὑπόστασιν
2459 2211 2525 2264 ἐκ
2548 2209 2660 2263 τῶν
2685 2209 2855 2280 τριῶν
2878 2207 3262 2270 ὑποστάσεων,
3283 2207 3522 2278 ἀνάθεμα
3541 2209 3676 2260 ἔστω.

2208 2305 2282 2358 Ε’.
2337 2303 2407 2358 Εἰ
2446 2320 2530 2366 τις
2571 2303 2674 2373 οὐχ
2707 2301 2965 2371 ὁμολογεῖ
2997 2301 3266 2355 Θεοτόκον
3307 2303 3401 2372 τὴν
3431 2303 3578 2371 ἁγίαν
3603 2301 3676 2354 ἔν-

2133 2396 2286 2466 δοξον
2317 2395 2682 2466 ἀειπάρθενον
2710 2393 2960 2466 Μαρίαν,
2993 2395 3250 2468 ἀνάθεμα
3275 2395 3430 2452 ἔστω.

2211 2579 2303 2646 ς’.
2327 2575 2397 2630 Ei
2420 2593 2504 2640 τις
2531 2573 2748 2640 είσάγει
2776 2571 2872 2626 δύο
2891 2571 3082 2634 Υίοὺς,
3110 2573 3208 2626 Eva
3240 2572 3332 2642 μὲν
3358 2572 3444 2623 τὸν
3471 2571 3528 2623 ἐκ
3552 2567 3672 2622 Θεοῦ

2137 2667 2235 2722 καὶ
2271 2664 2522 2736 Πατρδς,
2569 2663 2758 2734 ἕτερον
2785 2661 2844 2716 δὲ
2875 2661 2970 2716 τδν
3000 2663 3067 2715 ὲκ
3096 2661 3196 2731 τῆς
3225 2659 3432 2730 Μητρὸς
3452 2699 3465 2719 .
3513 2658 3544 2728 ἢ
3585 2656 3670 2710 καὶ

2135 2760 2214 2821 ὼς
2241 2757 2532 2832 ἄνθρωπον
2565 2753 2916 2825 ἐνεργεῖσθαι
2940 2753 3090 2824 λέγει
3116 2755 3204 2808 τὸν
3235 2753 3440 2822 Ἰησοῦν,
3469 2752 3554 2804 καὶ
3575 2749 3666 2818 τὴν

2137 2848 2231 2904 τοῦ
2264 2845 2610 2916 Μονογενοῦς
2643 2844 2890 2909 εὐδοξίαν
2922 2842 3218 2916 περιῆφθαι
3255 2841 3324 2904 ὡς
3352 2839 3509 2908 ἑτέρῳ
3537 2839 3660 2904 παρ’

2139 2941 2305 2998 αύτδν
2349 2939 2654 3012 ὑπάρχοντι
2678 2977 2694 3004 ,
2749 2935 3005 3008 καθάπερ
3043 2935 3238 2996 Παῦλος
3271 2934 3297 2984 ὁ
3328 2926 3646 3000 Σαμοσατεὺς

2141 3035 2238 3090 καὶ
2267 3033 2568 3104 Νεστόριος
2595 3029 3007 3102 βλασφημοῦσιν
3027 3065 3042 3090 ,
3091 3023 3199 3080 ἀλλ’
3225 3023 3314 3092 οὐχ
3337 3021 3426 3074 ἕνα
3451 3018 3539 3073 καὶ
3566 3016 3650 3070 τὸν

2138 3127 2304 3181 αὑτὸν
2349 3125 2608 3196 ὁμολογεῖ
2653 3125 2784 3178 Υἱὸν
2833 3119 3092 3192 μονογενῆ
3125 3118 3252 3172 Θεὸν
3279 3116 3436 3182 Λόγον
3465 3109 3658 3182 Κύριον

2152 3215 2360 3290 Ἰησοῦν
2405 3215 2678 3286 Χριστὸν,
2733 3217 2764 3270 ὁ
2812 3213 3056 3276 τοιοῦτος
3108 3208 3248 3281 παρά
3291 3205 3494 3261 πάντων
3529 3202 3659 3273 Χριο
3722 3205 3736 3210 “

2141 3310 2375 3366 στιανῶν
2407 3309 2573 3364 ἀναθε
2581 3306 2925 3380 ματιζέσθω.

2210 3403 2284 3456 Z'.
2348 3401 2418 3454 El'
2459 3417 2546 3464 τις
2594 3399 2670 3464 ὡς
2717 3398 2807 3452 διὰ
2849 3395 3097 3466 σωλῆνος
3140 3394 3234 3462 τῆς
3271 3386 3531 3458 Παρθένου
3566 3384 3670 3438 δια-

2140 3492 2373 3563 δραμεῖν
2393 3529 2409 3556 ,
2460 3489 2601 3545 ἀλλά
2633 3488 2710 3562 μὴ
2740 3491 2800 3543 ὲν
2823 3489 2965 3560 αὐτῇ
2992 3479 3384 3540 διαπεπλάσθαι
3405 3477 3565 3544 λέγει,
3595 3473 3672 3527 θε-

2139 3583 2277 3648 ἲκῶς
2303 3601 2364 3637 τε
2394 3582 2512 3653 ἅμα
2542 3582 2640 3636 καὶ
2665 3579 3051 3652 ἀνθρωπίνως,
3088 3573 3282 3636 θεῖκῶς
3313 3569 3406 3643 μὲν
3431 3569 3509 3623 ὃτι
3529 3563 3677 3637 χωρὶς

2142 3673 2370 3744 ἀνδρὸς,
2419 3671 2787 3744 ἀνθρωπίνως
2809 3670 2868 3725 δὲ
2895 3669 2979 3724 ὅτι
3009 3668 3163 3740 νόμῳ
3187 3665 3462 3736 κυήσεως,
3502 3656 3682 3729 ὁμοίως

2143 3762 2320 3826 ἄθεος.

2217 3855 2299 3909 H'.
2355 3853 2425 3908 Εἴ
2465 3870 2550 3918 τις
2595 3851 2916 3927 προσώποις
2956 3849 3142 3914 δυσὶν,
3188 3850 3306 3918 ἦτοι
3334 3842 3681 3900 ὑποστάσεσιν.

2143 3949 2245 4013 τάς
2293 3948 2354 4000 ὲν
2401 3948 2518 4012 τοῖς
2565 3943 2954 4014 εύαγγελικοῖς
2999 3941 3429 4014 συγγράμμασιν
3469 3930 3684 4002 διανέμει

2145 4039 2362 4114 φωνὰς.
2411 4040 2445 4110 ἢ
2487 4037 2584 4092 ἐπὶ
2620 4035 2846 4107 Χριστῷ
2879 4033 3034 4106 παρά
3061 4032 3172 4088 τῶν
3206 4031 3374 4102 ἁγίων
3397 4024 3684 4098 λεγομένας.

2144 4133 2179 4206 ἢ
2215 4132 2348 4205 παρ’
2375 4130 2550 4186 αὑτοῦ
2584 4131 2718 4202 περὶ
2743 4127 2936 4193 αὑτοῦ,
2971 4126 3228 4198 ἀνάθεμα
3252 4124 3412 4178 ἔστω.

2216 4225 2294 4281 Θ’.
2339 4225 2408 4278 El'
2431 4241 2516 4288 τις
2547 4225 2649 4294 οὐχ
2675 4221 2936 4294 ὁμολογεῖ
2966 4221 3068 4290 τῆς
3094 4219 3353 4289 θεότητος
3382 4213 3474 4268 καὶ
3498 4211 3588 4280 τῆς
3608 4207 3688 4261 ἀν·

2148 4315 2504 4388 θρωπότητος
2537 4313 2634 4368 τοῦ
2666 4308 2908 4385 Χριστοῦ
2947 4309 3076 4382 μίαν
3103 4303 3248 4363 εἶναι
3275 4307 3374 4378 τὴν
3402 4304 3686 4358 ὑπόστασιν.

2073 4419 2122 4477 ι)
2149 4409 2267 4478 ἦτοι
2299 4406 2360 4460 ἓν
2387 4405 2704 4476 πρόσωπον,
2733 4401 2989 4474 ἀνάθεμα
3014 4401 3174 4454 ἔστω.

2213 4500 2269 4556 l'.
2300 4499 2368 4554 Εῐ
2386 4516 2472 4562 τις
2495 4497 2592 4552 δύο
2618 4497 2810 4567 φύσεις
2833 4494 2931 4549 τοῦ
2955 4490 3304 4560 Μονογενοῦς
3329 4487 3477 4556 λέγει
3498 4479 3690 4554 πρὸτῆς

2144 4592 2416 4655 ένὼσεως,
2453 4591 2584 4662 μίαν
2607 4589 2667 4643 δὲ
2697 4589 2839 4660 μετά
2860 4587 2960 4660 τὴν
2982 4585 3210 4648 ἕνωσιν,
3231 4583 3332 4652 τῆς
3354 4581 3594 4648 θεότητος
3615 4569 3691 4625 καὶ

2141 4685 2242 4757 τῆς
2273 4683 2478 4756 σαρκὸς
2501 4680 2671 4736 αὑτοῦ
2699 4679 2866 4750 φύσιν
2891 4677 3256 4740 ἀναπλάττει,
3289 4671 3534 4741 ἀνάθεμα
3555 4667 3689 4718 ἔστω.

2211 4777 2316 4831 lA’.
2348 4752 2440 4830 ⁷Εῐ
2469 4791 2553 4838 τις
2593 4773 2692 4843 οὑχ
2718 4769 2978 4843 ὁμολογεῖ
3005 4769 3104 4832 τὰς
3133 4765 3234 4821 δύο
3261 4765 3456 4836 φύσεις
3483 4759 3574 4828 τῆς
3595 4752 3693 4809 θεό-

2143 4883 2307 4939 τητος
2355 4866 2451 4918 καὶ
2493 4864 2595 4936 τῆς
2635 4861 3064 4935 ἀνθρωπότητος
3125 4860 3208 4922 είς
3259 4857 3391 4928 μίαν
3427 4851 3694 4906 ὑπόστασιν

2146 4934 2476 5030 συνδραμεῖν
2501 4993 2518 5020 ,
2552 4934 2670 5009 *ἕνα
2711 4934 2772 5008 τε
2817 4953 2909 5007 τὸν
2949 4949 3192 5024 Χριστδν
3236 4945 3588 5004 ἀποτελέσαι,
3619 4934 3696 4992 καὶ

2145 5052 2206 5105 ὲν
2239 5026 2580 5120 ἀμφοτέραις
2607 5048 2729 5110 ταῖς
2755 5044 2986 5114 φύσεσιν
3013 5040 3352 5111 ἀσυγχύτοις
3380 5037 3476 5092 καὶ
3496 5026 3695 5099 ἀδιαιρέ-

2145 5156 2260 5202 τοις
2279 5116 2874 5208 *αύτδνγνωρίζεσθαῃ
2906 5135 3030 5186 καθ’
3052 5131 3082 5186 ὅ
3109 5132 3326 5185 τέλειον
3357 5131 3414 5184 ὲν
3444 5116 3696 5208 ἀνθρωπόξ

2145 5249 2270 5303 τητι
2301 5229 2392 5282 τὸν
2421 5228 2586 5282 αὐτὸν
2608 5207 3018 5298 ίὸμολογοῦμεν,
3053 5224 3151 5278 καὶ
3175 5222 3299 5286 ἐνὸς
3323 5220 3425 5275 καὶ
3447 5216 3536 5272 τοῦ
3557 5207 3695 5269 αύτοῦ

2147 5323 2216 5376 τὰ
2246 5320 2502 5392 θαύματα
2535 5321 2630 5374 καὶ
2659 5320 2726 5373 τά
2753 5317 2904 5388 πάθη
2927 5311 3069 5376 εἶναι
3097 5311 3462 5384 πιστεύομεν,
3485 5305 3699 5375 ἀνάθεμα

2148 5413 2308 5467 ἔστω.

2218 5502 2406 5558 Ταῦτά
2452 5503 2602 5556 ἔστιν
2661 5501 2696 5554 ἃ
2749 5498 2900 5569 παρά
2949 5497 3048 5568 τῆς
3092 5496 3246 5558 θείας
3289 5495 3518 5568 Γραφῆς
3557 5483 3702 5545 ἐδιδά-

2149 5596 2398 5667 χθημεν·
2455 5593 2631 5648 ταῦτα
2675 5595 2776 5664 τῆς
2817 5587 3114 5659 καθολικῆς
3148 5588 3483 5660 Ἐκκλησίας
3536 5582 3601 5635 τά
3634 5574 3701 5630 δό·

2151 5703 2336 5759 γματα
2356 5703 2370 5716 ·
2406 5681 2563 5740 αὗται
2605 5685 2716 5739 τῶν
2757 5681 3020 5754 Πατέρων
3062 5683 3118 5735 αι
3145 5680 3503 5752 παραδόσεις,
3534 5672 3633 5728 τῶν
3654 5684 3700 5722 τε
