3998 6146
356 252 493 318 ίῖιιῦ

1321 245 1690 309 EPISTULA
1725 236 2166 306 DOGMATICA
2205 247 2308 308 AD
2346 245 2661 308 ZOILUM.

3475 241 3614 306 1146

351 362 492 420 κατὰ
527 358 722 432 καιρὸν
773 359 833 412 ὲν
875 357 942 428 τῇ
981 354 1118 428 ἁγίᾳ
1157 353 1252 410 τοῦ
1287 355 1426 410 Θεοῦ
1468 355 1770 426 Ἐκκλησία
1809 353 1926 446 διαρ

2033 355 2184 412 ribus
2205 355 2266 412 in
2291 363 2480 412 sancta
2505 355 2602 411 Dei
2624 353 2872 410 Ecclesia
2893 351 3348 424 praeeellentium.
3368 351 3616 408 illorum-

347 451 713 526 πριψάντων,
766 449 862 504 καὶ
910 449 1021 502 τῶν
1063 451 1122 502 ὲν
1161 451 1286 512 ταῖς
1328 449 1516 518 ἁγίαις
1547 447 1776 518 τέτρασι
1838 463 1934 514 γε·

345 545 596 617 νομένων
643 544 908 607 συνόδοις,
937 541 1049 596 τῶν
1090 541 1422 611 τριακοσίων
1473 540 1608 594 δέκα
1653 540 1746 594 καὶ
1787 539 1934 594 ὀκτὼ

347 637 458 692 τῶν
499 639 556 690 ἑν
593 636 814 706 Νικαίῳ
837 677 854 700 ,
904 635 1002 690 καὶ
1044 633 1158 688 τῶν
1199 635 1398 688 ἑκατὸν
1439 635 1782 706 πεντήκοντα
1821 631 1934 686 τῶν

347 731 408 783 ιν
432 726 995 792 Κωνσταντινοπόλει,
1031 727 1131 781 καὶ
1155 729 1264 782 τῶν
1287 729 1347 780 ὲν
1375 727 1590 798 Ἐφέσῳ
1613 725 1756 780 κατά
1781 723 1935 796 πρώ-

347 838 450 890 την
473 813 631 888 τάξιν
661 820 1098 892 συνειλεγμένων
1121 819 1441 886 διακοσίων,
1461 822 1558 874 καὶ
1581 819 1690 872 τῶν
1717 822 1773 872 ὲν
1795 817 1934 872 Χαλ-

349 910 536 982 κηδόνι
591 902 893 978 ἑξακοσίων
943 911 1279 982 τριάκοντα,
1333 912 1533 975 οἵτινες
1577 911 1744 982 νόμος
1779 909 1933 974 ὄντες

349 1003 448 1073 τῆς
478 1003 828 1072 Ἐκκλησίας,
865 1005 992 1068 τοὺς
1022 1003 1166 1058 κατά
1191 1003 1387 1075 καιρὸν
1412 1004 1762 1074 ἀναφυέντας
1785 1004 1934 1075 αἱρε-

349 1093 570 1159 τικοὺς,
623 1093 720 1147 καὶ
763 1093 834 1147 τὰ
887 1093 1116 1148 ἐκείνων
1165 1095 1382 1166 μυσερά
1443 1095 1696 1165 δόγματα
1732 1099 1799 1166 τῇ
1835 1093 1932 1148 τοῦ

352 1185 510 1256 ἁγίου
529 1185 670 1240 Πνεύ
680 1203 849 1257 ματος
873 1187 1168 1258 συνεργείᾳ
1191 1187 1294 1257 τῆς
1307 1189 1634 1259 Ἐκκλησίας
1653 1187 1930 1254 ἐξέϐαλον.

351 1281 416 1332 Οἱ
457 1278 514 1330 δὲ
557 1277 658 1346 τῆς
696 1277 982 1342 εὐσεϐείας
1015 1277 1224 1350 ἐχθροὶ,
1249 1277 1353 1350 τὴν
1381 1279 1690 1350 ἐπισποράν
1713 1279 1825 1332 τῶν
1849 1279 1932 1343 ζι-

352 1367 552 1434 ζανίων
595 1367 691 1422 τοῦ
732 1369 984 1422 διαϐόλου
1035 1371 1394 1441 κατέχοντες,
1439 1371 1678 1435 καὶτοῖς
1705 1371 1933 1438 ἀγαθοῖς

355 1457 666 1529 σπέρμασιν
697 1457 1014 1514 ἀκολουθεῖν
1045 1459 1122 1530 μὴ
1151 1459 1490 1531 βουλόμενοι,
1523 1460 1610 1514 ἀεὶ
1634 1460 1694 1513 δὲ
1721 1477 1933 1532 προφα-

355 1549 673 1619 σιζόμενοι,
738 1551 942 1614 παντὸς
997 1551 1333 1622 ἀποροῦντες
1385 1553 1586 1622 λόγου,
1645 1554 1726 1618 είς
1771 1551 1932 1607 τοῦτο

353 1637 766 1708 καταφεύγουσι
820 1641 881 1693 τὸ
903 1640 1087 1710 λέγειν
1107 1643 1596 1716 πατροπαράδοτον
1619 1643 1766 1715 ἔχειν
1785 1643 1932 1698 διδα⁶

355 1727 610 1792 σκαλίαν,
655 1731 752 1782 καὶ
783 1727 991 1802 ταύτην
1018 1732 1310 1786 ἀπολιπεῖν
1339 1735 1416 1804 μὴ
1442 1733 1932 1802 δύνασθαι,.πατέο

357 1837 456 1888 ρας
481 1821 720 1890 ἔχοντες,
763 1823 813 1875 οί
857 1822 956 1893 μὲν
1001 1824 1110 1878 ἀπὸ
1137 1825 1439 1897 Νεστορίου
1482 1827 1696 1881 Παῦλον
1723 1845 1805 1894 τε,
1842 1827 1938 1883 καὶ

353 1911 650 1978 ¹Ιιωτεινὲδν,
703 1914 798 1967 καὶ
847 1914 1210 1984 Μάρκελλον,
1267 1918 1366 1970 καὶ
1415 1917 1546 1981 τοὺς
1591 1917 1662 1972 τὰ
1709 1919 1937 1974 ἐκείνων

355 2005 766 2074 φρονήσανταςο
795 2006 844 2058 oi
871 2003 927 2058 δὲ
955 2005 1249 2076 Ἀκέφαλοι
1277 2007 1528 2078 Εὑτυχέα
1553 2025 1638 2072 τε,
1668 2009 1763 2062 καὶ
1782 2009 1938 2062 Διόσ-
1971 2027 1980 2035 ·

355 2111 540 2166 κορον,
571 2096 667 2149 καὶ
695 2097 966 2166 Τιμόθεον
994 2097 1086 2152 τὸν
1111 2099 1396 2172 Αίλουρον,
1428 2101 1522 2155 καὶ
1545 2102 1672 2164 τοὺς
1699 2101 1768 2154 τὰ
1789 2101 1936 2155 ὲκεί-

355 2203 462 2238 νων
484 2187 894 2256 φρονήσαντας·
923 2188 973 2240 οἳ
997 2191 1062 2261 τῇ
1080 2189 1486 2260 Ἀπολιναρίου,
1513 2191 1608 2246 καὶ
1625 2193 1932 2264 Μανιχαίου

355 2279 452 2334 καὶ
502 2279 825 2334 Βαλεντίνου
881 2281 1051 2356 μανία
1107 2283 1543 2356 ἠκολουθηκότες
1591 2285 1932 2358 ἐδείχθησαν.

356 2373 422 2427 Οἱ
447 2368 541 2426 οὖν
573 2371 750 2427 ταῦτα
771 2374 1027 2444 λέγοντες
1047 2417 1066 2444 ,
1116 2375 1234 2442 πῶς
1269 2377 1562 2443 Ἰουδαίους
1589 2395 1650 2433 τε
1685 2379 1782 2434 καὶ
1805 2381 1932 2434 Ἕλ-

355 2463 524 2534 ληνας
545 2465 686 2536 προς
705 2465 1138 2537 Χριστιανισμὺν
1157 2467 1488 2542 ὁδηγήσουσι
1526 2469 1624 2535 ,τά
1647 2472 1937 2544 παραπλή-

361 2573 452 2611 σια
497 2556 716 2623 τούτοις
756 2559 1197 2632 προσαλλόμενοι
1239 2561 1338 2615 καὶ
1367 2561 1646 2632 λέγοντες,
1681 2565 1742 2618 οὐ
1774 2565 1936 2636 μόνον

359 2649 867 2722 πατροπαράδοτον,
901 2649 1041 2704 ἀλλά
1069 2653 1165 2706 καὶ
1195 2653 1380 2725 πολλῷ
1405 2653 1612 2708 τούτων
1639 2655 1934 2711 παλαιοτέ-

361 2755 462 2806 ραν
506 2739 810 2810 κεκτῆσθαι
857 2741 958 2812 τὴν
999 2741 1291 2810 ἀσέσειαν;
1343 2743 1507 2798 Ὅθεν
1547 2745 1935 2820 προτρέπομεν

358 2827 457 2900 τὴν
487 2829 763 2902 ὑμετέραν
792 2831 1077 2902 θεοφιλίαν
1118 2833 1603 2908 διαμαρτύρασθαι
1635 2837 1815 2892 πάντα
1839 2837 1934 2892 ἀν-

357 2919 578 2992 θρωπον
626 2922 968 2993 φοϐούμενον
1012 2923 1106 2980 τδν
1155 2925 1401 2998 Κύριον,
1454 2930 1548 2981 καὶ
1585 2928 1766 3000 κρίσιν
1795 2928 1932 2984 Θεοῦ

2035 465 2146 521 que
2172 449 2228 505 in
2289 459 2530 520 quatuor
2577 446 2830 504 conciliis
2878 443 3086 502 s:mctis
3132 449 3615 514 congregatorum,

2036 550 2414 599 trecentorum
2473 539 2668 596 decem
2721 546 2780 594 et
2825 547 2952 594 octo
3002 537 3060 592 in
3113 536 3362 601 Nicano,
3393 545 3616 590 centum

1987 703 1991 708 ’
2035 633 2438 706 quinquaginta
2461 631 2520 688 in
2557 629 3198 700 Constantinopolitano,
3248 627 3617 682 ducentorum

2035 723 2216 796 prima
2269 721 2517 778 sessione
2561 721 2618 776 in
2678 719 2980 791 Ephesino,
3019 729 3520 786 scxcentorumque
3561 725 3618 771 et

2037 815 2259 888 triginta
2289 817 2348 869 in
2394 813 2854 877 Chalcedonensi,
2886 812 3135 882 quicum
3163 810 3276 866 sint
3323 824 3520 864 norma
3556 809 3618 880 (Ι.

2035 909 2155 979 Dei)
2187 908 2473 972 Ecclesiae,
2499 905 2736 960 diversis
2761 903 3107 974 temporibus
3147 909 3480 972 apparentes
3505 901 3619 955 hae-

2035 1000 2262 1070 reticos,
2285 1011 2596 1066 eorumque
2632 995 2802 1064 impia
2851 995 3130 1064 dogmata,
3157 993 3456 1064 adiuvante
3487 989 3616 1060 Spi-

2035 1089 2144 1144 ritu
2189 1096 2402 1150 sancto,
2459 1085 2531 1139 ab
2585 1083 2836 1139 Ecclesia
2891 1083 3200 1152 eiecerunt.
3252 1081 3452 1138 Hostes
3481 1096 3618 1136 vero

2034 1178 2340 1251 religionis,
2371 1176 2707 1233 zizaniorum
2740 1190 2930 1230 semen
2961 1173 3300 1228 diabolicum
3322 1175 3614 1234 habentes,

2033 1288 2138 1330 nec
2171 1273 2338 1328 bonis
2362 1270 2670 1326 seminibus
2697 1267 2930 1338 obsequi
2973 1265 3242 1328 volentes,
3277 1280 3496 1334 semper
3521 1280 3619 1318 au-

2034 1371 2145 1422 tem
2167 1349 2364 1418 ca'usas
2395 1361 2691 1432 ﬁngentes,
2719 1372 2912 1412 omnes
2937 1355 3180 1411 rationes
3220 1353 3618 1425 despicientes.

2034 1456 2090 1512 in
2121 1457 2228 1512 hoc
2259 1455 2588 1525 confugiunt
2613 1461 2674 1508 ut
2703 1452 2893 1508 dicant
2921 1466 2980 1506 se
3007 1449 3264 1504 traditam
3290 1463 3319 1502 a
3358 1447 3620 1502 Patribus

2033 1547 2240 1604 habere
2267 1545 2597 1610 doctrinam,
2631 1557 2821 1612 neque
2839 1541 2990 1596 illam
3015 1540 3404 1608 derelinquere
3429 1552 3618 1608 posse,

2034 1643 2167 1699 dum
2199 1643 2394 1698 Patres
2409 1639 2641 1703 habent,
2677 1635 2774 1691 alii
2803 1651 2834 1689 a
2863 1633 3141 1699 Nestorio,
3188 1631 3446 1695 Paulum,
3477 1629 3622 1684 Pho-

2037 1739 2241 1800 tinum,
2269 1734 2588 1791 Marcellum
2617 1730 2934 1799 similiaque
2971 1727 3296 1798 Opinantes;
3357 1721 3619 1792 Acephali

2035 1845 2169 1886 vero
2223 1828 2556 1900 Eutychem.
2618 1825 2968 1888 Dioscorum,
3023 1819 3380 1876 Timotheum
3435 1813 3621 1869 Felem

2035 1922 2350 1992 similiaque
2385 1919 2713 1990 Opinantes;
2747 1915 2842 1970 alii
2881 1923 3066 1968 autem
3122 1907 3470 1982 Apollinarii,
3503 1905 3620 1960 Ma-

2033 2015 2237 2075 nichaei.
2256 2011 2648 2080 Valentinique
2681 2007 2910 2064 insaniae
2927 2005 3300 2074 obsequentes
3323 1998 3617 2054 noti-sunt.

2033 2109 2138 2176 Qui
2161 2108 2328 2178 igitur
2361 2105 2437 2161 ita
2478 2105 2694 2165 dicunt,
2727 2099 3008 2170 quomodo
3035 2096 3258 2154 Judatos
3282 2094 3622 2158 Graecosque

2034 2200 2102 2255 ad
2123 2197 2609 2255 Christianismum
2639 2193 2940 2256 adducent,
2969 2191 3056 2245 his
3105 2187 3304 2244 similia
3332 2183 3619 2255 proferen-

2034 2298 2120 2345 tes
2155 2295 2320 2357 atque
2347 2292 2663 2341 asserentes
2695 2298 2807 2338 non
2845 2280 3011 2336 modo
3057 2294 3090 2334 a
3138 2275 3402 2332 Patribus
3450 2270 3622 2326 tradi-

2036 2390 2170 2446 tam,
2199 2379 2296 2435 sed
2335 2379 2500 2432 etiam
2534 2377 2710 2432 multo
2750 2375 2864 2430 illis
2907 2371 3286 2442 antiquiorem
3317 2380 3474 2420 suam
3513 2363 3618 2417 im-

2034 2469 2301 2542 pietatem
2329 2467 2564 2524 tenere?
2611 2465 2770 2522 Unde
2815 2463 3146 2518 charitatem
3194 2465 3438 2514 vestram
3490 2453 3623 2508 hor-

2037 2572 2220 2618 tamur
2263 2571 2326 2616 ut
2356 2557 2718 2616 obtestcmini
2749 2557 3070 2628 quicunque
3105 2552 3266 2608 timet
3293 2548 3616 2609 Dominum,

2033 2657 2246 2727 Deique
2278 2653 2581 2710 imminens
2613 2651 2914 2722 judicium,
2947 2664 3018 2702 ne
3053 2643 3329 2701 doctrinis
3358 2639 3528 2695 variis
3561 2645 3621 2693 et

2033 2726 2346 2818 peregrinis
2378 2741 2749 2804 abducantur,
2805 2737 2901 2794 sed
2935 2750 3126 2792 veram
3182 2726 3620 2788 immacul’atam-

2033 2855 2143 2909 que
2177 2837 2337 2892 Iidem
2365 2835 2571 2898 edocti,
2596 2839 2897 2889 accurrant
2925 2829 2992 2884 ad
3029 2835 3278 2884 sanctam
3303 2823 3400 2878 Dei
3426 2821 3618 2876 catho-

2033 2927 2204 2984 licam
2240 2935 2296 2983 et
2325 2924 2682 2996 apostolicam
2719 2921 3054 2986 Ecclesiam,
3085 2917 3140 2972 in
3160 2931 3268 2987 qua
3299 2913 3490 2970 eadem
3523 2926 3622 2982 per

355 3008 722 3081 ἀναμένοντα,
749 3011 1002 3082 διδαχαῖς
1025 3015 1302 3080 ποικίλαις
1329 3017 1424 3071 καὶ
1447 3017 1629 3084 ξέναις
1653 3018 1729 3090 μὴ
1755 3037 1933 3090 παρα-

2037 3022 2362 3076 universum
2421 3018 2610 3072 orbem
2677 3031 2708 3070 a
2756 3015 2854 3070 Dei
2909 3009 3298 3068 sacerdotibus
3360 3005 3623 3062 doctrina

357 3103 626 3174 φέρεσθαι
644 3143 660 3169 ,
707 3105 846 3160 ἀλλά
874 3105 1301 3178 διδασκομένους
1329 3108 1429 3180 τὴν
1453 3109 1623 3179 ὀρθὴν
1654 3111 1749 3165 καὶ
1773 3111 1932 3180 ἀμώ-

2041 3111 2346 3182 apostolica
2384 3107 2740 3179 praedicatur.

364 3213 535 3266 μητον
568 3197 787 3264 πίστιν,
825 3199 1190 3272 προστρέχειν
1219 3203 1288 3274 τῇ
1357 3203 1489 3276 ἁγία
1553 3203 1650 3258 τοῦ
1712 3205 1850 3259 Θεοῦ
1881 3207 2146 3278 καθολικῇ
2197 3207 2294 3259 καὶ
2333 3200 2672 3270 ἀποστολικῇ
2723 3195 3063 3268 Ἐκκλησία,
3119 3185 3247 3267 ὲνῇ
3301 3184 3615 3258 συμφώνως

359 3295 504 3393 κατά
552 3290 736 3352 πεῖσαν
778 3289 878 3368 τὴν
919 3293 1252 3365 οἰκουμένην
1300 3295 1453 3366 παρὰ
1499 3295 1611 3349 τῶν
1655 3297 1750 3350 τοῦ
1793 3295 1931 3352 Θεοῦ
1969 3299 2164 3369 ίερὲων
2193 3298 2227 3368 ἡ
2255 3292 2596 3364 ἀποστολικὴ
2619 3288 2945 3346 διδασκαλία
2975 3284 3332 3360 κηρύττεται.

685 3651 1482 3745 ΙΟΥΣἸἹΝΙΑΝΟΥ
1550 3658 1780 3746 ΤΟΥ
1852 3645 2708 3746 ΕΥΣΕΒΕΣΤΑΤΟΥ
2781 3637 3320 3738 ΒΑΣΙΛΕΩΣ

526 3825 623 3884 ΕΚ
651 3829 788 3886 ΤΗΣ
822 3831 1004 3890 ΠΡΟΣ
1034 3837 1284 3892 ΖΩῐΛΟΝ
1325 3839 1464 3894 ΤΟΝ
1493 3837 1880 3894 ΑΓΙΩΤΑΤΟΝ
1923 3838 1934 3890 l

2033 3834 2383 3890 I‘PlAPXHN
2415 3798 2938 3890 Amr-amaram:
2984 3824 3438 3886 immutans

1718 3933 2106 3990 EHIETOAHE
2146 3931 2244 4006 (1).

810 4225 817 4232 ’
885 4243 1590 4334 JUSTINIANI
1667 4245 2168 4337 PIISSIMI
2246 4241 3072 4358 IMPERATORIS

557 4430 670 4494 EX
709 4431 1106 4497 EPISTOLA
1158 4435 1652 4499 DOGMATICA.
1696 4436 1808 4496 AD
1853 4437 2161 4498 ZOILUM
2215 4434 2770 4498 ALEXANDBUE
2821 4431 3418 4496 SANCTISSIMUM

1689 4538 2305 4600 PATRIARCHAM.

957 4698 1064 4770 (Ea:
1093 4699 1355 4755 Thesauro
1394 4699 1600 4757 Nicetaz
1630 4700 2071 4772 Chroniatat,ap.
2101 4701 2225 4768 MAI,
2261 4699 2448 4772 Spicil.
2487 4699 2639 4755 Rom.
2671 4709 2709 4756 ι.
2746 4701 2836 4769 ιν,
2869 4700 3018 4774 468.)

1963 4858 2036 4876 μ

427 4972 524 5042 Εἷς
568 4973 662 5033 οὖν
698 4981 848 5034 ἐστιν
887 4980 916 5032 ὁ
955 4981 1226 5054 Χριστὸς,
1279 4985 1382 5038 οὐκ
1429 4986 1788 5058 ἀνῃρημένης
1829 4988 1928 5060 τῆς

2101 4989 2257 5046 Unus
2286 4997 2372 5046 est
2399 5005 2532 5061 ergo
2558 4987 2838 5058 Christus,
2888 5006 3001 5046 non
3043 4989 3262 5046 sublata
3291 4999 3617 5048 naturarum

352 5068 469 5124 τῶν
496 5069 714 5142 φύσεων
738 5073 1002 5144 διαφορᾶς
1029 5073 1120 5128 διὰ
1143 5074 1244 5146 τὴν
1267 5075 1549 5145 ἄφραστον
1575 5079 1799 5146 ἕνωσιν,
1833 5081 1938 5134 Λό-

355 5179 453 5231 γος
475 5163 597 5218 νοού
607 5181 768 5234 μενος
799 5166 894 5218 καὶ
918 5164 1206 5236 ἅνθρωπος
1225 5166 1600 5240 θεωρούμενος
1619 5186 1634 5202 ⁸
1671 5169 1795 5225 οὔτε
1823 5173 1936 5244 γὰρ

353 5257 388 5325 ἡ
431 5254 626 5322 ῑνωσις
681 5257 943 5330 σύγχυσιν
988 5259 1401 5327 ἀπειργάσατο,
1455 5261 1578 5315 οὔτε
1623 5263 1658 5328 ἡ
1698 5263 1935 5334 διαφορά

349 5347 464 5403 τῶν
511 5350 570 5403 έν
612 5349 760 5421 αὐτῷ
797 5351 999 5405 οὐσιῶν
1043 5351 1218 5422 τομὴν
1246 5351 1426 5406 εἴτουν
1453 5353 1721 5424 διαίρεσιν
1751 5355 1933 5409 ἐπιδέ-

396 5500 502 5578 ,(ι)
523 5501 672 5560 Citat
694 5503 800 5578 hoc
833 5505 1105 5578 scriptum
1147 5523 1307 5578 suum
1333 5507 1677 5564 Justinianus
1729 5509 1782 5564 in
1823 5509 1932 5566 alio

350 5576 455 5650 suo
489 5576 815 5650 Opusculoa
843 5577 1004 5650 nobis
1021 5577 1172 5650 edito
1203 5577 1343 5650 Coll.
1371 5585 1482 5650 vat.
1511 5578 1690 5650 t._VlI,
1721 5595 1773 5650 p.
1799 5580 1923 5634 309.

349 5641 495 5700 Citat
519 5641 708 5702 rursus
741 5643 954 5716 Agatho
983 5661 1123 5718 papa
1152 5648 1204 5702 in
1235 5648 1465 5719 epistola
1511 5648 1580 5705 ad
1626 5641 1924 5722 imperato-

2043 5081 2364 5138 ditl‘ercntia
2393 5097 2494 5152 per
2527 5081 2870 5138 ineffabilem
2919 5083 3208 5150 unionem,
3232 5083 3474 5140 Verbum
3502 5099 3620 5141 cre-

2040 5174 2191 5229 ditus
2234 5173 2514 5245 homoque
2576 5175 2750 5231 visus.
2788 5175 2906 5232 Nec
2952 5183 3142 5230 autem
3193 5175 3327 5232 unio
3384 5175 3621 5232 commi-

2041 5266 2284 5322 stionem
2313 5267 2574 5335 exclusit,
2613 5282 2718 5324 nec
2751 5267 3068 5324 differentia
3094 5267 3533 5324 substantiarum
3559 5268 3616 5322 in

2039 5373 2108 5414 eo
2147 5358 2473 5416 scissionem
2519 5369 2617 5417 aut
2655 5360 2988 5417 divisionem
3039 5359 3304 5416 admittit.
3355 5359 3614 5414 Miracula

2035 5527 2124 5638 ge?
2175 5513 2400 5638 ‘ancil.
2467 5513 2638 5569 Lahb.
2677 5521 2716 5567 ι.
2747 5516 2831 5582 Vl,
2874 5470 2942 5586 ἰ).
2994 5515 3118 5570 665.
3167 5511 3381 5568 ——Vid.
3429 5524 3617 5585 supra.

2069 5600 2099 5637 ο
2128 5621 2141 5635 .
2318 5625 2330 5637 .

2069 5600 2141 5637 Ol.
2175 5600 2330 5637 llOl.
