3998 6146
350 268 523 337 -ιιιτ

1510 268 1545 327 J
1554 264 1951 328 USTINIANI
1987 259 2513 327 IMPERATORIS

3510 270 3643 339 ms

360 384 539 440 ‘enim
575 382 785 440 Christi
826 381 1103 446 videntes,
1136 378 1289 435 illius
1320 377 1668 434 divinitatem
1698 376 1958 449 pradica-

2062 393 2236 447 χεται.
2308 375 2612 441 Βλέποντες
2658 377 2768 449 γάρ
2822 377 2917 433 τοῦ
2957 378 3197 451 Χριστοῦ
3243 376 3312 435 τά
3353 378 3643 452 θαύματα,

260 459 271 477 ’
388 486 544 543 mus,
573 475 929 532 inﬁrmitates
970 489 1104 530 vero
1148 472 1535 544 inspicientes,
1560 471 1964 527 humanitatem

385 568 510 638 ejus
554 581 667 621 non
717 564 1017 621 diﬂitemur
1057 579 1072 629 ;
1112 576 1218 618 nec
1266 561 1534 617 miracula
1593 561 1714 617 sine
1773 576 1961 629 carne,

388 672 491 717 nec
519 660 729 729 absque
776 654 1065 713 divinitate
1099 655 1471 711 inﬁrmitates.
1498 656 1704 713 Verum
1777 663 1963 710 autem

384 768 496 806 non
546 760 632 806 est
676 750 861 805 dicere
906 748 1090 820 ipsum
1147 764 1272 806 esse
1315 765 1573 820 passum;
1630 763 1830 819 passus
1878 755 1965 804 est

383 841 634 912 quidem,
682 839 817 911 quia
856 840 1142 911 proprium
1194 841 1317 910 ejus
1359 853 1563 909 corpus
1620 837 1960 909 patiebatur,

383 944 550 1005 atque
585 934 643 989 in
687 948 924 1005 corpore
974 934 1096 1004 ejus
1141 932 1323 989 inerat
1356 932 1453 1002 qui
1495 948 1608 987 non
1647 941 1959 1002 pateretur,

381 1025 599 1082 scilicet
643 1025 740 1095 qui
772 1034 973 1080 natura
1005 1025 1157 1080 Deus
1195 1034 1338 1087 erat,
1374 1039 1501 1079 nam
1551 1023 1796 1079 Verbum
1838 1029 1958 1079 erat

382 1115 745 1187 impassibile.
777 1116 911 1171 Erat
946 1116 1307 1186 incorporeus
1337 1115 1395 1170 in
1422 1130 1656 1185 corpore
1680 1116 1957 1186 passibili,

382 1227 698 1283 corpusque
745 1213 868 1283 ejus
900 1213 956 1267 in
999 1212 1298 1283 semetipso
1326 1211 1568 1268 habebat
1618 1213 1960 1285 impassibile

380 1303 650 1369 Verbum,
692 1302 1051 1360 inﬁrmitates
1103 1302 1282 1373 ipsius
1318 1304 1576 1374 corporis
1622 1314 1957 1377 protegens;

381 1393 819 1463 unumquodque
866 1393 1017 1448 enim
1079 1394 1257 1449 altero
1309 1393 1612 1469 comitante
1674 1405 1957 1465 operatur,

378 1485 535 1558 juxta
579 1486 731 1556 quod
780 1472 1068 1557 proprium
1121 1485 1416 1555 habuerit;
1463 1487 1649 1543 Verbo
1697 1488 1847 1559 quod
1874 1497 1960 1546 est

379 1578 569 1645 Verbi,
599 1594 834 1650 corpore
870 1594 1006 1636 vero
1033 1581 1182 1651 quod
1215 1589 1302 1636 est
1332 1579 1584 1651 corporis
1613 1579 1957 1650 perﬁciente.

382 1668 476 1723 Sic
496 1669 644 1724 enim
661 1668 826 1725 docet
846 1677 1070 1727 sanctus
1082 1671 1321 1743 Cyrillus
1339 1674 1396 1728 in
1416 1672 1696 1728 tricesimo
1712 1672 1957 1730 secundo

379 1775 635 1816 sermone
682 1761 978 1830 Thesauri,
1038 1762 1099 1819 in
1145 1765 1454 1835 Epistolam
1508 1769 1578 1825 ad
1635 1770 1952 1825 Romanos:

378 1851 711 1923 Neutiquam
739 1870 909 1910 unam
938 1871 1061 1913 esse
1090 1859 1478 1928 operationem
1505 1863 1822 1918 naturalem
1856 1864 1955 1919 Dei

377 1954 435 1999 et
474 1953 742 2002 creatura:
786 1947 1055 2024 dicemus,
1088 1950 1164 2005 ita
1215 1960 1276 2006 ut
1305 1967 1409 2009 nec
1452 1954 1602 2024 quod
1632 1954 1840 2010 factum
1870 1963 1957 2011 est

377 2030 446 2085 ad
518 2032 884 2090 substantiam
945 2036 1190 2093 divinam
1260 2041 1587 2109 referamus,
1645 2060 1750 2101 nec
1805 2046 1955 2116 quod

379 2120 581 2177 divina:
621 2134 836 2180 naturae
883 2129 1167 2197 peculiare
1215 2141 1301 2204 est
1344 2132 1402 2187 in
1446 2134 1629 2190 locum
1670 2138 1953 2207 proprium

378 2213 581 2283 genitis
612 2215 1011 2287 deprimamus.
1066 2220 1216 2277 Idem
1270 2233 1495 2283 sanctus
1547 2228 1730 2296 Pater,
1769 2230 1824 2284 in
1869 2230 1956 2287 his

377 2322 501 2377 quae
530 2308 599 2363 ad
631 2309 1025 2380 Theodosium,
1056 2331 1160 2371 nos
1193 2318 1384 2373 eadem
1417 2319 1615 2376 docet:
1639 2320 1838 2376 Totum
1856 2323 1956 2379 toti

379 2399 600 2454 unitum
631 2402 803 2459 fuisse
834 2413 1043 2463 nostrae
1078 2407 1410 2466 humanitati
1444 2396 1705 2468 Verbum
1736 2414 1806 2469 de
1842 2416 1956 2471 Deo

379 2492 649 2561 dicimus;
682 2511 797 2551 non
838 2497 989 2553 enim
1028 2498 1286 2567 forsitan,
1325 2503 1472 2572 quod
1526 2504 1728 2560 melius
1770 2513 1856 2562 est
1899 2507 1957 2563 in

380 2583 564 2649 nobis,
602 2584 658 2639 id
706 2595 791 2643 est
827 2590 1090 2660 animam,
1144 2593 1297 2648 nullo
1324 2594 1498 2650 verbo
1534 2596 1841 2667 judicasset
1866 2600 1956 2654 di-

382 2690 574 2744 gnum,
618 2677 724 2732 soli
754 2680 910 2734 carni
939 2694 1104 2752 quam
1129 2683 1478 2740 inhabitahat
1506 2688 1675 2743 verba
1710 2689 1953 2748 tradens.

381 2765 506 2822 lstis
528 2768 797 2826 ambabus
816 2771 959 2828 bene
977 2776 1301 2847 mysterium
1319 2779 1644 2837 mconomiw
1663 2780 1944 2852 implebat

382 2875 552 2916 carne
594 2871 659 2917 ut
698 2863 1073 2923 instrumento
1122 2870 1389 2926 utebatur
1421 2871 1490 2927 ad
1549 2888 1721 2944 opera
1750 2876 1956 2945 carnis,

382 2952 733 3012 inﬁrmitates
753 2956 965 3014 scilicet
986 2975 1051 3014 ac
1071 2977 1414 3033 quaecunque
1436 2965 1696 3021 abessent
1714 2983 1744 3023 a
1768 2970 1955 3041 culpa;

2066 468 2413 542 κηρύττομεν
2466 469 2634 523 αὐτοῦ
2688 471 2788 541 τὴν
2840 469 3107 543 θεότητα·
3185 471 3428 544 ὁρῶντες
3476 476 3645 530 αὑτοῦ

2064 559 2134 613 τά
2167 559 2311 631 πάθη
2333 602 2348 625 ,
2402 561 2503 614 οὐκ
2535 560 2849 632 ἀρνούμεθα
2880 559 3048 615 αὑτοῦ
3079 560 3180 633 τὴν
3208 562 3644 636 ἀνθρωπότητα·

2065 652 2188 708 οὐδὲ
2220 653 2289 707 τά
2314 651 2573 725 θαύματα
2600 653 2727 723 δίχα
2753 653 2987 725 σαρκὸς,
3044 653 3167 709 οὐδὲ
3196 655 3266 709 τά
3294 654 3442 726 πάθη
3475 659 3648 729 χωρὶς

2065 748 2164 817 τῆς
2215 747 2494 817 θεότητος.
2558 746 2671 800 Καὶ
2720 745 2837 800 ἔστι
2885 744 3193 818 παράδοξον
3242 747 3328 801 ὅτι
3371 749 3538 813 αὐτὸς
3575 745 3644 822 ἦν

2063 844 2093 896 6
2121 842 2370 913 πάσχων,
2403 842 2499 896 καὶ⁵
2529 841 2605 913 μὴ
2630 841 2887 912 πάσχωνο
2920 841 3147 911 πάσχων
3177 841 3296 912 μὲν,
3325 841 3408 895 ὅτι
3432 842 3494 896 τὸ
3514 843 3646 902 ἴδιον

2063 936 2231 992 αὐτοῦ
2279 936 2486 1009 ἔπασχε
2533 938 2692 1010 σῶμα
2717 954 2730 969 ·
2793 937 2887 992 καὶ
2933 938 2993 991 ὲν
3033 936 3183 1008 αὐτῷ
3212 936 3291 1010 τῷ
3318 937 3534 1009 σώματι
3573 936 3645 1011 ἦν

2067 1032 2143 1102 μὴ
2175 1031 2402 1102 πάσχων
2432 1034 2461 1086 6
2488 1035 2554 1105 τῇ
2580 1032 2738 1104 φύσει
2768 1031 2901 1097 Θεὸς
2923 1030 3020 1097 ὢν,
3051 1033 3080 1086 ό
3103 1032 3279 1102 Λόγος
3308 1034 3530 1105 ἀπαθὴς
3551 1031 3640 1106 ἦν.

2062 1124 2175 1178 Καὶ
2221 1124 2389 1188 αὐτὸς
2434 1124 2534 1195 μὲν
2584 1127 2611 1178 ό
2650 1124 2941 1195 ἀσώματος
2967 1119 3038 1197 ἦν
3077 1126 3135 1178 ὲν
3163 1125 3243 1196 τῷ
3271 1124 3505 1198 παθητῷ
3534 1125 3645 1179 σῶ-

2066 1232 2199 1286 ματι
2216 1232 2232 1246 ο
2268 1216 2332 1269 τδ
2359 1215 2418 1269 δὲ
2448 1215 2612 1287 σῶμα
2641 1214 2787 1286 εἶχεν
2819 1218 2878 1271 ὲν
2902 1215 3084 1287 ἑαυτῷ
3110 1216 3203 1271 τὸν
3228 1216 3417 1288 ἀπαθῆ
3443 1217 3639 1287 Λόγον,

2062 1309 2399 1381 ἀφανίζοντα
2431 1310 2533 1374 τὰς
2563 1309 2851 1375 ἀσθενείας
2879 1310 3046 1365 αὐτοῦ
3075 1310 3169 1365 τοῦ
3199 1312 3456 1383 σώματος
3481 1329 3497 1342 ·
3552 1315 3641 1368 ὲν-

2061 1404 2218 1478 εργεῖ
2256 1405 2365 1477 γάρ
2414 1404 2654 1476 ἑκατέρα
2702 1404 2887 1477 μορφὴ
2944 1404 3083 1475 μετά
3127 1404 3231 1475 τῆς
3264 1405 3496 1477 θατέρου
3529 1425 3643 1461 κοι-

2061 1500 2280 1566 νωνίας,
2311 1500 2451 1571 ὅπερ
2482 1499 2617 1553 ἴδιον
2642 1497 2872 1569 ἔσχηκεο
2908 1496 3004 1552 τοῦ
3038 1496 3138 1568 μὲν
3163 1498 3339 1566 Λόγου
3364 1514 3640 1568 κατεργα-

2062 1587 2293 1659 ζομένου
2321 1587 2480 1642 τοῦτο
2507 1588 2644 1659 ὅπερ
2670 1587 2788 1640 ἐστὶ
2817 1585 2910 1640 τοῦ
2940 1586 3138 1657 Λόγου,
3174 1587 3271 1640 τοῦ
3299 1586 3357 1640 δὲ
3388 1585 3642 1658 σώματος

2061 1684 2408 1750 ἐκτελοῦντος
2440 1685 2585 1754 άπερ
2615 1685 2735 1737 ἐστὶ
2764 1682 2857 1736 τοῦ
2886 1680 3161 1752 σώματος.
3205 1679 3378 1735 Τοῦτο
3405 1680 3513 1753 γάρ
3545 1682 3641 1735 καὶ

2058 1782 2088 1835 ό
2122 1782 2179 1834 ὲν
2207 1779 2387 1848 ἀγίοις
2419 1777 2689 1849 Κύριλλος
2721 1775 2780 1829 ἐν
2817 1775 2897 1846 τῷ
2935 1774 3015 1845 λβ¹
3036 1774 3180 1845 λόγῳ
3218 1773 3312 1827 τοῦ
3345 1772 3638 1846 Θησαυροῦ

2055 1873 2414 1946 διδάσκειτὴν
2442 1871 2899 1944 πρδςῬωμαίους
2927 1866 3599 1940 ἑρμηνεύωνἚπιστολὴν
3624 1887 3638 1901 ·

2056 1972 2304 2041 υύδήπου
2344 1967 2472 2039 μίαν
2503 1961 2644 2020 εἶναι
2681 1963 2920 2033 φυσικὴν
2952 1962 3053 2032 τὴν
3085 1962 3368 2030 ἐνέργειαν
3391 1959 3637 2032 δώσομεν

2056 2062 2193 2117 Θεοῦ
2239 2060 2336 2115 καὶ
2369 2060 2678 2129 ποιήματος
2701 2100 2716 2123 ,
2777 2056 2865 2110 ἵνα
2903 2056 3043 2126 μήτε
3073 2055 3137 2108 τὸ
3166 2055 3393 2125 ποιηθὲν
3426 2057 3503 2118 είς
3535 2055 3634 2126 τὴν

2058 2155 2211 2209 θείαν
2242 2153 2615 2220 ἀναγάγωμεν
2641 2149 2853 2213 οὐσίαν,
2907 2150 3044 2218 μήτε
3075 2148 3184 2218 μὴν
3215 2149 3315 2219 τῆς
3345 2147 3497 2210 θείας
3526 2147 3632 2216 φύ-

2059 2265 2197 2311 σεως
2233 2246 2296 2301 τὸ
2328 2245 2609 2317 ἐξαίρετον
2656 2244 2738 2306 εἰς
2769 2241 2862 2294 τὸν
2896 2244 3010 2304 τοῖς
3037 2242 3321 2310 γεννητοῖς
3355 2240 3634 2311 πρέποντα

2057 2315 2466 2408 καταγάγωμεν
2513 2336 2701 2390 τόπον.
2755 2333 2812 2389 '0
2846 2332 3006 2396 αὐτὸς
3038 2331 3097 2384 δὲ
3131 2331 3285 2398 ἅγιος
3314 2331 3504 2403 Πατὴρ
3537 2330 3632 2385 καὶ

2057 2435 2116 2487 ὲν
2143 2435 2258 2496 τοῖς
2293 2430 2428 2502 πρὸς
2457 2428 2737 2483 Θεοδόσιον
2770 2426 2840 2480 τά
2869 2425 3009 2480 αύτά
3043 2427 3191 2497 ἡμᾶς
3222 2426 3526 2481 ἐκδιδάσκει
3547 2424 3634 2478 λέ-

2056 2543 2203 2594 γων*
2250 2525 2413 2579 Ὀλον
2459 2522 2556 2594 ὅλῃ
2605 2518 2948 2591 συνηνῶσθαί
2988 2536 3170 2590 φαμεν
3223 2521 3289 2591 τῇ
3330 2517 3455 2572 καθ’
3488 2519 3634 2590 ἡμᾶς

2057 2617 2438 2691 ἁνθρωπότητι
2492 2615 2584 2669 τὸν
2634 2615 2699 2668 ἐκ
2741 2612 2879 2666 Θεοῦ
2918 2612 3130 2680 Λόγον·
3190 2611 3250 2664 ού
3284 2610 3394 2680 γάρ
3439 2627 3541 2662 που
3575 2608 3636 2663 τὸ

2057 2712 2279 2781 ἄμεινον
2311 2710 2369 2763 ἐν
2397 2708 2553 2777 ἡμῖν,
2585 2704 2834 2760 τουτέστι
2861 2704 3063 2774 ψυχὴν,
3100 2702 3317 2765 οὐδενὸς
3343 2701 3409 2755 ἂν
3432 2700 3636 2772 ἠξίωσε
3718 2712 3731 2725 ·

2056 2802 2217 2872 λόγου
2253 2799 2388 2873 μόνῃ
2417 2798 2759 2868 δωρούμενος
2785 2796 2852 2865 τῇ
2879 2795 3045 2865 σαρκὶ
3068 2794 3169 2860 τῆς
3191 2791 3483 2863 ἐπιδημίας
3512 2790 3642 2855 τοὺς

2057 2894 2271 2964 λόγους.
2328 2891 2662 2962 Ἐπράττετο
2701 2887 2757 2940 δὲ
2802 2886 2870 2941 δι’
2899 2887 3103 2954 ἀμφοῖν
3146 2884 3321 2944 καλῶς
3356 2883 3458 2952 τῆς
3489 2882 3636 2933 01x0-

2060 2984 2254 3055 νομίας
2284 2981 2347 3037 τὸ
2379 2982 2676 3053 μυστήριον
2695 2995 2709 3010 ·
2749 2976 3157 3049 προσεχρήσατο
3184 2970 3436 3040 καθάπερ
3462 2967 3631 3036 ὀργά-

381 3047 565 3103 anima
620 3065 755 3106 vero
802 3050 872 3107 ad
925 3051 1167 3109 humana
1218 3056 1581 3131 inuoxiasque
1632 3063 1955 3131 passiones;

2061 3047 2139 3153 vqi
2186 3081 2253 3150 τῇ
2297 3047 2403 3148 ἰδία
2441 3047 2608 3146 σαρκὶ
2654 3047 2804 3142 πρὸς*
2826 3070 2892 3124 τὰ
2922 3065 3120 3138 σαρκὸς
3160 3063 3296 3135 ἔργα
3321 3078 3382 3115 τε
3411 3061 3508 3114 καὶ
3529 3061 3633 3132 ἀρ-

382 3138 589 3194 dicitur
642 3141 1114 3215 enim‘esuriisse,
1154 3161 1223 3202 ex
1270 3147 1449 3220 longis
1499 3150 1797 3210 itineribus
1825 3154 1955 3213 fati-

381 3229 631 3298 gationes
648 3232 1002 3299 sustinuisse,
1024 3235 1304 3304 timorem,
1331 3247 1629 3308 terrorem,
1650 3244 1954 3314 tristitiam,

382 3323 633 3393 agoniam
688 3333 855 3397 atque
893 3326 952 3383 in
1001 3345 1164 3386 cruce
1213 3341 1473 3388 mortem.
1527 3334 1804 3407 Namque,
1860 3354 1960 3396 ne-

384 3415 532 3472 mine
569 3427 821 3489 cogente,
878 3422 1120 3479 animam
1158 3440 1313 3480 suam
1366 3443 1469 3497 pro
1498 3428 1663 3485 nobis
1696 3446 1728 3485 a
1776 3433 1959 3505 seipso

384 3509 590 3576 posuit,
615 3518 672 3564 ut
694 3513 925 3569 vivorum
948 3523 1106 3587 atque
1127 3528 1454 3575 marmorum
1468 3521 1826 3593 dominetur-II,
1840 3542 1960 3583 car-

383 3615 623 3673 nemque
637 3620 793 3661 suam
811 3611 1058 3665 omnium
1075 3610 1229 3666 carni
1244 3611 1484 3670 reddens
1497 3617 1707 3686 aequale
1724 3618 1958 3685 donum,

384 3692 625 3750 animam
674 3712 776 3768 pro
830 3700 1014 3756 anima
1058 3704 1299 3773 pretium
1345 3707 1609 3764 omnium
1641 3709 1872 3768 faciens.
1901 3713 1960 3769 Si

384 3795 570 3846 autem
619 3791 823 3849 iterum
869 3794 984 3852 vita
1028 3808 1283 3854 revocata
1313 3799 1505 3869 fuerit,
1537 3816 1606 3858 eo
1633 3804 1781 3875 quod
1812 3816 1962 3863 esset

385 3880 552 3949 Deus,
584 3887 1060 3954 resurrexit;non
1099 3890 1246 3947 enim
1282 3901 1432 3949 certe
1455 3895 1668 3965 justum
1693 3908 1842 3955 esset
1870 3899 1960 3954 di-

383 3990 511 4032 cere
526 3990 769 4040 carnem.
797 3981 930 4036 olim
953 3982 1136 4040 Verbo
1153 3985 1387 4052 unitam,
1411 3990 1769 4059 corruptione
1797 4007 1959 4063 posse

382 4068 645 4135 detineri,
690 4071 1047 4145 animamque
1088 4076 1334 4134 divinam
1374 4079 1552 4151 ipsius
1581 4082 1783 4139 inferni
1829 4100 1960 4156 por-

382 4172 561 4219 tarum
585 4163 704 4220 ﬁeri
731 4169 1036 4238 captivam:
1057 4169 1175 4226 Non
1196 4172 1476 4229 derelictus
1500 4184 1577 4230 est
1602 4177 1657 4231 in
1673 4178 1881 4249 inferno
1904 4179 1957 4245 δ,

373 4254 531 4324 juxta
572 4258 721 4328 quod
772 4259 913 4315 dicit
963 4272 1190 4320 sanctus
1230 4265 1448 4323 Petrus.
1494 4268 1615 4325 Non
1660 4280 1846 4326 autem
1877 4272 1963 4327 di-
2000 4322 2001 4325 η

379 4345 617 4400 cendum
651 4356 739 4403 est
783 4359 1040 4406 naturam
1079 4354 1203 4424 ejus
1232 4354 1752 4428 iucompreliensam
1782 4361 1961 4418 indis-

2064 3173 2401 3247 ρωστήματα
2439 3168 2647 3238 φυσικά
2697 3165 2793 3221 καὶ
2837 3165 2938 3218 ὅσα
2977 3158 3165 3232 μώμου
3200 3156 3448 3229 μακράν·
3484 3155 3634 3225 ψυχῇ

2060 3267 2108 3322 δ’
2149 3266 2286 3338 αὐτῇ
2337 3263 2443 3335 ἰδίᾳ
2498 3260 2636 3333 πρὸς
2679 3258 2748 3312 τά
2781 3253 3102 3328 ἀνθρώπινά
3126 3268 3186 3304 τε
3218 3250 3313 3304 καὶ
3339 3249 3640 3338 ἀνυπαιτια

2062 3359 2210 3431 πάθη
2236 3337 2268 3391 ον
2300 3354 2558 3425 πεινῆσαι
2586 3351 2698 3420 γὰρ
2722 3347 2966 3417 λέγεται,
2996 3342 3195 3405 πόνους
3218 3356 3278 3393 τε
3316 3337 3639 3431 ὑπενεγκεῖν

2062 3427 2279 3514 τοῦς-ὲκ
2308 3444 2537 3519 μακρῶν
2561 3439 2905 3512 όδοιποριῶν,
2929 3436 3188 3505 πτοήσεις
3213 3449 3296 3498 τε,
3320 3429 3417 3483 καὶ⁵
3443 3427 3642 3497 φόϐους

2062 3543 2160 3596 καὶ
2196 3539 2375 3611 λύπην
2416 3536 2511 3592 καὶ
2543 3532 2786 3605 ἀγωνίαν
2817 3529 2914 3585 καὶ
2942 3529 3035 3582 τδν
3066 3527 3161 3581 ἐπὶ
3187 3523 3266 3596 τῷ
3293 3519 3515 3592 σταυρῷ
3546 3519 3641 3573 θά-

2061 3652 2241 3690 νατον.
2301 3627 2808 3699 Ἐπαναγκάζοντος
2858 3623 2970 3695 γὰρ
3023 3619 3240 3683 οὐδενὸς
3291 3616 3489 3684 ἔθηκεν
3544 3612 3640 3684 ἀφ’

2062 3724 2257 3782 ἑαυτοῦ
2290 3723 2390 3796 τὴν
2420 3721 2556 3776 ἰδίαν
2577 3718 2758 3790 ψυχὴν
2787 3714 2930 3788 ὑπὲρ
2954 3712 3133 3784 ἡμῶν,
3161 3711 3262 3766 ἵνα
3287 3706 3383 3761 καὶ
3411 3705 3641 3773 νεκρῶν

2061 3820 2159 3875 καὶ
2205 3817 2434 3880 ζώντων
2479 3812 2770 3882 κυριεύσῃ
2791 3824 2808 3840 ·
2869 3806 3052 3875 σάρκα
3083 3801 3184 3873 μὲν
3216 3801 3316 3868 τὴν
3350 3797 3505 3860 ἰδίαν,
3539 3797 3639 3865 τῆς

2063 3912 2319 3967 ἁπάντων
2349 3906 2553 3979 σαρκὸς
2582 3901 2871 3964 ἀποτιννῦς
2900 3896 3118 3993 ἀληθῶς
3148 3893 3321 3993 δῶρον
3348 3886 3603 3993 ἀντάξιον
3618 3900 3634 3913 ·

2060 4005 2240 4076 ψυχὴν
2264 4002 2311 4057 δ’
2336 4000 2459 4055 ἀντὶ
2481 3996 2665 4069 ψυχῆς
2688 3993 3006 4063 ἀντίλυτρον
3036 3986 3146 4041 τῶν
3166 3982 3425 4076 ἁπάντων
3453 3982 3639 4076 ποιού-

2320 4089 2369 4142 εῑ
2399 4067 2507 4142 κειὶὴ
2528 4067 2733 4140 ἀνεϐίω
2760 4080 2921 4136 πάλιν
2952 4076 3066 4146 ζωὴ
3101 4074 3246 4130 κατά
3270 4070 3433 4165 φύσιν
3460 4067 3639 4165 61:69-

2062 4158 2173 4254 χων
2201 4182 2276 4245 ὡς
2299 4179 2462 4242 Θεός·
2497 4177 2559 4231 οὐ
2590 4175 2699 4247 γάρ
2726 4191 2808 4228 τοι
2835 4172 2994 4242 θέμις
3020 4163 3400 4254 είπεῖννφθορᾷ
3425 4160 3525 4254 μεν
3545 4158 3637 4214 δύ-

2063 4249 2259 4328 νασθαι
2290 4267 2615 4340 κρατεῖσθαι
2652 4264 2783 4318 ποτὲ
2827 4259 3121 4316 ὲνωθεῖσαν
3148 4253 3229 4325 τῷ
3256 4253 3402 4324 λόγῳ
3432 4249 3633 4340 σάρκα,

2063 4368 2293 4436 κάτοχον
2329 4339 2387 4417 δὲ
2422 4361 2615 4425 αὐταῖς
2653 4358 2780 4430 ᾲδου
2820 4355 3020 4416 πύλαις
3066 4349 3168 4420 τὴν
3195 4345 3347 4401 θείαν
3376 4339 3634 4436 γενέσθαι

379 4437 725 4509 solutamque
754 4443 985 4498 omnino
1010 4443 1182 4501 fuisse
1213 4457 1416 4512 morte,
1462 4450 1560 4505 sed
1605 4450 1952 4507 divinitatem

2059 4433 2266 4530 ψυχήν·
2299 4456 2420 4511 Οὐκ
2447 4449 2879 4523 ἐγκατελείφθη
2910 4445 3018 4517 γὰρ
3051 4446 3137 4510 εις
3165 4440 3337 4510 ᾅδου,
3371 4434 3512 4491 καΘά
3541 4433 3637 4530 καὶ

378 4531 659 4603 Unigeniti
697 4534 750 4589 in
786 4536 968 4591 sinum
1002 4548 1163 4595 terrae
1214 4542 1536 4599 translatam
1573 4545 1741 4599 etiam
1780 4545 1955 4602 fuisse

374 4623 661 4692 dicemus;
706 4643 817 4682 non
863 4630 1011 4685 enim
1071 4640 1158 4686 est
1204 4633 1479 4699 mirabile,
1528 4635 1573 4690 si
1631 4636 1685 4690 in
1735 4630 1954 4693 inferno

378 4716 710 4773 habitaverit
757 4721 827 4777 de
861 4724 975 4779 Deo
1003 4724 1267 4789 Verbum,
1314 4742 1442 4783 cum
1473 4726 1698 4784 deitatis
1745 4730 1952 4787 virtute
1983 4732 1991 4739 ’

374 4825 438 4863 ac
486 4821 724 4877 natura,
797 4815 1120 4873 mirabiliter
1181 4835 1246 4875 ac
1292 4835 1460 4890 supra
1510 4821 1563 4875 id
1636 4822 1784 4891 quod
1841 4822 1954 4877 dici

375 4910 578 4969 potest,
620 4905 806 4961 omnia
847 4905 1098 4979 impleat,
1141 4920 1309 4982 atque
1367 4913 1425 4967 in
1484 4912 1645 4968 nobis
1694 4913 1954 4969 omnibus
2000 4958 2003 4959 ν

341 4994 674 5074 ;inhahitet.
728 4999 940 5057 Deinde
1006 5019 1261 5074 pergens,
1315 5005 1429 5060 haec
1485 5006 1684 5060 iterum
1737 5006 1875 5061 dicit
1933 5024 1947 5060 ε

332 5062 349 5129 μ’
379 5101 398 5134 ι
436 5084 741 5143 Humanam
773 5089 1148 5151 inﬁrmitatem
1193 5095 1486 5159 occidisse,
1533 5095 1793 5151 virtutem
1817 5112 1948 5151 vero

374 5177 619 5236 divinam
640 5182 988 5253 viviﬁcasse;
1023 5206 1041 5238 ι
1071 5188 1370 5243 ostendens
1397 5188 1543 5258 quod
1567 5188 1656 5243 his
1681 5189 1947 5246 ambabus

371 5275 715 5344 agnoscitur,
768 5279 983 5335 scilicet
1013 5280 1159 5335 inter
1199 5296 1301 5335 nos
1330 5296 1455 5336 esse
1487 5280 1649 5335 simul
1693 5290 1752 5336 et
1777 5296 1946 5351 supra

372 5381 475 5421 nos
519 5375 580 5422 ut
625 5370 822 5426 Deum.
856 5371 1096 5426 Videsne
1144 5372 1425 5441 quomodo
1486 5373 1578 5428 hic
1607 5373 1947 5430 venerabilis

373 5458 536 5514 Pater
570 5461 805 5516 duarum
830 5471 1154 5519 naturarum
1180 5464 1416 5519 virtutes
1447 5465 1499 5520 in
1529 5481 1634 5519 una
1664 5465 1943 5537 hypostasi

374 5572 468 5611 seu
527 5574 634 5612 una
682 5559 1146 5628 personaChrisli
1195 5558 1288 5611 Dei
1338 5559 1511 5612 nostri
1563 5557 1946 5615 demonstrat?

445 5733 662 5790 ‘Bom.
721 5753 827 5804 xxv,
858 5736 891 5791 9
989 5739 1012 5777 δ
1061 5736 1178 5792 Act.
1225 5752 1281 5804 ιι,
1334 5736 1420 5791 27.

2060 4525 2090 4606 ό
2132 4525 2420 4611 θεσπέσιος
2469 4546 2574 4618 ἔφη
2618 4545 2849 4613 Πέτρος.
2909 4539 2984 4594 Οὐ
3025 4537 3134 4608 γὰρ
3172 4534 3323 4587 ἐστιν
3352 4530 3528 4584 εἰπεῖν
3558 4525 3636 4590 ὡς

2059 4638 2158 4710 τὴν
2182 4637 2424 4709 ἄληπτον
2452 4631 2734 4695 παντελῶς
2759 4630 2855 4684 καὶ
2877 4626 3156 4682 ἀνάλωτον
3186 4622 3265 4692 τῷ
3294 4621 3509 4689 θανάτῳ

2062 4708 2183 4793 σιν,
2215 4725 2465 4778 τουτέστι
2493 4720 2594 4793 τὴν
2619 4720 2855 4789 θεότητα
2880 4716 2978 4770 τοῦ
3004 4711 3344 4783 Μονογενοῦς
3378 4710 3484 4763 ὑπὸ
3509 4708 3634 4778 χθό⁴

2059 4835 2125 4871 να
2159 4816 2346 4889 μυχῶν
2376 4812 2812 4884 ἀνακεκομίσθαι
2839 4811 3115 4883 φήσομεν·
3150 4808 3211 4861 ού
3238 4804 3347 4876 γὰρ
3374 4804 3440 4857 ἂν
3465 4801 3631 4871 ἠξιώ-

2060 4909 2126 4980 θη
2173 4909 2233 4962 τὸ
2265 4908 2458 4979 χρῆμα
2498 4906 2800 4978 θαύματος,
2849 4904 2897 4956 εἰ
2933 4900 3243 4972 μεμένηκεν
3275 4899 3355 4961 εἰς
3384 4896 3475 4949 τὸν
3500 4894 3633 4965 ᾅδην

2055 5004 2085 5055 ό
2119 5002 2183 5055 ὲκ
2205 4999 2341 5054 Θεοῦ
2364 5000 2537 5068 Λόγος
2566 5002 2633 5069 τῇ
2662 4998 2759 5067 τῆς
2784 4994 3037 5064 θεότητος
3062 4989 3314 5060 ἐνεργείᾳ.
3335 5003 3393 5041 τε
3418 4986 3512 5039 καὶ
3535 4985 3633 5051 φύ-

2057 5110 2141 5145 σει
2190 5089 2506 5161 παραδόξως
2532 5105 2592 5141 τε
2635 5088 2727 5140 καὶ⁸
2758 5084 2899 5156 ύπὲρ
2921 5083 3078 5150 λόγον
3108 5079 3332 5149 πληρῶν
3360 5077 3428 5131 τά
3453 5074 3631 5129 πάντα

2055 5185 2150 5239 καὶ
2194 5186 2308 5245 τοῖς
2354 5184 2524 5237 πᾶσιν
2563 5178 2869 5251 ἐπιδημῶν.
2940 5171 3070 5231 Εἶτα
3100 5170 3327 5244 ηπροῖὼν
3372 5169 3451 5240 τῷ
3488 5167 3632 5236 λόγῳ

2051 5276 2228 5331 ταῦτα
2275 5274 2438 5328 πάλιν
2480 5272 2680 5343 φησίν·
2743 5268 3106 5341 ’Δνθρὼπινον
3157 5264 3256 5335 μὲν
3287 5263 3347 5316 τὸ
3372 5259 3627 5317 τεθνάναι

2008 5391 2014 5399 ·
2053 5370 2245 5432 πάθος,
2282 5368 2569 5439 ἐνέργημα
2594 5367 2652 5419 δὲ
2700 5363 2887 5417 θεῖκὸν
2919 5357 3328 5414 τδοάναόιῶναι
3352 5371 3366 5385 ⁸
3413 5352 3627 5411 δεικνὺς

2051 5461 2087 5516 ἃ
2117 5461 2183 5515 δι’
2210 5462 2412 5531 ἀμφοῖν
2451 5459 2775 5529 γνωρίζεται
2803 5454 2926 5509 καθ’
2952 5455 3098 5526 ἡμᾶς
3123 5467 3185 5504 τε
3215 5449 3333 5519 ἅμα
3362 5447 3456 5500 καὶ
3486 5443 3626 5513 ὑπὲρ

2052 5555 2197 5625 ἡμᾶς
2231 5554 2305 5615 ὡς
2334 5553 2483 5615 Θεὸς.
2521 5551 2681 5620 Ὁρᾷς
2716 5551 2859 5611 ὅπως
2891 5549 2919 5599 ό
2946 5545 3237 5615 σεϐάσμιος
3267 5533 3420 5602 οὗτος
3442 5533 3628 5605 Πατὴρ
