3998 6146
449 238 584 304 1149

1846 234 2096 296 BULLA
2131 234 2412 298 AUREA.

3582 231 3721 299 1150

444 362 545 418 τὰς
562 353 673 408 τῶν
702 350 798 408 δύο
823 320 1037 424 φύσεων
1072 348 1355 421 ἐνεργείας
1389 350 1482 403 ἐπὶ
1508 348 1608 418 τῆς
1639 351 1771 417 μιᾶς
1796 349 2030 404 ὑποστά-

2134 353 2205 408 Et
2234 351 2398 423 paulo
2426 360 2540 422 post
2571 367 2589 406 :
2617 350 2852 416 Deinde,
2887 360 3120 422 propter
3164 364 3268 406 nos
3313 350 3481 406 homo
3512 349 3717 417 factus,

445 465 584 511 σεως
606 447 728 516 ἦτοι
749 444 845 501 τοῦ
867 444 986 509 ἑνὸς
1009 444 1303 517 προσώπου
1328 442 1569 514 Χριστοῦ
1589 441 1685 496 τοῦ
1709 441 1847 496 Θεοῦ
1869 442 2029 513 ήμῶν

447 536 816 611 παραδίδωσι;
880 538 989 591 Καὶ
1034 537 1165 607 μετ’
1207 535 1383 603 ὀλίγα
1408 549 1422 566 ο
1477 529 1614 588 Εἶτα
1656 532 1726 586 δι’
1754 533 1902 605 ἡμᾶς
1932 532 2027 586 ἄν·

380 650 385 656 ·
447 633 666 702 θρωπος
711 628 1009 700 γενόμενος
1069 627 1267 698 ὁρατὸς
1316 627 1408 680 καὶ
1442 625 1768 697 ψηλαφητδς
1796 625 2024 695 γέγονε·

447 724 541 778 καὶ
596 723 685 777 διὰ
731 721 842 775 τῶν
890 720 1052 774 θείων
1095 736 1155 773 τε
1205 719 1299 773 καὶ
1340 719 1697 791 ἀνθρωπίνων
1734 716 2029 790 ἐνεργειῶν

446 814 787 887 φανερωθεὶς
830 814 1096 885 ὑπάρχειν
1138 815 1197 866 ἐν
1235 811 1452 883 θεότητι
1492 812 1590 869 καὶ
1615 810 2022 885 ἀνθρωπότητι,

447 908 680 961 δέδωκεν
725 908 859 978 ἡμῖν
888 905 1183 976 γινώσκειν
1203 906 1288 959 ὅτι
1336 907 1395 958 ὲν
1414 903 1499 970 οἷς
1541 904 1812 974 ἐγνώσθη,
1836 904 1895 971 ἐξ
1928 904 2026 957 αύ-

448 1000 557 1053 τῶν
586 999 907 1053 συνίσταται
925 1016 941 1031 ο
967 997 1111 1052 οὕτω
1139 998 1251 1068 γὰρ
1271 998 1365 1052 καὶ
1382 999 1433 1051 οἰ
1464 997 1610 1068 ἆγιοι
1638 998 1884 1068 Πατέρες
1916 998 2027 1066 ἀμ-

451 1092 688 1164 φοτέρας
720 1090 822 1156 τὰς
852 1090 1036 1162 φωνὰς
1067 1088 1491 1162 ὁμολογοῦντες,
1522 1090 1771 1144 τουτέστι
1804 1091 1901 1144 καὶ
1929 1089 2030 1162 τὴν

449 1186 512 1238 ὲκ
549 1183 805 1254 θεότητος
855 1183 952 1237 καὶ
995 1181 1420 1254 ἀνθρωπότητος
1452 1182 1523 1237 δι’
1548 1182 1821 1254 ἑκατέρας
1847 1183 2030 1237 αὐτῶν

2134 445 2376 502 visibilis
2420 443 2841 515 tractabilisqne
2868 443 3051 500 factus
3079 453 3187 499 est.
3229 442 3485 514 Cumque
3515 441 3724 497 divinis

2137 550 2306 610 atque
2349 540 2610 595 humanis
2636 538 2942 594 virtutibus
2972 538 3029 594 in
3073 536 3370 593 divinitate
3418 550 3484 591 ac
3522 535 3723 591 huma-

2134 635 2309 690 nitate
2350 648 2475 688 esse
2505 633 2880 703 apparuisset,
2904 630 3068 686 nobis
3089 628 3539 700 cognoscendum
3568 627 3725 684 dedit

2134 736 2195 777 se
2234 736 2303 776 ex
2348 719 2487 789 ipsis
2539 719 2853 775 subsistere
2886 718 3094 789 quibus
3137 719 3452 790 patefactus
3493 724 3601 771 est.
3631 715 3725 772 Sic

2132 828 2267 884 ergo
2312 813 2488 867 sancti
2535 809 2728 865 Patres
2781 811 2880 866 has
2925 810 3117 867 ambas
3152 825 3320 866 voces
3372 807 3721 871 confitentes,

2134 920 2305 961 unam
2350 902 2568 959 scilicet
2598 900 2669 956 de
2710 901 2919 958 deitate
2945 913 3112 972 atque
3160 903 3393 958 alteram
3422 902 3492 957 de
3518 900 3720 955 huma—

2133 998 2329 1063 nitate,
2366 1012 2435 1052 ex
2463 1002 2703 1065 utraque
2732 993 3113 1050 inconcretam
3151 1004 3320 1065 atque
3371 993 3720 1049 individuam

2134 1087 2503 1144 (economiam
2557 1085 2745 1157 magni
2807 1084 2905 1140 Dei
2973 1084 3152 1139 nostri
3226 1084 3536 1140 Salvatoris
3572 1084 3722 1152 .Jesu

2134 1181 2341 1237 Christi
2401 1179 2652 1235 tradunt.

449 1282 510 1336 τδ
537 1280 844 1351 ἀσύγχυτόν
869 1297 930 1334 τε
973 1281 1067 1334 καί
1129 1279 1439 1352 ἀδιαίρετον
1471 1283 1605 1351 τῆςο
1635 1280 1955 1350 οἰκονομίας
1988 1278 2084 1332 τοῦ
2127 1278 2365 1349 μεγάλου
2413 1275 2553 1331 θεοῦ
2606 1275 2702 1330 καὶ
2746 1273 3001 1345 Σωτῆρος
3043 1273 3201 1344 ήμῶν
3252 1271 3432 1344 Ἰησοῦ
3478 1268 3720 1343 Χριστοῦ

452 1375 862 1448 παραδιδόασιν.

3379 1561 3711 1580 ——————-—-‘

451 1729 1270 1819 ΧΡΥΣΟΒΟΥΛΟΝ
1341 1729 1568 1817 ΤΟΥ
1639 1723 2194 1815 ΑΟΙΔΙΜΟΥ
2269 1722 2804 1812 ΒΑΣΙΛΕΩΣ
2876 1719 3708 1814 ΙΟΥΣΤΙΝΙΑΝΟΥ.

1093 1919 1135 1971 0
1172 1914 1574 1972 ΕΔΩΡΗΣΑΤΟ
1614 1915 1723 1968 ΕΙΣ
1768 1913 1907 1968 TON
1956 1911 2095 1965 ΤΟΥ
2139 1911 2302 1964 ΣῙΝΑ
2340 1908 2562 1964 ΟΡΟΥΣ
2603 1905 3035 1962 ΗΓΟΥΜΕΝΟΝ
3071 1909 3086 1939 ³

894 2224 1539 2315 DECRETUM
1620 2223 2506 2316 ILLUSTBISSIMI
2582 2219 3283 2315 JUSTINIANI

938 2408 941 2409 ν
1332 2420 1616 2483 DATUM
1665 2421 1775 2482 AD
1834 2418 2216 2481 ABBATEM
2268 2418 2575 2480 MONTIS
2620 2416 2858 2479 SINAI.

1375 2583 1787 2653 (TISCHBNDOBF,
1806 2582 2074 2639 Anecdota
2102 2598 2258 2638 sacra
2288 2591 2336 2636 et
2359 2583 2611 2656 profana,
2637 2598 2692 2653 p.
2725 2578 2838 2653 56.)

526 2881 585 2935 Ei
614 2882 673 2936 δὲ
700 2880 794 2934 καὶ
821 2878 1049 2953 ἀνδράσι
1086 2881 1202 2944 τοῖς
1230 2879 1556 2951 περιδεξίοις
1614 2882 1695 2944 εἰς
1732 2880 2030 2952 ὑπηρεσίαν

2210 2881 2267 2939 Si
2288 2881 2440 2936 viros
2468 2881 2563 2953 qui
2592 2881 2815 2953 regibus
2844 2880 3176 2952 adjuvandis
3198 2880 3363 2953 periti
3384 2888 3538 2948 sunt,
3557 2891 3725 2954 atque

453 2972 565 3026 τῶν
597 2972 863 3044 βασιλέων
893 2973 915 3003 ⁸
946 2971 1229 3042 ἀρχόντων
1272 2970 1801 3042 καταστρατηγῆσαι
1826 2972 1847 3002 ⁸
1876 2971 1909 3043 ἢ
1942 2970 2041 3024 πό-

454 3064 592 3116 λεων
619 3064 917 3133 διοικήσεις
952 3062 1363 3133 ἐγχειρισθῆναι
1412 3063 1445 3134 ἢ
1497 3062 1661 3126 λαοὺς
1694 3062 1968 3135 δδηγῆσαι
2002 3062 2037 3134 ἢ

456 3156 553 3208 καὶ
608 3154 723 3210 ἀλλ’
768 3152 1185 3209 ἄτταιτοιαῦτα
1232 3153 1255 3184 ⁸
1288 3152 1550 3224 πράττειν
1608 3152 1914 3222 δεδομένοις
1960 3151 2038 3223 τῷ

457 3243 647 3315 κράτει
674 3242 777 3311 τῆς
807 3242 918 3294 τῶν
939 3240 1222 3311 Ῥωμαίων
1251 3240 1430 3312 ἀρχῆς
1462 3240 1765 3310 φαινόμενα
1789 3242 2040 3311 χρήσιμα

452 3335 623 3407 τιμὴν
663 3336 952 3406 ἐπιμετρεῖ
1001 3334 1100 3406 τὴν
1144 3335 1533 3405 προσήκουσαν
1559 3333 1672 3386 τῶν
1727 3333 1990 3404 ὑπηκόων
2015 3334 2038 3365 ⁵

453 3432 570 3486 ὅσοι
627 3430 991 3501 εὐγνώμονες,
1029 3428 1412 3500 εἰσηγούμενοι
1445 3428 1647 3483 δίκαιοι
1697 3427 1766 3483 ἂν
1821 3423 2039 3482 dav-th

453 3520 554 3591 τῆς
581 3524 865 3595 ὑποθήκης
892 3522 1099 3577 τούτων
1134 3521 1355 3593 βλέπειν
1375 3521 1437 3575 τδ
1465 3521 1641 3593 πέρας
1670 3520 2038 3593 ὲπιδεχόμενα

453 3615 683 3686 ἀνδράσι
712 3618 928 3685 σεμνοῖς
957 3615 1053 3670 καί
1081 3613 1180 3685 βίῳ
1204 3614 1298 3667 καὶ
1327 3614 1515 3685 τρόπῳ
1537 3614 1632 3667 καὶ
1651 3612 1771 3682 Θεῷ
1804 3612 2036 3683 πλησιά-

453 3708 640 3772 ζουσιν
668 3709 711 3772 ⁸,
734 3708 834 3779 οὐχ
865 3708 967 3761 ὅσα
995 3707 1106 3761 τῶν
1136 3707 1279 3762 κατὰ
1299 3707 1367 3760 τὰ
1399 3706 1581 3772 ἐκτὸς,
1622 3705 2027 3770 συντεινόντων,

450 3800 592 3855 ἀλλὰ
622 3799 858 3871 κρείττω
904 3800 996 3857 καὶ
1026 3800 1108 3864 εἰς
1155 3799 1333 3871 ψυχὴν
1377 3799 1546 3870 αὐτὴν
1590 3797 2036 3870 παραπέμποντα

449 3894 550 3961 τὴν
593 3892 881 3961 ὠφέλειαν,
921 3891 1120 3962 μᾶλλον
1151 3893 1208 3946 δὲ
1259 3891 1366 3955 καὶ,
1399 3891 1559 3946 τοῦτο
1602 3894 1825 3947 κάκεῖνο
1874 3908 2034 3963 περι-

451 3983 753 4052 ποιούμενα
785 3982 997 4047 τούτοις
1042 3985 1108 4036 ἐκ
1148 3983 1248 4053 τῆς
1276 3981 1483 4036 ἄνωθεν
1509 3982 1690 4047 δεξιᾶς
1729 3981 2033 4051 προϐαλλο-

454 4075 625 4146 μένης
647 4078 761 4138 τοῖς
782 4075 1182 4147 αὐτοκράτορσι
1211 4089 1225 4104 ⁸
1250 4073 1370 4138 πῶς
1415 4075 1517 4128 οὐκ
1544 4074 1610 4129 διν
1638 4074 1724 4145 εἰη
1755 4072 1864 4127 τῶν
1898 4072 2033 4127 καθα

450 4167 695 4236 ηκόντων
742 4168 1019 4231 ὲπικλινὲς
1061 4167 1224 4221 ὠτίον
1269 4166 1557 4238 βραϐεύειν
1608 4167 1705 4220 καὶ
1750 4167 1830 4231 εἰς
1877 4152 2031 4232 τελος

419 4259 604 4349 ¹ἄγειν
641 4258 787 4331 ἅπερ
819 4260 1159 4331 αἰτήσαιντο.
1195 4258 1259 4312 Εἰ
1293 4237 1351 4313 δὲ
1382 4258 1478 4312 καὶ
1530 4257 1692 4323 ἄλλος
1727 4262 1795 4330 τῇ
1846 4259 2029 4330 δεήσει
2057 4237 2100 4295 c

446 4352 675 4419 τιμᾶται
716 4352 777 4404 τὸ
806 4349 1052 4418 εὔλογον,
1083 4351 1183 4421 οὐχ
1221 4351 1373 4414 ὅπως
1403 4349 1490 4403 διὰ
1516 4351 1618 4421 τὴν
1643 4350 1850 4405 τούτων
1872 4351 1892 4382 ⁷
1931 4368 2033 4404 πα-

448 4442 736 4513 ράκλησιν,
768 4442 882 4497 ἀλλ’
913 4443 1012 4515 ἤδη
1045 4445 1141 4498 καὶ
1182 4443 1305 4496 καθ’
1338 4442 1472 4496 αὐτὸ
1504 4442 1565 4496 τδ
1590 4443 1827 4513 πρᾶγμα
1856 4440 2026 4506 ἀξίως

447 4534 561 4605 ἔχει
590 4535 613 4567 ⁸
635 4535 911 4604 γενέσθαι,
943 4533 1245 4606 τηνικαῦτα
1274 4535 1367 4587 καὶ
1399 4533 1604 4604 μᾶλλον
1626 4536 1749 4595 ταῖς
1774 4535 2024 4606 αἰτήσεσι

444 4624 654 4680 τούτων
708 4627 1022 4680 ἐπαινετέον
1075 4627 1205 4690 τοὺς
1236 4626 1481 4689 ἄνακτας
1515 4625 1611 4679 καί
1661 4626 1970 4696 παρεκτέον
2001 4627 2022 4658 ⁹

444 4714 590 4788 ἅπερ
616 4717 876 4782 ἐθέλοιεν,
912 4716 977 4770 ἵν’
1006 4712 1117 4771 εἷεν
1145 4717 1207 4770 ού
1237 4716 1398 4788 μόνον
1424 4716 1628 4781 αὐτοῖς,
1665 4716 1804 4771 ἀλλὰ
1831 4717 1925 4770 καὶ
1948 4716 2025 4786 τῷ

443 4807 643 4879 δικαίῳ
665 4809 809 4863 κατὰ
838 4811 899 4863 τὸ
922 4810 1070 4873 εἰκὸς
1092 4810 1446 4881 χαριζόμενοι
1477 4810 1545 4863 ¹⁹.
1572 4808 1747 4863 Τοῦτο
1778 4810 1876 4864 καὶ
1900 4808 2026 4880 ἄρτι

441 4902 510 4971 τῇ
550 4898 798 4973 βασιλείᾳ
843 4918 945 4971 μου
974 4900 1241 4972 πάρεστιν
1296 4902 1424 4955 ἰδεῖν
1469 4900 1887 4972 ὲκτελούμενον.
1918 4901 2024 4954 δω-

447 4984 684 5068 ρουμένη
714 4998 829 5059 τοῖς
873 4997 932 5047 ὲν
957 4995 1036 5065 τῷ
1063 4995 1180 5065 ὄρει
1212 4997 1345 5049 Σινᾶ.
1372 4996 1544 5067 τιμὴν
1571 4996 1672 5065 τὴν
1701 4995 2027 5067 ὑπερτιμονο

439 5087 601 5141 τοῦτο
650 5088 749 5158 μὲν
793 5088 861 5142 δι’
890 5087 1103 5142 ἱκεσίαν
1141 5087 1210 5160 ἣν
1252 5088 1550 5161 ἐποιήσατο
1599 5089 1740 5160 πρὸς
1773 5088 1874 5158 ἐμὲ
1924 5089 1966 5119 ¹³
2001 5090 2030 5140 ὁ

2142 2973 2424 3030 exercitus
2447 2973 2654 3030 ducere
2672 3015 2686 3040 ,
2714 2973 2882 3029 urbes
2918 2972 3331 3039 administrare,
3368 2984 3564 3045 gentes
3591 2975 3731 3031 diri.

2141 3082 2292 3137 gere,
2327 3076 2385 3122 et
2412 3066 2686 3138 quidquid
2732 3065 3106 3122 Romanorum
3155 3066 3392 3136 imperio
3426 3068 3726 3123 utilitatem

2141 3159 2358 3223 afferat,
2388 3159 2617 3229 exsequi
2652 3159 2876 3223 callent,
2899 3159 3055 3229 justo
3078 3158 3291 3213 honore
3307 3168 3727 3229 prosequuntur

2141 3260 2415 3323 quotquot
2430 3251 2636 3306 civium
2653 3251 2799 3306 bene
2816 3250 3064 3306 sentiunt
3084 3249 3399 3321 :quomodo
3417 3250 3724 3321 principes,

2140 3346 2235 3417 qui
2264 3360 2492 3416 scopum
2522 3343 2883 3400 consiliorum
2918 3359 2949 3400 a
2978 3343 3114 3399 viris
3147 3343 3486 3399 venerandis
3512 3352 3571 3398 et
3606 3344 3731 3399 vita

2138 3453 2296 3508 aeque
2353 3452 2419 3493 ac
2477 3436 2726 3492 moribus
2797 3435 2912 3513 Deo
2982 3434 3261 3490 similibus
3328 3434 3723 3504 prodeuntium

2133 3528 2282 3600 justa
2318 3527 2476 3582 lance
2515 3525 2829 3595 ponderare
2879 3524 3112 3587 valent,
3158 3523 3526 3579 consiliorum
3548 3564 3564 3589 ,
3600 3539 3726 3594 quae

2137 3633 2251 3674 non
2276 3616 2345 3672 ad
2397 3615 2673 3671 exteriora
2704 3622 2977 3685 spectant.
3019 3613 3116 3670 sed
3158 3614 3549 3684 praestantiora
3597 3629 3725 3675 sunt

2135 3717 2194 3766 et
2239 3709 2437 3765 animae
2480 3707 2586 3780 ipsi
2632 3714 2890 3777 prosunt,
2949 3707 3062 3762 imo
3108 3724 3282 3764 unum
3342 3717 3401 3764 et
3462 3710 3723 3776 alterum,

2133 3802 2353 3857 favente
2411 3799 2661 3871 potentia
2707 3798 2915 3864 divina,
2958 3807 3245 3869 praestant,
3298 3800 3602 3870 quomodo,
3634 3801 3723 3855 in-

2135 3908 2323 3963 quam,
2342 3907 2451 3946 non
2478 3890 2676 3947 deceat
2697 3905 2880 3962 reges,
2919 3890 3136 3947 facilem
3169 3893 3420 3962 praebere
3443 3908 3636 3947 aurem
3666 3902 3725 3948 et

2134 4000 2258 4056 qua
2310 3994 2575 4055 petuntur
2623 3983 2694 4039 ad
2742 3985 2909 4039 ﬁnem
2962 3984 3320 4055 perducere?
3365 3985 3639 4042 Cmterum
3673 3988 3722 4041 si

2134 4076 2217 4132 rei
2244 4076 2405 4131 bonae
2447 4077 2628 4148 majus
2653 4077 2929 4132 accrescit
2966 4078 3209 4146 pretium
3244 4093 3274 4131 a
3302 4077 3581 4148 precibus,
3609 4091 3739 4131 non.

2135 4167 2267 4237 quia
2302 4166 2379 4220 illi
2406 4166 2694 4236 petierint,
2728 4165 2825 4222 sed
2857 4166 3007 4236 quod
3042 4182 3132 4221 res
3168 4183 3267 4236 per
3294 4182 3352 4221 se
3374 4174 3620 4236 spectata
3650 4167 3720 4222 ad

2133 4258 2395 4314 eﬁectum
2428 4257 2656 4327 perduci
2709 4267 3012 4323 mereatur,
3065 4259 3241 4313 multo
3271 4259 3460 4328 potius
3505 4259 3719 4330 princi-

2135 4366 2266 4421 pum
2287 4358 2393 4415 est,
2417 4350 2680 4420 precibus
2716 4350 2940 4405 illorum
2970 4350 3240 4406 accedere
3262 4359 3317 4405 et
3332 4367 3457 4421 quae
3485 4367 3720 4422 rogave-

2135 4426 2250 4500 rint
2275 4452 2562 4515 praestare,
2600 4453 2663 4500 ut
2689 4459 2799 4499 non
2834 4443 2999 4500 modo
3021 4445 3153 4509 illis,
3180 4444 3278 4500 sed
3307 4444 3475 4499 etiam
3489 4445 3721 4517 justitiae

2129 4536 2492 4592 satisfaciant.
2553 4536 2672 4592 Hoc
2712 4551 2864 4591 nunc
2910 4536 3047 4591 mihi
3096 4536 3370 4606 contingit
3418 4537 3609 4593 videre
3642 4536 3722 4592 fa-

2129 4642 2303 4695 ctum,
2342 4631 2474 4687 dum
2505 4630 2778 4701 insignem
2816 4631 3020 4687 montis
3046 4630 3194 4687 Sinae
3224 4630 3425 4686 incolis
3446 4631 3718 4687 honorem

2134 4717 2344 4782 tribuo,
2390 4717 2725 4773 sanctissimi
2762 4734 2827 4775 ac
2869 4735 3085 4775 summe
3115 4719 3416 4775 venerandi
3440 4730 3725 4790 metropoo

2130 4811 2243 4866 lita:
2289 4801 2649 4865 Ptolemaidis
2675 4811 2938 4880 precibus
2964 4819 3273 4881 permotus.
3294 4811 3550 4883 Iniquum
3569 4812 3717 4868 enim

2131 4903 2358 4957 omnino
2387 4903 2602 4967 censui,
2646 4902 2793 4973 justa
2828 4903 3042 4972 petenti
3071 4903 3217 4958 haud
3248 4903 3441 4959 faciles
3468 4903 3720 4974 praebere

2129 5011 2313 5059 aures,
2362 5004 2460 5050 aut
2511 4994 2788 5066 denegare
2841 5010 2964 5066 quae
3008 4997 3160 5067 justo
3194 4994 3462 5050 damnum
3509 4988 3717 5052 alferre

2127 5088 2486 5149 videbantur.
2545 5089 2815 5143 Praeterea
2860 5103 3018 5143 mons
3060 5088 3176 5153 ille,
3215 5105 3284 5144 ex
3329 5105 3455 5145 mea
3490 5089 3716 5160 quidem

1712 5202 1951 5259 VARUE
1995 5202 2406 5259 LECTIONES.

515 5294 529 5377 ξ
561 5292 696 5377 Cod:
732 5295 928 5377 llresd:
961 5296 1219 5377 Ὀρισμδς
1246 5295 1342 5349 τοῦ
1369 5296 1636 5377 βασιλέως
1665 5297 2103 5377 -Ίουστινιανοῦν
2126 5298 2185 5351 ὃν
2236 5300 2494 5377 ἐποίησεν
2528 5298 2617 5377 διᾲ
2669 5298 2730 5377 re
2791 5298 3322 5377 0§06d5t330‘l"6pqc_
3366 5297 3428 5352 τὸ
3478 5296 3713 5377 Σίναρον,

437 5361 567 5440 :lta
592 5364 714 5440 cod.
747 5366 942 5430 Dresd,
969 5381 1005 5440 a_
1024 5361 1391 5440 priina_m_anu
1420 5368 1591 5440 ;_cod.i
1617 5368 1789 5440 Lips.
1811 5376 1867 5423 et
1897 5361 2178 5440 corrector
2200 5361 2407 5424 codicis
2437 5369 2629 5440 Dresd.
2684 5371 2763 5440 εἰς
2811 5369 3106 5440 ὑπηρετῶν
3123 5361 3422 5440 βασιλέων.

3527 5364 3547 5397 ⁸
3574 5364 3711 5421 Cod.

438 5431 630 5516 Presd.
659 5431 1134 5516 καταστρατῆσαι.
1213 5437 1233 5467 ’⁵
1260 5436 1618 5516 Ουρίε-ῡςρεεί.
1647 5431 1849 5516 {alia
1878 5440 1948 5516 “car
1967 5438 2204 5516 50mins
2227 5446 2461 5516 ;_p_(_)st_ca
2498 5438 2642 5493 idem
2675 5431 2953 5516 δεομένρίς
2985 5454 3087 5516 pro
3115 5431 3442 5516 δεδομένοις.
3521 5436 3543 5467 ⁸

438 5500 630 5576 ptesd.
662 5521 774 5559 om.
808 5500 917 5557 τῶν
945 5500 1224 5576 ὑπηκόων.

436 5571 458 5601 ⁸
494 5574 647 5630 Ἔκει
676 5571 1174 5649 ο-ἰιιιῄὶὶι·εξ‹]..ἠοη
1221 5577 1388 5632 habet
1430 5579 1576 5649 Lips.

437 5659 625 5712 μενον.
701 5645 747 5678 “‘
774 5646 909 5702 Cod.
940 5647 1131 5702 Dresd.
1162 5650 1292 5717 πρός
1327 5666 1415 5718 με.

1335 5510 1354 5539 ⁶
1383 5508 1521 5564 Cod.
1562 5507 1709 5579 Lips.
1734 5507 2134 5579 πλησιάζουσι.

1684 5580 1702 5610 ⁹
1731 5578 1806 5633 lia
1859 5579 2008 5647 Lips.
2059 5577 2256 5643 habet;
2292 5579 2486 5634 Dresd.
2532 5578 2823 5649 παρητέςν.

2244 5504 2515 5561 ⁷”Ι“ούτων
2574 5524 2641 5562 ex
2683 5504 2807 5563 cod.
2861 5504 3058 5564 Dresd.
3122 5504 3249 5572 est;
3288 5506 3440 5574 Lips.
3482 5504 3706 5565 omittit.

2928 5579 2970 5609 ¹⁰
3001 5577 3240 5646 Uterque
3283 5576 3456 5631 codex
3489 5574 3704 5646 χαριξόο
