3998 6146
406 247 550 342 1159
1744 265 1985 329 AGAPE

2113 267 2386 330 DIACON
2395 268 2421 329 Ι
2592 326 2597 329 Α
3545 271 3570 337 1
3586 273 3692 338 160

401 390 720 456 Phalaride,
768 391 1012 461 Agapeto
1057 394 1110 442 et
1147 384 1349 440 Basilio
1398 382 1718 455 Macedone.
1771 381 1966 437 Eidem
2016 380 2392 437 Hendreichio
2442 390 2816 438 memorantur
2857 397 3083 455 quoque
3140 384 3378 443 Andreae
3419 387 3688 446 Werneri

404 483 524 555 (qui
579 481 772 538 Latine
819 479 1007 540 vertit,
1064 476 1313 547 Magdeb.
1367 475 1420 536 8.
1496 475 1579 528 uti
1628 474 1800 530 etiam
1852 475 2051 529 Petrus
2101 474 2403 545 Bizarrus),
2452 475 2690 531 Conradi
2734 477 3119 545 Rittershusii,
3169 479 3321 545 Lips.
3374 482 3534 550 1611,
3584 487 3681 542 12.

402 578 486 633 Jo.
518 577 789 640 Bercovii,
818 583 875 631 et
904 572 1128 629 Ilénrici
1160 570 1390 627 Kitschii
1421 569 1696 626 editiones
1730 569 1880 639 Lips.
1917 569 2077 635 1615,
2105 570 2138 623 4
2161 567 2237 641 [a.
2267 560 2425 633 16l0,
2453 572 2507 622 Δ.
2542 585 2631 641 ap.
2675 570 2949 641 Adelung.
2982 572 3022 625 I.
3056 571 3159 645 c.].

366 710 369 717 ,
478 670 761 741 Expositio
789 666 1045 736 capitum
1081 663 1564 735 paraenetieorum,
1594 676 1721 717 cum
1761 660 1907 715 notis
1949 658 2216 730 Stephani
2237 660 2600 731 Schmningii,
2638 661 3014 726 Franeekerae,
3046 664 3207 730 1608,
3240 666 3317 731 8.,
3348 682 3473 724 cum
3494 672 3680 728 sancti

403 754 509 818 Nili
540 758 1016 816 admonitionibus
1044 764 1101 811 et
1128 755 1315 810 libello
1336 755 1413 809 De
1447 753 1768 818 virtutibus,
1803 753 1899 822 qui
1922 752 2212 807 Aristoteli
2242 752 2509 807 tribuitur
2538 752 2674 825 [rec.
2706 754 2938 818 Gérlitz,
2971 755 3136 820 1679,
3164 755 3244 829 8].

344 897 352 924 ί,
469 851 605 908 Cum
637 851 892 906 versione
939 841 1169 918 duplici,
1197 846 1705 911 dissertationibus,
1744 845 2035 916 exemplis,
2080 846 2483 915 quaestionibus
2527 862 2628 917 per
2664 847 2964 918 Georgium
3016 849 3347 916 Draudium,
3407 852 3669 915 Francol'.
3763 902 3767 905 .

402 950 561 1015 1615,
592 949 668 1017 4;
696 957 753 1002 et
792 946 954 1010 1659,
986 948 1039 1001 4.

468 1043 531 1098 In
560 1040 826 1098 Auctario
856 1037 1215 1092 Bibliotheca;
1232 1035 1460 1091 Patrum
1488 1035 1782 1099 Ducatano,
1816 1034 1991 1090 Paris.
2016 1034 2179 1101 1624,
2214 1033 2308 1089 fol.
2328 1040 2461 1088 tom.
2492 1033 2562 1098 ll,
2586 1048 2710 1105 pag.
2743 1033 2882 1102 562;
2912 1044 2969 1089 et
2994 1046 3125 1091 tom.
3147 1036 3245 1093 XII
3274 1038 3414 1094 Bibl.
3447 1041 3675 1097 Patrum

398 1136 758 1200 Morellianae,
787 1134 963 1189 Paris.
1002 1132 1160 1196 1644,
1202 1147 1259 1202 p.
1282 1130 1409 1186 607.

468 1226 697 1297 Agapeti
738 1222 951 1278 Scheda
982 1220 1133 1291 regia
1176 1230 1233 1274 et
1257 1218 1442 1274 Basilii
1479 1218 1796 1275 Macedonis
1824 1218 2241 1275 adhortationes
2282 1219 2350 1275 ad
2399 1219 2639 1276 Leonem
2675 1216 2872 1283 lilium,
2912 1236 3039 1275 cum
3100 1223 3356 1280 versione
3393 1227 3672 1283 recensita

399 1337 430 1374 a
460 1316 783 1375 Bernhardo
824 1312 1050 1377 Damke,
1084 1309 1510 1379 Hamburgensi,
1560 1308 1765 1365 additis
1793 1310 1915 1381 ejus
1948 1310 2097 1363 notis
2140 1308 2248 1381 [sat
2290 1306 2579 1378 copiosis],
2608 1306 2777 1362 Basil.
2811 1308 2969 1374 1655,
3019 1308 3054 1362 8
3091 1307 3249 1381 [usus
3318 1328 3540 1384 quoque
3581 1325 3672 1370 est

400 1407 939 1576 edAgtggil-Stigji
993 1475 1142 1567 régia
1192 1503 1481 1565 repurgata
1531 1495 1746 1550 mendis
1791 1506 1847 1552 et
1882 1496 2173 1565 explanata
2205 1509 2236 1549 a
2281 1495 2343 1550 P.
2371 1493 2600 1550 Guerin.
2652 1495 2830 1550 Paris.
2876 1494 3036 1551 1655.
3068 1497 3122 1552 8.
3164 1497 3323 1554 Fssn.
3374 1498 3669 1574 Inscriptio

399 1603 457 1657 in
486 1602 698 1656 Bﬁnau.
730 1597 904 1653 Calal.
947 1603 1082 1649 tom.
1120 1593 1210 1659 III,
1253 1592 1363 1646 vol.
1404 1592 1448 1657 I,
1492 1607 1616 1663 pag.
1659 1592 1749 1658 99,
1789 1601 1911 1648 est:
1949 1592 1978 1646 Α

2089 1592 2176 1646 teti
2227 1592 2420 1662 Capita
2450 1592 2819 1646 admonitoria
2856 1608 3021 1658 1.xxn,
3056 1594 3123 1647 ad
3169 1595 3463 1651 JuStinian.
3507 1599 3668 1669 imp.,

399 1698 496 1753 Gr.
537 1707 595 1753 et
631 1695 749 1751 Lat.
792 1709 858 1748 ex
888 1688 1233 1747 correctione
1265 1697 1322 1742 et
1354 1703 1482 1743 cum
1509 1688 1895 1759 explanatione
1936 1688 1997 1742 P.
2034 1687 2264 1744 Guerin.
2298 1688 2473 1743 Paris.
2504 1688 2633 1743 Seb.
2658 1686 2963 1759 Cramoisy,
3005 1690 3166 1752 1655,
3202 1694 3256 1747 8,

468 1814 539 1825 -
565 1782 849 1854 Expositio
888 1778 1256 1836 admonitoria
1290 1794 1415 1832 cum
1470 1779 1858 1849 explanatione
1897 1777 2156 1834 familiari
2195 1794 2393 1834 vocum
2439 1779 2714 1845 omnium,
2748 1790 2863 1834 aut.
2889 1780 3053 1835 Guid.
3113 1781 3436 1851 Britonello,
3485 1786 3663 1842 Paris.

399 1880 560 1945 1654,
600 1879 636 1933 8
664 1877 955 1949 (Adelung.
983 1891 1049 1929 ex
1078 1873 1215 1928 bibl.
1248 1873 1417 1943 Regia
1456 1871 1683 1944 Paris.).

468 1970 740 2025 Maittaire
781 1968 836 2022 in
874 1967 939 2021 A.
995 1966 1060 2019 Τ.
1114 1965 1171 2020 in
1206 1964 1378 2018 Indic.
1424 1979 1478 2033 p.
1518 1964 1606 2028 14,
1662 1964 1797 2018 citat
1840 1962 2005 2017 aliam
2051 1961 2188 2018 edit.
2216 1962 2466 2033 'Agapeti
2514 1962 2798 2034 Expositio
2837 1965 3227 2032 admonitoria,
3264 1965 3360 2022 Gr.
3383 1983 3509 2024 cum
3540 1967 3662 2025 Lat.

393 2066 647 2120 versione
677 2071 733 2118 et
771 2061 1158 2132 explanatione
1192 2057 1357 2114 Guid.
1398 2057 1715 2121 Britonelli,
1759 2067 1868 2112 etc.
1910 2056 2088 2112 Paris.
2127 2073 2215 2127 ap.
2238 2056 2325 2112 Jo.
2367 2056 2601 2123 Libert.,
2639 2059 2798 2119 1659.
2832 2061 2884 2113 8.
2914 2060 3080 2114 HABL.

466 2155 604 2210 Cum
644 2154 793 2209 notis
819 2153 934 2207 Jac.
967 2146 1264 2215 Brunonis,
1303 2160 1360 2203 et
1390 2147 1510 2213 ﬁlii,
1541 2148 1655 2203 Jac.
1681 2148 1958 2203 Pancratii
1990 2147 2290 2212 Brunonis,
2328 2148 2528 2218 Lipsite
2563 2158 2620 2204 et
2648 2149 2897 2205 Norimb.
2936 2150 3093 2218 1669,
3126 2152 3178 2205 8.
3208 2149 3291 2222 [Υ.
3322 2167 3445 2222 quae
3473 2150 3660 2207 notavi

393 2250 450 2306 in
473 2247 683 2303 Introd.
716 2246 769 2300 in
802 2245 942 2300 Hist.
975 2244 1014 2298 l.
1048 2242 1144 2298 Gr.
1181 2243 1250 2307 II,
1290 2252 1433 2312 part.
1477 2258 1513 2309 t,
1554 2257 1679 2313 pag.
1711 2240 1862 2313 406.]

462 2337 739 2394 Brunonis
782 2336 919 2391 edit.
956 2333 1207 2404 repetita
1245 2342 1327 2388 est
1376 2341 1431 2387 et
1474 2341 1634 2388 aucta
1676 2333 1733 2387 in
1785 2348 1904 2403 seq.
1957 2332 2247 2388 editione:
2296 2333 2524 2404 Agapeti
2586 2333 2859 2390 Schedam
2901 2335 3106 2407 regiam
3156 2347 3557 2407 praeceptorum
3589 2334 3660 2390 de

392 2432 576 2488 ol‘llcio
604 2429 735 2486 boni
762 2428 1029 2498 principis
1058 2427 1125 2480 ad
1168 2426 1553 2497 imperatorem
1593 2425 1894 2480 Justinian.
1942 2426 2249 2491 recensuit,
2296 2427 2446 2481 notis
2494 2426 2609 2482 Jac.
2647 2434 2704 2481 et
2745 2427 2863 2483 Jac.
2914 2428 3170 2484 Pancrat.
3223 2429 3566 2496 Brunonum,
3597 2440 3657 2486 et

392 2522 531 2584 suis,
562 2519 953 2589 iudicibusque
989 2515 1251 2571 instruxit
1281 2515 1366 2571 Jo.
1394 2514 1689 2585 Augustin.
1719 2513 2051 2570 Grmbelius.
2087 2514 2239 2586 Lips.
2271 2515 2357 2570 Jo.
2379 2514 2520 2571 Chr.
2564 2516 2808 2582 Martini,
2851 2518 3011 2584 1735,
3044 2519 3098 2574 8.
3136 2520 3303 2576 ΒΑΜ..

1648 2628 1871 2699 Agapeti
1902 2629 2152 2682 editiones
2183 2628 2408 2686 Latina.

462 2753 624 2826 Apud
661 2752 980 2812 Baronium,
1011 2749 1081 2804 ad
1110 2763 1161 2803 a.
1190 2746 1253 2803 C.
1286 2747 1411 2813 527,
1438 2763 1495 2800 η.
1523 2747 1556 2800 4
1596 2761 1715 2817 seq.

461 2848 523 2902 In
569 2844 888 2900 Bibliotheca
925 2841 1174 2904 Patrum,
1232 2840 1408 2896 Paris.
1455 2840 1612 2905 1575,
1664 2840 1823 2906 1624,
1858 2848 1995 2896 tom.
2039 2841 2107 2908 II,
2141 2858 2197 2913 p.
2227 2843 2353 2912 563,
2399 2853 2565 2916 atque
2606 2846 2665 2902 in
2704 2846 2828 2903 aliis
2853 2847 3193 2907 editionibus
3217 2847 3643 2917 Parisiensibus,

391 2936 732 3001 Coloniensi,
763 2946 821 2991 et
848 2934 1089 3004 denique
1121 2933 1175 2988 in
1202 2932 1557 3003 Lugdunensi
1595 2941 1744 2987 tomo
1767 2933 1862 2988 IX.
2478 2982 2485 2989 .

461 3029 541 3083 Ex
569 3027 767 3082 Albani
792 3024 982 3080 Torini
1002 3022 1256 3078 versione
1288 3021 1455 3077 Basil.
1484 3021 1642 3083 1541,
1667 3022 1721 3086 8,
1765 3022 1835 3076 ad
1863 3021 2073 3077 calcem
2097 3019 2433 3090 Onosandri,
2469 3024 2615 3095 apud
2644 3024 2939 3083 Robertum
2964 3028 3196 3086 Winter.

462 3124 543 3178 Ex
567 3120 897 3192 Metaphrasi
933 3119 1157 3175 heroica
1180 3117 1424 3172 Menradi
1444 3116 1721 3184 Moltheri,
1754 3117 2050 3188 Hagenoae,
2078 3117 2240 3178 1527,
2265 3116 2321 3171 8.

462 3222 543 3276 Ex
580 3219 836 3274 versione
867 3225 925 3272 et
949 3231 1074 3271 cum
1101 3213 1331 3269 scholiis
1358 3213 1551 3268 Jacobi
1583 3212 1856 3284 Huggelii,
1884 3204 2169 3283 Mulhusii,
2192 3212 2351 3278 1560,
2375 3211 2429 3268 8.

340 3320 343 3321 ⁷
463 3317 543 3371 Ex
578 3316 835 3370 versione
861 3311 1053 3368 Joach.
1091 3309 1311 3372 Axonii,
1342 3308 1625 3373 Graviani,
1657 3310 1941 3378 Antwerp.
1983 3309 2142 3375 1561,
2174 3308 2228 3363 8.

464 3409 612 3465 Halm
646 3407 773 3463 Sax.
809 3405 967 3470 1595,
998 3403 1052 3471 8,
1083 3403 1151 3458 ad
1188 3403 1272 3458 Jo.
1301 3402 1739 3473 Sigismundum,
1763 3403 2142 3459 marchionem
2179 3403 2751 3476 Brandenburgieum,
2788 3405 2976 3462 studio
3004 3407 3090 3464 Jo.
3121 3407 3347 3475 Olearii,
3378 3408 3652 3482 adiunctis

392 3502 669 3575 capitibus
703 3499 1036 3570 Augustanae
1066 3494 1304 3551 confess.
1339 3504 1395 3549 et
1425 3495 1553 3549 libri
1588 3493 1930 3550 Concordiae.

461 3593 809 3667 Apborismis
853 3607 997 3647 Lxxn
1029 3590 1389 3645 distributum
1434 3589 1647 3643 Latinis
1701 3590 1960 3645 versibus
1991 3590 2164 3662 elegis
2194 3590 2438 3646 reddidit
2472 3590 2590 3646 Edo
2635 3592 2978 3662 Neuhusius,
3010 3593 3462 3664 Steinl'urtianus,
3494 3598 3653 3666 1603,

390 3681 646 3749 Francol‘.
674 3692 707 3747 8
732 3708 746 3757 ;
780 3705 906 3743 cum
928 3687 1147 3743 Ottonis
1168 3686 1464 3742 Casmanni
1494 3685 1800 3757 Systemate
1834 3686 2104 3742 doctrinae
2131 3686 2369 3758 vitaeque
2405 3689 2664 3759 politicae.

1517 3802 1762 3871 Galliam,
1786 3804 2109 3876 Hispanicae,
2138 3804 2485 3862 Germanicae.

460 3926 692 3988 Gallice,
721 3939 751 3978 a
785 3924 998 3979 Joanne
1043 3921 1219 3986 Picot,
1268 3919 1446 3974 Paris.
1486 3919 1643 3981 1565,
1686 3920 1741 3974 8.
1780 3918 1923 3975 Hinc
1967 3920 2036 3975 ab
2068 3920 2407 3990 Hieronymo
2454 3921 2868 3991 Beneventano,
2898 3924 3033 3981 ibid.
3063 3925 3114 3980 8.
3161 3925 3299 3980 Tum
3341 3927 3654 3998 Pardulpho

390 4015 613 4075 Prateio
662 4014 1002 4083 interprete,
1038 4010 1214 4080 Lugd.
1272 4008 1431 4073 1570,
1463 4008 1516 4061 8.
1573 4007 1754 4078 Atque
1789 4024 1860 4063 ex
1911 4009 2174 4065 versione
2221 4009 2487 4066 Ludovici
2548 4012 2705 4076 XIII,
2770 4015 2958 4071 Gallias
3011 4017 3177 4087 regis.
3239 4017 3337 4073 Les
3394 4029 3656 4091 preceptes

390 4112 713 4180 d‘Agapetus
747 4125 777 4162 a
807 4105 1073 4159 Justinien
1102 4144 1116 4171 ,
1155 4120 1249 4159 sur
1297 4118 1399 4156 une
1451 4104 1659 4157 version
1682 4103 1906 4170 Latine,
1936 4122 2039 4177 par
2079 4105 2128 4159 le
2166 4108 2246 4160 rei
2282 4106 2442 4161 Louis
2486 4106 2641 4174 XIII,
2682 4125 2748 4164 en
2779 4127 2863 4165 ses
2906 4110 3081 4177 tepens
3110 4115 3427 4169 ordinat'res.
3473 4116 3651 4173 Paris.

397 4206 554 4269 1612,
602 4204 655 4258 8.

463 4298 790 4370 Hispanico,
842 4311 945 4367 per
975 4293 1440 4399 Cliristophorum
1492 4295 1786 4366 Mosquera
1837 4296 1906 4352 de
1954 4296 2245 4368 Figueroa.
2297 4297 2518 4354 Madrit.
2566 4299 2740 4366 1596,
2788 4301 2842 4356 4.
2886 4299 3082 4373 Regius
3124 4319 3265 4374 para
3306 4303 3384 4357 los
3428 4319 3529 4373 que
3564 4319 3658 4374 go-

388 4411 804 4545 maxime,
841 4479 1081 4534 Martino
1110 4478 1338 4533 Mollero
1394 4477 1695 4548 interprete
1719 4520 1734 4545 ,
1786 4478 2004 4534 Gorlitii
2030 4520 2045 4545 ,
2098 4477 2237 4534 1590
2279 4478 2418 4551 [alii,
2448 4478 2636 4553 1594],
2670 4480 2921 4547 1605,.8.
2953 4483 3022 4537 Et
3055 4497 3121 4537 ex
3151 4483 3408 4538 versione
3448 4482 3657 4538 Nicolai

384 4574 609 4645 Glajeri,
643 4572 827 4626 Brem.
867 4570 1023 4637 1619,
1052 4571 1122 4637 4;
1152 4585 1278 4626 cum
1314 4569 1482 4624 laude
1506 4571 1823 4640 philomela:
1861 4578 1918 4625 et
1948 4570 2196 4627 Luciano
2237 4570 2306 4627 de
2343 4565 2617 4627 calumnia
2649 4588 2713 4628 ac
2748 4575 2932 4629 tabula
2969 4573 3210 4630 Cebetis.
3240 4574 3402 4628 FABR.
3446 4575 3661 4645 Regen-

387 4677 479 4722 tcn
514 4665 805 4726 Bﬁchlein,
832 4662 1202 4732 Wittenberg.
1237 4661 1390 4726 I530,
1415 4663 1470 4717 4.
1502 4662 1764 4718 Praefatio
1782 4671 2064 4718 auctorem
2096 4663 2265 4719 habet
2285 4662 2406 4719 Nic.
2438 4663 2772 4718 Krumbaeh.
2800 4664 2958 4721 Conf.
2987 4664 3231 4736 Beitrdge
3256 4682 3355 4719 zur
3379 4665 3658 4720 kritischcn

386 4759 620 4815 Historia
648 4756 743 4809 der
772 4755 1055 4809 deutschen
1089 4753 1349 4825 Sprache,
1377 4764 1509 4818 etc.,
1546 4764 1688 4824 part.
1717 4772 1772 4818 x,
1806 4770 1928 4825 pag.
1953 4754 2055 4809 201
2085 4769 2202 4824 seq.
2234 4763 2289 4809 et
2325 4754 2395 4810 de
2431 4755 2535 4809 hac
2561 4755 2798 4825 aliisque
2848 4756 3082 4826 interpr.
3128 4771 3376 4826 german.
3423 4756 3537 4811 vid.
3584 4754 3656 4810 cl.

383 4853 567 4919 Degen
600 4848 656 4903 in
688 4846 988 4901 Litteratur
1013 4846 1108 4900 der
1134 4845 1415 4899 deutschen
1446 4845 1742 4900 L’ebersetz.
1771 4846 1864 4900 der
1892 4845 2167 4909 Griechen,
2196 4855 2332 4900 tom.
2373 4846 2417 4910 I,
2445 4861 2569 4916 pag.
2602 4844 2672 4900 48
2711 4861 2865 4916 seqq.
2908 4846 3058 4902 Idem
3086 4847 3143 4901 in
3172 4846 3445 4919 Nachtrag
3468 4864 3535 4900 zu
3565 4847 3657 4900 der

385 4942 704 5006 Litteratur,
736 4948 844 4995 etc.
883 4939 1109 5008 Erlang.
1140 4937 1300 5000 1801,
1337 4936 1391 4999 8,
1419 4951 1474 5004 p.
1505 4936 1573 4991 15
1609 4936 1691 5006 (ιιι
1715 4936 1825 5007 jam
1862 4953 2028 5006 supra
2059 4936 2298 5008 monui),
2338 4945 2591 4992 recenset
2614 4937 2926 4993 versionem
2964 4954 3210 5010 germani.
3242 4939 3300 4994 in
3335 4938 3659 4995 Griechische

384 5026 790 5102 Sprachi'tbung,
825 5038 961 5096 etc.,
991 5027 1229 5084 Céthen.
1272 5026 1430 5090 1620,
1463 5025 1517 5080 8.
1550 5055 1621 5065 —
1650 5026 1709 5079 In
1743 5025 1964 5081 Memor.
1997 5027 2318 5097 Beitrdgen,‘
2343 5034 2452 5082 etc.
2484 5026 2659 5083 altera
2704 5027 2813 5097 (vel
2843 5029 3029 5099 potius
3056 5028 3245 5099 tertia)
3274 5031 3412 5087 edit.
3450 5031 3660 5088 Molleri

382 5126 627 5182 version.
654 5142 827 5196 germ.
861 5141 989 5181 cum
1020 5133 1169 5180 textu
1206 5123 1397 5178 Graeco
1427 5131 1483 5177 et
1512 5122 1706 5176 Latina
1743 5122 2092 5194 interpretat.
2127 5123 2424 5194 Agapetus,
2454 5123 2512 5177 h.
2546 5140 2597 5179 e.
2642 5124 3155 5199 Regentenbtichlein
3182 5167 3197 5192 ,
3224 5136 3358 5195 etc.,
3386 5130 3659 5200 prodiisse

382 5222 611 5288 dicitur,
651 5222 812 5287 1648,
867 5222 922 5274 8.
958 5251 1029 5261 ——
1062 5220 1146 5274 Ab
1181 5234 1457 5290 anonymo
1489 5218 1751 5275 German.
1782 5236 1978 5275 versus
2012 5230 2098 5276 est
2127 5218 2371 5286 libellus,
2410 5220 2667 5277 Francof.
2697 5232 2754 5277 et
2779 5221 2930 5292 Lips.
2966 5222 3128 5290 1782,
3160 5224 3213 5278 8.

452 5318 684 5391 Anglice
739 5333 939 5374 versus
977 5325 1062 5371 est
1106 5316 1330 5371 libellus
1374 5331 1405 5369 a
1449 5316 1652 5370 Thom.
1697 5316 1942 5387 Paynell.
1988 5317 2367 5389 Londini,ap.
2412 5318 2610 5373 Thom.
2643 5319 2943 5375 Berthelct.
2976 5320 3067 5385 12,
3098 5321 3219 5377 sine
3238 5322 3380 5377 .asmi
3411 5331 3560 5378 nota.
3587 5352 3657 5364 —

380 5412 752 5468 Introduction
792 5421 844 5466 to
914 5411 1206 5483 wifedome,
1236 5408 1439 5464 Banket
1484 5411 1546 5481 of
1577 5410 1859 5482 Sapience,
1888 5413 1995 5465 and
2024 5421 2262 5484 precepts
2288 5413 2350 5485 of
2376 5412 2666 5485 Agapetus.
2711 5414 2953 5480 London,
3002 5414 3216 5487 printed
3262 5418 3349 5488 for
3389 5419 3658 5482 Abraham

384 5506 561 5572 Veale,
598 5505 719 5560 sine
742 5505 870 5558 anni
907 5503 1141 5567 indicio,
1171 5504 1259 5558 16.
1283 5513 1404 5560 —et
1423 5504 1593 5559 Lond.
1625 5505 1678 5558 in
1703 5503 2015 5559 Fletestrete
2044 5507 2100 5558 in
2132 5506 2217 5561 the
2242 5507 2404 5561 house
2432 5507 2494 5576 of
2505 5505 2685 5561 Thom.
2719 5504 3005 5572 Berthelet,
3038 5506 3197 5572 1530,
3223 5507 3450 5564 12.—-V.
3484 5506 3660 5579 Brig-

379 5609 637 5665 gemann,
664 5593 804 5657 Viw,
839 5601 971 5657 etc.,
1006 5608 1062 5663 p.
1104 5592 1233 5647 442.

452 5685 530 5740 De
555 5685 740 5740 Italica
776 5685 1051 5752 versione,
1084 5686 1279 5742 Venet.
1316 5686 1474 5755 1545,
1513 5687 1634 5744 ων.
1659 5687 1873 5746 Paitoni
1894 5726 1910 5756 ,
1945 5684 2160 5744 Bibliot.
2197 5686 2338 5759 dein
2368 5688 2546 5743 autori
2567 5719 2636 5730 —
2664 5687 3033 5761 volgarizzati,
3079 5690 3121 5758 Ι,
3164 5704 3287 5762 pag.
3319 5689 3375 5746 8.
