3998 6146
441 286 579 353 1165

1645 284 1912 348 CAPITA
1948 283 2505 347 ADMONITORIA.

3564 291 3701 359 1166

437 403 708 473 φυλακὴν,
755 400 850 456 καὶ
900 398 1007 453 τῶν
1060 397 1181 452 κατ’
1231 396 1399 451 αὐτοῦ
1465 396 1790 450 λυσσώντων
1834 395 2022 450 ἐκδιώ-

2139 410 2315 450 :orum
2365 395 2462 467 qui
2510 395 2808 453 adversum
2859 397 3039 468 ipsum
3098 398 3401 467 insaniunt,
3438 402 3694 462 latratum

438 497 535 566 ξῃς
583 495 681 567 τὴν
713 492 943 564 ὑλακὴν,
973 490 1079 544 ὐπὸ
1119 489 1229 544 τῶν
1282 490 1449 544 αὐτοῦ
1484 489 1559 562 (6)
1595 488 2017 560 βασιλευόμενος

438 588 641 658 νόμων,
676 587 772 641 καὶ
796 585 907 641 τῶν
931 583 1038 638 ὐπὸ
1068 582 1130 636 σὲ
1170 582 1474 651 βασιλεύων
1503 582 1766 652 ἐννόμως.

1049 674 1301 728 ΚΕΦΑΛ.
1331 675 1408 726 B'.

522 768 611 830 Ὠς
636 767 976 838 κυϐερνήτης
1007 767 1279 836 ἀγρυπνεῖ
1306 764 1398 819 διὰ
1431 764 1655 829 παντὸς,
1687 765 1716 818 6
1742 763 1836 818 τοῦ
1861 763 2020 834 βασι-

436 861 574 923 λέως
630 859 1017 929 πολυόμματος
1054 857 1200 921 νοῦς,
1239 857 1577 927 διακατέχων
1616 854 1877 924 ἀσφαλῶς
1916 854 2022 924 τῆς

437 954 703 1023 εὐνομίας
720 952 849 1014 τοὺς
872 951 1089 1016 οἴακας,
1115 951 1214 1005 καὶ
1237 950 1631 1020 ἀπωθούμενος
1657 948 1901 1021 ίσχυρῶς
1919 948 2022 1018 τῆς

438 1044 668 1116 ἀνομίας
695 1045 822 1107 τοὺς
845 1042 1078 1114 ῥύακας,
1106 1043 1196 1097 ἵνα
1222 1044 1285 1096 τὸ
1315 1044 1526 1113 σκάφος
1549 1045 1649 1114 τῆς
1670 1042 2020 1113 παγκοσμίου

439 1136 721 1200 πολιτείας
762 1137 839 1209 μὴ
869 1137 1179 1208 περιπίπτῃ
1210 1136 1459 1209 κύμασιν
1496 1138 1735 1201 ἀδικίας.

1054 1250 1306 1304 ΚΕΦΑΛ.
1339 1251 1414 1306 Γ.

511 1344 667 1398 Θεῖον
713 1341 951 1413 μάθημα
987 1342 1085 1395 καὶ
1128 1341 1349 1412 πρῶτον
1382 1343 1433 1394 οι
1464 1339 1765 1413 ἄνθρωποι,
1792 1340 1853 1392 τὸ
1881 1340 2023 1409 γνῶ-

439 1437 529 1489 ναί
572 1452 695 1489 τινα
748 1435 944 1489 ἑαυτὸν
976 1434 1075 1506 (7),
1106 1433 1496 1504 διδασκόμεθα.
1556 1434 1615 1489 ’0
1666 1433 1775 1505 γὰρ
1827 1434 2025 1487 ἑαυτὸν

441 1529 626 1597 γνοὺς,
657 1528 930 1596 γνώσεται
959 1527 1094 1581 Θεόν
1119 1545 1133 1556 ·
1162 1527 1297 1580 Θεὸν
1324 1528 1381 1580 δὲ
1412 1528 1440 1580 6
1473 1528 1656 1595 γνοὺς,
1682 1525 2023 1597 ὁμοιωθήσε-

441 1637 532 1673 ται
562 1619 682 1691 Θεῴ
707 1635 721 1648 ⁶
749 1619 1151 1690 ὁμοιωθήσεται
1195 1620 1254 1672 δὲ
1300 1618 1443 1689 Θεῷ,
1474 1621 1502 1671 6
1532 1617 1683 1684 ἄξιος
1730 1618 2026 1689 γενόμενος

441 1713 578 1767 Θεοῦ
602 1728 616 1742 ⁸
645 1711 796 1777 ἄξιος
825 1711 883 1765 δὲ
906 1712 1116 1781 γίνεται
1152 1712 1312 1776 Θεοῦ,
1343 1714 1372 1767 6
1405 1713 1571 1785 μηδὲν
1606 1711 1830 1781 ἀνάξιον
1856 1712 2024 1783 πράτ-

2121 487 2414 544 cohiberes
2452 506 2466 542 :
2519 489 2698 560 ipsius
2737 489 3183 561 obtemperando
3210 491 3446 565 legibus,
3472 510 3536 550 ac
3567 499 3704 553 sub-

2120 577 2269 634 ditos
2294 579 2396 634 tibi
2429 581 2673 651 regendo
2700 581 2968 653 legitime.

2789 673 2944 729 CAP.
2977 675 3045 730 ll.

2190 763 2305 820 Ceu
2341 764 2704 836 gubernator,
2737 767 2934 839 vigilat
2978 784 3154 840 usque
3180 772 3322 829 adeo
3354 775 3710 845 imperatoris

2122 856 2544 912 oculatissimus
2581 858 2922 924 intellectus,
2954 862 3250 919 continens
3277 865 3514 923 ﬁrmiter
3538 870 3711 940 tequi-

2126 947 2256 1002 tatis
2291 947 2533 1014 clavum,
2576 956 2745 1019 atque
2794 952 3079 1021 expellens
3116 955 3342 1013 fortiter
3367 959 3710 1030 impetuosos

2124 1041 2434 1111 iniquitatis
2486 1040 2710 1107 fluctus,
2753 1052 2816 1097 ut
2859 1060 2929 1099 ne
2970 1046 3166 1116 cymba
3195 1051 3490 1107 mundanae
3520 1052 3709 1123 reipu-

2123 1131 2281 1187 blicae
2314 1132 2565 1188 illidatur
2601 1132 2864 1190 ﬂuctibus
2886 1136 3224 1206 iniquitatis.

2772 1245 2923 1302 CAP.
2967 1247 3058 1302 111.

2204 1333 2461 1391 Divinum
2510 1336 2911 1393 documentum
2958 1347 3016 1394 et
3066 1342 3440 1411 potissimum,
3478 1363 3580 1403 nos
3607 1349 3710 1404 ho-

2124 1423 2324 1492 mines,
2369 1435 2432 1481 ut
2473 1436 2770 1500 cognoscat
2816 1444 2875 1483 se
2925 1431 3186 1503 quisque,
3257 1435 3545 1494 docemur.
3605 1441 3711 1507 Qui

2125 1516 2274 1571 enim
2316 1518 2563 1588 seipsum
2618 1520 2894 1590 cognovit,
2955 1533 3257 1593 cognoscet
3288 1526 3503 1584 Deum:
3538 1531 3712 1587 Deum

2131 1622 2265 1663 vero
2310 1609 2407 1679 qui
2449 1610 2624 1677 novit,
2673 1611 3075 1668 assimilabitur
3114 1615 3229 1670 Deo
3270 1619 3712 1679 :assimilabitur

2133 1706 2318 1755 autem
2348 1702 2482 1767 Deo,
2518 1704 2611 1773 qui
2645 1704 2846 1775 dignus
2873 1705 3053 1761 factus
3081 1708 3196 1764 Deo
3225 1720 3311 1767 est
3337 1731 3349 1765 :
3380 1712 3581 1784 dignus
3611 1716 3712 1771 de-

442 1822 550 1857 των
579 1776 737 1869 Θεοῦ,
779 1776 929 1857 ἀλλά
953 1804 1166 1875 φρονῶν
1209 1805 1310 1877 μὲν
1350 1776 1420 1859 τά
1463 1776 1651 1873 αὐτοῦ,
1685 1776 1866 1861 λαλῶν
1902 1776 1958 1859 δὲ
1986 1805 2023 1860 ἃ

2139 1793 2298 1863 nique
2326 1792 2388 1847 ﬁt
2425 1793 2559 1861 Deo,
2588 1795 2683 1866 qui
2712 1796 2854 1851 nihil
2883 1796 3168 1869 indignum
3200 1809 3385 1871 patrat
3414 1776 3526 1860 Dveo
3563 1822 3577 1859 :
3615 1807 3711 1861 sed

444 1897 650 1966 φρονεῖ,
682 1893 851 1947 ποιῶν
872 1893 932 1946 δὲ
962 1893 999 1948 ἃ
1022 1893 1196 1949 λαλεῖ.

1043 2096 1296 2150 ΚΕΦΑΛ.
1350 2095 1425 2150 A'.

525 2187 651 2241 Ἐπὶ
680 2187 962 2259 προγόνων
984 2189 1236 2260 εὐγενείᾳ
1267 2190 1456 2261 μηδεὶς
1478 2189 1861 2262 ὲναϐρυνέσθω
1878 2206 1894 2222 °
1918 2207 2026 2264 πη-

444 2280 535 2333 λὸν
565 2282 674 2351 γὰρ
700 2279 887 2351 έχουσι
935 2282 1136 2345 πάντες
1182 2265 1508 2351 τοῦγένους
1553 2283 1898 2355 προπάτορα,
1929 2285 2027 2337 καὶ

444 2374 494 2426 οἱ
514 2374 572 2426 ὲν
599 2372 860 2443 πορφύρᾳ
883 2374 978 2426 καὶ
1008 2372 1191 2445 βύσσῳ
1226 2373 1596 2445 καυχώμενοι,
1634 2377 1728 2428 καὶ
1761 2377 1810 2428 οἱ
1835 2378 1893 2430 ὲν
1921 2393 2023 2430 πε-

446 2467 537 2537 νίᾳ
565 2468 661 2520 καὶ
682 2466 822 2535 νόσῳ
849 2466 1175 2537 τρυχόμενοι
1206 2466 1305 2538 (8),
1333 2468 1426 2521 καὶ
1458 2471 1506 2521 οἱ
1537 2468 1845 2539 διαδήματα
1867 2485 2026 2539 περι-

447 2558 712 2628 κείμενοι,
742 2557 839 2610 καὶ
887 2559 937 2609 οἱ
986 2556 1076 2610 διά
1127 2557 1338 2626 δόματα
1378 2558 1455 2628 (9)
1507 2559 1897 2629 προκείμενοι.
1933 2558 2027 2631 Μὴ

447 2650 626 2703 τοίνυν
677 2649 759 2712 εἰς
807 2648 1034 2718 πήλινον
1082 2647 1485 2718 ὲγκαυχὼμεθα
1531 2648 1725 2718 γένος,
1771 2650 1886 2704 ἀλλ’
1932 2650 2028 2703 ἐπὶ

448 2741 776 2814 χρηστότητι
808 2737 1202 2810 σεμνυνώμεοα
1233 2741 1473 2810 τρόπων,

1037 2854 1288 2909 ΚΕΦΑΛ.
1330 2854 1408 2910 E'.

522 2946 683 3011 Ἰσθι,
715 2939 762 3000 ῶ
810 2946 1095 3009 εὐσεϐείας
1135 2944 1454 3001 θεότευκτον
1501 2945 1746 3017 ἄγαλμα,
1778 2946 1861 3001 ὃτι
1917 2948 2028 3021 ὅσῳ

451 3040 704 3112 μεγάλων
733 3038 982 3110 ἡξιὼθης
1011 3040 1165 3109 παρὰ
1189 3039 1327 3093 Θεοῦ
1353 3039 1597 3111 δωρεῶν,
1628 3041 1871 3112 τοσούτῳ
1909 3040 2027 3111 μείο

447 3133 601 3199 (ovo;
657 3130 895 3201 ἀμοιϐῆς
935 3130 1222 3200 ὀφειλέτης
1282 3131 1552 3202 ὑπάρχεις
1610 3132 1779 3204 αὐτῷ.
1813 3132 2026 3188 Οὐκοῦν

447 3227 646 3288 ἀπόδος
685 3224 765 3292 τῷ
805 3222 1069 3294 εὐεργέτῃ
1116 3223 1178 3276 τὸ
1208 3224 1370 3294 χρέος
1392 3225 1494 3294 τῆς
1528 3225 1909 3298 εὐχαριστίας,
1948 3227 2028 3299 τῷ

446 3316 782 3387 λαμϐάνοντι
805 3314 1059 3384 τδχρέος
1086 3315 1162 3378 ὠς
1202 3318 1384 3386 χάριν,
1411 3317 1508 3370 καὶ
1541 3316 1640 3388 τὴν
1673 3319 1897 3391 χάριτος
1925 3319 2029 3389 χά-

450 3426 537 3479 ριν
593 3406 932 3461 ὰντιδιδόντι.
959 3406 1133 3471 Αὐτὸς
1166 3408 1276 3477 γάρ
1322 3408 1412 3461 άελ⁸
1447 3410 1541 3463 καὶ
1573 3409 1813 3482 χαρίτων
1845 3411 2026 3483 ἄρχει,

449 3500 542 3554 καὶ
571 3500 646 3564 ὡς
674 3500 834 3572 χρέος
870 3500 971 3563 τὰς
1004 3500 1238 3571 χάριτας
1267 3501 1594 3556 ἀποδίδωσιν
1619 3518 1633 3532 ·
1673 3502 2031 3576 εὐχαριστίαν

448 3591 506 3646 δὲ
547 3592 702 3657 ζητεί
734 3593 865 3661 παρ’
887 3592 1068 3664 ἡμῶν,
1108 3593 1170 3645 οὐ
1208 3592 1304 3663 τὴν
1356 3593 1446 3648 διὰ
1484 3594 1747 3667 ῥημάτων
1803 3595 2028 3665 ἀγαθῶν

449 3685 753 3758 προφορὰν,
785 3685 925 3740 ἀλλὰ
952 3683 1053 3758 τὴν
1080 3684 1173 3741 διὰ
1198 3688 1547 3757 πραγμάτων
1586 3690 1831 3744 εὐσεϐῶν
1863 3708 2029 3761 προσ·

449 3779 643 3849 φοράν.
2050 3796 2055 3800 ‘

1053 3949 1304 4005 ΚΕΦΑΛ.
1345 3950 1443 4018 (τ’.

520 4042 687 4097 οὐδὲν
710 4043 894 4107 ,οὕτως
936 4042 1226 4112 εὐδόκιμον
1272 4041 1568 4113 ἐργάζεται
1618 4041 1929 4112 ἄνθρωπον,
1951 4044 2025 4107 ὡς

446 4137 709 4191 δύνασθαι
758 4135 870 4208 (10)
943 4135 1044 4206 μὲν
1097 4135 1134 4189 ἃ
1187 4133 1439 4203 βούλεται
1494 4135 1776 4206 πράττειν,
1841 4137 1927 4189 ἀεὶ
1970 4134 2028 4188 δὲ

448 4228 805 4303 φιλάνθρωπα
860 4228 955 4281 καὶ
994 4225 1278 4297 βούλεσθαι
1336 4226 1431 4281 καὶ
1470 4226 1755 4298 πράττειν.
1809 4226 2028 4298 Ἐπειδὴ

446 4322 626 4374 τοίνυν
659 4322 723 4373 ὲκ
768 4319 905 4373 Θεοῦ
949 4336 1035 4373 σοι
1078 4317 1403 4388 κεχάρισται
1457 4316 1708 4389 δύναμις,
1738 4313 1807 4391 ἧς
1854 4318 2031 4372 ἐδεῖτο

445 4415 747 4485 δι’δήμᾶςή
781 4414 963 4487 ἀγαθή
1005 4429 1100 4467 σου
1151 4413 1428 4486 βούλησις,
1461 4413 1640 4468 πάντα
1687 4412 1783 4466 καὶ
1832 4411 2025 4483 βούλου

447 4506 543 4559 καὶ
594 4507 824 4577 πρᾶττε,
848 4507 924 4570 ὡς
963 4505 1191 4579 ἀρέσκει
1241 4505 1321 4576 τῷ
1376 4503 1580 4576 ταύτην
1619 4520 1702 4558 σοι
1746 4503 2025 4560 δεδωκότι.

1046 4620 1303 4674 ΚΕΦΑΛ.
1347 4621 1422 4674 Ζ’.

517 4711 638 4764 Τῶν
688 4712 951 4781 ἐπιγείων
987 4712 1288 4783 χρημάτων
1319 4713 1349 4763 6
1379 4710 1613 4773 άστατος
1659 4708 1887 4773 πλοῦτος
1917 4709 2028 4763 τῶν

446 4802 730 4874 ποταμίων
793 4802 1081 4874 ῥευμάτων
1140 4804 1392 4874 μιμεῖται
1456 4801 1549 4855 τὸν
1602 4801 1802 4872 δρόμον
1833 4817 1848 4831 ο
1891 4801 2029 4871 πρὸς

444 4896 626 4965 ὀλίγον
661 4896 762 4966 μὲν
794 4896 1070 4968 ἐπιρρέων
1090 4899 1202 4960 τοῖς
1228 4893 1693 4966 ἔχειν’-νομίζουσι
1717 4910 1733 4926 ’
1778 4893 2028 4965 μετ’ὀλί-

445 5004 542 5055 γον
560 4988 616 5040 δὲ
635 4986 983 5058 παραρρέων,
1003 4988 1084 5050 εἰς
1100 4986 1292 5051 ἄλλους
1314 4986 1633 5060 ἀπέρχεται.
1659 4985 1835 5049 Μόνος
1854 4986 1912 5040 δὲ
1932 4989 2030 5059 τῆς

446 5078 693 5141 εὐποιίας
729 5081 757 5132 6
787 5077 1082 5148 θησαυρὸς,
1114 5068 1345 5147 μόνιμός
1378 5080 1493 5131 ἐστι
1516 5080 1634 5141 τοῖς
1665 5077 2026 5148 κεκτημένοις

446 5169 611 5223 αὐτόν
631 5184 644 5197 ·
686 5169 794 5222 τῶν
822 5170 931 5240 γὰρ
967 5169 1191 5238 ἀγαθῶν
1219 5169 1399 5241 ἔργων
1425 5172 1483 5224 αἱ
1519 5171 1743 5243 χάριτες
1769 5172 1863 5225 ἐπὶ
1898 5173 2025 5236 τοὺς

448 5260 740 5325 ποιοῦντας
772 5262 1309 5331 ὲπαναστρέφουσιν.

2057 4455 2102 4511 1)

2122 1885 2221 1957 qui
2263 1893 2326 1941 ut
2369 1886 2577 1957 cogitat
2619 1903 2744 1958 qua).
2779 1889 2958 1960 ipsius
3001 1899 3153 1955 sunt,
3205 1894 3282 1948 ita
3319 1906 3430 1951 tam
3463 1897 3714 1969 loquitur

2123 1993 2248 2050 quae
2272 1981 2498 2050 cogitat,
2523 1997 2688 2052 quam
2713 1981 2845 2038 facit
2865 1999 2989 2054 quae
3013 1985 3284 2060 loquitur.

2777 2096 2932 2153 CAP.
2968 2098 3058 2156 IV.

2194 2185 2466 2258 Majorum
2517 2186 2812 2244 nobilitate
2860 2206 2931 2246 ne
2975 2192 3105 2261 quis
3148 2208 3210 2249 se
3245 2194 3418 2271 jactet
3457 2212 3471 2249 :
3524 2197 3714 2254 limum

2124 2276 2274 2330 enim
2315 2276 2525 2333 habent
2558 2292 2754 2334 omnes
2777 2280 3000 2350 generis
3027 2292 3335 2353 auctorem,
3363 2294 3420 2341 et
3453 2287 3549 2357 qui
3581 2304 3718 2359 pur-

2125 2382 2269 2438 pura
2310 2367 2587 2441 byssoque
2638 2378 2884 2443 turgent,
2932 2381 2990 2429 et
3030 2374 3128 2446 qui
3170 2387 3499 2448 paupertate
3527 2391 3584 2437 et
3615 2383 3718 2438 ad-

2125 2473 2288 2514 versa
2328 2460 2648 2518 valetudine
2705 2462 3046 2535 afﬂiguntur,
3108 2474 3220 2522 tam
3260 2468 3358 2539 qui
3399 2468 3717 2529 diademate

2128 2548 2372 2604 redimiti
2436 2560 2587 2617 sunt,
2635 2569 2804 2624 quam
2845 2557 2944 2625 qui
2994 2559 3412 2617 emendicandae
3467 2566 3718 2634 pecunias

2127 2653 2294 2695 causa
2331 2647 2787 2710 prosternuntur.
2825 2645 2907 2700 Ne
2952 2646 3124 2718 igitur
3163 2648 3502 2707 lutulentum
3540 2654 3719 2726 jacte-

2129 2744 2254 2787 mus
2281 2744 2478 2803 genus,
2501 2734 2599 2790 sed
2633 2751 2855 2793 morum
2883 2739 3206 2812 integritate
3231 2743 3560 2814 gloriemnr.

2789 2847 2942 2905 CAP.
2974 2851 3040 2908 ν.

2833 2851 2942 2905 AP.
3027 2895 3040 2908 .

2200 2936 2373 3003 Scito,
2405 2953 2440 2993 o
2485 2938 2708 3009 pietatis
2746 2851 3022 2997 diginitu:
3048 2943 3378 3003 fabricatum
3409 2931 3744 3021 specimen:

2130 3030 2262 3099 quia
2301 3039 2511 3101 quanto
2558 3032 2865 3103 majoribus
2921 3033 3124 3105 dignus
3179 3038 3405 3097 habitus
3466 3058 3549 3110 es,
3619 3047 3719 3100 tri-

2055 3114 2100 3173 C
2131 3121 2337 3176 buente
2378 3122 2512 3189 Deo,
2556 3124 2906 3188 muneribus,
2952 3133 3106 3181 tanto
3150 3131 3389 3200 majores
3419 3133 3472 3186 ei
3513 3137 3718 3205 gratias

2132 3212 2339 3268 referre
2395 3213 2586 3269 debes.
2641 3214 2789 3286 Ergo
2847 3217 3020 3274 redde
3082 3219 3425 3280 benefactori
3468 3225 3714 3283 debitam

2130 3303 2431 3375 gratiarum
2472 3304 2766 3373 actionem,
2789 3311 3100 3378 acceptanti
3150 3311 3399 3369 debitum
3441 3326 3507 3371 ut
3548 3322 3719 3374 meri-

2133 3405 2271 3463 tum,
2335 3403 2394 3453 et
2442 3396 2717 3453 beneﬁcio
2777 3400 3113 3458 beneﬁcium
3175 3406 3524 3478 rependenti.
3592 3412 3714 3483 Ipse

2130 3487 2277 3542 enim
2331 3501 2553 3557 semper
2598 3497 2657 3544 et
2704 3489 2992 3547 beneﬁciis
3033 3495 3191 3565 prior
3228 3509 3600 3568 promeretur,
3656 3512 3717 3558 et

2130 3586 2192 3634 ut
2231 3577 2482 3634 debitum
2525 3578 2795 3635 beneﬁcia
2840 3594 3097 3654 repensat
3127 3605 3140 3642 :
3172 3589 3475 3660 gratiarum
3524 3602 3714 3651 autem

2129 3670 2406 3726 actionem
2443 3670 2619 3742 exigit
2647 3688 2679 3728 a
2720 3674 2903 3740 nobis,
2934 3693 3048 3733 non
3069 3694 3191 3749 qua:
3221 3681 3523 3738 verborum
3554 3684 3715 3741 blan-

2127 3763 2326 3818 dorum
2349 3762 2682 3834 prolatione,
2707 3766 2803 3822 sed
2822 3782 2945 3837 quae
2973 3785 3160 3828 rerum
3182 3773 3398 3843 piarum
3428 3776 3713 3834 oblatione

2128 3856 2441 3928 peragitur.

2778 3955 2934 4010 CAP.
2964 3955 3054 4012 Vl.

2196 4044 2362 4101 Nulla
2391 4061 2479 4102 res
2502 4047 2644 4102 adeo
2666 4047 3163 4105 commendabilem
3194 4050 3378 4106 reddit
3406 4052 3708 4119 hominem,
3745 4088 3748 4097 η

2129 4142 2191 4189 ιιι
2226 4151 2390 4205 posse
2425 4139 2650 4208 quidem
2679 4155 2803 4209 quae
2842 4140 2978 4196 velit
3006 4139 3247 4207 edicere,
3281 4158 3503 4214 semper
3523 4156 3711 4203 autem

2130 4225 2371 4283 humana
2402 4237 2460 4283 et
2493 4229 2635 4283 velle
2679 4239 2737 4283 et
2784 4244 2946 4299 agere
2981 4247 2996 4283 :
3032 4232 3295 4300 quoniam
3340 4233 3511 4305 igitur
3536 4251 3569 4290 a
3596 4236 3712 4292 Deo

2131 4317 2232 4373 tibi
2259 4318 2463 4372 donata
2489 4326 2574 4373 est
2600 4318 2837 4374 facultas
2868 4336 2976 4391 qua
3018 4321 3300 4393 indigebat
3343 4336 3574 4396 propter
3606 4344 3711 4383 nos

2130 4407 2275 4463 bona
2312 4416 2409 4462 tua
2449 4409 2728 4472 voluntas,
2772 4410 2957 4465 omnia
3005 4418 3063 4466 et
3100 4411 3240 4468 velis
3261 4422 3317 4469 et
3346 4429 3494 4486 agas,
3542 4426 3709 4487 prout

2128 4501 2182 4555 ei
2204 4500 2386 4571 placet
2407 4500 2504 4570 qui
2529 4515 2652 4555 eam
2676 4501 2777 4556 tibi
2810 4501 2984 4557 dedit.

2772 4612 2925 4669 CAP.
2954 4613 3066 4669 VII.

2198 4701 2568 4763 Terrenarum
2604 4719 2772 4774 opum
2812 4704 3099 4762 instabiles
3123 4706 3331 4765 divitiae
3354 4708 3709 4767 ﬂuviatilium

2129 4793 2412 4850 undarum
2468 4797 2759 4853 imitantur
2798 4815 3024 4855 cursum
3063 4817 3076 4853 :
3123 4799 3405 4856 modicum
3442 4801 3592 4858 enim
3629 4805 3712 4862 af-

2130 4886 2313 4945 ﬂuunt
2355 4889 2445 4945 his
2490 4889 2586 4960 qui
2642 4891 2847 4947 habere
2901 4908 2962 4948 se
3009 4907 3106 4947 eas
3154 4892 3519 4961 arbitrantur,
3582 4913 3713 4952 mox

2131 4998 2266 5038 vero
2323 4982 2625 5040 retinentes
2659 4983 2728 5038 ad
2776 4985 2916 5040 alios
2964 4983 3259 5040 accedunt.
3307 4983 3470 5042 Solus
3524 4997 3713 5044 autem

2134 5075 2516 5153 beneﬁcentiae
2566 5076 2862 5132 thesaurus
2902 5077 3118 5133 stabilis
3167 5084 3251 5132 est
3296 5078 3713 5148 possidentibus

2131 5184 2260 5223 eum
2307 5185 2322 5223 :
2359 5168 2633 5224 bonarum
2682 5171 2831 5226 enim
2886 5170 3168 5227 actionum
3209 5171 3473 5229 meritum
3512 5174 3581 5230 ad
3607 5189 3711 5229 au-

2131 5273 2314 5319 ctores
2341 5271 2714 5332 retorquetur.

1973 5383 2209 5442 NOTAE.

522 5471 597 5543 (6)
639 5473 792 5528 Ὑπὸ
810 5473 931 5527 τῶν
979 5473 1187 5528 αὐτοῦ.
1217 5472 1310 5529 Sic
1360 5472 1601 5528 habetur
1628 5473 1683 5528 in
1744 5476 2030 5534 codicibus

446 5542 654 5613 Regiis.
685 5545 747 5613 ln
775 5543 945 5599 editis
973 5558 1107 5599 vero
1140 5544 1248 5598 ὐπὸ
1274 5543 1369 5597 τοῦ
1418 5542 1607 5599 αὐτοῦ.
1645 5544 1886 5601 ΒΑιιυυιι.

521 5612 597 5685 {7)
628 5612 707 5688 7T6
727 5614 975 5688 γνῶναίΔ
997 5631 1133 5688 rufa
1155 5615 1398 5670 ἑαυτόν.
1420 5614 1483 5670 In
1538 5614 1732 5671 codice
1764 5617 1934 5688 Regio
1963 5617 2027 5672 Β.

446 5684 520 5738 Τὸ
547 5684 751 5752 γνῶναι
787 5684 1041 5752 ἑαυτούς,
1069 5685 1143 5740 In.

2135 5480 2192 5534 in
2219 5477 2385 5532 editis
2411 5477 2768 5548 τρυχώμενοι.
2812 5475 2888 5532 In.

2318 5547 2572 5635 Agrum.
2598 5549 2691 5635 Sic
2716 5563 2784 5635 ex
2809 5548 3017 5635 codice
3038 5548 3627 5635 RegioABi.‘Perperam
3651 5547 3709 5602 in

2136 5617 2306 5675 editis
2343 5617 2594 5688 δώματα,
2625 5627 2688 5673 ut
2709 5633 2775 5672 ex
2798 5626 3057 5688 contextu
3102 5626 3348 5688 apparet.
3382 5617 3457 5688 in.

2206 5689 2319 5756 (l0)
2354 5681 2448 5759 ΪΩξι
2476 5689 2795 5759 ᾂύνιζσθαι.
2823 5689 2880 5742 In
2917 5681 3206 5744 codicibus
3263 5686 3450 5758 Regiis
3501 5681 3695 5759 legitur

517 5750 596 5825 (8)
634 5750 1117 5827 Tpvzdyeroalta
1146 5756 1322 5813 codex
1369 5755 1577 5828 Regius
1604 5755 1667 5812 B.
1723 5756 2022 5827 Perperam

2139 5750 2222 5823 ὦς’
2237 5750 2591 5812 τδδύνασοαι.
2613 5758 2692 5812 In.
