3998 6146
909 374 1062 432 CAP.
1099 370 1238 427 VIII.

355 476 679 531 lnacccssus
727 468 952 542 quidem
995 461 1220 520 exsistis
1267 456 1592 514 hominibus
1641 463 1871 528 prepter

281 564 676 622 celsitudinem
727 562 895 632 hujus
935 553 1086 628 quod
1130 551 1225 607 hic
1260 551 1522 606 deorsum
1553 555 1660 613 est,
1691 549 1869 617 impe-

283 661 354 714 rii
387 675 402 714 :
435 657 618 714 facilis
653 668 782 710 vero
813 649 968 706 aditu
999 661 1060 702 es
1090 643 1472 716 indigentibus
1511 640 1584 696 ob
1614 640 1728 696 vim
1772 654 1870 694 su-

284 767 474 824 ρει-ηεξ
528 750 677 806 illius
723 741 1058 819 potestatis:
1113 749 1282 809 atque
1329 733 1516 807 aperis
1563 748 1729 789 aures
1781 731 1871 786 his

282 845 377 915 qui
439 859 470 898 a
527 847 857 914 paupertate
915 833 1270 896 obsidentur,
1333 838 1396 884 ut
1461 826 1714 884 invenias
1773 825 1873 881 Dei

281 937 536 992 auditum
583 933 933 1005 adapertum.
994 926 1198 994 Quales
1257 923 1409 979 enim
1455 937 1584 992 erga
1652 929 1873 975 nostros

279 1029 553 1086 fuerimus
585 1039 908 1089 conservos,
955 1021 1122 1076 talem
1177 1017 1324 1074 circa
1376 1029 1480 1070 nos
1525 1012 1872 1084 reperiemus

277 1122 598 1178 Dominum.

352 1329 660 1390 Sollicitam
708 1321 1065 1396 imperatoris
1107 1318 1349 1372 animam
1402 1309 1611 1384 speculi
1653 1309 1708 1365 in
1744 1321 1870 1363 mo-

283 1422 418 1478 dum
473 1416 717 1486 abstergi
777 1395 1020 1485 oportet,
1083 1416 1145 1463 ut
1209 1402 1418 1460 divinis
1475 1395 1870 1470 splendoribus

283 1526 504 1584 semper
545 1517 824 1570 coruscet,
862 1514 1162 1570 rerumque
1193 1494 1457 1552 distincta
1486 1491 1698 1564 judicia
1740 1487 1870 1543 inde

279 1577 586 1660 condiscat.
632 1596 783 1654 Nihil
827 1594 976 1652 enim
1020 1599 1129 1646 tam
1161 1587 1380 1644 confert
1415 1583 1484 1638 ad
1525 1577 1870 1653 perspicien—

282 1696 415 1752 dum
447 1691 584 1764 quid
627 1689 774 1744 facto
806 1701 948 1758 opus
981 1685 1096 1740 sit:
1131 1692 1451 1752 quanquam
1489 1676 1533 1731 si
1574 1689 1639 1728 ea
1671 1685 1871 1743 perpe-

1603 253 1930 314 AGAPETI
1969 251 2280 314 DIACONI

1899 1733 1948 1796 Β

3419 253 3565 320 1163

2566 366 2816 422 ΚΕΦΑΛ.
2887 365 2969 424 Η’.

2063 459 2382 528 Ἀπρόσιτος
2412 458 2513 529 μὶν
2549 460 2817 530 ὑπάρχεις
2859 460 3173 534 ἀνθρώποις
3213 462 3306 518 διὰ
3340 465 3404 520 τὺ
3433 466 3569 539 ὕψος

1977 550 2076 619 τῆς
2107 550 2262 605 κάτω
2291 549 2574 622 βασιλείας
2601 568 2614 582 °
2647 554 2972 625 εὐπρόσιτος
3011 556 3068 610 δὲ
3107 557 3234 630 γίνῃ
3285 562 3402 626 τοῖς
3448 563 3569 619 δεο-

1982 643 2290 713 μένοιςδιὰ
2320 643 2380 697 τὸ
2409 643 2612 715 κράτος
2639 646 2738 716 τῆς
2771 647 2886 700 ἄνω
2909 648 3300 716 ἐξουσίαςοκαὶ
3327 655 3568 726 άνοίγεις

1977 739 2046 792 τά
2065 731 2178 792 ὦτα
2203 741 2315 803 τοῖς
2358 739 2465 792 ὐπὸ
2501 739 2694 802 πενίας
2720 740 3202 814 πολιορκουμένοις
3220 787 3237 815 ,
3267 746 3355 802 ἵνα
3400 749 3567 824 εὕρῃς

1977 834 2080 904 τὴν
2110 833 2208 888 τοῦ
2245 832 2385 888 Θεοῦ
2420 833 2597 904 ἀκοὴν
2641 836 3024 909 ἀνεῳγμένην.
3061 836 3176 894 Οἷοι
3205 843 3320 914 γάρ
3359 843 3426 900 ἂν
3449 850 3568 911 τοῖς

1977 925 2270 995 ἡμετέροις
2295 924 2586 998 γενώμεθα
2621 927 2954 996 συνδούλοις,
2984 931 3230 988 τοιοῦτον
3259 937 3390 1007 περὶ
3417 939 3566 1008 ἡμᾶς

1977 1019 2288 1092 εὑρήσομεν
2325 1019 2417 1073 τὸν
2445 1021 2756 1093 Δεσπότην.

2580 1220 2836 1276 ΚΕΦΔΔ.
2885 1221 2962 1276 8’.

2047 1310 2160 1381 Τὴν
2187 1311 2598 1384 πολυμέριμνον
2617 1311 2712 1366 τοῦ
2736 1311 3000 1383 βασιλέως
3019 1315 3219 1389 ψυχὴν,
3241 1321 3552 1394 κατόπτρου

1975 1402 2133 1474 δίκην
2163 1404 2307 1458 ἀποσ
2319 1403 2590 1476 μήχεσθαι
2618 1403 2748 1476 χρὴ,
2786 1405 2872 1460 Iv:
2896 1408 3018 1471 ταῖς
3049 1405 3228 1472 Θείαις
3255 1411 3453 1480 αὐγαῖς
3473 1417 3562 1470 ἀεὶ

1975 1493 2494 1564 καταστράπτηται,
2528 1497 2626 1550 καὶ
2660 1493 2771 1548 τῶν
2811 1498 3161 1568 πραγμάτων
3203 1501 3304 1565 τὰς
3347 1503 3560 1574 κρίσεις

1976 1585 2188 1640 ἐκεῖθεν
2212 1586 2556 1659 διδάσκηται.
2594 1589 2760 1646 Οὐδὲν
2789 1589 2899 1662 γάρ
2925 1589 3073 1645 οὕτω
3095 1594 3242 1647 ποιεῖ
3272 1595 3342 1648 τά
3363 1595 3555 1652 δέοντα

1978 1676 2242 1748 καθορᾷν,
2277 1677 2354 1741 ὡς
2380 1676 2442 1731 τὸ
2472 1678 2772 1748 φυλάσσειν
2797 1678 3017 1750 εκείνην
3045 1677 3136 1734 διὰ
3169 1681 3370 1746 παντὸς
3396 1683 3564 1739 καθα-

281 1796 378 1842 tuo
404 1799 545 1873 pura
589 1789 864 1844 servetur,
907 1777 1041 1834 facit
1081 1789 1204 1846 quae
1247 1768 1560 1843 peragenda
1586 1775 1718 1824 sunt
1739 1781 1871 1821 con-
1899 1768 1948 1796 υ
1975 1768 2099 1840 ράν.

277 1861 520 1952 spicere,
555 1883 724 1945 atque
771 1868 1054 1928 custodire
1097 1881 1220 1923 eam
1269 1874 1540 1945 perpetuo
1568 1861 1865 1916 sinceram.

941 1982 1095 2040 CAP.
1126 1982 1197 2038 Χ.

358 2085 536 2144 Sicuti
605 2080 750 2153 apud
813 2079 1176 2150 navigantes,
1237 2089 1364 2129 cum
1441 2079 1608 2126 nauta
1691 2079 1867 2136 errat,

277 2180 559 2239 modicum
604 2175 767 2231 affert
809 2169 1204 2242 navigantibus
1247 2174 1646 2222 nocumentum
1685 2182 1696 2218 :
1739 2178 1869 2219 cum

279 2289 413 2332 vero
462 2273 580 2343 ipse
621 2269 987 2341 gubernator,
1027 2261 1201 2316 totius
1236 2259 1405 2314 eﬂicit
1435 2255 1642 2328 navigii
1675 2257 1868 2327 perni-

279 2369 466 2428 ciem:
514 2364 596 2420 sic
642 2371 701 2418 et
749 2361 802 2414 in
859 2355 1206 2418 civitatibus,
1253 2353 1298 2407 si
1347 2348 1476 2422 quis
1521 2365 1590 2404 ex
1628 2347 1871 2406 subditis

279 2462 494 2530 peccet,
543 2468 656 2508 non
703 2460 814 2507 tam
885 2444 1319 2516 rempublicam,
1383 2455 1548 2511 quam
1623 2438 1868 2510 seipsum

279 2528 432 2607 ladit
479 2565 490 2601 :
547 2547 634 2601 sin
678 2557 812 2597 vero
851 2540 970 2610 ipse
1035 2538 1316 2608 princeps,
1374 2531 1650 2588 universe
1701 2528 1872 2584 infert

281 2639 602 2711 reipublicae
635 2634 1054 2691 detrimentum.
1091 2628 1142 2682 Is
1170 2626 1338 2695 igitur
1383 2633 1445 2678 ut
1474 2638 1585 2678 non
1613 2621 1869 2692 exiguam

280 2732 607 2790 redditurus
655 2726 970 2786 rationem,
1021 2721 1068 2776 si
1119 2718 1255 2788 quid
1307 2713 1614 2786 neglexerit
1672 2727 1870 2769 eorum

281 2840 404 2896 quae
437 2823 582 2878 facto
622 2831 764 2888 Opus
791 2824 941 2877 sunt,
975 2811 1251 2881 exquisita
1290 2805 1580 2877 diligentia
1615 2811 1671 2857 et
1708 2803 1872 2858 dicti-

282 2929 360 2975 tet
385 2924 585 2972 cuncta
617 2924 675 2967 et
703 2909 938 2967 factitet.

939 3016 1092 3074 CAP.
1133 3013 1224 3070 XI.

2590 1971 2839 2026 ΚΕΦΔΛ.
2887 1975 2947 2027 1'.

2046 2065 2264 2136 Ὥσπερ
2295 2065 2389 2118 ἐπὶ
2427 2063 2539 2118 τῶν
2585 2067 2882 2128 πλεόντων.
2925 2068 3056 2122 ὅταν
3119 2069 3219 2139 μὲν
3282 2070 3311 2124 ὁ
3361 2069 3557 2137 ναύτης

1973 2157 2179 2228 σφαλῇ,
2214 2156 2423 2230 μικρὰν
2449 2158 2607 2228 φέρει
2633 2159 2750 2223 τοῖς
2778 2159 3118 2230 συμπλέουσι
3145 2157 3401 2230 βλάϐηνοι
3433 2161 3560 2215 ὃταν

1969 2247 2027 2302 δὲ
2058 2248 2220 2312 αὐτὸς
2249 2249 2278 2302 ὁ
2303 2248 2671 2322 κυϐερνήτης,
2697 2251 2900 2316 παντὸς
2929 2251 3224 2324 ἐργάζεται
3249 2250 3344 2306 τοῦ
3371 2251 3560 2306 πλοίου

1972 2342 2256 2398 ἀπώλειαν
2286 2382 2302 2406 .
2331 2343 2478 2398 οὕτω
2515 2343 2611 2398 καὶ
2640 2346 2700 2398 ὲν
2745 2345 2869 2408 ταῖς
2894 2324 3158 2411 Ιπόλεσιν,
3195 2345 3262 2400 ἂν
3330 2346 3432 2417 μὲν
3477 2363 3559 2410 τις

1969 2435 2078 2490 τῶν
2125 2435 2448 2507 ἀρχομένων
2501 2436 2750 2510 ἁμάρτῃ,
2791 2437 2854 2490 οὐ
2912 2427 3205 2491 τὸκοινδν
3263 2437 3518 2492 τοσοῦτον
3543 2478 3559 2500 ,

1970 2527 2094 2580 ὅσον
2121 2526 2313 2582 ἑαυτὸν
2343 2526 2550 2580 άδικεϊο
2581 2525 2648 2580 ἂν
2676 2526 2735 2578 δὲ
2775 2525 2939 2590 αὐτὸς
2964 2525 2994 2578 ό
3023 2527 3227 2596 ἄρχων,
3254 2527 3436 2596 πάσης
3468 2529 3559 2596 ὲρ-

1971 2617 2202 2686 γὰζεται
2231 2619 2333 2690 τῆς
2357 2617 2637 2682 πολιτείας
2665 2617 2766 2690 τὴν
2807 2617 3033 2688 βλάϐην.
3066 2619 3154 2683 Ὠς
3181 2615 3276 2686 οὖν
3317 2617 3560 2687 μεγάλας

1973 2711 2185 2780 ὑφέξων
2213 2709 2466 2774 εὐθύνας,
2497 2709 2550 2763 εί
2589 2725 2645 2762 τι
2689 2709 2913 2782 παρίδοι
2955 2710 3066 2764 τῶν
3104 2710 3353 2775 δεόντων,
3415 2710 3557 2779 μετὰ

1972 2805 2176 2874 πολλῆς
2210 2801 2503 2874 ἀκριϐείας
2527 2801 2622 2856 καὶ
2652 2801 2868 2872 λεγέτω
2895 2803 3072 2858 πάντα
3103 2803 3194 2856 καὶ
3238 2803 3548 2873 πραττέτω.

2560 3001 2812 3054 ΚΕΦΔΛ.
2853 2997 2952 3054 IA'.

349 3120 611 3178 Cireulus
638 3113 866 3186 quidam
898 3111 1265 3164 humanarum
1313 3100 1618 3158 revolvitur
1657 3111 1867 3162 rerum,

2045 3095 2261 3158 Κύκλος
2289 3111 2374 3160 τις
2411 3093 2522 3148 τῶν
2564 3092 2916 3165 ἀνθρωπίνων
2951 3090 3262 3162 περιτρέχει
3288 3089 3543 3159 πραγμάο

277 3217 376 3287 qui
412 3212 578 3268 modo
620 3209 722 3272 sic,
775 3203 938 3260 modo
961 3201 1122 3258 aliter
1164 3197 1337 3267 agitat
1373 3193 1520 3265 ipsas
1551 3199 1608 3246 et
1630 3191 1870 3249 circum-

279 3281 432 3365 fert:
471 3314 641 3374 atque
687 3299 748 3356 in
782 3297 870 3353 his
908 3289 1256 3364 inaequalitas
1291 3294 1399 3352 est,
1444 3300 1514 3340 eo
1549 3281 1698 3355 quod
1727 3281 1866 3338 nihil

161 3455 171 3468 ,
279 3417 348 3456 ex
392 3393 764 3472 prasentibus
803 3390 858 3444 in
907 3386 1105 3442 eodem
1156 3389 1306 3440 statu
1350 3385 1592 3435 maneat.
1635 3373 1868 3444 Oportet

279 3471 450 3564 igitur
497 3499 572 3554 te,
627 3481 1012 3558 potentissime
1053 3479 1378 3546 imperator.
1420 3473 1479 3527 in
1531 3471 1633 3527 hac
1677 3483 1866 3524 rerum

281 3559 531 3639 v—crsalili
577 3575 886 3633 mutatione
933 3566 1337 3626 immutabilem
1377 3563 1582 3619 habere
1642 3559 1868 3632 pietatis

282 3676 694 3749 cogitationem.

289 3987 482 4027 verum
527 3981 761 4039 rapaces
793 3977 1017 4018 mores:
1047 3960 1127 4014 illi
1160 3970 1399 4026 namque
1435 3953 1688 4023 corporis
1723 3948 1864 4005 effo-

280 4067 444 4121 diunt
470 4059 694 4126 oculos;
720 4055 814 4112 isti
844 4062 1030 4110 autem
1055 4049 1253 4105 anima:
1283 4046 1544 4101 hebetant
1567 4041 1862 4113 cogitatus,

277 4172 408 4211 cum
459 4167 572 4208 non
621 4145 948 4220 permittant
975 4139 1294 4211 perspicere
1323 4148 1508 4190 rerum
1534 4130 1860 4186 veritatem:

281 4251 369 4304 vel
395 4247 546 4304 enim
569 4237 965 4298 commendant
987 4241 1406 4299 nonnunquam,
1427 4221 1864 4295 reprehensione

281 4357 406 4414 quae
461 4339 627 4410 digna
676 4339 838 4397 sunt;
892 4327 980 4383 vel
1038 4319 1462 4394 reprehendunt
1512 4317 1861 4387 plerumque,

1971 3206 2101 3253 των,
2130 3186 2322 3242 ἄλλοτε
2357 3185 2534 3250 ἄλλως
2563 3185 2746 3257 φέρων
2777 3182 2916 3241 αὐτὰ
2941 3182 3034 3236 καὶ
3065 3181 3378 3252 περιφέρων
3409 3197 3424 3212 ·
3451 3181 3549 3234 καὶ

1969 3281 2180 3344 τούτοις
2234 3279 2489 3350 ἀνισότης
2538 3279 2680 3340 ἐστὶ,
2703 3277 2765 3331 τὸ
2797 3276 2968 3348 μηδὲν
3011 3275 3118 3328 τῶν
3165 3273 3455 3344 παρόντων
3493 3275 3552 3326 ὲν

1969 3373 2258 3442 ταυτότητι
2292 3368 2499 3442 μένειν.
2529 3369 2622 3420 Δεῖ
2648 3365 2743 3420 οὖν
2785 3382 2845 3420 σε
2871 3405 2886 3433 ,
2921 3365 3180 3436 κράτιστε
3215 3360 3456 3432 βασιλεῦ,
3495 3364 3555 3416 ὲν

1969 3465 2034 3536 τῇ
2063 3461 2270 3517 τούτων
2300 3459 2660 3532 ἀγχιστρόφῳ
2687 3456 2988 3530 μεταϐολῇ,
3007 3453 3386 3526 ἀμετάϐλητον
3412 3453 3556 3524 ἔχειν

1969 3556 2062 3610 τὸν
2088 3553 2290 3624 εὐσεϐῆ
2323 3551 2606 3622 λογισμόν.

2529 3754 2539 3766 ⁸
2561 3749 2813 3805 ΚΕΦΑΛ.
2855 3748 2960 3803 IB'.

2050 3850 2422 3921 Ἀποστρέφου
2450 3845 2560 3899 τῶν
2582 3842 2830 3898 κολάκων
2852 3839 2980 3903 τοὺς
3003 3837 3320 3908 άπατηλοὺς
3340 3835 3551 3906 λόγους,

1967 3947 2157 4018 ὥσπερ
2188 3943 2298 3999 τῶν
2328 3941 2584 4012 κοράκων
2615 3939 2739 4002 τοὺς
2770 3933 3156 4008 άρπακτικοὺς
3192 3931 3430 4003 τρόπους
3454 3949 3469 3963 ο
3501 3933 3552 3985 οι

1971 4038 2071 4110 μὲν
2096 4035 2208 4108 γὰρ
2227 4034 2354 4098 τοὺς
2384 4031 2478 4086 τοῦ
2515 4029 2773 4101 σώματος
2801 4027 3188 4099 ὲξορύττουσιν
3215 4023 3548 4094 ὀφθαλμούςο

1965 4131 2014 4184 οι
2061 4129 2142 4195 δὲ,
2197 4127 2324 4190 τοὺς
2371 4125 2471 4195 τῆς
2523 4121 2704 4194 ψυχῆς
2762 4117 3164 4190 ὲξαμϐλύνουσι
3215 4115 3548 4186 λογισμοὺς,

1971 4222 2048 4294 μὴ
2105 4217 2522 4290 συγχωροῦντες
2565 4217 2702 4288 ὁρᾷν
2753 4213 2854 4285 τὴν
2887 4211 2998 4268 τῶν
3039 4209 3384 4282 πραγμάτων
3421 4206 3552 4280 ἀλή-

1967 4317 2143 4370 θειαν.
2174 4315 2243 4366 Ἢ
2271 4313 2384 4386 γὰρ
2412 4308 2736 4366 ἐπαινοῦσιν
2762 4306 2880 4361 ἔσθ’
2907 4307 2997 4361 ὅτε
3027 4305 3097 4358 τά
3131 4302 3300 4372 ψόγου
3333 4299 3480 4366 ἄξια,
3514 4303 3548 4370 ἢ

285 4391 406 4506 quae
435 4391 588 4485 omni
623 4424 787 4481 laude
812 4430 942 4476 sunt
985 4417 1232 4488 majora:
1267 4421 1330 4467 ut
1359 4411 1598 4466 duorum
1628 4407 1862 4462 alterum

1982 4409 2200 4480 ξκέγουσι
2227 4404 2492 4468 πολλάκις
2523 4402 2594 4456 τὰ
2631 4399 2874 4458 ἐπαίνων
2904 4397 3194 4470 κρείττονα
3221 4409 3237 4426 ’
3275 4394 3364 4448 ἵνα
3405 4391 3551 4445 δυοῖν

284 4500 352 4580 ab
388 4523 522 4594 ipsis
545 4515 947 4576 committatur,
1005 4509 1091 4564 vel
1122 4519 1422 4578 pravorum
1446 4504 1590 4563 laus,
1619 4500 1705 4556 vel
1733 4513 1866 4555 con-

285 4616 609 4673 tumeliosus
641 4611 934 4665 bonorum-
949 4609 1319 4670 contemptus.

893 4713 1048 4770 CAP.
1096 4708 1238 4763 XIII.

247 4799 252 4811 ’
355 4818 642 4890 Εσιιιιιθιιι
685 4815 906 4882 oportet
947 4817 1167 4872 semper
1196 4813 1319 4854 esse
1369 4792 1722 4865 imperatoris
1745 4789 1864 4844 ani-

288 4879 479 4964 mum':
504 4903 704 4960 mutari
725 4879 876 4954 enim
905 4909 1006 4966 pro
1031 4905 1218 4946 rerum
1249 4884 1630 4945 varietatibus,
1663 4879 1866 4935 mentis

287 4997 565 5058 instabilis
609 4997 999 5064 argumentum
1049 4982 1337 5038 efﬁcitur:
1389 4977 1624 5032 ﬁrmiter
1677 4981 1862 5028 autem

285 5093 448 5150 bonis
501 5089 794 5149 inhaerere,
845 5083 904 5138 in
949 5096 1058 5151 qua
1111 5075 1370 5132 ﬁrmitate
1418 5069 1570 5140 pium
1616 5073 1863 5120 vestrum

284 5180 706 5240 eorroboratum
756 5179 814 5227 et
861 5171 1029 5224 ﬁxum
1074 5175 1162 5222 est
1213 5159 1530 5232 imperium,
1571 5164 1650 5221 et,
1682 5168 1863 5224 neque

285 5289 457 5346 usque
503 5269 571 5326 ad
623 5262 975 5321 insolentiam
1033 5257 1259 5322 extolli,
1317 5268 1501 5322 neque
1559 5264 1734 5319 usque
1793 5246 1862 5302 ad

281 5339 453 5424 animi
501 5355 1018 5418 consternationem
1066 5349 1256 5422 dejici,
1305 5346 1363 5400 in
1391 5353 1508 5400 tuta
1539 5343 1714 5398 veluti
1742 5339 1864 5395 basi

284 5457 657 5516 stabilitorum
701 5458 786 5506 est
821 5445 1129 5511 hominum,
1165 5440 1520 5509 animamque
1572 5436 1864 5492 inconcus-

279 5567 396 5610 sam
429 5545 778 5607 habentium.

910 5627 1064 5684 CAP.
1092 5622 1232 5679 XIV.

346 5733 402 5790 Si
431 5731 555 5803 quis
599 5741 802 5802 purum
841 5719 1012 5779 habet
1047 5716 1348 5786 cogitatum
1379 5712 1448 5769 ab
1479 5711 1736 5768 humanis
1769 5727 1861 5768 cr-

1969 4504 2198 4574 θάτερον
2229 4501 2412 4563 αὐτοῖς
2437 4491 2903 4569 άμαρτάνηται.ῆ
2934 4490 2994 4544 τὸ
3022 4488 3194 4544 κακὸν
3219 4483 3552 4554 ἐπαινούμε-

1967 4613 2077 4663 νον,
2111 4595 2146 4666 ἢ
2177 4593 2236 4648 τὸ
2257 4592 2421 4648 καλὸν
2448 4589 2828 4663 ὑϐριζόμενον.

2559 4680 2812 4736 ΚΕΦΑΔ.
2853 4677 2954 4730 1Γ’.

2041 4783 2184 4835 Ἴσον
2215 4773 2356 4832 εἶναι
2374 4776 2480 4848 χρὴ
2505 4775 2736 4828 πάντοτε
2760 4769 2854 4825 τοῦ
2881 4765 3148 4840 βασιλέως
3175 4764 3239 4817 τὸ
3268 4761 3547 4833 φρόνημαο

1965 4875 2025 4928 τὸ
2049 4876 2160 4944 γὰρ
2182 4865 2740 4942 συμμεταϐάλλεσθαι
2772 4863 2892 4926 ταῖς
2926 4859 3034 4916 τῶν
3081 4856 3422 4938 πραγμάτων
3451 4871 3552 4922 με..

1963 4967 2240 5030 ταϐολαῖς,
2267 4962 2506 5024 διανοίας
2551 4957 2813 5014 ἀϐεϐαίου
2859 4955 3162 5026 τεκμήριον
3192 4932 3405 5019 γίνεται
3439 4963 3452 4977 ·
3491 4947 3551 4999 τὸ

1962 5059 2021 5112 δὲ
2054 5057 2267 5127 παγίως
2296 5057 2353 5108 ὲν
2385 5057 2499 5118 τοῖς
2529 5053 2713 5115 καλοῖς
2739 5047 3089 5121 ἐρηρεῖσθαι,
3119 5044 3194 5107 ὡς
3217 5044 3280 5096 τὸ
3314 5041 3550 5101 εὐσεϐὲς

1967 5150 2121 5220 ὑμῶν
2148 5151 2468 5220 ἐστήρικται
2504 5145 2727 5214 κράτος,
2758 5143 2857 5196 zeal.
2885 5141 3024 5212 μήτε
3049 5136 3185 5210 πρὸς
3225 5131 3549 5198 ἀλαζονείαν

1964 5245 2383 5320 ὑπεραίρεσοαι,
2435 5244 2574 5314 μήτε
2623 5241 2761 5312 πρὸς
2817 5237 3058 5304 ἀθυμίαν
3117 5229 3546 5302 καταφέρεσθαι,

1965 5339 2279 5412 βεϐηκότων
2309 5337 2460 5389 ἐστὶν
2495 5332 2756 5396 ἀσφαλῶς
2776 5371 2791 5396 ,
2817 5329 2912 5384 καὶ
2944 5325 3286 5399 ἁκράδαντον
3315 5320 3550 5393 ἐχόντων

1961 5434 2062 5504 τὴν
2082 5431 2286 5502 ψυχὴν.

2531 5606 2785 5662 ΚΕΦΛΛ.
2845 5607 2940 5659 IA'.

2032 5710 2104 5765 Εἴ
2124 5725 2204 5774 τις
2237 5701 2711 5776 κεκαθαρισμένον
2763 5699 2877 5770 ἔχει
2919 5699 3002 5754 τὸν
3038 5691 3304 5764 λογισμὶν
3343 5687 3406 5740 ὲκ
3449 5683 3550 5755 τῆς
