3954 6146
368 318 508 384 1169
1589 312 1861 374 CAPITA
1898 309 2455 374 ADMONITOBIA.
2929 403 2934 407 .
3514 306 3667 366 1179

379 431 731 507 ἀνθρωπίνης
785 431 1026 502 ἀπάτης,
1055 431 1152 486 καὶ
1185 427 1376 502 βλέπει
1422 431 1482 484 τδ
1525 429 1808 485 οὐτιδανδν
1859 431 1961 502 τῆς

2104 429 2306 494 oribus,
2342 427 2718 500 perspicitque
2764 439 2880 481 suae
2909 430 3124 479 natura
3148 419 3444 486 vilitatem,
3471 421 3658 477 brevi-

379 525 572 580 ἑαυτοῦ
629 541 865 594 φυσεως,
896 523 1019 578 τότε
1063 524 1239 596 βραχὺ
1283 524 1377 577 καὶ
1403 523 1699 594 ὠκύμορον
1738 523 1842 593 τῆς
1871 525 1964 578 ὲν-

377 617 550 671 ταῦθα
583 615 752 686 ζωῆς,
778 615 869 670 καὶ
910 616 1000 670 τὸν
1029 617 1459 687 συνεζευγμένον
1480 619 1546 686 τῇ
1582 617 1748 688 σαρκὶ
1770 616 1967 688 ῥύπον,

379 713 459 771 εἰς
508 709 600 762 τὸν
636 707 736 778 τῆς
782 707 1164 780 ὑπερηφανίας
1203 710 1304 762 οὐκ
1340 709 1668 779 ,ἐμπεσεῖται
1699 709 1966 780 κρημνὸν,

381 798 486 850 κᾶν
525 801 581 849 εν
613 795 889 868 ἀξιώματι
921 797 1148 869 ὑπάρχῃ
1179 797 1392 870 ὑψηλῷ.

977 929 1233 984 ΚΕΦΔΛ..
1291 931 1393 984 ῙΕ¹.

460 1045 631 1116 Ὑπὲρ
703 1043 884 1098 πάντα
945 1044 1045 1116 τῆς
1106 1043 1394 1115 βασιλείας
1448 1045 1518 1100 τά
1599 1044 1810 1114 ἔνδοξα,
1871 1047 1971 1118 τῆς

378 1137 657 1201 εὐσεϐείας
695 1137 756 1192 τὸ
805 1137 1026 1209 στέμμα
1081 1139 1176 1192 τὸν
1219 1136 1448 1209 βασιλέα
1498 1141 1736 1203 κοσμεῖ”
1774 1141 1803 1192 ὀ
1861 1139 1970 1210 γὰρ

380 1230 608 1290 πλοῦτος
659 1229 988 1302 ἀπέρχεται,
1021 1230 1118 1285 καὶ
1163 1233 1197 1303 ἡ
1237 1231 1366 1299 δόξα
1401 1230 1734 1303 μετέρχεται
1767 1248 1784 1265 ο
1818 1232 1880 1286 τὸ
1910 1232 1971 1287 δὲ

379 1321 534 1384 κλέος
564 1324 663 1392 τῆς
691 1321 879 1376 ἐνθέου
937 1323 1216 1386 πολιτείας
1269 1323 1559 1387 ἀθανάτοις
1611 1322 1771 1376 αἰῶσι
1828 1340 1969 1392 συμ-

384 1414 830 1484 παρεκτείνεται,
905 1415 1003 1468 καλ⁵
1044 1398 1229 1487 ’λήθης
1265 1417 1520 1470 ἐπέκεινα
1583 1415 1711 1480 τοὺς
1745 1413 1972 1487 ἔχοντας

381 1503 588 1576 ῐστησι.

959 1639 1214 1694 ΚΕΦΑΛ.
1276 1639 1396 1710 ις’.

452 1753 667 1823 Σφόδρα
710 1770 802 1824 μοι
833 1753 983 1808 δοκεῖ
1021 1756 1379 1810 ἀτοπώτατον
1409 1752 1570 1822 εἶναι,
1605 1759 1686 1812 δτι
1715 1759 1968 1815 πλούσιοι.

2071 527 2357 590 tatemque
2393 519 2570 575 veloci
2602 517 2716 572 fato
2764 513 3019 570 obnoxiae
3055 511 3348 584 praesentis
3369 507 3518 572 vitae,
3544 518 3660 563 tum

2071 612 2224 668 carni
2273 613 2596 684 conjunctas
2645 609 2954 679 insitasque
3001 604 3236 669 sordes,
3291 603 3358 659 ad
3385 602 3664 674 superbire

2071 718 2357 772 nunquam
2412 701 2678 758 illabetur
2708 697 3106 771 praecipitium,
3156 695 3414 768 quamvis
3463 695 3519 750 in
3564 709 3651 749 e1-

2071 795 2220 849 celso
2242 793 2534 866 dignitatis
2557 793 2784 864 fastigio
2809 790 3102 847 consistat.

2710 928 2866 986 CAP.
2907 927 3024 984 XV.

2143 1047 2322 1119 Super
2369 1047 2558 1102 omnia
2597 1045 2866 1116 prreclara
2899 1059 3024 1113 qua:
3065 1055 3294 1119 regnum
3328 1038 3517 1102 habet,
3551 1037 3670 1108 pie-

2075 1142 2203 1195 tatis
2223 1115 2530 1208 cultusque
2560 1115 2736 1193 divini
2757 1150 2965 1192 corona
2998 1115 3184 1204 regem
3215 1136 3451 1187 exornat
3475 1144 3493 1185 :
3519 1127 3667 1201 divi-

2075 1233 2165 1289 tiae
2209 1248 2450 1304 namque
2500 1209 2866 1295 evanescunt,
2917 1227 3178 1297 vulgique
3233 1223 3391 1294 favor
3436 1230 3496 1276 et
3533 1233 3676 1276 aura-

2075 1325 2277 1380 transit
2317 1343 2332 1380 :
2375 1325 2494 1380 sola
2522 1323 2651 1378 vita:
2685 1317 3110 1390 Deoplacentis
3133 1315 3310 1388 gloria
3337 1308 3669 1368 immortali-

2074 1417 2180 1473 bus
2209 1415 2426 1473 saeculis
2458 1414 2872 1476 coextenditur,
2904 1421 2961 1467 et
2991 1417 3146 1465 trans
3184 1404 3490 1464 oblivionis
3515 1411 3674 1457 tene-

2073 1508 2204 1563 bras
2229 1507 2465 1564 collocat
2489 1505 2868 1578 possidentes.

2702 1637 2857 1694 CAP.
2896 1635 3038 1691 XVI.

2145 1755 2520 1810 Vehementer
2573 1752 2704 1806 mihi
2745 1750 2972 1805 videtur
3017 1745 3487 1803 absurdissimum
3524 1759 3670 1806 esse,

384 1846 476 1898 καὶ
508 1820 739 1915 πένητες
765 1845 1046 1917 ἄνθρωποι
1071 1847 1130 1914 ὲξ
1157 1849 1428 1919 ἀνομοίων
1452 1820 1796 1922 πραγμάτων
1840 1851 1972 1922 βλά-

2104 1848 2230 1918 [uod
2265 1847 2469 1902 divites
2511 1855 2568 1902 et
2601 1858 2880 1916 pauperes
2913 1843 3170 1897 homines
3205 1856 3273 1894 ex
3311 1836 3679 1893 dissimilibus

385 1936 486 2008 δην
538 1937 840 2009 πάσχουσιν
867 1941 1082 2010 ὁμοίαν.
1117 1943 1181 1996 Οἱ
1207 1943 1308 2007 μὲν
1357 1943 1468 2015 γὰρ
1511 1945 1618 1997 ὑπὸ
1669 1945 1762 1998 τοῦ
1805 1947 1972 2017 κόρου

387 2029 833 2101 διαρῤήγνυνται,
857 2034 908 2086 oi
945 2033 1001 2087 δὲ
1027 2035 1149 2089 ’ὑπὸ
1190 2034 1285 2088 τοῦ
1343 2036 1506 2103 λιμοῦ
1541 2037 1974 2108 διαφθε-ίρονταιθ

388 2121 484 2174 καὶ
503 2121 553 2174 oi
587 2123 684 2193 μὲν
736 2125 1032 2194 κατέχουσι
1071 2125 1166 2180 τοῦ
1206 2126 1413 2197 κόσμου
1444 2127 1514 2181 τὰ
1553 2129 1765 2200 πέρατα
1791 2171 1806 2194 ,
1844 2129 1978 2188 οί.δὲ

387 2213 488 2264 οὐκ
539 2211 723 2283 ἔχουσι
772 2215 875 2267 ποῦ
939 2216 1139 2286 στῆσαι
1174 2216 1245 2270 τὰ
1298 2218 1574 2288 πέλματα.
1612 2220 1728 2274 Ἵνα
1791 2221 1975 2275 τοίνυν

388 2303 556 2373 ἄμφω
587 2309 686 2376 τῆς
731 2308 919 2374 ὑγείας
947 2308 1204 2378 τύχωσιν,
1228 2313 1524 2380 ἀφαιρέσει
1565 2314 1660 2366 καὶ
1690 2314 1981 2384 προσθέσει

389 2396 614 2460 τούτους
635 2397 1022 2468 θεραπευτέον,
1051 2402 1292 2474 καὶπρὸς
1312 2404 1531 2472 ἰσότητα
1558 2405 1655 2474 τὴν
1689 2404 1984 2476 ἀνισότητα

393 2487 758 2556 μετενεκτέον.

991 2607 1246 2683 κεειιιιᾼ.
1289 2609 1392 2663 ll".

481 2692 594 2762 Ἐφ’
633 2695 766 2766 ἡμῖν
831 2697 1116 2770 ἀνεδείχθη
1172 2699 1271 2768 τῆς
1321 2701 1553 2765 εύζωῖας
1599 2705 1627 2755 ὁ
1682 2702 1984 2772 χρόιος,δν

392 2786 626 2851 προεῖπέ
664 2803 750 2850 τις
779 2787 888 2841 τῶν
921 2790 1168 2845 παλαιῶν
1207 2793 1450 2854 ἔσεσθαι,
1481 2795 1665 2866 ὅτανῆ
1698 2796 1984 2864 φιλόσοφοι

401 2874 876 2950 βασιλεύσωσιν,ἧ
929 2879 1173 2947 βασιλεῖς
1221 2884 1672 2955 φιλοσοφήσωσι·
1733 2888 1826 2942 καὶ
1876 2889 1986 2956 γὰρ

399 2966 818 3034 φιλοσοφοῦντες
840 2970 1113 3042 ἡξιιῦθητε
1154 2973 1434 3044 βασιλείας
1458 3017 1473 3040 ,
1503 2978 1598 3031 καὶ.
1624 2979 1986 3048 βασιλεύσαν-

400 3073 492 3119 τες
517 3057 618 3112 οὐκ
641 3059 918 3129 ἀπέστητε
968 3063 1320 3134 φιλοσοφίας.
1349 3069 1411 3122 El
1437 3069 1548 3139 γὰρ
1587 3070 1647 3123 τὸ
1686 3072 1862 3138 φιλεῖν
1901 3091 1988 3128 σο-

2085 1939 2253 1994 rebus
2285 1938 2685 1993 detrimentum
2726 1935 2908 1991 simile
2946 1934 3272 2006 patiuntur;
3317 1930 3677 2004 illLllalllqm}

2085 2048 2114 2086 a
2137 2031 2293 2102 copia
2319 2045 2504 2086 rerum
2525 2035 2930 2100 perrumpuntu
2941 2043 2986 2090 r,
3005 2025 3062 2080 hi
3083 2039 3216 2080 vero
3246 2023 3389 2078 l‘ame
3413 2029 3676 2090 pereunt:

2087 2123 2218 2179 item
2250 2121 2331 2178 illi
2363 2129 2642 2192 occupant
2681 2121 2907 2174 ultimos
2936 2117 3134 2174 mundi
3158 2115 3448 2177 terminos,
3485 2111 3540 2166 hi
3566 2126 3680 2166 non

2088 2215 2310 2270 habent.
2333 2214 2431 2269 ubi
2467 2213 2673 2268 callosa
2708 2212 2914 2283 pedum
2961 2209 3194 2280 vestigia
3237 2207 3456 2264 sistant.
3478 2203 3550 2261 Ut
3579 2202 3682 2272 igi-

2088 2315 2181 2362 tur
2235 2315 2472 2377 utraque
2529 2303 2958 2376 parssanitatis
3011 2302 3145 2357 [iant
3186 2297 3682 2370 compotes.aul'e-

2089 2397 2266 2454 rcndo
2310 2410 2362 2454 et
2417 2397 2786 2453 diminuendo
2814 2397 2956 2452 istos
2991 2409 3184 2466 regere
3211 2399 3455 2462 oportet,
3503 2399 3562 2446 et
3610 2389 3684 2444 ad

2091 2489 2470 2559 aequalitatem
2515 2488 2864 2559 inaequalitas
2896 2484 3283 2540 transferenda
3313 2491 3423 2537 est.

2716 2599 2868 2656 CAP.
2909 2597 3073 2653 XVII.

2161 2691 2376 2747 Nostris
2415 2691 2765 2760 temporibus
2809 2700 3097 2746 ostensum
3137 2693 3224 2742 est
3252 2699 3540 2757 prosperas
3559 2683 3687 2738 vitae

2093 2793 2312 2854 tempus
2354 2784 2504 2853 quod
2551 2783 2808 2855 praedixit
2854 2782 3080 2852 quidam
3116 2796 3184 2836 ex
3213 2779 3498 2834 veteribus
3531 2776 3686 2832 futu-

2095 2891 2239 2940 rum,
2293 2891 2418 2930 cum
2476 2875 2558 2929 vel
2616 2873 2935 2944 philosophi
2991 2871 3323 2943 regnabunt,
3382 2868 3469 2923 vel
3528 2882 3702 2937 rcges.

2094 2966 2637 3036 philosOphabuutur
2671 2983 2685 3020 :
2723 2981 2850 3021 nam
2889 2973 3005 3020 tum
3052 2960 3500 3034 philosophando
3531 2959 3686 3031 digiti

2098 3058 2272 3113 habiti
2325 3073 2497 3129 regno
2539 3057 2700 3121 estis,
2741 3067 2856 3112 tum
2885 3072 3022 3113 vero
3065 3055 3348 3126 regnando
3381 3069 3412 3109 a
3443 3053 3689 3124 philoso-

402 3148 532 3215 φίαν
570 3155 712 3204 ποιεῖ
745 3153 1086 3224 φιλοσοφίαν,
1127 3157 1272 3228 ἀρχὴ
1329 3159 1385 3212 δὲ
1431 3161 1668 3228 σοφίαςὸ
1702 3163 1795 3216 τοῦ
1846 3164 1983 3218 Θεοῦ

2104 3149 2226 3218 phia
2269 3165 2379 3202 non
2425 3148 2740 3204 descivistis
2785 3166 2800 3201 :
2845 3149 2892 3204 si
2919 3147 3070 3202 enim
3129 3161 3317 3201 amare
3356 3145 3686 3215 sapientiam

406 3241 596 3307 φόϐος,
634 3243 693 3296 ὃν
731 3247 790 3298 ὲν
835 3249 948 3310 τοῖς
992 3249 1242 3320 στέρνοις
1277 3251 1432 3320 ὑμῶν
1469 3255 1768 3318 διαπαντὸς
1814 3257 1987 3328 ἔχετε,

407 3329 629 3402 ιῦδηλον
656 3335 732 3398 ὼς
762 3337 965 3407 ἀληθὲς
999 3341 1058 3424 τὸ
1097 3343 1230 3412 παρ’
1264 3343 1400 3412 ὶμοῦ
1440 3345 1758 3414 λεγόμενον.

1001 3623 1254 3680 ΚΕΦΑΛ.
1293 3625 1400 3681 111⁸.

487 3709 722 3766 Βασιλέα
763 3729 822 3766 σε
873 3715 1016 3770 κατὰ
1062 3717 1326 3788 ἀλήθειαν
1363 3720 1620 3791 ὁρίζομαι
1646 3763 1661 3784 ,
1705 3723 1781 3788 ὡς
1840 3725 1997 3796 βασι·

419 3803 597 3858 λεύειν
622 3806 716 3861 καὶ
755 3811 980 3878 κρατεῖν
1008 3809 1116 3863 τῶν
1155 3808 1361 3879 ἡδονῶν
1397 3811 1698 3882 δυνάμενον
1725 3857 1739 3880 ,
1781 3816 1876 3869 καὶ¹
1909 3817 1998 3870 τὸν

419 3891 681 3964 στέφανον
709 3898 810 3970 τῆς
853 3899 1213 3972 σωφροσύνης
1263 3903 1692 3974 ἀναδησάμενοι),
1726 3909 1818 3960 καὶ
1862 3924 1998 3978 πορ-

418 3986 598 4058 φύραν
659 3987 757 4060 τῆς
797 3990 1146 4062 δικαιοσύνης
1200 3994 1642 4065 ἀμφιασάμενον.
1673 3997 1737 4052 Ἡ
1773 3999 2000 4070 μὲνγὰρ

417 4079 552 4150 ἄλλη
581 4079 802 4146 ἐξουσία
839 4081 930 4136 τὸν
957 4083 1188 4138 θάνατον
1216 4085 1330 4156 ἔχει
1361 4087 1651 4159 διαδοχήνο
1691 4089 1796 4160 ἡδὲ
1824 4092 2006 4146 τοιαύ-

417 4183 483 4236 τη
535 4166 782 4236 βασιλεία
821 4169 922 4242 τὴν
959 4171 1230 4227 ἀθάνατον
1279 4173 1444 4240 σώζει
1486 4177 1788 4251 διαμονήν·
1825 4183 1921 4236 καὶ
1968 4184 2002 4254 ή

425 4259 524 4325 μὲν
571 4263 628 4313 ἐν
661 4261 740 4332 τῷ
782 4262 940 4316 αἰῶνι
992 4264 1168 4336 τούτῳ
1207 4265 1428 4322 λύεταν
1465 4270 1493 4322 ὁ
1523 4269 1579 4322 δὲ
1631 4271 1732 4340 τῆς
1778 4274 2004 4328 αἰωνίου

424 4351 696 4416 κολάσεως
739 4353 948 4424 ῥύεται.

1013 4471 1266 4529 ΚΕΦΑΛ.
1315 4472 1416 4529 ιε’.

503 4549 690 4642 Είγῗτὴν
714 4557 778 4610 ἐκ
810 4559 1028 4615 πάντων
1059 4562 1240 4632 βούλει
1271 4569 1616 4638 καρποῦσθαι
1637 4573 1824 4642 τιμὴν,
1851 4574 2003 4641 γίνου

435 4643 544 4702 τοῖς
567 4641 772 4697 ἅπασιν
808 4649 1104 4722 εὐεργέτης
1137 4655 1320 4720 κοινός
1344 4674 1357 4687 ·
1387 4658 1541 4713 οὐδὲν
1575 4661 1681 4732 γὰρ
1701 4641 1844 4714 οὕτω
1875 4663 2010 4731 πρὸς

435 4732 648 4790 εὔνοιαν
689 4738 1000 4807 ἐφέλκεται,
1031 4746 1107 4810 ὡς
1149 4749 1399 4816 εὐποιίας
1427 4753 1590 4826 χάρις
1619 4753 1872 4825 διδομένη
1898 4757 2010 4819 τοῖς

432 4827 746 4898 χρῄζουσιν.
789 4832 853 4885 Ἢ
902 4835 1012 4908 γὰρ
1049 4837 1136 4892 διὰ
1186 4841 1352 4910 φόϐον
1401 4846 1664 4917 γινομένη
1714 4846 2008 4916 θεραπεία,

431 4935 669 4992 κατεσχη
681 4927 987 4996 ματισμένη
1015 4929 1133 4984 ἐστὶ
1163 4932 1393 4999 θωπεία,
1429 4938 1822 5008 πεπλασμὲνης
1843 4939 2013 5010 τιμῆς

429 5011 654 5080 ὀνόματι
685 5017 1053 5083 φενακίζουσα
1081 5025 1208 5090 τοὺς
1237 5027 1372 5100 αὐτῇ
1411 5030 1868 5102 προσανέχοντας.

921 5272 935 5309 ,
1039 5226 1294 5280 suam.
1325 5231 1408 5282 K'.

505 5311 685 5381 Σεπτὴ
729 5310 954 5376 δικαίως
997 5315 1148 5369 ἐστὶν
1205 5320 1238 5388 ἡ
1289 5321 1443 5390 ἡμῶν
1493 5322 1738 5392 βασιλεία
1783 5326 1864 5379 ὃτι
1904 5329 2015 5390 τοῖς

435 5403 718 5474 πολεμίοις
763 5405 864 5475 μὲν
913 5408 1151 5463 δεικνύει
1183 5413 1281 5482 τὴν
1309 5414 1578 5481 ἐξουσίαν,
1608 5421 1718 5482 τοῖς
1751 5420 2013 5490 ὑπηκόοις

435 5493 490 5546 δὲ
537 5496 690 5564 νέμει
743 5499 1195 5570 φιλανθρωπίαν
1237 5507 1330 5558 καὶ
1395 5507 1602 5561 νικῶσα
1651 5511 1891 5575 ἐκείνους
1947 5513 2013 5580 τῇ

435 5584 658 5658 δυνάμει
693 5584 800 5640 τῶν
842 5591 1044 5658 ὃπλων,
1071 5603 1135 5669 τῇ
1177 5596 1362 5666 ἀόπλῳ
1406 5599 1599 5671 ἀγάπῃ
1638 5601 1746 5654 τῶν
1797 5602 2016 5656 οἰκείων

437 5679 662 5747 ἡττᾶται
699 5698 712 5710 ·
750 5681 872 5736 ὅσον
908 5684 1015 5754 γὰρ
1069 5687 1262 5758 θηρίου
1295 5693 1387 5744 καὶ
1418 5691 1694 5762 προϐάτου
1733 5693 1788 5747 τὸ
1828 5693 2013 5765 μέσον,

440 5777 693 5830 τοσοῦτον
715 5779 1046 5851 ἀμφοτέρων
1067 5785 1278 5854 irim
1314 5785 1370 5839 τδ
1395 5787 1672 5856 διάφορον·

2095 3239 2733 3310 επὶοίιριιὶιοεοῃιιίαιιις
2773 3238 3114 3308 principium
3147 3247 3334 3292 autem
3377 3237 3686 3306 sapientiae,

2094 3331 2193 3386 Dei
2227 3339 2313 3386 est
2341 3331 2511 3385 timor
2562 3347 2730 3401 quem
2759 3329 2831 3384 'in
2885 3329 3210 3402 pectoribus
3242 3328 3443 3384 vestris
3481 3328 3689 3400 jugitcr

2097 3421 2337 3482 habetis,
2391 3420 2602 3476 clarum
2643 3437 2810 3492 quam
2859 3435 3052 3476 verum
3103 3419 3177 3475 sit
3215 3419 3362 3489 quod
3409 3435 3440 3474 a
3481 3435 3568 3474 me
3607 3421 3689 3474 di-

2099 3515 2267 3568 citur.

2700 3628 2852 3686 CAP.
2885 3627 3079 3684 XVIII.

2171 3721 2248 3776 Te
2294 3738 2484 3778 revera
2537 3723 2928 3794 imperatorem
2978 3719 3306 3783 asserimus,
3355 3718 3562 3789 quippe
3591 3719 3686 3788 qui

2101 3825 2158 3870 et
2187 3815 2456 3885 imperare
2481 3829 2547 3871 ac
2569 3813 2844 3870 dominari
2867 3813 3248 3883 voluptatibus
3269 3813 3458 3877 vales;
3484 3819 3538 3866 et
3571 3820 3689 3866 tum

2102 3917 2304 3958 corona
2334 3903 2606 3961 castitatis
2639 3905 2954 3970 redimitus,
2978 3914 3094 3959 tum
3127 3917 3432 3976 purpuram
3454 3902 3691 3972 justitiai

2104 3995 2336 4052 indutus
2379 3997 2613 4052 incedis.
2663 3997 2798 4053 Aliis
2838 4013 3078 4068 namque
3127 3996 3500 4068 potestatibus
3542 4009 3692 4050 mors

2105 4087 2234 4158 ipsa-
2281 4089 2534 4145 succedit
2580 4106 2595 4144 :
2660 4089 3050 4162 hujuscemodi
3105 4103 3238 4144 vero
3301 4103 3530 4159 regnum
3589 4089 3692 4142 im-

2107 4181 2396 4236 mortalem
2445 4190 2632 4238 servat
2676 4183 3106 4252 perpetuitatem
3162 4199 3175 4235 :
3226 4190 3283 4235 et
3329 4181 3419 4235 illa
3474 4181 3580 4235 hoc
3637 4182 3693 4236 in

2107 4273 2309 4328 Steculo
2359 4273 2617 4343 solvitur,
2661 4274 2777 4329 haec
2823 4284 3010 4330 autem
3042 4291 3073 4329 a
3105 4283 3374 4344 perpetuo
3419 4274 3700 4345 supplicio-

2108 4363 2400 4419 liberatur.

2737 4478 2892 4534 CAP.
2927 4477 3072 4534 XIX.

2185 4569 2241 4624 Si
2269 4567 2480 4624 honore
2518 4569 2611 4640 qui
2639 4570 2710 4626 ab
2735 4570 2998 4626 omnibus
3031 4571 3424 4640 proﬁciscitur,
3458 4573 3664 4641 perfrui

2114 4662 2218 4724 vis,
2250 4669 2521 4730 praestate
2545 4677 2900 4718 communem
2941 4663 3190 4741 omnium
3235 4662 3648 4720 benefactorem
3681 4683 3690 4714 :

2114 4752 2258 4808 nihil
2293 4753 2441 4808 enim
2481 4755 2621 4810 adeo
2645 4755 2874 4812 attrahit
2913 4755 2979 4811 ad
3011 4755 3476 4821 benevolentiam,
3511 4765 3572 4812 ut
3597 4757 3693 4814 be-

2115 4846 2297 4902 neﬁcii
2331 4848 2504 4918 gratia
2556 4865 2678 4919 quae
2711 4849 2877 4904 datur
2909 4848 3289 4920 indigentibus
3321 4867 3334 4902 :
3369 4849 3514 4920 quod
3543 4851 3691 4906 enim

2115 4939 2186 4994 ob
2210 4947 2416 4994 metum
2449 4949 2741 5010 praestatur
2771 4941 3125 5012 obsequium,
3151 4941 3332 4998 fucata
3359 4941 3698 5014 ﬁgurataque

2115 5040 2202 5088 est
2233 5031 2479 5088 adulatio
2511 5032 2621 5089 ﬁcti
2650 5033 2878 5089 honoris
2919 5033 3102 5098 titulo,
3137 5032 3334 5090 fallens
3355 5049 3452 5090 cos
3475 5036 3567 5105 qui
3594 5036 3697 5105 ipsi

2116 5123 2358 5179 animum
2386 5125 2701 5181 advertunt.

2755 5239 2907 5294 CAP.
2950 5239 3068 5295 XX.

2189 5329 2576 5386 Venerandum
2617 5333 2741 5402 jure
2769 5343 2857 5388 est
2890 5340 3139 5388 vestrum
3171 5330 3465 5402 imperium
3511 5346 3524 5382 :
3568 5328 3691 5397 quia

2119 5422 2374 5479 hostibus
2403 5425 2628 5495 quidem
2659 5441 2774 5481 sua:
2804 5425 3152 5482 demonstrat
3193 5423 3423 5497 pietatis
3449 5423 3693 5480 aculeos.

2119 5515 2360 5571 subditis
2393 5531 2526 5572 vero
2559 5517 2785 5573 exhibet
2821 5518 3226 5572 humanitatem
3261 5533 3274 5568 :
3308 5523 3363 5568 et
3399 5525 3524 5565 cum
3572 5510 3698 5562 illos

2118 5608 2304 5663 vincat
2349 5625 2629 5682 armorum
2677 5611 2753 5674 vi,
2806 5611 3004 5666 inermi
3061 5609 3329 5686 charitatc
3378 5602 3614 5654 vincitur
3667 5617 3696 5653 τι

2121 5699 2234 5754 suis.
2267 5713 2282 5753 :
2313 5711 2578 5770 quantum
2613 5703 2764 5756 enim
2791 5701 2919 5756 forte
2947 5710 3004 5756 et
3039 5699 3158 5752 ovis
3201 5682 3558 5750 interstitium
3588 5701 3692 5758 est,
3769 5682 3774 5686 ’

2119 5799 2334 5849 tantum
2365 5808 2486 5848 esse
2517 5795 2660 5849 inter
2693 5809 2789 5850 eos
2823 5791 3124 5848 discrimen
3152 5786 3520 5842 existimatur.
