3998 6146
331 145 362 164 υ

1293 253 1320 288 κ

357 285 488 353 1171

975 406 1128 463 CAP.
1177 406 1322 463 XXI.

424 497 678 554 Essentia
728 502 982 569 corporis
1030 501 1260 570 aequalis
1311 517 1374 556 es
1416 503 1650 558 cuilibet
1693 501 1928 567 homini,

351 590 676 660 imperator,
725 600 998 662 potestate
1033 601 1219 649 autem
1275 594 1561 668 dignitatis
1603 604 1932 651 cunctorum

352 681 578 750 praesidi
618 682 730 740 Deo
763 683 962 740 similis
997 701 1011 738 :
1043 700 1154 740 non
1181 687 1332 742 enim
1367 688 1537 744 habet
1575 689 1633 744 in
1681 689 1846 744 terris
1873 704 1932 744 se

355 788 688 844 quemquam
744 775 1020 832 altiorem.
1073 777 1306 850 Oportet
1359 781 1532 852 igitur
1588 781 1804 852 ipsum,
1871 791 1934 836 ut

351 863 549 929 Deum,
581 881 694 921 non
734 867 929 935 irasci;
964 877 1025 924 ut
1064 873 1374 937 mortalem,
1405 887 1517 927 non
1544 872 1732 928 eﬂ‘erri
1761 891 1775 928 :
1804 889 1930 929 nam

347 955 449 1010 etsi
495 954 674 1028 elligie
717 957 908 1017 divina
935 960 1242 1018 honoratus
1269 973 1374 1028 est,
1406 972 1465 1019 at
1489 963 1718 1033 pulvere
1747 973 1931 1020 tamen

346 1054 573 1102 terreno
597 1063 886 1107 connexus
925 1061 1040 1120 est;
1072 1069 1183 1124 quo
1211 1054 1480 1111 edocetur
1502 1063 1566 1109 ut
1583 1069 1712 1128 erga
1738 1071 1932 1112 omnes

345 1154 531 1200 servet
563 1146 958 1216 aequalitatem.

957 1259 1109 1315 CAP.
1155 1261 1321 1318 XXII.

412 1347 796 1419 Complectere
841 1367 938 1407 eos
981 1353 1077 1423 qui
1130 1353 1406 1409 bonorum
1466 1364 1520 1410 te
1563 1353 1927 1410 consiliorum

347 1441 689 1497 admonitum
726 1445 940 1510 volunt,
993 1461 1105 1501 non
1148 1461 1246 1501 eos
1288 1447 1384 1516 qui
1433 1447 1651 1504 adulari
1679 1461 1930 1518 saepenu-

345 1547 498 1586 mero
555 1532 800 1588 student.
874 1533 958 1588 Illi
1033 1536 1181 1590 enim
1239 1537 1388 1606 quod
1440 1553 1636 1594 revera
1681 1537 1925 1608 expedit,

345 1623 718 1694 perspiciunt:
753 1625 808 1680 hi
839 1641 971 1681 vero
997 1627 1064 1682 ad
1088 1643 1152 1682 ea
1177 1645 1301 1698 quae
1329 1630 1553 1699 placent
1583 1629 1926 1700 potentibus,

344 1717 652 1786 respiciunt
686 1733 1136 1790 :corporumque
1182 1721 1408 1778 umbras
1462 1721 1768 1788 imitantes,
1808 1722 1927 1778 sin-

341 1808 486 1879 gulis
510 1823 704 1864 eorum
737 1809 903 1864 dictis
933 1811 1260 1866 concinunt.

941 1919 1096 1977 CAP'.
1136 1921 1330 1977 XXIII.

413 2012 598 2068 Talem
657 2023 710 2068 te
766 2022 966 2083 presta
1002 2025 1128 2070 tuos
1150 2031 1279 2086 erga
1311 2015 1668 2078 domesticos.
1709 2017 1927 2087 qualem

339 2115 500 2176 optas
529 2121 659 2176 erga
689 2114 742 2161 te
773 2106 1066 2161 Dominum
1099 2123 1259 2164 esse:
1286 2116 1453 2178 prout
1477 2109 1626 2162 enim
1648 2109 1926 2176 audimus,

340 2197 662 2264 audiemur;
703 2205 762 2253 et
800 2207 862 2254 ut
892 2199 1247 2270 respicimus,
1278 2200 1651 2271 respiciemur
1678 2217 1709 2256 a
1739 2201 1930 2256 divino

342 2297 652 2361 cunctaque
699 2300 998 2347 contuente
1047 2301 1297 2363 aspectu.
1339 2293 1564 2349 Priores
1609 2294 1781 2366 igitur
1824 2309 1930 2350 nos

249 2402 259 2418 ι
343 2381 742 2438 misericordia:
791 2383 1230 2442 misericordiam
1267 2385 1640 2452 conferamus,
1695 2393 1758 2441 ut
1809 2383 1930 2458 pari

340 2487 442 2542 par
467 2472 820 2544 recipiamus.

961 2588 1112 2644 CAP.
1163 2589 1353 2644 XXIV.

415 2679 593 2736 Sicuti
611 2681 885 2752 exquisita
919 2683 1146 2752 specula
1177 2683 1315 2738 tales
1337 2693 1655 2741 monstrant
1671 2685 1928 2742 vultuum

344 2772 828 2846 imagines,qualia
864 2774 982 2845 ipsa
1031 2781 1162 2830 sunt
1189 2775 1508 2848 archetypa,
1539 2777 1746 2834 nitidas
1772 2779 1932 2835 vide-

343 2861 477 2917 licet
501 2862 822 2928 nitentium,
854 2864 1046 2922 tristes
1067 2872 1254 2921 autem
1298 2869 1656 2924 merentium
1683 2908 1700 2935 ,
1731 2871 1928 2926 eodem

343 2963 510 3024 pacto
535 2954 745 3026 justum
772 2956 871 3012 Dei
915 2957 1185 3029 judicium
1210 2959 1418 3016 nostris
1439 2960 1759 3019 actionibus
1789 2964 1928 3020 assi-

345 3047 602 3108 milstur:
620 3049 806 3119 qualia
836 3049 984 3106 enim
1009 3059 1139 3106 sunt
1165 3067 1290 3123 quae
1321 3068 1353 3108 a
1381 3053 1546 3110 nobis
1571 3064 1924 3126 prastantur,

345 3142 474 3200 talia
504 3143 621 3214 ipse
637 3143 800 3200 nobis
838 3159 942 3214 par
973 3143 1091 3214 pari
1124 3144 1375 3202 referens
1396 3146 1642 3205 exhibet.

961 3344 1114 3402 CAP.
1137 3334 1306 3402 XXV.

417 3435 672 3491 Delibera
704 3435 798 3492 diu
835 3435 905 3492 de
950 3436 1018 3492 iis
1041 3453 1164 3507 quae
1188 3437 1399 3508 agenda
1427 3446 1587 3505 sunt;
1626 3453 1930 3509 exsequere

346 3535 530 3582 autem
569 3543 691 3597 qua:
712 3527 1025 3584 decreveris
1061 3529 1280 3585 naviter
1311 3546 1326 3584 :
1355 3529 1618 3600 quoniam
1653 3530 1929 3602 periculo-

346 3634 468 3672 sum
500 3627 585 3675 est
607 3619 904 3675 admodum
923 3619 1332 3676 inconsiderata
1360 3621 1414 3676 in
1433 3621 1600 3677 rebus
1623 3623 1924 3678 temeritas.

348 3709 406 3764 Si
432 3709 557 3780 quis
597 3711 745 3766 enim
767 3728 890 3782 quae
915 3727 979 3766 ex
1012 3712 1325 3768 inconsulta
1352 3719 1538 3768 mente
1587 3714 1924 3783 proveniunt

347 3801 528 3862 mala.
591 3805 913 3874 conceperit
967 3803 1176 3866 animo,
1236 3802 1397 3858 facile
1443 3805 1752 3874 comperiet
1792 3805 1924 3860 boni

347 3893 579 3948 consilii
608 3894 896 3949 commoda
944 3912 958 3947 :
1005 3903 1067 3950 ut
1121 3893 1216 3964 qui
1271 3909 1552 3964 prospera:
1595 3895 1928 3952 valetudinis

346 3982 581 4045 bonum,
620 3991 746 4053 post
789 3983 1164 4055 aegrotationis
1189 3983 1628 4052 experimentum
1657 3989 1927 4054 persenti-

349 4082 532 4130 scunt.
563 4075 742 4131 Debes
781 4075 968 4148 igitur,
995 4073 1427 4146 prudentissime
1455 4090 1572 4141 rex,
1592 4086 1707 4132 tum
1740 4080 1926 4136 consi-

1667 292 1992 354 AGAPETI
2032 294 2344 357 DIACONI

3483 298 3628 369 1172

2606 410 2857 464 ΚΕΦΑΛ.
2915 409 3051 464 KA'.

2113 497 2191 568 Τῇ
2225 498 2326 568 μὲν
2359 499 2519 570 οὐσίᾳ
2552 501 2647 555 τοῦ
2683 503 2956 574 σώματος,
2986 505 3103 568 ῐσ.ς
3142 503 3309 556 παντὶ
3347 501 3626 574 ἀνθρώπῳ

2039 591 2068 643 ὁ
2098 589 2375 659 βασιλεὺς,
2393 595 2458 664 τῇ
2490 593 2714 666 ἐξουσίᾳ.
2745 596 2804 649 δὲ
2830 595 2925 649 τοῦ
2951 595 3265 668 ἀξιώματος
3293 595 3484 666 ὅμοιός
3505 597 3624 651 ἐστι

2039 683 2118 754 τῷ
2169 686 2262 738 ἐπὶ
2313 686 2534 740 πάντων
2586 687 2862 757 Θεῷ-οὐκ
2917 688 3030 759 ἔχει
3072 687 3183 758 γὰρ
3223 687 3319 740 ἐπὶ
3377 689 3482 760 γῆς
3529 689 3624 742 τὸν

2039 773 2205 827 αὐτοῦ
2252 774 2605 846 ὑψηλότερον.
2639 776 2760 848 Χρὴ
2796 777 2977 833 τοίνυν
3017 777 3184 832 αὑτὸν
3231 776 3324 830 καὶ
3363 778 3440 842 ὼς
3487 780 3620 833 Θεὸν

2042 866 2118 936 μὴ
2163 867 2506 939 ὀργίζεσθαι,
2537 870 2630 923 καὶ
2660 868 2738 932 ὡς
2789 868 2983 938 θνητὸν
3021 870 3097 942 μὴ
3151 871 3480 944 ἐπαίρεσθαι
3506 893 3521 907 ο
3572 877 3620 928 εί

2038 957 2206 1010 εἰκόνι
2238 957 2392 1030 θεῖκῇ
2418 959 2730 1030 τετίμηται,
2756 959 2894 1016 ἀλλὰ
2927 961 3022 1015 καὶ
3065 963 3241 1016 είκόνι
3270 968 3428 1036 χοϊκῇ
3482 982 3622 1035 συμ-

2037 1049 2341 1102 πέπλεκται
2367 1065 2383 1077 ·
2435 1050 2502 1103 δι’
2531 1047 2600 1122 ἦς
2642 1051 3020 1108 ἐκδιδάσκεται
3083 1053 3183 1127 τὴν
3223 1055 3360 1126 πρὸς
3408 1059 3620 1122 πάντας

2041 1139 2286 1212 ίσότητα.

2597 1257 2850 1310 ΚΕΦΑΛ.
2904 1256 3034 1314 KB’.

2119 1344 2177 1396 ’A
2187 1345 2412 1416 ποδέχου
2427 1346 2554 1410 τοὺς
2570 1348 2640 1400 τά
2660 1345 2875 1418 χρηστὰ
2895 1347 3284 1415 συμϐουλεύειν
3307 1351 3612 1418 ἐθέλοντας,

2035 1434 2172 1490 ἀλλά
2219 1436 2294 1509 μὴ
2339 1438 2468 1502 τοὺς
2517 1439 2834 1494 κολακεύειν
2867 1441 3128 1496 ἑκάστοτε
3173 1443 3522 1509 σπεύδοντας.
3550 1447 3614 1498 Ol

2039 1531 2138 1600 μὲν
2167 1529 2276 1602 γὰρ
2309 1531 2369 1585 τὸ
2403 1533 2683 1604 συμφέρον
2706 1532 2820 1604 (Η)
2849 1533 3150 1605 συνορῶσιν
3172 1535 3231 1590 ὲν
3269 1535 3531 1608 ἀληθείᾳ*
3563 1538 3614 1588 οἱ

2034 1621 2092 1676 δὲ
2135 1622 2273 1694 πρὸς
2313 1624 2383 1678 τὰ
2427 1623 2690 1680 δοκοῦντα
2729 1629 2844 1692 τοῖς
2871 1627 3170 1698 κρατοῦσιν
3209 1629 3478 1700 ἀφορῶσι,
3521 1631 3615 1683 καὶ

2033 1714 2142 1767 τῶν
2171 1715 2443 1785 σωμάτων
2471 1718 2572 1780 τὰς
2606 1719 2770 1783 σκιὰς
2813 1719 3170 1790 μιμούμενοι,
3202 1721 3316 1784 τοῖς
3345 1721 3478 1793 παρ’
3515 1722 3614 1774 αὺο

2029 1804 2140 1860 τῶν
2167 1805 2482 1878 λεγομένοις
2502 1809 2812 1882 συνᾴδουσι.

2609 1921 2859 1974 ΚΕΦΑΛ.
2895 1919 3024 1977 KI".

2099 2009 2357 2076 Τοιοῦτος
2387 2012 2542 2080 γίνου
2576 2013 2706 2082 περὶ
2730 2013 2858 2077 τοὺς
2897 2013 3027 2079 σοὺς
3061 2015 3301 2082 οἰκέτας,
3323 2010 3436 2070 οἷον
3473 2014 3611 2088 εὔχῃ

2031 2119 2116 2157 σοι
2137 2103 2230 2156 τὸν
2252 2105 2533 2174 Δεσπότην
2554 2103 2838 2173 γενέσθαι*
2869 2105 2945 2168 ὡς
2976 2105 3088 2179 γάρ
3114 2107 3408 2177 ἀκούομεν,
3444 2109 3610 2161 ἀκου-

2030 2192 2365 2265 σθησόμεθα,
2396 2195 2492 2251 καὶ
2537 2195 2615 2260 ὡς
2663 2196 2902 2268 ὁρῶμεν.
2927 2197 3318 2270 ὁραθησόμεθα
3365 2199 3470 2253 ὑπὸ
3511 2199 3607 2252 τοῦ

2029 2283 2177 2340 θείου
2226 2286 2320 2340 καὶ
2360 2286 2702 2357 παντεφόρου
2732 2287 2844 2360 (12)
2872 2288 3206 2361 βλέμματος.
3243 2290 3608 2362 Προεισενέγ-

2028 2395 2218 2449 κωμεν
2244 2373 2339 2434 οὖν
2358 2377 2438 2449 τῷ
2458 2379 2593 2450 ἐλέῳ
2612 2381 2704 2434 τὸν
2731 2380 2903 2447 ἔλεον,
2920 2382 3007 2437 ἳνα
3034 2381 3114 2453 τῷ
3143 2383 3318 2454 ὁμοίῳ
3344 2384 3405 2437 τὸ
3427 2385 3610 2454 ὅμοιον

2029 2470 2430 2542 ἁντιλάδωμεν.

2608 2587 2858 2642 ΚΕΦΔΛ.
2898 2589 3026 2643 KA'.

2003 2679 2030 2708 τ’
2103 2678 2314 2750 Ὠσπερ
2344 2679 2414 2732 τὰ
2449 2679 2655 2752 ἀκριδῆ
2678 2680 2788 2734 τῶν
2823 2681 3154 2752 κατόπτρων
3200 2680 3459 2746 τοιαύτας
3503 2680 3613 2734 δεί-

2029 2786 2188 2824 κνυσι
2202 2769 2302 2834 τὰς
2338 2769 2449 2823 τῶν
2467 2770 2776 2841 προσώπων
2815 2772 3088 2842 ἐμφάσεις
3117 2813 3133 2839 ,
3171 2767 3370 2843 οἷάπερ
3405 2773 3518 2826 ἐστὶ
3541 2773 3610 2827 τὰ

2028 2862 2388 2932 πρωτότυπα,
2429 2863 2632 2935 φαιδρὰ
2675 2863 2776 2936 μὲν
2819 2864 2930 2918 τῶν
2976 2865 3433 2938 φαιδρυνομένων,
3471 2879 3600 2916 σκυ-

2029 2953 2228 3026 θρωπὰ
2254 2954 2312 3010 δὲ
2351 2955 2464 3010 τῶν
2497 2957 2997 3030 σκυθρωπαζὼτων
3015 2972 3030 2988 ο
3057 2955 3199 3008 οὕτω
3226 2956 3322 3008 καὶ
3351 2955 3383 3023 ἡ
3418 2953 3598 3006 δικαία

2030 3045 2126 3100 τοῦ
2153 3045 2292 3101 Θεοῦ
2343 3047 2523 3119 κρίσις
2549 3047 2672 3110 ταῖς
2702 3044 3284 3119 ήμετέραιςπράξεσιν
3319 3040 3598 3113 ἐξομοιοῦ-

2031 3157 2142 3194 ται.
2171 3135 2385 3212 Οἶάπερ
2423 3139 2533 3212 γὰρ
2587 3140 2655 3194 ἂν
2766 3139 2834 3192 τὰ
2860 3138 2989 3210 παρ’
3026 3135 3187 3206 ἡμῶν
3235 3132 3595 3206 εἰργασμένα,

2031 3232 2261 3287 τοιαῦτα
2290 3234 2426 3303 ἡμῖν
2459 3233 2524 3286 ὲκ
2543 3231 2652 3284 τῶν
2680 3231 2884 3302 ὁμοίων
2907 3228 3160 3300 παρέχει.

2606 3345 2860 3400 ΚΕΦΑΛ.
2903 3343 3035 3396 κε’.

2103 3436 2372 3491 Βουλεύου
2407 3437 2507 3508 μὲν
2529 3437 2600 3491 τὰ
2644 3436 2900 3509 πρακτέα
2927 3433 3194 3506 βραδέως,
3221 3432 3432 3486 ὲκτέλει
3456 3430 3512 3484 δὲ
3546 3429 3615 3483 τὰ

2033 3527 2300 3600 κριθέντα
2327 3529 2663 3593 σπουδαίως·
2696 3528 2824 3582 ἐπεὶ
2849 3528 2971 3584 λίαν
2994 3526 3116 3581 ἐστὶ
3145 3525 3437 3598 σφαλερὸν,
3466 3523 3527 3576 τὺ
3554 3523 3614 3576 ὲν

2032 3623 2148 3684 τοῖς
2177 3621 2499 3693 πράγμασιν
2547 3621 2980 3691 ἀπερίσκεπτον.
3022 3619 3086 3672 Et
3134 3619 3243 3688 γὰρ
3271 3617 3341 3670 τὰ
3367 3615 3425 3682 ἐξ
3451 3613 3617 3668 ἀδουο

2030 3713 2154 3778 λίας
2182 3730 2267 3776 τις
2312 3713 2560 3784 ὲννοήσει
2611 3711 2786 3774 κακὰ.
2837 3712 2959 3765 τότε
3006 3709 3276 3780 γνώσεται
3315 3705 3615 3776 καλῶς-τῆς

2033 3805 2318 3869 εὐϐουλίας
2340 3805 2408 3858 τὰ
2424 3807 2674 3876 χρήσιμα
2695 3821 2711 3838 ·
2737 3803 2816 3867 ὡς
2841 3803 2939 3858 καὶ
2968 3805 3070 3874 τῆς
3098 3803 3284 3871 ὑγείας
3311 3800 3411 3872 τὴν
3433 3799 3613 3870 χάριν,

2037 3897 2175 3968 μετὰ
2199 3897 2298 3964 τὴν
2325 3896 2524 3966 πεῖραν
2550 3896 2650 3966 τῆς
2667 3893 2848 3950 νόσου.
2867 3895 2960 3947 Δεῖ
2983 3892 3190 3954 τοίνυν,
3214 3891 3614 3962 εὐφρονέστατε

2036 3985 2288 4059 βασιλεῦ,
2320 3987 2416 4042 καί⁵
2456 3985 2620 4058 βουλῇ
2669 3984 3036 4056 συνετωτερα,
3059 3983 3156 4037 καὶ
3177 3982 3311 4052 εὐχῇ
3351 3995 3614 4034 συντονω-

2033 4081 2172 4154 τέρᾳ
2196 4079 2490 4152 ὲξερευνᾷν
2514 4079 2761 4150 ἀκριϐῶς
2793 4077 2862 4132 τὰ
2886 4077 3204 4132 συνοίσοντα
3229 4074 3307 4144 τῷ
3330 4075 3540 4143 κόσμῳ.

349 4165 425 4220 lio
467 4166 850 4236 prudentiore,
884 4177 998 4224 tum
1025 4167 1284 4239 precibus
1301 4166 1371 4227 ad
1405 4165 1581 4226 Deum
1626 4168 2076 4244 impensioribus,
2113 4175 2406 4248 exquirere
2464 4172 2760 4243 diligenter
2803 4184 2928 4242 qua:
2992 4167 3200 4224 mundo
3255 4174 3386 4221 sunt
3447 4178 3614 4234 expe-

350 4258 555 4317 ditura.

947 4377 1100 4435 CAP.
1139 4379 1330 4436 XXVI.

328 4525 338 4534 ,
417 4467 635 4539 Optime
667 4468 1083 4527 administrabis
1106 4473 1389 4543 egregium
1415 4482 1572 4528 tuum
1607 4473 1923 4544 imperium,

351 4560 398 4616 si
423 4560 608 4616 omnia
639 4560 738 4617 des
767 4576 990 4632 operam
1039 4563 1373 4634 perspicere,
1404 4578 1508 4618 nec
1535 4565 1810 4636 negligere
1833 4581 1928 4636 pa-

350 4651 493 4707 tiare
539 4651 865 4724 quidquam.
915 4653 1106 4724 Neque
1159 4653 1306 4708 enim
1355 4669 1586 4724 parvum
1641 4657 1816 4711 estin
1855 4666 1931 4722 te,

353 4745 501 4815 quod
540 4760 774 4814 parvum
803 4760 928 4800 esse
963 4727 1195 4816 apparet
1223 4746 1639 4815 comparatione
1673 4755 1931 4802 tuorum:

354 4837 617 4906 quoniam
672 4837 760 4892 vel
785 4837 932 4894 exile
967 4837 1320 4908 imperatoris
1361 4836 1604 4893 Verbum
1656 4838 1930 4908 ingentem

355 4927 572 4982 obtinet
606 4925 756 4998 apud
787 4943 980 4986 omnes
1006 4931 1140 4984 vim.

945 5041 1097 5098 CAP.
1131 5042 1343 5098 XXVII.

425 5128 550 5184 Tibi
588 5130 695 5200 ipsi
723 5131 1073 5188 custodiendi
1102 5133 1252 5204 leges
1277 5136 1496 5206 impone
1523 5135 1931 5198 necessitatem,

357 5237 487 5276 cum
539 5237 650 5279 non
679 5223 912 5302 .babeas
962 5223 1020 5278 in
1070 5227 1238 5280 terris
1263 5227 1359 5297 qui
1391 5235 1444 5284 te
1482 5227 1659 5299 possit
1694 5243 1931 5300 cogere:

356 5317 438 5372 sic
489 5316 639 5372 enim
701 5325 818 5372 tum
877 5315 1059 5388 legum
1094 5333 1209 5389 prae
1258 5328 1313 5374 te
1361 5318 1506 5376 feres
1549 5321 1758 5376 cultum
1795 5320 1933 5390 ipse.

360 5416 487 5464 ante
516 5409 655 5465 alios
703 5424 799 5464 eas
847 5408 1184 5478 reverenda;
1225 5420 1341 5465 tum
1376 5411 1618 5468 subditis
1655 5411 1934 5467 constabit

2606 4379 2860 4433 ΚΕΦΑΛ.
2900 4379 3048 4446 Kq'.

2108 4473 2342 4545 Ἀριστα
2374 4473 2670 4543 διοικήσεις
2712 4473 2814 4544 τὴν
2845 4471 3060 4542 ἀγαθήν
3089 4485 3182 4523 σου
3232 4466 3530 4538 βασιλείαν,
3565 4465 3615 4516 εἰ

2034 4567 2212 4622 πάντα
2267 4565 2594 4630 σπουδάζεις
2639 4567 2864 4638 ὲφορᾷν,
2906 4565 3002 4618 καὶ
3050 4562 3220 4634 μηδὲν
3278 4559 3445 4630 ἀνέχῃ
3475 4573 3620 4628 παρ-

2029 4657 2184 4727 ορᾷν.
2215 4657 2291 4708 Οὐ
2327 4655 2436 4726 γὰρ
2497 4653 2694 4726 μικρὸν
2745 4655 2841 4706 ἐπὶ
2902 4653 3005 4715 σοὶ,
3043 4653 3183 4723 ὅπερ
3233 4650 3428 4721 μικρὸν
3476 4641 3616 4699 εἶναι

2029 4749 2180 4803 δοκεῖ
2205 4752 2263 4802 ὲν
2295 4749 2583 4820 συγκρίσει
2611 4747 2722 4801 τῶν
2752 4747 2896 4800 σῶν·
2927 4744 3118 4816 ἐπειδὴ
3146 4745 3242 4798 καὶ
3268 4745 3423 4814 ῥῆμα
3454 4743 3615 4814 βασι·-

2034 4842 2172 4906 λὲως
2205 4842 2362 4912 ψιλὸν
2401 4841 2649 4914 μεγάλην
2681 4841 2798 4910 ἔχει
2830 4837 2984 4910 παρὰ
3017 4840 3186 4892 πᾶσιν
3217 4839 3393 4908 ἰσχύν.

2143 5049 2184 5069 ⁸
2624 5037 2872 5092 ΚΕΦΑΔ.
2915 5037 3040 5091 KZ'.

2109 5131 2300 5202 Σαυτῷ
2351 5131 2450 5203 τὴν
2507 5130 2602 5184 τοῦ
2651 5129 2948 5200 φυλάττειν
2997 5127 3124 5190 τοὺς
3169 5125 3368 5194 νόμους
3431 5120 3622 5182 ἐπίθες

2037 5223 2306 5294 ἀνάγκην,
2338 5223 2414 5286 ὡς
2443 5221 2520 5293 μὴ
2559 5220 2698 5293 ἔχων
2734 5222 2830 5274 ἐπὶ
2858 5221 2962 5290 γῆς
2989 5218 3082 5272 τὸν
3119 5216 3416 5286 δυνάμενον
3452 5219 3622 5282 ἀναγ-

2040 5315 2231 5380 κάζειν
2253 5332 2266 5346 ·
2296 5313 2440 5369 οὕτω
2479 5315 2587 5385 γὰρ
2621 5313 2720 5367 καὶ
2755 5312 2866 5366 τῶν
2895 5311 3077 5380 νόμων
3121 5307 3410 5376 ἐπιδείξεις
3439 5305 3501 5360 τὸ
3529 5304 3624 5358 σέ-

2040 5411 2162 5475 ϐας,
2198 5408 2359 5472 αὐτὸς
2395 5407 2502 5477 πρὸ
2536 5406 2648 5462 τῶν
2680 5405 2859 5460 ἄλλων
2893 5404 3120 5466 τούτους
3159 5400 3478 5468 αἰδούμενος
3529 5399 3626 5449 καὶ

1880 5548 2104 5606 NOTAE.

431 5639 544 5716 (ll)
577 5642 640 5716 0]
659 5641 910 5716 panem
934 5640 1004 5694 τὸ
1056 5643 1388 5716 (ξυμφέρον.
1420 5643 1603 5700 Codex
1631 5644 1833 5716 Regius
1881 5643 1938 5698 Β.

358 5708 408 5763 οί
443 5708 542 5780 μὲν
566 5708 674 5783 γάρ
710 5708 846 5783 πρδς
873 5708 1050 5782 συμφ.
1076 5708 1310 5771 Bantius.

2127 5641 2239 5702 (li!)
2273 5641 2674 5708 Ιιαντεφόρου.
2707 5637 2802 5708 Sic
2829 5636 2882 5690 in
2916 5631 3205 5708 codicibus
3253 5631 3454 5702 Regiis.
3489 5627 3624 5683 Pcr-

2058 5728 2244 5782 pcram
2269 5711 2323 5765 in
2354 5705 2520 5766 editis
2540 5705 2914 5780 παντοφόρον.
2945 5705 3019 5761 In.
