3954 6146
370 294 506 366 1173

1579 301 1850 362 CAPITA
1887 297 2440 363 ADMONITORIA.

3477 300 3616 366 liii:

367 417 478 477 τοῖς
509 413 771 488 ὑπηκόοις
793 413 1091 484 φανήσεται
1129 413 1191 468 τδ
1231 416 1570 487 παρανομεῖν
1593 416 1694 468 οὐκ
1725 413 1942 469 ἀκίνδυ-
1968 460 1975 472 ⁴

2089 429 2223 484 gum
2287 415 2796 486 praevaricationem
2861 417 3093 487 periculi
3155 433 3264 473 non
3335 432 3460 474 esse
3519 419 3622 471 im-

367 523 480 562 νον.

929 621 1182 676 ΚΕΨΑΛ.
1238 622 1377 676 Kll'.

447 713 590 767 Ἴσον
631 712 707 784 τῷ
757 711 1122 785 πλημμελεῖν,
1149 714 1212 766 τὸ
1243 715 1320 785 μὴ
1351 711 1584 768 κωλύειν
1607 712 1734 774 τοὺς
1767 710 1948 780 πλημ-

377 805 676 873 μελοῧντας
713 805 951 874 λογίζου.
1003 806 1126 862 Κάν
1180 805 1291 877 γάρ
1332 822 1416 868 τις
1465 803 1820 876 πολιτεύηται
1849 803 1949 873 μὲν

374 895 670 966 ὲνθέσμως,
702 897 965 969 ἀνέχηται
993 899 1051 953 δὲ
1083 897 1193 953 τῶν
1221 898 1481 970 βιούντων
1512 899 1791 970 ἀθέσμως,
1825 912 1950 948 συν-

375 963 546 1057 εργδς
566 987 674 1041 τῶν
711 963 900 1043 κακῶν
939 992 1091 1064 παρά
1133 963 1254 1054 ﬁeri)
1282 991 1561 1062 κρίνεται⁶
1596 963 1739 1044 είνδὲ
1757 963 1949 1058 ἰούλει

375 1075 567 1142 διττῶς
602 1077 931 1150 εὐδοκιμεῖν,
965 1082 1058 1134 καὶ
1091 1082 1216 1146 τοὺς
1254 1082 1325 1136 τὰ
1373 1081 1639 1136 κάλλιστα
1664 1079 1951 1144 ποιοῦντας

377 1168 639 1240 προτίμα,
665 1172 761 1225 καὶ
783 1174 896 1236 τοῖς
922 1173 992 1226 τὰ
1021 1173 1273 1246 χείριστα
1298 1171 1500 1244 δρῶσιν
1525 1172 1774 1244 ἐπιτίμα.

958 1371 1210 1428 ΚΕΦΑΛ.
1253 1373 1382 1426 KG'.

449 1460 584 1514 Δίαν
615 1463 916 1534 συμφέρειν
944 1463 1334 1535 ὑπολαμϐάνω,
1365 1465 1426 1519 τὸ
1461 1465 1685 1535 φεύγειν
1715 1465 1815 1530 τάς
1849 1465 1962 1520 τῶν

383 1550 572 1605 κακῶν
604 1553 1035 1625 συνδιαιτήσεις⁶
1069 1556 1160 1610 τὸν
1192 1556 1302 1629 γὰρ
1329 1557 1564 1611 συνόντα
1597 1556 1834 1612 πάντοτε
1861 1559 1960 1612 ἀν-

383 1641 626 1714 θρώποις
643 1649 922 1718 πονηροῖς,
935 1646 970 1717 ἢ
989 1645 1226 1719 παθεῖνῆ
1259 1649 1452 1720 μαθεῖν
1472 1650 1691 1720 ἀνάγκη
1708 1666 1764 1702 τι
1798 1667 1964 1720 πονη-

2045 523 2292 564 ηυυηεπη.

2630 623 2782 679 CAP.
2823 623 3058 678 XXVIII.

2117 716 2374 781 Peccare,
2417 726 2474 772 et
2502 731 2615 770 non
2638 715 2899 770 cohibere
2950 722 3261 784 peccantes,
3313 713 3460 768 idem
3501 727 3624 768 esse

2049 816 2260 879 putato.
2294 809 2350 864 Si
2377 809 2503 878 quis
2525 809 2674 864 enim
2706 809 2761 862 in
2785 808 3005 862 civitate
3047 807 3214 861 vitam
3243 807 3467 876 quidem
3509 805 3627 875 ipse

2053 897 2304 954 traducat
2355 915 2554 969 aeque,
2603 901 2801 955 toleret
2858 909 3043 954 autem
3093 898 3346 954 viventes
3402 898 3623 968 inique,

2053 990 2236 1046 socius
2281 990 2554 1046 maiorum
2595 992 2741 1064 apud
2789 993 2963 1046 Deum
3005 991 3294 1062 judicatur
3331 1009 3343 1044 :
3375 991 3525 1060 quod
3579 993 3624 1046 si

2053 1083 2193 1139 velis
2231 1081 2486 1138 bifariam
2516 1083 2853 1153 approbari,
2885 1092 2948 1137 ut
2999 1082 3374 1152 pulcherrima
3409 1098 3632 1154 quoque

2054 1183 2310 1246 gerentes
2341 1175 2576 1241 honora,
2607 1177 2684 1230 ita
2713 1175 2998 1231 teterrima
3021 1181 3304 1244 patrantes
3346 1185 3636 1232 contume-

2055 1265 2132 1324 lia
2157 1267 2383 1324 aiiicito.

2655 1385 2808 1442 CAP.
2835 1385 3028 1441 XXIX.

2655 1385 2808 1442 CAP.
2835 1385 3028 1441 XXIX.

2129 1476 2406 1546 Expedire
2443 1477 2740 1534 admodum
2775 1479 3016 1534 arbitror
3043 1476 3290 1550 effugere
3335 1491 3636 1548 pravorum

2062 1566 2422 1623 contubernia
2459 1585 2474 1622 :
2507 1569 2602 1639 qui
2657 1569 2807 1623 enim
2849 1584 2976 1623 cum
3018 1567 3342 1624 hominibus
3372 1565 3640 1637 improbis

2063 1670 2282 1728 semper
2317 1666 2588 1723 versatur,
2615 1673 2743 1714 eum
2772 1659 2856 1714 vel
2892 1659 3004 1730 pati
3054 1658 3141 1714 vel
3179 1657 3396 1713 discere
3434 1658 3641 1712 malum

387 1735 511 1806 ρόν·
533 1735 564 1788 6
589 1735 648 1790 δέ
693 1739 808 1800 τοῖς
861 1737 1089 1806 ἀγαθοῖς
1130 1739 1457 1810 συνδιάγων,
1501 1740 1536 1814 ἢ
1576 1739 1810 1812 μίμησιν
1851 1740 1963 1795 τῶν

2089 1744 2274 1816 diquid
2303 1761 2530 1803 necesse
2557 1756 2640 1804 est
2667 1748 2808 1818 :-qui
2837 1763 2969 1804 vero
2999 1763 3109 1802 una
3125 1763 3252 1803 cum
3275 1746 3438 1803 bonis
3471 1746 3640 1818 degit,

386 1825 568 1882 καλῶν
598 1827 995 1894 ἐκδιδάσκεται,
1035 1829 1069 1901 ἢ
1118 1830 1344 1901 μείωσιν
1387 1831 1498 1884 τῶν
1547 1831 1740 1886 κακῶν
1769 1833 1966 1888 ἐκπαι-

386 1924 626 1983 δεύεται.

988 2041 1241 2096 ΚΕΦΑΛ.
1283 2041 1365 2098 Δ’.

471 2137 798 2208 Ἐγκόσμιον
842 2135 948 2190 ύπδ
991 2134 1132 2190 Θεοῦ
1181 2132 1494 2200 πιστευθεὶς
1533 2133 1849 2204 βασιὶιίαν,
1866 2149 1969 2204 μη-

389 2228 505 2281 δενὶ
547 2227 666 2298 χρῶ
711 2225 819 2279 τῶν
855 2223 1112 2295 πονηρῶν
1161 2222 1296 2294 πρὸς
1347 2221 1445 2284 τάς
1475 2221 1594 2278 τῶν,
1628 2217 1971 2292 πραγμάτων

391 2320 707 2389 διοικήσεις.
739 2312 841 2370 Ὧν
870 2315 982 2388 γὰρ
1010 2313 1078 2370 ἀν
1109 2315 1312 2372 ἐκεῖνοι
1337 2311 1523 2376 κακῶς
1543 2310 1970 2382 διαπράξωνται,

392 2413 552 2481 λόγον
585 2412 774 2482 ύφέξει
803 2409 924 2482 Θεῷ
951 2410 982 2463 ὁ
1007 2406 1107 2478 τὴν
1143 2407 1302 2484 ίσχίιν
1342 2407 1532 2469 αὐτοῖς
1556 2403 1825 2468 δεδωκώς.
1859 2405 1977 2460 Ms-

391 2505 463 2559 τὰ
491 2505 703 2575 πολλῆς
736 2499 831 2558 οὖν
865 2501 1170 2569 ἐξετάσεως
1197 2501 1382 2560 αἰτῶν
1401 2501 1680 2574 ἀρχόντων
1711 2497 1975 2572 προϐολαὶ

392 2601 750 2671 γενέσθωσαν.

977 2803 1232 2860 ΚΕΦΔΛ.
1271 2803 1400 2857 AA'.

471 2903 614 2954 Ἴσον
662 2897 869 2971 νομίζω
917 2896 1107 2962 κακὸν,
1133 2895 1232 2950 καὶ⁹
1265 2894 1376 2950 τῶν
1415 2891 1628 2964 ἐχθρῶν
1667 2887 1976 2960 θυμοῦσθαι

395 2996 516 3051 ταῖς
565 2990 948 3062 κακουργίαις,
997 2989 1095 3044 καὶ
1145 2987 1252 3042 τῶν
1301 2985 1475 3056 φίλων
1522 2983 1812 3052 θέλγεσθαι
1853 2983 1979 3046 ταῖς

2069 1837 2156 1895 vel
2183 1839 2563 1895 imitationem.
2578 1840 2938 1896 honestorum
2966 1839 3254 1907 edocetur,
3283 1839 3370 1895 vel
3403 1839 3646 1896 diminu-

2071 1933 2278 1989 tionem
2301 1930 2564 1986 vitiorum
2592 1931 2886 1998 condiscit.

2671 2043 2824 2100 CAP.
2863 2043 3034 2100 XXX.

2143 2135 2444 2191 Terrarum
2492 2136 2647 2192 orbis
2687 2151 2718 2191 a
2753 2137 2865 2191 Deo
2914 2151 3041 2190 cum
3089 2135 3370 2191 creditum
3423 2134 3526 2190 tibi
3575 2136 3648 2190 sit

2071 2241 2322 2299 regnum,
2349 2243 2482 2284 cave
2509 2244 2579 2284 ne
2621 2227 2808 2298 aliquo
2839 2227 3016 2283 utaris
3054 2243 3124 2284 ex
3147 2227 3334 2298 pravis
3363 2225 3430 2281 ad
3461 2241 3649 2280 rerum

2073 2315 2617 2375 administrationes:
2647 2334 2769 2389 qua:
2803 2319 2951 2374 enim
2976 2317 3056 2374 illi
3079 2332 3364 2390 perperam
3394 2317 3647 2377 fecerint,

2073 2423 2266 2466 eorum
2293 2409 2568 2466 rationem
2610 2411 2805 2466 reddet
2825 2411 2938 2466 Deo
2968 2409 3065 2482 qui
3102 2409 3366 2481 peccandi
3421 2408 3651 2463 faculta-

2075 2511 2187 2558 tem
2225 2502 2358 2574 ipsis
2387 2503 2701 2559 indulserit.
2729 2503 2918 2574 Magna
2950 2503 3118 2575 igitur
3139 2513 3197 2559 et
3233 2502 3485 2572 diligenti
3524 2517 3650 2554 cum

2073 2597 2513 2667 perscrutatione
2582 2598 3004 2669 magistratuum
3065 2596 3447 2667 promotiones
3499 2594 3650 2657 iiaut,

2075 2695 2314 2759 oportet.

2671 2808 2826 2864 CAP.
2862 2805 3058 2864 XXXI.

2091 2924 2103 2928 ·
2147 2899 2379 2972 Ᾱζηιιοιο
2409 2915 2534 2955 reor
2565 2914 2685 2955 esse
2723 2899 2958 2962 malum,
2988 2905 3047 2952 et
3079 2893 3431 2950 inimicorum
3461 2905 3658 2946 excau-

2079 2996 2306 3052 deseere
2335 2994 2580 3065 ﬂagitiis,
2602 3001 2658 3048 et
2679 2993 2982 3048 amicorum
3013 2987 3316 3045 demulceri
3347 2983 3654 3040 blanditiis.

397 3083 734 3147 κολακείαις.
770 3083 862 3134 Δεῖ
908 3081 1017 3153 γάρ
1060 3080 1198 3152 πρὸς
1226 3079 1528 3151 ἑκατέρους
1552 3075 1818 3146 γενναίως
1846 3075 1975 3128 ἀνθ-

2089 3087 2312 3157 Oportet
2332 3086 2480 3141 enim
2516 3083 2771 3154 utrisque
2800 3082 3080 3145 resistere,
3110 3096 3213 3135 nec
3244 3092 3476 3148 usquam
3507 3092 3538 3130 a
3564 3075 3660 3129 dc-

401 3175 674 3241 iaracilat,
706 3175 800 3229 ml.
827 3172 924 3227 τοῦ
962 3171 1270 3243 πρέποντος
1310 3169 1580 3241 μηδαμῶς
1619 3166 1976 3236 ἀφίστασθαι,

403 3270 544 3340 μήτε
565 3267 664 3338 τὴν
691 3265 975 3334 ἀλόγιστον
1010 3265 1237 3318 ἐκείνων
1258 3262 1583 3332 δυσμένειαν
1613 3259 1978 3331 ἀμυνόμενον,

404 3363 544 3430 μήτε
573 3360 676 3430 τὴν
721 3357 1060 3416 ἐπίπλαστον
1087 3360 1297 3412 τούτων
1343 3357 1632 3427 εὐμένειαν
1676 3352 1982 3424 ἀμειϐόμε-

403 3468 517 3508 νον.

987 3579 1242 3634 ΚΕΦΑΛ.
1280 3578 1402 3632 AB“.

486 3671 652 3742 Ἠγοῦ
705 3669 931 3734 τούτους
983 3667 1124 3726 εἶναι
1175 3670 1367 3742 φίλους
1431 3667 1852 3740 ἀληθεστάτους,
1907 3667 1983 3740 μὴ
2069 3728 2082 3738 ,

404 3768 532 3830 τοὺς
585 3764 946 3828 ἐπαινοῦντας
992 3763 1208 3819 ἅπαντα
1231 3764 1301 3818 τὰ
1336 3765 1492 3835 παρά
1531 3761 1626 3816 σοῦ
1682 3761 1978 3830 λεγόμενα,

404 3857 544 3912 ἀλλά
569 3858 700 3921 τοὺς
729 3857 910 3929 κρίσει
941 3857 1128 3928 δικαίᾳ
1148 3857 1329 3912 πάντα
1355 3854 1618 3928 πράττειν
1649 3853 1982 3917 σπουδάζον-

405 3969 526 4016 τας,
575 3950 671 4004 καὶ
716 3949 1114 4020 συνηδομένους
1153 3949 1254 4020 μὲν
1295 3947 1390 4000 ἐπὶ
1434 3949 1546 4010 τοῖς
1573 3946 1979 4016 χρηστοτέρας»

405 4043 902 4107 ἑπιστυγνάζοντας
949 4041 1010 4095 δὲ
1055 4040 1150 4094 ἐπὶ
1192 4040 1306 4104 τοῖς
1351 4037 1636 4102 ἐναντίοις.
1669 4031 1831 4092 Οὗτοι
1871 4036 1980 4108 γὰρ

404 4137 574 4201 ὅντως
603 4133 1014 4206 ἀψευδεστάτης
1037 4132 1224 4202 φιλίας
1248 4131 1554 4187 δεικνύουσι
1587 4130 1910 4201 τεκμήριον.

1047 4243 1242 4299 ΕΦΛΛ.
1276 4242 1400 4299 AI".

987 4243 1242 4299 ΚΕΦΛΛ.
1276 4243 1400 4299 AI".

474 4340 568 4411 Μὴ
593 4335 981 4412 μεταϐαλλὲτω
1011 4353 1092 4390 σοι
1119 4335 1216 4406 τὴν
1242 4333 1620 4406 μεγαλόφρονα
1640 4331 1865 4402 γνώμην
1883 4329 1986 4400 τῆς

2081 3193 2210 3234 core
2244 3175 2552 3240 discedere,
2588 3188 2772 3243 neque
2801 3170 3238 3227 irrationabilem
3266 3171 3460 3222 dorum
3487 3166 3660 3220 male-

2082 3268 2383 3325 volentiam
2413 3265 2758 3328 ulciscendo,
2779 3279 2962 3334 neque
2986 3261 3234 3318 ilctitiam
3262 3260 3461 3314 horum
3495 3257 3664 3312 bene-

2083 3361 2382 3419 volentiam
2412 3357 2860 3446 remunerandm

2673 3561 2828 3618 CAP.
2867 3557 3090 3616 XXXII.

2157 3656 2426 3713 Existima
2479 3653 2800 3711 verissimos
2831 3651 3062 3715 amicos,
3119 3662 3231 3702 non
3286 3646 3384 3715 qui
3435 3641 3666 3698 laudent

2088 3750 2272 3808 omnia
2300 3764 2424 3820 qua:
2450 3747 2708 3804 dicantur
2731 3745 2930 3810 abste,
2953 3741 3049 3798 sed
3078 3739 3176 3811 qui
3220 3737 3358 3793 nihil
3393 3751 3506 3791 non
3532 3735 3666 3788 inte-

2087 3858 2186 3914 gro
2214 3839 2425 3914 judicio
2459 3837 2643 3894 facere
2679 3833 3044 3898 contendunt,
3085 3831 3202 3888 sive
3224 3838 3288 3884 ut
3318 3827 3667 3900 gratulentur

2089 3936 2213 4002 tibi,
2245 3935 2291 3990 si
2317 3933 2490 4000 bene;
2521 3930 2834 3996 tristentur,
2871 3929 2918 3983 si
2944 3934 3136 3982 contra
3177 3935 3473 3994 perperam
3509 3919 3670 3974 dixe-

2087 4028 2166 4083 ris
2194 4025 2504 4082 i‘eeerisve:
2538 4023 2596 4077 hi
2641 4021 2797 4078 enim
2831 4034 3026 4076 revera
3068 4014 3319 4072 ab‘omni
3343 4011 3540 4068 fraude
3567 4011 3668 4065 ab-

2089 4116 2376 4174 horrentis
2395 4113 2652 4171 amiciliae
2676 4127 2791 4183 pra)
2812 4125 2874 4166 se
2897 4109 3096 4165 ferunt
3111 4105 3373 4177 insignia.

2651 4225 2808 4282 CAP.
2851 4221 3092 4278 XXXIII.

2160 4326 2240 4381 Ne
2272 4329 2450 4379 mutet
2477 4319 2577 4377 tibi
2607 4319 3010 4390 magnanimam
3037 4321 3278 4370 mentem
3305 4319 3538 4366 terrena:
3565 4308 3670 4362 hu-

408 4398 654 4502 ἐπιγείου
681 4431 890 4503 ταύτης
915 4398 1288 4492 δυναστείας-ὸ
1526 4398 1664 4480 ἀλλ”
1681 4398 1770 4488 ὡς*
1790 4398 1975 4492 ἐπίκη-

2089 4419 2180 4490 jus
2207 4413 2497 4486 potestatis
2517 4407 2860 4481 amplitudo;
2883 4406 2982 4462 sed
3027 4412 3091 4459 ut
3127 4402 3383 4508 fragilem
3412 4410 3480 4508 et‘
3499 4398 3668 4508 cadu-

404 4544 506 4598 ’ρον
533 4525 733 4580 διέπων
771 4523 968 4595 ἀρχὴν,
993 4522 1265 4593 ἄτρεπτον
1293 4519 1384 4592 ἔχε
1421 4519 1515 4574 τὸν
1578 4518 1705 4572 νοῦν
1741 4517 1802 4568 ἐν
1843 4513 1986 4586 πρά-

410 4634 586 4688 γμασι
619 4618 894 4686 τρεπτοῖς,
931 4616 1072 4686 μήτε
1115 4615 1176 4670 ἐν
1216 4615 1337 4676 ταῖς
1359 4611 1646 4682 εὐθυμίαις
1683 4606 1986 4677 ἐξυψούμε-

412 4725 522 4776 νος,
555 4711 694 4780 μήτε
718 4710 777 4762 ἐν
799 4709 920 4772 ταῖς
941 4705 1202 4777 ἀθυμίαις
1221 4703 1672 4775 ταπεινούμενος.

998 4905 1246 4960 ΚΕΦΛΛ.
1287 4903 1406 4960 ΛΔ’.

485 5001 696 5072 ’Ὥσπερ
724 4998 921 5070 χρυσὸς
951 4998 1141 5053 ἄλλοτε
1173 4998 1347 5060 ἄλλως
1389 4996 1494 5050 ύπὸ
1545 4995 1642 5059 τῆς
1671 4992 1865 5064 τέχνης
1898 5008 1994 5063 με·

411 5093 848 5164 τατυπούμενος,
878 5092 975 5146 καὶ
1002 5091 1140 5162 πρὸς
1185 5090 1420 5161 διάφορα
1450 5087 1699 5157 κοσμίων
1737 5085 1854 5154 εῖδη
1891 5101 1991 5154 με·

412 5185 827 5254 ταποιούμενος,
861 5183 999 5254 ὅπερ
1046 5184 1162 5235 ἐστὶ
1210 5180 1474 5251 διαμένει,
1497 5178 1592 5233 καὶ
1637 5175 1850 5247 τροπὴν
1893 5173 1990 5245 οὐχ

415 5275 711 5346 ύπιηιένει⁹
768 5273 912 5328 οὕτω
958 5273 1054 5328 καὶ
1105 5272 1288 5336 αὐτὸς,
1339 5269 1696 5324 εύκλεέστατε
1747 5263 1989 5338 βασιλεῦ,

414 5371 582 5440 ἀλλην
609 5367 669 5434 ἐξ
699 5366 869 5436 ἄλλης
900 5365 1146 5437 ἀμείϐων
1175 5363 1370 5436 ἀρχὴν,
1409 5361 1622 5432 φθάσας
1649 5360 1706 5414 δὲ
1749 5358 1844 5413 καὶ
1891 5358 1990 5412 αύ-

415 5462 514 5532 τὴν
543 5463 642 5533 τὴν
676 5461 942 5514 ἀνωτάτω
981 5459 1170 5528 τιμὴν,
1205 5459 1234 5510 ὁ
1271 5455 1434 5518 αὐτὸς
1463 5452 1762 5525 διαμένεις,
1797 5450 1896 5506 οὐκ
1935 5452 1992 5505 ἐν

415 5555 529 5615 τοῖς
565 5554 746 5615 αὐτοῖς
770 5552 1112 5622 πράγματιν,
1153 5549 1514 5604 ἀναλλοίωτον
1544 5547 1680 5618 ἔχων
1709 5545 1766 5597 ἐν
1790 5543 1864 5616 τῷ
1889 5561 1989 5599 καη

415 5644 493 5718 aq)
527 5651 586 5705 τὸ
617 5648 897 5722 φρόνημα.
1563 5645 1577 5654 ’
1867 5621 1878 5634 ’

2093 4489 2220 4559 eum
2277 4516 2476 4573 regens
2528 4498 2943 4570 principatum,
3009 4491 3414 4548 immutabilem
3463 4489 3668 4544 habeto

2092 4596 2435 4653 intellectum
2484 4592 2542 4647 in
2589 4590 2760 4646 rebus
2805 4587 3168 4644 mutabilibus
3205 4603 3220 4639 :
3265 4582 3439 4644 nimia
3485 4596 3666 4652 neque

2091 4687 2285 4744 laetitia
2331 4685 2624 4742 sublimem
2659 4690 2714 4740 te
2739 4681 3042 4747 extollens,
3071 4691 3256 4748 neque
3285 4673 3550 4732 maestitia
3586 4673 3670 4730 vi-

2093 4780 2330 4836 lescens.

2666 4891 2817 4948 CAP.
2859 4887 3098 4966 χχχιιι.

2164 4987 2336 5044 Sicuti
2369 5003 2564 5043 aurum
2597 4985 2848 5056 quamvis
2880 4983 3045 5038 modo
3073 4981 3175 5046 sic,
3203 4978 3368 5034 modo
3391 4977 3553 5032 aliter
3597 4973 3667 5027 ah

2092 5089 2210 5135 arte
2229 5078 2673 5149 transﬁguretur,
2723 5084 2888 5146 atque
2917 5073 2984 5128 ad
2997 5071 3190 5128 varias
3213 5076 3668 5125 ornamentorum

2091 5174 2304 5245 species
2327 5172 2769 5234 transformetur,
2794 5177 3082 5239 permanet
3109 5175 3292 5221 tamen
3317 5163 3370 5220 id
3388 5161 3534 5234 quod
3561 5170 3664 5220 est,

2092 5281 2194 5323 nec
2215 5264 2574 5320 mutationem
2610 5261 2847 5332 patitur;
2886 5257 2968 5314 sic
3001 5257 3118 5328 ipse
3141 5270 3388 5327 quoque,
3415 5250 3665 5322 inclytis-

2092 5358 2230 5414 sime
2250 5357 2574 5427 imperator,
2607 5353 2737 5408 licet
2766 5350 2914 5406 aliud
2935 5366 3002 5406 ex
3031 5349 3140 5404 alio
3174 5364 3274 5419 per
3294 5343 3498 5417 gradus
3523 5340 3669 5394 obti-

2091 5449 2283 5505 nucris
2329 5446 2574 5518 regimen
2605 5487 2618 5512 ,
2671 5441 3103 5515 pervenerisquc
3150 5439 3220 5494 ad
3251 5435 3432 5507 ipsum
3471 5445 3666 5498 supre-

2092 5559 2239 5597 mum
2283 5540 2587 5605 honorem,
2641 5537 2786 5592 idem
2847 5545 3029 5590 tamen
3086 5538 3394 5601 permanes,
3451 5535 3560 5574 non
3611 5519 3664 5570 in

2093 5633 2300 5690 eisdem
2357 5633 2544 5696 rebus,
2598 5627 3002 5685 inalterabilem
3053 5620 3344 5678 continmts
3398 5611 3454 5666 in
3485 5608 3663 5662 (δαῖεἱο

2091 5726 2356 5782 animum.

2280 5922 2316 5953 Ι
