3934 6156
379 268 522 338 1175

975 398 1128 458 CAP.
1165 397 1380 454 XXXV.

442 490 714 548 Existima
751 501 885 548 tunc
925 492 1145 548 demum
1174 499 1228 546 te
1262 499 1382 547 luto
1409 505 1661 562 regnare,
1689 506 1816 548 cum
1849 506 1948 546 vo-

371 583 620 640 lentibus
691 583 930 654 imperas
1001 583 1325 640 hominibus
1371 601 1386 638 :
1440 583 1535 654 qui
1572 585 1722 640 enim
1773 583 1948 638 invito

371 677 560 733 animo
585 677 894 748 subjicitur,
919 676 1288 733 seditionibus
1315 675 1571 744 ﬂuctuat,
1598 684 1757 746 capta
1782 691 1946 732 occa-

368 769 562 836 sione;
589 769 684 839 qui
725 782 860 823 vero
888 768 1126 824 vinculis
1151 769 1550 827 benevolentiae
1579 771 1814 842 regitur,
1840 779 1949 826 sta-

369 861 540 918 bilem
563 871 750 923 servat
777 877 906 934 erga
933 871 1210 919 rectorem
1237 863 1633 920 obedientiam.
1689 855 1697 864 ’

953 976 1107 1034 CAP.
1137 975 1380 1034 XXXVI.

437 1066 510 1124 Ut
529 1065 840 1122 dominium
863 1067 1082 1138 imperii
1105 1069 1190 1123 tui
1210 1068 1381 1124 facias
1407 1068 1645 1135 illustre,
1679 1077 1944 1139 quantam

366 1157 540 1214 habes
581 1158 852 1220 adversus
875 1159 1131 1218 subditos
1175 1169 1472 1230 peccantes
1518 1159 1678 1225 iram,
1736 1167 1944 1215 tantam

364 1249 677 1307 habendam
723 1267 845 1308 esse
876 1251 978 1308 tibi
1023 1252 1288 1308 adversus
1338 1252 1944 1323 teipsumpeccantem

365 1351 624 1409 censete;
648 1358 812 1400 nemo
827 1343 978 1400 enim
999 1345 1146 1400 valet
1175 1351 1326 1400 tanta
1348 1344 1647 1415 pollentem
1673 1350 1946 1414 potestate

367 1432 666 1505 corrigere,
695 1433 804 1490 nisi
841 1435 982 1490 ratio
1007 1435 1230 1504 propria
1261 1450 1383 1504 qua:
1429 1450 1497 1490 ex
1530 1434 1651 1502 ipso
1679 1441 1944 1504 peccante

367 1534 677 1582 moveatur.

919 1641 1072 1698 CAP.
1099 1641 1366 1700 XXXVII.

436 1731 685 1802 Magnam
713 1732 807 1802 qui
840 1741 1170 1803 potestatem
1199 1733 1434 1805 adeptus
1479 1741 1589 1798 est,
1615 1731 1940 1805 largitorem
1972 1748 2016 1806 Β

366 1823 662 1894 potestatis
684 1823 934 1880 imitetur
970 1840 1072 1895 pro
1093 1824 1348 1882 viribus:
1384 1825 1432 1882 si
1461 1825 1612 1881 enim
1643 1823 1942 1896 imaginem

365 1922 546 1986 gestat
569 1930 756 1971 rerum
787 1917 1042 1988 praesidis
1063 1917 1184 1982 Dei,
1211 1925 1378 1988 atque
1419 1933 1522 1989 per
1552 1918 1737 1990 ipsum
1767 1917 1945 1974 conti-

365 2018 464 2064 net
502 2023 691 2064 rerum
722 2008 1124 2080 principatum,
1155 2011 1210 2066 in
1255 2025 1326 2066 eo
1360 2010 1596 2066 maxime
1636 2009 1946 2064 imitabitur

364 2100 561 2167 Deum,
586 2099 634 2158 si
655 2099 797 2156 nihil
823 2101 1204 2162 misericordia
1227 2103 1526 2175 pretiosius
1552 2101 1905 2174 judicaverit.

923 2300 1076 2357 CAP.
1109 2299 1398 2356 XXXVIII.

437 2391 619 2462 Super
651 2407 850 2449 aurum
875 2402 931 2449 et
953 2393 1193 2464 lapidem
1227 2393 1534 2464 pretiosum
1568 2392 1946 2449 beneﬁcentia:

367 2484 591 2540 divitias
614 2484 779 2540 nhbis
819 2485 992 2540 veluti
1031 2487 1353 2542 thesaurum
1393 2486 1802 2542 recondamus:
1837 2485 1945 2539 illas

365 2591 604 2646 namque
633 2587 749 2633 tum
780 2577 838 2632 in
877 2579 1132 2648 praesenti
1186 2580 1300 2636 vita
1323 2578 1604 2633 oblectant
1624 2592 1722 2649 Spe
1746 2576 1946 2632 futura:

364 2669 682 2735 fruitionis,
744 2675 864 2724 tum
910 2671 964 2724 in
1021 2671 1210 2728 futura
1269 2670 1620 2726 dulcedinem
1677 2667 1941 2732 aderunt,

365 2762 747 2832 experimento
774 2771 1107 2834 gustatuquc
1135 2771 1367 2834 sperata:
1391 2760 1754 2818 beatitudinis
1781 2779 1795 2815 :
1824 2775 1948 2830 quae.

365 2869 500 2910 vero
554 2869 704 2910 nunc
746 2855 896 2910 circa
919 2869 1021 2910 nos
1069 2863 1358 2927 apparent,
1410 2864 1668 2925 tanquam
1711 2851 1942 2908 nihilad

366 2959 470 2999 nos
498 2943 854 3014 pertinentia,
885 2959 954 2999 ne
981 2959 1082 3000 nos
1109 2944 1340 3000 nimium
1366 2944 1648 3000 allectent.

927 3055 1079 3114 CAP.
1120 3055 1364 3112 XXXIX.

434 3149 509 3203 Da
567 3164 794 3219 operam
837 3159 898 3206 ut
935 3164 1034 3204 eos
1079 3149 1552 3218 splendidioribus
1597 3149 1940 3204 demerearis

365 3241 930 3304 remunerationibus,
955 3242 1048 3312 qui
1071 3257 1195 3297 cum
1226 3241 1612 3298 benevolentia
1645 3250 1943 3313 capessunt

362 3351 486 3405 quae
517 3335 850 3397 mandantur
889 3335 990 3392 abs
1035 3343 1086 3389 te
1117 3352 1130 3388 :
1164 3335 1270 3390 hoc
1295 3334 1445 3390 enim
1491 3345 1656 3405 pacto
1685 3343 1744 3390 et
1768 3333 1942 3389 bono-

363 3443 488 3481 rutn
514 3427 743 3498 augebis
774 3427 1134 3486 alacritatem.
1179 3436 1237 3482 et
1282 3427 1459 3482 malos
1492 3426 1722 3482 docebis
1748 3436 1810 3480 ut
1838 3427 1939 3481 de-

361 3520 578 3576 discant
625 3519 888 3577 malitiam
935 3538 949 3574 :
1001 3519 1214 3576 eisdem
1271 3520 1419 3575 enim
1469 3520 1682 3576 censeri
1744 3519 1942 3591 dignos

361 3612 459 3683 qni
483 3627 592 3668 non
620 3613 814 3675 eadem
837 3613 1066 3679 faciunt,
1101 3613 1270 3668 nimis
1285 3613 1562 3668 nefarium
1594 3622 1696 3666 est.

997 3725 1150 3782 CAP.
1195 3725 1305 3781 XL.

431 3817 932 3876 Honoratissimum
973 3817 1220 3871 omnium
1269 3825 1356 3871 est
1421 3817 1709 3886 imperium
1749 3833 1764 3869 :
1810 3825 1936 3872 tunc

358 3921 492 3960 vero
539 3907 625 3962 vel
665 3907 906 3968 maxime
957 3905 1122 3974 hujus
1170 3905 1318 3959 modi
1348 3915 1456 3969 est,
1507 3921 1631 3960 cum
1686 3907 1792 3961 hac
1843 3905 1938 3976 qui

359 3997 741 4054 circumdatus
783 4005 872 4052 est
909 4007 1202 4067 potestate,
1235 4013 1346 4053 non
1392 3997 1462 4052 ad
1516 3997 1852 4068 pertinacem
1883 4007 1940 4052 et

363 4089 711 4146 temerariam
736 4088 1000 4144 saevitiam
1027 4104 1336 4159 propensus
1359 4089 1452 4155 sit,
1487 4089 1582 4145 sed
1613 4089 1681 4144 ad
1705 4089 1938 4160 :equita-

361 4197 469 4237 tetn
503 4180 764 4252 respiciat
783 4180 1240 4248 ;-inclementiam
1265 4191 1328 4238 ut
1347 4181 1577 4238 ferinam
1597 4182 1902 4237 aversanda
1919 4225 1934 4249 ,

357 4273 763 4338 humanitatem
794 4280 858 4328 ut
889 4273 1004 4338 Deo
1041 4289 1154 4345 pra:
1177 4290 1235 4330 se
1261 4273 1512 4331 ferendo.

426 4477 607 4550 :Equa
650 4480 812 4536 lance
881 4386 1344 4537 ιαιηϐοἲίραιξίοδε
1365 4493 1533 4549 quam
1561 4478 1629 4532 ad
1678 4477 1933 4533 inimicos

359 4588 596 4646 vergens
619 4572 910 4644 iudicandi
957 4586 1161 4626 munus
1202 4570 1356 4625 obito
1386 4587 1401 4624 :
1429 4585 1612 4639 neque
1643 4570 1784 4626 bene
1811 4584 1936 4624 sen-

1683 283 2009 345 AGAPETI
2047 286 2356 350 DIACONI

3042 216 3084 246 δ

3503 296 3656 368 1176

2596 409 2876 466 ιΚΕΦΑΛ.
2917 409 3044 468 AE'.

2121 497 2330 568 Νόμιζε
2371 498 2495 552 τότε
2539 499 2848 570 βασιλεύειν
2893 502 3177 568 ἀσφαλῶς,
3217 506 3350 558 ῦταν
3394 505 3649 561 ἐπόντων

2049 589 2294 660 ἀνάσσης
2326 589 2436 644 τῶν
2470 591 2795 662 ἀνθρώπων.
2828 594 2905 647 Τὸ
2945 593 3056 663 γὰρ
3086 595 3366 659 ἀκουσίως
3397 596 3648 651 ὑποτατ-

2050 680 2300 748 τόμενον,
2351 681 2636 746 στασιάζει
2681 681 2880 752 καιροῦ
2927 681 3266 753 λαϐόμενον·
3310 683 3375 736 τὸ
3402 683 3463 736 δὲ
3521 689 3644 748 τοῖς

2049 772 2272 841 θεσμοῖς
2297 775 2397 842 τῆς
2423 774 2639 838 εὐνοίας
2667 775 3063 845 κρατούμενον,
3089 774 3322 846 βεϐαίαν
3348 775 3463 847 ἔχει
3497 777 3643 848 πρὸς

2046 865 2110 919 τὸ
2142 864 2380 936 κρατοῦν
2405 865 2505 937 τὴν
2530 865 2846 920 εὐπείθειαν
2869 869 3006 938 (15).

2616 980 2872 1036 ΚΕΦΑΛ.
2916 983 3058 1050 Δεῖν.

2119 1071 2240 1125 Ἵνα
2277 1072 2340 1125 τὸ
2387 1073 2589 1144 κράτος
2627 1073 2729 1144 τῆς
2777 1073 3058 1144 βασιλείας
3091 1079 3328 1150 ποιήσῃς
3363 1078 3639 1148 ἀοίδιμον,

2045 1162 2178 1233 ὅσην
2200 1161 2348 1233 ἔχεις
2374 1163 2518 1217 κατά
2547 1165 2657 1218 τῶν
2695 1167 2956 1236 ὑπηκόων
2979 1169 3408 1240 ἁμαρτανόντων
3432 1173 3634 1243 ὀργὴν,

2045 1253 2316 1324 τοσαύτην
2364 1253 2512 1326 ἐχειν
2563 1257 2660 1310 καὶ
2704 1259 2850 1340 κατά
2922 1261 3124 1315 σαυτοῦ
3175 1263 3640 1333 πλημμελοῦντος

2045 1347 2228 1412 ἀξίου·
2262 1346 2444 1411 οὐδεὶς
2472 1350 2582 1418 γάρ
2619 1351 2793 1420 ίσχύει
2825 1353 2920 1406 τὸν
2966 1355 3026 1406 ἐν
3059 1353 3283 1427 ἐξουσίᾳ
3321 1355 3636 1426 τηλικαύτῃ

2045 1437 2348 1505 παιδεύειν,
2404 1442 2455 1494 εί
2515 1441 2593 1512 μὴ
2647 1442 2911 1514 λογισμὸς
2963 1447 3168 1509 οἰκεῖος
3221 1448 3278 1514 ἐξ
3327 1447 3495 1502 αὐτοῦ
3533 1449 3635 1501 τοῦ

2044 1529 2499 1603 πλημμελοῦντος
2540 1533 2883 1604 κινούμενος.

2627 1649 2878 1704 ΚΕΦΔΛ.
2919 1649 3046 1706 ΛΖ⁶.

2125 1734 2186 1788 '0
2232 1737 2480 1806 μεγάλης
2525 1735 2776 1802 ἐξουσίας
2823 1739 3244 1810 ἐπιλαϐόμενος,
3289 1738 3382 1794 τον
3428 1739 3634 1811 δοτῆρα

2043 1825 2146 1896 τῆς
2193 1825 2443 1892 ἐξουσίας
2496 1829 2776 1899 μιμείσθω
2823 1831 2966 1883 κατὰ
2989 1830 3251 1901 δύναμινο
3285 1831 3335 1884 εί
3361 1833 3470 1902 γάρ
3508 1849 3634 1894 πως

2043 1919 2144 1990 τὴν
2175 1919 2362 1974 εἰκόνα
2391 1919 2675 1998 φέρειτοῦ
2720 1923 2816 1975 ἐπὶ
2848 1923 3068 1976 πάντων
3106 1923 3267 1988 Θεοῦ,
3303 1925 3397 1977 καὶ
3427 1925 3496 1978 δι’
3525 1927 3630 1976 αὺ-

2043 2010 2139 2064 τοῦ
2185 2011 2410 2082 κατέχει
2447 2012 2546 2082 τὴν
2602 2014 2694 2066 ἐπὶ
2747 2015 2972 2069 πάντων
3001 2015 3199 2086 ἀρχὴν,
3235 2019 3294 2069 ἐν
3335 2016 3511 2086 τούτῳ
3557 2016 3627 2084 δὴ

2049 2104 2284 2175 μάλιστα
2329 2105 2422 2157 τὸν
2471 2105 2606 2158 θεὸν
2655 2107 2981 2176 μιμήσεται,
3035 2107 3092 2159 ἐν
3137 2105 3217 2175 τῷ
3269 2106 3433 2176 μηδὲν
3481 2108 3631 2177 ἡγεῖ.

2046 2199 2174 2253 σθαι
2201 2198 2314 2270 (ιι)
2343 2197 2440 2252 τοῦ
2468 2199 2644 2253 ἐλεεῖν
2673 2198 3116 2272 προτιμώτερον.

2609 2313 2862 2367 ΚΕΦΑΛ.
2911 2314 3043 2367 AH’.

2127 2401 2298 2473 ’Υπὲρ
2337 2402 2560 2474 χρυσίον
2601 2401 2693 2456 καὶ
2727 2402 2877 2456 λίθον
2905 2403 3087 2474 τίμιον
3114 2407 3211 2476 τῆς
3236 2405 3483 2467 εὐποιίας
3529 2403 3625 2458 τὸν

2043 2491 2275 2548 πλοῦτον
2317 2493 2536 2556 ἑαυτοῖς
2580 2492 3039 2566 θησαυρίσωμεψ
3079 2501 3171 2550 τὸν
3221 2497 3317 2550 καὶ
3346 2492 3448 2548 ὧδε
3483 2513 3616 2548 κατα

2044 2583 2409 2656 ευφραίνοντα
2439 2589 2506 2657 τῇ
2538 2585 2715 2638 ἐλπίδι
2773 2587 2876 2656 τῆς
2909 2586 3213 2656 μελλούσης
3245 2587 3620 2651 ἀπολαύσεως,

2045 2680 2207 2734 κάκεῖ
2253 2677 2764 2747 καταγλυκαίνοντα
2805 2681 2875 2750 τῇ
2911 2679 3080 2750 πείρᾳ
3127 2680 3230 2749 τῆς
3273 2679 3620 2747 ἐλπισθείσης

2047 2769 2488 2840 μακαριότητος·
2520 2767 2589 2821 τὰ
2625 2767 2684 2821 δὲ
2720 2767 2817 2823 νῦν
2844 2769 2974 2840 περὶ
3002 2770 3148 2840 ἡμᾶς
3171 2770 3248 2832 ὡς
3279 2767 3434 2821 οὐδὲν
3476 2771 3619 2838 πρὸς

2043 2861 2213 2932 ἡμᾶς,
2251 2857 2326 2930 μὴ
2355 2857 2610 2930 τερπέτω
2640 2859 2812 2929 ἡμᾶς.

2624 3061 2863 3114 ΚΕΦΑΛ.
2902 3057 3020 3112 ΛΘν.

2114 3151 2393 3218 Σπούδαζε
2422 3152 2838 3223 λαμπροτέραις
2863 3148 3178 3220 ἀμείϐεσθαι
3207 3147 3442 3218 δωρεαῖς
3479 3147 3610 3209 τοῦς

2047 3247 2164 3316 μετ’
2191 3245 2408 3308 εὐνοίας
2429 3243 2798 3306 ποιοῦνταςτά
2831 3239 2981 3312 παρά
3013 3239 3103 3293 σοῦ
3133 3237 3613 3310 προσταττόμενα·

2041 3339 2214 3408 τούτῳ
2257 3338 2368 3408 γὰρ
2410 3335 2488 3407 τῷ
2523 3335 2712 3408 τρόπῳ
2757 3336 2852 3388 καὶ
2885 3335 2992 3388 τῶν
3029 3331 3247 3400 ἀγαθῶν
3288 3329 3620 3398 ἐπαυξήσεις

2040 3431 2140 3504 τὴν
2173 3429 2507 3503 προθυμίαν,
2541 3427 2636 3482 καὶ
2685 3427 2818 3492 τοὺς
2870 3425 3140 3496 πονηροὺς
3168 3422 3401 3488 διδάξεις
3453 3437 3622 3492 μετα-

2043 3521 2239 3593 μαθεῖν
2270 3519 2371 3592 τὴν
2413 3519 2651 3573 κακίαν·
2682 3520 2744 3571 τὸ
2795 3519 2906 3589 γὰρ
2957 3517 3064 3571 τῶν
3109 3515 3291 3570 αὐτῶν
3335 3513 3626 3578 ἀξιοῦσθαι

2039 3615 2168 3677 τοὺς
2199 3613 2274 3684 μὴ
2307 3613 2374 3666 τά
2407 3612 2547 3666 αὐτὰ
2576 3609 2892 3678 ποιοῦντας,
2931 3611 3071 3679 ἄγαν
3120 3609 3267 3662 ἐστὶν
3300 3606 3588 3676 ἀθέμιτον.

2639 3725 2887 3779 ΚΕΦΑΛ.
2930 3725 3018 3778 Μ’.

2110 3819 2456 3890 Τιμιώτατον
2488 3819 2707 3874 πάντων
2731 3819 2939 3888 ἐστὶν-ί]
2975 3813 3250 3886 βασιλεία·
3279 3814 3404 3866 τότε
3431 3811 3490 3864 δὲ
3522 3811 3634 3882 μά-

2038 3912 2200 3968 λιστα
2231 3911 2475 3967 τοιοῦτόν
2511 3914 2682 3974 ἐστιν,
2707 3913 2836 3964 ὅταν
2865 3913 2894 3964 ὁ
2936 3908 3096 3963 τοῦτο
3141 3905 3532 3977 περικείμενος
3566 3905 3635 3958 τὸ

2039 4002 2260 4074 κράτος,
2304 4001 2378 4071 μὴ
2413 4001 2551 4072 πρὸς
2577 3999 2868 4055 αὐθάδειαν
2902 3999 3066 4070 ῥέπῃ,
3097 3995 3235 4050 ἀλλά
3282 3995 3421 4058 πρὸς
3452 3994 3638 4047 ἐπιεί-

2038 4108 2192 4147 κειαν
2247 4091 2458 4164 βλέπῃο
2491 4091 2555 4144 τὸ
2607 4091 2708 4161 μὲν
2765 4087 3158 4158 ἀπάνθρωπον,
3211 4085 3289 4147 ὡς
3357 4082 3636 4153 θηριῶδες

2037 4185 2542 4256 ἀποστρεφόμενος,
2575 4186 2635 4236 τὸ
2657 4183 2714 4236 δὲ
2757 4181 3162 4251 φιλάνθρωπον,
3203 4177 3278 4240 ὼς
3312 4176 3635 4230 θεοείκελον

2039 4277 2475 4348 ἐνδεικνύμενος.

2623 4388 2666 4438 κ
2679 4385 2846 4440 ΕΦΔΛ
2859 4426 2871 4440 .
2913 4383 3050 4440 MA'.

2115 4481 2278 4544 Ἴσως
2314 4481 2450 4550 πρός
2476 4497 2533 4534 τε
2563 4478 2748 4548 φίλους
2791 4478 2888 4531 καὶ
2919 4476 3152 4547 ἐχθροὺς
3183 4475 3345 4528 ποιοῦ
3375 4473 3481 4538 τάς
3511 4477 3644 4547 κρί-

2043 4593 2180 4642 σεις,
2211 4577 2351 4645 μήτε
2368 4576 2478 4638 τοῖς
2506 4573 2753 4628 εύνοοῠσι
2781 4571 3141 4644 χαριζόμενος
3155 4571 3247 4626 διὰ
3263 4571 3362 4640 τὴν
3383 4571 3644 4640 εὔνοιαν,

357 4665 629 4725 tientibus
651 4665 720 4720 de
743 4673 797 4720 te
822 4663 1137 4736 gratiﬁcans
1155 4661 1228 4717 ob
1259 4661 1721 4727 benevolentiam,
1755 4676 1936 4727 neque

2061 4669 2184 4738 ιήτε
2228 4669 2340 4730 τοῖς
2379 4664 2702 4736 δυσμενέσιν
2731 4664 3128 4734 ἀνθιστάμενος
3175 4661 3246 4715 δι’
3277 4662 3604 4734 ἀπέχθειαν
3629 4683 3644 4696 ο

357 4757 644 4814 malevolis
693 4757 960 4813 resistens
1005 4763 1232 4826 propter
1267 4753 1588 4809 inimicitias
1621 4772 1634 4808 :
1671 4754 1933 4824 quoniam

2061 4757 2236 4828 ιπειδὴ
2264 4759 2364 4834 τῇς
2396 4756 2570 4825 αὐτῆς
2601 4755 2751 4806 ἐστιν
2778 4754 3034 4819 ἀτοπίας,
3095 4753 3192 4806 καὶ
3237 4751 3504 4807 δικαιοῦν
3551 4756 3650 4810 τὸν

355 4847 605 4918 ejusdem
663 4857 750 4902 est
799 4845 1196 4909 absurditatis,
1269 4852 1328 4900 et
1387 4843 1690 4898 secundum
1747 4845 1935 4914 iniqua

2061 4852 2247 4910 ἱδικον,
2283 4853 2334 4904 εί
2369 4850 2466 4902 καὶ
2503 4848 2654 4918 φίλος
2703 4849 2962 4918 ὑπάρχει,
3006 4847 3101 4900 καὶ
3149 4845 3366 4900 ἀδικεῖν
3413 4848 3518 4903 τὸν
3571 4851 3643 4904 δίο

354 4943 636 5007 petentem
676 4937 812 4992 dare
839 4936 1016 4999 litem,
1051 4921 1274 4992 etsi'sit
1309 4936 1548 5006 amicus,
1593 4941 1652 4991 et
1674 4935 1929 5005 injuriam

2061 4960 2217 5008 ιαιον,
2250 4943 2300 4995 εί
2349 4943 2447 4996 καὶ
2499 4939 2692 5011 ἐχθρὸς
2747 4940 3039 5010 τυγχάνειο
3085 4939 3147 4992 τὸ
3183 4937 3298 5009 γὰρ
3357 4942 3546 4994 κακδν
3590 4943 3648 4995 ἐν

351 5028 508 5097 justo
538 5025 766 5091 inferre,
799 5026 906 5082 etsi
934 5026 1008 5082 sit
1029 5025 1286 5082 inimicus
1326 5043 1340 5078 :
1376 5027 1580 5082 malum
1604 5025 1752 5080 enim
1776 5039 1932 5082 utro-

2061 5037 2372 5107 ιμτροτέροις
2406 5035 2616 5106 ὅμοιον,
2649 5033 2752 5086 κᾶν
2800 5033 2859 5086 ἐν
2908 5035 3024 5098 τοῖς
3053 5035 3326 5096 ἐναντίοις
3360 5035 3648 5106 εὑρίσκη-

355 5117 524 5186 hique
553 5115 734 5174 simile
771 5125 878 5182 est,
911 5117 1128 5176 tametsi
1168 5118 1462 5174 contrariis
1497 5119 1553 5182 in
1579 5119 1746 5180 rebus
1781 5121 1933 5178 inve—
2038 5147 2148 5184 ται.

353 5210 562 5267 niatnr.
1761 5204 1771 5214 ’

2616 5329 2664 5380 Κ
2674 5327 2844 5380 ΕΦΛΛ
2854 5367 2867 5378 .
2907 5327 2958 5380 Μ
2969 5324 3038 5378 B’.

2110 5422 2396 5492 Νουνεχῶς
2455 5423 2762 5491 ἀκροᾶσθαι
2817 5421 2898 5474 δεῖ
2937 5422 3062 5480 τοὺς
3111 5419 3222 5472 τῶν
3277 5425 3652 5494 πραγμάτων

949 5325 1100 5381 CAP.
1133 5325 1294 5382 XLII.

426 5419 633 5474 lntcnta
682 5427 870 5474 mente
903 5419 1213 5476 auscultare
1247 5420 1450 5475 debent
1482 5437 1667 5478 rerum
1693 5424 1927 5494 judices.

1861 5549 2092 5605 ΝΟΤᾹΖ.
2127 5593 2135 5603 .

428 5633 539 5710 (ΙΣῇ
573 5635 720 5710 Πρός
754 5637 820 5710 rd
847 5637 1110 5710 κρατοῦν
1140 5638 1252 5710 τὴν
1305 5641 1538 5710 simam.
1595 5640 1775 5698 Cede:
1816 5642 1924 5694 Ilo-

2105 5640 2216 5710 (ίιί)
2265 5643 2360 5694 Ἔν
2379 5642 2578 5710 μηδὲν
2601 5641 2678 5704 τῷ
2711 5638 3004 5704 ἡγεῖσθαι.
3035 5637 3137 5710 _Sic
3163 5654 3230 5710 ex
3287 5636 3493 5696 codice
3541 5641 3660 5696 Re-

352 5705 474 5774 gius
509 5705 564 5757 Β.
597 5707 729 5778 πρὸς
747 5707 836 5761 τὸν
858 5706 1162 5779 κρατοῦντα
1186 5705 1236 5760 τι
1266 5709 1475 5766 εὐπείθ.
1515 5711 1748 5765 ΒΑκιιυει.

2068 5705 2139 5767 io.
2172 5705 2236 5768 Ᾱ.
2271 5713 2357 5767 At.
2379 5705 2548 5780 'editi,
2581 5713 2640 5764 ἓν
2669 5711 2835 5780 μηδὲν
2864 5708 3137 5777 ἡγεῖσθαι.
3191 5708 3267 5762 In.
