3998 6146
389 267 524 332 1177

1585 287 1852 350 ΩΑΡΙΤΑ
1893 295 2155 357 ADMON
2168 299 2448 363 I'I‘OIIIA.

3507 309 3644 376 1178

381 387 604 456 κριτάς·
643 387 983 460 δυσθήρατός
1019 393 1130 466 γάρ
1156 397 1308 450 ἐστιν
1343 402 1374 470 ἠ
1424 399 1517 454 τοῦ
1553 403 1766 460 δικαίου
1797 409 1939 478 εῦρε·

387 495 464 500 __-
534 480 644 500 ιη...
769 484 782 500 .
919 485 933 500 ι
1209 491 1219 500 ι
1353 494 1362 500 -
1420 494 1470 500 --

2061 415 2301 474 diﬂicilis
2333 434 2574 492 namque
2606 433 2771 494 captu
2797 431 2880 480 est
2901 426 3035 496 justi
3075 426 3331 490 intentio,
3367 427 3640 500 facileque

381 495 487 544 σις,
523 480 723 552 ῥᾳδίως
766 484 1112 554 ὲκφεῦτιιυσα
1140 491 1268 554 τοὺς
1306 494 1378 564 μὴ
1419 494 1540 549 λίαν
1568 500 1954 570 προσέχοντας.

387 571 486 626 Ἂν
519 573 577 628 δὲ
619 575 717 628 καὶ
745 575 844 646 τὴν
889 579 999 631 τῶν
1043 579 1312 650 λεγόντων
1366 587 1597 654 ἀφέντες
1649 589 1955 662 δεινότητα,

379 667 473 718 καὶ
504 667 604 730 τὴν
627 668 740 722 τῶν
766 671 1078 739 λεγομένων
1109 677 1380 747 παρέντες
1410 679 1766 752 πιθανότητα,
1795 686 1875 748 είς
1897 685 1957 739 τὸ

377 753 545 824 βάθος
583 757 694 811 τῶν
743 760 1032 831 νοημάτων
1082 765 1312 832 ἑαυτοὺς
1359 770 1726 838 ἐμϐάλλωσιν,
1779 775 1956 840 οὕτως

374 847 735 940 ᾲνιμήσονται
763 853 826 906 τὸ
857 855 986 928 παρ’
1013 857 1195 912 αὐτῶν
1237 861 1591 934 ζητούμενον,
1630 871 1725 922 καὶ
1759 869 1955 940 διπλῆν

373 939 649 1010 ἁμαρτίαν
700 943 1080 1012 ἐκφεύξονται,
1124 951 1267 1021 μήτε
1301 953 1458 1006 αὐτοὶ
1492 955 1554 1008 τὸ
1608 957 1774 1010 καλὸν
1816 939 1953 1028 προ-

375 1030 628 1097 διδόντες,
658 1035 797 1104 μήτε
820 1037 1003 1102 ἄλλοις
1031 1040 1193 1096 τοῦτο
1215 1042 1351 1116 δρᾷν
1381 1049 1812 1119 συγχωροῦντες.

942 1177 1168 1232 ΚΕΦΑΛ
1179 1219 1193 1233 .
1250 1179 1382 1236 Ml".

456 1259 744 1332 ’ἰσάριθμα
769 1266 886 1328 τοῖς
922 1265 1146 1340 ἄστροις
1175 1269 1244 1324 ἂν
1275 1272 1452 1344 κτήσῃ
1483 1273 1552 1328 τὰ
1585 1275 1951 1347 κατορθώμα-

377 1369 464 1422 τα,
493 1353 751 1408 οὐδέποτε
775 1358 1022 1428 νικήσεις
1049 1360 1148 1432 τὴν
1175 1363 1270 1416 τοῦ
1310 1363 1445 1418 Θεοῦ
1467 1365 1783 1437 ἀγαθότητα
1805 1387 1817 1401 ο
1848 1370 1949 1422 ὅσα

375 1445 484 1518 γὰρ
513 1445 580 1500 ἄν
597 1464 682 1512 τις
707 1450 1048 1524 προσενέγκῃ
1077 1451 1197 1526 Θεῷ
1231 1457 1296 1508 ὲκ
1325 1455 1436 1508 τῶν
1464 1457 1650 1524 αὑτοῦ,
1677 1459 1748 1512 τὰ
1781 1459 1948 1514 αὐτοῦ

374 1537 678 1610 προσφέρει
709 1539 893 1612 αὐτῷ·
937 1543 1032 1596 καὶ
1061 1543 1138 1608 ὡς
1183 1545 1284 1599 οὐκ
1331 1547 1480 1601 ἔστιν
1513 1548 1816 1622 ὑπερϐῆναι
1848 1553 1950 1625 τὴν

373 1629 513 1683 ίδίαν
548 1631 607 1684 ὲν
645 1631 725 1703 τῷ
759 1632 894 1705 ἡλίῳ
949 1637 1130 1701 σκιὰν,
1168 1639 1665 1710 προλαμϐάνουσαν
1713 1645 1802 1698 ἀεὶ
1853 1647 1948 1701 καὶ

2059 508 2303 580 effugere
2336 513 2480 569 solet
2529 530 2638 570 non
2667 511 2966 572 admodum
2993 517 3368 574 attendentes.
3409 521 3564 586 Quod
3593 522 3636 575 si

2057 602 2426 670 praetermissa
2475 605 2779 661 dicentium
2838 608 3192 677 eloquentia,
3252 609 3636 679 dictorumque

2057 696 2303 765 neglecta
2337 697 2859 764 verisimilitudine,
2892 699 2961 753 ad
3008 699 3413 769 penitissimam
3445 701 3636 758 inten-

2057 784 2268 839 tionum
2307 785 2743 855 profunditatem
2793 791 3243 858 penetraverint,
3295 792 3376 845 sic
3411 791 3634 846 demum

2055 876 2314 931 haurient
2347 879 2494 961 quod
2535 878 2605 932 ab
2635 879 2769 948 ipsis
2794 881 3062 950 quaeritur
3091 882 3406 953 geminique
3445 883 3635 938 inson-

2057 973 2138 1018 tes
2181 972 2352 1019 erunt
2387 963 2598 1029 delicti,
2629 982 2807 1035 neque
2843 967 2946 1036 ipsi
2980 967 3278 1023 honestum
3320 969 3632 1038 prodendo,

2053 1072 2232 1128 neque
2267 1057 2408 1120 aliis,
2435 1057 2489 1111 id
2527 1065 2632 1124 est,
2666 1067 2726 1112 ut
2755 1059 3124 1124 committant,
3153 1061 3527 1116 concedendo.

2650 1190 2801 1247 CAP.
2851 1191 3040 1246 XLIII.

2120 1282 2371 1354 .Equalia
2435 1299 2668 1339 numero
2725 1285 3010 1339 sideribus
3055 1285 3162 1339 etsi
3199 1285 3442 1339 edideris
3486 1286 3633 1340 bona

2051 1392 2240 1447 opera,
2273 1393 2384 1432 non
2421 1386 2605 1432 tamen
2639 1377 2711 1432 ob
2739 1377 2791 1430 id
2825 1377 3120 1448 superabis
3153 1377 3246 1431 Dei
3283 1377 3628 1442 bonitatem;

2050 1483 2413 1540 quaecumque
2437 1469 2587 1524 enim
2615 1469 2889 1539 quispiam
2923 1468 3190 1522 obtulerit
3231 1468 3364 1532 Deo,
3395 1483 3494 1522 sua
3525 1468 3629 1538 ipsi

2048 1558 2285 1616 offeret:
2313 1567 2374 1616 et
2402 1559 2566 1615 sicuti
2598 1557 2878 1613 transilire
2903 1557 2988 1612 vel
3021 1557 3238 1612 anteire
3268 1557 3408 1611 nulli
3463 1556 3630 1611 datur

2049 1667 2207 1708 suam
2252 1651 2310 1707 in
2348 1651 2465 1706 sole
2498 1650 2774 1712 umbram,
2803 1648 3235 1719 praevenientem
3273 1663 3512 1717 semper,
3542 1648 3629 1702 vel

365 1721 459 1776 τὸν
491 1719 614 1818 λίαν
656 1725 1046 1797 ἐπειγόμενον
1088 1729 1261 1796 οὕτως
1299 1735 1420 1787 οὐδὲ
1453 1737 1553 1805 τὴν
1593 1738 1939 1811 ἀνυπέρϐλη-

2053 1743 2212 1800 nimis
2244 1750 2655 1813 properantem,
2711 1741 2786 1796 ita
2823 1739 3253 1810 insuperabilem
3280 1739 3376 1793 Dei
3411 1739 3628 1794 bonita-

365 1831 458 1868 τον
485 1815 580 1870 τοῦ
611 1817 748 1872 Θεοῦ
772 1822 1123 1894 χρηστότητα
1149 1827 1272 1890 ταῖς
1297 1827 1573 1894 εὐποιίαις
1605 1831 1946 1904 ὑπερϐήσονο

364 1921 458 1985 ται
494 1907 591 1962 ἄνθ
598 1923 796 1980 ρωποι.
1599 1914 1608 1921 ’

928 2026 1182 2083 ΚΕΦΑΛ.
1238 2029 1370 2086 MA'.

446 2113 819 2186 ’Δδαπάνητός
849 2119 969 2172 ἐστι
995 2119 1096 2191 τῆς
1129 2120 1380 2187 εὐποιίας
1409 2124 1438 2176 ό
1467 2123 1698 2188 πλοῦτος
1720 2143 1733 2156 ·
1773 2128 1831 2180 ἐν
1861 2130 1943 2198 τῷ

359 2205 562 2262 διδόναι
595 2209 705 2278 γὰρ
726 2208 1092 2280 λαμϐάνεται,
1123 2215 1222 2268 καὶ
1247 2215 1307 2268 ἐν
1335 2214 1418 2286 τῷ
1447 2216 1767 2288 σκορπίζειν
1815 2235 1942 2272 συν-

361 2299 575 2368 άγεται.
623 2301 826 2358 Τοῦτον
875 2303 1016 2374 ἔχων
1050 2307 1110 2359 ὲν
1134 2309 1200 2380 τῇ
1235 2307 1384 2382 ψυχῇ
1421 2327 1540 2372 σου,
1575 2311 1940 2384 πλουσιόδωρε

361 2391 614 2462 βασιλεῦ,
645 2393 790 2448 δίδου
823 2398 958 2450 πᾶσι
985 2396 1225 2467 δαψιλῶς
1256 2403 1371 2466 τοῖς
1399 2400 1613 2456 αίτοῦσι
1644 2403 1794 2474 παρὰ
1820 2403 1937 2456 σοῦ·

359 2484 796 2557 ἀπειροπλασίας
827 2487 934 2561 γὰρ
961 2487 1106 2554 ἔξεις
1129 2489 1228 2554 τὰς
1253 2492 1392 2564 ὑπὲρ
1432 2494 1642 2548 τούτων
1676 2495 1936 2564 ἀμοιϐὰς,

359 2577 487 2630 ὅταν
510 2576 640 2649 ἔλθῃ
664 2580 692 2632 ὁ
711 2583 905 2653 καιρὸς
932 2581 1032 2652 τῆς
1060 2582 1169 2636 τῶν
1201 2583 1380 2654 ἔργων
1408 2585 1756 2650 ἀντιδόσεως.

922 2699 964 2750 Κ
979 2699 1178 2752 ΕΦΔΛ.
1241 2699 1376 2753 ME'.

429 2779 676 2852 Νεῦματι
706 2783 843 2838 Θεοῦ
873 2786 974 2854 τὴν
1005 2787 1287 2858 βασιλείαν
1314 2786 1518 2855 λαϐὼν,
1557 2788 1798 2860 μίμησαι
1839 2793 1940 2847 αὐ·

2049 1845 2184 1902 tem,
2215 1835 2354 1891 nulli
2379 1833 2539 1888 bonis
2564 1832 2830 1903 operibus
2851 1831 3106 1886 homines
3125 1831 3412 1886 excedent.

2659 2030 2815 2086 CAP.
2849 2030 3037 2086 XLIV.

2113 2125 2461 2190 Iuexhausta
2508 2131 2641 2179 sunt
2692 2121 3078 2178 beneficentia:
3125 2135 3309 2190 opes:
3352 2135 3480 2174 nam
3511 2128 3624 2174 lar-

2042 2216 2244 2287 giendo
2272 2215 2662 2286 acquiruntur,
2685 2222 2742 2269 et
2775 2212 3098 2283 dissipando
3128 2211 3489 2282 colliguntur.
3515 2211 3627 2266 llas

2043 2318 2140 2362 tuo
2169 2306 2368 2362 insitas
2401 2306 2586 2362 animo
2616 2305 2848 2370 habens,
2900 2301 3420 2358 muniﬁcentissime
3448 2301 3626 2372 impe-

2041 2406 2212 2463 rator,
2243 2399 2449 2469 largire
2493 2397 2756 2452 omnibus
2791 2395 3004 2452 all'atim
3032 2393 3356 2464 petentibus
3387 2393 3488 2448 abs
3530 2403 3622 2447 te:

2041 2491 2259 2546 infinito
2287 2491 2438 2545 enim
2469 2489 2808 2560 multiplices
2842 2503 2943 2558 pro
2983 2486 3072 2541 his
3105 2485 3337 2540 habebis
3368 2501 3625 2539 remune-

2041 2583 2313 2648 rationes,
2342 2597 2467 2638 cum
2493 2591 2713 2652 tempus
2749 2577 3024 2636 reddendi
3047 2578 3224 2632 vicem
3247 2579 3485 2632 venerit.

2639 2693 2794 2750 CAP.
2827 2693 2990 2749 XLV.

2109 2789 2256 2846 Nutu
2292 2790 2388 2844 Dei
2441 2803 2672 2860 regnum
2710 2785 2978 2856 adeptus,
3022 2786 3242 2842 imitare
3279 2798 3405 2837 eum
3459 2781 3624 2837 bonis

359 2873 448 2925 τὸν
471 2872 538 2927 δι’
559 2873 738 2946 ἔργων
783 2875 1036 2944 ἀγαθῶνο
1075 2879 1159 2931 ὅτι
1196 2877 1306 2932 τῶν
1339 2875 1398 2932 εὖ
1425 2881 1602 2933 ποιεῖν
1623 2879 1939 2960 δυναμένων

2053 2883 2340 2954 operibus;
2383 2881 2516 2952 quia
2565 2879 2712 2934 inter
2744 2893 2941 2932 eorum
2983 2891 3280 2933 numerum
3325 2883 3490 2930 natus
3536 2889 3620 2938 es,

361 2966 572 3034 ἐγένου,
607 2967 724 3022 ἀλλ’
781 2969 842 3022 οὐ
886 2969 994 3024 τῶν
1027 2969 1090 3024 εὖ
1126 2969 1320 3024 παθεῖν
1373 2971 1670 3042 δεομένων.
1711 2971 1788 3026 Τὸ
1825 2972 1938 3048 γὰρ

2053 2971 2310 3028 beneﬁcio
2343 2972 2437 3042 qui
2464 2970 2682 3026 adicere
2715 2978 2970 3040 possunt,
3001 2985 3112 3024 non
3133 2970 3229 3038 qui
3259 2967 3398 3023 afﬁci
3435 2975 3625 3036 postu-

355 3061 575 3134 ἕτοιμον
607 3063 708 3134 τῆς
735 3063 847 3116 τῶν
877 3065 1178 3136 γρημόιτων
1224 3065 1511 3135 δαψιλείας
1543 3067 1938 3137 ἀνεμπόδιστόν

2053 3067 2197 3119 lant:
2231 3072 2437 3134 paratae
2471 3063 2621 3118 enim
2653 3063 2820 3132 largae
2854 3076 3041 3116 rerum
3068 3060 3242 3129 copia:
3266 3059 3480 3113 nullum
3515 3059 3620 3112 im-

353 3153 471 3206 ὲστι
501 3153 640 3223 πρὸς
668 3154 767 3218 τὰς
796 3153 905 3208 τῶν
931 3157 1181 3227 πενήτων
1210 3156 1478 3221 εὐποιίας.

921 3351 1170 3404 nam.
1221 3351 1372 3420 Μετ’.

430 3441 646 3512 Ὠσπερ
693 3441 972 3512 ὀφθαλμὸς
1005 3441 1297 3513 ἐμπέφυκε
1343 3444 1582 3516 σώματι,
1613 3445 1757 3501 οὕτω
1786 3447 1941 3518 βασι-

355 3528 486 3595 λεῦς
513 3531 592 3603 τῷ
615 3531 808 3604 κόσμῳ
833 3534 1194 3604 ἐνήρμοσται,
1237 3535 1344 3590 ὑπὸ
1376 3537 1474 3591 τοῦ
1527 3537 1666 3591 Θεοῦ
1713 3538 1939 3610 δεδομέ-

353 3636 444 3684 νος
467 3621 547 3685 είς
571 3623 866 3695 συνεργίαν
899 3626 1008 3678 τῶν
1037 3626 1454 3698 συμφερόντων.
1482 3627 1601 3700 Χρὴ
1631 3623 1724 3682 οὖν
1753 3629 1937 3695 αὑτὸν,

351 3709 431 3777 ὥς
473 3713 694 3768 οἰκείων
731 3715 933 3787 μελῶν,
977 3716 1125 3772 οὕτω
1177 3719 1402 3772 πάντων
1445 3719 1755 3790 ἀνθρώπων
1804 3738 1940 3793 προ-

351 3807 514 3871 νοεῖν,
535 3806 624 3860 ἵνα
654 3807 1076 3878 προσκόπτωσιν
1099 3811 1210 3883 (15)
1236 3813 1296 3866 ὲν
1319 3809 1525 3876 καλοῖς,
1545 3813 1642 3866 καὶ
1673 3811 1747 3885 μὴ
1768 3831 1936 3886 προσ-

353 3899 629 3954 κόπτωσιν
654 3899 714 3952 ὲν
737 3901 953 3965 κακοῖς.

915 4037 1168 4090 ΚΕΦΑΛ.
1209 4036 1344 4092 ΜΖ’.

433 4121 880 4196 ’Δσφαλεστάτην
930 4125 1066 4197 ἡγοῦ
1099 4127 1201 4196 τῆς
1230 4129 1506 4198 σωτηρίας
1531 4145 1628 4182 σου
1659 4129 1933 4202 φυλακὴν,

350 4213 415 4268 τὸ
447 4213 718 4284 μηδέποτέ
750 4232 876 4268 τινα
901 4216 1011 4270 τῶν
1042 4218 1304 4288 ὑπηκόων
1337 4219 1547 4273 ἀδικεῖν
1569 4237 1582 4252 ο
1613 4222 1640 4274 ό
1670 4221 1778 4292 γάρ
1811 4237 1937 4274 τινα

355 4304 432 4378 μὴ
461 4306 682 4370 ἀδικῶν,
717 4309 817 4378 οὐχ
845 4309 1118 4380 ὑφορᾶται
1150 4327 1298 4364 τιναο
1333 4313 1384 4365 εἰ
1413 4311 1473 4366 δὲ
1511 4313 1574 4364 τὸ
1604 4313 1684 4384 μὴ
1727 4313 1936 4367 ἀδικεῖν

350 4397 652 4467 ἀσφάλειαν
677 4399 948 4470 προξενεῖ,
973 4400 1032 4453 τὸ
1063 4401 1378 4474 εὐεργετεῖν
1419 4401 1604 4471 πολλῷ
1643 4403 1826 4456 πλέον.
1863 4403 1936 4456 Τὸ

351 4489 592 4558 ἀσφαλὲς
621 4491 726 4560 γὰρ
745 4490 956 4556 δίδωσι,
985 4492 1080 4548 καὶ
1108 4494 1170 4547 τὸ
1200 4493 1501 4566 προσφιλὲς
1524 4494 1586 4550 οὐ
1617 4493 1932 4567 προδίδωσι.

935 4753 1181 4808 ΚΕΦΑΛ.
1227 4756 1374 4811 Μετ’.

423 4845 582 4898 Γίνου
632 4848 746 4909 τοῖς
789 4847 1072 4918 ὑπηκόοις,
1115 4848 1478 4902 εὐσεϐέστατε
1528 4847 1773 4918 βασιλεῦ,
1835 4848 1932 4902 καὶ

353 4937 582 5007 φοϐερὸς
620 4937 706 4991 διὰ
733 4937 832 5008 τὴν
865 4937 1140 5008 ὑπεροχὴν
1165 4939 1265 5008 τῆς
1303 4937 1574 5004 ἔξουσίας,
1615 4939 1712 4992 καὶ
1741 4938 1930 4992 ποθει-

351 5029 442 5092 νὸς
472 5028 560 5081 διὰ
587 5029 687 5098 τὴν
724 5028 970 5099 παροχὴν
991 5029 1090 5099 τῆς
1125 5030 1376 5093 εὐποιίας
1408 5047 1422 5062 ·
1461 5031 1599 5102 μήτε
1629 5030 1725 5084 τοῦ
1761 5030 1928 5100 φόϐου

354 5119 718 5188 καταφρονῶν
770 5119 862 5172 διὰ
905 5119 998 5173 τὸν
1041 5120 1225 5186 πόθον,
1269 5123 1408 5192 μήτε
1431 5121 1525 5174 τοῦ
1556 5122 1724 5176 πόθου
1754 5139 1932 5191 παρα-

355 5206 536 5278 μελῶν
566 5208 657 5263 διὰ
683 5209 776 5264 τὸν
806 5210 969 5282 φόϐον
989 5227 1003 5240 ·
1035 5210 1172 5264 ἀλλὰ
1206 5209 1267 5264 τὸ
1301 5213 1510 5282 ἥμερον
1543 5214 1683 5284 ἔχων
1719 5215 1927 5267 ἀκατα-

351 5298 640 5372 φρόνητον,
671 5303 765 5354 καὶ
793 5301 854 5355 τὸ
887 5301 1372 5370 εὐκαταφρόνητον
1413 5302 1554 5372 ἔχων
1593 5305 1888 5373 ἀνήμερον.

2039 3155 2418 3227 pedimentum
2454 3169 2578 3210 esse
2605 3162 2811 3224 potest,
2834 3167 2944 3222 quo
2966 3151 3150 3207 minus
3180 3150 3538 3206 conferantur
3564 3149 3621 3203 in

2039 3262 2316 3318 pauperes
2344 3245 2634 3301 beneﬁcia.

2611 3353 2764 3408 CAP.
2802 3352 2988 3409 XLVI.

2111 3445 2268 3502 Sicut
2311 3445 2508 3502 oculus
2540 3444 2768 3501 innatus
2802 3453 2888 3500 est
2917 3445 3162 3514 corpori,
3195 3447 3272 3500 ita
3313 3445 3622 3513 imperator

2039 3537 2249 3594 mundo
2277 3543 2498 3608 aptatus
2515 3546 2623 3600 est,
2650 3552 2682 3591 a
2711 3536 2826 3591 Deo
2846 3535 3010 3590 datus
3037 3550 3140 3604 pro
3174 3533 3620 3590 administratio-

2036 3645 2110 3686 ne
2141 3645 2338 3686 eorum
2379 3644 2504 3700 quae
2531 3629 2658 3684 usui
2691 3637 2845 3684 sunt.
2873 3627 3105 3698 Oportet
3133 3627 3300 3697 igitur
3335 3640 3464 3682 eum
3498 3639 3622 3678 om-

2036 3719 2203 3775 nibus
2254 3717 2578 3774 hominibus
2609 3717 2769 3788 quasi
2818 3717 3063 3788 propriis
3094 3715 3359 3770 membris
3406 3713 3620 3784 prospi-

2037 3826 2194 3880 cere.
2231 3821 2296 3865 ut
2331 3810 2626 3881 proficiant
2659 3809 2718 3865 in
2740 3809 2927 3875 bonis,
2945 3823 3054 3863 nec
3078 3808 3354 3863 malorum
3377 3807 3618 3862 offensa-

2037 3901 2165 3956 cqu
2189 3901 2499 3957 illidantur.

2624 4031 2776 4089 CAP.
2807 4030 3018 4088 XLVII.

2108 4125 2460 4182 Tutissimam
2520 4125 2792 4179 arbitrare
2824 4123 3022 4176 salutis
3051 4130 3159 4176 tuae
3204 4118 3539 4177 custodiam,
3570 4115 3618 4170 si

2036 4217 2317 4273 neminem
2355 4231 2598 4284 unquam
2658 4214 3010 4270 subditorum
3055 4211 3312 4267 afl‘eceris
3362 4206 3568 4278 injuria
3594 4221 3614 4260 -:

2037 4307 2133 4379 qui
2171 4307 2320 4361 enim
2349 4306 2585 4360 oﬂ'endit
2624 4304 2926 4368 neminem,
2964 4289 3266 4373 suspicioni
3318 4301 3484 4356 habet
3515 4314 3618 4354 ne-

2038 4397 2246 4450 minem
2280 4394 2468 4466 :quod
2507 4395 2554 4449 si
2588 4395 2742 4448 nulla
2770 4409 3107 4464 quemquam
3139 4391 3358 4448 adicere
3389 4390 3615 4461 injuria,

2041 4486 2266 4542 tutelam
2297 4485 2584 4548 conciliat,
2629 4482 2804 4539 multo
2829 4483 3005 4554 magis
3029 4481 3410 4537 beneficentiis
3444 4479 3616 4535 colla-

2037 4575 2110 4630 tis
2156 4573 2208 4628 id
2243 4573 2542 4644 praestabit.
2573 4573 2708 4628 Nam
2743 4583 2804 4628 ut
2839 4575 3067 4630 tutelam
3102 4573 3350 4652 exhibet,
3389 4572 3463 4626 ita
3487 4571 3618 4626 cha-

2036 4662 2260 4718 ritatem
2281 4677 2392 4718 non
2415 4663 2620 4734 prodit.

2595 4753 2748 4808 CAP.
2786 4752 3020 4808 XLVIII.

2102 4844 2236 4901 Esto
2264 4843 2528 4910 subditis,
2559 4845 2909 4914 pientissimc
2946 4845 3272 4914 imperator,
3332 4849 3390 4896 et
3421 4839 3614 4896 formi~
3725 4839 3728 4842 ’

2029 4935 2231 4992 dabilis
2253 4935 2326 4990 ob
2357 4935 2744 4990 excellentiam
2791 4935 3106 5005 potestatis,
3136 4942 3195 4987 et
3241 4932 3498 4987 amabilis
3540 4932 3617 4985 ob

2029 5029 2378 5099 largitionem
2425 5026 2826 5093 beneficentior,
2863 5041 3045 5095 neque
3076 5024 3430 5084 formidinem
3479 5039 3615 5077 con-

2029 5119 2328 5176 temnendo
2358 5125 2592 5188 propter
2618 5132 2885 5180 amorem,
2913 5133 3016 5172 nec
3051 5117 3180 5170 item
3228 5127 3471 5169 amorem
3513 5125 3613 5166 ne-

2029 5214 2238 5284 gligens
2270 5212 2342 5266 ob
2393 5210 2780 5276 formidinem;
2833 5209 2928 5263 sed
2983 5218 3091 5263 tam
3128 5203 3610 5261 mansuetudinem

2033 5321 2149 5374 prae
2204 5312 2256 5359 te
2285 5303 2470 5358 ferens
2499 5301 2649 5357 haud
2709 5301 3136 5372 aspemabilcm,
3168 5314 3332 5369 quam
3383 5295 3610 5350 nimiam

2035 5405 2091 5450 et
2139 5394 2542 5466 aspernabilem
2597 5392 3026 5450 familiaritatem
3069 5391 3269 5446 immiti
3319 5385 3612 5444 severitate

2035 5489 2330 5557 castigans.

1863 5599 2095 5656 NOTAE.

1078 5632 1080 5634 τ
1863 5601 1906 5652 u

423 5683 537 5756 (15)
591 5689 1081 5756 Προσκόπτιιισιν.
1137 5689 1215 5743 Ita
1273 5688 1492 5746 codices
1546 5690 1726 5762 Regii.
1777 5601 1939 5748 Editic

2053 5601 2071 5636 π

2053 5694 2362 5748 νκόπτωσιν.
2394 5691 2622 5747 Bn'ntftt.
