3998 6146
455 279 592 346 1179

525 485 658 554 Quae
687 479 928 538 subditis
969 479 1141 534 verbo
1170 477 1328 548 quasi
1366 477 1486 548 lege
1533 475 1870 546 praescribis,
1907 474 2027 530 haec

454 583 514 628 tu
541 571 886 644 praeveniens
941 568 1125 638 reipsa
1154 565 1503 638 praestiteris,
1528 575 1592 621 ut
1617 564 1802 621 verbis
1822 563 2028 635 quibus

453 662 792 734 persuades,
850 661 1064 730 integra
1105 673 1328 730 quoque
1373 659 1487 714 vita
1534 658 1868 729 astipuletur
1903 655 2028 710 :sic

451 757 602 812 enim
651 751 1089 810 commendabile
1117 760 1276 808 tuum
1305 750 1649 806 asseverabis
1695 749 2024 820 imperium,

450 845 499 903 si
525 851 582 900 et
608 841 959 898 ratiocineris
1011 857 1123 896 non
1173 841 1296 896 sine
1341 854 1532 911 opere,
1553 849 1610 897 et
1634 839 1884 912 opereris
1914 853 2028 894 non

451 937 571 992 sine
617 933 857 989 ratione.

511 1144 624 1200 Eos
654 1145 780 1215 plus
801 1157 950 1207 ama,
970 1140 1346 1197 Serenissime
1387 1139 1715 1208 Imperator,
1775 1135 2026 1206 accipere

444 1233 546 1290 abs
583 1242 638 1288 te
667 1230 934 1288 beneﬁcia
968 1230 1064 1300 qui
1087 1229 1417 1300 supplicant,
1452 1241 1616 1297 quam
1638 1225 1739 1280 tibi
1761 1225 1857 1294 qui
1888 1239 2026 1279 con-

447 1327 682 1382 tendunt
715 1324 915 1380 oﬂerre
944 1336 1178 1376 munera
1223 1338 1238 1374 :
1277 1319 1366 1374 his
1422 1318 1572 1373 enim
1615 1315 1839 1373 debitor
1882 1314 2026 1370 refe-

447 1415 620 1483 rendi
660 1413 891 1486 gratiam
957 1409 1231 1475 eﬂiceris;
1286 1407 1367 1464 illi
1435 1421 1571 1462 vero
1605 1405 1742 1460 dant
1793 1403 2028 1470 vadem,

445 1506 820 1562 vindicantem
865 1503 971 1559 sibi
1015 1513 1359 1572 quaecunque
1384 1513 1517 1570 erga
1547 1496 1830 1568 supplices
1887 1509 2026 1551 con-

447 1595 660 1662 tuleris,
725 1605 786 1651 et
841 1599 1292 1651 remunerantem
1333 1590 1496 1646 bonis
1555 1587 2027 1644 retributionibus

448 1696 599 1743 tuam
623 1695 732 1743 tam
766 1687 916 1758 piam
940 1700 1105 1758 quam
1135 1683 1535 1756 perbumanam
1557 1681 1948 1738 intentionem.

1113 1817 1268 1874 CAP.
1294 1817 1383 1874 Ll.

513 1910 658 1966 Solis
701 1909 950 1980 profecto
985 1917 1176 1980 partes
1216 1915 1368 1977 sunt,
1417 1907 1702 1962 illustrare
1730 1903 1906 1960 radiis
1931 1916 2028 1958 or-

443 2003 570 2060 bem
611 2021 624 2058 :
646 2002 918 2073 principis
935 2017 1069 2058 vero
1099 2000 1280 2056 virtus
1299 2007 1386 2055 est
1413 2011 1721 2070 egenorum
1745 1993 2022 2051 misereri.

1748 271 2072 336 AGAPETI
2111 271 2420 334 DIACONI

1043 385 1200 444 CAP.
1239 385 1432 442 XLIX.
2057 389 2108 446 Α

2049 1752 2096 1810 Β

3577 267 3724 335 1180

2707 385 2957 440 ΚΕΦΑΛ.
2994 383 3130 440 MU.

2207 477 2272 531 Ἃ
2298 479 2410 540 τοῖς
2436 477 2701 548 ὑπηκόοις
2730 478 3049 550 νομοθετεῖς
3072 477 3162 532 διὰ
3197 477 3310 532 τῶν
3345 474 3554 544 λόγων,
3591 477 3732 530 ταῦ-

2128 585 2198 622 τα
2227 569 2520 640 προλαϐὼν
2566 567 2851 636 ὑπέδειξας
2877 571 2966 625 διὰ
2991 569 3101 624 τῶν
3122 569 3334 642 ἔργων’
3365 569 3456 624 ἵνα
3487 571 3600 633 τοῖς
3630 568 3728 621 λό-

2128 678 2246 726 γοις
2279 657 2363 727 οἷς
2411 662 2642 730 πείθεις,
2687 663 2786 720 καὶ
2817 663 3058 736 χρηστὸς
3107 661 3547 734 συναγωνίζηται
3579 662 3728 734 βίος.

2129 756 2286 809 Οὕτω
2335 757 2446 828 γὰρ
2493 756 2784 828 εὐδόκιμον
2840 759 3094 828 ἀποφανῇ
3145 773 3242 810 σου
3272 755 3335 809 τὸ
3374 757 3598 826 κράτος,
3624 759 3732 812 καὶ

2129 847 2304 916 λέγων
2341 847 2690 919 πρακτικῶς,
2719 849 2817 903 καὶ
2845 848 3106 920 πράττων
3132 847 3398 916 λογικῶς.

2729 1046 2984 1100 ΚΕΦΑΛ.
3028 1045 3112 1100 N“.

2203 1138 2375 1192 Πλέον
2425 1137 2640 1208 ἀγάπα,
2677 1137 2901 1208 βασιλεῦ
2950 1137 3310 1210 γαληνότατε,
3339 1139 3468 1201 τοὺς
3495 1137 3724 1208 λαμϐά-

2130 1247 2242 1284 νειν
2297 1228 2452 1302 παρὰ
2503 1229 2600 1286 σοῦ
2653 1231 2889 1303 χάριτας
2945 1229 3334 1295 ἱκετεύοντας,
3389 1229 3533 1300 ἥπερ
3585 1230 3722 1292 τοὺς

2133 1322 2537 1388 σπουδάζοντας
2565 1322 2777 1394 δωρεάς
2808 1339 2893 1377 σοι
2925 1323 3285 1395 προσφέρειν.
3311 1319 3437 1385 Τοῖς
3468 1321 3568 1391 μὲν
3601 1320 3720 1391 γὰρ

2127 1413 2418 1486 ὀφειλέτης
2460 1414 2702 1486 ἀμοιϐῆς
2736 1415 3098 1471 καθίστασαι·
3135 1417 3184 1471 οί
3229 1415 3288 1468 δέ
3319 1432 3403 1468 σοι
3442 1413 3534 1468 τδν
3580 1413 3722 1466 Θεὸν

2128 1503 2413 1578 ὀφειλέτην
2447 1506 2685 1574 ποιοῦσι,
2732 1507 2826 1561 τὸν
2873 1505 3248 1577 οἰκειούμενον
3289 1505 3360 1559 τὰ
3405 1506 3484 1569 είς
3517 1504 3718 1566 αὐτοὺς

2128 1596 2411 1672 γινόμενα,
2469 1597 2566 1652 καὶ
2617 1597 2986 1670 ἀμειϐόμενον
3018 1599 3258 1668 ἀγαθαῖς
3271 1585 3595 1652 ἀντιδόσεσι
3622 1595 3718 1649 τὸν

2131 1687 2403 1760 φιλόθεον,
2430 1689 2528 1744 καὶ
2555 1676 2936 1762 ξριλάνθρωπόν
2963 1705 3057 1743 σου
3097 1688 3320 1743 σκοπόν.

2703 1803 2955 1858 ΚΕΦΑΛ..
2987 1799 3117 1857 NA'.

2209 1893 2390 1948 Ἠλίου
2419 1894 2518 1964 μὲν
2537 1893 2702 1964 ἔργον
2727 1895 2868 1961 ἐστὶ,
2898 1893 2962 1948 τὸ
2987 1893 3377 1966 καταλάμπειν
3404 1893 3528 1957 ταῖς
3551 1893 3714 1948 ἀκτι-

2126 2003 2182 2039 σι
2236 1983 2336 2057 τὴν
2384 1985 2598 2040 κτίσιν·
2633 1985 2868 2050 ἄνακτος
2903 1985 2964 2039 δὲ
3011 1985 3206 2058 ἀρετὴ,
3254 1985 3316 2038 τδ
3365 1983 3542 2038 ἐλεεῖν
3596 1987 3716 2049 τοῖς

443 2095 616 2150 Porro
648 2069 748 2148 illo
773 2069 976 2148 clarior
993 2100 1080 2148 est
1119 2069 1566 2162 imperator,iqui
1595 2088 1723 2159 pius
1748 2094 1835 2144 est
1868 2105 1884 2142 :
1931 2085 2024 2142 ille

2144 2077 2401 2148 ῑεομένοις
2433 2069 2569 2150 (l6).
2603 2077 2876 2134 Κάκείνου
2905 2077 2963 2132 δὲ
2992 2075 3393 2150 φανερώτερος,
3424 2079 3453 2131 6
3479 2075 3715 2146 εὐσεϐὴς

444 2200 685 2256 namque
712 2183 862 2240 cedit
889 2182 1212 2240 succedenti
1251 2181 1434 2248 nocti;
1466 2180 1561 2237 hic
1588 2184 1774 2234 autem
1804 2173 2024 2248 rapaci-

443 2277 544 2332 tati
583 2291 882 2348 pravorum
919 2291 1032 2331 non
1064 2273 1324 2331 concedit
1356 2273 1673 2346 indulgetve
1695 2269 2022 2341 quidquam,

454 2369 552 2426 sed
572 2368 784 2424 lumine
813 2367 1067 2424 veritatis
1090 2366 1399 2438 iniquitatis
1429 2365 1650 2422 occulta
1679 2361 1946 2433 coarguit.

511 2655 730 2712 Priores
755 2654 979 2726 quidem
1007 2661 1060 2710 te
1476 2651 1825 2722 principatus
1855 2648 2021 2704 ador-

2127 2169 2381 2242 βασιλεύς
2401 2187 2414 2202 ·
2447 2173 2476 2225 6
2505 2171 2606 2242 μὲν
2632 2171 2744 2243 γὰρ
2777 2172 3054 2250 ὑποχωρεῖ
3099 2172 3168 2230 τῇ
3210 2170 3429 2242 διαδοχῇ
3455 2171 3558 2239 τῆς
3616 2188 3714 2224 νυ-

2125 2263 2254 2328 κτός
2273 2280 2286 2293 ’
2315 2265 2345 2317 6
2379 2264 2437 2318 δὲ
2459 2265 2522 2318 οὐ
2553 2267 2879 2337 παραχωρεῖ
2905 2267 2972 2338 τῇ
3006 2269 3330 2338 συναρπαγῇ
3364 2265 3475 2320 τῶν
3500 2263 3710 2329 κακῶν,

2123 2355 2261 2408 ἀλλὰ
2289 2355 2365 2425 τῷ
2397 2357 2538 2426 φωτὶ
2560 2356 2662 2428 τῆς
2685 2356 2948 2429 ἀληθείας
2973 2358 3252 2430 ἐξελέγχει
3278 2359 3346 2412 τά
3369 2356 3591 2430 κρυπτὰ
3610 2356 3714 2426 τῆς

2123 2445 2356 2510 ἀδικίας.

2631 2595 2640 2604 -
2707 2561 2961 2617 ΚΕΦᾹΛ.
3000 2562 3126 2618 NB'.

2196 2653 2334 2717 Τοὺς
2366 2653 2465 2722 μὲν
2493 2651 2601 2724 πρὸ
2647 2653 2743 2708 σοῦ
2790 2653 3030 2725 βασιλεῖς
3056 2658 3090 2728 ἡ
3120 2656 3266 2729 ἀρχὴ
3290 2655 3711 2724 κατεκόσμησεο

444 2745 629 2812 navit;
671 2753 730 2800 tu
763 2760 897 2800 vero
927 2759 1080 2812 eum,
1132 2743 1610 2815 praestantissime,
1658 2741 2022 2796 illustriorem

2144 2748 2192 2801 rb
2217 2745 2276 2800 δὲ
2294 2747 2520 2818 ταύτην,
2543 2746 2826 2818 κράτιστε,
2856 2749 3222 2821 φαιδροτέραν
3251 2750 3532 2819 ἐποίησας,
3569 2749 3714 2819 ἡμε-

447 2835 782 2904 reddidisti,
837 2835 1266 2890 mansuetudine
1326 2843 1644 2906 temperans
1687 2830 2024 2901 diluensque

2129 2837 2312 2910 ρότητι
2345 2836 2550 2908 κιρνῶν
2581 2837 2680 2907 τῆς
2713 2837 2967 2902 ἐξουσίας
2993 2837 3085 2892 τὸν
3119 2837 3310 2906 ὄγκον,
3331 2839 3435 2891 καὶ
3467 2835 3712 2907 χρηστό-

444 2935 723 2984 austeram
780 2927 1075 2998 potestatis
1119 2927 1344 2990 molem,
1377 2924 1742 2994 bonitateque
1788 2923 2023 2978 vincens

2144 2945 2250 2999 ξητι
2277 2927 2442 2981 νικῶν
2469 2926 2580 2981 τῶν
2603 2927 2935 2999 προσιόντων
2971 2945 3054 2980 σοι
3086 2927 3180 2980 τὸν
3201 2927 3387 2997 φόϐον.
3421 2925 3584 2979 Ὅθεν
3619 2925 3701 2992 τῷ

444 3019 770 3082 adeuntium
824 3029 879 3075 te
907 3018 1284 3074 formidinem.
1314 3015 1664 3087 Quapropter
1724 3023 1832 3071 tuae
1865 3029 2022 3071 sere-

2127 3018 2308 3092 λιμένι
2351 3019 2453 3090 τῆς
2507 3019 2608 3090 σῆς
2645 3017 3003 3090 γαληνότητος
3049 3017 3256 3082 πάντες
3308 3015 3702 3089 προσορμῶσιν

444 3112 638 3168 nilatis
683 3119 906 3183 portum
937 3111 1182 3167 subeunt
1219 3125 1446 3174 omnes,
1499 3108 1596 3179 qui
1627 3105 2023 3164 ‘misericordia

2144 3083 2718 3180 »ι’έλέουςδεόμενοι,
2767 3083 2862 3165 καὶ
2895 3083 3010 3164 τῶν
3063 3110 3329 3180 κυμάτων
3354 3083 3704 3180 *τῆς-πενίας

446 3203 696 3274 indigent
750 3200 1123 3272 ﬂuctibusque
1166 3199 1508 3272 paupertatis
1543 3199 1798 3266 liberati,
1841 3208 2026 3270 gratos

2144 3202 2624 3274 Ιιπαλλαττόμενοι,
2647 3201 3095 3275 εὐχαριστηρίους
3115 3199 3142 3254 ἱ
3156 3219 3322 3274 μνους
3347 3217 3429 3254 σοι
3456 3198 3714 3268 ἀναπέμ-

447 3295 680 3364 hymnos
710 3293 779 3348 ad
809 3303 861 3350 te
888 3293 1188 3350 missitunt.

1059 3405 1214 3462 CAP.
1252 3405 1387 3461 Llll.

515 3499 794 3566 Quantum
824 3501 1104 3566 potestate
1130 3494 1350 3550 caeteris
1372 3492 1682 3558 antecellis,
1709 3501 1920 3550 tantum
1945 3492 2029 3548 fa-

449 3590 555 3644 ctis
587 3589 754 3644 etiam
795 3585 1036 3642 emicare
1064 3593 1191 3640 ante
1241 3586 1382 3641 alios
1409 3584 1624 3640 enitere
1664 3601 1681 3640 :
1717 3583 2029 3655 persuasis-

449 3681 652 3735 simum
673 3679 826 3734 enim
842 3677 986 3732 habe
1007 3692 1130 3732 eam
1161 3676 1262 3732 abs
1284 3684 1339 3731 te
1367 3675 1638 3747 postulari
1666 3675 2030 3730 honestorum

448 3771 850 3842 operationem,
888 3785 1011 3840 quae
1044 3768 1414 3841 magnitudini
1443 3768 1650 3823 virium
1675 3768 2031 3840 proportione

449 3863 804 3932 respondeat.
839 3861 912 3917 Ut
945 3861 1115 3932 igitur
1143 3877 1176 3916 a
1207 3860 1322 3916 Deo
1367 3862 1526 3931 quasi
1573 3877 1674 3932 per
1718 3858 2032 3930 praeconem

448 3955 631 4010 victor
671 3953 998 4017 declareris,
1029 3968 1234 4008 corona
1265 3953 1456 4008 invicti
1487 3953 1706 4023 imperii
1741 3962 1838 4008 tuo
1865 3955 2038 4025 capiti

449 4045 706 4116 imposita
729 4085 744 4109 ,
775 4058 1036 4099 coronam
1067 4045 1236 4100 etiam
1264 4044 1645 4100 beneﬁcentia:
1663 4059 1792 4116 erga
1830 4061 2034 4116 paupe-

448 4150 539 4192 res
561 4133 860 4206 acquirito.

515 4339 909 4411 Contemplare
944 4246 1476 4412 beanlﬁ‘iuIsL‘uam
1507 4338 1738 4396 mandes
1763 4355 1886 4410 qua:
1914 4339 2031 4396 ﬁeri

2129 3313 2232 3350 που
2240 3313 2346 3350 σιν.

2720 3410 2974 3464 ΚΕΦΑΛ.
3004 3407 3134 3470 Nl".

2202 3499 2368 3554 Ὅσον
2407 3501 2475 3572 τῇ
2509 3499 2799 3570 δυναστείᾳ
2834 3499 3052 3553 πάντων
3103 3495 3484 3567 ὐπερανέχεις,
3525 3490 3718 3546 τοσοῦ-

2131 3608 2220 3646 τον
2247 3591 2344 3646 καὶ
2384 3594 2499 3656 τοῖς
2526 3591 2710 3662 ἔργοις
2750 3590 3132 3662 ὐπερλάμπειν
3169 3587 3438 3657 ἀγωνίζου
3470 3601 3484 3616 ·
3519 3583 3714 3639 ἀναλοο

2131 3683 2334 3755 γοῦσαν
2362 3683 2472 3756 γάρ
2508 3684 2588 3754 τῷ
2619 3684 2840 3755 μεγέθει
2873 3683 2976 3752 τῆς
3006 3681 3289 3752 δυνάμεως
3324 3679 3424 3751 τὴν
3447 3677 3714 3750 ἐργασίαν

2130 3777 2240 3831 τῶν
2259 3777 2441 3833 καλῶν
2473 3775 2821 3832 ἀπαιτεῖσθαι
2849 3775 3243 3848 προσδόκησον.
3272 3773 3390 3827 Ἵνα
3406 3771 3587 3825 τοίνυν
3609 3787 3716 3824 πα·

2135 3869 2206 3942 ρὰ
2231 3869 2368 3924 Θεοῦ
2417 3869 2828 3941 ἀνακηρυχθῇς,
2863 3867 3004 3938 μετὰ
3027 3865 3120 3920 τοῦ
3153 3865 3418 3935 στεφάνου
3449 3866 3548 3934 τῆς
3574 3863 3712 3934 ἀητ-

2132 3961 2294 4032 τήτου
2323 3959 2622 4031 βασιλείας,
2651 3959 2852 4030 κτῆσαι
2881 3957 2976 4012 καὶ
3007 3956 3068 4010 τὸ
3104 3955 3326 4028 στέμμα
3357 3953 3458 4024 τῆς
3482 3953 3590 4007 τῶν
3615 3969 3712 4004 περ

2132 4049 2306 4122 νὴτων
2337 4049 2611 4113 εὐποιίας.

2698 4215 2954 4305 ΚΕοΑΑ.
3003 4245 3126 4303 NA'.

2205 4347 2444 4402 Σκέπτου
2477 4346 2608 4418 πρὶν
2633 4343 2941 4399 ἐπιτάττειν
2967 4341 3002 4396 ἃ
3031 4339 3228 4403 θέλεις,
3255 4339 3344 4392 ἴνα
3373 4334 3714 4409 προστάττῃς

443 4433 583 4488 velis
617 4450 632 4487 ε
661 4435 742 4488 sic
773 4432 869 4488 ﬁet
897 4440 959 4487 ut
989 4448 1210 4503 semper
1237 4433 1549 4503 prudenter
1568 4432 1766 4504 jubeas
1792 4449 1916 4504 quae
1949 4432 2026 4489 fas

2144 4443 2420 4515 ἐμφρόνως
2460 4439 2497 4495 ἃ
2557 4440 2719 4511 θέμις
2746 4455 2761 4470 ο
2817 4434 3058 4490 εὐόλιθον
3103 4433 3214 4504 γὰρ
3249 4431 3428 4499 τὸτῆς
3467 4427 3714 4496 γλώττης

445 4523 884 4578 estzlnbricum
945 4521 1092 4576 enim
1147 4531 1234 4576 est
1292 4520 1725 4578 instrumentum
1800 4523 2025 4594 linguae,

445 4614 858 4684 maximumque
875 4613 1037 4670 aﬂ'ert
1063 4613 1472 4684 negligentibus
1493 4612 1807 4683 periculum
1837 4632 1850 4668 :
1877 4614 2028 4685 quod

445 4705 492 4760 si
521 4704 672 4776 pium
712 4704 1056 4760 intellectum
1101 4703 1256 4758 velut
1277 4703 1546 4758 musicam
1579 4703 1658 4758 illi
1688 4703 2026 4773 praefeceris,

446 4795 709 4851 omnibus
735 4795 1038 4852 harmonia:
1071 4795 1319 4850 numeris
1357 4795 1747 4850 concinnatum
1779 4795 2031 4850 modula-

445 4883 599 4938 bitur
639 4885 834 4940 melos.

518 5089 757 5144 Acutum
787 5091 1015 5161 quidem
1043 5106 1167 5147 esse
1201 5097 1421 5162 oportet
1445 5088 1754 5160 principem
1797 5103 1922 5143 cum
1969 5089 2025 5143 in

447 5181 574 5236 aliis
597 5191 714 5236 tum
745 5177 830 5237 vel
866 5183 1108 5238 maxime
1143 5182 1199 5238 in
1228 5181 1564 5254 proferendo
1591 5180 1659 5236 de
1687 5180 1854 5236 rebus
1881 5179 2025 5235 ditii-

450 5259 676 5328 cillimis
708 5273 923 5344 judicio
953 5293 968 5328 :
1005 5274 1216 5332 lentum
1258 5281 1443 5329 autem
1479 5272 1637 5328 valde
1681 5272 1748 5328 ad
1779 5272 2024 5328 irascen-

447 5365 604 5420 dum.
631 5364 714 5419 “Et
737 5365 999 5434 quoniam
1034 5366 1350 5422 omnimoda
1387 5366 1482 5419 ira:
1527 5364 1773 5420 absentia
1834 5379 2025 5434 asper-
2059 5403 2068 5412 .

447 5457 652 5513 nabilis
705 5467 823 5522 est,
888 5469 944 5512 et
1001 5459 1270 5514 irascatur
1328 5457 1732 5526 mediocriter,
1801 5466 1858 5511 et
1917 5471 2028 5512 non

2134 4535 2388 4607 ὄργανον,
2420 4534 2515 4588 καὶ
2541 4535 2798 4604 μέγιστον
2831 4527 3065 4623 παρέχει
3101 4528 3210 4586 τοῖς
3239 4521 3502 4593 ἀμελοῦσι
3530 4519 3714 4623 κίνδυ-

2135 4643 2246 4681 νον.
2275 4627 2339 4678 Εἰ
2367 4624 2424 4678 δὲ
2451 4625 2543 4678 τὸν
2568 4622 2769 4693 εὐσεϐῆ
2799 4611 3060 4688 λογισμὸν
3093 4617 3169 4680 ὡς
3199 4613 3467 4685 μουσικὴν
3493 4611 3720 4679 ἐπιστή-

2137 4733 2248 4780 σεις
2267 4715 2435 4786 αὐτῷ,
2463 4716 2524 4770 τὸ
2549 4711 2920 4786 παναρμόνιον
2949 4709 3046 4782 τῆς
3089 4705 3296 4778 ἀρετῆς
3317 4701 3715 4775 άνακρούσεται

2139 4811 2320 4882 μέλος.

2703 4981 2956 5036 ΚΕΦΑΛ.
3015 4975 3144 5034 ΝΕ’.

2217 5079 2372 5146 Ὀξὺν
2417 5079 2516 5151 μὲν
2547 5071 2690 5133 εἶναι
2727 5077 2836 5148 χρὴ
2861 5075 2990 5147 περὶ
3031 5073 3210 5128 πάντα
3237 5071 3328 5126 τὸν
3358 5071 3589 5132 ἄνακτα,
3619 5063 3716 5118 καὶ

2138 5173 2371 5244 μάλιστα
2393 5172 2522 5242 περὶ
2547 5169 2648 5234 τὰς
2670 5168 2884 5241 κρίσεις
2908 5165 3018 5220 τῶν
3049 5161 3328 5236 δυσχερῶν
3351 5157 3718 5232 πραγμάτων,

2135 5266 2332 5338 βραδὺν
2360 5263 2418 5317 δὲ
2449 5263 2570 5317 λίαν
2601 5264 2681 5328 εἰς
2710 5261 2880 5332 ὀργὴν
2909 5256 3338 5312 ἐπιδείκνυσθαι.
3379 5247 3598 5318 Ἐπειδὴ
3619 5250 3718 5301 καὶ

2133 5359 2192 5412 τδ
2228 5357 2401 5428 πάντη
2441 5354 2714 5426 ἀόργητον
2743 5349 3253 5421 εὐκαταφρόνητον,
3291 5352 3390 5400 καὶ
3423 5338 3717 5415 θυμούσθω

2137 5451 2397 5524 μετρίως,
2429 5448 2524 5504 καὶ
2551 5447 2626 5519 μὴ
2648 5443 2966 5516 θυμούσθω·
2999 5443 3060 5498 τὸ
3093 5443 3211 5514 μὲν,
3241 5443 3330 5497 ἵνα
3360 5439 3469 5494 τῶν
3495 5437 3719 5512 φαύλων

1961 5592 2190 5652 NOTAE.

525 5702 635 5772 (l6)
675 5702 749 5758 Τὸ
804 5705 996 5759 ἐλεεῖν
1051 5705 1173 5773 τοῖς
1205 5705 1528 5775 δεομένοις.
1559 5707 1684 5766 Mss.
1727 5709 1859 5768 Res.
1894 5725 1944 5764 τ.
1977 5708 2020 5761 ὲ.

2144 5724 2193 5771 )ς
2226 5702 2538 5774 δεομένους.
2578 5701 2814 5756 Basnun.
