3934 6156
301 305 329 374 I
342 307 438 372 181

1509 310 1781 371 CAPITA
1819 309 2382 373 ADMONI'I‘ORIA.

3439 303 3578 370 1132

299 421 398 486 τὰς
437 421 613 493 ὁρμὰς
639 418 940 496 ἁναστέλλῃ
965 435 981 454 ο
1004 420 1066 476 τδ
1094 419 1154 476 δέ
1177 460 1195 488 ,
1228 421 1318 476 ἵνα
1348 422 1448 486 τὰς
1476 423 1735 496 ἀφορμὰς
1778 425 1888 480 τῶν

2012 437 2258 484 rascatur
2296 433 2517 496 Oportet
2548 442 2560 478 :
2597 423 2730 479 illud
2763 464 2778 488 ,
2835 431 2898 478 ut
2954 437 3254 494 pravorum
3305 419 3571 491 impetum

302 513 558 600 χρηστῶν
585 512 866 588 tium.

866 713 1116 772 arma.
1167 713 1317 784 Nan

381 807 470 862 Ἐν
489 805 570 878 τῷ
591 804 811 878 ἀκριϐεῖ
827 805 928 876 τῆς
952 805 1182 878 καρδίας
1216 819 1310 860 σου
1335 804 1725 878 βουλευτηρίῳ,
1763 808 1888 860 ἐπι-

302 897 482 970 μελῶς
511 896 764 952 κατανόει
790 896 901 952 τῶν
924 897 1195 952 συνόντων
1229 915 1312 952 σοι
1347 897 1475 962 τοὺς
1503 897 1761 969 τρόπους,
1793 898 1884 954 ἕνα

297 990 572 1064 γινώσκῃς
599 987 845 1060 ἀκριϐῶς
871 979 967 1044 καὶ
1000 990 1128 1054 τοὺς
1150 991 1209 1045 ἐν
1239 989 1428 1063 ἀγάπῃ
1453 989 1882 1062 θεραπεύοντας,

297 1084 390 1136 καὶ
419 1083 545 1144 τοὺς
575 1085 632 1136 ἐν
655 1081 841 1154 ἀπάτῃ
873 1083 1269 1148 κολακεύοντας
1288 1101 1303 1116 ο
1329 1083 1518 1138 πολλοὶ
1543 1083 1658 1155 γὰρ
1679 1085 1886 1139 εὐνοεῖν

297 1176 759 1246 ὑποκρινόμενοι,
829 1177 1046 1249 μεγάλα
1099 1180 1227 1244 τούς
1293 1181 1655 1246 πιστεύοντας
1715 1199 1887 1237 καταο

296 1268 622 1324 ϐλάπτουσι.

869 1382 1120 1438 ΚΕΦΑΛ.
1175 1383 1301 1438 ΝΖ’.

367 1495 546 1564 Λόγον
583 1494 826 1560 ἀκούσας
893 1496 1175 1567 ὠφελῆσαι
1231 1497 1554 1570 δυνάμενον,
1605 1500 1681 1572 μὴ
1727 1494 1900 1571 μόνον’

184 1643 205 1668 ἱ
296 1587 435 1658 ἀκοῇ
462 1588 674 1654 τοῦτον,
705 1587 844 1641 ἀλλὰ
872 1589 967 1642 καὶ
988 1588 1187 1658 πράξει
1209 1589 1456 1661 διαδέχου
1475 1608 1490 1623 ο
1523 1591 1670 1646 οὕτω
1692 1593 1802 1666 γάρ
1825 1586 1904 1668 ab;

295 1676 392 1730 τοῦ
432 1677 698 1747 βασιλέως
721 1677 1040 1746 ἀγλαΐζεται
1065 1680 1288 1751 κράτος,
1317 1681 1444 1736 ὅταν
1471 1683 1506 1754 ἢ
1529 1683 1662 1756 παρ’
1687 1667 1902 1738 ἐαυτοῦῗ

1991 519 2357 589 comprimat;
2413 518 2520 574 hoc
2543 557 2559 585 ,
2597 527 2657 572 ut
2692 515 3094 586 propensiones
3138 513 3412 570 bonorum
3442 527 3546 583 per

1991 609 2244 680 vestiget.

2647 715 2802 774 CAP.
2837 715 2972 770 LVI.

2063 815 2124 869 in
2163 811 2437 882 exquisita
2481 807 2560 865 tui
2591 807 2780 864 cordis
2823 805 2980 860 curia
3015 803 3312 874 diligenter
3359 798 3575 870 perspi-

1989 905 2126 970 cito,
2173 902 2622 959 conversantium
2655 909 2838 955 tecum
2869 912 3052 953 mores
3086 903 3148 950 ut
3180 907 3481 965 pernoscas
3509 891 3604 944 ad-

1991 996 2278 1060 amussim,
2313 1003 2376 1048 et
2397 1008 2542 1062 quos
2567 990 2809 1047 charita‘s
2835 989 3021 1044 colere
3057 983 3365 1054 compellit,
3393 989 3454 1038 et
3480 979 3578 1052 qui

1993 1090 2095 1146 tibi
2137 1105 2238 1160 per
2289 1085 2543 1142 fraudem
2595 1082 2945 1138 adulantur:
2973 1078 3230 1149 plerique
3276 1073 3429 1132 enim
3475 1087 3579 1142 per

1992 1181 2439 1238 benevolentiam
2488 1177 2812 1232 simulantes
2831 1214 2848 1236 .
2875 1187 3076 1243 magno
3097 1167 3450 1224 undantibus
3471 1165 3576 1219 de-

1994 1275 2259 1330 trimento
2288 1281 2437 1326 sunt.

2615 1377 2763 1434 CAP.
2813 1376 2976 1432 LVII.

2065 1505 2388 1561 Sermonem
2431 1515 2556 1556 cum
2592 1496 2752 1553 audis
2777 1497 2970 1568 iuvare
2991 1489 3294 1551 valentem,
3327 1499 3397 1539 ne
3424 1481 3577 1537 auri-

1993 1597 2101 1653 bus
2138 1594 2325 1659 modo,
2357 1605 2551 1647 verum
2592 1589 2758 1644 etiam
2791 1599 2964 1656 opere
2997 1580 3239 1650 excipito
3271 1594 3284 1632 :
3316 1577 3396 1632 sic
3428 1574 3578 1630 enim

1983 1685 2351 1758 ,imperatoris
2408 1691 2713 1742 exornatur
2770 1679 3182 1744 decoraturque
3245 1667 3576 1732 dominium,

297 1767 368 1822 τὰ
395 1769 584 1823 δέοντα
618 1771 838 1842 συνορᾷ,
865 1770 899 1842 ἢ
931 1773 1062 1843 παρ’
1095 1774 1256 1828 ἄλλου
1296 1773 1586 1846 εὑρεθέντα
1618 1775 1886 1847 μηδαμῶς

2008 1757 2122 1835 cum
2149 1777 2238 1834 vel
2279 1793 2348 1833 ex
2380 1790 2440 1832 se
2485 1771 2802 1829 considerat
2835 1783 2959 1838 quae
2997 1762 3252 1821 facienda
3293 1767 3458 1824 sunt,
3491 1757 3579 1812 vel

299 1863 542 1933 παρορᾷ,
569 1861 706 1915 ἀλλὰ
748 1863 1011 1934 μανθάνει
1045 1864 1146 1937 μὲν
1183 1865 1628 1937 ἀνεπαισχύντως
1653 1907 1670 1932 ,
1701 1869 1885 1922 ἐπιτε-

253 1975 256 1988 ι
303 1949 384 2007 λεί
413 1952 470 2006 δέ
495 1953 901 2026 ἀνυπερθέτως.

885 2069 1141 2126 ΚΕΦΑΛ.
1171 2069 1304 2128 Nﬂ'.
1746 2135 1755 2143 η

386 2182 710 2254 Ἀκρόπολις
747 2183 849 2254 μὲν
880 2182 1212 2255 άπορθήτοις
1237 2183 1476 2255 τείχεσιν
1506 2183 1889 2257 ὴστραλισμὲνη

312 2277 640 2344 καταφρονεῖ
665 2274 776 2329 τῶν
819 2274 1255 2346 πολιορκούντων
1281 2275 1452 2338 αὐτὴν
1487 2277 1771 2349 πολεμίων
1799 2291 1816 2306 ⁸
1855 2278 1890 2349 ή

305 2366 538 2439 εὐσεϐὴς
555 2368 613 2422 δὲ
631 2368 876 2438 βασιλεία
891 2369 922 2422 ὑ
929 2369 1046 2439 μῶν
1069 2369 1464 2440 ἐλεημοσύναις
1481 2371 1888 2444 τετειχισμένη,

305 2459 401 2511 καὶ
432 2462 763 2529 προσευχαῖς
804 2462 1315 2532 περιπυργουμένη,
1365 2465 1637 2535 ἀήττητος
1679 2462 1892 2532 γίνεται

305 2549 420 2612 τοῖς
445 2547 557 2620 τῶν
589 2549 803 2621 ἐχθρῶν
846 2549 1080 2622 βέλεσιν,
1111 2551 1334 2624 ἀοίδιμα
1379 2553 1500 2606 κατ’
1530 2552 1714 2607 αὐτῶν
1747 2551 1894 2620 ἐγεί-

311 2656 483 2712 ρουσα
511 2645 769 2713 τρόπαια.

882 2755 1136 2810 ΚΕΦΑΛ.
1172 2754 1322 2818 ΝΘΕᾌ

381 2866 600 2938 Χρῆσαι
633 2867 862 2931 δεόντως
886 2871 953 2940 τῇ
975 2869 1128 2924 κάτω
1157 2869 1407 2942 βασιλείᾳ
1426 2909 1442 2935 ,
1470 2869 1559 2923 ἴνα
1587 2868 1791 2940 κλίμαξ
1813 2885 1898 2924 σοι

1991 1870 2062 1926 ab
2084 1869 2196 1925 alio
2219 1873 2440 1938 reperta
2466 1881 2579 1920 non
2626 1862 2867 1933 despicit
2893 1901 2908 1926 ,
2955 1857 3053 1914 sed
3110 1865 3228 1910 tum
3256 1851 3422 1908 discit
3459 1849 3578 1905 sine

1989 1963 2348 2027 verecundia,
2386 1968 2502 2015 tum
2541 1955 2872 2027 exsequitur
2898 1954 3017 2009 sine
3063 1945 3438 2005 cunctatione.

2603 2074 2756 2132 CAP.
2786 2069 2971 2127 LVIII.

2063 2197 2175 2253 Arx
2201 2195 2428 2267 quidem
2453 2189 2844 2248 munitissimis
2895 2183 3174 2240 moenibus
3234 2178 3416 2234 cincta
3447 2189 3576 2230 con-

1993 2289 2196 2344 temnit
2227 2285 2550 2343 obsidentes
2580 2297 2642 2338 se
2668 2281 2861 2334 hostes
2893 2293 2908 2331 :
2940 2276 3092 2347 pium
3123 2279 3310 2328 autem
3327 2276 3574 2325 vestrum

1992 2379 2313 2448 imperium,
2345 2391 2471 2432 cum
2509 2384 2567 2430 et
2605 2368 2942 2426 liberalitate
2975 2379 3107 2436 erga
3143 2361 3378 2417 miseros
3407 2356 3578 2413 veluti

1993 2487 2156 2527 muro
2190 2471 2436 2526 cinctum
2481 2474 2539 2523 et
2562 2478 2794 2536 precum
2831 2459 3083 2516 turribus
3131 2454 3578 2515 corroboratum,

1993 2564 2070 2619 sit
2096 2562 2391 2624 invictum,
2414 2558 2584 2614 nullis
2608 2554 2854 2611 hostium
2875 2550 3002 2606 telis
3023 2547 3278 2620 pervium
3307 2544 3370 2599 ﬁt
3400 2561 3416 2597 :
3441 2557 3568 2614 pra:-

1992 2653 2140 2710 clara
2165 2661 2222 2708 et
2253 2648 2496 2707 celebria
2522 2654 2719 2704 contra
2745 2656 2845 2698 eos
2876 2640 3100 2711 erigens
3141 2647 3368 2707 tropica.

2645 2757 2800 2815 CAP.
2835 2753 2976 2812 LIX.

2067 2877 2236 2934 Utere
2267 2885 2328 2932 ut
2368 2879 2592 2946 oportet
2615 2885 2790 2942 regno
2816 2868 2926 2924 hoc
2954 2863 3218 2922 interiore
3249 2899 3266 2927 ,
3327 2866 3390 2916 nt
3435 2855 3582 2912 scala
3680 2900 3688 2908 .

311 2955 540 3028 γένηται
585 2958 686 3030 τῆς
737 2957 853 3013 ἄνω
891 2958 1174 3025 εὐδοξίαςο
1227 2961 1277 3013 oi
1322 2959 1435 3031 γὰρ
1469 2959 1676 3030 ταύτην
1715 2959 1893 3023 καλῶς

2008 2969 2099 3024 tibi
2140 2969 2236 3024 ﬁat
2267 2964 2575 3038 superioris
2599 2961 2874 3020 claritatis
2905 2977 2922 3014 :
2955 2957 3054 3030 qui
3093 2954 3248 3012 enim
3289 2952 3402 3008 hoc
3431 2957 3578 3006 recte

309 3047 660 3114 διοικοῦντες,
707 3049 849 3120 μετὰ
877 3050 1086 3122 ταύτης
1127 3052 1390 3122 κάκείνης
1417 3049 1716 3119 ἀξιοῦνται.
1750 3051 1898 3104 Ταύ-

1997 3060 2332 3133 gubernant,
2372 3058 2466 3112 illa
2512 3067 2736 3126 quoque
2761 3048 3118 3123 postmodum
3141 3044 3296 3116 digni
3337 3056 3574 3098 censen~

311 3157 411 3210 την
449 3141 508 3196 δὲ
555 3141 819 3196 διοικοῦσι
857 3141 1063 3208 καλῶς,
1095 3143 1146 3196 οἱ
1187 3142 1458 3212 πατρικὸν
1499 3144 1616 3206 τοῖς
1655 3142 1893 3214 ἀρχομέ-

2008 3122 2112 3205 iur.
2165 3147 2282 3205 Hoc
2317 3122 2715 3204 autem—recte
2765 3122 3115 3212 gubernant,
3148 3135 3247 3206 qui
3292 3141 3576 3204 paternam

313 3243 424 3289 νοις
457 3229 891 3294 ἐπιδεικνύοντες
921 3229 1086 3284 πόθον
1109 3269 1124 3294 ,
1157 3230 1254 3285 καὶ
1287 3230 1516 3301 ἀρχικὸν
1546 3233 1677 3302 παρ’
1715 3231 1896 3286 αὐτῶν

314 3318 806 3390 ἀντιλαμϐάνοντες
833 3319 999 3389 φόθον
1018 3335 1033 3350 ο
1061 3321 1314 3384 ἀπειλαῖς
1346 3320 1447 3392 μὲν
1478 3317 1550 3374 τὰ
1575 3319 1898 3389 πταίσματα

315 3406 869 3479 προαναστέλλοντες,
923 3410 1218 3482 τιμωρίαις
1268 3410 1328 3464 δέ
1355 3411 1551 3483 πεῖραν
1597 3409 1778 3474 αὐτοῖς
1835 3411 1897 3464 οὐ

315 3497 708 3569 προσάγοντες.

927 3609 1184 3666 ΚΕΦΑΛ.
1221 3610 1298 3668 Ξ’.

398 3721 634 3792 ’ἱμάτιον
665 3723 1008 3778 ἀπαλαίωτόν
1035 3725 1152 3777 ἐστι
1177 3723 1238 3776 τὸ
1269 3723 1370 3794 τῆς
1395 3723 1643 3789 εὐποιίας
1677 3726 1897 3797 περισό-

315 3811 466 3867 λαιον
493 3854 508 3877 ,
556 3815 648 3868 καὶ
683 3815 1008 3887 ἀδιάφθορος
1049 3816 1211 3888 στολὴ
1240 3819 1273 3886 ἡ
1325 3817 1462 3888 πρὸς
1491 3817 1619 3881 τοὺς
1660 3818 1898 3888 πένητας

316 3906 544 3976 στοργή.
582 3906 676 3959 Δεῖ
705 3900 798 3958 οὖν
826 3905 918 3958 τὸν
947 3905 1270 3978 βουλόμενον
1293 3905 1534 3970 εὐσεϐῶς
1561 3907 1892 3978 βασιλεύειν,

313 3996 578 4058 τοιούτοις
597 3995 860 4066 ἐνδύμασι
879 3995 978 4066 τὴν
991 3997 1170 4068 ψυχὴν
1193 3998 1556 4064 καλλωπίζειν
1578 4015 1594 4028 ·
1617 3999 1895 4068 φιλοπτω-

313 4085 434 4156 χίας
462 4086 573 4158 γὰρ
593 4086 967 4158 ἠμφιεσμένος
992 4080 1303 4160 πορφύραν,
1335 4091 1430 4144 xa‘t
1455 4089 1712 4161 οὐρανίου
1745 4091 1898 4162 βασι-

312 4179 460 4244 λείας
493 4180 869 4244 καταξιοῦται.

905 4296 1156 4350 ΚΕΦΑΛ.
1209 4296 1330 4354 EA'.

383 4407 666 4478 Σκῆπτρον
689 4408 964 4480 βασιλείας
989 4410 1142 4482 παρὰ
1163 4409 1300 4464 Θεοῦ
1320 4410 1631 4484 δεξάμενος,
1656 4413 1892 4466 σκέπτου

315 4497 434 4561 πῶς
465 4499 682 4568 ἀρέσεις
719 4498 798 4570 τῷ
828 4499 1037 4572 ταύτην
1078 4518 1162 4555 σοι
1203 4501 1492 4556 δεδωκότι⁶
1530 4504 1626 4556 καὶ¹
1648 4504 1725 4567 ὡς
1755 4503 1895 4559 πάν-

313 4605 422 4642 των
445 4589 542 4642 ἀνθ
550 4589 748 4661 ρώπων
772 4593 864 4644 ὐπ’
889 4591 1058 4646 αὐτοῦ
1086 4592 1468 4664 προτιμηθεὶς,
1495 4593 1656 4647 πλέον
1681 4594 1898 4648 πάντων

315 4681 540 4748 ἐπείγου
561 4685 988 4755 καταγεραίρειν
1010 4685 1196 4741 αὐτόν.
1218 4685 1392 4739 Τοῦτο
1411 4685 1470 4740 δὲ
1491 4686 1662 4758 γέρας
1681 4689 1898 4757 ἡγεῖται

317 4773 614 4844 μέγιστον,
669 4773 736 4828 ἂν
785 4775 861 4839 ὡς
914 4775 1079 4828 αὐτὸν
1127 4776 1255 4838 τοὺς
1310 4775 1404 4830 ὑπ’
1456 4775 1624 4830 αὐτοῦ
1665 4777 1898 4831 διαπλα-

315 4863 540 4930 σθέντας
567 4866 722 4937 ὁρᾷς,
753 4866 847 4920 καὶ
875 4867 951 4932 ὡς
982 4869 1160 4940 χρεὼν
1191 4868 1495 4939 καταδολὴν
1522 4868 1622 4934 τὰς
1648 4869 1899 4934 εὐποιίας

313 4953 567 5026 πληροῖς.

895 5159 1148 5212 ΚΕΦΑΛ.
1189 5159 1306 5216 EB’.

385 5252 616 5324 Τρέχειν
672 5251 776 5324 μιν
802 5252 885 5317 είς
919 5253 1018 5323 τὴν
1045 5253 1160 5308 ἄνω
1190 5253 1444 5324 βοήθειαν
1475 5256 1580 5319 πᾶς
1607 5254 1896 5327 ἄνθρωπος

311 5345 540 5414 ὀφείλει,
589 5345 620 5398 ό
647 5343 922 5416 σωτηρίας
956 5345 1279 5416 γλιχόμενος
1309 5361 1324 5374 ο
1355 5346 1384 5398 ό
1413 5344 1666 5414 βασιλεὺς
1701 5345 1759 5399 δὲ
1788 5345 1896 5416 πρὸ

315 5437 555 5501 πάντων,
591 5436 668 5500 ὡς
697 5437 982 5508 μεριμνῶν
1015 5439 1156 5508 ὑπὲρ
1189 5438 1426 5492 πάντων.
1471 5438 1609 5493 Ὑπὸ
1633 5438 1728 5492 τοῦ
1756 5439 1893 5494 Θεοῦ

315 5526 426 5597 γὰρ
469 5526 904 5599 φυλαττόμενος,
958 5529 1208 5594 καὶτοὺς
1255 5529 1548 5600 πολεμίους
1586 5531 1892 5600 καταγωνί-

317 5621 464 5684 {aut
514 5623 775 5690 γενναίως
801 5667 813 5691 ,
850 5627 946 5679 καὶ
983 5627 1110 5689 τοὺς
1153 5625 1384 5690 οἰκείους
1435 5628 1892 5697 κατασφαλίξεται

318 5715 617 5778 σπουδλίως

1997 3241 2238 3298 subditis
2261 3238 2564 3296 ostendunt
2594 3235 2948 3300 charitatem,
2979 3239 3038 3286 et
3058 3226 3300 3300 principi
3325 3223 3579 3280 debitum

1997 3333 2069 3388 ab
2100 3332 2234 3402 ipsis
2265 3329 2545 3399 recipiunt
2595 3327 2854 3382 timorem
2884 3341 2898 3378 :
2931 3323 3124 3392 itaque
3157 3319 3328 3376 minis
3353 3313 3578 3385 quidem

1997 3424 2133 3480 vitia
2171 3428 2563 3492 compescunt;
2615 3414 2878 3488 supplicii
2935 3421 3122 3468 autem
3169 3423 3395 3467 sensum
3445 3403 3575 3476 ipsis

1998 3513 2323 3584 neutiquam
2355 3509 2636 3583 inﬂigunt.

2630 3615 2783 3673 CAP.
2840 3613 2956 3670 LX.

2068 3733 2473 3788 Vestimentum
2521 3745 2635 3786 non
2683 3739 3040 3787 veterascens
3087 3733 3174 3782 est
3201 3722 3578 3780 beneﬁcentia

1999 3824 2324 3887 amictus,et
2354 3823 2676 3893 incorrupta
2719 3822 2859 3877 stola
2884 3828 2972 3876 est
3007 3817 3250 3875 charitas
3277 3830 3406 3884 erga
3429 3828 3570 3882 pan-

1996 3931 2176 3987 peres.
2207 3915 2379 3987 Igitur
2415 3922 2638 3986 oportet
2669 3913 2766 3984 qui
2793 3912 2883 3982 pie
2907 3923 3144 3983 regnare
3167 3907 3312 3973 vult,
3372 3903 3574 3960 talium

1996 4005 2450 4062 indumentorum
2501 4003 2926 4076 pulchritudine
2969 3999 3210 4056 animam
3263 4009 3578 4064 exornare;

1997 4097 2206 4152 amoris
2235 4095 2384 4152 enim
2415 4095 2474 4150 in
2499 4109 2706 4166 egenos
2731 4094 2828 4164 qui
2879 4092 3112 4147 indutus
3171 4095 3262 4144 est
3309 4098 3578 4156 purpura,

1997 4189 2240 4246 coaleetis
2264 4203 2492 4259 quoque
2520 4187 2677 4259 regni
2707 4200 2936 4256 compos
2953 4181 3211 4239 ellicitur.

2655 4297 2808 4354 CAP.
2851 4295 2990 4351 LXI.

2071 4413 2364 4483 Sceptrum
2399 4409 2620 4480 imperii
2642 4423 2768 4464 cum
2790 4423 2822 4462 a
2851 4407 2967 4462 Deo
2986 4402 3319 4475 susceperis,
3343 4399 3578 4472 cogitato

1999 4503 2332 4575 quibusnam
2383 4500 2566 4556 modis
2620 4499 2868 4570 placebis
2911 4498 2965 4552 ei
3017 4496 3114 4566 qui
3157 4492 3213 4551 id
3243 4493 3343 4550 tibi
3381 4493 3560 4550 dedit:

2001 4609 2239 4664 cumque
2255 4591 2519 4648 omnibus
2539 4589 2862 4646 hominibus
2889 4590 2959 4644 ab
2979 4604 3048 4644 eo
3062 4587 3140 4643 sis
3163 4587 3444 4657 pratiatus,
3467 4599 3578 4656 pra:

1999 4685 2266 4742 omnibus
2297 4700 2428 4741 eum
2455 4684 2734 4741 honorare
2777 4681 3000 4738 festina.
3047 4681 3220 4736 Porro
3248 4679 3306 4735 id
3337 4679 3454 4750 ipse
3481 4678 3576 4734 ho.

1999 4786 2412 4836 nestamentum
2467 4776 2776 4833 arbitratur
2835 4773 3136 4830 maximum
3165 4813 3182 4838 ,
3242 4772 3290 4828 si
3347 4770 3575 4842 perinde

2000 4871 2155 4925 illum
2207 4885 2273 4925 ac
2315 4877 2546 4924 caateros
2577 4866 2650 4922 ab
2677 4881 2747 4922 eo
2789 4867 3058 4921 formatos
3097 4865 3358 4935 accipias,
3412 4873 3576 4934 atque

2001 4959 2260 5016 utdebiti
2303 4959 2708 5016 exsolutionem
2749 4956 3130 5013 benefaciendi
3167 4970 3372 5012 munus
3400 4955 3574 5012 adun-

1999 5052 2171 5123 pleas.

2632 5160 2786 5218 CAP.
2814 5160 2976 5219 LXII.

2071 5258 2378 5314 Recurrcre
2395 5266 2464 5313 ad
2489 5273 2792 5328 supernum
2821 5256 3088 5314 auxilium
3113 5271 3241 5311 cum
3262 5254 3430 5310 homo
3455 5251 3578 5322 qni-

1999 5349 2080 5406 vis
2119 5350 2288 5406 debet
2312 5392 2326 5416 ,
2359 5366 2460 5421 pro
2491 5351 2670 5406 salute
2719 5367 2937 5423 rogans,
2967 5358 3082 5404 tum
3105 5357 3232 5404 ante
3259 5361 3452 5403 omnes
3477 5345 3576 5396 im-

1996 5453 2258 5513 perator,
2311 5453 2503 5514 utpote
2533 5444 2628 5514 qui
2663 5459 2766 5514 pro
2817 5444 3078 5501 omnibus
3127 5441 3400 5498 sollicitus
3445 5442 3572 5490 est:

1997 5553 2122 5592 cum
2185 5538 2336 5592 enim
2389 5553 2418 5590 a
2481 5537 2593 5592 Deo
2649 5531 3004 5597 custoditur,
3063 5544 3172 5588 tam
3244 5533 3430 5585 hostes
3481 5539 3572 5590 Ec‘

1997 5646 2192 5686 nerosa
2242 5647 2405 5686 manu
2458 5631 2737 5695 debellat,
2795 5643 2954 5696 quam
3012 5640 3142 5681 suos
3203 5619 3393 5677 sedqu
3423 5629 3574 5669 cum-

1996 5733 2196 5778 munit.
