3998 6146
458 268 600 336 1183

1088 377 1240 432 CAP.
1287 374 1472 430 LXIII.

521 479 671 532 Deus
735 472 889 529 nulla
943 486 1005 525 re
1044 469 1302 540 indiget:
1339 467 1641 536 imperator
1683 459 1824 517 'solo
1892 456 2030 511 Deo.

450 567 677 622 Imitare
708 561 878 634 igitur
909 559 1118 615 nullius
1166 557 1438 628 indigum,
1484 551 1916 624 petentibusque
1946 547 2032 601 fac

451 659 682 714 uberem
719 652 1116 708 misericordiae
1152 651 1391 721 copiam.
1436 664 1546 704 non
1577 654 1826 703 exactam
1871 641 2028 696 insti-

453 756 617 801 tuens
651 759 778 799 cum
805 743 916 797 tuis
943 741 1266 797 domesticis
1291 740 1594 801 rationem.
1628 737 1725 793 sed
1771 733 2034 792 omnibus

451 847 724 909 praestans
771 851 895 906 quae
946 835 1014 890 ad
1068 834 1239 889 vitam
1299 841 1430 889 sunt
1467 829 1782 888 necessaria
1813 845 1827 883 :
1857 826 2034 882 multo

449 933 600 983 enim
638 927 814 982 satius
850 935 935 982 est
963 936 1190 996 propter
1237 927 1436 996 dignos
1463 926 1629 980 etiam
1678 922 2032 992 indignorum

451 1018 727 1080 misereri,
747 1035 914 1088 quam
947 1019 1299 1088 indignorum
1325 1017 1463 1072 vitio
1491 1017 1686 1088 dignos
1711 1015 1779 1070 iis
1808 1013 2037 1070 defrau-

372 1119 378 1125 '
451 1111 588 1166 dare
620 1126 744 1182 quae
773 1119 1084 1164 merentur.

1089 1221 1240 1276 CAP.
1279 1219 1465 1278 LXIV.

523 1311 754 1366 Veniam
808 1326 933 1366 cum
991 1313 1322 1368 delictorum
1383 1321 1605 1366 tuorum
1662 1319 1857 1380 petas,
1917 1310 2033 1380 ipse

453 1420 675 1474 quoque
734 1413 786 1460 te
836 1405 1252 1460 offendentibus
1311 1405 1590 1474 ignosce:
1629 1403 1892 1472 quoniam
1948 1417 2034 1456 re-

452 1495 708 1551 missioni
735 1496 1069 1550 retribuitur
1097 1495 1371 1557 remissio,
1415 1503 1472 1549 et
1503 1504 1709 1550 nostra:
1737 1510 1863 1548 cum
1895 1509 2034 1549 con-

454 1589 636 1644 servis
691 1589 900 1643 nostris
944 1588 1538 1654 rcconciliationi,Dei
1567 1588 1813 1643 amicitia
1863 1596 1918 1643 et
1955 1585 2035 1642 fa-

454 1676 762 1732 miliaritas.

1087 1791 1238 1846 CAP.
1270 1792 1428 1848 LXV.

525 1879 630 1947 Qui
653 1881 792 1936 nulli
815 1882 1034 1944 crimini
1070 1885 1344 1939 obnoxius
1375 1901 1606 1956 regnare
1641 1887 1856 1951 studet,
1909 1903 2035 1945 cum

455 1981 619 2026 notas
641 1987 844 2028 cavere
868 1973 1036 2029 debet
1061 1990 1184 2045 quae
1219 1975 1532 2032 forinsecus
1563 1979 1882 2043 inuruntur,
1919 1987 2036 2033 tum

455 2062 703 2132 seipsum
746 2073 872 2120 ante
917 2065 1062 2121 alios
1088 2069 1494 2135 verecundari,
1541 2077 1602 2124 ut
1632 2057 1689 2126 et
1714 2078 1904 2140 aperte
1943 2070 2040 2126 de-

458 2151 712 2223 linquere
740 2155 1020 2211 abstineat
1059 2167 1289 2227 propter
1311 2159 1472 2224 alios,
1499 2169 1554 2216 et
1579 2176 1609 2214 a
1647 2175 1719 2214 se
1737 2161 1855 2230 ipso
1882 2161 2038 2216 cohi-

457 2243 688 2313 beatur,
724 2247 1028 2316 quominus
1068 2249 1281 2318 privata
1331 2266 1588 2306 seorsum
1650 2251 1857 2322 ﬂagitia
1887 2268 2040 2308 com-

456 2336 666 2393 mittat.
719 2338 777 2394 Si
817 2341 966 2395 enim
999 2357 1066 2397 ex
1115 2343 1354 2399 subditis
1404 2353 1536 2399 sunt
1582 2347 1680 2416 qui
1726 2347 2036 2401 reverentia

460 2427 612 2497 digni
664 2429 962 2496 habentur,
1010 2434 1186 2488 multo
1217 2434 1393 2499 magis
1414 2451 1478 2490 ea
1510 2436 1712 2506 dignus
1741 2435 2042 2506 imperator

459 2515 716 2574 efficitur.

1079 2631 1230 2690 CAP.
1265 2635 1449 2691 LXVI.

533 2719 738 2775 Privati
768 2721 964 2778 vitium
1007 2739 1130 2780 esse
1173 2743 1364 2782 assero
1391 2769 1407 2793 ,
1453 2719 1674 2798 patrare
1698 2730 1880 2801 prava
1912 2748 2042 2803 sup-

460 2811 741 2882 plicioque
764 2815 932 2886 digna
965 2833 979 2870 :
1008 2818 1278 2889 principis
1298 2834 1429 2874 vero
1455 2823 1699 2892 culpam,
1726 2839 1836 2878 non
1861 2823 2041 2880 facere

461 2918 586 2972 qua:
613 2903 843 2960 honesta
877 2915 1007 2962 sunt
1026 2908 1375 2979 salutemque
1405 2912 1646 2981 pariunt.
1671 2913 1862 2984 Neque
1893 2915 2038 2969 enim

462 2995 734 3049 malorum
763 2997 1098 3054 abstinentia
1137 3001 1404 3070 justificat
1439 3005 1766 3074 principem,
1809 3006 1906 3060 sed
1942 3006 2041 3062 bo.-

1309 258 1637 324 AGAPETI
1673 243 1984 315 macom
2024 235 2292 300 CAPITA
2331 199 2892 294 ADMONITORIA.

3575 215 3724 279 1136

2704 338 2962 396 ΚΕΦΑΛ.
3017 333 3136 392 ΞΓ.

2215 441 2275 494 'O
2334 438 2433 510 μὲν
2457 435 2594 500 Θεὸς
2616 433 2834 498 ούδενδς
2872 432 3047 485 δεῖται
3071 446 3086 462 ο
3114 430 3144 485 ὀ
3177 425 3436 500 βασιλεὺς
3463 427 3522 482 δὲ
3553 427 3724 498 μόνου

2133 531 2292 586 Θεοῦ.
2317 528 2506 600 Μιμοῦ
2533 527 2714 582 τοίνυν
2748 524 2842 579 τὸν
2869 523 3087 588 οὐδενὸς
3115 520 3392 592 δεόμενον,
3430 521 3522 575 καὶ
3560 520 3726 592 δαψι-

2133 621 2290 676 λεύου
2335 623 2448 686 τοῖς
2489 619 2700 675 αἰτοῦσι
2729 617 2822 672 τὸν
2853 606 3026 680 ἔλεον,
3065 611 3142 684 μὴ
3184 613 3722 684 ἀκριϐολογούμενος

2135 717 2263 787 περὶ
2291 715 2417 774 τοὺς
2446 713 2572 777 σοὺς
2591 711 2830 776 οἰκέτας,
2855 708 2990 763 ἀλλὰ
3018 709 3154 763 πᾶσι
3175 705 3432 779 παρέχων
3456 707 3557 771 τὰς
3584 707 3726 776 πρὸς

2134 810 2195 863 τὸ
2221 809 2319 880 ζῇν
2339 807 2607 879 αἰτήσεις.
2645 804 2788 860 Πολὺ
2828 804 2938 875 γὰρ
2975 802 3224 874 κρεῖττόν
3256 803 3372 855 ἐστι
3411 799 3728 870 aetate»;

2136 900 2305 955 ἐλεεῖν
2333 898 2428 953 καὶ
2457 898 2582 961 τοὺς
2615 895 2896 964 ἀναξίους,
2917 892 2953 966 ἢ
2992 895 3118 957 τοὺς
3155 893 3344 958 ἀξίους
3389 895 3730 963 ἀποστερεῖν

2135 995 2223 1049 διὰ
2251 995 2378 1056 τοὺς
2403 989 2676 1055 ἀναξίους.

2717 1186 2970 1242 ΚΕΦΑΛ.
3031 1185 3148 1241 ΞΔ⁹⁸

2205 1282 2543 1352 Συγγνώμην
2559 1279 2878 1348 αἰτούμενος
2905 1278 3342 1349 ἁμαρτημάτων,
3373 1277 3720 1346 συγγίνωσκε

2135 1379 2230 1432 καὶ
2269 1377 2436 1438 αὐτὸς
2466 1377 2578 1439 τοῖς
2619 1374 2700 1436 εἰς
2723 1373 2782 1426 σὲ
2807 1370 3222 1443 πλημμελοῦσιν
3243 1388 3257 1402 °
3287 1373 3370 1426 ὅτι
3400 1371 3594 1440 ἀφέσει
3619 1373 3724 1425 ἀν-

2133 1470 2387 1525 τιδίδοται
2441 1469 2674 1536 ἄφεσις,
2744 1466 2838 1519 καὶ
2893 1469 2962 1536 τῇ
3016 1465 3150 1537 πρὸς
3205 1465 3331 1526 τοὺς
3393 1465 3722 1536 ὁμοδούλους

2135 1563 2291 1634 ἡμῶν
2330 1561 2666 1631 καταλλαγῇ.
2709 1563 2742 1630 ὴ
2789 1560 2926 1631 πρὸς
2973 1559 3105 1612 Θεὸν
3154 1559 3308 1628 φιλία
3359 1561 3452 1612 καὶ
3498 1559 3720 1613 οἰκείω-

2139 1672 2222 1718 σις
2253 1653 2390 1725 (l7).

2717 1763 2969 1818 ΚΕΦΑΛ.
3021 1763 3139 1816 EE’.

2209 1863 2300 1915 Δεῖ
2335 1862 2427 1914 τὸν
2459 1861 2766 1932 ἀμέμπτως
2785 1861 3042 1913 ἀνάσσειν
3072 1857 3465 1924 ἐσπουδακότα,
3497 1859 3594 1913 καὶ
3619 1857 3722 1924 τὰς
3811 1850 3826 1857 ⁷

2136 1955 2245 2006 τῶν
2261 1953 2460 2020 ἔξωθεν
2484 1953 2701 2019 ἀδοξίας
2723 1951 3110 2020 φυλάττεσθαι,
3129 1953 3222 2005 καὶ
3240 1952 3432 2005 ἑαυτὸν
3453 1951 3560 2022 πρὸ
3577 1952 3722 2006 ὲκεί-

2139 2064 2248 2098 νων
2295 2044 2672 2116 αἰσχύνεσθαι,
2711 2046 2798 2099 ἵνα
2828 2047 2919 2099 καὶ
2958 2043 3052 2098 τοῦ
3083 2045 3335 2116 φανερῶς
3381 2045 3726 2114 ἁμαρτάνειν

2137 2137 2204 2189 δι’
2237 2135 2473 2200 ἐκείνους
2497 2136 2788 2204 ἀπέχηται,
2815 2136 2907 2188 καὶ
2934 2134 3028 2188 τοῦ
3061 2137 3182 2188 κατ’
3207 2135 3342 2189 ίδίαν
3379 2133 3724 2205 πλημμελεῖν

2141 2227 2235 2296 ὑφ’
2256 2227 2450 2280 ἑαυτοῦ
2481 2224 2782 2294 κωλύηται.
2815 2225 2878 2279 El
2903 2225 3010 2296 γὰρ
3039 2227 3088 2278 οἱ
3117 2226 3348 2295 ὑπήκοοι
3376 2223 3558 2288 αἰδοῦς
3580 2225 3722 2290 ἄξιοι

2143 2316 2445 2384 φαίνονται,
2482 2313 2664 2383 πολλῷ
2697 2313 2858 2368 πλέον
2891 2315 2920 2368 ὁ
2949 2311 3204 2384 βασιλεὺς
3228 2313 3378 2378 ἄξιος
3399 2315 3603 2385 ταύτης
3633 2315 3722 2382 γί-

2143 2424 2314 2461 νεται.

2699 2610 2954 2664 ΚΕΦΛΛ.
3007 2610 3143 2679 scr.

2225 2701 2456 2756 Ἰδιὼτου
2489 2702 2590 2772 μὲν
2619 2697 2760 2756 εἶναι
2791 2704 2993 2756 κακίαν
3019 2705 3188 2774 φημὶ,
3213 2704 3274 2756 τὸ
3297 2705 3558 2774 πράττειν
3581 2701 3725 2773 φαῦο·

2141 2795 2210 2848 λα
2231 2795 2324 2848 καὶ
2355 2795 2631 2858 κολάσεως
2653 2794 2809 2858 ἀξια·
2839 2794 3099 2865 ἄρχοντος
3126 2795 3183 2847 δὲ
3221 2795 3508 2864 πονηρίαν,
3545 2796 3604 2849 τὸ
3643 2797 3722 2864 μὴ

2144 2889 2314 2940 ποιεῖν
2341 2885 2410 2938 τά
2439 2883 2578 2940 κολά
2602 2885 2696 2938 καὶ
2725 2883 2990 2956 σωτηρίας
3022 2882 3278 2954 πρόξενα.
3306 2885 3382 2936 Ού
3411 2883 3520 2953 γὰρ
3549 2886 3581 2952 ἡ
3605 2885 3718 2934 τῶν

2145 2977 2330 3030 κακῶν
2350 2976 2528 3047 ἀποχὴ
2552 2975 2747 3030 δικαιοῖ
2765 2977 2850 3028 τὸν
2869 2972 3190 3044 κρατοῦντα,
3211 2973 3324 3026 ἀλλ’
3342 2974 3376 3043 ἡ
3399 2973 3508 3026 τῶν
3527 2972 3714 3026 καλῶν

1092 3053 1097 3054 ν
1137 3053 1177 3070 ,ν
1203 3053 1401 3057 νηη-
1441 3053 1766 3074 r--_--.,._---,
1810 3053 1906 3060 -..κ
1944 3053 2020 3062 --η

464 3099 663 3138 norum
699 3087 872 3142 editio
901 3099 1130 3144 coronat
1178 3091 1458 3148 eumdem.
1509 3093 1587 3148 Ne
1638 3094 1806 3164 igitur
1834 3096 2041 3151 malitia

2157 3066 2362 3138 παροχὴ
2389 3069 2642 3134 στεφανοῖ
2673 3066 2762 3120 τὸν
2791 3065 3050 3119 τοιοῦτον.
3085 3065 3177 3133 Μὴ
3217 3063 3374 3134 μόνον
3401 3064 3586 3116 τοίνυν
3613 3080 3716 3118 πο-

465 3175 732 3231 duutaxat
763 3179 1042 3238 abstinere
1069 3183 1294 3254 cogitet,
1331 3186 1424 3239 sed
1453 3187 1725 3256 justitiam
1760 3188 1927 3242 etiam
1953 3204 2044 3242 ca-

467 3287 690 3340 pessere
725 3275 1048 3331 contendat.

1047 3385 1198 3443 CAP.
1239 3389 1443 3446 LXVII.

545 3469 873 3541 lliguitatum
927 3478 1254 3546 splendores
1307 3497 1456 3536 n‘tors
1488 3483 1632 3538 haud
1679 3485 2043 3544 reformidat:

467 3564 726 3617 omnibus
773 3567 920 3620 enim
959 3583 1187 3625 voraces
1231 3587 1362 3628 suos
1409 3573 1605 3630 dentes
1647 3576 1846 3648 intigit.
1905 3579 2047 3652 Ergo

469 3662 598 3708 ante
635 3654 784 3709 illius
823 3657 1231 3714 ineluctabilem
1277 3661 1577 3718 adventum
1611 3681 1780 3736 opum
1829 3669 2045 3734 copiam

470 3753 914 3816 transportemus
943 3750 996 3804 in
1033 3753 1235 3808 caelum
1265 3772 1278 3808 :
1310 3771 1474 3810 nemo
1511 3757 1658 3812 enim
1688 3776 1812 3828 qua:
1837 3741 2065 3834 colligit

461 3835 530 3902 in
584 3839 820 3902 mundo,
880 3841 1008 3896 illuc
1043 3843 1327 3912 profectus
1357 3847 1621 3914 abducit,
1663 3850 1758 3904 sed
1791 3854 2050 3910 omnibus

473 3925 530 3980 in
577 3935 718 3982 terra
771 3929 1089 3996 derelictis,
1149 3935 1334 3991 nudus
1377 3937 1446 3992 de
1487 3937 1598 3993 vita
1631 3955 1732 3995 sua
1777 3943 2048 4000 rationem

473 4019 676 4076 reddit.

1069 4138 1220 4196 CAP.
1249 4141 1480 4200 LXVIII.

543 4243 852 4314 Imperator
897 4249 1121 4318 quidem
1171 4260 1260 4308 est
1287 4255 1535 4311 omnium
1592 4258 1894 4328 dominus;
1955 4263 2049 4318 scd

475 4332 594 4403 ipse
641 4350 767 4391 cum
815 4341 1080 4396 omnibus
1112 4343 1206 4399 Dei
1242 4360 1437 4404 servus
1467 4350 1702 4407 exsistit.
1735 4352 1874 4408 Tum
1920 4370 2051 4410 vero

475 4425 709 4450 ...ιι-2...-
745 4429 1030 4450 -.--_I_:.__,-
1069 4432 1121 4450 Δ-
1171 4437 1204 4450 ,-
1555 4440 1566 4450 .
1757 4442 1790 4450 ..
1817 4441 1828 4450 .
1887 4442 1901 4450 .
2004 4443 2015 4450 .

2159 4361 2222 4412 με
2231 4341 2297 4396 τὰ
2343 4343 2562 4396 πάντων

473 4425 712 4482 maxime
745 4429 1033 4486 vocabitur
1059 4432 1338 4502 dominus,
1393 4455 1516 4494 cum
1553 4440 1672 4510 ipse
1725 4441 1829 4498 sibi
1869 4442 2046 4497 domi-

475 4516 619 4580 nari,
651 4534 755 4574 nec
803 4520 1013 4578 illicitis
1041 4527 1420 4598 voluptatibus
1468 4531 1722 4590 famulari
1766 4535 2047 4605 patietur;

477 4607 585 4666 sed
609 4610 940 4682 adiutricem
965 4617 1109 4686 piam
1152 4619 1420 4678 rationem
1445 4639 1755 4692 assumens,
1788 4629 2049 4685 invictam

476 4700 696 4758 scilicet
713 4703 1135 4764 moderatricem
1170 4713 1340 4768 animi
1374 4717 1858 4784 perturbationum
1881 4721 2050 4776 ratio-

479 4790 568 4844 nis
589 4795 918 4865 expertium,
961 4799 1261 4860 indomitas
1281 4805 1616 4875 cupiditates
1645 4819 1923 4865 armatura
1957 4827 2051 4866 ca-

481 4882 754 4942 stimonia
789 4888 1046 4948 debellat.

1081 5005 1230 5064 CAP.
1287 5010 1470 5067 LXIX.

555 5087 1028 5154 Quemadmodum
1081 5102 1289 5157 umbra:
1330 5120 1562 5173 corpora
1619 5114 1939 5170 sectantur,
1978 5107 2058 5162 sic

487 5181 702 5237 animas
730 5181 934 5255 ﬂagitia
962 5192 1318 5258 comitantur,
1349 5197 1590 5253 evidenti
1615 5198 1790 5268 efligie
1815 5199 2060 5255 actiones

487 5275 876 5344 cxprimentia.
902 5280 1032 5336 Ideo
1051 5285 1259 5340 nemini
1289 5287 1370 5342 fas
1393 5297 1478 5343 est
1503 5291 1556 5344 in
1580 5291 1789 5361 judicio
1817 5307 2016 5362 negare
2047 5309 2059 5344 ι

487 5373 602 5438 ipsa
645 5371 790 5426 enim
817 5373 1250 5446 uniuscujusque
1267 5395 1431 5450 opera
1459 5383 1897 5448 obtestalmntur,
1919 5385 2062 5438 haud

2143 3160 2334 3230 νηρίας
2365 3157 2668 3228 ἀπέχεσθαι
2695 3155 2994 3225 λογιζέσθω
3021 3197 3038 3222 ,
3073 3155 3210 3210 ἀλλά
3245 3156 3344 3208 καὶ
3371 3155 3721 3225 δικαιοσύνης

2145 3249 2470 3320 ἀντέχεσθαι
2501 3248 2874 3314 σπουδαζέτω.

2725 3365 2979 3418 ΚΕΦΑΛ.
3020 3362 3138 3417 ΞΖ’.

2231 3458 2390 3522 Ἀξιω
2398 3460 2581 3527 μάτων
2597 3457 2992 3528 λαμπρότητας
3007 3457 3068 3508 οὐ
3082 3455 3408 3509 δυσωπεῖται
3428 3455 3454 3506 ὁ
3477 3453 3727 3516 θάνατος·

2148 3556 2289 3608 κατᾶ
2321 3556 2534 3608 πάντων
2567 3553 2676 3624 γὰρ
2719 3551 3002 3606 ἐπιϐάλλει
3039 3551 3168 3612 τοὺς
3206 3549 3538 3620 παμφάγους
3565 3544 3729 3601 αὐτοῦ

2147 3647 2386 3710 ὀδόντας.
2419 3643 2630 3699 Οὐκοῦν
2662 3644 2768 3714 πρὸ
2786 3643 2888 3713 τῆς
2923 3644 3135 3696 ἐκείνου
3176 3641 3548 3713 ἀπαραιτήτου
3589 3654 3734 3705 παρ-

2147 3741 2336 3804 ουσίας
2369 3779 2384 3803 ,
2441 3737 2764 3809 μεταθῶμεν
2811 3739 2894 3801 είς
2948 3736 3180 3808 οὐρανὸν
3223 3728 3324 3805 τὴν
3365 3734 3475 3787 τῶν
3514 3731 3733 3803 χρημά-

2149 3849 2256 3886 των
2308 3831 2644 3900 περιουσίαν.
2679 3830 2868 3894 Οὐδεὶς
2899 3829 3008 3900 γὰρ
3053 3827 3089 3882 ἀ
3141 3831 3199 3880 έν
3240 3831 3433 3897 κόσμῳ
3481 3825 3729 3890 συνάγει.

2151 3925 2332 3978 ἐκεῖσε
2377 3923 2741 3994 ἀποδημήσας
2793 3921 3043 3987 ἀπάγει,
3090 3919 3228 3974 ἀλλά
3275 3919 3453 3972 πάντα
3504 3913 3732 3970 καταλι-

2151 4017 2270 4071 πὼν
2303 4015 2396 4070 ἐπὶ
2433 4017 2557 4084 γῆς,
2583 4015 2792 4084 γυμνὸς
2815 4013 3186 4081 λογοοετείται
3215 4011 3304 4064 τὸν
3341 4011 3456 4080 βίον
3486 4006 3676 4062 αὐτοῦ.

2719 4131 2969 4186 ΚΕΦΑΛ.
3020 4128 3146 4180 sua
3247 4115 3250 4118 ’

2223 4250 2426 4320 Κύριος
2475 4250 2572 4318 μὲν
2616 4249 2834 4300 πάντων
2881 4245 3029 4298 ἐστὶν
3061 4245 3088 4296 ὁ
3119 4241 3373 4311 βασιλεὺς
3403 4283 3418 4302 ,
3445 4237 3628 4300 δοῦλος
3676 4237 3738 4291 δὲ

2612 4341 2844 4410 ὑπάρχει
2871 4337 3028 4392 Θεοῦ.
3073 4335 3206 4388 Τότε
3231 4335 3287 4388 δὲ
3317 4335 3551 4404 μάλιστα
3601 4329 3741 4399 κλη-

2158 4440 2384 4508 Θήσεται
2431 4438 2651 4508 κύριος,
2697 4436 2826 4488 ὅταν
2870 4431 3032 4494 αὐτὸς
3073 4429 3269 4484 ἑαυτοῦ
3315 4427 3549 4494 δεσπόζῃ
3577 4465 3590 4479 .
3641 4423 3742 4476 καὶ

2155 4533 2279 4592 «ταῖς
2313 4531 2534 4592 ἀτόποις
2591 4529 2804 4598 ἡδοναῖς
2862 4525 2936 4595 μὴ
2964 4519 3227 4592 δουλεύῃ,
3264 4518 3406 4573 ἀλλὰ
3450 4518 3744 4585 σύμμαχον

2161 4621 2299 4692 ἔχων
2349 4621 2438 4674 τὸν
2497 4619 2695 4687 εὐσεϐῆ
2736 4615 3033 4686 λογισμὸν.
3084 4613 3176 4664 τὸν
3249 4612 3518 4680 ἀήττητον
3571 4611 3743 4660 αὺτο-

2161 4713 2407 4782 κράτορα
2457 4711 2565 4764 τῶν
2630 4708 2840 4776 ἀλόγων
2896 4703 3126 4764 παθῶν,
3201 4703 3328 4764 τοὺς
3388 4699 3748 4766 πανδαμάτο-

2167 4823 2264 4876 ρας
2293 4805 2507 4874 ἔρωτας
2530 4805 2596 4873 τῇ
2659 4797 2932 4869 πανοπλίᾳ
2968 4797 3068 4866 τῆς
3095 4793 3452 4866 σωφροσύνης
3483 4807 3750 4858 κατα-τω-

2160 4900 2391 4971 νῐζηται.

2742 5014 2784 5063 Κ
2799 5010 2968 5063 ΕΦᾹᾹ
2983 5050 2994 5062 .
3031 5005 3150 5060 ΞΘἎ

2241 5112 2333 5160 Ὃν
2357 5109 2557 5177 τρόπον
2587 5109 2638 5160 αἱ
2687 5109 2834 5158 σκιαὶ
2860 5106 2972 5158 τοῖς
3000 5101 3245 5167 σώμασιν
3277 5095 3501 5148 ἕπονται
3521 5132 3536 5154 ,
3567 5087 3757 5150 οὕτως

2168 5201 2433 5272 ἁμαρτίαι
2480 5203 2600 5261 ταῖς
2655 5198 2864 5264 ψυχαῖς,
2910 5188 3315 5248 ἀκολουθοῦσιν.
3365 5183 3604 5256 ἐναργῶς
3645 5179 3760 5242 τὰς

2123 5310 2130 5320 ’
2172 5294 2399 5360 πράξέις
2449 5289 2890 5356 ἑξεικονὶζουσαι.
2937 5284 3037 5338 Διά
3070 5281 3229 5336 τοῦτο
3271 5281 3372 5334 οὐκ
3401 5277 3548 5331 ἐστιν
3586 5274 3647 5325 ἐν
3676 5274 3755 5339 τῇ

2173 5386 2350 5450 κρίσει
2385 5381 2740 5451 ἀρνήσασθαι·
2764 5377 2900 5430 αὐτὰ
2929 5376 3038 5445 γὰρ
3067 5374 3296 5426 Exinde
3327 5365 3765 5437 καταμαρτυρή-

2051 5537 2276 5594 NOTAE

567 5643 683 5717 (Π)
723 5651 1247 5724 ἔιάὶοὶκείωσιςᾸη
1307 5659 1496 5714 codice
1533 5659 1703 5725 Regio
1757 5659 2064 5725 R.‘egitur.

2157 5655 2196 5709 7.".
2223 5653 2476 5722 ὁμοίωσις
2509 5651 2739 5722 γίνεται.
2770 5649 3004 5703 Βικῑιιέι.
