  <div class='ocr_page' id='page_1' title='image "/cluster/home/n/w/nwhite01/storage/ocr_20150623/86 pt.1/mdp.39015028803867/605.png"; bbox 0 0 3998 6146; ppageno 0'>
   <div class='ocr_carea' id='block_1_1' title="bbox 423 203 559 267">
    <p class='ocr_par' dir='ltr' id='par_1_1' title="bbox 423 203 559 267">
     <span class='ocr_line' id='line_1_1' title="bbox 423 203 559 267; baseline 0.015 -2"><span class='ocrx_word' id='word_1_1' title='bbox 423 203 559 267; x_wconf 54' lang='lat' dir='ltr'><strong>lii)</strong></span> 
     </span>
    </p>
   </div>
   <div class='ocr_carea' id='block_1_2' title="bbox 1658 199 2413 261">
    <p class='ocr_par' dir='ltr' id='par_1_2' title="bbox 1658 199 2413 261">
     <span class='ocr_line' id='line_1_2' title="bbox 1658 199 2413 261; baseline 0.001 -3"><span class='ocrx_word' id='word_1_2' title='bbox 1658 200 1965 260; x_wconf 70' lang='lat' dir='ltr'><strong>LEONTII</strong></span> <span class='ocrx_word' id='word_1_3' title='bbox 2008 199 2413 261; x_wconf 73' lang='lat' dir='ltr'><strong>BYZANTINI</strong></span> 
     </span>
    </p>
   </div>
   <div class='ocr_carea' id='block_1_3' title="bbox 3553 203 3700 270">
    <p class='ocr_par' dir='ltr' id='par_1_3' title="bbox 3553 203 3700 270">
     <span class='ocr_line' id='line_1_3' title="bbox 3553 203 3700 270; baseline 0.02 -3"><span class='ocrx_word' id='word_1_4' title='bbox 3553 203 3700 270; x_wconf 68' lang='lat'><strong>1136</strong></span> 
     </span>
    </p>
   </div>
   <div class='ocr_carea' id='block_1_4' title="bbox 421 302 2012 389">
    <p class='ocr_par' dir='ltr' id='par_1_4' title="bbox 421 302 1993 382">
     <span class='ocr_line' id='line_1_4' title="bbox 421 302 1993 382; baseline -0.01 -12"><span class='ocrx_word' id='word_1_5' title='bbox 421 312 784 382; x_wconf 87' lang='lat' dir='ltr'><strong>intelligatur.</strong></span> <span class='ocrx_word' id='word_1_6' title='bbox 816 307 932 364; x_wconf 86' lang='lat' dir='ltr'><strong>Una</strong></span> <span class='ocrx_word' id='word_1_7' title='bbox 970 307 1146 362; x_wconf 85' lang='lat' dir='ltr'><strong>Patris</strong></span> <span class='ocrx_word' id='word_1_8' title='bbox 1174 316 1258 360; x_wconf 91' lang='lat' dir='ltr'><strong>est</strong></span> <span class='ocrx_word' id='word_1_9' title='bbox 1286 305 1617 375; x_wconf 78' lang='lat' dir='ltr'><strong>hypostasis,</strong></span> <span class='ocrx_word' id='word_1_10' title='bbox 1650 305 1820 357; x_wconf 73' lang='lat' dir='ltr'><strong>altera</strong></span> <span class='ocrx_word' id='word_1_11' title='bbox 1848 302 1993 369; x_wconf 84' lang='lat' dir='ltr'><strong>Filii,</strong></span> 
     </span>
    </p>
   </div>
   <div class='ocr_carea' id='block_1_5' title="bbox 2116 302 3697 389">
    <p class='ocr_par' dir='ltr' id='par_1_5' title="bbox 2116 304 3697 389">
     <span class='ocr_line' id='line_1_5' title="bbox 2116 304 3697 389; baseline 0.008 -31"><span class='ocrx_word' id='word_1_12' title='bbox 2116 305 2195 358; x_wconf 75' lang='grc' dir='ltr'>ιαὶ</span> <span class='ocrx_word' id='word_1_13' title='bbox 2227 306 2324 377; x_wconf 85' lang='grc' dir='ltr'><strong>μία</strong></span> <span class='ocrx_word' id='word_1_14' title='bbox 2361 306 2395 376; x_wconf 81' lang='grc' dir='ltr'><strong>ἡ</strong></span> <span class='ocrx_word' id='word_1_15' title='bbox 2430 304 2524 359; x_wconf 80' lang='grc' dir='ltr'><strong>τοῦ</strong></span> <span class='ocrx_word' id='word_1_16' title='bbox 2554 306 2713 376; x_wconf 77' lang='grc' dir='ltr'>ἁγῑου</span> <span class='ocrx_word' id='word_1_17' title='bbox 2748 304 3065 378; x_wconf 81' lang='grc' dir='ltr'>Πνεύματος</span> <span class='ocrx_word' id='word_1_18' title='bbox 3099 327 3112 340; x_wconf 89' lang='grc'><strong>·</strong></span> <span class='ocrx_word' id='word_1_19' title='bbox 3146 309 3319 364; x_wconf 78' lang='grc' dir='ltr'>ταῦτα</span> <span class='ocrx_word' id='word_1_20' title='bbox 3350 312 3409 366; x_wconf 73' lang='grc' dir='ltr'>δὲ</span> <span class='ocrx_word' id='word_1_21' title='bbox 3443 314 3509 368; x_wconf 71' lang='grc' dir='ltr'><strong>τὰ</strong></span> <span class='ocrx_word' id='word_1_22' title='bbox 3541 318 3697 389; x_wconf 78' lang='grc' dir='ltr'>τρία.</span> 
     </span>
    </p>
   </div>
   <div class='ocr_carea' id='block_1_6' title="bbox 423 396 1998 475">
    <p class='ocr_par' dir='ltr' id='par_1_6' title="bbox 423 396 1998 475">
     <span class='ocr_line' id='line_1_6' title="bbox 423 396 1998 475; baseline -0.01 -11"><span class='ocrx_word' id='word_1_23' title='bbox 423 406 583 464; x_wconf 86' lang='lat' dir='ltr'><strong>tertia</strong></span> <span class='ocrx_word' id='word_1_24' title='bbox 614 402 857 475; x_wconf 76' lang='lat' dir='ltr'><strong>Spiritus</strong></span> <span class='ocrx_word' id='word_1_25' title='bbox 882 400 1091 458; x_wconf 78' lang='lat' dir='ltr'><strong>sancti:</strong></span> <span class='ocrx_word' id='word_1_26' title='bbox 1128 408 1292 468; x_wconf 83' lang='lat' dir='ltr'><strong>alque</strong></span> <span class='ocrx_word' id='word_1_27' title='bbox 1322 397 1441 452; x_wconf 63' lang='lat' dir='ltr'><strong>hare</strong></span> <span class='ocrx_word' id='word_1_28' title='bbox 1470 396 1571 451; x_wconf 90' lang='lat' dir='ltr'><strong>tria</strong></span> <span class='ocrx_word' id='word_1_29' title='bbox 1599 396 1736 450; x_wconf 84' lang='lat' dir='ltr'><strong>nihil</strong></span> <span class='ocrx_word' id='word_1_30' title='bbox 1762 397 1907 451; x_wconf 86' lang='lat' dir='ltr'><strong>inter</strong></span> <span class='ocrx_word' id='word_1_31' title='bbox 1938 409 1998 450; x_wconf 83' lang='lat' dir='ltr'><strong>se</strong></span> 
     </span>
    </p>
   </div>
   <div class='ocr_carea' id='block_1_7' title="bbox 414 489 2000 562">
    <p class='ocr_par' dir='ltr' id='par_1_7' title="bbox 414 489 2000 562">
     <span class='ocr_line' id='line_1_7' title="bbox 414 489 2000 562; baseline -0.007 -7"><span class='ocrx_word' id='word_1_32' title='bbox 414 499 715 561; x_wconf 75' lang='lat' dir='ltr'><strong>.diﬂerunt,</strong></span> <span class='ocrx_word' id='word_1_33' title='bbox 746 494 852 549; x_wconf 85' lang='lat' dir='ltr'><strong>nisi</strong></span> <span class='ocrx_word' id='word_1_34' title='bbox 873 493 991 548; x_wconf 92' lang='lat' dir='ltr'><strong>solo</strong></span> <span class='ocrx_word' id='word_1_35' title='bbox 1005 489 1403 562; x_wconf 75' lang='lat' dir='ltr'><strong>proprietatum</strong></span> <span class='ocrx_word' id='word_1_36' title='bbox 1426 497 1704 558; x_wconf 90' lang='lat' dir='ltr'><strong>respectu;</strong></span> <span class='ocrx_word' id='word_1_37' title='bbox 1728 496 2000 558; x_wconf 84' lang='lat' dir='ltr'><strong>quatenus</strong></span> 
     </span>
    </p>
   </div>
   <div class='ocr_carea' id='block_1_8' title="bbox 423 578 1997 650">
    <p class='ocr_par' dir='ltr' id='par_1_8' title="bbox 423 578 1997 650">
     <span class='ocr_line' id='line_1_8' title="bbox 423 578 1997 650; baseline -0.006 -4"><span class='ocrx_word' id='word_1_38' title='bbox 423 590 517 645; x_wconf 83' lang='lat' dir='ltr'><strong>hic</strong></span> <span class='ocrx_word' id='word_1_39' title='bbox 542 589 706 645; x_wconf 82' lang='lat' dir='ltr'><strong>Pater</strong></span> <span class='ocrx_word' id='word_1_40' title='bbox 729 592 833 650; x_wconf 88' lang='lat' dir='ltr'><strong>est,</strong></span> <span class='ocrx_word' id='word_1_41' title='bbox 859 584 999 638; x_wconf 80' lang='lat' dir='ltr'><strong>alter</strong></span> <span class='ocrx_word' id='word_1_42' title='bbox 1027 581 1220 646; x_wconf 85' lang='lat' dir='ltr'><strong>Filius,</strong></span> <span class='ocrx_word' id='word_1_43' title='bbox 1254 580 1452 636; x_wconf 88' lang='lat' dir='ltr'><strong>tertius</strong></span> <span class='ocrx_word' id='word_1_44' title='bbox 1477 578 1722 649; x_wconf 84' lang='lat' dir='ltr'><strong>Spiritus</strong></span> <span class='ocrx_word' id='word_1_45' title='bbox 1751 589 1997 636; x_wconf 87' lang='lat' dir='ltr'><strong>sanctus.</strong></span> 
     </span>
    </p>
   </div>
   <div class='ocr_carea' id='block_1_9' title="bbox 423 671 2003 744">
    <p class='ocr_par' dir='ltr' id='par_1_9' title="bbox 423 671 2003 744">
     <span class='ocr_line' id='line_1_9' title="bbox 423 671 2003 744; baseline -0.006 -5"><span class='ocrx_word' id='word_1_46' title='bbox 423 683 559 739; x_wconf 88' lang='lat' dir='ltr'><strong>Nam</strong></span> <span class='ocrx_word' id='word_1_47' title='bbox 593 679 791 736; x_wconf 90' lang='lat' dir='ltr'><strong>horum</strong></span> <span class='ocrx_word' id='word_1_48' title='bbox 816 675 985 731; x_wconf 89' lang='lat' dir='ltr'><strong>trium</strong></span> <span class='ocrx_word' id='word_1_49' title='bbox 1009 689 1117 728; x_wconf 88' lang='lat' dir='ltr'><strong>una</strong></span> <span class='ocrx_word' id='word_1_50' title='bbox 1143 680 1227 729; x_wconf 90' lang='lat' dir='ltr'><strong>est</strong></span> <span class='ocrx_word' id='word_1_51' title='bbox 1261 671 1593 738; x_wconf 86' lang='lat' dir='ltr'><strong>substantia,</strong></span> <span class='ocrx_word' id='word_1_52' title='bbox 1628 678 1685 727; x_wconf 87' lang='lat' dir='ltr'><strong>et</strong></span> <span class='ocrx_word' id='word_1_53' title='bbox 1708 687 1814 727; x_wconf 88' lang='lat' dir='ltr'><strong>una</strong></span> <span class='ocrx_word' id='word_1_54' title='bbox 1848 680 2003 744; x_wconf 90' lang='lat' dir='ltr'><strong>pote-</strong></span> 
     </span>
    </p>
   </div>
   <div class='ocr_carea' id='block_1_10' title="bbox 426 764 2003 841">
    <p class='ocr_par' dir='ltr' id='par_1_10' title="bbox 426 764 2003 841">
     <span class='ocr_line' id='line_1_10' title="bbox 426 764 2003 841; baseline -0.007 -9"><span class='ocrx_word' id='word_1_55' title='bbox 426 786 559 840; x_wconf 84' lang='lat' dir='ltr'><strong>stas,</strong></span> <span class='ocrx_word' id='word_1_56' title='bbox 591 786 701 829; x_wconf 88' lang='lat' dir='ltr'><strong>una</strong></span> <span class='ocrx_word' id='word_1_57' title='bbox 724 770 1001 826; x_wconf 78' lang='lat' dir='ltr'><strong>voluntas.</strong></span> <span class='ocrx_word' id='word_1_58' title='bbox 1031 766 1093 821; x_wconf 83' lang='lat' dir='ltr'><strong>In</strong></span> <span class='ocrx_word' id='word_1_59' title='bbox 1121 766 1229 822; x_wconf 92' lang='lat' dir='ltr'><strong>hoc</strong></span> <span class='ocrx_word' id='word_1_60' title='bbox 1271 774 1487 822; x_wconf 90' lang='lat' dir='ltr'><strong>tantum</strong></span> <span class='ocrx_word' id='word_1_61' title='bbox 1530 764 1820 841; x_wconf 71' lang='lat' dir='ltr'><strong>diﬂerunt,</strong></span> <span class='ocrx_word' id='word_1_62' title='bbox 1852 765 2003 837; x_wconf 90' lang='lat' dir='ltr'><strong>quod</strong></span> 
     </span>
    </p>
   </div>
   <div class='ocr_carea' id='block_1_11' title="bbox 428 854 2005 929">
    <p class='ocr_par' dir='ltr' id='par_1_11' title="bbox 428 854 2005 929">
     <span class='ocr_line' id='line_1_11' title="bbox 428 854 2005 929; baseline -0.006 -9"><span class='ocrx_word' id='word_1_63' title='bbox 428 864 598 921; x_wconf 81' lang='lat' dir='ltr'><strong>Filius</strong></span> <span class='ocrx_word' id='word_1_64' title='bbox 617 877 684 918; x_wconf 79' lang='grc' dir='ltr'>ει</span> <span class='ocrx_word' id='word_1_65' title='bbox 708 861 866 916; x_wconf 86' lang='lat' dir='ltr'><strong>Patre</strong></span> <span class='ocrx_word' id='word_1_66' title='bbox 887 856 1147 929; x_wconf 79' lang='lat' dir='ltr'><strong>gignitur,</strong></span> <span class='ocrx_word' id='word_1_67' title='bbox 1166 856 1407 927; x_wconf 89' lang='lat' dir='ltr'><strong>Spiritus</strong></span> <span class='ocrx_word' id='word_1_68' title='bbox 1419 872 1487 912; x_wconf 79' lang='lat' dir='ltr'><strong>ex</strong></span> <span class='ocrx_word' id='word_1_69' title='bbox 1508 871 1574 912; x_wconf 85' lang='lat' dir='ltr'><strong>co</strong></span> <span class='ocrx_word' id='word_1_70' title='bbox 1594 857 1860 928; x_wconf 76' lang='lat' dir='ltr'><strong>procedit.</strong></span> <span class='ocrx_word' id='word_1_71' title='bbox 1882 854 2005 923; x_wconf 84' lang='lat' dir='ltr'><strong>Quo</strong></span> 
     </span>
    </p>
   </div>
   <div class='ocr_carea' id='block_1_12' title="bbox 427 945 2006 1018">
    <p class='ocr_par' dir='ltr' id='par_1_12' title="bbox 427 945 2006 1018">
     <span class='ocr_line' id='line_1_12' title="bbox 427 945 2006 1018; baseline -0.004 -9"><span class='ocrx_word' id='word_1_72' title='bbox 427 961 609 1009; x_wconf 88' lang='lat' dir='ltr'><strong>autem</strong></span> <span class='ocrx_word' id='word_1_73' title='bbox 632 950 798 1006; x_wconf 91' lang='lat' dir='ltr'><strong>modo</strong></span> <span class='ocrx_word' id='word_1_74' title='bbox 826 950 913 1005; x_wconf 86' lang='lat' dir='ltr'><strong>vel</strong></span> <span class='ocrx_word' id='word_1_75' title='bbox 936 947 1107 1004; x_wconf 85' lang='lat' dir='ltr'><strong>Filius</strong></span> <span class='ocrx_word' id='word_1_76' title='bbox 1130 962 1201 1004; x_wconf 77' lang='lat' dir='ltr'><strong>ex</strong></span> <span class='ocrx_word' id='word_1_77' title='bbox 1234 961 1303 1002; x_wconf 93' lang='lat' dir='ltr'><strong>eo</strong></span> <span class='ocrx_word' id='word_1_78' title='bbox 1328 945 1609 1018; x_wconf 77' lang='lat' dir='ltr'><strong>gignatur,</strong></span> <span class='ocrx_word' id='word_1_79' title='bbox 1644 946 1730 1001; x_wconf 82' lang='lat' dir='ltr'><strong>vel</strong></span> <span class='ocrx_word' id='word_1_80' title='bbox 1760 946 2006 1017; x_wconf 84' lang='lat' dir='ltr'><strong>Spiritus</strong></span> 
     </span>
    </p>
   </div>
   <div class='ocr_carea' id='block_1_13' title="bbox 428 1039 2005 1114">
    <p class='ocr_par' dir='ltr' id='par_1_13' title="bbox 428 1039 2005 1114">
     <span class='ocr_line' id='line_1_13' title="bbox 428 1039 2005 1114; baseline -0.004 -13"><span class='ocrx_word' id='word_1_81' title='bbox 428 1052 650 1101; x_wconf 85' lang='lat' dir='ltr'><strong>sanctus</strong></span> <span class='ocrx_word' id='word_1_82' title='bbox 670 1041 957 1114; x_wconf 86' lang='lat' dir='ltr'><strong>procedat,</strong></span> <span class='ocrx_word' id='word_1_83' title='bbox 994 1040 1266 1096; x_wconf 84' lang='lat' dir='ltr'><strong>curiosius</strong></span> <span class='ocrx_word' id='word_1_84' title='bbox 1291 1039 1733 1113; x_wconf 82' lang='lat' dir='ltr'><strong>investigandum</strong></span> <span class='ocrx_word' id='word_1_85' title='bbox 1765 1054 1875 1094; x_wconf 87' lang='lat' dir='ltr'><strong>non</strong></span> <span class='ocrx_word' id='word_1_86' title='bbox 1898 1046 2005 1094; x_wconf 86' lang='lat' dir='ltr'><strong>est.</strong></span> 
     </span>
    </p>
   </div>
   <div class='ocr_carea' id='block_1_14' title="bbox 431 1122 2005 1197">
    <p class='ocr_par' dir='ltr' id='par_1_14' title="bbox 431 1122 2005 1197">
     <span class='ocr_line' id='line_1_14' title="bbox 431 1122 2005 1197; baseline -0.007 -6"><span class='ocrx_word' id='word_1_87' title='bbox 431 1134 729 1191; x_wconf 85' lang='lat' dir='ltr'><strong>Sciendum</strong></span> <span class='ocrx_word' id='word_1_88' title='bbox 774 1146 930 1197; x_wconf 85' lang='lat' dir='ltr'><strong>vero,</strong></span> <span class='ocrx_word' id='word_1_89' title='bbox 960 1142 1074 1185; x_wconf 82' lang='lat' dir='ltr'><strong>non</strong></span> <span class='ocrx_word' id='word_1_90' title='bbox 1102 1129 1346 1185; x_wconf 79' lang='lat' dir='ltr'><strong>btmttmo</strong></span> <span class='ocrx_word' id='word_1_91' title='bbox 1369 1140 1522 1185; x_wconf 78' lang='lat' dir='ltr'><strong>more</strong></span> <span class='ocrx_word' id='word_1_92' title='bbox 1551 1128 1751 1193; x_wconf 85' lang='lat' dir='ltr'><strong>Patris,</strong></span> <span class='ocrx_word' id='word_1_93' title='bbox 1775 1134 1832 1182; x_wconf 89' lang='lat' dir='ltr'><strong>et</strong></span> <span class='ocrx_word' id='word_1_94' title='bbox 1858 1122 2005 1194; x_wconf 71' lang='lat' dir='ltr'><strong>Filii,</strong></span> 
     </span>
    </p>
   </div>
   <div class='ocr_carea' id='block_1_15' title="bbox 430 1216 2009 1292">
    <p class='ocr_par' dir='ltr' id='par_1_15' title="bbox 430 1216 2009 1292">
     <span class='ocr_line' id='line_1_15' title="bbox 430 1216 2009 1292; baseline -0.004 -15"><span class='ocrx_word' id='word_1_95' title='bbox 430 1232 486 1279; x_wconf 91' lang='lat' dir='ltr'><strong>et</strong></span> <span class='ocrx_word' id='word_1_96' title='bbox 518 1223 692 1279; x_wconf 86' lang='lat' dir='ltr'><strong>sancti</strong></span> <span class='ocrx_word' id='word_1_97' title='bbox 723 1220 967 1292; x_wconf 81' lang='lat' dir='ltr'><strong>Spiritus</strong></span> <span class='ocrx_word' id='word_1_98' title='bbox 995 1228 1167 1275; x_wconf 80' lang='lat' dir='ltr'><strong>voces</strong></span> <span class='ocrx_word' id='word_1_99' title='bbox 1192 1217 1565 1288; x_wconf 81' lang='lat' dir='ltr'><strong>accipiendas.</strong></span> <span class='ocrx_word' id='word_1_100' title='bbox 1589 1216 1807 1287; x_wconf 85' lang='lat' dir='ltr'><strong>Quippe</strong></span> <span class='ocrx_word' id='word_1_101' title='bbox 1834 1222 2009 1272; x_wconf 64' lang='lat' dir='ltr'><strong>“sacra!</strong></span> 
     </span>
    </p>
   </div>
   <div class='ocr_carea' id='block_1_16' title="bbox 431 1305 2006 1379">
    <p class='ocr_par' dir='ltr' id='par_1_16' title="bbox 431 1305 2006 1379">
     <span class='ocr_line' id='line_1_16' title="bbox 431 1305 2006 1379; baseline -0.006 -11"><span class='ocrx_word' id='word_1_102' title='bbox 431 1313 653 1369; x_wconf 78' lang='lat' dir='ltr'><strong>Littera:</strong></span> <span class='ocrx_word' id='word_1_103' title='bbox 670 1311 751 1368; x_wconf 86' lang='lat' dir='ltr'><strong>sic</strong></span> <span class='ocrx_word' id='word_1_104' title='bbox 764 1309 887 1365; x_wconf 87' lang='lat' dir='ltr'><strong>istis</strong></span> <span class='ocrx_word' id='word_1_105' title='bbox 902 1307 1228 1379; x_wconf 84' lang='lat' dir='ltr'><strong>simpliciter</strong></span> <span class='ocrx_word' id='word_1_106' title='bbox 1243 1305 1706 1377; x_wconf 90' lang='lat' dir='ltr'><strong>appellationibus</strong></span> <span class='ocrx_word' id='word_1_107' title='bbox 1727 1320 1840 1360; x_wconf 71' lang='lat' dir='ltr'><strong>usa:</strong></span> <span class='ocrx_word' id='word_1_108' title='bbox 1855 1313 2006 1370; x_wconf 87' lang='lat' dir='ltr'><strong>sunt,</strong></span> 
     </span>
    </p>
   </div>
   <div class='ocr_carea' id='block_1_17' title="bbox 434 1397 2007 1475">
    <p class='ocr_par' dir='ltr' id='par_1_17' title="bbox 434 1397 2007 1475">
     <span class='ocr_line' id='line_1_17' title="bbox 434 1397 2007 1475; baseline -0.005 -16"><span class='ocrx_word' id='word_1_109' title='bbox 434 1411 601 1475; x_wconf 89' lang='lat' dir='ltr'><strong>prout</strong></span> <span class='ocrx_word' id='word_1_110' title='bbox 641 1402 710 1457; x_wconf 89' lang='lat' dir='ltr'><strong>de</strong></span> <span class='ocrx_word' id='word_1_111' title='bbox 744 1401 911 1456; x_wconf 85' lang='lat' dir='ltr'><strong>rebus</strong></span> <span class='ocrx_word' id='word_1_112' title='bbox 946 1400 1016 1455; x_wconf 91' lang='lat' dir='ltr'><strong>iis</strong></span> <span class='ocrx_word' id='word_1_113' title='bbox 1051 1398 1251 1454; x_wconf 88' lang='lat' dir='ltr'><strong>docere</strong></span> <span class='ocrx_word' id='word_1_114' title='bbox 1282 1413 1348 1453; x_wconf 92' lang='lat' dir='ltr'><strong>ac</strong></span> <span class='ocrx_word' id='word_1_115' title='bbox 1385 1397 1537 1468; x_wconf 84' lang='lat' dir='ltr'><strong>loqui</strong></span> <span class='ocrx_word' id='word_1_116' title='bbox 1575 1397 1753 1463; x_wconf 86' lang='lat' dir='ltr'><strong>licuit,</strong></span> <span class='ocrx_word' id='word_1_117' title='bbox 1789 1406 2007 1468; x_wconf 77' lang='lat' dir='ltr'><strong>nosque</strong></span> 
     </span>
    </p>
   </div>
   <div class='ocr_carea' id='block_1_18' title="bbox 433 1486 2013 1565">
    <p class='ocr_par' dir='ltr' id='par_1_18' title="bbox 433 1486 2013 1565">
     <span class='ocr_line' id='line_1_18' title="bbox 433 1486 2013 1565; baseline -0.005 -16"><span class='ocrx_word' id='word_1_118' title='bbox 433 1493 627 1549; x_wconf 85' lang='lat' dir='ltr'><strong>auditu</strong></span> <span class='ocrx_word' id='word_1_119' title='bbox 668 1493 955 1565; x_wconf 86' lang='lat' dir='ltr'><strong>percipere</strong></span> <span class='ocrx_word' id='word_1_120' title='bbox 999 1489 1299 1561; x_wconf 88' lang='lat' dir='ltr'><strong>potuimus.</strong></span> <span class='ocrx_word' id='word_1_121' title='bbox 1335 1487 1463 1543; x_wconf 77' lang='lat' dir='ltr'><strong>Haec</strong></span> <span class='ocrx_word' id='word_1_122' title='bbox 1497 1503 1629 1559; x_wconf 88' lang='lat' dir='ltr'><strong>ergo</strong></span> <span class='ocrx_word' id='word_1_123' title='bbox 1660 1495 1851 1543; x_wconf 83' lang='lat' dir='ltr'><strong>sancta</strong></span> <span class='ocrx_word' id='word_1_124' title='bbox 1887 1486 2013 1542; x_wconf 60' lang='lat' dir='ltr'><strong>Tris</strong></span> 
     </span>
    </p>
   </div>
   <div class='ocr_carea' id='block_1_19' title="bbox 2100 394 3699 472">
    <p class='ocr_par' dir='ltr' id='par_1_19' title="bbox 2100 394 3699 472">
     <span class='ocr_line' id='line_1_19' title="bbox 2100 394 3699 472; baseline 0.009 -23"><span class='ocrx_word' id='word_1_125' title='bbox 2100 396 2251 450; x_wconf 72' lang='grc' dir='ltr'>οὐδὲν</span> <span class='ocrx_word' id='word_1_126' title='bbox 2300 394 2547 466; x_wconf 80' lang='grc' dir='ltr'>ἀλλήλων</span> <span class='ocrx_word' id='word_1_127' title='bbox 2601 395 2974 468; x_wconf 74' lang='grc' dir='ltr'><strong>διαφέρουσιν,</strong></span> <span class='ocrx_word' id='word_1_128' title='bbox 3042 401 3089 453; x_wconf 70' lang='grc' dir='ltr'>εξ</span> <span class='ocrx_word' id='word_1_129' title='bbox 3138 401 3213 472; x_wconf 80' lang='grc' dir='ltr'>μὴ</span> <span class='ocrx_word' id='word_1_130' title='bbox 3268 403 3428 472; x_wconf 82' lang='grc' dir='ltr'>μόνον</span> <span class='ocrx_word' id='word_1_131' title='bbox 3456 408 3594 462; x_wconf 73' lang='grc' dir='ltr'>κατὰ</span> <span class='ocrx_word' id='word_1_132' title='bbox 3620 411 3699 463; x_wconf 73' lang='grc' dir='ltr'>τὰ</span> 
     </span>
    </p>
   </div>
   <div class='ocr_carea' id='block_1_20' title="bbox 2105 472 3697 565">
    <p class='ocr_par' dir='ltr' id='par_1_20' title="bbox 2105 472 3697 565">
     <span class='ocr_line' id='line_1_20' title="bbox 2105 472 3697 565; baseline 0.009 -27"><span class='ocrx_word' id='word_1_133' title='bbox 2105 484 2373 557; x_wconf 83' lang='grc' dir='ltr'>ίδιώματα</span> <span class='ocrx_word' id='word_1_134' title='bbox 2394 501 2408 516; x_wconf 86' lang='grc'>⁶</span> <span class='ocrx_word' id='word_1_135' title='bbox 2450 486 2595 541; x_wconf 83' lang='grc' dir='ltr'>κατὰ</span> <span class='ocrx_word' id='word_1_136' title='bbox 2629 486 2711 552; x_wconf 77' lang='grc' dir='ltr'><strong>τὸ,</strong></span> <span class='ocrx_word' id='word_1_137' title='bbox 2750 486 2842 540; x_wconf 80' lang='grc' dir='ltr'><strong>τὸν</strong></span> <span class='ocrx_word' id='word_1_138' title='bbox 2873 488 2995 558; x_wconf 78' lang='grc' dir='ltr'>μὲν,</span> <span class='ocrx_word' id='word_1_139' title='bbox 3023 484 3163 543; x_wconf 71' lang='grc' dir='ltr'>εἶναι</span> <span class='ocrx_word' id='word_1_140' title='bbox 3190 491 3413 565; x_wconf 90' lang='grc' dir='ltr'>Πατέρα</span> <span class='ocrx_word' id='word_1_141' title='bbox 3440 511 3457 527; x_wconf 76' lang='grc' dir='ltr'><strong><em>ο</em></strong></span> <span class='ocrx_word' id='word_1_142' title='bbox 3488 496 3581 551; x_wconf 79' lang='grc' dir='ltr'>τὸν</span> <span class='ocrx_word' id='word_1_143' title='bbox 3612 472 3697 564; x_wconf 67' lang='grc' dir='ltr'>δὲ,</span> 
     </span>
    </p>
   </div>
   <div class='ocr_carea' id='block_1_21' title="bbox 2104 577 3701 660">
    <p class='ocr_par' dir='ltr' id='par_1_21' title="bbox 2104 577 3701 660">
     <span class='ocr_line' id='line_1_21' title="bbox 2104 577 3701 660; baseline 0.009 -29"><span class='ocrx_word' id='word_1_144' title='bbox 2104 577 2234 632; x_wconf 79' lang='grc' dir='ltr'>Υὶόν</span> <span class='ocrx_word' id='word_1_145' title='bbox 2270 594 2288 611; x_wconf 74' lang='grc' dir='ltr'><strong>ο</strong></span> <span class='ocrx_word' id='word_1_146' title='bbox 2324 577 2418 632; x_wconf 80' lang='grc' dir='ltr'>τὸν</span> <span class='ocrx_word' id='word_1_147' title='bbox 2448 577 2529 644; x_wconf 83' lang='grc' dir='ltr'>δὲ,</span> <span class='ocrx_word' id='word_1_148' title='bbox 2563 578 2791 650; x_wconf 79' lang='grc' dir='ltr'><strong>Πνεῦμα</strong></span> <span class='ocrx_word' id='word_1_149' title='bbox 2821 580 2998 649; x_wconf 74' lang='grc' dir='ltr'>ἆγιον.</span> <span class='ocrx_word' id='word_1_150' title='bbox 3040 581 3199 636; x_wconf 74' lang='grc' dir='ltr'>Ἐπεὶ</span> <span class='ocrx_word' id='word_1_151' title='bbox 3226 584 3327 655; x_wconf 97' lang='grc' dir='ltr'><strong>μία</strong></span> <span class='ocrx_word' id='word_1_152' title='bbox 3354 586 3512 643; x_wconf 81' lang='grc' dir='ltr'>οὐσία</span> <span class='ocrx_word' id='word_1_153' title='bbox 3534 590 3701 660; x_wconf 81' lang='grc' dir='ltr'>ἡτῶν</span> 
     </span>
    </p>
   </div>
   <div class='ocr_carea' id='block_1_22' title="bbox 2103 662 3702 744">
    <p class='ocr_par' dir='ltr' id='par_1_22' title="bbox 2103 662 3702 744">
     <span class='ocr_line' id='line_1_22' title="bbox 2103 662 3702 744; baseline 0.01 -25"><span class='ocrx_word' id='word_1_154' title='bbox 2103 664 2295 738; x_wconf 88' lang='grc' dir='ltr'>τριῶν,</span> <span class='ocrx_word' id='word_1_155' title='bbox 2324 668 2419 720; x_wconf 79' lang='grc' dir='ltr'><strong>καὶ</strong></span> <span class='ocrx_word' id='word_1_156' title='bbox 2452 665 2552 738; x_wconf 90' lang='grc' dir='ltr'><strong>μία</strong></span> <span class='ocrx_word' id='word_1_157' title='bbox 2602 666 2856 739; x_wconf 89' lang='grc' dir='ltr'>δύναμις,</span> <span class='ocrx_word' id='word_1_158' title='bbox 2905 670 3002 724; x_wconf 77' lang='grc' dir='ltr'><strong>καὶ</strong></span> <span class='ocrx_word' id='word_1_159' title='bbox 3039 670 3139 741; x_wconf 88' lang='grc' dir='ltr'><strong>μία</strong></span> <span class='ocrx_word' id='word_1_160' title='bbox 3181 662 3459 744; x_wconf 79' lang='grc' dir='ltr'>βούλησις.</span> <span class='ocrx_word' id='word_1_161' title='bbox 3523 679 3702 734; x_wconf 80' lang='grc' dir='ltr'>Τοῦτο</span> 
     </span>
    </p>
   </div>
   <div class='ocr_carea' id='block_1_23' title="bbox 2109 756 3700 834">
    <p class='ocr_par' dir='ltr' id='par_1_23' title="bbox 2109 756 3700 834">
     <span class='ocr_line' id='line_1_23' title="bbox 2109 756 3700 834; baseline 0.011 -24"><span class='ocrx_word' id='word_1_162' title='bbox 2109 756 2271 828; x_wconf 87' lang='grc' dir='ltr'>μόνον</span> <span class='ocrx_word' id='word_1_163' title='bbox 2301 757 2673 829; x_wconf 83' lang='grc' dir='ltr'><strong>διαφέρουσιν,</strong></span> <span class='ocrx_word' id='word_1_164' title='bbox 2708 759 2790 813; x_wconf 86' lang='grc' dir='ltr'>ὅτι</span> <span class='ocrx_word' id='word_1_165' title='bbox 2824 759 2853 812; x_wconf 99' lang='lat'><strong>6</strong></span> <span class='ocrx_word' id='word_1_166' title='bbox 2897 762 2998 831; x_wconf 84' lang='grc' dir='ltr'><strong>μὲν</strong></span> <span class='ocrx_word' id='word_1_167' title='bbox 3031 762 3161 828; x_wconf 79' lang='grc' dir='ltr'>Υἱὸς</span> <span class='ocrx_word' id='word_1_168' title='bbox 3198 769 3455 834; x_wconf 81' lang='grc' dir='ltr'><strong>γεννᾶται</strong></span> <span class='ocrx_word' id='word_1_169' title='bbox 3497 771 3562 824; x_wconf 71' lang='grc' dir='ltr'><strong>ἐκ</strong></span> <span class='ocrx_word' id='word_1_170' title='bbox 3599 773 3700 827; x_wconf 81' lang='grc' dir='ltr'>τοῦ</span> 
     </span>
    </p>
   </div>
   <div class='ocr_carea' id='block_1_24' title="bbox 2108 845 3701 922">
    <p class='ocr_par' dir='ltr' id='par_1_24' title="bbox 2108 845 3701 922">
     <span class='ocr_line' id='line_1_24' title="bbox 2108 845 3701 922; baseline 0.009 -23"><span class='ocrx_word' id='word_1_171' title='bbox 2108 846 2345 917; x_wconf 70' lang='grc' dir='ltr'>Πατρός,</span> <span class='ocrx_word' id='word_1_172' title='bbox 2366 846 2429 899; x_wconf 81' lang='grc' dir='ltr'>τὸ</span> <span class='ocrx_word' id='word_1_173' title='bbox 2446 846 2505 899; x_wconf 75' lang='grc' dir='ltr'>δὲ</span> <span class='ocrx_word' id='word_1_174' title='bbox 2529 845 2755 918; x_wconf 81' lang='grc' dir='ltr'><strong>Πνεῦμα</strong></span> <span class='ocrx_word' id='word_1_175' title='bbox 2782 847 3146 919; x_wconf 74' lang='grc' dir='ltr'>ἐκπορεύεται</span> <span class='ocrx_word' id='word_1_176' title='bbox 3175 852 3233 921; x_wconf 75' lang='grc' dir='ltr'><strong>ἐξ</strong></span> <span class='ocrx_word' id='word_1_177' title='bbox 3270 855 3461 912; x_wconf 70' lang='grc' dir='ltr'>αὐτοῦ.</span> <span class='ocrx_word' id='word_1_178' title='bbox 3486 859 3609 922; x_wconf 90' lang='grc' dir='ltr'>Πῶς</span> <span class='ocrx_word' id='word_1_179' title='bbox 3636 860 3701 914; x_wconf 80' lang='grc' dir='ltr'>δὲ</span> 
     </span>
    </p>
   </div>
   <div class='ocr_carea' id='block_1_25' title="bbox 2107 936 3701 1018">
    <p class='ocr_par' dir='ltr' id='par_1_25' title="bbox 2107 936 3701 1018">
     <span class='ocr_line' id='line_1_25' title="bbox 2107 936 3701 1018; baseline 0.009 -26"><span class='ocrx_word' id='word_1_180' title='bbox 2107 939 2365 1008; x_wconf 79' lang='grc' dir='ltr'>γεννᾶται</span> <span class='ocrx_word' id='word_1_181' title='bbox 2399 938 2428 992; x_wconf 92' lang='lat'><strong>6</strong></span> <span class='ocrx_word' id='word_1_182' title='bbox 2456 936 2586 1001; x_wconf 75' lang='grc' dir='ltr'>Υἱὸς</span> <span class='ocrx_word' id='word_1_183' title='bbox 2622 936 2682 1006; x_wconf 74' lang='grc' dir='ltr'><strong>ἐξ</strong></span> <span class='ocrx_word' id='word_1_184' title='bbox 2733 938 2924 1004; x_wconf 74' lang='grc' dir='ltr'>αὑτοῦ,</span> <span class='ocrx_word' id='word_1_185' title='bbox 2968 937 3001 1011; x_wconf 79' lang='grc' dir='ltr'>ἢ</span> <span class='ocrx_word' id='word_1_186' title='bbox 3059 941 3178 1007; x_wconf 89' lang='grc' dir='ltr'><strong>πῶς</strong></span> <span class='ocrx_word' id='word_1_187' title='bbox 3226 944 3584 1018; x_wconf 71' lang='grc' dir='ltr'><strong>ἐκπορεύεται</strong></span> <span class='ocrx_word' id='word_1_188' title='bbox 3634 952 3701 1005; x_wconf 77' lang='grc' dir='ltr'><strong>τδ</strong></span> 
     </span>
    </p>
   </div>
   <div class='ocr_carea' id='block_1_26' title="bbox 2108 1024 3695 1104">
    <p class='ocr_par' dir='ltr' id='par_1_26' title="bbox 2108 1024 3695 1104">
     <span class='ocr_line' id='line_1_26' title="bbox 2108 1024 3695 1104; baseline 0.008 -24"><span class='ocrx_word' id='word_1_189' title='bbox 2108 1024 2332 1095; x_wconf 78' lang='grc' dir='ltr'><strong>Πνεῦμα</strong></span> <span class='ocrx_word' id='word_1_190' title='bbox 2356 1025 2418 1079; x_wconf 71' lang='grc' dir='ltr'>τὸ</span> <span class='ocrx_word' id='word_1_191' title='bbox 2440 1025 2619 1096; x_wconf 75' lang='grc' dir='ltr'>ἅγιον,</span> <span class='ocrx_word' id='word_1_192' title='bbox 2644 1026 2706 1080; x_wconf 83' lang='grc' dir='ltr'>οὐ</span> <span class='ocrx_word' id='word_1_193' title='bbox 2732 1027 2814 1080; x_wconf 81' lang='grc' dir='ltr'>δεῖ</span> <span class='ocrx_word' id='word_1_194' title='bbox 2845 1031 3327 1102; x_wconf 77' lang='grc' dir='ltr'><strong>περιεργάζεσθαι.</strong></span> <span class='ocrx_word' id='word_1_195' title='bbox 3377 1036 3577 1093; x_wconf 82' lang='grc' dir='ltr'>ἰστέον</span> <span class='ocrx_word' id='word_1_196' title='bbox 3612 1039 3695 1104; x_wconf 70' lang='grc' dir='ltr'>δὶ,</span> 
     </span>
    </p>
   </div>
   <div class='ocr_carea' id='block_1_27' title="bbox 2107 1113 3698 1200">
    <p class='ocr_par' dir='ltr' id='par_1_27' title="bbox 2107 1113 3698 1200">
     <span class='ocr_line' id='line_1_27' title="bbox 2107 1113 3698 1200; baseline 0.008 -29"><span class='ocrx_word' id='word_1_197' title='bbox 2107 1116 2191 1171; x_wconf 80' lang='grc' dir='ltr'>ὅτι</span> <span class='ocrx_word' id='word_1_198' title='bbox 2218 1115 2321 1186; x_wconf 78' lang='grc' dir='ltr'><strong>οὐχ</strong></span> <span class='ocrx_word' id='word_1_199' title='bbox 2352 1114 2428 1179; x_wconf 81' lang='grc' dir='ltr'>ὡς</span> <span class='ocrx_word' id='word_1_200' title='bbox 2464 1114 2557 1169; x_wconf 55' lang='lat' dir='ltr'><strong>hri.</strong></span> <span class='ocrx_word' id='word_1_201' title='bbox 2585 1113 2680 1170; x_wconf 67' lang='grc' dir='ltr'><strong>τσῦ</strong></span> <span class='ocrx_word' id='word_1_202' title='bbox 2708 1114 2999 1189; x_wconf 78' lang='grc' dir='ltr'>ἀνθρώπου</span> <span class='ocrx_word' id='word_1_203' title='bbox 3029 1120 3113 1174; x_wconf 77' lang='grc' dir='ltr'><strong>δεῖ</strong></span> <span class='ocrx_word' id='word_1_204' title='bbox 3148 1126 3292 1178; x_wconf 73' lang='grc' dir='ltr'>νοεῖν</span> <span class='ocrx_word' id='word_1_205' title='bbox 3321 1126 3413 1179; x_wconf 83' lang='grc' dir='ltr'>τὸν</span> <span class='ocrx_word' id='word_1_206' title='bbox 3450 1129 3698 1200; x_wconf 84' lang='grc' dir='ltr'>Πατέρα,</span> 
     </span>
    </p>
   </div>
   <div class='ocr_carea' id='block_1_28' title="bbox 2109 1204 3702 1290">
    <p class='ocr_par' dir='ltr' id='par_1_28' title="bbox 2109 1204 3702 1290">
     <span class='ocr_line' id='line_1_28' title="bbox 2109 1204 3702 1290; baseline 0.009 -30"><span class='ocrx_word' id='word_1_207' title='bbox 2109 1209 2205 1261; x_wconf 73' lang='grc' dir='ltr'>καὶ</span> <span class='ocrx_word' id='word_1_208' title='bbox 2228 1204 2494 1273; x_wconf 72' lang='grc' dir='ltr'>τδνΥἰδν,</span> <span class='ocrx_word' id='word_1_209' title='bbox 2535 1208 2630 1263; x_wconf 72' lang='grc' dir='ltr'><strong>καὶ</strong></span> <span class='ocrx_word' id='word_1_210' title='bbox 2657 1208 2719 1262; x_wconf 72' lang='lat' dir='ltr'><strong>rb</strong></span> <span class='ocrx_word' id='word_1_211' title='bbox 2760 1206 2914 1279; x_wconf 75' lang='grc' dir='ltr'>ᾶγιον</span> <span class='ocrx_word' id='word_1_212' title='bbox 2970 1212 3216 1285; x_wconf 78' lang='grc' dir='ltr'><strong>Πνεῦμα.</strong></span> <span class='ocrx_word' id='word_1_213' title='bbox 3287 1217 3352 1270; x_wconf 77' lang='grc' dir='ltr'><strong>’Π</strong></span> <span class='ocrx_word' id='word_1_214' title='bbox 3408 1218 3518 1290; x_wconf 86' lang='grc' dir='ltr'><strong>γὰρ</strong></span> <span class='ocrx_word' id='word_1_215' title='bbox 3564 1221 3702 1289; x_wconf 74' lang='grc' dir='ltr'>ἁγία</span> 
     </span>
    </p>
   </div>
   <div class='ocr_carea' id='block_1_29' title="bbox 2112 1297 3701 1380">
    <p class='ocr_par' dir='ltr' id='par_1_29' title="bbox 2112 1297 3701 1380">
     <span class='ocr_line' id='line_1_29' title="bbox 2112 1297 3701 1380; baseline 0.011 -30"><span class='ocrx_word' id='word_1_216' title='bbox 2112 1297 2306 1369; x_wconf 78' lang='grc' dir='ltr'>Γραφὴ</span> <span class='ocrx_word' id='word_1_217' title='bbox 2333 1297 2505 1363; x_wconf 78' lang='grc' dir='ltr'>οὕτως</span> <span class='ocrx_word' id='word_1_218' title='bbox 2531 1298 2718 1362; x_wconf 82' lang='grc' dir='ltr'>ἁπλῶς</span> <span class='ocrx_word' id='word_1_219' title='bbox 2748 1300 2922 1355; x_wconf 79' lang='grc' dir='ltr'>ταῦτα</span> <span class='ocrx_word' id='word_1_220' title='bbox 2962 1302 3268 1375; x_wconf 74' lang='grc' dir='ltr'><strong>ὠνόμασεν,</strong></span> <span class='ocrx_word' id='word_1_221' title='bbox 3302 1305 3379 1370; x_wconf 77' lang='grc' dir='ltr'><strong>ὡς</strong></span> <span class='ocrx_word' id='word_1_222' title='bbox 3415 1308 3482 1363; x_wconf 80' lang='grc' dir='ltr'><strong>ἂν</strong></span> <span class='ocrx_word' id='word_1_223' title='bbox 3520 1312 3701 1380; x_wconf 75' lang='grc' dir='ltr'>ηὐπό-</span> 
     </span>
    </p>
   </div>
   <div class='ocr_carea' id='block_1_30' title="bbox 2115 1391 3694 1477">
    <p class='ocr_par' dir='ltr' id='par_1_30' title="bbox 2115 1391 3694 1477">
     <span class='ocr_line' id='line_1_30' title="bbox 2115 1391 3694 1477; baseline 0.01 -34"><span class='ocrx_word' id='word_1_224' title='bbox 2115 1398 2249 1463; x_wconf 77' lang='grc' dir='ltr'>ρησε</span> <span class='ocrx_word' id='word_1_225' title='bbox 2271 1392 2399 1463; x_wconf 67' lang='grc' dir='ltr'>περὶ</span> <span class='ocrx_word' id='word_1_226' title='bbox 2424 1391 2605 1446; x_wconf 86' lang='grc' dir='ltr'>αὐτῶν</span> <span class='ocrx_word' id='word_1_227' title='bbox 2628 1393 2841 1458; x_wconf 83' lang='grc' dir='ltr'>διδάξαι</span> <span class='ocrx_word' id='word_1_228' title='bbox 2859 1396 2951 1450; x_wconf 75' lang='grc' dir='ltr'><strong>καὶ</strong></span> <span class='ocrx_word' id='word_1_229' title='bbox 2982 1398 3179 1460; x_wconf 84' lang='grc' dir='ltr'>είπετν.</span> <span class='ocrx_word' id='word_1_230' title='bbox 3219 1401 3314 1453; x_wconf 79' lang='grc' dir='ltr'><strong>καὶ</strong></span> <span class='ocrx_word' id='word_1_231' title='bbox 3342 1402 3505 1472; x_wconf 77' lang='grc' dir='ltr'>ἡμεῖς</span> <span class='ocrx_word' id='word_1_232' title='bbox 3533 1404 3694 1477; x_wconf 80' lang='grc' dir='ltr'>δυνη-</span> 
     </span>
    </p>
   </div>
   <div class='ocr_carea' id='block_1_31' title="bbox 2114 1483 3700 1571">
    <p class='ocr_par' dir='ltr' id='par_1_31' title="bbox 2114 1483 3700 1571">
     <span class='ocr_line' id='line_1_31' title="bbox 2114 1483 3700 1571; baseline 0.007 -33"><span class='ocrx_word' id='word_1_233' title='bbox 2114 1484 2340 1556; x_wconf 76' lang='grc' dir='ltr'>θείημεν</span> <span class='ocrx_word' id='word_1_234' title='bbox 2390 1483 2643 1539; x_wconf 80' lang='grc' dir='ltr'>ἀκοῦσαι.</span> <span class='ocrx_word' id='word_1_235' title='bbox 2691 1485 2842 1559; x_wconf 79' lang='grc' dir='ltr'>Αὕτη</span> <span class='ocrx_word' id='word_1_236' title='bbox 2874 1489 3055 1544; x_wconf 79' lang='grc' dir='ltr'>τοίνυν</span> <span class='ocrx_word' id='word_1_237' title='bbox 3091 1493 3123 1561; x_wconf 79' lang='grc' dir='ltr'>ἡ</span> <span class='ocrx_word' id='word_1_238' title='bbox 3167 1492 3309 1571; x_wconf 31' lang='grc' dir='ltr'>ἁγίακ</span> <span class='ocrx_word' id='word_1_239' title='bbox 3349 1494 3542 1565; x_wconf 79' lang='grc' dir='ltr'>Τριὰς,</span> <span class='ocrx_word' id='word_1_240' title='bbox 3598 1498 3700 1567; x_wconf 77' lang='grc' dir='ltr'><strong>μία</strong></span> 
     </span>
    </p>
   </div>
   <div class='ocr_carea' id='block_1_32' title="bbox 436 1576 2012 1660">
    <p class='ocr_par' dir='ltr' id='par_1_32' title="bbox 436 1576 2012 1652">
     <span class='ocr_line' id='line_1_32' title="bbox 436 1576 2012 1652; baseline -0.003 -16"><span class='ocrx_word' id='word_1_241' title='bbox 436 1583 599 1649; x_wconf 90' lang='lat' dir='ltr'><strong>nitas,</strong></span> <span class='ocrx_word' id='word_1_242' title='bbox 631 1596 849 1652; x_wconf 87' lang='lat' dir='ltr'><strong>unaque</strong></span> <span class='ocrx_word' id='word_1_243' title='bbox 879 1580 1163 1644; x_wconf 87' lang='lat' dir='ltr'><strong>divinitas,</strong></span> <span class='ocrx_word' id='word_1_244' title='bbox 1196 1592 1423 1648; x_wconf 88' lang='lat' dir='ltr'><strong>prorsus</strong></span> <span class='ocrx_word' id='word_1_245' title='bbox 1454 1592 1520 1632; x_wconf 74' lang='lat' dir='ltr'><strong>ex</strong></span> <span class='ocrx_word' id='word_1_246' title='bbox 1551 1577 1729 1632; x_wconf 90' lang='lat' dir='ltr'><strong>nihilo</strong></span> <span class='ocrx_word' id='word_1_247' title='bbox 1757 1576 2012 1633; x_wconf 85' lang='lat' dir='ltr'><strong>condidit</strong></span> 
     </span>
    </p>
   </div>
   <div class='ocr_carea' id='block_1_33' title="bbox 2116 1576 3701 1660">
    <p class='ocr_par' dir='ltr' id='par_1_33' title="bbox 2116 1579 3701 1660">
     <span class='ocr_line' id='line_1_33' title="bbox 2116 1579 3701 1660; baseline 0.007 -27"><span class='ocrx_word' id='word_1_248' title='bbox 2116 1579 2328 1651; x_wconf 85' lang='grc' dir='ltr'>θεότης,</span> <span class='ocrx_word' id='word_1_249' title='bbox 2364 1581 2427 1634; x_wconf 79' lang='grc' dir='ltr'><strong>ἐκ</strong></span> <span class='ocrx_word' id='word_1_250' title='bbox 2455 1580 2553 1635; x_wconf 83' lang='grc' dir='ltr'><strong>τοῦ</strong></span> <span class='ocrx_word' id='word_1_251' title='bbox 2593 1581 2820 1653; x_wconf 88' lang='grc' dir='ltr'>μηδαμῆ</span> <span class='ocrx_word' id='word_1_252' title='bbox 2863 1582 3133 1655; x_wconf 78' lang='grc' dir='ltr'><strong>μηδαμῶς</strong></span> <span class='ocrx_word' id='word_1_253' title='bbox 3165 1586 3340 1653; x_wconf 71' lang='grc' dir='ltr'>δντος,</span> <span class='ocrx_word' id='word_1_254' title='bbox 3371 1589 3596 1660; x_wconf 76' lang='grc' dir='ltr'>ἐποίησε</span> <span class='ocrx_word' id='word_1_255' title='bbox 3627 1590 3701 1645; x_wconf 65' lang='grc' dir='ltr'>τὰ</span> 
     </span>
    </p>
   </div>
   <div class='ocr_carea' id='block_1_34' title="bbox 439 1661 2012 1755">
    <p class='ocr_par' dir='ltr' id='par_1_34' title="bbox 439 1667 2008 1741">
     <span class='ocr_line' id='line_1_34' title="bbox 439 1667 2008 1741; baseline -0.005 -12"><span class='ocrx_word' id='word_1_256' title='bbox 439 1675 732 1737; x_wconf 79' lang='lat' dir='ltr'><strong>universa,</strong></span> <span class='ocrx_word' id='word_1_257' title='bbox 795 1680 902 1726; x_wconf 90' lang='lat' dir='ltr'><strong>tam</strong></span> <span class='ocrx_word' id='word_1_258' title='bbox 951 1668 1310 1741; x_wconf 86' lang='lat' dir='ltr'><strong>aspcctabilia</strong></span> <span class='ocrx_word' id='word_1_259' title='bbox 1349 1678 1516 1739; x_wconf 78' lang='lat' dir='ltr'><strong>quam</strong></span> <span class='ocrx_word' id='word_1_260' title='bbox 1568 1667 2008 1738; x_wconf 74' lang='lat' dir='ltr'><strong>inaspectabilia.</strong></span> 
     </span>
    </p>
   </div>
   <div class='ocr_carea' id='block_1_35' title="bbox 2116 1661 3697 1755">
    <p class='ocr_par' dir='ltr' id='par_1_35' title="bbox 2116 1670 3697 1755">
     <span class='ocr_line' id='line_1_35' title="bbox 2116 1670 3697 1755; baseline 0.007 -29"><span class='ocrx_word' id='word_1_261' title='bbox 2116 1673 2314 1739; x_wconf 77' lang='grc' dir='ltr'>πάντα,</span> <span class='ocrx_word' id='word_1_262' title='bbox 2343 1673 2411 1731; x_wconf 74' lang='grc' dir='ltr'>τά</span> <span class='ocrx_word' id='word_1_263' title='bbox 2436 1684 2499 1728; x_wconf 72' lang='grc' dir='ltr'><strong>τε</strong></span> <span class='ocrx_word' id='word_1_264' title='bbox 2531 1670 2726 1747; x_wconf 73' lang='grc' dir='ltr'>δρατὰ,</span> <span class='ocrx_word' id='word_1_265' title='bbox 2764 1676 2859 1728; x_wconf 76' lang='grc' dir='ltr'><strong>καὶ</strong></span> <span class='ocrx_word' id='word_1_266' title='bbox 2892 1677 3124 1748; x_wconf 78' lang='grc' dir='ltr'>ἀόρατα.</span> <span class='ocrx_word' id='word_1_267' title='bbox 3172 1680 3231 1733; x_wconf 76' lang='lat' dir='ltr'><strong>Et</strong></span> <span class='ocrx_word' id='word_1_268' title='bbox 3261 1680 3319 1734; x_wconf 74' lang='grc' dir='ltr'>δὲ</span> <span class='ocrx_word' id='word_1_269' title='bbox 3372 1681 3443 1734; x_wconf 78' lang='grc' dir='ltr'>τὰ</span> <span class='ocrx_word' id='word_1_270' title='bbox 3485 1682 3697 1755; x_wconf 84' lang='grc' dir='ltr'>ἀόρατα</span> 
     </span>
    </p>
   </div>
   <div class='ocr_carea' id='block_1_36' title="bbox 435 1757 2012 1833">
    <p class='ocr_par' dir='ltr' id='par_1_36' title="bbox 435 1757 2012 1833">
     <span class='ocr_line' id='line_1_36' title="bbox 435 1757 2012 1833; baseline -0.004 -12"><span class='ocrx_word' id='word_1_271' title='bbox 435 1766 577 1821; x_wconf 83' lang='lat' dir='ltr'><strong>Num</strong></span> <span class='ocrx_word' id='word_1_272' title='bbox 629 1779 764 1818; x_wconf 85' lang='lat' dir='ltr'><strong>vero</strong></span> <span class='ocrx_word' id='word_1_273' title='bbox 812 1759 1223 1833; x_wconf 83' lang='lat' dir='ltr'><strong>inaSpectabilia</strong></span> <span class='ocrx_word' id='word_1_274' title='bbox 1274 1761 1431 1831; x_wconf 88' lang='lat' dir='ltr'><strong>prius</strong></span> <span class='ocrx_word' id='word_1_275' title='bbox 1475 1761 1618 1816; x_wconf 79' lang='lat' dir='ltr'><strong>facta</strong></span> <span class='ocrx_word' id='word_1_276' title='bbox 1662 1757 1908 1828; x_wconf 73' lang='lat' dir='ltr'><strong>fuerint,</strong></span> <span class='ocrx_word' id='word_1_277' title='bbox 1943 1775 2012 1816; x_wconf 81' lang='lat' dir='ltr'><strong>ex</strong></span> 
     </span>
    </p>
   </div>
   <div class='ocr_carea' id='block_1_37' title="bbox 436 1853 1219 1926">
    <p class='ocr_par' dir='ltr' id='par_1_37' title="bbox 436 1853 1219 1926">
     <span class='ocr_line' id='line_1_37' title="bbox 436 1853 1219 1926; baseline -0.004 -15"><span class='ocrx_word' id='word_1_278' title='bbox 436 1855 802 1926; x_wconf 82' lang='lat' dir='ltr'><strong>sequentibus</strong></span> <span class='ocrx_word' id='word_1_279' title='bbox 829 1853 1219 1923; x_wconf 88' lang='lat' dir='ltr'><strong>intelligemus.</strong></span> 
     </span>
    </p>
   </div>
   <div class='ocr_carea' id='block_1_38' title="bbox 506 1945 2011 2019">
    <p class='ocr_par' dir='ltr' id='par_1_38' title="bbox 506 1945 2011 2019">
     <span class='ocr_line' id='line_1_38' title="bbox 506 1945 2011 2019; baseline -0.004 -14"><span class='ocrx_word' id='word_1_280' title='bbox 506 1950 571 2006; x_wconf 92' lang='lat' dir='ltr'><strong>ll.</strong></span> <span class='ocrx_word' id='word_1_281' title='bbox 598 1950 714 2004; x_wconf 90' lang='lat' dir='ltr'><strong>lloc</strong></span> <span class='ocrx_word' id='word_1_282' title='bbox 737 1947 960 2019; x_wconf 88' lang='lat' dir='ltr'><strong>quidem</strong></span> <span class='ocrx_word' id='word_1_283' title='bbox 993 1947 1302 2012; x_wconf 89' lang='lat' dir='ltr'><strong>sciendum,</strong></span> <span class='ocrx_word' id='word_1_284' title='bbox 1335 1948 1506 2002; x_wconf 90' lang='lat' dir='ltr'><strong>Deum</strong></span> <span class='ocrx_word' id='word_1_285' title='bbox 1532 1962 1629 2002; x_wconf 77' lang='lat' dir='ltr'><strong>sex</strong></span> <span class='ocrx_word' id='word_1_286' title='bbox 1657 1945 1857 2003; x_wconf 85' lang='lat' dir='ltr'><strong>diebus</strong></span> <span class='ocrx_word' id='word_1_287' title='bbox 1888 1947 2011 2001; x_wconf 79' lang='lat' dir='ltr'><strong>uui-</strong></span> 
     </span>
    </p>
   </div>
   <div class='ocr_carea' id='block_1_39' title="bbox 441 2036 2012 2106">
    <p class='ocr_par' dir='ltr' id='par_1_39' title="bbox 441 2036 2012 2106">
     <span class='ocr_line' id='line_1_39' title="bbox 441 2036 2012 2106; baseline -0.004 -7"><span class='ocrx_word' id='word_1_288' title='bbox 441 2058 596 2099; x_wconf 78' lang='lat' dir='ltr'><strong>rersa</strong></span> <span class='ocrx_word' id='word_1_289' title='bbox 639 2039 986 2106; x_wconf 87' lang='lat' dir='ltr'><strong>condidisse,</strong></span> <span class='ocrx_word' id='word_1_290' title='bbox 1044 2038 1327 2095; x_wconf 88' lang='lat' dir='ltr'><strong>hominem</strong></span> <span class='ocrx_word' id='word_1_291' title='bbox 1373 2038 1568 2093; x_wconf 89' lang='lat' dir='ltr'><strong>ultimo</strong></span> <span class='ocrx_word' id='word_1_292' title='bbox 1614 2036 1705 2094; x_wconf 87' lang='lat' dir='ltr'><strong>die</strong></span> <span class='ocrx_word' id='word_1_293' title='bbox 1762 2051 2012 2102; x_wconf 87' lang='lat' dir='ltr'><strong>creasse,</strong></span> 
     </span>
    </p>
   </div>
   <div class='ocr_carea' id='block_1_40' title="bbox 440 2126 2015 2202">
    <p class='ocr_par' dir='ltr' id='par_1_40' title="bbox 440 2126 2015 2202">
     <span class='ocr_line' id='line_1_40' title="bbox 440 2126 2015 2202; baseline -0.007 -13"><span class='ocrx_word' id='word_1_294' title='bbox 440 2143 684 2189; x_wconf 87' lang='lat' dir='ltr'><strong>creatum</strong></span> <span class='ocrx_word' id='word_1_295' title='bbox 720 2130 776 2186; x_wconf 90' lang='lat' dir='ltr'><strong>in</strong></span> <span class='ocrx_word' id='word_1_296' title='bbox 814 2128 1072 2202; x_wconf 87' lang='lat' dir='ltr'><strong>paradiso</strong></span> <span class='ocrx_word' id='word_1_297' title='bbox 1105 2128 1427 2183; x_wconf 83' lang='lat' dir='ltr'><strong>collocasse.</strong></span> <span class='ocrx_word' id='word_1_298' title='bbox 1450 2126 1596 2194; x_wconf 78' lang='lat' dir='ltr'><strong>Quid</strong></span> <span class='ocrx_word' id='word_1_299' title='bbox 1631 2136 1820 2181; x_wconf 83' lang='lat' dir='ltr'><strong>autem</strong></span> <span class='ocrx_word' id='word_1_300' title='bbox 1852 2140 2015 2196; x_wconf 86' lang='lat' dir='ltr'><strong>para-</strong></span> 
     </span>
    </p>
   </div>
   <div class='ocr_carea' id='block_1_41' title="bbox 440 2219 2015 2293">
    <p class='ocr_par' dir='ltr' id='par_1_41' title="bbox 440 2219 2015 2293">
     <span class='ocr_line' id='line_1_41' title="bbox 440 2219 2015 2293; baseline -0.006 -10"><span class='ocrx_word' id='word_1_301' title='bbox 440 2227 594 2283; x_wconf 88' lang='lat' dir='ltr'><strong>disus</strong></span> <span class='ocrx_word' id='word_1_302' title='bbox 622 2224 716 2292; x_wconf 87' lang='lat' dir='ltr'><strong>sit,</strong></span> <span class='ocrx_word' id='word_1_303' title='bbox 756 2222 1020 2293; x_wconf 89' lang='lat' dir='ltr'><strong>deinceps</strong></span> <span class='ocrx_word' id='word_1_304' title='bbox 1049 2235 1467 2293; x_wconf 76' lang='lat' dir='ltr'><strong>cognoscemus.</strong></span> <span class='ocrx_word' id='word_1_305' title='bbox 1506 2219 1647 2275; x_wconf 83' lang='lat' dir='ltr'><strong>llinc</strong></span> <span class='ocrx_word' id='word_1_306' title='bbox 1675 2220 1821 2276; x_wconf 91' lang='lat' dir='ltr'><strong>Deus</strong></span> <span class='ocrx_word' id='word_1_307' title='bbox 1848 2233 2015 2274; x_wconf 86' lang='lat' dir='ltr'><strong>carne</strong></span> 
     </span>
    </p>
   </div>
   <div class='ocr_carea' id='block_1_42' title="bbox 437 2310 2012 2384">
    <p class='ocr_par' dir='ltr' id='par_1_42' title="bbox 437 2310 2012 2384">
     <span class='ocr_line' id='line_1_42' title="bbox 437 2310 2012 2384; baseline -0.005 -11"><span class='ocrx_word' id='word_1_308' title='bbox 437 2318 507 2375; x_wconf 83' lang='lat' dir='ltr'><strong>de</strong></span> <span class='ocrx_word' id='word_1_309' title='bbox 528 2316 771 2373; x_wconf 88' lang='lat' dir='ltr'><strong>hominis</strong></span> <span class='ocrx_word' id='word_1_310' title='bbox 791 2323 942 2371; x_wconf 87' lang='lat' dir='ltr'><strong>costa</strong></span> <span class='ocrx_word' id='word_1_311' title='bbox 956 2311 1192 2384; x_wconf 90' lang='lat' dir='ltr'><strong>quadam</strong></span> <span class='ocrx_word' id='word_1_312' title='bbox 1209 2319 1448 2381; x_wconf 90' lang='lat' dir='ltr'><strong>sumpta,</strong></span> <span class='ocrx_word' id='word_1_313' title='bbox 1467 2311 1726 2368; x_wconf 80' lang='lat' dir='ltr'><strong>feminam</strong></span> <span class='ocrx_word' id='word_1_314' title='bbox 1746 2310 2012 2376; x_wconf 89' lang='lat' dir='ltr'><strong>condidit,</strong></span> 
     </span>
    </p>
   </div>
   <div class='ocr_carea' id='block_1_43' title="bbox 438 2403 2019 2480">
    <p class='ocr_par' dir='ltr' id='par_1_43' title="bbox 438 2403 2019 2480">
     <span class='ocr_line' id='line_1_43' title="bbox 438 2403 2019 2480; baseline -0.005 -13"><span class='ocrx_word' id='word_1_315' title='bbox 438 2411 529 2467; x_wconf 86' lang='lat' dir='ltr'><strong>cui</strong></span> <span class='ocrx_word' id='word_1_316' title='bbox 549 2408 772 2480; x_wconf 84' lang='lat' dir='ltr'><strong>quidem</strong></span> <span class='ocrx_word' id='word_1_317' title='bbox 794 2405 1090 2463; x_wconf 74' lang='lat' dir='ltr'><strong>abAdamo</strong></span> <span class='ocrx_word' id='word_1_318' title='bbox 1111 2405 1236 2461; x_wconf 62' lang='lat' dir='ltr'><strong>Eva</strong></span> <span class='ocrx_word' id='word_1_319' title='bbox 1261 2418 1463 2460; x_wconf 85' lang='lat' dir='ltr'><strong>nomen</strong></span> <span class='ocrx_word' id='word_1_320' title='bbox 1487 2411 1574 2459; x_wconf 81' lang='lat' dir='ltr'><strong>est</strong></span> <span class='ocrx_word' id='word_1_321' title='bbox 1597 2403 1832 2459; x_wconf 88' lang='lat' dir='ltr'><strong>inditum</strong></span> <span class='ocrx_word' id='word_1_322' title='bbox 1874 2404 2019 2459; x_wconf 76' lang='lat' dir='ltr'><strong>Prae-</strong></span> 
     </span>
    </p>
   </div>
   <div class='ocr_carea' id='block_1_44' title="bbox 439 2495 2019 2572">
    <p class='ocr_par' dir='ltr' id='par_1_44' title="bbox 439 2495 2019 2572">
     <span class='ocr_line' id='line_1_44' title="bbox 439 2495 2019 2572; baseline -0.006 -15"><span class='ocrx_word' id='word_1_323' title='bbox 439 2501 661 2572; x_wconf 84' lang='lat' dir='ltr'><strong>scripsit</strong></span> <span class='ocrx_word' id='word_1_324' title='bbox 684 2510 868 2555; x_wconf 83' lang='lat' dir='ltr'><strong>autem</strong></span> <span class='ocrx_word' id='word_1_325' title='bbox 902 2497 1041 2569; x_wconf 87' lang='lat' dir='ltr'><strong>ipsis</strong></span> <span class='ocrx_word' id='word_1_326' title='bbox 1065 2496 1385 2552; x_wconf 84' lang='lat' dir='ltr'><strong>mandatum</strong></span> <span class='ocrx_word' id='word_1_327' title='bbox 1411 2495 1578 2560; x_wconf 87' lang='lat' dir='ltr'><strong>Deus,</strong></span> <span class='ocrx_word' id='word_1_328' title='bbox 1610 2496 1699 2551; x_wconf 90' lang='lat' dir='ltr'><strong>cui</strong></span> <span class='ocrx_word' id='word_1_329' title='bbox 1727 2496 1774 2551; x_wconf 90' lang='lat' dir='ltr'><strong>si</strong></span> <span class='ocrx_word' id='word_1_330' title='bbox 1804 2495 2019 2551; x_wconf 73' lang='lat' dir='ltr'><strong>obtein-</strong></span> 
     </span>
    </p>
   </div>
   <div class='ocr_carea' id='block_1_45' title="bbox 440 2586 2014 2665">
    <p class='ocr_par' dir='ltr' id='par_1_45' title="bbox 440 2586 2014 2665">
     <span class='ocr_line' id='line_1_45' title="bbox 440 2586 2014 2665; baseline -0.004 -17"><span class='ocrx_word' id='word_1_331' title='bbox 440 2600 722 2665; x_wconf 89' lang='lat' dir='ltr'><strong>perarent,</strong></span> <span class='ocrx_word' id='word_1_332' title='bbox 750 2592 931 2646; x_wconf 79' lang='lat' dir='ltr'><strong>salvos</strong></span> <span class='ocrx_word' id='word_1_333' title='bbox 951 2589 1104 2654; x_wconf 78' lang='lat' dir='ltr'><strong>fore,</strong></span> <span class='ocrx_word' id='word_1_334' title='bbox 1138 2588 1222 2643; x_wconf 91' lang='lat' dir='ltr'><strong>sin</strong></span> <span class='ocrx_word' id='word_1_335' title='bbox 1251 2596 1459 2653; x_wconf 87' lang='lat' dir='ltr'><strong>autem,</strong></span> <span class='ocrx_word' id='word_1_336' title='bbox 1480 2587 1780 2642; x_wconf 89' lang='lat' dir='ltr'><strong>morituros</strong></span> <span class='ocrx_word' id='word_1_337' title='bbox 1799 2586 2014 2642; x_wconf 87' lang='lat' dir='ltr'><strong>aiebat:</strong></span> 
     </span>
    </p>
   </div>
   <div class='ocr_carea' id='block_1_46' title="bbox 440 2676 2018 2756">
    <p class='ocr_par' dir='ltr' id='par_1_46' title="bbox 440 2676 2018 2756">
     <span class='ocr_line' id='line_1_46' title="bbox 440 2676 2018 2756; baseline -0.003 -18"><span class='ocrx_word' id='word_1_338' title='bbox 440 2681 589 2756; x_wconf 86' lang='lat' dir='ltr'><strong>quod</strong></span> <span class='ocrx_word' id='word_1_339' title='bbox 623 2696 747 2737; x_wconf 89' lang='lat' dir='ltr'><strong>cum</strong></span> <span class='ocrx_word' id='word_1_340' title='bbox 777 2680 857 2735; x_wconf 89' lang='lat' dir='ltr'><strong>illi</strong></span> <span class='ocrx_word' id='word_1_341' title='bbox 882 2694 995 2735; x_wconf 90' lang='lat' dir='ltr'><strong>non</strong></span> <span class='ocrx_word' id='word_1_342' title='bbox 1025 2678 1435 2748; x_wconf 82' lang='lat' dir='ltr'><strong>praestitissent,</strong></span> <span class='ocrx_word' id='word_1_343' title='bbox 1462 2677 1624 2749; x_wconf 86' lang='lat' dir='ltr'><strong>ejecti</strong></span> <span class='ocrx_word' id='word_1_344' title='bbox 1656 2676 1725 2733; x_wconf 90' lang='lat' dir='ltr'><strong>de</strong></span> <span class='ocrx_word' id='word_1_345' title='bbox 1755 2677 2018 2748; x_wconf 84' lang='lat' dir='ltr'><strong>paradiso</strong></span> 
     </span>
    </p>
   </div>
   <div class='ocr_carea' id='block_1_47' title="bbox 438 2768 2014 2837">
    <p class='ocr_par' dir='ltr' id='par_1_47' title="bbox 438 2768 2014 2837">
     <span class='ocr_line' id='line_1_47' title="bbox 438 2768 2014 2837; baseline -0.005 -7"><span class='ocrx_word' id='word_1_346' title='bbox 438 2772 687 2830; x_wconf 80' lang='lat' dir='ltr'><strong>fuerunt:</strong></span> <span class='ocrx_word' id='word_1_347' title='bbox 709 2770 873 2825; x_wconf 86' lang='lat' dir='ltr'><strong>simul</strong></span> <span class='ocrx_word' id='word_1_348' title='bbox 895 2770 1043 2824; x_wconf 90' lang='lat' dir='ltr'><strong>Deus</strong></span> <span class='ocrx_word' id='word_1_349' title='bbox 1061 2768 1364 2824; x_wconf 88' lang='lat' dir='ltr'><strong>humanum</strong></span> <span class='ocrx_word' id='word_1_350' title='bbox 1384 2782 1558 2837; x_wconf 88' lang='lat' dir='ltr'><strong>genus</strong></span> <span class='ocrx_word' id='word_1_351' title='bbox 1572 2778 1658 2822; x_wconf 90' lang='lat' dir='ltr'><strong>est</strong></span> <span class='ocrx_word' id='word_1_352' title='bbox 1676 2778 2014 2822; x_wconf 77' lang='lat' dir='ltr'><strong>exsecratus.</strong></span> 
     </span>
    </p>
   </div>
   <div class='ocr_carea' id='block_1_48' title="bbox 438 2858 2014 2936">
    <p class='ocr_par' dir='ltr' id='par_1_48' title="bbox 438 2858 2014 2936">
     <span class='ocr_line' id='line_1_48' title="bbox 438 2858 2014 2936; baseline -0.004 -17"><span class='ocrx_word' id='word_1_353' title='bbox 438 2863 653 2936; x_wconf 68' lang='lat' dir='ltr'><strong>Ejectis</strong></span> <span class='ocrx_word' id='word_1_354' title='bbox 688 2872 873 2917; x_wconf 89' lang='lat' dir='ltr'><strong>autem</strong></span> <span class='ocrx_word' id='word_1_355' title='bbox 900 2860 1055 2931; x_wconf 90' lang='lat' dir='ltr'><strong>ipsis,</strong></span> <span class='ocrx_word' id='word_1_356' title='bbox 1083 2858 1330 2915; x_wconf 76' lang='lat' dir='ltr'><strong>Adamus</strong></span> <span class='ocrx_word' id='word_1_357' title='bbox 1362 2873 1488 2914; x_wconf 88' lang='lat' dir='ltr'><strong>cum</strong></span> <span class='ocrx_word' id='word_1_358' title='bbox 1511 2860 1625 2916; x_wconf 88' lang='lat' dir='ltr'><strong>Eva</strong></span> <span class='ocrx_word' id='word_1_359' title='bbox 1656 2875 1771 2915; x_wconf 89' lang='lat' dir='ltr'><strong>rem</strong></span> <span class='ocrx_word' id='word_1_360' title='bbox 1796 2858 2014 2928; x_wconf 83' lang='lat' dir='ltr'><strong>habuit,</strong></span> 
     </span>
    </p>
   </div>
   <div class='ocr_carea' id='block_1_49' title="bbox 441 2950 2008 3026">
    <p class='ocr_par' dir='ltr' id='par_1_49' title="bbox 441 2950 2008 3026">
     <span class='ocr_line' id='line_1_49' title="bbox 441 2950 2008 3026; baseline -0.004 -15"><span class='ocrx_word' id='word_1_361' title='bbox 441 2956 634 3026; x_wconf 90' lang='lat' dir='ltr'><strong>eisque</strong></span> <span class='ocrx_word' id='word_1_362' title='bbox 664 2954 778 3009; x_wconf 91' lang='lat' dir='ltr'><strong>nati</strong></span> <span class='ocrx_word' id='word_1_363' title='bbox 811 2962 942 3008; x_wconf 89' lang='lat' dir='ltr'><strong>sunt</strong></span> <span class='ocrx_word' id='word_1_364' title='bbox 973 2960 1083 3007; x_wconf 90' lang='lat' dir='ltr'><strong>tres</strong></span> <span class='ocrx_word' id='word_1_365' title='bbox 1109 2950 1230 3016; x_wconf 81' lang='lat' dir='ltr'><strong>lilii,</strong></span> <span class='ocrx_word' id='word_1_366' title='bbox 1255 2950 1484 3014; x_wconf 82' lang='lat' dir='ltr'><strong>Gainus,</strong></span> <span class='ocrx_word' id='word_1_367' title='bbox 1518 2950 1744 3017; x_wconf 78' lang='lat' dir='ltr'><strong>Abelus,</strong></span> <span class='ocrx_word' id='word_1_368' title='bbox 1783 2950 2008 3007; x_wconf 87' lang='lat' dir='ltr'><strong>Sethus.</strong></span> 
     </span>
    </p>
   </div>
   <div class='ocr_carea' id='block_1_50' title="bbox 443 3040 2013 3114">
    <p class='ocr_par' dir='ltr' id='par_1_50' title="bbox 443 3040 2013 3114">
     <span class='ocr_line' id='line_1_50' title="bbox 443 3040 2013 3114; baseline -0.001 -15"><span class='ocrx_word' id='word_1_369' title='bbox 443 3044 540 3099; x_wconf 79' lang='lat' dir='ltr'><strong>His</strong></span> <span class='ocrx_word' id='word_1_370' title='bbox 572 3042 900 3114; x_wconf 81' lang='lat' dir='ltr'><strong>procreatis,</strong></span> <span class='ocrx_word' id='word_1_371' title='bbox 933 3040 1124 3112; x_wconf 88' lang='lat' dir='ltr'><strong>augeri</strong></span> <span class='ocrx_word' id='word_1_372' title='bbox 1158 3057 1331 3111; x_wconf 89' lang='lat' dir='ltr'><strong>genus</strong></span> <span class='ocrx_word' id='word_1_373' title='bbox 1364 3042 1665 3098; x_wconf 88' lang='lat' dir='ltr'><strong>humanum</strong></span> <span class='ocrx_word' id='word_1_374' title='bbox 1700 3043 1900 3113; x_wconf 71' lang='lat' dir='ltr'><strong>cmpit,</strong></span> <span class='ocrx_word' id='word_1_375' title='bbox 1948 3056 2013 3098; x_wconf 89' lang='lat' dir='ltr'><strong>ac</strong></span> 
     </span>
    </p>
   </div>
   <div class='ocr_carea' id='block_1_51' title="bbox 442 3128 2014 3199">
    <p class='ocr_par' dir='ltr' id='par_1_51' title="bbox 442 3128 2014 3199">
     <span class='ocr_line' id='line_1_51' title="bbox 442 3128 2014 3199; baseline -0.003 -12"><span class='ocrx_word' id='word_1_376' title='bbox 442 3131 737 3188; x_wconf 89' lang='lat' dir='ltr'><strong>Dominum</strong></span> <span class='ocrx_word' id='word_1_377' title='bbox 786 3130 1101 3186; x_wconf 79' lang='lat' dir='ltr'><strong>oll‘endere:</strong></span> <span class='ocrx_word' id='word_1_378' title='bbox 1152 3128 1247 3198; x_wconf 93' lang='lat' dir='ltr'><strong>qui</strong></span> <span class='ocrx_word' id='word_1_379' title='bbox 1282 3129 1506 3199; x_wconf 90' lang='lat' dir='ltr'><strong>quidem</strong></span> <span class='ocrx_word' id='word_1_380' title='bbox 1554 3128 1636 3184; x_wconf 88' lang='lat' dir='ltr'><strong>ira</strong></span> <span class='ocrx_word' id='word_1_381' title='bbox 1675 3137 2014 3194; x_wconf 90' lang='lat' dir='ltr'><strong>commotus,</strong></span> 
     </span>
    </p>
   </div>
   <div class='ocr_carea' id='block_1_52' title="bbox 442 3217 2016 3287">
    <p class='ocr_par' dir='ltr' id='par_1_52' title="bbox 442 3217 2016 3287">
     <span class='ocr_line' id='line_1_52' title="bbox 442 3217 2016 3287; baseline -0.001 -9"><span class='ocrx_word' id='word_1_382' title='bbox 442 3224 525 3279; x_wconf 89' lang='lat' dir='ltr'><strong>eis</strong></span> <span class='ocrx_word' id='word_1_383' title='bbox 559 3221 830 3280; x_wconf 80' lang='lat' dir='ltr'><strong>diluvium</strong></span> <span class='ocrx_word' id='word_1_384' title='bbox 862 3217 1110 3285; x_wconf 86' lang='lat' dir='ltr'><strong>immisit,</strong></span> <span class='ocrx_word' id='word_1_385' title='bbox 1142 3234 1174 3274; x_wconf 92' lang='lat' dir='ltr'><strong>e</strong></span> <span class='ocrx_word' id='word_1_386' title='bbox 1196 3232 1307 3287; x_wconf 91' lang='lat' dir='ltr'><strong>quo</strong></span> <span class='ocrx_word' id='word_1_387' title='bbox 1338 3220 1488 3276; x_wconf 86' lang='lat' dir='ltr'><strong>solus</strong></span> <span class='ocrx_word' id='word_1_388' title='bbox 1512 3218 1628 3275; x_wconf 80' lang='lat' dir='ltr'><strong>Noe</strong></span> <span class='ocrx_word' id='word_1_389' title='bbox 1658 3234 1784 3275; x_wconf 91' lang='lat' dir='ltr'><strong>cum</strong></span> <span class='ocrx_word' id='word_1_390' title='bbox 1820 3233 2016 3286; x_wconf 82' lang='lat' dir='ltr'><strong>uxore,</strong></span> 
     </span>
    </p>
   </div>
   <div class='ocr_carea' id='block_1_53' title="bbox 444 3312 2016 3379">
    <p class='ocr_par' dir='ltr' id='par_1_53' title="bbox 444 3312 2016 3379">
     <span class='ocr_line' id='line_1_53' title="bbox 444 3312 2016 3379; baseline -0.001 -10"><span class='ocrx_word' id='word_1_391' title='bbox 444 3314 624 3369; x_wconf 90' lang='lat' dir='ltr'><strong>tribus</strong></span> <span class='ocrx_word' id='word_1_392' title='bbox 640 3314 769 3369; x_wconf 76' lang='lat' dir='ltr'><strong>[iliis</strong></span> <span class='ocrx_word' id='word_1_393' title='bbox 782 3322 838 3369; x_wconf 87' lang='lat' dir='ltr'><strong>et</strong></span> <span class='ocrx_word' id='word_1_394' title='bbox 858 3328 1051 3369; x_wconf 90' lang='lat' dir='ltr'><strong>eorum</strong></span> <span class='ocrx_word' id='word_1_395' title='bbox 1069 3313 1357 3377; x_wconf 75' lang='lat' dir='ltr'><strong>uxoribus,</strong></span> <span class='ocrx_word' id='word_1_396' title='bbox 1375 3321 1500 3368; x_wconf 91' lang='lat' dir='ltr'><strong>octo</strong></span> <span class='ocrx_word' id='word_1_397' title='bbox 1516 3312 1725 3367; x_wconf 89' lang='lat' dir='ltr'><strong>scilicet</strong></span> <span class='ocrx_word' id='word_1_398' title='bbox 1740 3312 2016 3379; x_wconf 86' lang='lat' dir='ltr'><strong>homines,</strong></span> 
     </span>
    </p>
   </div>
   <div class='ocr_carea' id='block_1_54' title="bbox 445 3404 2018 3475">
    <p class='ocr_par' dir='ltr' id='par_1_54' title="bbox 445 3404 2018 3475">
     <span class='ocr_line' id='line_1_54' title="bbox 445 3404 2018 3475; baseline -0.001 -13"><span class='ocrx_word' id='word_1_399' title='bbox 445 3407 582 3463; x_wconf 84' lang='lat' dir='ltr'><strong>salvi</strong></span> <span class='ocrx_word' id='word_1_400' title='bbox 609 3415 925 3461; x_wconf 84' lang='lat' dir='ltr'><strong>evaserunt.</strong></span> <span class='ocrx_word' id='word_1_401' title='bbox 959 3406 1057 3461; x_wconf 83' lang='lat' dir='ltr'><strong>His</strong></span> <span class='ocrx_word' id='word_1_402' title='bbox 1085 3407 1339 3470; x_wconf 85' lang='lat' dir='ltr'><strong>servatis,</strong></span> <span class='ocrx_word' id='word_1_403' title='bbox 1376 3404 1576 3460; x_wconf 91' lang='lat' dir='ltr'><strong>iterum</strong></span> <span class='ocrx_word' id='word_1_404' title='bbox 1612 3419 1747 3475; x_wconf 89' lang='lat' dir='ltr'><strong>gens</strong></span> <span class='ocrx_word' id='word_1_405' title='bbox 1777 3406 2018 3460; x_wconf 87' lang='lat' dir='ltr'><strong>humana</strong></span> 
     </span>
    </p>
   </div>
   <div class='ocr_carea' id='block_1_55' title="bbox 444 3496 2019 3569">
    <p class='ocr_par' dir='ltr' id='par_1_55' title="bbox 444 3496 2019 3569">
     <span class='ocr_line' id='line_1_55' title="bbox 444 3496 2019 3569; baseline -0.002 -14"><span class='ocrx_word' id='word_1_406' title='bbox 444 3499 711 3564; x_wconf 78' lang='lat' dir='ltr'><strong>excrevit,</strong></span> <span class='ocrx_word' id='word_1_407' title='bbox 728 3514 1056 3569; x_wconf 86' lang='lat' dir='ltr'><strong>eoepereque</strong></span> <span class='ocrx_word' id='word_1_408' title='bbox 1067 3514 1263 3555; x_wconf 89' lang='lat' dir='ltr'><strong>rursus</strong></span> <span class='ocrx_word' id='word_1_409' title='bbox 1274 3499 1504 3553; x_wconf 88' lang='lat' dir='ltr'><strong>adorare</strong></span> <span class='ocrx_word' id='word_1_410' title='bbox 1528 3497 1839 3552; x_wconf 89' lang='lat' dir='ltr'><strong>simulacra.</strong></span> <span class='ocrx_word' id='word_1_411' title='bbox 1862 3496 2019 3552; x_wconf 88' lang='lat' dir='ltr'><strong>Tunc</strong></span> 
     </span>
    </p>
   </div>
   <div class='ocr_carea' id='block_1_56' title="bbox 446 3586 2019 3658">
    <p class='ocr_par' dir='ltr' id='par_1_56' title="bbox 446 3586 2019 3658">
     <span class='ocr_line' id='line_1_56' title="bbox 446 3586 2019 3658; baseline -0.004 -12"><span class='ocrx_word' id='word_1_412' title='bbox 446 3590 592 3646; x_wconf 86' lang='lat' dir='ltr'><strong>Deus</strong></span> <span class='ocrx_word' id='word_1_413' title='bbox 611 3590 665 3643; x_wconf 88' lang='lat' dir='ltr'><strong>in</strong></span> <span class='ocrx_word' id='word_1_414' title='bbox 686 3588 1061 3644; x_wconf 86' lang='lat' dir='ltr'><strong>Abrahamum</strong></span> <span class='ocrx_word' id='word_1_415' title='bbox 1077 3590 1536 3658; x_wconf 85' lang='lat' dir='ltr'><strong>conjeeitoculos,</strong></span> <span class='ocrx_word' id='word_1_416' title='bbox 1557 3587 1835 3643; x_wconf 87' lang='lat' dir='ltr'><strong>hominem</strong></span> <span class='ocrx_word' id='word_1_417' title='bbox 1856 3586 2019 3643; x_wconf 86' lang='lat' dir='ltr'><strong>Chal-</strong></span> 
     </span>
    </p>
   </div>
   <div class='ocr_carea' id='block_1_57' title="bbox 442 3679 2020 3752">
    <p class='ocr_par' dir='ltr' id='par_1_57' title="bbox 442 3679 2020 3752">
     <span class='ocr_line' id='line_1_57' title="bbox 442 3679 2020 3752; baseline -0.004 -13"><span class='ocrx_word' id='word_1_418' title='bbox 442 3683 646 3748; x_wconf 76' lang='lat' dir='ltr'><strong>dteum,</strong></span> <span class='ocrx_word' id='word_1_419' title='bbox 677 3681 1018 3738; x_wconf 87' lang='lat' dir='ltr'><strong>habitantem</strong></span> <span class='ocrx_word' id='word_1_420' title='bbox 1052 3685 1107 3736; x_wconf 87' lang='lat' dir='ltr'><strong>in</strong></span> <span class='ocrx_word' id='word_1_421' title='bbox 1142 3681 1554 3752; x_wconf 82' lang='lat' dir='ltr'><strong>Me50potamia.</strong></span> <span class='ocrx_word' id='word_1_422' title='bbox 1575 3680 1815 3744; x_wconf 77' lang='lat' dir='ltr'><strong>Discede,</strong></span> <span class='ocrx_word' id='word_1_423' title='bbox 1837 3679 2020 3750; x_wconf 83' lang='lat' dir='ltr'><strong>inquit</strong></span> 
     </span>
    </p>
   </div>
   <div class='ocr_carea' id='block_1_58' title="bbox 445 3775 2018 3846">
    <p class='ocr_par' dir='ltr' id='par_1_58' title="bbox 445 3775 2018 3846">
     <span class='ocr_line' id='line_1_58' title="bbox 445 3775 2018 3846; baseline -0.002 -14"><span class='ocrx_word' id='word_1_424' title='bbox 445 3792 572 3832; x_wconf 87' lang='lat' dir='ltr'><strong>eum</strong></span> <span class='ocrx_word' id='word_1_425' title='bbox 597 3775 901 3846; x_wconf 90' lang='lat' dir='ltr'><strong>appellans,</strong></span> <span class='ocrx_word' id='word_1_426' title='bbox 929 3793 962 3830; x_wconf 88' lang='lat' dir='ltr'><strong>a</strong></span> <span class='ocrx_word' id='word_1_427' title='bbox 993 3776 1230 3845; x_wconf 79' lang='lat' dir='ltr'><strong>cognatis</strong></span> <span class='ocrx_word' id='word_1_428' title='bbox 1255 3776 1356 3831; x_wconf 80' lang='lat' dir='ltr'><strong>tuis</strong></span> <span class='ocrx_word' id='word_1_429' title='bbox 1391 3784 1439 3829; x_wconf 88' lang='lat' dir='ltr'><strong>et</strong></span> <span class='ocrx_word' id='word_1_430' title='bbox 1464 3775 1644 3846; x_wconf 78' lang='lat' dir='ltr'><strong>patria</strong></span> <span class='ocrx_word' id='word_1_431' title='bbox 1670 3782 1786 3839; x_wconf 78' lang='lat' dir='ltr'><strong>tua,</strong></span> <span class='ocrx_word' id='word_1_432' title='bbox 1816 3776 1871 3828; x_wconf 83' lang='lat' dir='ltr'><strong>in</strong></span> <span class='ocrx_word' id='word_1_433' title='bbox 1899 3789 2018 3829; x_wconf 87' lang='lat' dir='ltr'><strong>eam</strong></span> 
     </span>
    </p>
   </div>
   <div class='ocr_carea' id='block_1_59' title="bbox 447 3865 2019 3939">
    <p class='ocr_par' dir='ltr' id='par_1_59' title="bbox 447 3865 2019 3939">
     <span class='ocr_line' id='line_1_59' title="bbox 447 3865 2019 3939; baseline -0.002 -15"><span class='ocrx_word' id='word_1_434' title='bbox 447 3869 714 3939; x_wconf 82' lang='lat' dir='ltr'><strong>regionem</strong></span> <span class='ocrx_word' id='word_1_435' title='bbox 745 3884 903 3938; x_wconf 85' lang='lat' dir='ltr'><strong>quam</strong></span> <span class='ocrx_word' id='word_1_436' title='bbox 937 3883 1031 3938; x_wconf 88' lang='lat' dir='ltr'><strong>ego</strong></span> <span class='ocrx_word' id='word_1_437' title='bbox 1066 3867 1160 3921; x_wconf 82' lang='lat' dir='ltr'><strong>tibi</strong></span> <span class='ocrx_word' id='word_1_438' title='bbox 1203 3870 1508 3922; x_wconf 79' lang='lat' dir='ltr'><strong>monstrabo</strong></span> <span class='ocrx_word' id='word_1_439' title='bbox 1536 3869 1577 3924; x_wconf 80' lang='grc'>⁸.</span> <span class='ocrx_word' id='word_1_440' title='bbox 1607 3865 1728 3932; x_wconf 84' lang='lat' dir='ltr'><strong>Quo</strong></span> <span class='ocrx_word' id='word_1_441' title='bbox 1765 3865 1894 3921; x_wconf 85' lang='lat' dir='ltr'><strong>inde</strong></span> <span class='ocrx_word' id='word_1_442' title='bbox 1933 3865 2019 3921; x_wconf 80' lang='lat' dir='ltr'><strong>di-</strong></span> 
     </span>
    </p>
   </div>
   <div class='ocr_carea' id='block_1_60' title="bbox 447 3948 2020 4028">
    <p class='ocr_par' dir='ltr' id='par_1_60' title="bbox 447 3948 2020 4028">
     <span class='ocr_line' id='line_1_60' title="bbox 447 3948 2020 4028; baseline 0 -17"><span class='ocrx_word' id='word_1_443' title='bbox 447 3971 654 4028; x_wconf 83' lang='lat' dir='ltr'><strong>gresso,</strong></span> <span class='ocrx_word' id='word_1_444' title='bbox 686 3956 833 4011; x_wconf 88' lang='lat' dir='ltr'><strong>Deus</strong></span> <span class='ocrx_word' id='word_1_445' title='bbox 853 3957 904 4010; x_wconf 89' lang='lat' dir='ltr'><strong>ei</strong></span> <span class='ocrx_word' id='word_1_446' title='bbox 931 3965 1134 4010; x_wconf 86' lang='lat' dir='ltr'><strong>terram</strong></span> <span class='ocrx_word' id='word_1_447' title='bbox 1148 3948 1511 4010; x_wconf 78' lang='lat' dir='ltr'><strong>Chananaeam</strong></span> <span class='ocrx_word' id='word_1_448' title='bbox 1537 3954 1654 4011; x_wconf 85' lang='lat' dir='ltr'><strong>sive</strong></span> <span class='ocrx_word' id='word_1_449' title='bbox 1675 3955 2020 4012; x_wconf 78' lang='lat' dir='ltr'><strong>Palaestinam</strong></span> 
     </span>
    </p>
   </div>
   <div class='ocr_carea' id='block_1_61' title="bbox 444 4045 2015 4118">
    <p class='ocr_par' dir='ltr' id='par_1_61' title="bbox 444 4045 2015 4118">
     <span class='ocr_line' id='line_1_61' title="bbox 444 4045 2015 4118; baseline -0.002 -13"><span class='ocrx_word' id='word_1_450' title='bbox 444 4047 707 4108; x_wconf 80' lang='lat' dir='ltr'><strong>ostendit.</strong></span> <span class='ocrx_word' id='word_1_451' title='bbox 745 4048 1034 4118; x_wconf 89' lang='lat' dir='ltr'><strong>inquiens:</strong></span> <span class='ocrx_word' id='word_1_452' title='bbox 1078 4045 1250 4118; x_wconf 78' lang='lat' dir='ltr'><strong>Hujus</strong></span> <span class='ocrx_word' id='word_1_453' title='bbox 1285 4063 1378 4118; x_wconf 87' lang='lat' dir='ltr'><strong>ego</strong></span> <span class='ocrx_word' id='word_1_454' title='bbox 1417 4055 1466 4100; x_wconf 87' lang='lat' dir='ltr'><strong>te</strong></span> <span class='ocrx_word' id='word_1_455' title='bbox 1496 4063 1848 4118; x_wconf 77' lang='lat' dir='ltr'><strong>possessorem</strong></span> <span class='ocrx_word' id='word_1_456' title='bbox 1888 4065 2015 4102; x_wconf 25' lang='lat' dir='ltr'><strong>conr-</strong></span> 
     </span>
    </p>
   </div>
   <div class='ocr_carea' id='block_1_62' title="bbox 442 4138 2017 4210">
    <p class='ocr_par' dir='ltr' id='par_1_62' title="bbox 442 4138 2017 4210">
     <span class='ocr_line' id='line_1_62' title="bbox 442 4138 2017 4210; baseline -0.002 -13"><span class='ocrx_word' id='word_1_457' title='bbox 442 4144 659 4198; x_wconf 83' lang='lat' dir='ltr'><strong>stituam</strong></span> <span class='ocrx_word' id='word_1_458' title='bbox 678 4144 718 4194; x_wconf 83' lang='lat'><strong>&#39;.</strong></span> <span class='ocrx_word' id='word_1_459' title='bbox 745 4141 805 4196; x_wconf 93' lang='lat' dir='ltr'><strong>ln</strong></span> <span class='ocrx_word' id='word_1_460' title='bbox 829 4140 933 4195; x_wconf 91' lang='lat' dir='ltr'><strong>hac</strong></span> <span class='ocrx_word' id='word_1_461' title='bbox 949 4139 1115 4210; x_wconf 85' lang='lat' dir='ltr'><strong>igitur</strong></span> <span class='ocrx_word' id='word_1_462' title='bbox 1139 4139 1360 4209; x_wconf 80' lang='lat' dir='ltr'><strong>regione</strong></span> <span class='ocrx_word' id='word_1_463' title='bbox 1390 4138 1738 4194; x_wconf 80' lang='lat' dir='ltr'><strong>Abrahamus</strong></span> <span class='ocrx_word' id='word_1_464' title='bbox 1768 4139 2017 4195; x_wconf 90' lang='lat' dir='ltr'><strong>lsaacum</strong></span> 
     </span>
    </p>
   </div>
   <div class='ocr_carea' id='block_1_63' title="bbox 442 4230 2016 4307">
    <p class='ocr_par' dir='ltr' id='par_1_63' title="bbox 442 4230 2016 4307">
     <span class='ocr_line' id='line_1_63' title="bbox 442 4230 2016 4307; baseline -0.002 -18"><span class='ocrx_word' id='word_1_465' title='bbox 442 4236 653 4307; x_wconf 87' lang='lat' dir='ltr'><strong>genuit,</strong></span> <span class='ocrx_word' id='word_1_466' title='bbox 686 4234 902 4290; x_wconf 86' lang='lat' dir='ltr'><strong>lsaacus</strong></span> <span class='ocrx_word' id='word_1_467' title='bbox 921 4230 1208 4295; x_wconf 80' lang='lat' dir='ltr'><strong>Jacobum,</strong></span> <span class='ocrx_word' id='word_1_468' title='bbox 1228 4230 1466 4287; x_wconf 71' lang='lat' dir='ltr'><strong>Iacobus</strong></span> <span class='ocrx_word' id='word_1_469' title='bbox 1497 4231 1563 4284; x_wconf 75' lang='lat'><strong>12</strong></span> <span class='ocrx_word' id='word_1_470' title='bbox 1589 4231 1751 4295; x_wconf 79' lang='lat' dir='ltr'><strong>ﬁlios,</strong></span> <span class='ocrx_word' id='word_1_471' title='bbox 1778 4247 2016 4303; x_wconf 90' lang='lat' dir='ltr'><strong>quorum</strong></span> 
     </span>
    </p>
   </div>
   <div class='ocr_carea' id='block_1_64' title="bbox 2113 1766 3550 1844">
    <p class='ocr_par' dir='ltr' id='par_1_64' title="bbox 2113 1766 3550 1844">
     <span class='ocr_line' id='line_1_64' title="bbox 2113 1766 3550 1844; baseline 0.006 -26"><span class='ocrx_word' id='word_1_472' title='bbox 2113 1767 2379 1839; x_wconf 70' lang='grc' dir='ltr'>πρότερον</span> <span class='ocrx_word' id='word_1_473' title='bbox 2408 1766 2676 1836; x_wconf 74' lang='grc' dir='ltr'>ἐγένοντο,</span> <span class='ocrx_word' id='word_1_474' title='bbox 2713 1768 2772 1821; x_wconf 75' lang='grc' dir='ltr'><strong>ἰν</strong></span> <span class='ocrx_word' id='word_1_475' title='bbox 2799 1770 2910 1834; x_wconf 74' lang='grc' dir='ltr'>τοῖς</span> <span class='ocrx_word' id='word_1_476' title='bbox 2939 1770 3137 1840; x_wconf 57' lang='grc' dir='ltr'>ἐφεξῆς</span> <span class='ocrx_word' id='word_1_477' title='bbox 3170 1772 3550 1844; x_wconf 72' lang='grc' dir='ltr'>μαθησόμεθα.</span> 
     </span>
    </p>
   </div>
   <div class='ocr_carea' id='block_1_65' title="bbox 2185 1941 3700 2024">
    <p class='ocr_par' dir='ltr' id='par_1_65' title="bbox 2185 1941 3700 2024">
     <span class='ocr_line' id='line_1_65' title="bbox 2185 1941 3700 2024; baseline 0.01 -30"><span class='ocrx_word' id='word_1_478' title='bbox 2185 1941 2357 1997; x_wconf 76' lang='grc' dir='ltr'>Τοῦτο</span> <span class='ocrx_word' id='word_1_479' title='bbox 2381 1941 2438 1995; x_wconf 75' lang='grc' dir='ltr'>δὲ</span> <span class='ocrx_word' id='word_1_480' title='bbox 2466 1942 2549 1995; x_wconf 67' lang='grc' dir='ltr'>δεῖ</span> <span class='ocrx_word' id='word_1_481' title='bbox 2574 1941 2805 2011; x_wconf 87' lang='grc' dir='ltr'>γνῶναι,</span> <span class='ocrx_word' id='word_1_482' title='bbox 2840 1944 2925 1997; x_wconf 78' lang='grc' dir='ltr'>ὅτι</span> <span class='ocrx_word' id='word_1_483' title='bbox 2953 1946 3010 1997; x_wconf 81' lang='grc' dir='ltr'><strong>ὲν</strong></span> <span class='ocrx_word' id='word_1_484' title='bbox 3046 1945 3105 2011; x_wconf 63' lang='grc' dir='ltr'><strong>ἐξ</strong></span> <span class='ocrx_word' id='word_1_485' title='bbox 3130 1946 3365 2020; x_wconf 73' lang='grc' dir='ltr'>ἡμέραις</span> <span class='ocrx_word' id='word_1_486' title='bbox 3390 1950 3648 2024; x_wconf 71' lang='grc' dir='ltr'>ἐποίησεν</span> <span class='ocrx_word' id='word_1_487' title='bbox 3666 1959 3700 2010; x_wconf 88' lang='lat'><strong>6</strong></span> 
     </span>
    </p>
   </div>
   <div class='ocr_carea' id='block_1_66' title="bbox 2114 2035 3682 2113">
    <p class='ocr_par' dir='ltr' id='par_1_66' title="bbox 2114 2035 3682 2113">
     <span class='ocr_line' id='line_1_66' title="bbox 2114 2035 3682 2113; baseline 0.006 -22"><span class='ocrx_word' id='word_1_488' title='bbox 2114 2035 2246 2099; x_wconf 69' lang='grc' dir='ltr'>Θεὸς</span> <span class='ocrx_word' id='word_1_489' title='bbox 2284 2035 2356 2090; x_wconf 75' lang='grc' dir='ltr'><strong>τὰ</strong></span> <span class='ocrx_word' id='word_1_490' title='bbox 2410 2037 2589 2091; x_wconf 80' lang='grc' dir='ltr'>πάντα</span> <span class='ocrx_word' id='word_1_491' title='bbox 2613 2054 2626 2067; x_wconf 87' lang='grc'><strong>·</strong></span> <span class='ocrx_word' id='word_1_492' title='bbox 2676 2039 2734 2091; x_wconf 79' lang='grc' dir='ltr'><strong>ἐν</strong></span> <span class='ocrx_word' id='word_1_493' title='bbox 2781 2039 2847 2109; x_wconf 77' lang='grc' dir='ltr'>τῇ</span> <span class='ocrx_word' id='word_1_494' title='bbox 2883 2038 3085 2111; x_wconf 79' lang='grc' dir='ltr'>ὑστέρᾳ</span> <span class='ocrx_word' id='word_1_495' title='bbox 3111 2040 3188 2105; x_wconf 69' lang='grc' dir='ltr'>δὲ,</span> <span class='ocrx_word' id='word_1_496' title='bbox 3228 2042 3455 2113; x_wconf 79' lang='grc' dir='ltr'>ἐποίησε</span> <span class='ocrx_word' id='word_1_497' title='bbox 3482 2044 3573 2099; x_wconf 72' lang='grc' dir='ltr'><strong>τὸν</strong></span> <span class='ocrx_word' id='word_1_498' title='bbox 3600 2046 3682 2103; x_wconf 66' lang='grc' dir='ltr'><strong>ἄνα</strong></span> 
     </span>
    </p>
   </div>
   <div class='ocr_carea' id='block_1_67' title="bbox 2115 2127 3700 2208">
    <p class='ocr_par' dir='ltr' id='par_1_67' title="bbox 2115 2127 3700 2208">
     <span class='ocr_line' id='line_1_67' title="bbox 2115 2127 3700 2208; baseline 0.008 -27"><span class='ocrx_word' id='word_1_499' title='bbox 2115 2127 2339 2198; x_wconf 68' lang='lat' dir='ltr'><strong>Optero</strong></span> <span class='ocrx_word' id='word_1_500' title='bbox 2367 2144 2380 2159; x_wconf 70' lang='grc' dir='ltr'><strong>ο</strong></span> <span class='ocrx_word' id='word_1_501' title='bbox 2416 2129 2515 2184; x_wconf 76' lang='grc' dir='ltr'><strong>καὶ</strong></span> <span class='ocrx_word' id='word_1_502' title='bbox 2544 2131 2778 2202; x_wconf 77' lang='grc' dir='ltr'>ποιήσας</span> <span class='ocrx_word' id='word_1_503' title='bbox 2805 2132 2988 2197; x_wconf 74' lang='grc' dir='ltr'>αὑτὸν,</span> <span class='ocrx_word' id='word_1_504' title='bbox 3008 2131 3163 2187; x_wconf 74' lang='grc' dir='ltr'>ἔθετο</span> <span class='ocrx_word' id='word_1_505' title='bbox 3190 2135 3355 2189; x_wconf 73' lang='grc' dir='ltr'>αὑτὸν</span> <span class='ocrx_word' id='word_1_506' title='bbox 3384 2138 3442 2188; x_wconf 77' lang='grc' dir='ltr'><strong>έν</strong></span> <span class='ocrx_word' id='word_1_507' title='bbox 3474 2136 3553 2208; x_wconf 84' lang='grc' dir='ltr'>τῷ</span> <span class='ocrx_word' id='word_1_508' title='bbox 3591 2157 3700 2193; x_wconf 85' lang='grc' dir='ltr'>πα-</span> 
     </span>
    </p>
   </div>
   <div class='ocr_carea' id='block_1_68' title="bbox 2121 2220 3699 2303">
    <p class='ocr_par' dir='ltr' id='par_1_68' title="bbox 2121 2220 3699 2303">
     <span class='ocr_line' id='line_1_68' title="bbox 2121 2220 3699 2303; baseline 0.011 -33"><span class='ocrx_word' id='word_1_509' title='bbox 2121 2220 2370 2291; x_wconf 85' lang='grc' dir='ltr'>ραδείσῳ.</span> <span class='ocrx_word' id='word_1_510' title='bbox 2407 2220 2472 2274; x_wconf 85' lang='grc' dir='ltr'><strong>Τί</strong></span> <span class='ocrx_word' id='word_1_511' title='bbox 2511 2221 2571 2275; x_wconf 81' lang='grc' dir='ltr'><strong>δέ</strong></span> <span class='ocrx_word' id='word_1_512' title='bbox 2614 2223 2761 2276; x_wconf 77' lang='grc' dir='ltr'>ἐστιν</span> <span class='ocrx_word' id='word_1_513' title='bbox 2798 2224 2828 2277; x_wconf 89' lang='lat'><strong>6</strong></span> <span class='ocrx_word' id='word_1_514' title='bbox 2871 2225 3228 2296; x_wconf 71' lang='grc' dir='ltr'>παράδεισος,</span> <span class='ocrx_word' id='word_1_515' title='bbox 3270 2227 3331 2280; x_wconf 71' lang='grc' dir='ltr'>έν</span> <span class='ocrx_word' id='word_1_516' title='bbox 3361 2231 3475 2293; x_wconf 72' lang='grc' dir='ltr'>τοῖς</span> <span class='ocrx_word' id='word_1_517' title='bbox 3498 2231 3699 2303; x_wconf 75' lang='grc' dir='ltr'>ἑφεξῆς</span> 
     </span>
    </p>
   </div>
   <div class='ocr_carea' id='block_1_69' title="bbox 2117 2310 3699 2390">
    <p class='ocr_par' dir='ltr' id='par_1_69' title="bbox 2117 2310 3699 2390">
     <span class='ocr_line' id='line_1_69' title="bbox 2117 2310 3699 2390; baseline 0.008 -27"><span class='ocrx_word' id='word_1_518' title='bbox 2117 2310 2465 2382; x_wconf 85' lang='grc' dir='ltr'>γνωσόμεθα.</span> <span class='ocrx_word' id='word_1_519' title='bbox 2500 2311 2697 2366; x_wconf 86' lang='grc' dir='ltr'>Λαϐὼν</span> <span class='ocrx_word' id='word_1_520' title='bbox 2720 2312 2776 2366; x_wconf 71' lang='grc' dir='ltr'>δὲ</span> <span class='ocrx_word' id='word_1_521' title='bbox 2810 2315 2844 2367; x_wconf 74' lang='lat'><strong>6</strong></span> <span class='ocrx_word' id='word_1_522' title='bbox 2867 2314 3002 2379; x_wconf 73' lang='grc' dir='ltr'>Θεὸς</span> <span class='ocrx_word' id='word_1_523' title='bbox 3032 2316 3095 2370; x_wconf 80' lang='grc' dir='ltr'><strong>ἐκ</strong></span> <span class='ocrx_word' id='word_1_524' title='bbox 3117 2318 3216 2389; x_wconf 81' lang='grc' dir='ltr'>τῆς</span> <span class='ocrx_word' id='word_1_525' title='bbox 3247 2322 3379 2390; x_wconf 80' lang='grc' dir='ltr'>μιᾶς</span> <span class='ocrx_word' id='word_1_526' title='bbox 3401 2321 3511 2375; x_wconf 89' lang='grc' dir='ltr'><strong>τῶν</strong></span> <span class='ocrx_word' id='word_1_527' title='bbox 3533 2322 3699 2376; x_wconf 84' lang='grc' dir='ltr'>πλευ-</span> 
     </span>
    </p>
   </div>
   <div class='ocr_carea' id='block_1_70' title="bbox 2120 2401 3699 2487">
    <p class='ocr_par' dir='ltr' id='par_1_70' title="bbox 2120 2401 3699 2487">
     <span class='ocr_line' id='line_1_70' title="bbox 2120 2401 3699 2487; baseline 0.009 -33"><span class='ocrx_word' id='word_1_528' title='bbox 2120 2401 2231 2472; x_wconf 85' lang='grc' dir='ltr'><strong>ρῶν</strong></span> <span class='ocrx_word' id='word_1_529' title='bbox 2256 2402 2421 2456; x_wconf 73' lang='grc' dir='ltr'>αύτού</span> <span class='ocrx_word' id='word_1_530' title='bbox 2454 2403 2655 2475; x_wconf 76' lang='grc' dir='ltr'>σάρκα,</span> <span class='ocrx_word' id='word_1_531' title='bbox 2696 2405 2922 2474; x_wconf 74' lang='grc' dir='ltr'>ἐποίησε</span> <span class='ocrx_word' id='word_1_532' title='bbox 2953 2410 3208 2475; x_wconf 79' lang='grc' dir='ltr'>γυναῖκα.</span> <span class='ocrx_word' id='word_1_533' title='bbox 3249 2411 3373 2482; x_wconf 74' lang='grc' dir='ltr'>ἥτις</span> <span class='ocrx_word' id='word_1_534' title='bbox 3404 2410 3699 2487; x_wconf 80' lang='grc' dir='ltr'><strong>ὠνομάσθη</strong></span> 
     </span>
    </p>
   </div>
   <div class='ocr_carea' id='block_1_71' title="bbox 2114 2490 3695 2579">
    <p class='ocr_par' dir='ltr' id='par_1_71' title="bbox 2114 2490 3695 2579">
     <span class='ocr_line' id='line_1_71' title="bbox 2114 2490 3695 2579; baseline 0.011 -35"><span class='ocrx_word' id='word_1_535' title='bbox 2114 2491 2226 2545; x_wconf 75' lang='grc' dir='ltr'>ἀπὸ</span> <span class='ocrx_word' id='word_1_536' title='bbox 2251 2490 2346 2545; x_wconf 80' lang='grc' dir='ltr'><strong>τοῦ</strong></span> <span class='ocrx_word' id='word_1_537' title='bbox 2382 2492 2551 2564; x_wconf 73' lang='grc' dir='ltr'>Ἀδὰμ</span> <span class='ocrx_word' id='word_1_538' title='bbox 2584 2492 2719 2550; x_wconf 81' lang='grc' dir='ltr'>Εὔα.</span> <span class='ocrx_word' id='word_1_539' title='bbox 2760 2496 3098 2553; x_wconf 79' lang='grc' dir='ltr'>Ἐνετείλατο</span> <span class='ocrx_word' id='word_1_540' title='bbox 3130 2501 3187 2555; x_wconf 77' lang='grc' dir='ltr'>δὲ</span> <span class='ocrx_word' id='word_1_541' title='bbox 3227 2502 3414 2568; x_wconf 86' lang='grc' dir='ltr'>αὐτοῖς</span> <span class='ocrx_word' id='word_1_542' title='bbox 3452 2505 3695 2579; x_wconf 74' lang='grc' dir='ltr'>ἐντολὴν,</span> 
     </span>
    </p>
   </div>
   <div class='ocr_carea' id='block_1_72' title="bbox 2118 2583 3697 2667">
    <p class='ocr_par' dir='ltr' id='par_1_72' title="bbox 2118 2583 3697 2667">
     <span class='ocr_line' id='line_1_72' title="bbox 2118 2583 3697 2667; baseline 0.01 -30"><span class='ocrx_word' id='word_1_543' title='bbox 2118 2583 2310 2649; x_wconf 69' lang='grc' dir='ltr'>εἰπὼν,</span> <span class='ocrx_word' id='word_1_544' title='bbox 2343 2585 2426 2638; x_wconf 83' lang='grc' dir='ltr'>ὄτι</span> <span class='ocrx_word' id='word_1_545' title='bbox 2451 2585 2513 2638; x_wconf 87' lang='grc' dir='ltr'>Εί</span> <span class='ocrx_word' id='word_1_546' title='bbox 2548 2586 2648 2657; x_wconf 83' lang='grc' dir='ltr'>μὲν</span> <span class='ocrx_word' id='word_1_547' title='bbox 2696 2587 2972 2659; x_wconf 77' lang='grc' dir='ltr'>φυλάξητε</span> <span class='ocrx_word' id='word_1_548' title='bbox 3007 2591 3198 2663; x_wconf 70' lang='grc' dir='ltr'>αὐτὴν,</span> <span class='ocrx_word' id='word_1_549' title='bbox 3232 2594 3547 2667; x_wconf 79' lang='grc' dir='ltr'>σωθήσεσθε</span> <span class='ocrx_word' id='word_1_550' title='bbox 3578 2615 3593 2630; x_wconf 77' lang='grc'><em>’</em></span> <span class='ocrx_word' id='word_1_551' title='bbox 3647 2601 3697 2653; x_wconf 76' lang='grc' dir='ltr'>ει</span> 
     </span>
    </p>
   </div>
   <div class='ocr_carea' id='block_1_73' title="bbox 2115 2676 3697 2761">
    <p class='ocr_par' dir='ltr' id='par_1_73' title="bbox 2115 2676 3697 2761">
     <span class='ocr_line' id='line_1_73' title="bbox 2115 2676 3697 2761; baseline 0.009 -32"><span class='ocrx_word' id='word_1_552' title='bbox 2115 2676 2175 2729; x_wconf 77' lang='grc' dir='ltr'>δὲ</span> <span class='ocrx_word' id='word_1_553' title='bbox 2210 2676 2374 2746; x_wconf 80' lang='grc' dir='ltr'>μήγε,</span> <span class='ocrx_word' id='word_1_554' title='bbox 2415 2677 2799 2735; x_wconf 84' lang='grc' dir='ltr'>ἀποθανεῖσθε.</span> <span class='ocrx_word' id='word_1_555' title='bbox 2840 2682 2951 2735; x_wconf 76' lang='grc' dir='ltr'><strong>Καὶ</strong></span> <span class='ocrx_word' id='word_1_556' title='bbox 2984 2683 3059 2754; x_wconf 83' lang='grc' dir='ltr'>μὴ</span> <span class='ocrx_word' id='word_1_557' title='bbox 3086 2685 3442 2753; x_wconf 81' lang='grc' dir='ltr'>φυλάξαντες,</span> <span class='ocrx_word' id='word_1_558' title='bbox 3474 2688 3697 2761; x_wconf 70' lang='grc' dir='ltr'>ἐξεϐλή-</span> 
     </span>
    </p>
   </div>
   <div class='ocr_carea' id='block_1_74' title="bbox 2121 2766 3699 2846">
    <p class='ocr_par' dir='ltr' id='par_1_74' title="bbox 2121 2766 3699 2846">
     <span class='ocr_line' id='line_1_74' title="bbox 2121 2766 3699 2846; baseline 0.01 -28"><span class='ocrx_word' id='word_1_559' title='bbox 2121 2766 2295 2836; x_wconf 80' lang='grc' dir='ltr'>θησαν</span> <span class='ocrx_word' id='word_1_560' title='bbox 2331 2769 2394 2820; x_wconf 81' lang='grc' dir='ltr'>έκ</span> <span class='ocrx_word' id='word_1_561' title='bbox 2437 2767 2532 2820; x_wconf 79' lang='grc' dir='ltr'>τοῦ</span> <span class='ocrx_word' id='word_1_562' title='bbox 2566 2768 2896 2839; x_wconf 84' lang='grc' dir='ltr'>παραδείσου</span> <span class='ocrx_word' id='word_1_563' title='bbox 2930 2788 2945 2803; x_wconf 76' lang='grc' dir='ltr'><strong><em>ο</em></strong></span> <span class='ocrx_word' id='word_1_564' title='bbox 2983 2774 3076 2826; x_wconf 74' lang='grc' dir='ltr'>καὶ</span> <span class='ocrx_word' id='word_1_565' title='bbox 3100 2775 3486 2846; x_wconf 75' lang='grc' dir='ltr'>έκατηράσατο</span> <span class='ocrx_word' id='word_1_566' title='bbox 3512 2781 3540 2831; x_wconf 90' lang='lat'><strong>6</strong></span> <span class='ocrx_word' id='word_1_567' title='bbox 3564 2779 3699 2843; x_wconf 79' lang='grc' dir='ltr'>Θεὸς</span> 
     </span>
    </p>
   </div>
   <div class='ocr_carea' id='block_1_75' title="bbox 2117 2857 3697 2937">
    <p class='ocr_par' dir='ltr' id='par_1_75' title="bbox 2117 2857 3697 2937">
     <span class='ocr_line' id='line_1_75' title="bbox 2117 2857 3697 2937; baseline 0.006 -26"><span class='ocrx_word' id='word_1_568' title='bbox 2117 2858 2180 2911; x_wconf 71' lang='grc' dir='ltr'>τὸ</span> <span class='ocrx_word' id='word_1_569' title='bbox 2210 2857 2547 2927; x_wconf 77' lang='grc' dir='ltr'>ἀνθρώπινον</span> <span class='ocrx_word' id='word_1_570' title='bbox 2575 2861 2750 2928; x_wconf 82' lang='grc' dir='ltr'>γένος.</span> <span class='ocrx_word' id='word_1_571' title='bbox 2791 2861 3193 2933; x_wconf 77' lang='grc' dir='ltr'>Ἐκϐληθέντων</span> <span class='ocrx_word' id='word_1_572' title='bbox 3233 2866 3291 2919; x_wconf 70' lang='grc' dir='ltr'>δὲ</span> <span class='ocrx_word' id='word_1_573' title='bbox 3334 2866 3514 2921; x_wconf 85' lang='grc' dir='ltr'>αὐτῶν</span> <span class='ocrx_word' id='word_1_574' title='bbox 3557 2869 3697 2937; x_wconf 76' lang='grc' dir='ltr'>ἔγνω</span> 
     </span>
    </p>
   </div>
   <div class='ocr_carea' id='block_1_76' title="bbox 2133 2949 3686 3026">
    <p class='ocr_par' dir='ltr' id='par_1_76' title="bbox 2133 2949 3686 3026">
     <span class='ocr_line' id='line_1_76' title="bbox 2133 2949 3686 3026; baseline 0.005 -22"><span class='ocrx_word' id='word_1_575' title='bbox 2133 2950 2302 3020; x_wconf 70' lang='grc' dir='ltr'>Ἀδὰμ</span> <span class='ocrx_word' id='word_1_576' title='bbox 2325 2951 2426 3024; x_wconf 79' lang='grc' dir='ltr'>τὴν</span> <span class='ocrx_word' id='word_1_577' title='bbox 2460 2949 2627 3020; x_wconf 76' lang='grc' dir='ltr'>Εὔαν,</span> <span class='ocrx_word' id='word_1_578' title='bbox 2679 2955 2770 3007; x_wconf 75' lang='grc' dir='ltr'><strong>καὶ</strong></span> <span class='ocrx_word' id='word_1_579' title='bbox 2811 2954 3057 3015; x_wconf 72' lang='grc' dir='ltr'>ἐγένοντο</span> <span class='ocrx_word' id='word_1_580' title='bbox 3110 2955 3296 3019; x_wconf 76' lang='grc' dir='ltr'>αὐτοῖς</span> <span class='ocrx_word' id='word_1_581' title='bbox 3336 2960 3487 3026; x_wconf 77' lang='grc' dir='ltr'>τρεῖς</span> <span class='ocrx_word' id='word_1_582' title='bbox 3541 2961 3686 3024; x_wconf 85' lang='grc' dir='ltr'>υίοὶ,</span> 
     </span>
    </p>
   </div>
   <div class='ocr_carea' id='block_1_77' title="bbox 2120 3040 3682 3117">
    <p class='ocr_par' dir='ltr' id='par_1_77' title="bbox 2120 3040 3682 3117">
     <span class='ocr_line' id='line_1_77' title="bbox 2120 3040 3682 3117; baseline 0.006 -25"><span class='ocrx_word' id='word_1_583' title='bbox 2120 3040 2282 3104; x_wconf 81' lang='grc' dir='ltr'>Κάῖν,</span> <span class='ocrx_word' id='word_1_584' title='bbox 2315 3042 2409 3095; x_wconf 81' lang='grc' dir='ltr'><strong>καὶ</strong></span> <span class='ocrx_word' id='word_1_585' title='bbox 2463 3042 2664 3106; x_wconf 74' lang='grc' dir='ltr'>Ἅϐελ,</span> <span class='ocrx_word' id='word_1_586' title='bbox 2710 3042 2800 3096; x_wconf 76' lang='grc' dir='ltr'><strong>καὶ</strong></span> <span class='ocrx_word' id='word_1_587' title='bbox 2843 3041 2976 3114; x_wconf 76' lang='grc' dir='ltr'>Σήθ.</span> <span class='ocrx_word' id='word_1_588' title='bbox 3021 3043 3241 3098; x_wconf 83' lang='grc' dir='ltr'>Τούτων</span> <span class='ocrx_word' id='word_1_589' title='bbox 3289 3046 3682 3117; x_wconf 79' lang='grc' dir='ltr'>γεννηθέντων,</span> 
     </span>
    </p>
   </div>
   <div class='ocr_carea' id='block_1_78' title="bbox 2119 3132 3683 3211">
    <p class='ocr_par' dir='ltr' id='par_1_78' title="bbox 2119 3132 3683 3211">
     <span class='ocr_line' id='line_1_78' title="bbox 2119 3132 3683 3211; baseline 0.006 -27"><span class='ocrx_word' id='word_1_590' title='bbox 2119 3132 2412 3187; x_wconf 75' lang='grc' dir='ltr'>ἐπλεόνασε</span> <span class='ocrx_word' id='word_1_591' title='bbox 2470 3133 2533 3187; x_wconf 81' lang='grc' dir='ltr'>τὸ</span> <span class='ocrx_word' id='word_1_592' title='bbox 2592 3134 2750 3204; x_wconf 89' lang='grc' dir='ltr'>γένος</span> <span class='ocrx_word' id='word_1_593' title='bbox 2790 3134 2895 3188; x_wconf 78' lang='grc' dir='ltr'><strong>τῶν</strong></span> <span class='ocrx_word' id='word_1_594' title='bbox 2946 3134 3276 3206; x_wconf 59' lang='grc' dir='ltr'>ἀνθρώπων</span> <span class='ocrx_word' id='word_1_595' title='bbox 3314 3138 3409 3190; x_wconf 67' lang='grc' dir='ltr'>καὶ</span> <span class='ocrx_word' id='word_1_596' title='bbox 3450 3139 3683 3211; x_wconf 68' lang='grc' dir='ltr'>ἤρξαντο</span> 
     </span>
    </p>
   </div>
   <div class='ocr_carea' id='block_1_79' title="bbox 2120 3224 3691 3301">
    <p class='ocr_par' dir='ltr' id='par_1_79' title="bbox 2120 3224 3691 3301">
     <span class='ocr_line' id='line_1_79' title="bbox 2120 3224 3691 3301; baseline 0.002 -21"><span class='ocrx_word' id='word_1_597' title='bbox 2120 3224 2584 3296; x_wconf 76' lang='grc' dir='ltr'>παραπικραίνειν</span> <span class='ocrx_word' id='word_1_598' title='bbox 2611 3224 2702 3279; x_wconf 85' lang='grc' dir='ltr'>τὸν</span> <span class='ocrx_word' id='word_1_599' title='bbox 2732 3224 2937 3294; x_wconf 82' lang='grc' dir='ltr'>Κύριον</span> <span class='ocrx_word' id='word_1_600' title='bbox 2964 3241 2980 3257; x_wconf 67' lang='grc' dir='ltr'>θ</span> <span class='ocrx_word' id='word_1_601' title='bbox 3026 3228 3054 3279; x_wconf 89' lang='lat'><strong>6</strong></span> <span class='ocrx_word' id='word_1_602' title='bbox 3081 3225 3138 3279; x_wconf 70' lang='grc' dir='ltr'>δὲ</span> <span class='ocrx_word' id='word_1_603' title='bbox 3177 3228 3473 3298; x_wconf 69' lang='grc' dir='ltr'>ἑργισθεὶς,</span> <span class='ocrx_word' id='word_1_604' title='bbox 3521 3230 3691 3301; x_wconf 74' lang='grc' dir='ltr'>έπεμ-</span> 
     </span>
    </p>
   </div>
   <div class='ocr_carea' id='block_1_80' title="bbox 2118 3313 3695 3393">
    <p class='ocr_par' dir='ltr' id='par_1_80' title="bbox 2118 3313 3695 3393">
     <span class='ocr_line' id='line_1_80' title="bbox 2118 3313 3695 3393; baseline 0.003 -23"><span class='ocrx_word' id='word_1_605' title='bbox 2118 3316 2220 3388; x_wconf 63' lang='grc' dir='ltr'>ψεν</span> <span class='ocrx_word' id='word_1_606' title='bbox 2258 3318 2440 3381; x_wconf 76' lang='grc' dir='ltr'>αὐτοῖς</span> <span class='ocrx_word' id='word_1_607' title='bbox 2471 3317 2562 3370; x_wconf 77' lang='grc' dir='ltr'>τὸν</span> <span class='ocrx_word' id='word_1_608' title='bbox 2604 3318 3012 3388; x_wconf 74' lang='grc' dir='ltr'>κατακλυσμὸν,</span> <span class='ocrx_word' id='word_1_609' title='bbox 3047 3318 3106 3384; x_wconf 71' lang='grc' dir='ltr'><strong>ἐξ</strong></span> <span class='ocrx_word' id='word_1_610' title='bbox 3149 3313 3212 3373; x_wconf 72' lang='grc' dir='ltr'><strong>οὗ</strong></span> <span class='ocrx_word' id='word_1_611' title='bbox 3255 3320 3410 3391; x_wconf 82' lang='grc' dir='ltr'>μόνος</span> <span class='ocrx_word' id='word_1_612' title='bbox 3439 3321 3620 3393; x_wconf 73' lang='grc' dir='ltr'>ἐσώθη</span> <span class='ocrx_word' id='word_1_613' title='bbox 3667 3326 3695 3376; x_wconf 80' lang='grc' dir='ltr'><strong>δ</strong></span> 
     </span>
    </p>
   </div>
   <div class='ocr_carea' id='block_1_81' title="bbox 2117 3408 3698 3481">
    <p class='ocr_par' dir='ltr' id='par_1_81' title="bbox 2117 3408 3698 3481">
     <span class='ocr_line' id='line_1_81' title="bbox 2117 3408 3698 3481; baseline 0.002 -18"><span class='ocrx_word' id='word_1_614' title='bbox 2117 3408 2263 3474; x_wconf 78' lang='grc' dir='ltr'>Νῶε,</span> <span class='ocrx_word' id='word_1_615' title='bbox 2307 3410 2401 3464; x_wconf 71' lang='grc' dir='ltr'><strong>καὶ</strong></span> <span class='ocrx_word' id='word_1_616' title='bbox 2434 3409 2644 3481; x_wconf 75' lang='grc' dir='ltr'>ήγυνὴ,</span> <span class='ocrx_word' id='word_1_617' title='bbox 2672 3410 2767 3464; x_wconf 78' lang='grc' dir='ltr'><strong>καὶ</strong></span> <span class='ocrx_word' id='word_1_618' title='bbox 2817 3411 2867 3463; x_wconf 82' lang='grc' dir='ltr'>οἱ</span> <span class='ocrx_word' id='word_1_619' title='bbox 2912 3412 3061 3480; x_wconf 85' lang='grc' dir='ltr'>τρεῖς</span> <span class='ocrx_word' id='word_1_620' title='bbox 3104 3411 3210 3463; x_wconf 81' lang='grc' dir='ltr'>υἱοὶ</span> <span class='ocrx_word' id='word_1_621' title='bbox 3255 3411 3442 3480; x_wconf 80' lang='grc' dir='ltr'>αὐτοῦ,</span> <span class='ocrx_word' id='word_1_622' title='bbox 3498 3416 3593 3467; x_wconf 77' lang='grc' dir='ltr'><strong>καὶ</strong></span> <span class='ocrx_word' id='word_1_623' title='bbox 3639 3416 3698 3468; x_wconf 82' lang='grc' dir='ltr'>αι</span> 
     </span>
    </p>
   </div>
   <div class='ocr_carea' id='block_1_82' title="bbox 2119 3500 3694 3571">
    <p class='ocr_par' dir='ltr' id='par_1_82' title="bbox 2119 3500 3694 3571">
     <span class='ocr_line' id='line_1_82' title="bbox 2119 3500 3694 3571; baseline 0.004 -19"><span class='ocrx_word' id='word_1_624' title='bbox 2119 3501 2378 3571; x_wconf 79' lang='grc' dir='ltr'>γυναῐκες</span> <span class='ocrx_word' id='word_1_625' title='bbox 2401 3500 2602 3567; x_wconf 84' lang='grc' dir='ltr'>αὐτῶν,</span> <span class='ocrx_word' id='word_1_626' title='bbox 2630 3503 2679 3554; x_wconf 82' lang='lat' dir='ltr'><strong>oi</strong></span> <span class='ocrx_word' id='word_1_627' title='bbox 2718 3501 2920 3565; x_wconf 75' lang='grc' dir='ltr'>πάντες</span> <span class='ocrx_word' id='word_1_628' title='bbox 2946 3501 3110 3555; x_wconf 76' lang='grc' dir='ltr'>ὀκτώ.</span> <span class='ocrx_word' id='word_1_629' title='bbox 3144 3503 3359 3557; x_wconf 80' lang='grc' dir='ltr'>Τούτων</span> <span class='ocrx_word' id='word_1_630' title='bbox 3390 3504 3694 3571; x_wconf 79' lang='grc' dir='ltr'>σωθέντων,</span> 
     </span>
    </p>
   </div>
   <div class='ocr_carea' id='block_1_83' title="bbox 2120 3592 3700 3671">
    <p class='ocr_par' dir='ltr' id='par_1_83' title="bbox 2120 3592 3700 3671">
     <span class='ocr_line' id='line_1_83' title="bbox 2120 3592 3700 3671; baseline 0.004 -25"><span class='ocrx_word' id='word_1_631' title='bbox 2120 3592 2284 3647; x_wconf 76' lang='grc' dir='ltr'>πάλιν</span> <span class='ocrx_word' id='word_1_632' title='bbox 2337 3593 2663 3648; x_wconf 77' lang='grc' dir='ltr'>ἐπλεόνασεν</span> <span class='ocrx_word' id='word_1_633' title='bbox 2699 3596 2732 3665; x_wconf 77' lang='grc' dir='ltr'><strong>ἡ</strong></span> <span class='ocrx_word' id='word_1_634' title='bbox 2766 3593 3084 3671; x_wconf 63' lang='grc' dir='ltr'>ἀνθρωπίνη</span> <span class='ocrx_word' id='word_1_635' title='bbox 3128 3597 3312 3665; x_wconf 77' lang='grc' dir='ltr'>γενεὰ,</span> <span class='ocrx_word' id='word_1_636' title='bbox 3347 3598 3441 3651; x_wconf 72' lang='grc' dir='ltr'><strong>καὶ</strong></span> <span class='ocrx_word' id='word_1_637' title='bbox 3465 3598 3700 3671; x_wconf 65' lang='grc' dir='ltr'>ἧρξαντο</span> 
     </span>
    </p>
   </div>
   <div class='ocr_carea' id='block_1_84' title="bbox 2121 3669 3699 3759">
    <p class='ocr_par' dir='ltr' id='par_1_84' title="bbox 2121 3669 3699 3759">
     <span class='ocr_line' id='line_1_84' title="bbox 2121 3669 3699 3759; baseline 0.004 -22"><span class='ocrx_word' id='word_1_638' title='bbox 2121 3683 2285 3739; x_wconf 78' lang='grc' dir='ltr'>πάλιν</span> <span class='ocrx_word' id='word_1_639' title='bbox 2334 3683 2576 3748; x_wconf 81' lang='grc' dir='ltr'>εἰδώλοις</span> <span class='ocrx_word' id='word_1_640' title='bbox 2626 3686 2975 3755; x_wconf 76' lang='grc' dir='ltr'>προσκυνεῖν.</span> <span class='ocrx_word' id='word_1_641' title='bbox 3006 3669 3127 3739; x_wconf 65' lang='grc' dir='ltr'><strong>’Καὶ</strong></span> <span class='ocrx_word' id='word_1_642' title='bbox 3175 3688 3295 3740; x_wconf 89' lang='grc' dir='ltr'>τότε</span> <span class='ocrx_word' id='word_1_643' title='bbox 3349 3669 3699 3759; x_wconf 69' lang='grc' dir='ltr'>έπέῦλειιιενό</span> 
     </span>
    </p>
   </div>
   <div class='ocr_carea' id='block_1_85' title="bbox 2118 3774 3697 3851">
    <p class='ocr_par' dir='ltr' id='par_1_85' title="bbox 2118 3774 3697 3851">
     <span class='ocr_line' id='line_1_85' title="bbox 2118 3774 3697 3851; baseline 0.003 -20"><span class='ocrx_word' id='word_1_644' title='bbox 2118 3775 2250 3840; x_wconf 78' lang='grc' dir='ltr'>Θεὸς</span> <span class='ocrx_word' id='word_1_645' title='bbox 2269 3777 2350 3841; x_wconf 82' lang='grc' dir='ltr'><strong>είς</strong></span> <span class='ocrx_word' id='word_1_646' title='bbox 2375 3776 2467 3831; x_wconf 77' lang='grc' dir='ltr'>τὸν</span> <span class='ocrx_word' id='word_1_647' title='bbox 2512 3774 2785 3849; x_wconf 69' lang='grc' dir='ltr'>Ἀϐραὰμ,</span> <span class='ocrx_word' id='word_1_648' title='bbox 2814 3776 2982 3849; x_wconf 78' lang='grc' dir='ltr'>ἄνδρα</span> <span class='ocrx_word' id='word_1_649' title='bbox 3002 3778 3287 3841; x_wconf 84' lang='grc' dir='ltr'>Χαλδαῖον,</span> <span class='ocrx_word' id='word_1_650' title='bbox 3317 3779 3418 3851; x_wconf 83' lang='grc' dir='ltr'>τῆς</span> <span class='ocrx_word' id='word_1_651' title='bbox 3443 3782 3697 3835; x_wconf 78' lang='grc' dir='ltr'>Μεσοπο-</span> 
     </span>
    </p>
   </div>
   <div class='ocr_carea' id='block_1_86' title="bbox 2100 3864 3699 3941">
    <p class='ocr_par' dir='ltr' id='par_1_86' title="bbox 2100 3864 3699 3941">
     <span class='ocr_line' id='line_1_86' title="bbox 2100 3864 3699 3941; baseline 0.002 -18"><span class='ocrx_word' id='word_1_652' title='bbox 2100 3868 2321 3939; x_wconf 57' lang='grc' dir='ltr'>ταμίας</span> <span class='ocrx_word' id='word_1_653' title='bbox 2358 3867 2563 3940; x_wconf 80' lang='grc' dir='ltr'>χώρας,</span> <span class='ocrx_word' id='word_1_654' title='bbox 2600 3868 2695 3922; x_wconf 70' lang='grc' dir='ltr'><strong>καὶ</strong></span> <span class='ocrx_word' id='word_1_655' title='bbox 2746 3864 2900 3922; x_wconf 76' lang='grc' dir='ltr'>εἶπεν</span> <span class='ocrx_word' id='word_1_656' title='bbox 2936 3868 3085 3940; x_wconf 80' lang='grc' dir='ltr'>αὐτῷ</span> <span class='ocrx_word' id='word_1_657' title='bbox 3111 3885 3126 3901; x_wconf 72' lang='grc' dir='ltr'><strong>ο</strong></span> <span class='ocrx_word' id='word_1_658' title='bbox 3165 3869 3418 3935; x_wconf 73' lang='grc' dir='ltr'>Ἔξελθε</span> <span class='ocrx_word' id='word_1_659' title='bbox 3468 3871 3537 3925; x_wconf 76' lang='grc' dir='ltr'><strong>ἐκ</strong></span> <span class='ocrx_word' id='word_1_660' title='bbox 3587 3870 3699 3941; x_wconf 80' lang='grc' dir='ltr'>τῆς</span> 
     </span>
    </p>
   </div>
   <div class='ocr_carea' id='block_1_87' title="bbox 2119 3957 3696 4032">
    <p class='ocr_par' dir='ltr' id='par_1_87' title="bbox 2119 3957 3696 4032">
     <span class='ocr_line' id='line_1_87' title="bbox 2119 3957 3696 4032; baseline 0.002 -17"><span class='ocrx_word' id='word_1_661' title='bbox 2119 3960 2480 4029; x_wconf 75' lang='grc' dir='ltr'>συγγενείας</span> <span class='ocrx_word' id='word_1_662' title='bbox 2507 3974 2645 4022; x_wconf 79' lang='grc' dir='ltr'>σου,</span> <span class='ocrx_word' id='word_1_663' title='bbox 2679 3961 2775 4015; x_wconf 74' lang='grc' dir='ltr'><strong>καὶ</strong></span> <span class='ocrx_word' id='word_1_664' title='bbox 2817 3959 2929 4029; x_wconf 83' lang='grc' dir='ltr'>τῆς</span> <span class='ocrx_word' id='word_1_665' title='bbox 2963 3957 3075 4031; x_wconf 78' lang='grc' dir='ltr'>γῆς</span> <span class='ocrx_word' id='word_1_666' title='bbox 3107 3976 3245 4028; x_wconf 80' lang='grc' dir='ltr'>σου,</span> <span class='ocrx_word' id='word_1_667' title='bbox 3277 3961 3374 4016; x_wconf 78' lang='grc' dir='ltr'>καί</span> <span class='ocrx_word' id='word_1_668' title='bbox 3404 3961 3580 4032; x_wconf 79' lang='grc' dir='ltr'>δεῦρο</span> <span class='ocrx_word' id='word_1_669' title='bbox 3610 3966 3696 4031; x_wconf 79' lang='grc' dir='ltr'><strong>εις</strong></span> 
     </span>
    </p>
   </div>
   <div class='ocr_carea' id='block_1_88' title="bbox 2118 4050 3698 4124">
    <p class='ocr_par' dir='ltr' id='par_1_88' title="bbox 2118 4050 3698 4124">
     <span class='ocr_line' id='line_1_88' title="bbox 2118 4050 3698 4124; baseline 0 -19"><span class='ocrx_word' id='word_1_670' title='bbox 2118 4052 2237 4124; x_wconf 69' lang='grc' dir='ltr'><strong>γῆν</strong></span> <span class='ocrx_word' id='word_1_671' title='bbox 2276 4050 2359 4122; x_wconf 68' lang='grc' dir='ltr'><strong>ἢν</strong></span> <span class='ocrx_word' id='word_1_672' title='bbox 2389 4054 2503 4124; x_wconf 75' lang='grc' dir='ltr'><strong>ἐγὼ</strong></span> <span class='ocrx_word' id='word_1_673' title='bbox 2551 4068 2652 4107; x_wconf 84' lang='grc' dir='ltr'><strong>σοι</strong></span> <span class='ocrx_word' id='word_1_674' title='bbox 2694 4051 2893 4116; x_wconf 80' lang='grc' dir='ltr'>δείξω.</span> <span class='ocrx_word' id='word_1_675' title='bbox 2935 4051 3046 4104; x_wconf 75' lang='grc' dir='ltr'><strong>Καὶ</strong></span> <span class='ocrx_word' id='word_1_676' title='bbox 3085 4050 3299 4119; x_wconf 75' lang='grc' dir='ltr'>ἐξῆλθε,</span> <span class='ocrx_word' id='word_1_677' title='bbox 3357 4053 3454 4105; x_wconf 75' lang='grc' dir='ltr'><strong>καὶ</strong></span> <span class='ocrx_word' id='word_1_678' title='bbox 3496 4052 3698 4117; x_wconf 75' lang='grc' dir='ltr'>ἔδειξεν</span> 
     </span>
    </p>
   </div>
   <div class='ocr_carea' id='block_1_89' title="bbox 2116 4142 3702 4217">
    <p class='ocr_par' dir='ltr' id='par_1_89' title="bbox 2116 4142 3702 4217">
     <span class='ocr_line' id='line_1_89' title="bbox 2116 4142 3702 4217; baseline 0.001 -19"><span class='ocrx_word' id='word_1_679' title='bbox 2116 4145 2269 4217; x_wconf 80' lang='grc' dir='ltr'>αύτῷ</span> <span class='ocrx_word' id='word_1_680' title='bbox 2296 4148 2326 4200; x_wconf 88' lang='lat'><strong>6</strong></span> <span class='ocrx_word' id='word_1_681' title='bbox 2357 4144 2488 4208; x_wconf 81' lang='grc' dir='ltr'>Θεδς</span> <span class='ocrx_word' id='word_1_682' title='bbox 2518 4144 2617 4213; x_wconf 80' lang='grc' dir='ltr'>τὴν</span> <span class='ocrx_word' id='word_1_683' title='bbox 2637 4143 2742 4214; x_wconf 78' lang='grc' dir='ltr'><strong>γῆν</strong></span> <span class='ocrx_word' id='word_1_684' title='bbox 2768 4146 2869 4213; x_wconf 76' lang='grc' dir='ltr'>τῆς</span> <span class='ocrx_word' id='word_1_685' title='bbox 2895 4142 3231 4207; x_wconf 80' lang='grc' dir='ltr'>Χαναναίας,</span> <span class='ocrx_word' id='word_1_686' title='bbox 3265 4144 3383 4213; x_wconf 70' lang='grc' dir='ltr'>ἦτοι</span> <span class='ocrx_word' id='word_1_687' title='bbox 3408 4144 3702 4199; x_wconf 78' lang='grc' dir='ltr'>Παλαιστί-</span> 
     </span>
    </p>
   </div>
   <div class='ocr_carea' id='block_1_90' title="bbox 2117 4220 3700 4308">
    <p class='ocr_par' dir='ltr' id='par_1_90' title="bbox 2117 4220 3700 4308">
     <span class='ocr_line' id='line_1_90' title="bbox 2117 4220 3700 4308; baseline -0.001 -16"><span class='ocrx_word' id='word_1_688' title='bbox 2117 4254 2236 4308; x_wconf 80' lang='grc' dir='ltr'>νης,</span> <span class='ocrx_word' id='word_1_689' title='bbox 2273 4237 2443 4307; x_wconf 73' lang='grc' dir='ltr'>είπὼν</span> <span class='ocrx_word' id='word_1_690' title='bbox 2481 4236 2635 4307; x_wconf 75' lang='grc' dir='ltr'>αὐτῷ</span> <span class='ocrx_word' id='word_1_691' title='bbox 2669 4252 2683 4267; x_wconf 75' lang='grc' dir='ltr'><strong>ο</strong></span> <span class='ocrx_word' id='word_1_692' title='bbox 2724 4237 2949 4303; x_wconf 82' lang='grc' dir='ltr'>Ταύτης</span> <span class='ocrx_word' id='word_1_693' title='bbox 2975 4220 3055 4290; x_wconf 65' lang='lat' dir='ltr'><strong>13&#39;s</strong></span> <span class='ocrx_word' id='word_1_694' title='bbox 3087 4235 3452 4304; x_wconf 74' lang='grc' dir='ltr'>καταστήσω</span> <span class='ocrx_word' id='word_1_695' title='bbox 3483 4240 3700 4305; x_wconf 68' lang='grc' dir='ltr'>κληρο-</span> 
     </span>
    </p>
   </div>
   <div class='ocr_carea' id='block_1_91' title="bbox 444 4322 2012 4404">
    <p class='ocr_par' dir='ltr' id='par_1_91' title="bbox 444 4322 2012 4395">
     <span class='ocr_line' id='line_1_91' title="bbox 444 4322 2012 4395; baseline 0.002 -16"><span class='ocrx_word' id='word_1_696' title='bbox 444 4339 588 4381; x_wconf 87' lang='lat' dir='ltr'><strong>unus</strong></span> <span class='ocrx_word' id='word_1_697' title='bbox 616 4333 736 4381; x_wconf 89' lang='lat' dir='ltr'><strong>erat</strong></span> <span class='ocrx_word' id='word_1_698' title='bbox 759 4324 951 4380; x_wconf 80' lang='lat' dir='ltr'><strong>ludas.</strong></span> <span class='ocrx_word' id='word_1_699' title='bbox 986 4322 1052 4378; x_wconf 90' lang='lat' dir='ltr'><strong>lli</strong></span> <span class='ocrx_word' id='word_1_700' title='bbox 1086 4330 1215 4378; x_wconf 92' lang='lat' dir='ltr'><strong>sunt</strong></span> <span class='ocrx_word' id='word_1_701' title='bbox 1242 4322 1321 4378; x_wconf 90' lang='lat' dir='ltr'><strong>illi</strong></span> <span class='ocrx_word' id='word_1_702' title='bbox 1353 4324 1418 4378; x_wconf 71' lang='lat'><strong>12</strong></span> <span class='ocrx_word' id='word_1_703' title='bbox 1445 4322 1789 4394; x_wconf 75' lang='lat' dir='ltr'><strong>patriarchae,</strong></span> <span class='ocrx_word' id='word_1_704' title='bbox 1814 4324 2012 4395; x_wconf 87' lang='lat' dir='ltr'><strong>quibus</strong></span> 
     </span>
    </p>
   </div>
   <div class='ocr_carea' id='block_1_92' title="bbox 2116 4322 3698 4404">
    <p class='ocr_par' dir='ltr' id='par_1_92' title="bbox 2118 4324 3698 4400">
     <span class='ocr_line' id='line_1_92' title="bbox 2118 4324 3698 4400; baseline -0.003 -15"><span class='ocrx_word' id='word_1_705' title='bbox 2118 4330 2328 4399; x_wconf 74' lang='grc' dir='ltr'>νόμον.</span> <span class='ocrx_word' id='word_1_706' title='bbox 2400 4329 2723 4399; x_wconf 77' lang='grc' dir='ltr'>Ἐγέννησεν</span> <span class='ocrx_word' id='word_1_707' title='bbox 2769 4324 2861 4382; x_wconf 72' lang='grc' dir='ltr'>οὖν</span> <span class='ocrx_word' id='word_1_708' title='bbox 2895 4332 2952 4381; x_wconf 82' lang='grc' dir='ltr'>ἐν</span> <span class='ocrx_word' id='word_1_709' title='bbox 2989 4331 3057 4400; x_wconf 82' lang='grc' dir='ltr'><strong>τῇ</strong></span> <span class='ocrx_word' id='word_1_710' title='bbox 3100 4332 3171 4398; x_wconf 77' lang='grc' dir='ltr'>γῇ</span> <span class='ocrx_word' id='word_1_711' title='bbox 3216 4330 3246 4382; x_wconf 92' lang='lat'><strong>6</strong></span> <span class='ocrx_word' id='word_1_712' title='bbox 3305 4328 3556 4399; x_wconf 78' lang='grc' dir='ltr'>Ἀϐραὰμ</span> <span class='ocrx_word' id='word_1_713' title='bbox 3603 4333 3698 4381; x_wconf 75' lang='grc' dir='ltr'>τὸν</span> 
     </span>
    </p>
   </div>
   <div class='ocr_carea' id='block_1_93' title="bbox 443 4414 2017 4487">
    <p class='ocr_par' dir='ltr' id='par_1_93' title="bbox 443 4414 2017 4487">
     <span class='ocr_line' id='line_1_93' title="bbox 443 4414 2017 4487; baseline 0.001 -16"><span class='ocrx_word' id='word_1_714' title='bbox 443 4416 548 4472; x_wconf 83' lang='lat' dir='ltr'><strong>hoc</strong></span> <span class='ocrx_word' id='word_1_715' title='bbox 570 4432 772 4473; x_wconf 84' lang='lat' dir='ltr'><strong>nomen</strong></span> <span class='ocrx_word' id='word_1_716' title='bbox 804 4432 869 4471; x_wconf 79' lang='lat' dir='ltr'><strong>ex</strong></span> <span class='ocrx_word' id='word_1_717' title='bbox 888 4431 953 4470; x_wconf 91' lang='lat' dir='ltr'><strong>co</strong></span> <span class='ocrx_word' id='word_1_718' title='bbox 983 4414 1195 4478; x_wconf 86' lang='lat' dir='ltr'><strong>datum.</strong></span> <span class='ocrx_word' id='word_1_719' title='bbox 1226 4415 1375 4484; x_wconf 89' lang='lat' dir='ltr'><strong>quod</strong></span> <span class='ocrx_word' id='word_1_720' title='bbox 1398 4416 1463 4471; x_wconf 72' lang='lat' dir='ltr'><strong>l9.</strong></span> <span class='ocrx_word' id='word_1_721' title='bbox 1493 4415 1747 4472; x_wconf 83' lang='lat' dir='ltr'><strong>tribubus</strong></span> <span class='ocrx_word' id='word_1_722' title='bbox 1775 4418 2017 4487; x_wconf 86' lang='lat' dir='ltr'><strong>appella-</strong></span> 
     </span>
    </p>
   </div>
   <div class='ocr_carea' id='block_1_94' title="bbox 372 4504 2017 4583">
    <p class='ocr_par' dir='ltr' id='par_1_94' title="bbox 372 4504 2017 4583">
     <span class='ocr_line' id='line_1_94' title="bbox 372 4504 2017 4583; baseline -0.001 -17"><span class='ocrx_word' id='word_1_723' title='bbox 372 4566 387 4583; x_wconf 53' lang='lat'><strong>,</strong></span> <span class='ocrx_word' id='word_1_724' title='bbox 442 4511 624 4566; x_wconf 90' lang='lat' dir='ltr'><strong>tiones</strong></span> <span class='ocrx_word' id='word_1_725' title='bbox 666 4508 940 4564; x_wconf 84' lang='lat' dir='ltr'><strong>dederint.</strong></span> <span class='ocrx_word' id='word_1_726' title='bbox 988 4506 1339 4563; x_wconf 82' lang='lat' dir='ltr'><strong>Vocabautur</strong></span> <span class='ocrx_word' id='word_1_727' title='bbox 1384 4516 1569 4563; x_wconf 88' lang='lat' dir='ltr'><strong>autem</strong></span> <span class='ocrx_word' id='word_1_728' title='bbox 1617 4504 1909 4573; x_wconf 74' lang='lat' dir='ltr'><strong>lsraeliLe,</strong></span> <span class='ocrx_word' id='word_1_729' title='bbox 1960 4520 2017 4565; x_wconf 88' lang='lat' dir='ltr'><strong>et</strong></span> 
     </span>
    </p>
   </div>
   <div class='ocr_carea' id='block_1_95' title="bbox 442 4598 2015 4670">
    <p class='ocr_par' dir='ltr' id='par_1_95' title="bbox 442 4598 2015 4670">
     <span class='ocr_line' id='line_1_95' title="bbox 442 4598 2015 4670; baseline -0.002 -11"><span class='ocrx_word' id='word_1_730' title='bbox 442 4600 691 4667; x_wconf 60' lang='lat' dir='ltr'><strong>Hebraei,</strong></span> <span class='ocrx_word' id='word_1_731' title='bbox 731 4610 787 4655; x_wconf 88' lang='lat' dir='ltr'><strong>et</strong></span> <span class='ocrx_word' id='word_1_732' title='bbox 826 4598 1028 4665; x_wconf 73' lang='lat' dir='ltr'><strong>Judaei;</strong></span> <span class='ocrx_word' id='word_1_733' title='bbox 1079 4613 1317 4669; x_wconf 87' lang='lat' dir='ltr'><strong>quorum</strong></span> <span class='ocrx_word' id='word_1_734' title='bbox 1362 4600 1648 4655; x_wconf 88' lang='lat' dir='ltr'><strong>nominum</strong></span> <span class='ocrx_word' id='word_1_735' title='bbox 1697 4600 1935 4670; x_wconf 89' lang='lat' dir='ltr'><strong>primum</strong></span> <span class='ocrx_word' id='word_1_736' title='bbox 1984 4615 2015 4656; x_wconf 92' lang='lat' dir='ltr'><strong>a</strong></span> 
     </span>
    </p>
   </div>
   <div class='ocr_carea' id='block_1_96' title="bbox 438 4692 2013 4765">
    <p class='ocr_par' dir='ltr' id='par_1_96' title="bbox 438 4692 2013 4765">
     <span class='ocr_line' id='line_1_96' title="bbox 438 4692 2013 4765; baseline -0.002 -11"><span class='ocrx_word' id='word_1_737' title='bbox 438 4697 642 4754; x_wconf 84' lang='lat' dir='ltr'><strong>Jacubo</strong></span> <span class='ocrx_word' id='word_1_738' title='bbox 669 4696 812 4750; x_wconf 89' lang='lat' dir='ltr'><strong>nacti</strong></span> <span class='ocrx_word' id='word_1_739' title='bbox 849 4701 1007 4760; x_wconf 88' lang='lat' dir='ltr'><strong>sunt;</strong></span> <span class='ocrx_word' id='word_1_740' title='bbox 1054 4692 1143 4746; x_wconf 90' lang='lat' dir='ltr'><strong>cui</strong></span> <span class='ocrx_word' id='word_1_741' title='bbox 1177 4692 1322 4748; x_wconf 89' lang='lat' dir='ltr'><strong>Deus</strong></span> <span class='ocrx_word' id='word_1_742' title='bbox 1353 4694 1651 4765; x_wconf 89' lang='lat' dir='ltr'><strong>aliquando</strong></span> <span class='ocrx_word' id='word_1_743' title='bbox 1684 4696 1856 4750; x_wconf 76' lang='lat' dir='ltr'><strong>dixit:</strong></span> <span class='ocrx_word' id='word_1_744' title='bbox 1896 4693 2013 4751; x_wconf 85' lang='lat' dir='ltr'><strong>Non</strong></span> 
     </span>
    </p>
   </div>
   <div class='ocr_carea' id='block_1_97' title="bbox 434 4786 2015 4859">
    <p class='ocr_par' dir='ltr' id='par_1_97' title="bbox 434 4786 2015 4859">
     <span class='ocr_line' id='line_1_97' title="bbox 434 4786 2015 4859; baseline -0.001 -14"><span class='ocrx_word' id='word_1_745' title='bbox 434 4786 659 4846; x_wconf 66' lang='lat' dir='ltr'><strong>Iacobus</strong></span> <span class='ocrx_word' id='word_1_746' title='bbox 706 4787 1065 4859; x_wconf 82' lang='lat' dir='ltr'><strong>appellabere.</strong></span> <span class='ocrx_word' id='word_1_747' title='bbox 1101 4789 1196 4841; x_wconf 79' lang='lat' dir='ltr'><strong>sed</strong></span> <span class='ocrx_word' id='word_1_748' title='bbox 1239 4787 1473 4842; x_wconf 71' lang='lat' dir='ltr'><strong>Israelita</strong></span> <span class='ocrx_word' id='word_1_749' title='bbox 1500 4790 1540 4853; x_wconf 84' lang='grc'>³,</span> <span class='ocrx_word' id='word_1_750' title='bbox 1587 4788 1640 4843; x_wconf 89' lang='lat' dir='ltr'><strong>id</strong></span> <span class='ocrx_word' id='word_1_751' title='bbox 1684 4797 1802 4853; x_wconf 86' lang='lat' dir='ltr'><strong>est,</strong></span> <span class='ocrx_word' id='word_1_752' title='bbox 1855 4805 2015 4845; x_wconf 89' lang='lat' dir='ltr'><strong>mens</strong></span> 
     </span>
    </p>
   </div>
   <div class='ocr_carea' id='block_1_98' title="bbox 437 4880 2013 4953">
    <p class='ocr_par' dir='ltr' id='par_1_98' title="bbox 437 4880 2013 4953">
     <span class='ocr_line' id='line_1_98' title="bbox 437 4880 2013 4953; baseline 0.001 -17"><span class='ocrx_word' id='word_1_753' title='bbox 437 4882 607 4936; x_wconf 89' lang='lat' dir='ltr'><strong>Deum</strong></span> <span class='ocrx_word' id='word_1_754' title='bbox 622 4882 914 4951; x_wconf 87' lang='lat' dir='ltr'><strong>aspiciens.</strong></span> <span class='ocrx_word' id='word_1_755' title='bbox 963 4880 1154 4953; x_wconf 84' lang='lat' dir='ltr'><strong>Itaque</strong></span> <span class='ocrx_word' id='word_1_756' title='bbox 1190 4898 1219 4937; x_wconf 91' lang='lat' dir='ltr'><strong>a</strong></span> <span class='ocrx_word' id='word_1_757' title='bbox 1240 4882 1451 4941; x_wconf 73' lang='lat' dir='ltr'><strong>Iacobo</strong></span> <span class='ocrx_word' id='word_1_758' title='bbox 1472 4882 1562 4937; x_wconf 92' lang='lat' dir='ltr'><strong>cui</strong></span> <span class='ocrx_word' id='word_1_759' title='bbox 1586 4890 2013 4950; x_wconf 83' lang='lat' dir='ltr'><strong>cognomentum</strong></span> 
     </span>
    </p>
   </div>
   <div class='ocr_carea' id='block_1_99' title="bbox 436 4956 2010 5042">
    <p class='ocr_par' dir='ltr' id='par_1_99' title="bbox 436 4956 2010 5042">
     <span class='ocr_line' id='line_1_99' title="bbox 436 4956 2010 5042; baseline 0 -13"><span class='ocrx_word' id='word_1_760' title='bbox 436 4966 626 5029; x_wconf 81' lang='lat' dir='ltr'><strong>lsraeli</strong></span> <span class='ocrx_word' id='word_1_761' title='bbox 657 4971 867 5038; x_wconf 86' lang='lat' dir='ltr'><strong>datum,</strong></span> <span class='ocrx_word' id='word_1_762' title='bbox 894 4972 1155 5031; x_wconf 66' lang='lat' dir='ltr'><strong>Israelita</strong></span> <span class='ocrx_word' id='word_1_763' title='bbox 1180 4972 1583 5042; x_wconf 75' lang='lat' dir='ltr'><strong>dicti;llebr:ei</strong></span> <span class='ocrx_word' id='word_1_764' title='bbox 1612 4989 1768 5040; x_wconf 78' lang='lat' dir='ltr'><strong>vero,</strong></span> <span class='ocrx_word' id='word_1_765' title='bbox 1795 4973 1864 5028; x_wconf 86' lang='lat' dir='ltr'><strong>ab</strong></span> <span class='ocrx_word' id='word_1_766' title='bbox 1897 4956 2010 5029; x_wconf 77' lang='lat' dir='ltr'><strong>uno</strong></span> 
     </span>
    </p>
   </div>
   <div class='ocr_carea' id='block_1_100' title="bbox 436 5060 2007 5135">
    <p class='ocr_par' dir='ltr' id='par_1_100' title="bbox 436 5060 2007 5135">
     <span class='ocr_line' id='line_1_100' title="bbox 436 5060 2007 5135; baseline 0.003 -18"><span class='ocrx_word' id='word_1_767' title='bbox 436 5061 506 5119; x_wconf 84' lang='lat' dir='ltr'><strong>de</strong></span> <span class='ocrx_word' id='word_1_768' title='bbox 537 5062 831 5118; x_wconf 75' lang='lat' dir='ltr'><strong>Abrahami</strong></span> <span class='ocrx_word' id='word_1_769' title='bbox 862 5065 1086 5135; x_wconf 84' lang='lat' dir='ltr'><strong>proavis</strong></span> <span class='ocrx_word' id='word_1_770' title='bbox 1112 5064 1350 5122; x_wconf 90' lang='lat' dir='ltr'><strong>llebero.</strong></span> <span class='ocrx_word' id='word_1_771' title='bbox 1382 5060 1556 5123; x_wconf 71' lang='lat' dir='ltr'><strong>Judaei</strong></span> <span class='ocrx_word' id='word_1_772' title='bbox 1588 5064 1827 5135; x_wconf 85' lang='lat' dir='ltr'><strong>denique</strong></span> <span class='ocrx_word' id='word_1_773' title='bbox 1853 5065 2007 5122; x_wconf 82' lang='lat' dir='ltr'><strong>dice-</strong></span> 
     </span>
    </p>
   </div>
   <div class='ocr_carea' id='block_1_101' title="bbox 436 5152 2015 5228">
    <p class='ocr_par' dir='ltr' id='par_1_101' title="bbox 436 5152 2015 5228">
     <span class='ocr_line' id='line_1_101' title="bbox 436 5152 2015 5228; baseline 0.002 -19"><span class='ocrx_word' id='word_1_774' title='bbox 436 5152 659 5220; x_wconf 86' lang='lat' dir='ltr'><strong>bantur,</strong></span> <span class='ocrx_word' id='word_1_775' title='bbox 682 5168 795 5211; x_wconf 89' lang='lat' dir='ltr'><strong>non</strong></span> <span class='ocrx_word' id='word_1_776' title='bbox 815 5158 1039 5228; x_wconf 90' lang='lat' dir='ltr'><strong>proprie</strong></span> <span class='ocrx_word' id='word_1_777' title='bbox 1058 5156 1303 5211; x_wconf 82' lang='lat' dir='ltr'><strong>universi</strong></span> <span class='ocrx_word' id='word_1_778' title='bbox 1325 5197 1339 5220; x_wconf 89' lang='lat'><strong>,</strong></span> <span class='ocrx_word' id='word_1_779' title='bbox 1366 5154 1462 5211; x_wconf 88' lang='lat' dir='ltr'><strong>sed</strong></span> <span class='ocrx_word' id='word_1_780' title='bbox 1473 5163 1749 5226; x_wconf 80' lang='lat' dir='ltr'><strong>quotquot</strong></span> <span class='ocrx_word' id='word_1_781' title='bbox 1768 5170 1835 5210; x_wconf 80' lang='lat' dir='ltr'><strong>ex</strong></span> <span class='ocrx_word' id='word_1_782' title='bbox 1854 5155 2015 5212; x_wconf 67' lang='lat' dir='ltr'><strong>Judte</strong></span> 
     </span>
    </p>
   </div>
   <div class='ocr_carea' id='block_1_102' title="bbox 436 5242 2010 5319">
    <p class='ocr_par' dir='ltr' id='par_1_102' title="bbox 436 5242 2010 5319">
     <span class='ocr_line' id='line_1_102' title="bbox 436 5242 2010 5319; baseline 0.003 -18"><span class='ocrx_word' id='word_1_783' title='bbox 436 5242 584 5301; x_wconf 87' lang='lat' dir='ltr'><strong>tribu</strong></span> <span class='ocrx_word' id='word_1_784' title='bbox 612 5246 885 5319; x_wconf 86' lang='lat' dir='ltr'><strong>originem</strong></span> <span class='ocrx_word' id='word_1_785' title='bbox 909 5249 1219 5306; x_wconf 85' lang='lat' dir='ltr'><strong>ducebant:</strong></span> <span class='ocrx_word' id='word_1_786' title='bbox 1269 5246 1637 5303; x_wconf 84' lang='lat' dir='ltr'><strong>nihilominus</strong></span> <span class='ocrx_word' id='word_1_787' title='bbox 1668 5253 1726 5303; x_wconf 88' lang='lat' dir='ltr'><strong>et</strong></span> <span class='ocrx_word' id='word_1_788' title='bbox 1750 5246 1873 5304; x_wconf 89' lang='lat' dir='ltr'><strong>aliis</strong></span> <span class='ocrx_word' id='word_1_789' title='bbox 1903 5247 2010 5306; x_wconf 87' lang='lat' dir='ltr'><strong>hoc</strong></span> 
     </span>
    </p>
   </div>
   <div class='ocr_carea' id='block_1_103' title="bbox 433 5336 2011 5420">
    <p class='ocr_par' dir='ltr' id='par_1_103' title="bbox 433 5336 2011 5420">
     <span class='ocr_line' id='line_1_103' title="bbox 433 5336 2011 5420; baseline 0.004 -28"><span class='ocrx_word' id='word_1_790' title='bbox 433 5344 635 5393; x_wconf 81' lang='lat' dir='ltr'><strong>nomen</strong></span> <span class='ocrx_word' id='word_1_791' title='bbox 668 5339 897 5420; x_wconf 71' lang='lat' dir='ltr'><strong>abusive</strong></span> <span class='ocrx_word' id='word_1_792' title='bbox 931 5339 1284 5396; x_wconf 85' lang='lat' dir='ltr'><strong>tribuebatur</strong></span> <span class='ocrx_word' id='word_1_793' title='bbox 1331 5353 1400 5393; x_wconf 82' lang='lat' dir='ltr'><strong>ex</strong></span> <span class='ocrx_word' id='word_1_794' title='bbox 1426 5352 1493 5395; x_wconf 85' lang='lat' dir='ltr'><strong>ea</strong></span> <span class='ocrx_word' id='word_1_795' title='bbox 1528 5352 1725 5405; x_wconf 87' lang='lat' dir='ltr'><strong>causa,</strong></span> <span class='ocrx_word' id='word_1_796' title='bbox 1761 5336 1908 5411; x_wconf 85' lang='lat' dir='ltr'><strong>quod</strong></span> <span class='ocrx_word' id='word_1_797' title='bbox 1939 5354 2011 5398; x_wconf 76' lang='lat' dir='ltr'><strong>ex</strong></span> 
     </span>
    </p>
   </div>
   <div class='ocr_carea' id='block_1_104' title="bbox 434 5424 1273 5506">
    <p class='ocr_par' dir='ltr' id='par_1_104' title="bbox 434 5424 1273 5506">
     <span class='ocr_line' id='line_1_104' title="bbox 434 5424 1273 5506; baseline 0.001 -20"><span class='ocrx_word' id='word_1_798' title='bbox 434 5424 529 5486; x_wconf 83' lang='lat' dir='ltr'><strong>Illa</strong></span> <span class='ocrx_word' id='word_1_799' title='bbox 560 5431 711 5489; x_wconf 88' lang='lat' dir='ltr'><strong>tribu</strong></span> <span class='ocrx_word' id='word_1_800' title='bbox 734 5442 896 5506; x_wconf 80' lang='lat' dir='ltr'><strong>reges</strong></span> <span class='ocrx_word' id='word_1_801' title='bbox 918 5434 1273 5489; x_wconf 86' lang='lat' dir='ltr'><strong>creabantur.</strong></span> 
     </span>
    </p>
   </div>
   <div class='ocr_carea' id='block_1_105' title="bbox 506 5604 2016 5677">
    <p class='ocr_par' dir='ltr' id='par_1_105' title="bbox 506 5604 2016 5677">
     <span class='ocr_line' id='line_1_105' title="bbox 506 5604 2016 5677; baseline -0.001 -12"><span class='ocrx_word' id='word_1_802' title='bbox 506 5604 688 5665; x_wconf 64' lang='grc' dir='ltr'>ἀτη.</span> <span class='ocrx_word' id='word_1_803' title='bbox 725 5622 819 5677; x_wconf 79' lang='grc' dir='ltr'>ιιι,</span> <span class='ocrx_word' id='word_1_804' title='bbox 857 5608 906 5663; x_wconf 79' lang='lat' dir='ltr'><strong>l.</strong></span> <span class='ocrx_word' id='word_1_805' title='bbox 983 5606 1162 5664; x_wconf 81' lang='lat' dir='ltr'><strong>&#39;ibid.</strong></span> <span class='ocrx_word' id='word_1_806' title='bbox 1193 5610 1245 5664; x_wconf 85' lang='lat'><strong>7.</strong></span> <span class='ocrx_word' id='word_1_807' title='bbox 1321 5608 1499 5665; x_wconf 77' lang='lat' dir='ltr'><strong>&#39;Gen.</strong></span> <span class='ocrx_word' id='word_1_808' title='bbox 1559 5624 1718 5677; x_wconf 56' lang='lat' dir='ltr'><strong>xxxv,</strong></span> <span class='ocrx_word' id='word_1_809' title='bbox 1775 5607 1897 5664; x_wconf 73' lang='lat' dir='ltr'><strong>lO.’</strong></span> <span class='ocrx_word' id='word_1_810' title='bbox 1988 5604 2016 5618; x_wconf 70' lang='grc'><strong><em>““</em></strong></span> 
     </span>
    </p>
   </div>
   <div class='ocr_carea' id='block_1_106' title="bbox 445 5702 467 5731">
    <p class='ocr_par' dir='ltr' id='par_1_106' title="bbox 445 5702 467 5731">
     <span class='ocr_line' id='line_1_106' title="bbox 445 5702 467 5731; baseline 0 0"><span class='ocrx_word' id='word_1_811' title='bbox 445 5702 467 5731; x_wconf 72' lang='grc' dir='ltr'><strong>ι</strong></span> 
     </span>
    </p>
   </div>
   <div class='ocr_carea' id='block_1_107' title="bbox 2133 4419 3695 4488">
    <p class='ocr_par' dir='ltr' id='par_1_107' title="bbox 2133 4419 3695 4488">
     <span class='ocr_line' id='line_1_107' title="bbox 2133 4419 3695 4488; baseline -0.001 -13"><span class='ocrx_word' id='word_1_812' title='bbox 2133 4420 2339 4485; x_wconf 77' lang='grc' dir='ltr'>Ἰσαὰκ,</span> <span class='ocrx_word' id='word_1_813' title='bbox 2374 4423 2401 4475; x_wconf 87' lang='lat'><strong>6</strong></span> <span class='ocrx_word' id='word_1_814' title='bbox 2435 4422 2489 4476; x_wconf 72' lang='grc' dir='ltr'>δὲ</span> <span class='ocrx_word' id='word_1_815' title='bbox 2529 4422 2737 4485; x_wconf 71' lang='grc' dir='ltr'>Ἰσαὰκ,</span> <span class='ocrx_word' id='word_1_816' title='bbox 2763 4420 2856 4475; x_wconf 70' lang='grc' dir='ltr'><strong>τὸν</strong></span> <span class='ocrx_word' id='word_1_817' title='bbox 2896 4419 3134 4475; x_wconf 77' lang='grc' dir='ltr'><strong>Ἰακὼϐσο</strong></span> <span class='ocrx_word' id='word_1_818' title='bbox 3171 4421 3199 4473; x_wconf 81' lang='lat'><strong>6</strong></span> <span class='ocrx_word' id='word_1_819' title='bbox 3226 4420 3287 4473; x_wconf 69' lang='grc' dir='ltr'>δὲ</span> <span class='ocrx_word' id='word_1_820' title='bbox 3323 4419 3518 4473; x_wconf 81' lang='grc' dir='ltr'>Ἰακὼϐ</span> <span class='ocrx_word' id='word_1_821' title='bbox 3543 4422 3695 4488; x_wconf 77' lang='grc' dir='ltr'>ἐγέν-</span> 
     </span>
    </p>
   </div>
   <div class='ocr_carea' id='block_1_108' title="bbox 2118 4504 3695 4584">
    <p class='ocr_par' dir='ltr' id='par_1_108' title="bbox 2118 4504 3695 4584">
     <span class='ocr_line' id='line_1_108' title="bbox 2118 4504 3695 4584; baseline 0 -18"><span class='ocrx_word' id='word_1_822' title='bbox 2118 4530 2247 4584; x_wconf 84' lang='grc' dir='ltr'>νησε</span> <span class='ocrx_word' id='word_1_823' title='bbox 2277 4514 2343 4583; x_wconf 72' lang='grc' dir='ltr'><strong>ιβ’</strong></span> <span class='ocrx_word' id='word_1_824' title='bbox 2375 4513 2566 4577; x_wconf 84' lang='grc' dir='ltr'>τέκνα,</span> <span class='ocrx_word' id='word_1_825' title='bbox 2590 4506 2663 4566; x_wconf 82' lang='grc' dir='ltr'><strong>ὧν</strong></span> <span class='ocrx_word' id='word_1_826' title='bbox 2696 4508 2774 4575; x_wconf 77' lang='grc' dir='ltr'>εἷς</span> <span class='ocrx_word' id='word_1_827' title='bbox 2816 4509 2882 4582; x_wconf 74' lang='grc' dir='ltr'><strong>ἦν</strong></span> <span class='ocrx_word' id='word_1_828' title='bbox 2915 4513 2942 4565; x_wconf 88' lang='lat'><strong>6</strong></span> <span class='ocrx_word' id='word_1_829' title='bbox 2983 4511 3209 4576; x_wconf 81' lang='grc' dir='ltr'>Ἰούδας.</span> <span class='ocrx_word' id='word_1_830' title='bbox 3255 4504 3414 4566; x_wconf 77' lang='grc' dir='ltr'>Οὗτοι</span> <span class='ocrx_word' id='word_1_831' title='bbox 3461 4507 3601 4583; x_wconf 71' lang='grc' dir='ltr'>ἦσαν</span> <span class='ocrx_word' id='word_1_832' title='bbox 3645 4514 3695 4566; x_wconf 79' lang='grc' dir='ltr'>οι</span> 
     </span>
    </p>
   </div>
   <div class='ocr_carea' id='block_1_109' title="bbox 2120 4605 3694 4680">
    <p class='ocr_par' dir='ltr' id='par_1_109' title="bbox 2120 4605 3694 4680">
     <span class='ocr_line' id='line_1_109' title="bbox 2120 4605 3694 4680; baseline -0.001 -20"><span class='ocrx_word' id='word_1_833' title='bbox 2120 4606 2187 4680; x_wconf 83' lang='grc' dir='ltr'><strong>ιβ’</strong></span> <span class='ocrx_word' id='word_1_834' title='bbox 2230 4608 2568 4680; x_wconf 71' lang='grc' dir='ltr'>πατριάρχαι</span> <span class='ocrx_word' id='word_1_835' title='bbox 2602 4624 2617 4640; x_wconf 85' lang='grc'><em>’</em></span> <span class='ocrx_word' id='word_1_836' title='bbox 2674 4606 3011 4677; x_wconf 81' lang='grc' dir='ltr'>πατριάρχαι</span> <span class='ocrx_word' id='word_1_837' title='bbox 3058 4606 3114 4658; x_wconf 74' lang='grc' dir='ltr'>δὲ</span> <span class='ocrx_word' id='word_1_838' title='bbox 3143 4605 3474 4676; x_wconf 73' lang='grc' dir='ltr'>ἐκλήθησαν,</span> <span class='ocrx_word' id='word_1_839' title='bbox 3504 4605 3694 4675; x_wconf 72' lang='grc' dir='ltr'>ἐπειδὴ</span> 
     </span>
    </p>
   </div>
   <div class='ocr_carea' id='block_1_110' title="bbox 2114 4696 3699 4769">
    <p class='ocr_par' dir='ltr' id='par_1_110' title="bbox 2114 4696 3699 4769">
     <span class='ocr_line' id='line_1_110' title="bbox 2114 4696 3699 4769; baseline -0.004 -15"><span class='ocrx_word' id='word_1_840' title='bbox 2114 4702 2169 4754; x_wconf 74' lang='grc' dir='ltr'>αξ</span> <span class='ocrx_word' id='word_1_841' title='bbox 2193 4700 2401 4754; x_wconf 82' lang='grc' dir='ltr'>δώδεκα</span> <span class='ocrx_word' id='word_1_842' title='bbox 2422 4699 2587 4769; x_wconf 77' lang='grc' dir='ltr'>φυλαὶ</span> <span class='ocrx_word' id='word_1_843' title='bbox 2616 4698 2874 4763; x_wconf 76' lang='grc' dir='ltr'>ἐξαύτῶν</span> <span class='ocrx_word' id='word_1_844' title='bbox 2903 4696 3325 4768; x_wconf 77' lang='grc' dir='ltr'>ὠνομάσθησαν.</span> <span class='ocrx_word' id='word_1_845' title='bbox 3371 4696 3699 4750; x_wconf 72' lang='grc' dir='ltr'>Ἐκαλσῦντο</span> 
     </span>
    </p>
   </div>
   <div class='ocr_carea' id='block_1_111' title="bbox 2113 4785 3695 4864">
    <p class='ocr_par' dir='ltr' id='par_1_111' title="bbox 2113 4785 3695 4864">
     <span class='ocr_line' id='line_1_111' title="bbox 2113 4785 3695 4864; baseline -0.003 -18"><span class='ocrx_word' id='word_1_846' title='bbox 2113 4791 2169 4846; x_wconf 67' lang='grc' dir='ltr'>δὲ</span> <span class='ocrx_word' id='word_1_847' title='bbox 2222 4785 2367 4847; x_wconf 75' lang='grc' dir='ltr'>οὗτοι</span> <span class='ocrx_word' id='word_1_848' title='bbox 2412 4792 2770 4864; x_wconf 80' lang='grc' dir='ltr'>Ἰσραηλῖται,</span> <span class='ocrx_word' id='word_1_849' title='bbox 2812 4792 2908 4845; x_wconf 71' lang='grc' dir='ltr'><strong>καὶ</strong></span> <span class='ocrx_word' id='word_1_850' title='bbox 2952 4790 3355 4861; x_wconf 75' lang='grc' dir='ltr'>Ἐϐραῖοι,’καὶ</span> <span class='ocrx_word' id='word_1_851' title='bbox 3406 4789 3649 4842; x_wconf 79' lang='grc' dir='ltr'>Ἰουδαῖοι</span> <span class='ocrx_word' id='word_1_852' title='bbox 3677 4803 3695 4818; x_wconf 76' lang='grc'><strong>⁸</strong></span> 
     </span>
    </p>
   </div>
   <div class='ocr_carea' id='block_1_112' title="bbox 2115 4879 3695 4956">
    <p class='ocr_par' dir='ltr' id='par_1_112' title="bbox 2115 4879 3695 4956">
     <span class='ocr_line' id='line_1_112' title="bbox 2115 4879 3695 4956; baseline -0.004 -19"><span class='ocrx_word' id='word_1_853' title='bbox 2115 4884 2207 4938; x_wconf 77' lang='grc' dir='ltr'><strong>καὶ</strong></span> <span class='ocrx_word' id='word_1_854' title='bbox 2250 4884 2583 4956; x_wconf 79' lang='grc' dir='ltr'>Ἰσραηλῖται</span> <span class='ocrx_word' id='word_1_855' title='bbox 2619 4882 2718 4954; x_wconf 78' lang='grc' dir='ltr'>μὲν</span> <span class='ocrx_word' id='word_1_856' title='bbox 2747 4881 3063 4939; x_wconf 72' lang='grc' dir='ltr'>ἐκαλοῦντο.</span> <span class='ocrx_word' id='word_1_857' title='bbox 3096 4882 3169 4946; x_wconf 79' lang='grc' dir='ltr'>ὡς</span> <span class='ocrx_word' id='word_1_858' title='bbox 3200 4882 3311 4935; x_wconf 67' lang='grc' dir='ltr'>ἀπὸ</span> <span class='ocrx_word' id='word_1_859' title='bbox 3337 4879 3431 4934; x_wconf 79' lang='grc' dir='ltr'>τοῦ</span> <span class='ocrx_word' id='word_1_860' title='bbox 3478 4879 3695 4934; x_wconf 76' lang='grc' dir='ltr'>Ἰακώϐ·</span> 
     </span>
    </p>
   </div>
   <div class='ocr_carea' id='block_1_113' title="bbox 2109 4968 3696 5046">
    <p class='ocr_par' dir='ltr' id='par_1_113' title="bbox 2109 4968 3696 5046">
     <span class='ocr_line' id='line_1_113' title="bbox 2109 4968 3696 5046; baseline -0.005 -17"><span class='ocrx_word' id='word_1_861' title='bbox 2109 4975 2283 5044; x_wconf 78' lang='grc' dir='ltr'>τούτῳ</span> <span class='ocrx_word' id='word_1_862' title='bbox 2318 4974 2423 5046; x_wconf 80' lang='grc' dir='ltr'><strong>γαρ</strong></span> <span class='ocrx_word' id='word_1_863' title='bbox 2469 4970 2623 5028; x_wconf 78' lang='grc' dir='ltr'>εἶπεν</span> <span class='ocrx_word' id='word_1_864' title='bbox 2654 4976 2684 5028; x_wconf 90' lang='lat'><strong>6</strong></span> <span class='ocrx_word' id='word_1_865' title='bbox 2716 4973 2868 5037; x_wconf 74' lang='grc' dir='ltr'>Θεὸς.</span> <span class='ocrx_word' id='word_1_866' title='bbox 2897 4974 2977 5027; x_wconf 82' lang='grc' dir='ltr'>ὅτι</span> <span class='ocrx_word' id='word_1_867' title='bbox 3014 4974 3096 5026; x_wconf 81' lang='grc' dir='ltr'><strong>Οὐ</strong></span> <span class='ocrx_word' id='word_1_868' title='bbox 3136 4970 3417 5040; x_wconf 69' lang='grc' dir='ltr'>κληθήσῃ</span> <span class='ocrx_word' id='word_1_869' title='bbox 3464 4968 3696 5031; x_wconf 74' lang='grc' dir='ltr'>Ἰακὼϐ,</span> 
     </span>
    </p>
   </div>
   <div class='ocr_carea' id='block_1_114' title="bbox 2115 5058 3695 5137">
    <p class='ocr_par' dir='ltr' id='par_1_114' title="bbox 2115 5058 3695 5137">
     <span class='ocr_line' id='line_1_114' title="bbox 2115 5058 3695 5137; baseline -0.004 -16"><span class='ocrx_word' id='word_1_870' title='bbox 2115 5066 2256 5137; x_wconf 77' lang='grc' dir='ltr'><strong>ἀλλ’</strong></span> <span class='ocrx_word' id='word_1_871' title='bbox 2284 5066 2553 5136; x_wconf 73' lang='grc' dir='ltr'>Ἰσραὴλ,</span> <span class='ocrx_word' id='word_1_872' title='bbox 2579 5064 2725 5121; x_wconf 77' lang='grc' dir='ltr'>τοῦτ’</span> <span class='ocrx_word' id='word_1_873' title='bbox 2748 5067 2886 5128; x_wconf 80' lang='grc' dir='ltr'>ἐστι,</span> <span class='ocrx_word' id='word_1_874' title='bbox 2916 5064 3059 5123; x_wconf 80' lang='grc' dir='ltr'>Νοῦς</span> <span class='ocrx_word' id='word_1_875' title='bbox 3093 5062 3234 5135; x_wconf 86' lang='grc' dir='ltr'>ὁρῶν</span> <span class='ocrx_word' id='word_1_876' title='bbox 3259 5062 3413 5117; x_wconf 85' lang='grc' dir='ltr'>Θεόν.</span> <span class='ocrx_word' id='word_1_877' title='bbox 3441 5061 3574 5114; x_wconf 73' lang='grc' dir='ltr'>’Δπὺ</span> <span class='ocrx_word' id='word_1_878' title='bbox 3598 5058 3695 5114; x_wconf 83' lang='grc' dir='ltr'>τοῦ</span> 
     </span>
    </p>
   </div>
   <div class='ocr_carea' id='block_1_115' title="bbox 2126 5153 3696 5228">
    <p class='ocr_par' dir='ltr' id='par_1_115' title="bbox 2126 5153 3696 5228">
     <span class='ocr_line' id='line_1_115' title="bbox 2126 5153 3696 5228; baseline -0.005 -15"><span class='ocrx_word' id='word_1_879' title='bbox 2126 5157 2322 5213; x_wconf 84' lang='grc' dir='ltr'>Ἰακὼϐ</span> <span class='ocrx_word' id='word_1_880' title='bbox 2348 5154 2459 5225; x_wconf 83' lang='grc' dir='ltr'>οὗν,</span> <span class='ocrx_word' id='word_1_881' title='bbox 2492 5159 2588 5212; x_wconf 84' lang='grc' dir='ltr'>τοῦ</span> <span class='ocrx_word' id='word_1_882' title='bbox 2618 5157 3013 5228; x_wconf 81' lang='grc' dir='ltr'>ὀνομασθέντος</span> <span class='ocrx_word' id='word_1_883' title='bbox 3051 5154 3293 5226; x_wconf 69' lang='grc' dir='ltr'>Ἰσραὴλ,</span> <span class='ocrx_word' id='word_1_884' title='bbox 3311 5153 3563 5221; x_wconf 81' lang='grc' dir='ltr'>ἐλέγοντο</span> <span class='ocrx_word' id='word_1_885' title='bbox 3587 5153 3696 5205; x_wconf 74' lang='lat'><strong>‘13-</strong></span> 
     </span>
    </p>
   </div>
   <div class='ocr_carea' id='block_1_116' title="bbox 2116 5236 3696 5321">
    <p class='ocr_par' dir='ltr' id='par_1_116' title="bbox 2116 5236 3696 5321">
     <span class='ocr_line' id='line_1_116' title="bbox 2116 5236 3696 5321; baseline -0.004 -19"><span class='ocrx_word' id='word_1_886' title='bbox 2116 5236 2399 5321; x_wconf 78' lang='grc' dir='ltr'>ραηλῐται·</span> <span class='ocrx_word' id='word_1_887' title='bbox 2446 5246 2690 5321; x_wconf 79' lang='grc' dir='ltr'>Ἑϐραῖοι</span> <span class='ocrx_word' id='word_1_888' title='bbox 2720 5250 2799 5310; x_wconf 81' lang='grc' dir='ltr'>δὲ.</span> <span class='ocrx_word' id='word_1_889' title='bbox 2827 5248 2935 5302; x_wconf 76' lang='grc' dir='ltr'><strong>ἀπὸ</strong></span> <span class='ocrx_word' id='word_1_890' title='bbox 2965 5245 3058 5299; x_wconf 76' lang='grc' dir='ltr'>τοῦ</span> <span class='ocrx_word' id='word_1_891' title='bbox 3096 5246 3263 5316; x_wconf 80' lang='grc' dir='ltr'>Ἔϐερ</span> <span class='ocrx_word' id='word_1_892' title='bbox 3294 5241 3389 5301; x_wconf 83' lang='grc' dir='ltr'>τοῦ</span> <span class='ocrx_word' id='word_1_893' title='bbox 3420 5244 3696 5315; x_wconf 68' lang='grc' dir='ltr'><strong>ἰτροτιατο⁹</strong></span> 
     </span>
    </p>
   </div>
   <div class='ocr_carea' id='block_1_117' title="bbox 2117 5330 3694 5413">
    <p class='ocr_par' dir='ltr' id='par_1_117' title="bbox 2117 5330 3694 5413">
     <span class='ocr_line' id='line_1_117' title="bbox 2117 5330 3694 5413; baseline -0.004 -20"><span class='ocrx_word' id='word_1_894' title='bbox 2117 5357 2207 5413; x_wconf 83' lang='grc' dir='ltr'><strong>ρος</strong></span> <span class='ocrx_word' id='word_1_895' title='bbox 2241 5330 2519 5413; x_wconf 58' lang='grc' dir='ltr'>Ἁϐραάμ.</span> <span class='ocrx_word' id='word_1_896' title='bbox 2555 5340 2806 5394; x_wconf 76' lang='grc' dir='ltr'>Ἰουδαῖοι</span> <span class='ocrx_word' id='word_1_897' title='bbox 2836 5338 2894 5393; x_wconf 74' lang='grc' dir='ltr'>δὲ</span> <span class='ocrx_word' id='word_1_898' title='bbox 2922 5338 3277 5406; x_wconf 72' lang='grc' dir='ltr'>ἐλέγοντο,ού</span> <span class='ocrx_word' id='word_1_899' title='bbox 3310 5334 3513 5407; x_wconf 79' lang='grc' dir='ltr'>κυρίως</span> <span class='ocrx_word' id='word_1_900' title='bbox 3554 5333 3694 5388; x_wconf 81' lang='grc' dir='ltr'>πάν-</span> 
     </span>
    </p>
   </div>
   <div class='ocr_carea' id='block_1_118' title="bbox 2112 5426 3692 5504">
    <p class='ocr_par' dir='ltr' id='par_1_118' title="bbox 2112 5426 3692 5504">
     <span class='ocr_line' id='line_1_118' title="bbox 2112 5426 3692 5504; baseline -0.004 -17"><span class='ocrx_word' id='word_1_901' title='bbox 2112 5448 2229 5499; x_wconf 84' lang='grc' dir='ltr'>τες,</span> <span class='ocrx_word' id='word_1_902' title='bbox 2259 5431 2375 5486; x_wconf 75' lang='grc' dir='ltr'>ἀλλ’</span> <span class='ocrx_word' id='word_1_903' title='bbox 2398 5433 2449 5488; x_wconf 74' lang='grc' dir='ltr'>οἱ</span> <span class='ocrx_word' id='word_1_904' title='bbox 2480 5432 2845 5504; x_wconf 73' lang='grc' dir='ltr'>καταγόμενοι</span> <span class='ocrx_word' id='word_1_905' title='bbox 2879 5430 2990 5488; x_wconf 71' lang='grc' dir='ltr'><strong>ἀπὸ</strong></span> <span class='ocrx_word' id='word_1_906' title='bbox 3017 5433 3114 5504; x_wconf 74' lang='grc' dir='ltr'>τῆς</span> <span class='ocrx_word' id='word_1_907' title='bbox 3144 5427 3315 5501; x_wconf 77' lang='grc' dir='ltr'>φυλῆς</span> <span class='ocrx_word' id='word_1_908' title='bbox 3344 5427 3441 5482; x_wconf 71' lang='grc' dir='ltr'>τοῦ</span> <span class='ocrx_word' id='word_1_909' title='bbox 3482 5426 3651 5482; x_wconf 68' lang='grc' dir='ltr'>’ἰούδα</span> <span class='ocrx_word' id='word_1_910' title='bbox 3677 5444 3692 5459; x_wconf 88' lang='grc'><strong>·</strong></span> 
     </span>
    </p>
   </div>
  </div>
