3934 6156
293 430 437 499 1201

1503 436 1604 500 DE
1642 435 1920 498 SECTIS.
1960 463 2030 476 —
2056 436 2220 500 ACT.
2259 435 2344 500 II.

3419 427 3561 492 12C?

285 544 540 616 περιέχει
564 544 620 600 δὲ
667 543 826 600 τοῦτο
851 545 911 600 rb
960 543 1168 617 βιϐλίον
1206 545 1275 600 τὰ
1316 545 1427 602 ἀπὸ
1467 545 1566 616 τῆς
1609 550 1882 620 ποιήσεως

2004 545 2130 604 ιωιο
2151 563 2220 605 ac
2255 557 2422 616 terra,
2452 561 2627 620 usque
2653 548 2724 604 ad
2755 547 2978 618 Iosephi
3014 553 3252 603 mortem
3295 543 3568 600 continet.

287 639 388 694 τοῦ
426 639 660 710 οὐρανοῦ
705 639 800 693 καὶ
845 640 943 708 τῆς
995 639 1118 709 γῆς,
1172 637 1278 702 ἕως
1327 639 1428 712 τῆς
1481 640 1741 710 τελευτῆς
1785 638 1879 693 τοῦ

307 729 533 798 Ἰωσήφ.
572 728 836 800 Δεύτερον
861 729 1012 782 ἐστιν
1047 729 1080 799 ἡ
1110 728 1330 795 Ἐξοδος
1353 748 1366 764 ι
1406 727 1652 802 περιέχει
1691 727 1748 782 δὲ
1785 728 1882 782 καὶ

290 823 456 878 τοῦτο
485 823 594 878 ἀπὸ
623 824 723 890 τῆς
749 823 1008 897 τελευτῆς
1045 823 1141 878 τοῦ
1183 823 1406 896 Ἰωσὴφ,
1447 823 1544 878 καὶ
1572 824 1672 893 τῆς
1704 821 1880 890 ἐξόδου

291 915 404 970 τῶν
449 916 818 989 Ἰσραηλιτῶν.
850 916 956 976 ἕως
988 917 1099 970 τῶν
1131 918 1440 986 γενομένων
1464 918 1592 988 ἄχρι
1617 915 1712 971 τοῦ
1742 915 1882 985 φθά-

295 1025 389 1062 σαι
417 1010 615 1073 αὐτοὺς
653 1009 714 1062 τὸ
745 1007 871 1078 ὅρος
915 1009 1008 1063 τοῦ
1051 1011 1203 1065 Σινᾶ.
1239 1009 1427 1063 Ταῦτα
1470 1009 1528 1064 δέ
1572 1011 1688 1062 ἐστι
1718 1025 1732 1040 ·
1765 1007 1884 1070 πῶς

290 1099 394 1170 τὴν
437 1099 707 1170 Ἐρυθρὰν
764 1101 1044 1156 θάλασσαν
1089 1101 1440 1172 διεπέρασαν,
1481 1101 1576 1154 καὶ
1615 1100 1669 1153 τί
1712 1101 1772 1153 ἐν
1802 1097 1884 1169 τῷ

297 1206 366 1260 με
379 1189 507 1256 ταξῦ
534 1191 750 1258 γέγονε,
775 1193 872 1246 καὶ
905 1190 1020 1256 πῶς
1045 1192 1138 1245 τον
1169 1191 1332 1262 νόμον
1362 1193 1450 1246 διὰ
1482 1191 1728 1255 Μωσέως
1757 1191 1886 1245 ελα-

293 1281 390 1336 ϐον
415 1283 524 1336 ἀπὸ
562 1283 660 1336 τοῦ
692 1283 852 1338 Θεοῦ.
883 1283 1080 1353 Τρίτον
1113 1285 1230 1338 ἐστὶ
1259 1283 1487 1354 βιϐλίον,
1521 1285 1570 1338 οἱ
1599 1283 1886 1352 λεγόμενοι

294 1371 570 1445 Ἀριθμοὶ,
600 1377 659 1427 ὲν
683 1370 763 1439 οἷς
794 1377 1193 1447 ἁπαριθμεῖται
1211 1377 1311 1438 τὰς
1331 1376 1504 1447 φυλὰς
1531 1375 1638 1430 τῶν
1667 1375 1888 1446 Ἰσραη-

299 1465 498 1528 λιτῶν,
527 1467 622 1520 καὶ
651 1468 779 1530 τοὺς
826 1467 1096 1537 ἄρχοντας
1126 1468 1325 1522 αὐτῶν.
1359 1467 1634 1539 Τέταρτὸν
1666 1467 1783 1520 ἐστι
1823 1465 1888 1520 τὸ

298 1559 609 1622 Λευῖτικὸν,
638 1561 697 1612 ὲν
727 1551 772 1626 ᾧ
810 1559 1162 1629 προστάττει,
1196 1560 1314 1622 πῶς
1341 1559 1423 1614 δεῖ
1448 1557 1736 1630 λατρεύειν
1760 1556 1888 1622 τοὺς

303 1647 467 1718 ἱερεῖς
500 1661 514 1677 ο
549 1645 672 1698 ὅθεν
713 1647 806 1700 καὶ
851 1646 1054 1718 ἐκλήθη
1107 1649 1394 1702 Λευῖτικόν
1419 1663 1434 1680 ·
1481 1647 1591 1703 ἀπὸ
1635 1647 1746 1719 γὰρ
1788 1646 1890 1718 τῆς

301 1736 476 1808 φυλῆς
495 1736 604 1789 τῶν
626 1737 868 1792 Λευῖτῶν
887 1739 1134 1806 ἐγίνοντο
1157 1740 1206 1792 οἱ
1238 1740 1422 1810 ἱερεῖς.
1447 1739 1709 1808 Πέμπτον
1747 1739 1886 1804 ἐστὶ,

299 1823 362 1876 τὸ
407 1825 844 1894 Δευτερονὸμιον,
893 1827 952 1879 ὲν
987 1819 1032 1894 ᾧ
1067 1826 1142 1890 ὡς
1186 1828 1244 1880 ὲν
1275 1828 1492 1895 συνόψει
1522 1829 1790 1900 διηγεῖται
1821 1826 1891 1880 τὰ

1987 639 2162 708 Alter,
2197 639 2456 708 Exodus;
2480 649 2539 696 et
2559 655 2590 696 a
2621 649 2800 696 morte
2825 639 3053 712 Iosephi
3084 646 3142 694 et
3167 637 3325 694 exitu.
3346 635 3572 693 lsraeli-

1988 741 2172 789 tarum
2207 742 2362 805 gesta
2392 734 2784 804 complectitur
2827 733 2896 788 ad
2931 731 3066 787 illud
3113 745 3292 800 usque
3330 737 3572 800 tempus,

1988 839 2100 898 quo
2129 825 2197 882 ad
2221 835 2462 882 montem
2493 824 2680 882 Sinam
2711 831 3108 897 pervenerunt.
3140 821 3217 878 Ea
3243 836 3376 876 vero
3403 809 3567 875 sunt:

1989 916 2272 988 quomodo
2309 932 2462 973 mare
2495 917 2749 974 Rubrum
2807 915 3161 977 transierint,
3195 912 3329 984 quid
3364 911 3572 968 interea

1989 1009 2218 1070 factum.
2236 1010 2515 1080 quomodo
2529 1010 2705 1080 legem
2723 1024 2755 1064 a
2773 1008 2888 1063 Deo
2901 1023 3000 1078 per
3014 1007 3217 1062 Mosem
3235 1004 3572 1074 acceperint.

1991 1101 2215 1156 Tertius
2237 1101 2378 1156 liber
2397 1109 2502 1162 est.
2524 1115 2688 1172 quem
2710 1100 2986 1156 Numeros
3011 1106 3237 1163 vocant;
3261 1111 3373 1168 quo
3395 1094 3577 1150 tribus

1972 1190 2306 1248 -lsraelitaru
2317 1208 2367 1246 m
2385 1206 2690 1262 eorumque
2710 1188 2991 1260 principes
3003 1193 3386 1243 recensentur.
3401 1182 3578 1251 Quar-

1991 1289 2104 1348 tus,
2125 1281 2407 1340 Leviticus
2453 1289 2574 1350 est;
2627 1297 2738 1352 quo
2780 1278 3120 1352 praecipitur,
3151 1291 3264 1349 quo
3311 1276 3419 1332 ritu
3464 1275 3578 1331 Deo

1993 1374 2204 1430 servire
2233 1374 2548 1430 sacerdotes
2571 1374 2842 1430 debeant:
2864 1373 3010 1428 unde
3031 1380 3086 1427 et
3115 1369 3348 1426 Levitici
3375 1383 3582 1424 nomen

1994 1463 2227 1520 invenit.
2259 1463 2394 1518 Nam
2426 1463 2495 1518 de
2527 1463 2844 1518 Levitarum
2880 1462 3031 1517 tribu
3071 1459 3392 1517 sacerdotes
3428 1472 3578 1514 crea-

1993 1555 2222 1612 bantur.
2254 1555 2492 1623 Quintus
2517 1563 2623 1622 est,
2651 1553 3178 1620 Deuterouornium;
3215 1551 3271 1606 in
3295 1565 3407 1622 quo
3427 1547 3579 1604 velut

1995 1649 2055 1704 in
2081 1649 2326 1722 synopsi,
2359 1647 2429 1703 ab
2459 1647 2608 1704 exitu
2641 1647 2784 1704 facta
2815 1654 3024 1712 narrat,
3049 1661 3226 1716 usque
3245 1643 3312 1700 ad
3335 1651 3576 1699 montem

1997 1739 2206 1796 Sinam.
2240 1740 2397 1806 Item,
2427 1739 2596 1795 latius
2621 1737 2850 1811 exponit
2877 1739 3077 1809 legem.
3110 1736 3268 1794 Unde
3313 1735 3578 1791 Deutero-.

1995 1831 2246 1887 nomium
2273 1839 2563 1896 vocarunt,
2597 1828 2755 1900 quasi
2779 1829 2957 1900 legem
2989 1827 3264 1882 iteratam.
3295 1825 3436 1900 Nam
3457 1837 3582 1894 qua:

299 1915 410 1969 ἀπὸ
441 1919 538 1987 τῆς
579 1915 790 1982 Ἐξόδου
813 1917 1098 1987 γενόμενα,
1125 1919 1287 1991 μέχρι
1313 1918 1406 1973 τοῦ
1433 1919 1590 1990 ὅρους
1613 1919 1710 1972 τοῦ
1739 1919 1889 1984 Σινᾶ,

2004 1921 2062 1976 de
2098 1922 2218 1994 lege
2246 1921 2488 1978 breviter
2511 1921 2568 1977 in
2587 1921 2776 1976 Exodo
2804 1919 3125 1990 praescripta
3149 1926 3300 1982 sunt,
3325 1931 3391 1972 ea
3414 1913 3582 1970 latius

303 2009 396 2060 καί
431 2009 534 2069 ὅτι,
571 2008 662 2062 τὸν
691 1999 854 2078 νόμον
884 2009 1130 2073 πλατέως
1163 2010 1458 2070 ἐκτίθεται.
1493 2009 1615 2065 ὅθεν
1638 2011 1734 2064 καὶ
1759 2011 1890 2064 Asu-

2000 2011 2058 2067 iu
2087 2012 2523 2068 Deuteronomio
2552 2028 2680 2068 cum
2715 2011 2970 2084 pluribus
2996 2010 3120 2066 aliis
3151 2007 3472 2064 traduntur.

303 2101 621 2170 τερονόμιον
653 2103 878 2174 ἐκλήθη.
918 2105 986 2156 Ἀ
1018 2103 1128 2175 γὰρ
1165 2103 1222 2156 ὲν
1254 2106 1320 2176 τῇ
1365 2103 1561 2176 Ἐξὸδῳ
1596 2103 1672 2169 ὡς
1739 2103 1800 2157 ὲν
1843 2103 2096 2177 συντόμῳ
2126 2105 2441 2178 γέγραπται
2473 2107 2602 2179 περὶ
2637 2105 2732 2160 τοῦ
2760 2106 2950 2178 νόμου,
3008 2103 3182 2159 ταῦτα
3249 2099 3582 2168 πλατύτερον

307 2196 466 2264 ἐντῷ
511 2197 916 2268 Δευτερονομίῳ
955 2199 1307 2270 παραδίδοται
1351 2201 1489 2272 μετὰ
1542 2199 1636 2254 καὶ
1691 2199 1897 2268 ἐτέρων
1934 2198 2133 2258 ἄλλων.

377 2289 562 2344 Ταῦτα
591 2290 646 2344 δὲ
673 2291 740 2344 τε
775 2293 937 2346 πέντε
990 2293 1194 2364 βιϐλία,
1241 2294 1466 2359 πάντες
1495 2294 1590 2348 τοῦ
1648 2295 1894 2358 Μωσέως

311 2381 684 2454 μαρτυροῦσιν
703 2381 844 2438 εἶναι
873 2402 888 2418 ο
927 2386 996 2439 τὰ
1017 2385 1126 2458 γὰρ
1155 2387 1378 2457 ἑφεξῆς,
1405 2387 1580 2452 οὐδεὶς
1609 2385 1719 2443 οἶδε
1750 2389 1898 2452 τινος

313 2472 441 2526 εἰσί.
490 2473 757 2541 Λέγονται
813 2477 870 2530 δὲ
921 2478 1119 2541 ταῦτα,
1165 2480 1200 2550 ἡ
1244 2481 1636 2552 Πεντάτευχος.
1695 2480 1898 2536 Ἕκτον

315 2565 451 2633 μετὰ
475 2565 536 2619 τὸ
565 2568 988 2638 Δευτερονόμιὸν
1009 2573 1180 2636 ἐστιν,
1240 2572 1451 2642 Ἰησοῦς
1483 2573 1576 2626 τοῦ
1608 2573 1786 2644 Ναυῆ,
1835 2575 1896 2628 ἐν

303 2651 614 2726 ἐξιλέγεται.
645 2659 764 2722 πῶς
808 2659 1048 2730 ἐξήγαγε
1084 2663 1212 2726 τοὺς
1266 2663 1608 2736 Ἰσραηλίτας
1649 2665 1758 2720 ἀπὸ
1799 2666 1897 2738 τῆς

313 2743 410 2814 ἱρή
421 2765 521 2814 μου
545 2749 626 2810 είς
647 2749 748 2819 τὴν
768 2751 870 2818 γῆν
892 2753 989 2822 τῆς
1013 2755 1346 2824 ἐπαγγελίας
1363 2741 1408 2810 ’ὁ
1449 2757 1680 2828 Ἰησοῦς,
1719 2757 1900 2830 μαθη-

312 2838 411 2909 τὴς
450 2841 742 2910 γενόμενος
787 2843 882 2897 τοῦ
927 2846 1192 2910 Μωσέως,
1235 2849 1329 2902 καὶ
1367 2848 1690 2920 ῖσοδύναμος
1725 2849 1896 2921 αὐτῷ.

315 2930 587 3001 Ἕϐδομόν
611 2935 781 3002 ἐστιν,
809 2937 861 2988 οἱ
889 2936 1176 3007 λεγόμενοι
1215 2941 1436 3008 Κριταί.
1481 2941 1761 3006 Ἐλθόντες
1789 2943 1901 3016 γὰρ

311 3024 362 3076 οι
409 3025 736 3098 Ἰσραηλῖται
759 3029 838 3092 είς
866 3029 966 3098 τὴν
997 3030 1100 3100 γῆν
1128 3033 1229 3097 τῆς
1251 3033 1612 3100 ἐπαγγελίας,
1631 3034 1898 3105 ἐποίησαν

313 3113 525 3179 ἑαυτοῖς
556 3119 770 3188 κριτὰς,
805 3119 892 3173 ἴνα
926 3121 1154 3192 κρίνωσι
1189 3122 1274 3174 τὸν
1314 3123 1464 3178 λαόν.
1502 3125 1753 3190 Βασιλεῖς
1785 3126 1894 3200 γὰρ

311 3207 412 3260 οὐκ
457 3202 626 3278 εἶχον,
689 3211 850 3279 μόνον
893 3210 986 3263 τον
1042 3211 1174 3265 Θεδν
1231 3211 1456 3285 βασιλέα
1515 3215 1894 3285 ὀνομάζοντες.

2068 2295 2136 2352 11.
2182 2296 2364 2369 Atque
2410 2297 2514 2353 hos
2551 2295 2800 2368 quinque
2866 2294 3078 2360 libros,
3121 2289 3369 2347 universi
3417 2289 3598 2345 Mosis.

1997 2406 2119 2447 esse
2151 2401 2460 2447 testantur:
2496 2390 2590 2462 qui
2620 2389 2768 2446 enim
2801 2394 3112 2459 sequuntur
3139 2383 3584 2456 proxitni,.cuius

1999 2485 2132 2548 sint,
2152 2475 2318 2540 nemo
2339 2484 2514 2540 novit.
2532 2483 2626 2539 lsti
2649 2481 2872 2554 quidem
2886 2478 3276 2535 Pentateuchua
3291 2483 3580 2530 vocantur.

1999 2574 2200 2631 Sestus
2238 2573 2736 2630 Deuteronomium
2759 2569 3014 2642 sequitur
3046 2569 3209 2630 liber,
3245 2567 3406 2623 Iesus
3435 2564 3584 2622 Nave

1999 2665 2184 2732 ﬁlius;
2215 2681 2393 2738 eoque
2427 2673 2707 2730 narratur,
2737 2677 2850 2734 quo
2885 2669 3048 2734 pacto
3091 2659 3255 2716 Iesus
3279 2656 3377 2730 qui
3416 2655 3584 2712 Mosis

1997 2759 2307 2830 discipulus
2345 2758 2564 2826 fuerat,
2615 2765 2674 2813 et
2725 2763 2998 2828 potestate
3045 2759 3172 2824 post
3225 2751 3407 2822 ipsum
3463 2747 3583 2820 pari

1997 2859 2252 2922 praeerat,
2275 2849 2598 2906 lsraelitase
2623 2847 2923 2905 solitudine
2947 2845 3276 2917 promissam
3300 2841 3354 2896 in
3381 2847 3582 2895 terram

1997 2942 2316 2999 deduxerit.
2341 2941 2624 3012 Septimus
2646 2947 2754 3004 est,
2771 2939 2866 3010 qui
2889 2937 3147 2994 Iudicum
3165 2948 3368 2990 nomen
3393 2929 3582 2987 habet:

1998 3051 2126 3089 nam
2157 3048 2284 3089 cum
2317 3033 2374 3088 in
2407 3043 2614 3105 terram
2649 3031 2976 3102 promissam
3000 3028 3258 3082 Israelita;
3277 3023 3582 3085 venissent,

1995 3127 2216 3198 iudices
2239 3125 2346 3182 sibi
2372 3125 2808 3187 constituerunt,
2842 3120 2936 3192 qui
2962 3119 3166 3190 p0pulo
3189 3119 3284 3188 jus
3310 3117 3584 3172 dicerent.

2003 3217 2247 3288 Regibus
2291 3217 2440 3272 enim
2491 3214 2789 3278 carebant,
2837 3213 3130 3280 solumque
3178 3209 3348 3264 Deum
3401 3221 3586 3277 regem

325 3297 546 3368 Ἐπειδὴ
567 3298 660 3354 οὖν
684 3305 741 3353 ἐν
764 3301 940 3370 τούτῳ
961 3301 1039 3370 τῷ
1060 3301 1252 3372 βιϐλίῳ
1268 3304 1562 3374 διηγεῖται,
1590 3307 1692 3360 ὅσα
1713 3308 1898 3381 ἐποίη-

2007 3325 2166 3366 suum
2191 3307 2564 3380 appellabant.
2589 3307 2780 3377 Itaque
2807 3304 2952 3360 liber
2983 3303 3075 3358 hic
3098 3301 3358 3357 Iudicum
3385 3313 3584 3354 nomen

317 3403 418 3440 σαν
451 3390 501 3442 οἱ
535 3392 722 3457 κριταὶ
769 3391 934 3462 μέχρι
973 3393 1080 3446 τῶν
1131 3393 1422 3466 βασιλέων.
1473 3397 1574 3451 Διὰ
1612 3397 1772 3452 τοῦτο
1813 3399 1906 3455 ὲκο

317 3476 480 3549 λήθη,
535 3482 585 3532 οἱ
641 3482 862 3550 Κριταί.
917 3484 1144 3565 Ὄγδοον
1198 3488 1316 3541 ἐστι
1369 3487 1574 3558 βιϐλίον
1626 3491 1660 3561 ἡ
1722 3489 1906 3549 Ῥούθ.

329 3568 486 3625 Ῥοίὴ
522 3570 579 3626 δὲ
612 3571 856 3639 λέγεται.
891 3575 1079 3647 ἐπειδὴ
1129 3579 1187 3630 ἐν
1229 3577 1381 3650 αύτῷ
1431 3579 1724 3651 διηγεῖται,
1790 3581 1906 3646 πῶς

319 3664 352 3734 ἡ
395 3663 548 3718 Ῥοῦθ
579 3665 713 3736 γυνὴ
751 3665 886 3721 οὖσα
917 3667 1220 3732 Μωαϐῖτις,
1261 3671 1343 3733 είς
1377 3671 1502 3735 τοὺς
1572 3670 1908 3745 Ἰσραηλίτας

322 3756 584 3826 μετέστη.
617 3754 726 3811 ⁷11ν
755 3758 810 3812 δὲ
843 3758 984 3830 αὕτη
1013 3761 1150 3830 γυνὴ
1188 3760 1283 3814 τοῦ
1325 3763 1688 3834 προπάτορος.
1719 3763 1904 3820 Δαϐίδ.

319 3849 473 3904 Μετὰ
500 3850 676 3904 ταῦτα
710 3853 825 3906 ἐστι
855 3851 949 3906 δύο
981 3852 1181 3924 βιϐλία,
1209 3855 1302 3908 καὶ
1329 3857 1577 3927 περιέχει
1615 3857 1714 3922 τὰς
1751 3857 1910 3927 βασι·

319 3941 490 4006 λείας.
520 3943 800 4015 Τέσσαρες
835 3945 945 4015 γὰρ
971 3946 1083 3998 εἰσι
1131 3945 1284 4016 λόγοι
1323 3948 1433 4002 τῶν
1483 3947 1794 4020 βασιλειῶν,
1849 3952 1909 4004 ἐν

319 4032 413 4088 δύο
446 4034 676 4113 ϐιϐλίοις
704 4037 1020 4107 φερόμενοι.

403 4125 793 4180 Ἐϐασίλευσαν
857 4128 912 4181 δὲ
955 4129 1006 4182 οἱ
1061 4130 1329 4194 Ἰουδαῖοι,
1372 4131 1483 4186 ἀπὸ
1527 4133 1788 4204 τοιαύτης
1835 4134 1911 4188 αῖς

319 4219 460 4283 τίας.
506 4221 565 4274 '0
597 4220 872 4291 Σαμουὴλ..
905 4221 963 4285 ὃς
995 4222 1213 4291 ἐγένετο
1253 4222 1484 4294 ὕστερος
1531 4227 1643 4282 τῶν
1681 4225 1906 4298 κριτῶν,

2003 3401 2239 3470 accepit,
2260 3397 2407 3470 quod
2425 3397 2481 3452 in
2497 3412 2566 3453 eo
2584 3401 3094 3452 commemorentur
3117 3407 3206 3448 res
3223 3391 3291 3446 ab
3307 3389 3590 3460 iudicibus

2003 3493 2072 3550 ad
2117 3507 2272 3563 reges
2319 3505 2494 3561 usque
2547 3498 2734 3562 gestae.
2765 3487 3006 3545 Octavus
3038 3485 3240 3542 liuthae
3281 3483 3423 3539 liber
3469 3491 3586 3545 est,

2005 3593 2296 3656 propterea
2322 3582 2404 3638 sic
2425 3581 2630 3644 dictus,
2654 3581 2804 3650 quod
2836 3580 2892 3634 in
2921 3593 2988 3634 eo
3006 3585 3266 3634 narretur
3295 3590 3406 3646 quo
3430 3582 3590 3644 pacto

2005 3676 2212 3740 Rutha,
2235 3674 2438 3730 mulier
2456 3673 2679 3729 natione
2709 3671 2985 3735 Moabitis,
3015 3669 3082 3726 ad
3107 3668 3386 3724 lsraelilas
3408 3681 3593 3722 acces-

2008 3768 2160 3824 serit.
2186 3767 2320 3822 Erat
2343 3775 2529 3822 aulem
2565 3765 2682 3820 haec
2711 3765 2800 3820 avi
2831 3762 3056 3834 Dayidis
3086 3776 3244 3816 uxor.
3272 3759 3589 3816 Secundum

2007 3859 2110 3915 hos
2138 3857 2268 3915 libri
2302 3857 2414 3913 duo
2443 3865 2597 3922 sunt,
2627 3855 2724 3927 qui
2759 3869 3059 3926 regnorum
3087 3851 3376 3907 historiam
3412 3849 3592 3904 conti-

2006 3951 2389 4023 nentzquippe
2419 3933 2549 4004 libri
2579 3956 2710 4004 sunt
2744 3949 2814 4003 de
2854 3945 3042 4018 regnis
3068 3944 3298 4006 omnino
3329 3951 3590 4014 quatuor,

2007 4044 2168 4100 libris
2199 4044 2418 4100 duobus
2445 4041 2860 4113 comprehensi.

2078 4135 2169 4191 111.
2207 4135 2455 4206 Regnum
2495 4133 2816 4190 Iudaeorum
2861 4132 3008 4186 hanc
3055 4129 3326 4200 originem
3375 4127 3592 4183 habuit.

2009 4227 2321 4290 Samuelus,
2355 4225 2604 4298 iudicum
2631 4232 2970 4294 postremus,
3001 4233 3058 4278 ct
3085 4231 3240 4277 vates
3279 4229 3336 4276 et
3365 4236 3596 4292 magnus

321 4314 462 4384 ἀνὴρ
501 4313 720 4383 ἐγένετο
751 4319 1044 4388 προφήτης
1084 4317 1179 4372 καὶ
1217 4319 1414 4390 μέγας,
1449 4320 1600 4383 ὅστις
1635 4321 1774 4390 μετὰ
1801 4319 1898 4374 πά-

2009 4321 2097 4376 vir
2129 4319 2381 4384 exstitit;
2421 4318 2517 4388 qui
2549 4315 2858 4389 iustissime
2891 4315 3094 4386 populo
3125 4313 3434 4371 Israelitico
3468 4328 3593 4369 cum

323 4419 423 4471 σης
477 4405 830 4475 δικαιοσύνης
875 4409 1063 4479 ἔκρινε
1123 4412 1216 4464 τὸν
1265 4409 1394 4464 λαὸν
1455 4412 1696 4483 Ἰσραήλ.
1742 4407 1898 4477 Οὗτος

2012 4420 2288 4483 potestate
2317 4410 2524 4484 iudicis
2552 4407 2794 4480 praefuit.
2835 4409 3008 4464 Erant
3039 4408 3174 4464 huic
3205 4407 3318 4463 duo
3354 4407 3473 4472 lilii,
3503 4408 3596 4477 qui

325 4495 451 4566 ἔσχε
501 4497 595 4551 δύο
643 4499 861 4564 παῖδας,
913 4502 1112 4566 οἵτινες
1145 4502 1495 4574 γηράσαντος
1528 4503 1623 4556 τοῦ
1654 4504 1898 4576 Σαμουὴῖ

2015 4499 2275 4557 Samuelo
2293 4501 2406 4570 iam
2431 4498 2588 4555 senio
2607 4498 2861 4554 conlecto
2885 4497 3102 4569 iudices
3123 4497 3410 4562 declarati,
3431 4499 3600 4568 patris

325 4589 608 4654 γενόμενοι
639 4592 844 4661 κριταὶ,
892 4594 991 4647 ούκ
1041 4593 1266 4664 ἔκριναν
1321 4595 1412 4648 τὸν
1465 4595 1593 4648 λαὸν
1644 4595 1789 4649 κατὰ
1843 4597 1898 4650 τὰ

2017 4591 2074 4646 in
2101 4592 2227 4663 iure
2255 4589 2488 4646 dicendo
2527 4588 2796 4660 iustitiam
2825 4597 2882 4644 et
2912 4589 3232 4660 aequitatem
3263 4605 3373 4644 non
3407 4587 3594 4644 imita-

325 4682 670 4738 δικαιὼοιατα
697 4685 791 4738 τοῦ
835 4687 1048 4754 Πατρός
1075 4703 1091 4718 ο
1147 4687 1282 4741 ἀλλα
1317 4687 1470 4758 δῶρα
1517 4686 1898 4756 λαμϐάνοντες1

2017 4685 2252 4741 bantur:
2292 4683 2388 4738 sed
2431 4698 2660 4738 munera
2705 4683 2988 4753 capientes
3023 4682 3351 4754 iudiciarias
3399 4697 3599 4738 causas

329 4775 642 4841 προεδίδουν
670 4775 769 4837 τὰς
797 4777 1028 4845 κρίσεις.
1065 4777 1324 4849 Γέροντ’›ς
1357 4777 1451 4832 οὖν
1483 4779 1633 4843 ὄντος
1661 4777 1754 4833 τοῦ
1795 4779 1898 4832 Πα-

2017 4777 2344 4851 prodebant.
2371 4775 2723 4846 Quapropter
2745 4775 2800 4830 in
2829 4775 2930 4831 ista
2955 4775 3198 4832 Samueli
3233 4783 3458 4837 senecta
3480 4775 3600 4831 colo-

327 4866 454 4938 τρὺς
482 4868 684 4926 αὐτῶν.
719 4871 1065 4940 συνήχθησαν
1113 4873 1163 4924 οἱ
1232 4872 1588 4946 Ἰσραηλῖται,
1633 4873 1898 4938 αἰτοῦντες

2017 4873 2196 4926 lectus
2226 4868 2596 4925 lsraelitarum
2627 4869 2888 4940 pepulus,
2919 4869 2988 4925 ab
3029 4885 3097 4925 eo
3126 4869 3368 4946 petebat,
3415 4885 3601 4941 regem

329 4959 490 5010 αὐτὸν
517 4960 867 5024 μεταστῖῖλαι
905 4964 1090 5026 αὐτοῖς
1121 4963 1366 5033 βασιλέα.
1415 4965 1472 5020 Ὀ
1515 4964 1573 5018 δὲ
1617 4965 1915 5036 εὐχόμενος

327 5047 404 5114 τῷ
431 5048 550 5117 Θεῷ
584 5051 710 5116 περὶ
737 5049 952 5112 τούτου,
981 5053 1234 5122 ἤκουσεν,
1284 5055 1366 5108 ὅτι
1398 5055 1669 5122 Ποίησον
1706 5056 1914 5122 αὐτοῖς

323 5141 612 5204 βασιλέα.
654 5145 737 5195 Οὐ
762 5146 872 5210 γὰρ
903 5144 980 5196 σὲ
1011 5145 1455 5209 ἑξουδένωσιιν,
1493 5149 1632 5202 ἀλλ’
1658 5147 1785 5217 ἐμὲ,
1829 5151 1916 5202 al-

329 5231 628 5299 τήσαντες
665 5233 906 5299 ἑαυτοῖς
957 5236 1247 5300 βασιλέα.
1305 5238 1362 5291 '0
1422 5240 1477 5306 ὃξε
1521 5239 1768 5302 ἀκούσας
1819 5238 1913 5293 τοῦ

328 5325 488 5380 Θεοῦ.
521 5327 780 5396 ἐποίησεν
812 5329 994 5393 αὐτοῖς
1030 5329 1258 5398 βασιλέα
1283 5332 1374 5384 τὸν
1419 5332 1612 5396 Σαοὺλ,
1651 5333 1819 5402 ἄνδρα
1851 5335 1916 5388 ἐκ

330 5415 506 5486 φυλῆς
539 5419 798 5489 Βενιαμίν
827 5437 842 5451 ο
873 5421 1023 5478 ὅστις
1055 5421 1224 5492 ἄρξας
1268 5422 1364 5494 ἔτη
1411 5421 1486 5492 μ’,
1539 5423 1638 5476 οὐκ
1683 5423 1917 5492 ἐφύλαξε

329 5512 427 5574 τὰς
463 5513 682 5573 ἐντολὰς
711 5513 804 5565 τοῦ
835 5514 990 5568 Θεοῦ.
1031 5516 1140 5568 Καὶ
1173 5516 1295 5570 τότε
1343 5517 1372 5568 ὁ
1407 5516 1538 5580 Θεὸς
1576 5517 1694 5570 ἀντ’
1747 5517 1913 5570 αὐτοῦ

329 5600 422 5653 τὸν
446 5604 608 5657 Δαϐὶδ
633 5604 854 5676 ἐποίησε
893 5606 1117 5677 βασιλέα
1139 5609 1206 5680 τῆ
1221 5627 1237 5670 ;
1266 5607 1440 5678 epuli};
1457 5607 1551 5662 τοῦ
1595 5609 1782 5662 Ἰούδα.
1809 5609 1915 5663 Καὶ

331 5693 428 5752 ἀπ’
451 5695 660 5750 ἐκείνου
681 5695 898 5768 ἔμεινεν
929 5702 961 5770 ἡ
999 5701 1140 5772 φυλὴ
1186 5701 1280 5757 τοῦ
1322 5700 1492 5756 Ἰούδα
1524 5699 1912 5772 βασιλεύουσα,

407 5874 430 5905 ⁵
469 5874 490 5931 1
537 5875 671 5948 lleg.
699 5889 815 5942 vm,
849 5871 899 5929 7.

2018 4965 2122 5022 sibi
2152 4963 2488 5036 designaret.
2510 4962 2608 5017 Ille
2634 4963 2779 5018 votis
2809 4964 2880 5018 ob
2904 4962 3052 5019 hanc
3085 4978 3310 5021 causam
3335 4962 3400 5018 ad
3427 4963 3618 5033 Deumf
3689 5020 3692 5022 _

2018 5056 2323 5128 conceptis,
2358 5072 2686 5127 responsum
2717 5057 2864 5121 tulit,
2891 5072 3003 5128 quo
3037 5071 3221 5128 regem
3261 5056 3346 5112 eis
3391 5055 3598 5112 consti-

2018 5156 2174 5204 tuere
2219 5149 2544 5220 iubebatur.
2587 5147 2704 5203 Non
2747 5149 2908 5213 enim,
2950 5148 3132 5218 inquit
3158 5148 3326 5212 Deus,
3361 5155 3410 5200 te
3449 5147 3599 5202 nihili

2017 5240 2252 5311 fecerunt
2291 5255 2409 5310 rege
2447 5238 2752 5310 postulato;
2781 5244 2872 5294 sed
2899 5256 2982 5294 me
3016 5241 3192 5312 ipsum
3213 5239 3255 5294 ⁵.
3309 5237 3604 5294 Samuelus

2018 5341 2248 5404 accepto
2285 5333 2379 5388 Dei
2411 5348 2700 5404 responso,
2733 5333 2962 5390 Saulum
2993 5334 3076 5390 eis
3102 5347 3287 5404 regem
3317 5329 3491 5393 dedit,
3524 5327 3606 5381 vi-

2021 5441 2142 5482 rum
2162 5423 2531 5496 Benjamineae
2556 5425 2766 5481 tribus:
2791 5426 2888 5496 qui
2915 5442 3085 5498 regno
3106 5420 3352 5482 annile
3373 5421 3599 5493 pelitus,

2021 5515 2297 5573 mandatis
2327 5517 2422 5572 Dei
2459 5533 2568 5572 non
2611 5527 2694 5573 cst
2717 5519 3036 5574 obsecutus.
3059 5518 3239 5584 Quare
3261 5516 3406 5568 Deus
3429 5509 3604 5580 ipsius

2022 5611 2147 5666 loco
2171 5609 2434 5664 Davidem
2459 5624 2490 5664 e
2517 5609 2666 5665 tribu
2693 5609 2835 5666 Iuda
2869 5627 3052 5680 regem
3084 5607 3245 5663 fecit:
3273 5619 3301 5658 ιι
3324 5617 3434 5673 quo
3466 5610 3602 5653 tem-

2025 5718 2158 5774 pore
2193 5700 2331 5758 Iuda
2365 5701 2548 5758 tribus
2579 5702 2632 5758 in
2670 5703 3018 5774 possessione
3056 5699 3204 5770 regni
3233 5693 3452 5757 mansit,
3475 5691 3604 5749 ﬁliis
