  <div class='ocr_page' id='page_1' title='image "/cluster/home/n/w/nwhite01/storage/ocr_20150623/86 pt.1/mdp.39015028803867/611.png"; bbox 0 0 3934 6156; ppageno 0'>
   <div class='ocr_carea' id='block_1_1' title="bbox 424 261 561 333">
    <p class='ocr_par' dir='ltr' id='par_1_1' title="bbox 424 261 561 333">
     <span class='ocr_line' id='line_1_1' title="bbox 424 261 561 333; baseline 0.044 -6"><span class='ocrx_word' id='word_1_1' title='bbox 424 261 561 333; x_wconf 68' lang='lat'><strong>1301</strong></span> 
     </span>
    </p>
   </div>
   <div class='ocr_carea' id='block_1_2' title="bbox 1685 276 2446 339">
    <p class='ocr_par' dir='ltr' id='par_1_2' title="bbox 1685 276 2446 339">
     <span class='ocr_line' id='line_1_2' title="bbox 1685 276 2446 339; baseline 0.001 -3"><span class='ocrx_word' id='word_1_2' title='bbox 1685 276 1991 337; x_wconf 73' lang='lat' dir='ltr'><strong>LEONTII</strong></span> <span class='ocrx_word' id='word_1_3' title='bbox 2038 276 2446 339; x_wconf 72' lang='lat' dir='ltr'><strong>BYZANTINI</strong></span> 
     </span>
    </p>
   </div>
   <div class='ocr_carea' id='block_1_3' title="bbox 3580 266 3726 332">
    <p class='ocr_par' dir='ltr' id='par_1_3' title="bbox 3580 266 3726 332">
     <span class='ocr_line' id='line_1_3' title="bbox 3580 266 3726 332; baseline 0.014 -2"><span class='ocrx_word' id='word_1_4' title='bbox 3580 266 3726 332; x_wconf 78' lang='grc' dir='ltr'><strong>ιεοι</strong></span> 
     </span>
    </p>
   </div>
   <div class='ocr_carea' id='block_1_4' title="bbox 419 380 1983 461">
    <p class='ocr_par' dir='ltr' id='par_1_4' title="bbox 419 380 1979 451">
     <span class='ocr_line' id='line_1_4' title="bbox 419 380 1979 451; baseline 0.004 -14"><span class='ocrx_word' id='word_1_5' title='bbox 419 398 546 451; x_wconf 68' lang='lat' dir='ltr'><strong>quae</strong></span> <span class='ocrx_word' id='word_1_6' title='bbox 579 380 757 440; x_wconf 73' lang='lat' dir='ltr'><strong>Moses</strong></span> <span class='ocrx_word' id='word_1_7' title='bbox 784 385 944 451; x_wconf 77' lang='lat' dir='ltr'><strong>dixit,</strong></span> <span class='ocrx_word' id='word_1_8' title='bbox 968 386 1279 441; x_wconf 79' lang='lat' dir='ltr'><strong>aﬂlrmant:</strong></span> <span class='ocrx_word' id='word_1_9' title='bbox 1322 384 1507 441; x_wconf 79' lang='lat' dir='ltr'><strong>Vatem</strong></span> <span class='ocrx_word' id='word_1_10' title='bbox 1551 382 1691 443; x_wconf 69' lang='lat' dir='ltr'><strong>vobis</strong></span> <span class='ocrx_word' id='word_1_11' title='bbox 1731 389 1979 444; x_wconf 83' lang='lat' dir='ltr'><strong>suseitabi</strong></span> 
     </span>
    </p>
   </div>
   <div class='ocr_carea' id='block_1_5' title="bbox 2087 380 3723 461">
    <p class='ocr_par' dir='ltr' id='par_1_5' title="bbox 2102 381 3723 461">
     <span class='ocr_line' id='line_1_5' title="bbox 2102 381 3723 461; baseline -0.002 -17"><span class='ocrx_word' id='word_1_12' title='bbox 2102 388 2204 444; x_wconf 75' lang='grc' dir='ltr'><strong>ούκ</strong></span> <span class='ocrx_word' id='word_1_13' title='bbox 2242 386 2390 443; x_wconf 77' lang='grc' dir='ltr'><strong>εστιν</strong></span> <span class='ocrx_word' id='word_1_14' title='bbox 2424 389 2637 461; x_wconf 72' lang='grc' dir='ltr'><strong>εἰρήνη.</strong></span> <span class='ocrx_word' id='word_1_15' title='bbox 2690 389 2827 460; x_wconf 63' lang='grc' dir='ltr'><strong>Περι</strong></span> <span class='ocrx_word' id='word_1_16' title='bbox 2871 388 2930 442; x_wconf 77' lang='grc' dir='ltr'><strong>δι</strong></span> <span class='ocrx_word' id='word_1_17' title='bbox 2972 386 3068 442; x_wconf 79' lang='grc' dir='ltr'><strong>τοῦ</strong></span> <span class='ocrx_word' id='word_1_18' title='bbox 3118 387 3196 461; x_wconf 78' lang='grc' dir='ltr'><strong>μὴ</strong></span> <span class='ocrx_word' id='word_1_19' title='bbox 3236 381 3383 440; x_wconf 72' lang='grc' dir='ltr'><strong>εἶναι</strong></span> <span class='ocrx_word' id='word_1_20' title='bbox 3422 382 3571 438; x_wconf 77' lang='grc' dir='ltr'>Θεὸν</span> <span class='ocrx_word' id='word_1_21' title='bbox 3618 386 3723 440; x_wconf 71' lang='grc' dir='ltr'><strong>τὸν</strong></span> 
     </span>
    </p>
   </div>
   <div class='ocr_carea' id='block_1_6' title="bbox 421 473 1997 546">
    <p class='ocr_par' dir='ltr' id='par_1_6' title="bbox 421 473 1997 546">
     <span class='ocr_line' id='line_1_6' title="bbox 421 473 1997 546; baseline 0.004 -17"><span class='ocrx_word' id='word_1_22' title='bbox 421 473 683 531; x_wconf 84' lang='lat' dir='ltr'><strong>Dominus</strong></span> <span class='ocrx_word' id='word_1_23' title='bbox 714 475 857 531; x_wconf 81' lang='lat' dir='ltr'><strong>Deus</strong></span> <span class='ocrx_word' id='word_1_24' title='bbox 882 490 947 531; x_wconf 72' lang='lat' dir='ltr'><strong>ea:</strong></span> <span class='ocrx_word' id='word_1_25' title='bbox 983 476 1237 546; x_wconf 72' lang='lat' dir='ltr'><strong>fratribus</strong></span> <span class='ocrx_word' id='word_1_26' title='bbox 1271 479 1486 542; x_wconf 80' lang='lat' dir='ltr'><strong>nostris.</strong></span> <span class='ocrx_word' id='word_1_27' title='bbox 1518 480 1621 533; x_wconf 88' lang='lat' dir='ltr'><strong>mei</strong></span> <span class='ocrx_word' id='word_1_28' title='bbox 1650 480 1883 534; x_wconf 83' lang='lat' dir='ltr'><strong>similem</strong></span> <span class='ocrx_word' id='word_1_29' title='bbox 1916 481 1958 513; x_wconf 80' lang='lat'><strong>&quot;</strong></span> <span class='ocrx_word' id='word_1_30' title='bbox 1983 520 1997 535; x_wconf 94' lang='lat'><strong>.</strong></span> 
     </span>
    </p>
   </div>
   <div class='ocr_carea' id='block_1_7' title="bbox 421 565 2003 641">
    <p class='ocr_par' dir='ltr' id='par_1_7' title="bbox 421 565 2003 641">
     <span class='ocr_line' id='line_1_7' title="bbox 421 565 2003 641; baseline 0.004 -18"><span class='ocrx_word' id='word_1_31' title='bbox 421 565 586 634; x_wconf 81' lang='lat' dir='ltr'><strong>Ecce,</strong></span> <span class='ocrx_word' id='word_1_32' title='bbox 605 569 881 640; x_wconf 84' lang='lat' dir='ltr'><strong>inquiunt,</strong></span> <span class='ocrx_word' id='word_1_33' title='bbox 903 582 1012 624; x_wconf 89' lang='lat' dir='ltr'><strong>non</strong></span> <span class='ocrx_word' id='word_1_34' title='bbox 1035 567 1207 623; x_wconf 89' lang='lat' dir='ltr'><strong>Deum</strong></span> <span class='ocrx_word' id='word_1_35' title='bbox 1220 570 1536 641; x_wconf 85' lang='lat' dir='ltr'><strong>appellavit,</strong></span> <span class='ocrx_word' id='word_1_36' title='bbox 1557 570 1654 627; x_wconf 80' lang='lat' dir='ltr'><strong>sed</strong></span> <span class='ocrx_word' id='word_1_37' title='bbox 1670 581 1872 627; x_wconf 82' lang='lat' dir='ltr'><strong>vatem.</strong></span> <span class='ocrx_word' id='word_1_38' title='bbox 1890 572 2003 629; x_wconf 82' lang='lat' dir='ltr'><strong>Nos</strong></span> 
     </span>
    </p>
   </div>
   <div class='ocr_carea' id='block_1_8' title="bbox 420 660 1999 732">
    <p class='ocr_par' dir='ltr' id='par_1_8' title="bbox 420 660 1999 732">
     <span class='ocr_line' id='line_1_8' title="bbox 420 660 1999 732; baseline 0.002 -17"><span class='ocrx_word' id='word_1_39' title='bbox 420 669 607 716; x_wconf 82' lang='lat' dir='ltr'><strong>autem</strong></span> <span class='ocrx_word' id='word_1_40' title='bbox 632 663 699 716; x_wconf 84' lang='lat' dir='ltr'><strong>ad</strong></span> <span class='ocrx_word' id='word_1_41' title='bbox 727 662 831 716; x_wconf 87' lang='lat' dir='ltr'><strong>hoc</strong></span> <span class='ocrx_word' id='word_1_42' title='bbox 854 661 1273 732; x_wconf 84' lang='lat' dir='ltr'><strong>respondemus,</strong></span> <span class='ocrx_word' id='word_1_43' title='bbox 1294 660 1577 718; x_wconf 74' lang='lat' dir='ltr'><strong>Christum</strong></span> <span class='ocrx_word' id='word_1_44' title='bbox 1599 665 1784 720; x_wconf 83' lang='lat' dir='ltr'><strong>omnia</strong></span> <span class='ocrx_word' id='word_1_45' title='bbox 1809 665 1999 721; x_wconf 85' lang='lat' dir='ltr'><strong>luisse:</strong></span> 
     </span>
    </p>
   </div>
   <div class='ocr_carea' id='block_1_9' title="bbox 415 754 2002 829">
    <p class='ocr_par' dir='ltr' id='par_1_9' title="bbox 415 754 2002 829">
     <span class='ocr_line' id='line_1_9' title="bbox 415 754 2002 829; baseline 0.004 -20"><span class='ocrx_word' id='word_1_46' title='bbox 415 769 549 827; x_wconf 83' lang='lat' dir='ltr'><strong>nam</strong></span> <span class='ocrx_word' id='word_1_47' title='bbox 582 763 638 809; x_wconf 85' lang='lat' dir='ltr'><strong>et</strong></span> <span class='ocrx_word' id='word_1_48' title='bbox 665 754 829 809; x_wconf 84' lang='lat' dir='ltr'><strong>homo</strong></span> <span class='ocrx_word' id='word_1_49' title='bbox 855 764 995 819; x_wconf 88' lang='lat' dir='ltr'><strong>crat,</strong></span> <span class='ocrx_word' id='word_1_50' title='bbox 1015 764 1263 821; x_wconf 81' lang='lat' dir='ltr'><strong>etvates,</strong></span> <span class='ocrx_word' id='word_1_51' title='bbox 1287 764 1345 811; x_wconf 89' lang='lat' dir='ltr'><strong>et</strong></span> <span class='ocrx_word' id='word_1_52' title='bbox 1369 757 1515 812; x_wconf 87' lang='lat' dir='ltr'><strong>Deus</strong></span> <span class='ocrx_word' id='word_1_53' title='bbox 1541 776 1554 811; x_wconf 90' lang='lat'><strong>:</strong></span> <span class='ocrx_word' id='word_1_54' title='bbox 1588 756 1773 828; x_wconf 80' lang='lat' dir='ltr'><strong>itaque</strong></span> <span class='ocrx_word' id='word_1_55' title='bbox 1802 760 2002 829; x_wconf 87' lang='lat' dir='ltr'><strong>quovis</strong></span> 
     </span>
    </p>
   </div>
   <div class='ocr_carea' id='block_1_10' title="bbox 418 846 2001 921">
    <p class='ocr_par' dir='ltr' id='par_1_10' title="bbox 418 846 2001 921">
     <span class='ocr_line' id='line_1_10' title="bbox 418 846 2001 921; baseline 0.006 -22"><span class='ocrx_word' id='word_1_56' title='bbox 418 846 683 917; x_wconf 82' lang='lat' dir='ltr'><strong>appellari</strong></span> <span class='ocrx_word' id='word_1_57' title='bbox 700 847 920 902; x_wconf 87' lang='lat' dir='ltr'><strong>nomine</strong></span> <span class='ocrx_word' id='word_1_58' title='bbox 932 857 1169 918; x_wconf 84' lang='lat' dir='ltr'><strong>poterat.</strong></span> <span class='ocrx_word' id='word_1_59' title='bbox 1187 847 1401 905; x_wconf 84' lang='lat' dir='ltr'><strong>Etenim</strong></span> <span class='ocrx_word' id='word_1_60' title='bbox 1424 849 1571 921; x_wconf 91' lang='lat' dir='ltr'><strong>quod</strong></span> <span class='ocrx_word' id='word_1_61' title='bbox 1591 851 1737 907; x_wconf 84' lang='lat' dir='ltr'><strong>Deus</strong></span> <span class='ocrx_word' id='word_1_62' title='bbox 1755 860 1895 915; x_wconf 89' lang='lat' dir='ltr'><strong>erat,</strong></span> <span class='ocrx_word' id='word_1_63' title='bbox 1910 852 2001 909; x_wconf 85' lang='lat' dir='ltr'><strong>de-</strong></span> 
     </span>
    </p>
   </div>
   <div class='ocr_carea' id='block_1_11' title="bbox 418 939 2000 1008">
    <p class='ocr_par' dir='ltr' id='par_1_11' title="bbox 418 939 2000 1008">
     <span class='ocr_line' id='line_1_11' title="bbox 418 939 2000 1008; baseline 0.004 -16"><span class='ocrx_word' id='word_1_64' title='bbox 418 944 719 993; x_wconf 85' lang='lat' dir='ltr'><strong>monstrata</strong></span> <span class='ocrx_word' id='word_1_65' title='bbox 754 939 1080 1008; x_wconf 67' lang='lat' dir='ltr'><strong>quaestione,</strong></span> <span class='ocrx_word' id='word_1_66' title='bbox 1113 955 1184 996; x_wconf 86' lang='lat' dir='ltr'><strong>an</strong></span> <span class='ocrx_word' id='word_1_67' title='bbox 1224 941 1462 1005; x_wconf 80' lang='lat' dir='ltr'><strong>venerit,</strong></span> <span class='ocrx_word' id='word_1_68' title='bbox 1495 957 1563 996; x_wconf 81' lang='lat' dir='ltr'><strong>ex</strong></span> <span class='ocrx_word' id='word_1_69' title='bbox 1600 942 1732 997; x_wconf 88' lang='lat' dir='ltr'><strong>novi</strong></span> <span class='ocrx_word' id='word_1_70' title='bbox 1774 941 2000 999; x_wconf 75' lang='lat' dir='ltr'><strong>fmderis</strong></span> 
     </span>
    </p>
   </div>
   <div class='ocr_carea' id='block_1_12' title="bbox 417 1028 2001 1103">
    <p class='ocr_par' dir='ltr' id='par_1_12' title="bbox 417 1028 2001 1103">
     <span class='ocr_line' id='line_1_12' title="bbox 417 1028 2001 1103; baseline 0.004 -19"><span class='ocrx_word' id='word_1_71' title='bbox 417 1028 697 1099; x_wconf 85' lang='lat' dir='ltr'><strong>Scriptura</strong></span> <span class='ocrx_word' id='word_1_72' title='bbox 720 1031 942 1101; x_wconf 87' lang='lat' dir='ltr'><strong>probari</strong></span> <span class='ocrx_word' id='word_1_73' title='bbox 963 1032 1122 1089; x_wconf 79' lang='lat' dir='ltr'><strong>facile</strong></span> <span class='ocrx_word' id='word_1_74' title='bbox 1145 1041 1351 1103; x_wconf 84' lang='lat' dir='ltr'><strong>posset.</strong></span> <span class='ocrx_word' id='word_1_75' title='bbox 1375 1032 1577 1088; x_wconf 81' lang='lat' dir='ltr'><strong>Verum</strong></span> <span class='ocrx_word' id='word_1_76' title='bbox 1594 1045 1651 1089; x_wconf 90' lang='lat' dir='ltr'><strong>et</strong></span> <span class='ocrx_word' id='word_1_77' title='bbox 1666 1033 1798 1089; x_wconf 91' lang='lat' dir='ltr'><strong>illud</strong></span> <span class='ocrx_word' id='word_1_78' title='bbox 1814 1044 2001 1091; x_wconf 84' lang='lat' dir='ltr'><strong>osten-</strong></span> 
     </span>
    </p>
   </div>
   <div class='ocr_carea' id='block_1_13' title="bbox 416 1121 1999 1197">
    <p class='ocr_par' dir='ltr' id='par_1_13' title="bbox 416 1121 1999 1197">
     <span class='ocr_line' id='line_1_13' title="bbox 416 1121 1999 1197; baseline 0.005 -20"><span class='ocrx_word' id='word_1_79' title='bbox 416 1121 614 1179; x_wconf 81' lang='lat' dir='ltr'><strong>demus</strong></span> <span class='ocrx_word' id='word_1_80' title='bbox 641 1141 672 1180; x_wconf 84' lang='lat' dir='ltr'><strong>e</strong></span> <span class='ocrx_word' id='word_1_81' title='bbox 703 1123 989 1197; x_wconf 84' lang='lat' dir='ltr'><strong>Scriptura</strong></span> <span class='ocrx_word' id='word_1_82' title='bbox 1010 1127 1205 1183; x_wconf 89' lang='lat' dir='ltr'><strong>veteri.</strong></span> <span class='ocrx_word' id='word_1_83' title='bbox 1235 1127 1372 1182; x_wconf 83' lang='lat' dir='ltr'><strong>Nam</strong></span> <span class='ocrx_word' id='word_1_84' title='bbox 1406 1127 1697 1183; x_wconf 79' lang='lat' dir='ltr'><strong>manifesto</strong></span> <span class='ocrx_word' id='word_1_85' title='bbox 1727 1127 1999 1185; x_wconf 83' lang='lat' dir='ltr'><strong>Jeremias</strong></span> 
     </span>
    </p>
   </div>
   <div class='ocr_carea' id='block_1_14' title="bbox 414 1214 1997 1287">
    <p class='ocr_par' dir='ltr' id='par_1_14' title="bbox 414 1214 1997 1287">
     <span class='ocr_line' id='line_1_14' title="bbox 414 1214 1997 1287; baseline 0.004 -17"><span class='ocrx_word' id='word_1_86' title='bbox 414 1214 472 1270; x_wconf 77' lang='lat' dir='ltr'><strong>id</strong></span> <span class='ocrx_word' id='word_1_87' title='bbox 494 1215 699 1271; x_wconf 85' lang='lat' dir='ltr'><strong>alicubi</strong></span> <span class='ocrx_word' id='word_1_88' title='bbox 730 1215 867 1273; x_wconf 88' lang='lat' dir='ltr'><strong>dicit</strong></span> <span class='ocrx_word' id='word_1_89' title='bbox 894 1217 982 1274; x_wconf 88' lang='lat' dir='ltr'><strong>bis</strong></span> <span class='ocrx_word' id='word_1_90' title='bbox 1003 1219 1208 1273; x_wconf 88' lang='lat' dir='ltr'><strong>verbis:</strong></span> <span class='ocrx_word' id='word_1_91' title='bbox 1242 1218 1340 1273; x_wconf 82' lang='lat' dir='ltr'><strong>Hie</strong></span> <span class='ocrx_word' id='word_1_92' title='bbox 1367 1217 1509 1275; x_wconf 85' lang='lat' dir='ltr'><strong>Deus</strong></span> <span class='ocrx_word' id='word_1_93' title='bbox 1538 1228 1714 1275; x_wconf 80' lang='lat' dir='ltr'><strong>noster</strong></span> <span class='ocrx_word' id='word_1_94' title='bbox 1737 1229 1833 1287; x_wconf 87' lang='lat' dir='ltr'><strong>est,</strong></span> <span class='ocrx_word' id='word_1_95' title='bbox 1854 1220 1997 1276; x_wconf 87' lang='lat' dir='ltr'><strong>alius</strong></span> 
     </span>
    </p>
   </div>
   <div class='ocr_carea' id='block_1_15' title="bbox 410 1311 1994 1382">
    <p class='ocr_par' dir='ltr' id='par_1_15' title="bbox 410 1311 1994 1382">
     <span class='ocr_line' id='line_1_15' title="bbox 410 1311 1994 1382; baseline 0.004 -20"><span class='ocrx_word' id='word_1_96' title='bbox 410 1325 531 1363; x_wconf 82' lang='lat' dir='ltr'><strong>eum</strong></span> <span class='ocrx_word' id='word_1_97' title='bbox 558 1324 617 1364; x_wconf 93' lang='lat' dir='ltr'><strong>eo</strong></span> <span class='ocrx_word' id='word_1_98' title='bbox 650 1326 753 1365; x_wconf 89' lang='lat' dir='ltr'><strong>non</strong></span> <span class='ocrx_word' id='word_1_99' title='bbox 789 1311 1204 1382; x_wconf 84' lang='lat' dir='ltr'><strong>comparabitur.</strong></span> <span class='ocrx_word' id='word_1_100' title='bbox 1227 1311 1449 1367; x_wconf 83' lang='lat' dir='ltr'><strong>Omnem</strong></span> <span class='ocrx_word' id='word_1_101' title='bbox 1475 1313 1710 1367; x_wconf 68' lang='lat' dir='ltr'><strong>scientia</strong></span> <span class='ocrx_word' id='word_1_102' title='bbox 1734 1314 1875 1368; x_wconf 75' lang='lat' dir='ltr'><strong>riam</strong></span> <span class='ocrx_word' id='word_1_103' title='bbox 1908 1315 1994 1368; x_wconf 86' lang='lat' dir='ltr'><strong>iu-</strong></span> 
     </span>
    </p>
   </div>
   <div class='ocr_carea' id='block_1_16' title="bbox 410 1402 1994 1476">
    <p class='ocr_par' dir='ltr' id='par_1_16' title="bbox 410 1402 1994 1476">
     <span class='ocr_line' id='line_1_16' title="bbox 410 1402 1994 1476; baseline 0.004 -22"><span class='ocrx_word' id='word_1_104' title='bbox 410 1402 571 1465; x_wconf 79' lang='lat' dir='ltr'><strong>uenit,</strong></span> <span class='ocrx_word' id='word_1_105' title='bbox 597 1418 816 1474; x_wconf 80' lang='lat' dir='ltr'><strong>eamque</strong></span> <span class='ocrx_word' id='word_1_106' title='bbox 835 1403 1030 1459; x_wconf 75' lang='lat' dir='ltr'><strong>Iacobo</strong></span> <span class='ocrx_word' id='word_1_107' title='bbox 1067 1420 1229 1476; x_wconf 85' lang='lat' dir='ltr'><strong>puero</strong></span> <span class='ocrx_word' id='word_1_108' title='bbox 1252 1422 1346 1460; x_wconf 92' lang='lat' dir='ltr'><strong>suo</strong></span> <span class='ocrx_word' id='word_1_109' title='bbox 1373 1406 1535 1472; x_wconf 82' lang='lat' dir='ltr'><strong>dedit,</strong></span> <span class='ocrx_word' id='word_1_110' title='bbox 1556 1414 1606 1460; x_wconf 90' lang='lat' dir='ltr'><strong>et</strong></span> <span class='ocrx_word' id='word_1_111' title='bbox 1620 1405 1811 1461; x_wconf 86' lang='lat' dir='ltr'><strong>dilecto</strong></span> <span class='ocrx_word' id='word_1_112' title='bbox 1842 1407 1908 1464; x_wconf 78' lang='lat' dir='ltr'><strong>ab</strong></span> <span class='ocrx_word' id='word_1_113' title='bbox 1938 1424 1994 1462; x_wconf 90' lang='lat' dir='ltr'><strong>se</strong></span> 
     </span>
    </p>
   </div>
   <div class='ocr_carea' id='block_1_17' title="bbox 408 1490 1995 1569">
    <p class='ocr_par' dir='ltr' id='par_1_17' title="bbox 408 1490 1995 1569">
     <span class='ocr_line' id='line_1_17' title="bbox 408 1490 1995 1569; baseline 0.006 -23"><span class='ocrx_word' id='word_1_114' title='bbox 408 1490 635 1547; x_wconf 79' lang='lat' dir='ltr'><strong>Israelo.</strong></span> <span class='ocrx_word' id='word_1_115' title='bbox 669 1491 970 1550; x_wconf 85' lang='lat' dir='ltr'><strong>Secundum</strong></span> <span class='ocrx_word' id='word_1_116' title='bbox 1015 1497 1125 1551; x_wconf 65' lang='lat' dir='ltr'><strong>haec</strong></span> <span class='ocrx_word' id='word_1_117' title='bbox 1172 1497 1229 1550; x_wconf 89' lang='lat' dir='ltr'><strong>in</strong></span> <span class='ocrx_word' id='word_1_118' title='bbox 1275 1506 1418 1552; x_wconf 89' lang='lat' dir='ltr'><strong>terra</strong></span> <span class='ocrx_word' id='word_1_119' title='bbox 1462 1507 1768 1569; x_wconf 74' lang='lat' dir='ltr'><strong>conspectus</strong></span> <span class='ocrx_word' id='word_1_120' title='bbox 1803 1508 1902 1565; x_wconf 85' lang='lat' dir='ltr'><strong>est,</strong></span> <span class='ocrx_word' id='word_1_121' title='bbox 1943 1509 1995 1555; x_wconf 87' lang='lat' dir='ltr'><strong>et</strong></span> 
     </span>
    </p>
   </div>
   <div class='ocr_carea' id='block_1_18' title="bbox 407 1583 1988 1660">
    <p class='ocr_par' dir='ltr' id='par_1_18' title="bbox 407 1583 1988 1660">
     <span class='ocr_line' id='line_1_18' title="bbox 407 1583 1988 1660; baseline 0.006 -24"><span class='ocrx_word' id='word_1_122' title='bbox 407 1583 549 1638; x_wconf 84' lang='lat' dir='ltr'><strong>inter</strong></span> <span class='ocrx_word' id='word_1_123' title='bbox 591 1585 827 1641; x_wconf 77' lang='lat' dir='ltr'><strong>homines</strong></span> <span class='ocrx_word' id='word_1_124' title='bbox 874 1597 1115 1643; x_wconf 76' lang='lat' dir='ltr'><strong>versatus</strong></span> <span class='ocrx_word' id='word_1_125' title='bbox 1157 1588 1220 1642; x_wconf 74' lang='lat'><strong>“.</strong></span> <span class='ocrx_word' id='word_1_126' title='bbox 1260 1588 1385 1645; x_wconf 67' lang='lat' dir='ltr'><strong>llaec</strong></span> <span class='ocrx_word' id='word_1_127' title='bbox 1427 1588 1595 1660; x_wconf 77' lang='lat' dir='ltr'><strong>igitur</strong></span> <span class='ocrx_word' id='word_1_128' title='bbox 1627 1587 1988 1649; x_wconf 66' lang='lat' dir='ltr'><strong>Hebraeorum</strong></span> 
     </span>
    </p>
   </div>
   <div class='ocr_carea' id='block_1_19' title="bbox 407 1673 1702 1746">
    <p class='ocr_par' dir='ltr' id='par_1_19' title="bbox 407 1673 1702 1746">
     <span class='ocr_line' id='line_1_19' title="bbox 407 1673 1702 1746; baseline 0.004 -16"><span class='ocrx_word' id='word_1_129' title='bbox 407 1673 671 1746; x_wconf 77' lang='lat' dir='ltr'><strong>dogmata</strong></span> <span class='ocrx_word' id='word_1_130' title='bbox 693 1687 842 1745; x_wconf 91' lang='lat' dir='ltr'><strong>sunt,</strong></span> <span class='ocrx_word' id='word_1_131' title='bbox 878 1688 936 1735; x_wconf 89' lang='lat' dir='ltr'><strong>et</strong></span> <span class='ocrx_word' id='word_1_132' title='bbox 966 1679 1287 1737; x_wconf 88' lang='lat' dir='ltr'><strong>eorumdem</strong></span> <span class='ocrx_word' id='word_1_133' title='bbox 1319 1679 1702 1737; x_wconf 82' lang='lat' dir='ltr'><strong>refutationcs.</strong></span> 
     </span>
    </p>
   </div>
   <div class='ocr_carea' id='block_1_20' title="bbox 2107 477 3717 556">
    <p class='ocr_par' dir='ltr' id='par_1_20' title="bbox 2107 477 3717 556">
     <span class='ocr_line' id='line_1_20' title="bbox 2107 477 3717 556; baseline -0.001 -18"><span class='ocrx_word' id='word_1_134' title='bbox 2107 481 2379 556; x_wconf 81' lang='grc' dir='ltr'><strong>Χριστὸν,</strong></span> <span class='ocrx_word' id='word_1_135' title='bbox 2414 484 2552 555; x_wconf 80' lang='grc' dir='ltr'><strong>ὅπερ</strong></span> <span class='ocrx_word' id='word_1_136' title='bbox 2586 477 2655 553; x_wconf 71' lang='grc' dir='ltr'><strong>ἦν</strong></span> <span class='ocrx_word' id='word_1_137' title='bbox 2691 482 2874 553; x_wconf 78' lang='grc' dir='ltr'><strong>τρίτον</strong></span> <span class='ocrx_word' id='word_1_138' title='bbox 2921 479 3281 553; x_wconf 77' lang='grc' dir='ltr'><strong>ζητούμενον,</strong></span> <span class='ocrx_word' id='word_1_139' title='bbox 3320 480 3717 552; x_wconf 71' lang='grc' dir='ltr'><strong>ἰσχυρίζονται</strong></span> 
     </span>
    </p>
   </div>
   <div class='ocr_carea' id='block_1_21' title="bbox 2108 570 3713 648">
    <p class='ocr_par' dir='ltr' id='par_1_21' title="bbox 2108 570 3713 648">
     <span class='ocr_line' id='line_1_21' title="bbox 2108 570 3713 648; baseline -0.008 -17"><span class='ocrx_word' id='word_1_140' title='bbox 2108 577 2202 648; x_wconf 73' lang='grc' dir='ltr'><strong>ἀφ’</strong></span> <span class='ocrx_word' id='word_1_141' title='bbox 2240 570 2317 631; x_wconf 81' lang='grc' dir='ltr'><strong>ὧν</strong></span> <span class='ocrx_word' id='word_1_142' title='bbox 2349 574 2506 629; x_wconf 77' lang='grc' dir='ltr'><strong>εἶπεν</strong></span> <span class='ocrx_word' id='word_1_143' title='bbox 2549 578 2578 629; x_wconf 83' lang='grc' dir='ltr'>ὁ</span> <span class='ocrx_word' id='word_1_144' title='bbox 2609 573 2848 639; x_wconf 81' lang='grc' dir='ltr'><strong>Μωσῆς·</strong></span> <span class='ocrx_word' id='word_1_145' title='bbox 2882 572 3211 642; x_wconf 73' lang='grc' dir='ltr'><strong>Προφήτην</strong></span> <span class='ocrx_word' id='word_1_146' title='bbox 3250 575 3399 643; x_wconf 81' lang='grc' dir='ltr'><strong>ὑμῖν</strong></span> <span class='ocrx_word' id='word_1_147' title='bbox 3423 574 3713 643; x_wconf 78' lang='grc' dir='ltr'><strong>ἁναστή.</strong></span> 
     </span>
    </p>
   </div>
   <div class='ocr_carea' id='block_1_22' title="bbox 2105 665 3708 737">
    <p class='ocr_par' dir='ltr' id='par_1_22' title="bbox 2105 665 3708 737">
     <span class='ocr_line' id='line_1_22' title="bbox 2105 665 3708 737; baseline 0 -13"><span class='ocrx_word' id='word_1_148' title='bbox 2105 686 2200 724; x_wconf 83' lang='grc' dir='ltr'><strong>σει</strong></span> <span class='ocrx_word' id='word_1_149' title='bbox 2225 671 2437 737; x_wconf 78' lang='grc' dir='ltr'><strong>Κύριος</strong></span> <span class='ocrx_word' id='word_1_150' title='bbox 2465 670 2498 722; x_wconf 85' lang='grc' dir='ltr'><strong>ό</strong></span> <span class='ocrx_word' id='word_1_151' title='bbox 2533 668 2677 734; x_wconf 85' lang='grc' dir='ltr'><strong>Θεὸς</strong></span> <span class='ocrx_word' id='word_1_152' title='bbox 2700 668 2769 721; x_wconf 75' lang='grc' dir='ltr'><strong>ἐκ</strong></span> <span class='ocrx_word' id='word_1_153' title='bbox 2795 665 2912 720; x_wconf 77' lang='grc' dir='ltr'><strong>τῶν</strong></span> <span class='ocrx_word' id='word_1_154' title='bbox 2931 665 3215 735; x_wconf 65' lang='grc' dir='ltr'><strong>ἀδελφῶν</strong></span> <span class='ocrx_word' id='word_1_155' title='bbox 3244 665 3440 736; x_wconf 71' lang='grc' dir='ltr'><strong>ἡμῶν,</strong></span> <span class='ocrx_word' id='word_1_156' title='bbox 3465 667 3552 734; x_wconf 85' lang='grc' dir='ltr'><strong>ὡς</strong></span> <span class='ocrx_word' id='word_1_157' title='bbox 3575 667 3708 735; x_wconf 79' lang='grc' dir='ltr'><strong>ἐμέ.</strong></span> 
     </span>
    </p>
   </div>
   <div class='ocr_carea' id='block_1_23' title="bbox 2119 754 3706 833">
    <p class='ocr_par' dir='ltr' id='par_1_23' title="bbox 2119 754 3706 833">
     <span class='ocr_line' id='line_1_23' title="bbox 2119 754 3706 833; baseline -0.003 -16"><span class='ocrx_word' id='word_1_158' title='bbox 2119 762 2249 817; x_wconf 74' lang='grc' dir='ltr'><strong>Ἰδοὺ</strong></span> <span class='ocrx_word' id='word_1_159' title='bbox 2274 761 2406 833; x_wconf 72' lang='grc' dir='ltr'><strong>γὰρ,</strong></span> <span class='ocrx_word' id='word_1_160' title='bbox 2441 760 2606 831; x_wconf 50' lang='grc' dir='ltr'><strong>φασιν</strong></span> <span class='ocrx_word' id='word_1_161' title='bbox 2631 800 2645 825; x_wconf 89' lang='grc'><strong>,</strong></span> <span class='ocrx_word' id='word_1_162' title='bbox 2676 760 2740 813; x_wconf 85' lang='grc' dir='ltr'><strong>ού</strong></span> <span class='ocrx_word' id='word_1_163' title='bbox 2782 759 2916 813; x_wconf 81' lang='grc' dir='ltr'>Θεὸν</span> <span class='ocrx_word' id='word_1_164' title='bbox 2965 761 3128 812; x_wconf 77' lang='grc' dir='ltr'><strong>αὐτὸν</strong></span> <span class='ocrx_word' id='word_1_165' title='bbox 3160 754 3335 825; x_wconf 76' lang='grc' dir='ltr'><strong>εἶπεν,</strong></span> <span class='ocrx_word' id='word_1_166' title='bbox 3378 759 3520 813; x_wconf 75' lang='grc' dir='ltr'><strong>ἀλλὰ</strong></span> <span class='ocrx_word' id='word_1_167' title='bbox 3558 776 3706 828; x_wconf 69' lang='lat'><strong>1:90-</strong></span> 
     </span>
    </p>
   </div>
   <div class='ocr_carea' id='block_1_24' title="bbox 2100 849 3704 927">
    <p class='ocr_par' dir='ltr' id='par_1_24' title="bbox 2100 849 3704 927">
     <span class='ocr_line' id='line_1_24' title="bbox 2100 849 3704 927; baseline -0.001 -18"><span class='ocrx_word' id='word_1_168' title='bbox 2100 857 2302 927; x_wconf 63' lang='lat' dir='ltr'><strong>tpﬁtqv.</strong></span> <span class='ocrx_word' id='word_1_169' title='bbox 2347 854 2539 926; x_wconf 83' lang='grc' dir='ltr'><strong>Ἡμεῖς</strong></span> <span class='ocrx_word' id='word_1_170' title='bbox 2561 853 2618 907; x_wconf 80' lang='grc' dir='ltr'><strong>δὲ</strong></span> <span class='ocrx_word' id='word_1_171' title='bbox 2650 851 2787 925; x_wconf 84' lang='grc' dir='ltr'><strong>πρός</strong></span> <span class='ocrx_word' id='word_1_172' title='bbox 2822 852 2984 908; x_wconf 82' lang='grc' dir='ltr'><strong>τοῦτο</strong></span> <span class='ocrx_word' id='word_1_173' title='bbox 3007 852 3264 923; x_wconf 85' lang='grc' dir='ltr'><strong>λέγομεν,</strong></span> <span class='ocrx_word' id='word_1_174' title='bbox 3293 854 3378 907; x_wconf 85' lang='grc' dir='ltr'><strong>ὅτι</strong></span> <span class='ocrx_word' id='word_1_175' title='bbox 3416 854 3603 908; x_wconf 73' lang='grc' dir='ltr'><strong>πάντα</strong></span> <span class='ocrx_word' id='word_1_176' title='bbox 3629 849 3704 925; x_wconf 76' lang='grc' dir='ltr'><strong>ἧν</strong></span> 
     </span>
    </p>
   </div>
   <div class='ocr_carea' id='block_1_25' title="bbox 2104 938 3704 1015">
    <p class='ocr_par' dir='ltr' id='par_1_25' title="bbox 2104 938 3704 1015">
     <span class='ocr_line' id='line_1_25' title="bbox 2104 938 3704 1015; baseline -0.002 -15"><span class='ocrx_word' id='word_1_177' title='bbox 2104 948 2133 1000; x_wconf 87' lang='grc' dir='ltr'>ὁ</span> <span class='ocrx_word' id='word_1_178' title='bbox 2162 944 2417 1015; x_wconf 70' lang='grc' dir='ltr'><strong>Χριστός*</strong></span> <span class='ocrx_word' id='word_1_179' title='bbox 2450 942 2547 999; x_wconf 60' lang='grc' dir='ltr'><strong>καὶ⁵</strong></span> <span class='ocrx_word' id='word_1_180' title='bbox 2577 943 2865 1015; x_wconf 76' lang='grc' dir='ltr'><strong>ἄνθρωπος</strong></span> <span class='ocrx_word' id='word_1_181' title='bbox 2886 944 2998 1014; x_wconf 78' lang='grc' dir='ltr'><strong>γὰρ</strong></span> <span class='ocrx_word' id='word_1_182' title='bbox 3023 938 3114 1014; x_wconf 76' lang='grc' dir='ltr'><strong>ἦν,</strong></span> <span class='ocrx_word' id='word_1_183' title='bbox 3137 944 3235 996; x_wconf 73' lang='grc' dir='ltr'><strong>καὶ</strong></span> <span class='ocrx_word' id='word_1_184' title='bbox 3261 946 3578 1014; x_wconf 68' lang='grc' dir='ltr'><strong>προφήτης,</strong></span> <span class='ocrx_word' id='word_1_185' title='bbox 3598 944 3704 997; x_wconf 79' lang='grc' dir='ltr'><strong>καὶ</strong></span> 
     </span>
    </p>
   </div>
   <div class='ocr_carea' id='block_1_26' title="bbox 2103 1037 3699 1110">
    <p class='ocr_par' dir='ltr' id='par_1_26' title="bbox 2103 1037 3699 1110">
     <span class='ocr_line' id='line_1_26' title="bbox 2103 1037 3699 1110; baseline 0.001 -19"><span class='ocrx_word' id='word_1_186' title='bbox 2103 1038 2254 1103; x_wconf 85' lang='grc' dir='ltr'><strong>Θεός·</strong></span> <span class='ocrx_word' id='word_1_187' title='bbox 2286 1037 2710 1109; x_wconf 78' lang='grc' dir='ltr'><strong>ὁθενουνδήποτε</strong></span> <span class='ocrx_word' id='word_1_188' title='bbox 2748 1037 2875 1108; x_wconf 77' lang='grc' dir='ltr'><strong>ἐξῆν</strong></span> <span class='ocrx_word' id='word_1_189' title='bbox 2911 1037 3072 1091; x_wconf 82' lang='grc' dir='ltr'><strong>αὑτὸν</strong></span> <span class='ocrx_word' id='word_1_190' title='bbox 3100 1037 3391 1106; x_wconf 78' lang='grc' dir='ltr'><strong>ὀνομάσαι.</strong></span> <span class='ocrx_word' id='word_1_191' title='bbox 3422 1039 3549 1091; x_wconf 87' lang='grc' dir='ltr'><strong>Ὅτι</strong></span> <span class='ocrx_word' id='word_1_192' title='bbox 3583 1042 3699 1110; x_wconf 69' lang='grc' dir='ltr'><strong>γὰρ</strong></span> 
     </span>
    </p>
   </div>
   <div class='ocr_carea' id='block_1_27' title="bbox 2102 1124 3697 1201">
    <p class='ocr_par' dir='ltr' id='par_1_27' title="bbox 2102 1124 3697 1201">
     <span class='ocr_line' id='line_1_27' title="bbox 2102 1124 3697 1201; baseline -0.001 -17"><span class='ocrx_word' id='word_1_193' title='bbox 2102 1129 2235 1194; x_wconf 87' lang='grc' dir='ltr'>Θεὸς</span> <span class='ocrx_word' id='word_1_194' title='bbox 2258 1125 2349 1201; x_wconf 77' lang='grc' dir='ltr'><strong>ἦν,</strong></span> <span class='ocrx_word' id='word_1_195' title='bbox 2378 1127 2683 1200; x_wconf 75' lang='grc' dir='ltr'><strong>δειχθέντος</strong></span> <span class='ocrx_word' id='word_1_196' title='bbox 2705 1126 2822 1191; x_wconf 81' lang='grc' dir='ltr'><strong>τοῦ,</strong></span> <span class='ocrx_word' id='word_1_197' title='bbox 2848 1130 2898 1181; x_wconf 79' lang='lat' dir='ltr'><strong>sl</strong></span> <span class='ocrx_word' id='word_1_198' title='bbox 2931 1124 3088 1199; x_wconf 70' lang='grc' dir='ltr'><strong>ἦλθε,</strong></span> <span class='ocrx_word' id='word_1_199' title='bbox 3130 1128 3314 1200; x_wconf 73' lang='grc' dir='ltr'><strong>ῥᾴδιον</strong></span> <span class='ocrx_word' id='word_1_200' title='bbox 3350 1124 3419 1199; x_wconf 78' lang='grc' dir='ltr'><strong>ἦν</strong></span> <span class='ocrx_word' id='word_1_201' title='bbox 3445 1129 3560 1182; x_wconf 81' lang='grc' dir='ltr'><strong>ἀπὸ</strong></span> <span class='ocrx_word' id='word_1_202' title='bbox 3591 1130 3697 1199; x_wconf 80' lang='grc' dir='ltr'><strong>τῆς</strong></span> 
     </span>
    </p>
   </div>
   <div class='ocr_carea' id='block_1_28' title="bbox 2100 1220 3694 1292">
    <p class='ocr_par' dir='ltr' id='par_1_28' title="bbox 2100 1220 3694 1292">
     <span class='ocr_line' id='line_1_28' title="bbox 2100 1220 3694 1292; baseline 0 -17"><span class='ocrx_word' id='word_1_203' title='bbox 2100 1222 2245 1287; x_wconf 85' lang='grc' dir='ltr'><strong>Νέας</strong></span> <span class='ocrx_word' id='word_1_204' title='bbox 2270 1221 2491 1292; x_wconf 79' lang='grc' dir='ltr'><strong>Γραφῆς</strong></span> <span class='ocrx_word' id='word_1_205' title='bbox 2526 1220 2829 1286; x_wconf 77' lang='grc' dir='ltr'><strong>ἀποδεῖξαι.</strong></span> <span class='ocrx_word' id='word_1_206' title='bbox 2857 1220 3005 1291; x_wconf 78' lang='grc' dir='ltr'><strong>Πλὴν</strong></span> <span class='ocrx_word' id='word_1_207' title='bbox 3032 1221 3127 1274; x_wconf 75' lang='grc' dir='ltr'><strong>καὶ</strong></span> <span class='ocrx_word' id='word_1_208' title='bbox 3158 1220 3267 1274; x_wconf 79' lang='grc' dir='ltr'><strong>ἀπὸ</strong></span> <span class='ocrx_word' id='word_1_209' title='bbox 3294 1220 3396 1290; x_wconf 81' lang='grc' dir='ltr'><strong>τῆς</strong></span> <span class='ocrx_word' id='word_1_210' title='bbox 3438 1220 3694 1285; x_wconf 77' lang='grc' dir='ltr'><strong>Παλαιᾶς</strong></span> 
     </span>
    </p>
   </div>
   <div class='ocr_carea' id='block_1_29' title="bbox 2096 1311 3699 1384">
    <p class='ocr_par' dir='ltr' id='par_1_29' title="bbox 2096 1311 3699 1384">
     <span class='ocr_line' id='line_1_29' title="bbox 2096 1311 3699 1384; baseline -0.002 -18"><span class='ocrx_word' id='word_1_211' title='bbox 2096 1312 2345 1384; x_wconf 75' lang='grc' dir='ltr'><strong>δείξομεν</strong></span> <span class='ocrx_word' id='word_1_212' title='bbox 2369 1313 2546 1367; x_wconf 80' lang='grc' dir='ltr'><strong>τοῦτο.</strong></span> <span class='ocrx_word' id='word_1_213' title='bbox 2574 1312 2714 1383; x_wconf 67' lang='grc' dir='ltr'><strong>Φησὶ</strong></span> <span class='ocrx_word' id='word_1_214' title='bbox 2743 1313 2854 1381; x_wconf 79' lang='grc' dir='ltr'><strong>γάρ</strong></span> <span class='ocrx_word' id='word_1_215' title='bbox 2887 1329 2992 1366; x_wconf 82' lang='grc' dir='ltr'><strong>που</strong></span> <span class='ocrx_word' id='word_1_216' title='bbox 3014 1312 3190 1381; x_wconf 88' lang='grc' dir='ltr'><strong>λέγων</strong></span> <span class='ocrx_word' id='word_1_217' title='bbox 3210 1311 3371 1365; x_wconf 75' lang='grc' dir='ltr'><strong>τοῦτο</strong></span> <span class='ocrx_word' id='word_1_218' title='bbox 3409 1311 3699 1382; x_wconf 76' lang='grc' dir='ltr'><strong>Ἱερεμίας</strong></span> 
     </span>
    </p>
   </div>
   <div class='ocr_carea' id='block_1_30' title="bbox 2094 1401 3687 1477">
    <p class='ocr_par' dir='ltr' id='par_1_30' title="bbox 2094 1401 3687 1477">
     <span class='ocr_line' id='line_1_30' title="bbox 2094 1401 3687 1477; baseline -0.001 -16"><span class='ocrx_word' id='word_1_219' title='bbox 2094 1404 2429 1475; x_wconf 67' lang='grc' dir='ltr'><strong>ἀναφανδόν*</strong></span> <span class='ocrx_word' id='word_1_220' title='bbox 2458 1401 2650 1472; x_wconf 75' lang='grc' dir='ltr'><strong>Οὗτος</strong></span> <span class='ocrx_word' id='word_1_221' title='bbox 2678 1408 2711 1459; x_wconf 82' lang='grc' dir='ltr'><em>ὁ</em></span> <span class='ocrx_word' id='word_1_222' title='bbox 2742 1406 2887 1477; x_wconf 80' lang='grc' dir='ltr'>Θεὸς</span> <span class='ocrx_word' id='word_1_223' title='bbox 2917 1402 3108 1473; x_wconf 71' lang='grc' dir='ltr'><strong>ἡμῶν,</strong></span> <span class='ocrx_word' id='word_1_224' title='bbox 3140 1406 3213 1459; x_wconf 85' lang='grc' dir='ltr'><strong>οὐ</strong></span> <span class='ocrx_word' id='word_1_225' title='bbox 3246 1405 3687 1474; x_wconf 70' lang='grc' dir='ltr'><strong>λογισθήσεται</strong></span> 
     </span>
    </p>
   </div>
   <div class='ocr_carea' id='block_1_31' title="bbox 2095 1493 3683 1567">
    <p class='ocr_par' dir='ltr' id='par_1_31' title="bbox 2095 1493 3683 1567">
     <span class='ocr_line' id='line_1_31' title="bbox 2095 1493 3683 1567; baseline -0.003 -13"><span class='ocrx_word' id='word_1_226' title='bbox 2095 1498 2298 1567; x_wconf 78' lang='grc' dir='ltr'><strong>ἕτερος</strong></span> <span class='ocrx_word' id='word_1_227' title='bbox 2322 1497 2472 1567; x_wconf 76' lang='grc' dir='ltr'><strong>πρὸς</strong></span> <span class='ocrx_word' id='word_1_228' title='bbox 2500 1498 2722 1552; x_wconf 78' lang='grc' dir='ltr'><strong>αὐτόν’</strong></span> <span class='ocrx_word' id='word_1_229' title='bbox 2751 1495 2963 1564; x_wconf 76' lang='grc' dir='ltr'><strong>ἐξεῦρε</strong></span> <span class='ocrx_word' id='word_1_230' title='bbox 3001 1493 3211 1552; x_wconf 75' lang='grc' dir='ltr'><strong>πᾶσαν</strong></span> <span class='ocrx_word' id='word_1_231' title='bbox 3246 1496 3393 1551; x_wconf 78' lang='grc' dir='ltr'><em>ὁδὸν</em></span> <span class='ocrx_word' id='word_1_232' title='bbox 3425 1496 3683 1565; x_wconf 51' lang='lat' dir='ltr'><strong>ematu-</strong></span> 
     </span>
    </p>
   </div>
   <div class='ocr_carea' id='block_1_32' title="bbox 2091 1590 3682 1662">
    <p class='ocr_par' dir='ltr' id='par_1_32' title="bbox 2091 1590 3682 1662">
     <span class='ocr_line' id='line_1_32' title="bbox 2091 1590 3682 1662; baseline 0 -16"><span class='ocrx_word' id='word_1_233' title='bbox 2091 1608 2233 1662; x_wconf 79' lang='grc' dir='ltr'><strong>μης,</strong></span> <span class='ocrx_word' id='word_1_234' title='bbox 2281 1590 2379 1645; x_wconf 75' lang='grc' dir='ltr'><strong>καί</strong></span> <span class='ocrx_word' id='word_1_235' title='bbox 2416 1590 2643 1645; x_wconf 74' lang='grc' dir='ltr'><strong>ἔδωκεν</strong></span> <span class='ocrx_word' id='word_1_236' title='bbox 2681 1591 2878 1657; x_wconf 77' lang='grc' dir='ltr'><strong>αὐτὴν</strong></span> <span class='ocrx_word' id='word_1_237' title='bbox 2915 1590 3118 1645; x_wconf 79' lang='grc' dir='ltr'><strong>Ἰακὼϐ</strong></span> <span class='ocrx_word' id='word_1_238' title='bbox 3140 1590 3220 1656; x_wconf 83' lang='grc' dir='ltr'><strong>τῷ</strong></span> <span class='ocrx_word' id='word_1_239' title='bbox 3251 1590 3416 1645; x_wconf 76' lang='grc' dir='ltr'><strong>παιδὶ</strong></span> <span class='ocrx_word' id='word_1_240' title='bbox 3446 1591 3682 1658; x_wconf 79' lang='grc' dir='ltr'><strong>αὐτοῦ,</strong></span> 
     </span>
    </p>
   </div>
   <div class='ocr_carea' id='block_1_33' title="bbox 2093 1674 3685 1753">
    <p class='ocr_par' dir='ltr' id='par_1_33' title="bbox 2093 1674 3685 1753">
     <span class='ocr_line' id='line_1_33' title="bbox 2093 1674 3685 1753; baseline 0.001 -14"><span class='ocrx_word' id='word_1_241' title='bbox 2093 1683 2458 1752; x_wconf 72' lang='grc' dir='ltr'><strong>καὶἸσραὴλ</strong></span> <span class='ocrx_word' id='word_1_242' title='bbox 2493 1674 2572 1749; x_wconf 68' lang='grc' dir='ltr'><strong>τῷ</strong></span> <span class='ocrx_word' id='word_1_243' title='bbox 2598 1683 2961 1753; x_wconf 72' lang='grc' dir='ltr'><strong>ἠγαπημένῳ</strong></span> <span class='ocrx_word' id='word_1_244' title='bbox 2985 1684 3087 1738; x_wconf 63' lang='lat' dir='ltr'><strong>ore?</strong></span> <span class='ocrx_word' id='word_1_245' title='bbox 3109 1683 3316 1738; x_wconf 79' lang='grc' dir='ltr'><strong>αὐτοῦ.</strong></span> <span class='ocrx_word' id='word_1_246' title='bbox 3346 1683 3507 1739; x_wconf 76' lang='grc' dir='ltr'><strong>Μετὰ</strong></span> <span class='ocrx_word' id='word_1_247' title='bbox 3534 1686 3685 1741; x_wconf 62' lang='grc' dir='ltr'><strong>ταῦ.</strong></span> 
     </span>
    </p>
   </div>
   <div class='ocr_carea' id='block_1_34' title="bbox 406 1758 3681 1849">
    <p class='ocr_par' dir='ltr' id='par_1_34' title="bbox 406 1758 3681 1849">
     <span class='ocr_line' id='line_1_34' title="bbox 406 1758 3681 1849; baseline 0.002 -24"><span class='ocrx_word' id='word_1_248' title='bbox 406 1784 481 1825; x_wconf 82' lang='grc' dir='ltr'><strong>τα</strong></span> <span class='ocrx_word' id='word_1_249' title='bbox 511 1769 610 1824; x_wconf 75' lang='grc' dir='ltr'><strong>ἐπὶ</strong></span> <span class='ocrx_word' id='word_1_250' title='bbox 650 1769 762 1838; x_wconf 83' lang='grc' dir='ltr'><strong>τῆς</strong></span> <span class='ocrx_word' id='word_1_251' title='bbox 791 1770 905 1842; x_wconf 77' lang='grc' dir='ltr'><strong>γῆς</strong></span> <span class='ocrx_word' id='word_1_252' title='bbox 936 1771 1140 1842; x_wconf 59' lang='grc' dir='ltr'><strong>ὤφθη,</strong></span> <span class='ocrx_word' id='word_1_253' title='bbox 1174 1773 1275 1828; x_wconf 81' lang='grc' dir='ltr'><strong>καὶ</strong></span> <span class='ocrx_word' id='word_1_254' title='bbox 1317 1773 1443 1842; x_wconf 85' lang='grc' dir='ltr'><strong>τοῖς</strong></span> <span class='ocrx_word' id='word_1_255' title='bbox 1464 1758 1805 1843; x_wconf 64' lang='grc' dir='ltr'><strong>¹ιὶνθριὲιποιςο</strong></span> <span class='ocrx_word' id='word_1_256' title='bbox 1845 1776 2339 1848; x_wconf 64' lang='grc' dir='ltr'><strong>συνανεστράφη.</strong></span> <span class='ocrx_word' id='word_1_257' title='bbox 2404 1775 2594 1830; x_wconf 80' lang='grc' dir='ltr'><strong>Ταῦτα</strong></span> <span class='ocrx_word' id='word_1_258' title='bbox 2663 1777 2764 1847; x_wconf 78' lang='grc' dir='ltr'><strong>μὲν</strong></span> <span class='ocrx_word' id='word_1_259' title='bbox 2829 1772 2924 1831; x_wconf 73' lang='grc' dir='ltr'><strong>οὖν</strong></span> <span class='ocrx_word' id='word_1_260' title='bbox 2978 1773 3088 1829; x_wconf 73' lang='grc' dir='ltr'><strong>εἱσι</strong></span> <span class='ocrx_word' id='word_1_261' title='bbox 3126 1776 3195 1831; x_wconf 77' lang='grc' dir='ltr'><strong>τὰ</strong></span> <span class='ocrx_word' id='word_1_262' title='bbox 3228 1775 3336 1830; x_wconf 84' lang='grc' dir='ltr'><strong>τῶν</strong></span> <span class='ocrx_word' id='word_1_263' title='bbox 3381 1777 3681 1849; x_wconf 73' lang='grc' dir='ltr'><strong>Ἐϐραίων,</strong></span> 
     </span>
    </p>
   </div>
   <div class='ocr_carea' id='block_1_35' title="bbox 404 1860 1299 1932">
    <p class='ocr_par' dir='ltr' id='par_1_35' title="bbox 404 1860 1299 1932">
     <span class='ocr_line' id='line_1_35' title="bbox 404 1860 1299 1932; baseline 0.002 -17"><span class='ocrx_word' id='word_1_264' title='bbox 404 1860 503 1915; x_wconf 75' lang='grc' dir='ltr'><strong>καὶ</strong></span> <span class='ocrx_word' id='word_1_265' title='bbox 532 1860 589 1915; x_wconf 78' lang='grc' dir='ltr'><strong>αῖ</strong></span> <span class='ocrx_word' id='word_1_266' title='bbox 623 1860 759 1930; x_wconf 69' lang='grc' dir='ltr'><strong>πρὸς</strong></span> <span class='ocrx_word' id='word_1_267' title='bbox 796 1862 936 1916; x_wconf 64' lang='grc' dir='ltr'><strong>αύτὲ</strong></span> <span class='ocrx_word' id='word_1_268' title='bbox 976 1861 1299 1932; x_wconf 78' lang='grc' dir='ltr'><strong>ἀντιλογίαι.</strong></span> 
     </span>
    </p>
   </div>
   <div class='ocr_carea' id='block_1_36' title="bbox 479 1952 1983 2035">
    <p class='ocr_par' dir='ltr' id='par_1_36' title="bbox 479 1952 1983 2030">
     <span class='ocr_line' id='line_1_36' title="bbox 479 1952 1983 2030; baseline 0.003 -22"><span class='ocrx_word' id='word_1_269' title='bbox 479 1952 588 2008; x_wconf 73' lang='grc' dir='ltr'><strong>νιι.</strong></span> <span class='ocrx_word' id='word_1_270' title='bbox 621 1952 779 2009; x_wconf 79' lang='lat' dir='ltr'><strong>Nunc</strong></span> <span class='ocrx_word' id='word_1_271' title='bbox 823 1953 890 2009; x_wconf 88' lang='lat' dir='ltr'><strong>ad</strong></span> <span class='ocrx_word' id='word_1_272' title='bbox 938 1954 1414 2012; x_wconf 83' lang='lat' dir='ltr'><strong>Samaritanorum</strong></span> <span class='ocrx_word' id='word_1_273' title='bbox 1470 1971 1694 2029; x_wconf 90' lang='lat' dir='ltr'><strong>quoque</strong></span> <span class='ocrx_word' id='word_1_274' title='bbox 1738 1956 1983 2030; x_wconf 88' lang='lat' dir='ltr'><strong>dogmata</strong></span> 
     </span>
    </p>
   </div>
   <div class='ocr_carea' id='block_1_37' title="bbox 2087 1952 3681 2035">
    <p class='ocr_par' dir='ltr' id='par_1_37' title="bbox 2165 1959 3681 2035">
     <span class='ocr_line' id='line_1_37' title="bbox 2165 1959 3681 2035; baseline 0.003 -20"><span class='ocrx_word' id='word_1_275' title='bbox 2165 1959 2534 2031; x_wconf 79' lang='grc' dir='ltr'><strong>Μετέλθωμεν</strong></span> <span class='ocrx_word' id='word_1_276' title='bbox 2562 1959 2618 2015; x_wconf 76' lang='grc' dir='ltr'><strong>δὲ</strong></span> <span class='ocrx_word' id='word_1_277' title='bbox 2641 1962 2736 2014; x_wconf 64' lang='grc' dir='ltr'><strong>καὶ</strong></span> <span class='ocrx_word' id='word_1_278' title='bbox 2758 1961 2851 2015; x_wconf 68' lang='grc' dir='ltr'><strong>ἐπὶ</strong></span> <span class='ocrx_word' id='word_1_279' title='bbox 2880 1960 2949 2014; x_wconf 69' lang='grc' dir='ltr'><strong>τὰ</strong></span> <span class='ocrx_word' id='word_1_280' title='bbox 2976 1961 3227 2033; x_wconf 79' lang='grc' dir='ltr'><strong>δόγματα</strong></span> <span class='ocrx_word' id='word_1_281' title='bbox 3255 1964 3365 2017; x_wconf 82' lang='grc' dir='ltr'><strong>τῶν</strong></span> <span class='ocrx_word' id='word_1_282' title='bbox 3389 1964 3681 2035; x_wconf 81' lang='grc' dir='ltr'><strong>Σαμαρει-</strong></span> 
     </span>
    </p>
   </div>
   <div class='ocr_carea' id='block_1_38' title="bbox 405 2044 1992 2122">
    <p class='ocr_par' dir='ltr' id='par_1_38' title="bbox 405 2044 1992 2122">
     <span class='ocr_line' id='line_1_38' title="bbox 405 2044 1992 2122; baseline 0.004 -23"><span class='ocrx_word' id='word_1_283' title='bbox 405 2055 770 2102; x_wconf 89' lang='lat' dir='ltr'><strong>transcamus.</strong></span> <span class='ocrx_word' id='word_1_284' title='bbox 826 2044 933 2101; x_wconf 88' lang='lat' dir='ltr'><strong>Sed</strong></span> <span class='ocrx_word' id='word_1_285' title='bbox 970 2048 1351 2118; x_wconf 86' lang='lat' dir='ltr'><strong>cognoscenda</strong></span> <span class='ocrx_word' id='word_1_286' title='bbox 1392 2050 1549 2121; x_wconf 90' lang='lat' dir='ltr'><strong>prius</strong></span> <span class='ocrx_word' id='word_1_287' title='bbox 1575 2050 1810 2106; x_wconf 83' lang='lat' dir='ltr'><strong>historia</strong></span> <span class='ocrx_word' id='word_1_288' title='bbox 1838 2065 1992 2122; x_wconf 73' lang='lat' dir='ltr'><strong>qua:-</strong></span> 
     </span>
    </p>
   </div>
   <div class='ocr_carea' id='block_1_39' title="bbox 404 2136 1991 2201">
    <p class='ocr_par' dir='ltr' id='par_1_39' title="bbox 404 2136 1991 2201">
     <span class='ocr_line' id='line_1_39' title="bbox 404 2136 1991 2201; baseline 0.006 -13"><span class='ocrx_word' id='word_1_289' title='bbox 404 2136 554 2201; x_wconf 72' lang='lat' dir='ltr'><strong>ilam,</strong></span> <span class='ocrx_word' id='word_1_290' title='bbox 606 2136 754 2192; x_wconf 89' lang='lat' dir='ltr'><strong>unde</strong></span> <span class='ocrx_word' id='word_1_291' title='bbox 791 2138 1004 2194; x_wconf 90' lang='lat' dir='ltr'><strong>scilicet</strong></span> <span class='ocrx_word' id='word_1_292' title='bbox 1064 2138 1183 2195; x_wconf 65' lang='lat' dir='ltr'><strong>haec</strong></span> <span class='ocrx_word' id='word_1_293' title='bbox 1214 2140 1690 2198; x_wconf 85' lang='lat' dir='ltr'><strong>Samaritanorum</strong></span> <span class='ocrx_word' id='word_1_294' title='bbox 1742 2151 1862 2201; x_wconf 81' lang='lat' dir='ltr'><strong>orta</strong></span> <span class='ocrx_word' id='word_1_295' title='bbox 1917 2142 1991 2197; x_wconf 91' lang='lat' dir='ltr'><strong>sit</strong></span> 
     </span>
    </p>
   </div>
   <div class='ocr_carea' id='block_1_40' title="bbox 403 2229 1989 2307">
    <p class='ocr_par' dir='ltr' id='par_1_40' title="bbox 403 2229 1989 2307">
     <span class='ocr_line' id='line_1_40' title="bbox 403 2229 1989 2307; baseline 0.003 -22"><span class='ocrx_word' id='word_1_296' title='bbox 403 2229 654 2286; x_wconf 71' lang='lat' dir='ltr'><strong>limrcsis.</strong></span> <span class='ocrx_word' id='word_1_297' title='bbox 691 2230 987 2301; x_wconf 86' lang='lat' dir='ltr'><strong>Postquam</strong></span> <span class='ocrx_word' id='word_1_298' title='bbox 1013 2246 1144 2304; x_wconf 84' lang='lat' dir='ltr'><strong>ergo</strong></span> <span class='ocrx_word' id='word_1_299' title='bbox 1170 2232 1370 2291; x_wconf 89' lang='lat' dir='ltr'><strong>Saulus</strong></span> <span class='ocrx_word' id='word_1_300' title='bbox 1391 2235 1550 2291; x_wconf 89' lang='lat' dir='ltr'><strong>annis</strong></span> <span class='ocrx_word' id='word_1_301' title='bbox 1577 2234 1647 2290; x_wconf 78' lang='grc'><strong>40</strong></span> <span class='ocrx_word' id='word_1_302' title='bbox 1684 2244 1989 2307; x_wconf 80' lang='lat' dir='ltr'><strong>regnasset,</strong></span> 
     </span>
    </p>
   </div>
   <div class='ocr_carea' id='block_1_41' title="bbox 364 2323 1990 2401">
    <p class='ocr_par' dir='ltr' id='par_1_41' title="bbox 364 2323 1990 2401">
     <span class='ocr_line' id='line_1_41' title="bbox 364 2323 1990 2401; baseline 0.001 -19"><span class='ocrx_word' id='word_1_303' title='bbox 364 2378 371 2382; x_wconf 89' lang='lat'><strong>.</strong></span> <span class='ocrx_word' id='word_1_304' title='bbox 401 2323 666 2381; x_wconf 82' lang='lat' dir='ltr'><strong>Davidetn</strong></span> <span class='ocrx_word' id='word_1_305' title='bbox 708 2325 851 2382; x_wconf 84' lang='lat' dir='ltr'><strong>Deus</strong></span> <span class='ocrx_word' id='word_1_306' title='bbox 887 2342 919 2383; x_wconf 89' lang='lat' dir='ltr'><strong>e</strong></span> <span class='ocrx_word' id='word_1_307' title='bbox 955 2325 1097 2383; x_wconf 81' lang='lat' dir='ltr'><strong>Juda</strong></span> <span class='ocrx_word' id='word_1_308' title='bbox 1126 2326 1274 2382; x_wconf 89' lang='lat' dir='ltr'><strong>tribu</strong></span> <span class='ocrx_word' id='word_1_309' title='bbox 1307 2334 1663 2401; x_wconf 85' lang='lat' dir='ltr'><strong>prognatum,</strong></span> <span class='ocrx_word' id='word_1_310' title='bbox 1707 2329 1830 2400; x_wconf 87' lang='lat' dir='ltr'><strong>ejus</strong></span> <span class='ocrx_word' id='word_1_311' title='bbox 1866 2328 1990 2384; x_wconf 92' lang='lat' dir='ltr'><strong>loco</strong></span> 
     </span>
    </p>
   </div>
   <div class='ocr_carea' id='block_1_42' title="bbox 304 2421 1990 2494">
    <p class='ocr_par' dir='ltr' id='par_1_42' title="bbox 304 2421 1990 2494">
     <span class='ocr_line' id='line_1_42' title="bbox 304 2421 1990 2494; baseline 0.005 -23"><span class='ocrx_word' id='word_1_312' title='bbox 304 2442 315 2447; x_wconf 62' lang='grc' dir='ltr'>ν</span> <span class='ocrx_word' id='word_1_313' title='bbox 403 2434 589 2491; x_wconf 77' lang='lat' dir='ltr'><strong>regem</strong></span> <span class='ocrx_word' id='word_1_314' title='bbox 623 2421 997 2479; x_wconf 88' lang='lat' dir='ltr'><strong>lsraelitarum</strong></span> <span class='ocrx_word' id='word_1_315' title='bbox 1031 2423 1320 2480; x_wconf 90' lang='lat' dir='ltr'><strong>constituit</strong></span> <span class='ocrx_word' id='word_1_316' title='bbox 1350 2442 1364 2480; x_wconf 93' lang='lat'><strong>:</strong></span> <span class='ocrx_word' id='word_1_317' title='bbox 1402 2439 1467 2481; x_wconf 89' lang='lat' dir='ltr'><strong>ac</strong></span> <span class='ocrx_word' id='word_1_318' title='bbox 1495 2423 1717 2479; x_wconf 86' lang='lat' dir='ltr'><strong>Davidis</strong></span> <span class='ocrx_word' id='word_1_319' title='bbox 1758 2424 1990 2494; x_wconf 88' lang='lat' dir='ltr'><strong>posteri-</strong></span> 
     </span>
    </p>
   </div>
   <div class='ocr_carea' id='block_1_43' title="bbox 403 2510 1987 2590">
    <p class='ocr_par' dir='ltr' id='par_1_43' title="bbox 403 2510 1987 2590">
     <span class='ocr_line' id='line_1_43' title="bbox 403 2510 1987 2590; baseline 0.008 -28"><span class='ocrx_word' id='word_1_320' title='bbox 403 2522 486 2568; x_wconf 87' lang='lat' dir='ltr'><strong>tas</strong></span> <span class='ocrx_word' id='word_1_321' title='bbox 528 2510 583 2567; x_wconf 92' lang='lat' dir='ltr'><strong>in</strong></span> <span class='ocrx_word' id='word_1_322' title='bbox 635 2514 983 2583; x_wconf 84' lang='lat' dir='ltr'><strong>possessione</strong></span> <span class='ocrx_word' id='word_1_323' title='bbox 1015 2516 1168 2587; x_wconf 84' lang='lat' dir='ltr'><strong>regni</strong></span> <span class='ocrx_word' id='word_1_324' title='bbox 1220 2517 1461 2583; x_wconf 89' lang='lat' dir='ltr'><strong>mansit,</strong></span> <span class='ocrx_word' id='word_1_325' title='bbox 1509 2518 1640 2575; x_wconf 83' lang='lat' dir='ltr'><strong>ﬁliis</strong></span> <span class='ocrx_word' id='word_1_326' title='bbox 1692 2528 1987 2590; x_wconf 90' lang='lat' dir='ltr'><strong>parentum</strong></span> 
     </span>
    </p>
   </div>
   <div class='ocr_carea' id='block_1_44' title="bbox 403 2602 1987 2678">
    <p class='ocr_par' dir='ltr' id='par_1_44' title="bbox 403 2602 1987 2678">
     <span class='ocr_line' id='line_1_44' title="bbox 403 2602 1987 2678; baseline 0.007 -23"><span class='ocrx_word' id='word_1_327' title='bbox 403 2602 698 2673; x_wconf 88' lang='lat' dir='ltr'><strong>imperium</strong></span> <span class='ocrx_word' id='word_1_328' title='bbox 734 2605 1169 2676; x_wconf 75' lang='lat' dir='ltr'><strong>escipientibus,</strong></span> <span class='ocrx_word' id='word_1_329' title='bbox 1204 2622 1379 2678; x_wconf 87' lang='lat' dir='ltr'><strong>usque</strong></span> <span class='ocrx_word' id='word_1_330' title='bbox 1409 2607 1479 2663; x_wconf 88' lang='lat' dir='ltr'><strong>ad</strong></span> <span class='ocrx_word' id='word_1_331' title='bbox 1513 2607 1820 2665; x_wconf 87' lang='lat' dir='ltr'><strong>Sedeciam.</strong></span> <span class='ocrx_word' id='word_1_332' title='bbox 1867 2608 1987 2666; x_wconf 74' lang='lat' dir='ltr'><strong>Ca:-</strong></span> 
     </span>
    </p>
   </div>
   <div class='ocr_carea' id='block_1_45' title="bbox 403 2698 1988 2773">
    <p class='ocr_par' dir='ltr' id='par_1_45' title="bbox 403 2698 1988 2773">
     <span class='ocr_line' id='line_1_45' title="bbox 403 2698 1988 2773; baseline 0.006 -25"><span class='ocrx_word' id='word_1_333' title='bbox 403 2704 583 2750; x_wconf 89' lang='lat' dir='ltr'><strong>terum</strong></span> <span class='ocrx_word' id='word_1_334' title='bbox 619 2706 840 2753; x_wconf 92' lang='lat' dir='ltr'><strong>mortuo</strong></span> <span class='ocrx_word' id='word_1_335' title='bbox 863 2698 1070 2755; x_wconf 89' lang='lat' dir='ltr'><strong>Davide</strong></span> <span class='ocrx_word' id='word_1_336' title='bbox 1095 2714 1245 2770; x_wconf 88' lang='lat' dir='ltr'><strong>rege.</strong></span> <span class='ocrx_word' id='word_1_337' title='bbox 1278 2699 1539 2757; x_wconf 90' lang='lat' dir='ltr'><strong>Solomon</strong></span> <span class='ocrx_word' id='word_1_338' title='bbox 1572 2701 1719 2757; x_wconf 81' lang='lat' dir='ltr'><strong>ﬁlius</strong></span> <span class='ocrx_word' id='word_1_339' title='bbox 1750 2703 1873 2773; x_wconf 81' lang='lat' dir='ltr'><strong>ejus</strong></span> <span class='ocrx_word' id='word_1_340' title='bbox 1899 2718 1988 2758; x_wconf 61' lang='lat' dir='ltr'><strong>reo</strong></span> 
     </span>
    </p>
   </div>
   <div class='ocr_carea' id='block_1_46' title="bbox 399 2788 1988 2865">
    <p class='ocr_par' dir='ltr' id='par_1_46' title="bbox 399 2788 1988 2865">
     <span class='ocr_line' id='line_1_46' title="bbox 399 2788 1988 2865; baseline 0.005 -24"><span class='ocrx_word' id='word_1_341' title='bbox 399 2802 568 2857; x_wconf 78' lang='lat' dir='ltr'><strong>gnum</strong></span> <span class='ocrx_word' id='word_1_342' title='bbox 593 2790 856 2862; x_wconf 86' lang='lat' dir='ltr'><strong>suscepit.</strong></span> <span class='ocrx_word' id='word_1_343' title='bbox 886 2788 985 2847; x_wconf 87' lang='lat' dir='ltr'><strong>llic</strong></span> <span class='ocrx_word' id='word_1_344' title='bbox 999 2791 1148 2861; x_wconf 85' lang='lat' dir='ltr'><strong>juste</strong></span> <span class='ocrx_word' id='word_1_345' title='bbox 1170 2791 1367 2863; x_wconf 87' lang='lat' dir='ltr'><strong>agebat</strong></span> <span class='ocrx_word' id='word_1_346' title='bbox 1390 2793 1577 2849; x_wconf 89' lang='lat' dir='ltr'><strong>omnia</strong></span> <span class='ocrx_word' id='word_1_347' title='bbox 1607 2810 1620 2847; x_wconf 89' lang='lat'><strong>:</strong></span> <span class='ocrx_word' id='word_1_348' title='bbox 1650 2800 1988 2865; x_wconf 79' lang='lat' dir='ltr'><strong>quapropter</strong></span> 
     </span>
    </p>
   </div>
   <div class='ocr_carea' id='block_1_47' title="bbox 398 2879 1986 2955">
    <p class='ocr_par' dir='ltr' id='par_1_47' title="bbox 398 2879 1986 2955">
     <span class='ocr_line' id='line_1_47' title="bbox 398 2879 1986 2955; baseline 0.002 -18"><span class='ocrx_word' id='word_1_349' title='bbox 398 2879 452 2951; x_wconf 68' lang='lat' dir='ltr'><strong>ei</strong></span> <span class='ocrx_word' id='word_1_350' title='bbox 484 2880 630 2937; x_wconf 81' lang='lat' dir='ltr'><strong>Deus</strong></span> <span class='ocrx_word' id='word_1_351' title='bbox 647 2895 898 2954; x_wconf 86' lang='lat' dir='ltr'><strong>magnam</strong></span> <span class='ocrx_word' id='word_1_352' title='bbox 920 2882 1243 2953; x_wconf 89' lang='lat' dir='ltr'><strong>sapientiam</strong></span> <span class='ocrx_word' id='word_1_353' title='bbox 1279 2890 1718 2955; x_wconf 87' lang='lat' dir='ltr'><strong>potestatemque</strong></span> <span class='ocrx_word' id='word_1_354' title='bbox 1751 2883 1986 2955; x_wconf 84' lang='lat' dir='ltr'><strong>largitus</strong></span> 
     </span>
    </p>
   </div>
   <div class='ocr_carea' id='block_1_48' title="bbox 399 2971 1980 3042">
    <p class='ocr_par' dir='ltr' id='par_1_48' title="bbox 399 2971 1980 3042">
     <span class='ocr_line' id='line_1_48' title="bbox 399 2971 1980 3042; baseline 0.004 -16"><span class='ocrx_word' id='word_1_355' title='bbox 399 2978 506 3027; x_wconf 86' lang='lat' dir='ltr'><strong>est.</strong></span> <span class='ocrx_word' id='word_1_356' title='bbox 542 2971 751 3028; x_wconf 73' lang='lat' dir='ltr'><strong>Verum</strong></span> <span class='ocrx_word' id='word_1_357' title='bbox 784 2972 877 3029; x_wconf 85' lang='lat' dir='ltr'><strong>ubi</strong></span> <span class='ocrx_word' id='word_1_358' title='bbox 908 2975 1329 3039; x_wconf 90' lang='lat' dir='ltr'><strong>consenuisset.</strong></span> <span class='ocrx_word' id='word_1_359' title='bbox 1379 2975 1633 3031; x_wconf 85' lang='lat' dir='ltr'><strong>adoravit</strong></span> <span class='ocrx_word' id='word_1_360' title='bbox 1664 2975 1980 3042; x_wconf 87' lang='lat' dir='ltr'><strong>simulacra,</strong></span> 
     </span>
    </p>
   </div>
   <div class='ocr_carea' id='block_1_49' title="bbox 398 3062 1982 3137">
    <p class='ocr_par' dir='ltr' id='par_1_49' title="bbox 398 3062 1982 3137">
     <span class='ocr_line' id='line_1_49' title="bbox 398 3062 1982 3137; baseline 0.002 -18"><span class='ocrx_word' id='word_1_361' title='bbox 398 3062 671 3121; x_wconf 80' lang='lat' dir='ltr'><strong>uxoribus</strong></span> <span class='ocrx_word' id='word_1_362' title='bbox 702 3065 816 3123; x_wconf 86' lang='lat' dir='ltr'><strong>suis</strong></span> <span class='ocrx_word' id='word_1_363' title='bbox 838 3064 1248 3137; x_wconf 87' lang='lat' dir='ltr'><strong>obtemperans.</strong></span> <span class='ocrx_word' id='word_1_364' title='bbox 1280 3065 1454 3137; x_wconf 85' lang='lat' dir='ltr'><strong>Quam</strong></span> <span class='ocrx_word' id='word_1_365' title='bbox 1512 3067 1584 3123; x_wconf 93' lang='lat' dir='ltr'><strong>ob</strong></span> <span class='ocrx_word' id='word_1_366' title='bbox 1614 3083 1836 3124; x_wconf 83' lang='lat' dir='ltr'><strong>causam</strong></span> <span class='ocrx_word' id='word_1_367' title='bbox 1870 3068 1982 3123; x_wconf 90' lang='lat' dir='ltr'><strong>ira-</strong></span> 
     </span>
    </p>
   </div>
   <div class='ocr_carea' id='block_1_50' title="bbox 399 3155 1981 3230">
    <p class='ocr_par' dir='ltr' id='par_1_50' title="bbox 399 3155 1981 3230">
     <span class='ocr_line' id='line_1_50' title="bbox 399 3155 1981 3230; baseline 0 -15"><span class='ocrx_word' id='word_1_368' title='bbox 399 3167 492 3215; x_wconf 87' lang='lat' dir='ltr'><strong>tus</strong></span> <span class='ocrx_word' id='word_1_369' title='bbox 518 3155 684 3225; x_wconf 81' lang='lat' dir='ltr'><strong>Deus,</strong></span> <span class='ocrx_word' id='word_1_370' title='bbox 720 3159 1087 3217; x_wconf 83' lang='lat' dir='ltr'><strong>llieroboamo</strong></span> <span class='ocrx_word' id='word_1_371' title='bbox 1120 3160 1431 3218; x_wconf 87' lang='lat' dir='ltr'><strong>Solomonis</strong></span> <span class='ocrx_word' id='word_1_372' title='bbox 1476 3175 1638 3218; x_wconf 85' lang='lat' dir='ltr'><strong>servo</strong></span> <span class='ocrx_word' id='word_1_373' title='bbox 1694 3161 1862 3230; x_wconf 78' lang='lat' dir='ltr'><strong>dixit,</strong></span> <span class='ocrx_word' id='word_1_374' title='bbox 1921 3176 1981 3216; x_wconf 90' lang='lat' dir='ltr'><strong>se</strong></span> 
     </span>
    </p>
   </div>
   <div class='ocr_carea' id='block_1_51' title="bbox 398 3249 1978 3327">
    <p class='ocr_par' dir='ltr' id='par_1_51' title="bbox 398 3249 1978 3327">
     <span class='ocr_line' id='line_1_51' title="bbox 398 3249 1978 3327; baseline -0.001 -20"><span class='ocrx_word' id='word_1_375' title='bbox 398 3249 591 3308; x_wconf 86' lang='lat' dir='ltr'><strong>decem</strong></span> <span class='ocrx_word' id='word_1_376' title='bbox 664 3252 873 3308; x_wconf 91' lang='lat' dir='ltr'><strong>domini</strong></span> <span class='ocrx_word' id='word_1_377' title='bbox 938 3253 1023 3309; x_wconf 91' lang='lat' dir='ltr'><strong>sui</strong></span> <span class='ocrx_word' id='word_1_378' title='bbox 1094 3252 1325 3325; x_wconf 87' lang='lat' dir='ltr'><strong>sceptris</strong></span> <span class='ocrx_word' id='word_1_379' title='bbox 1396 3269 1525 3310; x_wconf 89' lang='lat' dir='ltr'><strong>eum</strong></span> <span class='ocrx_word' id='word_1_380' title='bbox 1593 3252 1978 3327; x_wconf 68' lang='lat' dir='ltr'><strong>praefecturum</strong></span> 
     </span>
    </p>
   </div>
   <div class='ocr_carea' id='block_1_52' title="bbox 2093 2048 3679 2125">
    <p class='ocr_par' dir='ltr' id='par_1_52' title="bbox 2093 2048 3679 2125">
     <span class='ocr_line' id='line_1_52' title="bbox 2093 2048 3679 2125; baseline 0.003 -21"><span class='ocrx_word' id='word_1_381' title='bbox 2093 2048 2225 2104; x_wconf 82' lang='grc' dir='ltr'><strong>τῶν.</strong></span> <span class='ocrx_word' id='word_1_382' title='bbox 2267 2049 2426 2103; x_wconf 71' lang='grc' dir='ltr'><strong>Ἀλλὰ</strong></span> <span class='ocrx_word' id='word_1_383' title='bbox 2462 2049 2682 2120; x_wconf 85' lang='grc' dir='ltr'><strong>πρῶτον</strong></span> <span class='ocrx_word' id='word_1_384' title='bbox 2732 2051 2974 2123; x_wconf 73' lang='grc' dir='ltr'><strong>ἱστορίαν</strong></span> <span class='ocrx_word' id='word_1_385' title='bbox 3020 2054 3143 2106; x_wconf 68' lang='grc' dir='ltr'><strong>τινα</strong></span> <span class='ocrx_word' id='word_1_386' title='bbox 3183 2054 3467 2125; x_wconf 79' lang='grc' dir='ltr'><strong>μάθωμεν,</strong></span> <span class='ocrx_word' id='word_1_387' title='bbox 3504 2057 3679 2111; x_wconf 85' lang='grc' dir='ltr'><strong>πόθεν</strong></span> 
     </span>
    </p>
   </div>
   <div class='ocr_carea' id='block_1_53' title="bbox 2095 2143 3681 2217">
    <p class='ocr_par' dir='ltr' id='par_1_53' title="bbox 2095 2143 3681 2217">
     <span class='ocr_line' id='line_1_53' title="bbox 2095 2143 3681 2217; baseline 0.003 -18"><span class='ocrx_word' id='word_1_388' title='bbox 2095 2143 2401 2213; x_wconf 82' lang='grc' dir='ltr'><strong>κατάγεται</strong></span> <span class='ocrx_word' id='word_1_389' title='bbox 2431 2144 2465 2214; x_wconf 83' lang='grc' dir='ltr'><strong>ἠ</strong></span> <span class='ocrx_word' id='word_1_390' title='bbox 2503 2143 2720 2213; x_wconf 81' lang='grc' dir='ltr'><strong>αἵρεσις</strong></span> <span class='ocrx_word' id='word_1_391' title='bbox 2763 2144 2871 2199; x_wconf 84' lang='grc' dir='ltr'><strong>τῶν</strong></span> <span class='ocrx_word' id='word_1_392' title='bbox 2903 2145 3283 2217; x_wconf 81' lang='grc' dir='ltr'><strong>Σαμαρειτῶν.</strong></span> <span class='ocrx_word' id='word_1_393' title='bbox 3307 2147 3461 2202; x_wconf 78' lang='grc' dir='ltr'><strong>Μετὰ</strong></span> <span class='ocrx_word' id='word_1_394' title='bbox 3492 2147 3587 2202; x_wconf 74' lang='grc' dir='ltr'><strong>οὖν</strong></span> <span class='ocrx_word' id='word_1_395' title='bbox 3610 2150 3681 2203; x_wconf 85' lang='grc' dir='ltr'>τὸ</span> 
     </span>
    </p>
   </div>
   <div class='ocr_carea' id='block_1_54' title="bbox 2095 2236 3675 2309">
    <p class='ocr_par' dir='ltr' id='par_1_54' title="bbox 2095 2236 3675 2309">
     <span class='ocr_line' id='line_1_54' title="bbox 2095 2236 3675 2309; baseline 0.003 -18"><span class='ocrx_word' id='word_1_396' title='bbox 2095 2236 2417 2308; x_wconf 84' lang='grc' dir='ltr'><strong>βασιλεῦσαι</strong></span> <span class='ocrx_word' id='word_1_397' title='bbox 2446 2237 2538 2291; x_wconf 86' lang='grc' dir='ltr'><strong>τὸν</strong></span> <span class='ocrx_word' id='word_1_398' title='bbox 2563 2236 2734 2291; x_wconf 78' lang='grc' dir='ltr'><strong>Σαοὺλ</strong></span> <span class='ocrx_word' id='word_1_399' title='bbox 2760 2236 2853 2307; x_wconf 76' lang='grc' dir='ltr'><strong>ἔτη</strong></span> <span class='ocrx_word' id='word_1_400' title='bbox 2886 2245 2959 2309; x_wconf 88' lang='grc' dir='ltr'><strong>μ’,</strong></span> <span class='ocrx_word' id='word_1_401' title='bbox 2984 2239 3320 2309; x_wconf 72' lang='grc' dir='ltr'><strong>κατέστησεν</strong></span> <span class='ocrx_word' id='word_1_402' title='bbox 3353 2241 3467 2293; x_wconf 79' lang='grc' dir='ltr'><strong>ἀντ’</strong></span> <span class='ocrx_word' id='word_1_403' title='bbox 3499 2241 3675 2296; x_wconf 74' lang='grc' dir='ltr'><strong>αὑτοῦ</strong></span> 
     </span>
    </p>
   </div>
   <div class='ocr_carea' id='block_1_55' title="bbox 2089 2326 3687 2402">
    <p class='ocr_par' dir='ltr' id='par_1_55' title="bbox 2089 2326 3687 2402">
     <span class='ocr_line' id='line_1_55' title="bbox 2089 2326 3687 2402; baseline -0.001 -18"><span class='ocrx_word' id='word_1_404' title='bbox 2089 2332 2120 2385; x_wconf 82' lang='grc' dir='ltr'>ὀ</span> <span class='ocrx_word' id='word_1_405' title='bbox 2148 2329 2283 2393; x_wconf 82' lang='grc' dir='ltr'><strong>Θεὸς</strong></span> <span class='ocrx_word' id='word_1_406' title='bbox 2327 2328 2421 2382; x_wconf 79' lang='grc' dir='ltr'><strong>τὸν</strong></span> <span class='ocrx_word' id='word_1_407' title='bbox 2461 2327 2627 2382; x_wconf 78' lang='grc' dir='ltr'><strong>Δαϐὶδ</strong></span> <span class='ocrx_word' id='word_1_408' title='bbox 2672 2327 2900 2398; x_wconf 82' lang='grc' dir='ltr'><strong>βασιλέα</strong></span> <span class='ocrx_word' id='word_1_409' title='bbox 2941 2328 3050 2383; x_wconf 83' lang='grc' dir='ltr'><strong>τῶν</strong></span> <span class='ocrx_word' id='word_1_410' title='bbox 3088 2330 3463 2402; x_wconf 81' lang='grc' dir='ltr'><strong>Ἰσραηλιτῶν,</strong></span> <span class='ocrx_word' id='word_1_411' title='bbox 3498 2326 3687 2401; x_wconf 58' lang='grc' dir='ltr'><strong>ἄνδρα</strong></span> 
     </span>
    </p>
   </div>
   <div class='ocr_carea' id='block_1_56' title="bbox 2014 2419 3676 2503">
    <p class='ocr_par' dir='ltr' id='par_1_56' title="bbox 2014 2419 3676 2503">
     <span class='ocr_line' id='line_1_56' title="bbox 2014 2419 3676 2503; baseline -0.001 -26"><span class='ocrx_word' id='word_1_412' title='bbox 2014 2430 2019 2439; x_wconf 85' lang='grc'><strong><em>“</em></strong></span> <span class='ocrx_word' id='word_1_413' title='bbox 2089 2422 2190 2491; x_wconf 80' lang='grc' dir='ltr'><strong>τῆς</strong></span> <span class='ocrx_word' id='word_1_414' title='bbox 2215 2421 2390 2493; x_wconf 77' lang='grc' dir='ltr'><strong>φυλῆς</strong></span> <span class='ocrx_word' id='word_1_415' title='bbox 2420 2420 2612 2503; x_wconf 79' lang='grc' dir='ltr'><strong>Ἰούδα·</strong></span> <span class='ocrx_word' id='word_1_416' title='bbox 2642 2419 2737 2475; x_wconf 77' lang='grc' dir='ltr'><strong>καὶ</strong></span> <span class='ocrx_word' id='word_1_417' title='bbox 2770 2419 2988 2492; x_wconf 74' lang='grc' dir='ltr'><strong>ἔμεινεν</strong></span> <span class='ocrx_word' id='word_1_418' title='bbox 3012 2423 3046 2492; x_wconf 76' lang='grc' dir='ltr'><strong>ἡ</strong></span> <span class='ocrx_word' id='word_1_419' title='bbox 3068 2423 3236 2490; x_wconf 77' lang='grc' dir='ltr'><strong>γενεὰ</strong></span> <span class='ocrx_word' id='word_1_420' title='bbox 3261 2422 3353 2477; x_wconf 84' lang='grc' dir='ltr'><strong>τοῦ</strong></span> <span class='ocrx_word' id='word_1_421' title='bbox 3376 2421 3543 2477; x_wconf 76' lang='grc' dir='ltr'><strong>Δαϐὶδ</strong></span> <span class='ocrx_word' id='word_1_422' title='bbox 3570 2422 3676 2493; x_wconf 78' lang='grc' dir='ltr'><strong>βα-</strong></span> 
     </span>
    </p>
   </div>
   <div class='ocr_carea' id='block_1_57' title="bbox 2091 2508 3679 2588">
    <p class='ocr_par' dir='ltr' id='par_1_57' title="bbox 2091 2508 3679 2588">
     <span class='ocr_line' id='line_1_57' title="bbox 2091 2508 3679 2588; baseline -0.001 -19"><span class='ocrx_word' id='word_1_423' title='bbox 2091 2514 2413 2579; x_wconf 83' lang='grc' dir='ltr'><strong>σιλεύουσα,</strong></span> <span class='ocrx_word' id='word_1_424' title='bbox 2450 2515 2581 2577; x_wconf 86' lang='grc' dir='ltr'><strong>παῖς</strong></span> <span class='ocrx_word' id='word_1_425' title='bbox 2618 2514 2770 2588; x_wconf 77' lang='grc' dir='ltr'><strong>παρὰ</strong></span> <span class='ocrx_word' id='word_1_426' title='bbox 2804 2513 3012 2585; x_wconf 87' lang='grc' dir='ltr'><strong>πατρὸς</strong></span> <span class='ocrx_word' id='word_1_427' title='bbox 3043 2514 3402 2585; x_wconf 74' lang='grc' dir='ltr'><strong>ἐκδεχόμενος</strong></span> <span class='ocrx_word' id='word_1_428' title='bbox 3431 2514 3530 2585; x_wconf 83' lang='grc' dir='ltr'><strong>τὴν</strong></span> <span class='ocrx_word' id='word_1_429' title='bbox 3564 2508 3679 2585; x_wconf 47' lang='lat' dir='ltr'><strong>dp?</strong></span> 
     </span>
    </p>
   </div>
   <div class='ocr_carea' id='block_1_58' title="bbox 2089 2603 3669 2679">
    <p class='ocr_par' dir='ltr' id='par_1_58' title="bbox 2089 2603 3669 2679">
     <span class='ocr_line' id='line_1_58' title="bbox 2089 2603 3669 2679; baseline 0.002 -22"><span class='ocrx_word' id='word_1_430' title='bbox 2089 2604 2212 2678; x_wconf 76' lang='grc' dir='ltr'><strong>χὴν,</strong></span> <span class='ocrx_word' id='word_1_431' title='bbox 2247 2606 2406 2679; x_wconf 83' lang='grc' dir='ltr'><strong>μέχρι</strong></span> <span class='ocrx_word' id='word_1_432' title='bbox 2437 2604 2713 2659; x_wconf 83' lang='grc' dir='ltr'><strong>Σεδεκίου.</strong></span> <span class='ocrx_word' id='word_1_433' title='bbox 2756 2603 3148 2670; x_wconf 79' lang='grc' dir='ltr'><strong>Ἀποθανόντος</strong></span> <span class='ocrx_word' id='word_1_434' title='bbox 3175 2606 3232 2660; x_wconf 78' lang='grc' dir='ltr'><strong>δὲ</strong></span> <span class='ocrx_word' id='word_1_435' title='bbox 3274 2606 3369 2660; x_wconf 85' lang='grc' dir='ltr'><strong>τοῦ</strong></span> <span class='ocrx_word' id='word_1_436' title='bbox 3403 2605 3669 2676; x_wconf 81' lang='grc' dir='ltr'><strong>βασιλέως</strong></span> 
     </span>
    </p>
   </div>
   <div class='ocr_carea' id='block_1_59' title="bbox 2088 2695 3666 2766">
    <p class='ocr_par' dir='ltr' id='par_1_59' title="bbox 2088 2695 3666 2766">
     <span class='ocr_line' id='line_1_59' title="bbox 2088 2695 3666 2766; baseline -0.001 -15"><span class='ocrx_word' id='word_1_437' title='bbox 2088 2697 2272 2760; x_wconf 74' lang='grc' dir='ltr'><strong>Δασὶδ,</strong></span> <span class='ocrx_word' id='word_1_438' title='bbox 2302 2699 2331 2751; x_wconf 86' lang='grc' dir='ltr'><strong>ό</strong></span> <span class='ocrx_word' id='word_1_439' title='bbox 2374 2695 2626 2766; x_wconf 84' lang='grc' dir='ltr'><strong>Σολομῶν</strong></span> <span class='ocrx_word' id='word_1_440' title='bbox 2667 2697 2697 2750; x_wconf 79' lang='grc' dir='ltr'><strong>ὁ</strong></span> <span class='ocrx_word' id='word_1_441' title='bbox 2745 2695 2862 2759; x_wconf 84' lang='grc' dir='ltr'><strong>υἱὸς</strong></span> <span class='ocrx_word' id='word_1_442' title='bbox 2893 2695 3058 2750; x_wconf 82' lang='grc' dir='ltr'><strong>αύτοῦ</strong></span> <span class='ocrx_word' id='word_1_443' title='bbox 3097 2696 3316 2762; x_wconf 72' lang='grc' dir='ltr'><strong>ἐδέξατο</strong></span> <span class='ocrx_word' id='word_1_444' title='bbox 3362 2697 3462 2766; x_wconf 74' lang='grc' dir='ltr'><strong>τὴν</strong></span> <span class='ocrx_word' id='word_1_445' title='bbox 3508 2696 3666 2766; x_wconf 83' lang='grc' dir='ltr'><strong>βασι-</strong></span> 
     </span>
    </p>
   </div>
   <div class='ocr_carea' id='block_1_60' title="bbox 2086 2782 3660 2859">
    <p class='ocr_par' dir='ltr' id='par_1_60' title="bbox 2086 2782 3660 2859">
     <span class='ocr_line' id='line_1_60' title="bbox 2086 2782 3660 2859; baseline -0.002 -16"><span class='ocrx_word' id='word_1_446' title='bbox 2086 2789 2260 2843; x_wconf 89' lang='grc' dir='ltr'><strong>λείαν.</strong></span> <span class='ocrx_word' id='word_1_447' title='bbox 2278 2782 2447 2853; x_wconf 71' lang='grc' dir='ltr'><strong>Οὗτος</strong></span> <span class='ocrx_word' id='word_1_448' title='bbox 2471 2788 2572 2857; x_wconf 81' lang='grc' dir='ltr'><strong>μὲν</strong></span> <span class='ocrx_word' id='word_1_449' title='bbox 2594 2783 2689 2843; x_wconf 82' lang='grc' dir='ltr'><strong>οὖν</strong></span> <span class='ocrx_word' id='word_1_450' title='bbox 2710 2789 2893 2843; x_wconf 70' lang='grc' dir='ltr'><strong>πάντα</strong></span> <span class='ocrx_word' id='word_1_451' title='bbox 2921 2789 3059 2859; x_wconf 80' lang='grc' dir='ltr'><strong>μετὰ</strong></span> <span class='ocrx_word' id='word_1_452' title='bbox 3084 2787 3432 2857; x_wconf 74' lang='grc' dir='ltr'><strong>δικαιοσύνης</strong></span> <span class='ocrx_word' id='word_1_453' title='bbox 3454 2786 3660 2857; x_wconf 72' lang='grc' dir='ltr'><strong>ἔπρατ-</strong></span> 
     </span>
    </p>
   </div>
   <div class='ocr_carea' id='block_1_61' title="bbox 2085 2877 3652 2951">
    <p class='ocr_par' dir='ltr' id='par_1_61' title="bbox 2085 2877 3652 2951">
     <span class='ocr_line' id='line_1_61' title="bbox 2085 2877 3652 2951; baseline -0.003 -18"><span class='ocrx_word' id='word_1_454' title='bbox 2085 2897 2196 2942; x_wconf 85' lang='grc' dir='ltr'><strong>τεν,</strong></span> <span class='ocrx_word' id='word_1_455' title='bbox 2231 2878 2354 2935; x_wconf 86' lang='grc' dir='ltr'><strong>ὃθεν</strong></span> <span class='ocrx_word' id='word_1_456' title='bbox 2383 2881 2411 2934; x_wconf 83' lang='grc' dir='ltr'>ὁ</span> <span class='ocrx_word' id='word_1_457' title='bbox 2441 2878 2575 2944; x_wconf 83' lang='grc' dir='ltr'>Θεὸς</span> <span class='ocrx_word' id='word_1_458' title='bbox 2599 2879 2802 2950; x_wconf 75' lang='grc' dir='ltr'><strong>πολλὴν</strong></span> <span class='ocrx_word' id='word_1_459' title='bbox 2833 2880 2982 2951; x_wconf 88' lang='grc' dir='ltr'><strong>αύτῷ</strong></span> <span class='ocrx_word' id='word_1_460' title='bbox 2997 2881 3187 2948; x_wconf 68' lang='grc' dir='ltr'><strong>σοφίαν</strong></span> <span class='ocrx_word' id='word_1_461' title='bbox 3212 2879 3304 2931; x_wconf 74' lang='grc' dir='ltr'><strong>καὶ</strong></span> <span class='ocrx_word' id='word_1_462' title='bbox 3333 2877 3652 2931; x_wconf 74' lang='grc' dir='ltr'><strong>δυναστείαν</strong></span> 
     </span>
    </p>
   </div>
   <div class='ocr_carea' id='block_1_62' title="bbox 2086 2967 3636 3045">
    <p class='ocr_par' dir='ltr' id='par_1_62' title="bbox 2086 2967 3636 3045">
     <span class='ocr_line' id='line_1_62' title="bbox 2086 2967 3636 3045; baseline -0.005 -18"><span class='ocrx_word' id='word_1_463' title='bbox 2086 2973 2401 3045; x_wconf 77' lang='grc' dir='ltr'><strong>ἐχαρίσατο.</strong></span> <span class='ocrx_word' id='word_1_464' title='bbox 2447 2972 2706 3043; x_wconf 77' lang='grc' dir='ltr'><strong>Γηράσας</strong></span> <span class='ocrx_word' id='word_1_465' title='bbox 2759 2971 2844 3036; x_wconf 78' lang='grc' dir='ltr'><strong>δι.</strong></span> <span class='ocrx_word' id='word_1_466' title='bbox 2900 2972 3300 3041; x_wconf 80' lang='grc' dir='ltr'><strong>προσεκύνησεν</strong></span> <span class='ocrx_word' id='word_1_467' title='bbox 3362 2967 3636 3033; x_wconf 79' lang='grc' dir='ltr'><strong>είδὼλοις,</strong></span> 
     </span>
    </p>
   </div>
   <div class='ocr_carea' id='block_1_63' title="bbox 2086 3059 3632 3138">
    <p class='ocr_par' dir='ltr' id='par_1_63' title="bbox 2086 3059 3632 3138">
     <span class='ocr_line' id='line_1_63' title="bbox 2086 3059 3632 3138; baseline -0.005 -19"><span class='ocrx_word' id='word_1_468' title='bbox 2086 3065 2410 3138; x_wconf 81' lang='grc' dir='ltr'><strong>πειθόμενος</strong></span> <span class='ocrx_word' id='word_1_469' title='bbox 2441 3067 2562 3129; x_wconf 86' lang='grc' dir='ltr'><strong>ταῖς</strong></span> <span class='ocrx_word' id='word_1_470' title='bbox 2596 3063 2792 3120; x_wconf 71' lang='grc' dir='ltr'><strong>ἑαυτοῦ</strong></span> <span class='ocrx_word' id='word_1_471' title='bbox 2823 3063 3078 3133; x_wconf 77' lang='grc' dir='ltr'><strong>γυναιξίν.</strong></span> <span class='ocrx_word' id='word_1_472' title='bbox 3101 3061 3264 3116; x_wconf 86' lang='grc' dir='ltr'><strong>Ὀθεν</strong></span> <span class='ocrx_word' id='word_1_473' title='bbox 3299 3059 3575 3131; x_wconf 74' lang='grc' dir='ltr'><strong>ὀργισθεὶς</strong></span> <span class='ocrx_word' id='word_1_474' title='bbox 3604 3060 3632 3112; x_wconf 79' lang='lat'><strong><em>6</em></strong></span> 
     </span>
    </p>
   </div>
   <div class='ocr_carea' id='block_1_64' title="bbox 2084 3152 3632 3231">
    <p class='ocr_par' dir='ltr' id='par_1_64' title="bbox 2084 3152 3632 3231">
     <span class='ocr_line' id='line_1_64' title="bbox 2084 3152 3632 3231; baseline -0.005 -18"><span class='ocrx_word' id='word_1_475' title='bbox 2084 3158 2235 3223; x_wconf 86' lang='grc' dir='ltr'><strong>Θεὸς,</strong></span> <span class='ocrx_word' id='word_1_476' title='bbox 2292 3155 2446 3213; x_wconf 72' lang='grc' dir='ltr'><strong>εἷπεν</strong></span> <span class='ocrx_word' id='word_1_477' title='bbox 2490 3158 2794 3230; x_wconf 74' lang='grc' dir='ltr'><strong>Ίεροόοὰμ,</strong></span> <span class='ocrx_word' id='word_1_478' title='bbox 2831 3157 2906 3229; x_wconf 79' lang='grc' dir='ltr'><strong>τῷ</strong></span> <span class='ocrx_word' id='word_1_479' title='bbox 2944 3156 3111 3227; x_wconf 83' lang='grc' dir='ltr'><strong>δούλῳ</strong></span> <span class='ocrx_word' id='word_1_480' title='bbox 3136 3153 3343 3231; x_wconf 69' lang='grc' dir='ltr'><strong>αὐτοῦ,</strong></span> <span class='ocrx_word' id='word_1_481' title='bbox 3372 3154 3455 3206; x_wconf 78' lang='grc' dir='ltr'><strong>ὅτι</strong></span> <span class='ocrx_word' id='word_1_482' title='bbox 3506 3152 3632 3206; x_wconf 66' lang='grc' dir='ltr'><strong>Ἐὰν</strong></span> 
     </span>
    </p>
   </div>
   <div class='ocr_carea' id='block_1_65' title="bbox 2085 3245 3640 3324">
    <p class='ocr_par' dir='ltr' id='par_1_65' title="bbox 2085 3245 3640 3324">
     <span class='ocr_line' id='line_1_65' title="bbox 2085 3245 3640 3324; baseline -0.005 -18"><span class='ocrx_word' id='word_1_483' title='bbox 2085 3254 2321 3324; x_wconf 72' lang='grc' dir='ltr'><strong>ποιήσῃς</strong></span> <span class='ocrx_word' id='word_1_484' title='bbox 2361 3250 2423 3306; x_wconf 83' lang='grc' dir='ltr'>τὸ</span> <span class='ocrx_word' id='word_1_485' title='bbox 2455 3250 2669 3322; x_wconf 78' lang='grc' dir='ltr'><strong>θέλημά</strong></span> <span class='ocrx_word' id='word_1_486' title='bbox 2713 3270 2854 3323; x_wconf 88' lang='grc' dir='ltr'><strong>μου,</strong></span> <span class='ocrx_word' id='word_1_487' title='bbox 2909 3251 3002 3304; x_wconf 70' lang='grc' dir='ltr'><strong>ἰπὶ</strong></span> <span class='ocrx_word' id='word_1_488' title='bbox 3042 3249 3171 3303; x_wconf 84' lang='grc' dir='ltr'><strong>δέκα</strong></span> <span class='ocrx_word' id='word_1_489' title='bbox 3217 3250 3506 3319; x_wconf 75' lang='grc' dir='ltr'><strong>σκήπτρων</strong></span> <span class='ocrx_word' id='word_1_490' title='bbox 3535 3245 3640 3301; x_wconf 74' lang='grc' dir='ltr'><strong>τοῦ</strong></span> 
     </span>
    </p>
   </div>
   <div class='ocr_carea' id='block_1_66' title="bbox 398 3319 1983 3417">
    <p class='ocr_par' dir='ltr' id='par_1_66' title="bbox 398 3319 1978 3417">
     <span class='ocr_line' id='line_1_66' title="bbox 398 3319 1978 3417; baseline 0.002 -17"><span class='ocrx_word' id='word_1_491' title='bbox 398 3359 617 3415; x_wconf 85' lang='lat' dir='ltr'><strong>regem,</strong></span> <span class='ocrx_word' id='word_1_492' title='bbox 649 3344 695 3401; x_wconf 93' lang='lat' dir='ltr'><strong>si</strong></span> <span class='ocrx_word' id='word_1_493' title='bbox 733 3345 1007 3409; x_wconf 87' lang='lat' dir='ltr'><strong>voluntati</strong></span> <span class='ocrx_word' id='word_1_494' title='bbox 1054 3319 1259 3402; x_wconf 69' lang='lat' dir='ltr'><strong>divina:</strong></span> <span class='ocrx_word' id='word_1_495' title='bbox 1305 3319 1810 3417; x_wconf 35' lang='lat' dir='ltr'><strong>pariturusvesset:</strong></span> <span class='ocrx_word' id='word_1_496' title='bbox 1848 3346 1978 3403; x_wconf 89' lang='lat' dir='ltr'><strong>reli-</strong></span> 
     </span>
    </p>
   </div>
   <div class='ocr_carea' id='block_1_67' title="bbox 2087 3319 3652 3417">
    <p class='ocr_par' dir='ltr' id='par_1_67' title="bbox 2087 3319 3652 3415">
     <span class='ocr_line' id='line_1_67' title="bbox 2087 3319 3652 3415; baseline -0.004 -15"><span class='ocrx_word' id='word_1_497' title='bbox 2087 3319 2344 3401; x_wconf 74' lang='grc' dir='ltr'><strong>δεσπότου</strong></span> <span class='ocrx_word' id='word_1_498' title='bbox 2376 3361 2472 3399; x_wconf 88' lang='grc' dir='ltr'><strong>σου</strong></span> <span class='ocrx_word' id='word_1_499' title='bbox 2503 3319 2835 3411; x_wconf 57' lang='grc' dir='ltr'><strong>καταστήσω</strong></span> <span class='ocrx_word' id='word_1_500' title='bbox 2883 3361 2944 3399; x_wconf 85' lang='grc' dir='ltr'><strong>σε</strong></span> <span class='ocrx_word' id='word_1_501' title='bbox 2978 3342 3229 3415; x_wconf 80' lang='grc' dir='ltr'><strong>βασιλέα·</strong></span> <span class='ocrx_word' id='word_1_502' title='bbox 3262 3341 3330 3396; x_wconf 84' lang='grc' dir='ltr'><strong>τὰ</strong></span> <span class='ocrx_word' id='word_1_503' title='bbox 3374 3342 3483 3410; x_wconf 83' lang='grc' dir='ltr'><strong>γὰρ</strong></span> <span class='ocrx_word' id='word_1_504' title='bbox 3518 3339 3652 3394; x_wconf 75' lang='grc' dir='ltr'><strong>ἄλλα</strong></span> 
     </span>
    </p>
   </div>
   <div class='ocr_carea' id='block_1_68' title="bbox 396 3436 1977 3509">
    <p class='ocr_par' dir='ltr' id='par_1_68' title="bbox 396 3436 1977 3509">
     <span class='ocr_line' id='line_1_68' title="bbox 396 3436 1977 3509; baseline 0.002 -18"><span class='ocrx_word' id='word_1_505' title='bbox 396 3452 510 3509; x_wconf 79' lang='lat' dir='ltr'><strong>qua</strong></span> <span class='ocrx_word' id='word_1_506' title='bbox 537 3436 763 3508; x_wconf 89' lang='lat' dir='ltr'><strong>quidem</strong></span> <span class='ocrx_word' id='word_1_507' title='bbox 802 3436 915 3492; x_wconf 91' lang='lat' dir='ltr'><strong>duo</strong></span> <span class='ocrx_word' id='word_1_508' title='bbox 956 3446 1173 3509; x_wconf 89' lang='lat' dir='ltr'><strong>sceptra</strong></span> <span class='ocrx_word' id='word_1_509' title='bbox 1211 3437 1497 3494; x_wconf 88' lang='lat' dir='ltr'><strong>Solomoni</strong></span> <span class='ocrx_word' id='word_1_510' title='bbox 1546 3454 1605 3495; x_wconf 86' lang='lat' dir='ltr'><strong>se</strong></span> <span class='ocrx_word' id='word_1_511' title='bbox 1635 3438 1977 3505; x_wconf 87' lang='lat' dir='ltr'><strong>relicturum,</strong></span> 
     </span>
    </p>
   </div>
   <div class='ocr_carea' id='block_1_69' title="bbox 395 3532 1981 3606">
    <p class='ocr_par' dir='ltr' id='par_1_69' title="bbox 395 3532 1981 3606">
     <span class='ocr_line' id='line_1_69' title="bbox 395 3532 1981 3606; baseline 0.003 -21"><span class='ocrx_word' id='word_1_512' title='bbox 395 3546 628 3603; x_wconf 84' lang='lat' dir='ltr'><strong>propter</strong></span> <span class='ocrx_word' id='word_1_513' title='bbox 679 3541 893 3603; x_wconf 87' lang='lat' dir='ltr'><strong>patrem</strong></span> <span class='ocrx_word' id='word_1_514' title='bbox 939 3532 1117 3604; x_wconf 89' lang='lat' dir='ltr'><strong>ipsius</strong></span> <span class='ocrx_word' id='word_1_515' title='bbox 1150 3533 1411 3590; x_wconf 88' lang='lat' dir='ltr'><strong>Davidem</strong></span> <span class='ocrx_word' id='word_1_516' title='bbox 1450 3552 1463 3591; x_wconf 90' lang='lat'>:</span> <span class='ocrx_word' id='word_1_517' title='bbox 1497 3543 1660 3605; x_wconf 90' lang='lat' dir='ltr'><strong>atque</strong></span> <span class='ocrx_word' id='word_1_518' title='bbox 1690 3534 1806 3590; x_wconf 70' lang='lat' dir='ltr'><strong>haec</strong></span> <span class='ocrx_word' id='word_1_519' title='bbox 1857 3544 1981 3606; x_wconf 88' lang='lat' dir='ltr'><strong>post</strong></span> 
     </span>
    </p>
   </div>
   <div class='ocr_carea' id='block_1_70' title="bbox 395 3624 1978 3698">
    <p class='ocr_par' dir='ltr' id='par_1_70' title="bbox 395 3624 1978 3698">
     <span class='ocr_line' id='line_1_70' title="bbox 395 3624 1978 3698; baseline 0.001 -18"><span class='ocrx_word' id='word_1_520' title='bbox 395 3630 632 3681; x_wconf 86' lang='lat' dir='ltr'><strong>mortem</strong></span> <span class='ocrx_word' id='word_1_521' title='bbox 666 3624 979 3683; x_wconf 88' lang='lat' dir='ltr'><strong>Solomonis</strong></span> <span class='ocrx_word' id='word_1_522' title='bbox 1010 3626 1251 3698; x_wconf 88' lang='lat' dir='ltr'><strong>primum</strong></span> <span class='ocrx_word' id='word_1_523' title='bbox 1299 3637 1589 3684; x_wconf 83' lang='lat' dir='ltr'><strong>eventura.</strong></span> <span class='ocrx_word' id='word_1_524' title='bbox 1621 3628 1757 3684; x_wconf 89' lang='lat' dir='ltr'><strong>Cum</strong></span> <span class='ocrx_word' id='word_1_525' title='bbox 1792 3637 1978 3683; x_wconf 87' lang='lat' dir='ltr'><strong>autem</strong></span> 
     </span>
    </p>
   </div>
   <div class='ocr_carea' id='block_1_71' title="bbox 394 3715 1981 3790">
    <p class='ocr_par' dir='ltr' id='par_1_71' title="bbox 394 3715 1981 3790">
     <span class='ocr_line' id='line_1_71' title="bbox 394 3715 1981 3790; baseline 0.005 -21"><span class='ocrx_word' id='word_1_526' title='bbox 394 3724 653 3773; x_wconf 86' lang='lat' dir='ltr'><strong>mortuus</strong></span> <span class='ocrx_word' id='word_1_527' title='bbox 680 3715 878 3773; x_wconf 78' lang='lat' dir='ltr'><strong>fuisset</strong></span> <span class='ocrx_word' id='word_1_528' title='bbox 912 3716 1170 3774; x_wconf 90' lang='lat' dir='ltr'><strong>Solomon</strong></span> <span class='ocrx_word' id='word_1_529' title='bbox 1198 3758 1213 3782; x_wconf 91' lang='lat'><strong>,</strong></span> <span class='ocrx_word' id='word_1_530' title='bbox 1253 3717 1399 3774; x_wconf 77' lang='lat' dir='ltr'><strong>illius</strong></span> <span class='ocrx_word' id='word_1_531' title='bbox 1456 3718 1631 3790; x_wconf 89' lang='lat' dir='ltr'><strong>ipsius</strong></span> <span class='ocrx_word' id='word_1_532' title='bbox 1662 3718 1981 3777; x_wconf 85' lang='lat' dir='ltr'><strong>Roboamus</strong></span> 
     </span>
    </p>
   </div>
   <div class='ocr_carea' id='block_1_72' title="bbox 396 3807 1980 3881">
    <p class='ocr_par' dir='ltr' id='par_1_72' title="bbox 396 3807 1980 3881">
     <span class='ocr_line' id='line_1_72' title="bbox 396 3807 1980 3881; baseline 0.001 -17"><span class='ocrx_word' id='word_1_533' title='bbox 396 3807 453 3864; x_wconf 87' lang='lat' dir='ltr'><strong>in</strong></span> <span class='ocrx_word' id='word_1_534' title='bbox 485 3808 636 3878; x_wconf 76' lang='lat' dir='ltr'><strong>regni</strong></span> <span class='ocrx_word' id='word_1_535' title='bbox 666 3808 1013 3878; x_wconf 87' lang='lat' dir='ltr'><strong>possessione</strong></span> <span class='ocrx_word' id='word_1_536' title='bbox 1045 3824 1407 3867; x_wconf 87' lang='lat' dir='ltr'><strong>successurus</strong></span> <span class='ocrx_word' id='word_1_537' title='bbox 1434 3818 1575 3865; x_wconf 88' lang='lat' dir='ltr'><strong>erat.</strong></span> <span class='ocrx_word' id='word_1_538' title='bbox 1626 3809 1816 3881; x_wconf 84' lang='lat' dir='ltr'><strong>Itaque</strong></span> <span class='ocrx_word' id='word_1_539' title='bbox 1867 3810 1980 3866; x_wconf 87' lang='lat' dir='ltr'><strong>col-</strong></span> 
     </span>
    </p>
   </div>
   <div class='ocr_carea' id='block_1_73' title="bbox 349 3896 1974 3975">
    <p class='ocr_par' dir='ltr' id='par_1_73' title="bbox 349 3896 1974 3975">
     <span class='ocr_line' id='line_1_73' title="bbox 349 3896 1974 3975; baseline 0.002 -22"><span class='ocrx_word' id='word_1_540' title='bbox 349 3966 355 3975; x_wconf 29' lang='lat'><strong>.</strong></span> <span class='ocrx_word' id='word_1_541' title='bbox 393 3897 523 3953; x_wconf 82' lang='lat' dir='ltr'><strong>lecti</strong></span> <span class='ocrx_word' id='word_1_542' title='bbox 576 3896 646 3954; x_wconf 85' lang='lat' dir='ltr'><strong>ad</strong></span> <span class='ocrx_word' id='word_1_543' title='bbox 700 3898 878 3969; x_wconf 89' lang='lat' dir='ltr'><strong>ipsum</strong></span> <span class='ocrx_word' id='word_1_544' title='bbox 916 3897 1209 3960; x_wconf 66' lang='lat' dir='ltr'><strong>lsraelilm.</strong></span> <span class='ocrx_word' id='word_1_545' title='bbox 1238 3899 1320 3955; x_wconf 87' lang='lat' dir='ltr'><strong>sic</strong></span> <span class='ocrx_word' id='word_1_546' title='bbox 1358 3915 1485 3955; x_wconf 89' lang='lat' dir='ltr'><strong>eum</strong></span> <span class='ocrx_word' id='word_1_547' title='bbox 1532 3900 1974 3971; x_wconf 87' lang='lat' dir='ltr'><strong>compellavcre:</strong></span> 
     </span>
    </p>
   </div>
   <div class='ocr_carea' id='block_1_74' title="bbox 392 3989 1976 4064">
    <p class='ocr_par' dir='ltr' id='par_1_74' title="bbox 392 3989 1976 4064">
     <span class='ocr_line' id='line_1_74' title="bbox 392 3989 1976 4064; baseline 0.001 -17"><span class='ocrx_word' id='word_1_548' title='bbox 392 3989 566 4047; x_wconf 83' lang='lat' dir='ltr'><strong>Nimis</strong></span> <span class='ocrx_word' id='word_1_549' title='bbox 603 3991 755 4061; x_wconf 78' lang='lat' dir='ltr'><strong>gravi</strong></span> <span class='ocrx_word' id='word_1_550' title='bbox 785 4007 878 4046; x_wconf 87' lang='lat' dir='ltr'><strong>nos</strong></span> <span class='ocrx_word' id='word_1_551' title='bbox 911 3991 1046 4062; x_wconf 83' lang='lat' dir='ltr'><strong>jugo</strong></span> <span class='ocrx_word' id='word_1_552' title='bbox 1089 3999 1244 4063; x_wconf 83' lang='lat' dir='ltr'><strong>pater</strong></span> <span class='ocrx_word' id='word_1_553' title='bbox 1284 4000 1406 4048; x_wconf 85' lang='lat' dir='ltr'><strong>tuus</strong></span> <span class='ocrx_word' id='word_1_554' title='bbox 1458 3993 1719 4064; x_wconf 79' lang='lat' dir='ltr'><strong>oppressi!</strong></span> <span class='ocrx_word' id='word_1_555' title='bbox 1749 4009 1769 4049; x_wconf 91' lang='lat'><strong><em>:</em></strong></span> <span class='ocrx_word' id='word_1_556' title='bbox 1799 4002 1855 4047; x_wconf 87' lang='lat' dir='ltr'><strong>tu</strong></span> <span class='ocrx_word' id='word_1_557' title='bbox 1892 3994 1976 4063; x_wconf 82' lang='lat' dir='ltr'><strong>fac</strong></span> 
     </span>
    </p>
   </div>
   <div class='ocr_carea' id='block_1_75' title="bbox 394 4079 1976 4153">
    <p class='ocr_par' dir='ltr' id='par_1_75' title="bbox 394 4079 1976 4153">
     <span class='ocr_line' id='line_1_75' title="bbox 394 4079 1976 4153; baseline 0.003 -16"><span class='ocrx_word' id='word_1_558' title='bbox 394 4079 720 4140; x_wconf 72' lang='lat' dir='ltr'><strong>tolerabilius</strong></span> <span class='ocrx_word' id='word_1_559' title='bbox 746 4080 1014 4153; x_wconf 77' lang='lat' dir='ltr'><strong>leviusque</strong></span> <span class='ocrx_word' id='word_1_560' title='bbox 1036 4084 1127 4145; x_wconf 86' lang='lat' dir='ltr'><strong>sit,</strong></span> <span class='ocrx_word' id='word_1_561' title='bbox 1153 4092 1202 4138; x_wconf 88' lang='lat' dir='ltr'><strong>et</strong></span> <span class='ocrx_word' id='word_1_562' title='bbox 1234 4085 1521 4141; x_wconf 82' lang='lat' dir='ltr'><strong>serviemus</strong></span> <span class='ocrx_word' id='word_1_563' title='bbox 1560 4083 1652 4141; x_wconf 75' lang='lat' dir='ltr'><strong>tibi</strong></span> <span class='ocrx_word' id='word_1_564' title='bbox 1676 4083 1739 4138; x_wconf 79' lang='lat'><strong>&quot;.</strong></span> <span class='ocrx_word' id='word_1_565' title='bbox 1783 4084 1868 4142; x_wconf 81' lang='lat' dir='ltr'><strong>Ad</strong></span> <span class='ocrx_word' id='word_1_566' title='bbox 1910 4100 1976 4142; x_wconf 87' lang='lat' dir='ltr'><strong>ea</strong></span> 
     </span>
    </p>
   </div>
   <div class='ocr_carea' id='block_1_76' title="bbox 391 4171 1974 4248">
    <p class='ocr_par' dir='ltr' id='par_1_76' title="bbox 391 4171 1974 4248">
     <span class='ocr_line' id='line_1_76' title="bbox 391 4171 1974 4248; baseline 0.001 -18"><span class='ocrx_word' id='word_1_567' title='bbox 391 4171 713 4230; x_wconf 76' lang='lat' dir='ltr'><strong>Boboamus</strong></span> <span class='ocrx_word' id='word_1_568' title='bbox 739 4190 754 4228; x_wconf 90' lang='lat'><strong>:</strong></span> <span class='ocrx_word' id='word_1_569' title='bbox 784 4172 1037 4229; x_wconf 81' lang='lat' dir='ltr'><strong>Triduum</strong></span> <span class='ocrx_word' id='word_1_570' title='bbox 1061 4174 1191 4230; x_wconf 83' lang='lat' dir='ltr'><strong>mihi</strong></span> <span class='ocrx_word' id='word_1_571' title='bbox 1223 4174 1507 4240; x_wconf 82' lang='lat' dir='ltr'><strong>concedite,</strong></span> <span class='ocrx_word' id='word_1_572' title='bbox 1543 4191 1821 4248; x_wconf 82' lang='lat' dir='ltr'><strong>meumque</strong></span> <span class='ocrx_word' id='word_1_573' title='bbox 1846 4191 1974 4231; x_wconf 83' lang='lat' dir='ltr'><strong>eon-</strong></span> 
     </span>
    </p>
   </div>
   <div class='ocr_carea' id='block_1_77' title="bbox 390 4261 1977 4339">
    <p class='ocr_par' dir='ltr' id='par_1_77' title="bbox 390 4261 1977 4339">
     <span class='ocr_line' id='line_1_77' title="bbox 390 4261 1977 4339; baseline 0.003 -20"><span class='ocrx_word' id='word_1_574' title='bbox 390 4261 574 4320; x_wconf 84' lang='lat' dir='ltr'><strong>silium</strong></span> <span class='ocrx_word' id='word_1_575' title='bbox 594 4264 737 4320; x_wconf 75' lang='lat' dir='ltr'><strong>sobis</strong></span> <span class='ocrx_word' id='word_1_576' title='bbox 764 4281 1027 4337; x_wconf 68' lang='lat' dir='ltr'><strong>exponam</strong></span> <span class='ocrx_word' id='word_1_577' title='bbox 1059 4267 1124 4322; x_wconf 83' lang='lat'><strong>“.</strong></span> <span class='ocrx_word' id='word_1_578' title='bbox 1157 4266 1237 4323; x_wconf 81' lang='lat' dir='ltr'><strong>Ac</strong></span> <span class='ocrx_word' id='word_1_579' title='bbox 1260 4266 1541 4338; x_wconf 85' lang='lat' dir='ltr'><strong>digressus</strong></span> <span class='ocrx_word' id='word_1_580' title='bbox 1572 4266 1642 4324; x_wconf 90' lang='lat' dir='ltr'><strong>ab</strong></span> <span class='ocrx_word' id='word_1_581' title='bbox 1669 4266 1772 4333; x_wconf 91' lang='lat' dir='ltr'><strong>eis,</strong></span> <span class='ocrx_word' id='word_1_582' title='bbox 1797 4266 1977 4339; x_wconf 90' lang='lat' dir='ltr'><strong>primo</strong></span> 
     </span>
    </p>
   </div>
   <div class='ocr_carea' id='block_1_78' title="bbox 392 4357 1975 4433">
    <p class='ocr_par' dir='ltr' id='par_1_78' title="bbox 392 4357 1975 4433">
     <span class='ocr_line' id='line_1_78' title="bbox 392 4357 1975 4433; baseline 0.004 -23"><span class='ocrx_word' id='word_1_583' title='bbox 392 4369 511 4412; x_wconf 89' lang='lat' dir='ltr'><strong>rem</strong></span> <span class='ocrx_word' id='word_1_584' title='bbox 544 4371 670 4414; x_wconf 90' lang='lat' dir='ltr'><strong>cum</strong></span> <span class='ocrx_word' id='word_1_585' title='bbox 702 4366 834 4414; x_wconf 85' lang='lat' dir='ltr'><strong>natu</strong></span> <span class='ocrx_word' id='word_1_586' title='bbox 852 4357 1154 4430; x_wconf 86' lang='lat' dir='ltr'><strong>majoribus</strong></span> <span class='ocrx_word' id='word_1_587' title='bbox 1173 4359 1366 4416; x_wconf 86' lang='lat' dir='ltr'><strong>amicis</strong></span> <span class='ocrx_word' id='word_1_588' title='bbox 1394 4359 1641 4433; x_wconf 88' lang='lat' dir='ltr'><strong>paternis</strong></span> <span class='ocrx_word' id='word_1_589' title='bbox 1663 4357 1975 4416; x_wconf 89' lang='lat' dir='ltr'><strong>communi-</strong></span> 
     </span>
    </p>
   </div>
   <div class='ocr_carea' id='block_1_79' title="bbox 391 4448 1971 4521">
    <p class='ocr_par' dir='ltr' id='par_1_79' title="bbox 391 4448 1971 4521">
     <span class='ocr_line' id='line_1_79' title="bbox 391 4448 1971 4521; baseline 0.002 -16"><span class='ocrx_word' id='word_1_590' title='bbox 391 4448 552 4505; x_wconf 83' lang='lat' dir='ltr'><strong>cabat</strong></span> <span class='ocrx_word' id='word_1_591' title='bbox 577 4469 589 4505; x_wconf 94' lang='lat'>:</span> <span class='ocrx_word' id='word_1_592' title='bbox 614 4448 707 4521; x_wconf 92' lang='lat' dir='ltr'><strong>qui</strong></span> <span class='ocrx_word' id='word_1_593' title='bbox 726 4448 1074 4507; x_wconf 89' lang='lat' dir='ltr'><strong>deliniendos</strong></span> <span class='ocrx_word' id='word_1_594' title='bbox 1091 4451 1461 4508; x_wconf 89' lang='lat' dir='ltr'><strong>lsraelitarum</strong></span> <span class='ocrx_word' id='word_1_595' title='bbox 1493 4452 1708 4512; x_wconf 88' lang='lat' dir='ltr'><strong>animos</strong></span> <span class='ocrx_word' id='word_1_596' title='bbox 1726 4451 1971 4519; x_wconf 87' lang='lat' dir='ltr'><strong>aiebant,</strong></span> 
     </span>
    </p>
   </div>
   <div class='ocr_carea' id='block_1_80' title="bbox 390 4542 1974 4615">
    <p class='ocr_par' dir='ltr' id='par_1_80' title="bbox 390 4542 1974 4615">
     <span class='ocr_line' id='line_1_80' title="bbox 390 4542 1974 4615; baseline 0.001 -17"><span class='ocrx_word' id='word_1_597' title='bbox 390 4557 505 4614; x_wconf 84' lang='lat' dir='ltr'><strong>quo</strong></span> <span class='ocrx_word' id='word_1_598' title='bbox 534 4542 680 4599; x_wconf 83' lang='lat' dir='ltr'><strong>facto</strong></span> <span class='ocrx_word' id='word_1_599' title='bbox 712 4542 973 4599; x_wconf 88' lang='lat' dir='ltr'><strong>lubenter</strong></span> <span class='ocrx_word' id='word_1_600' title='bbox 1009 4542 1134 4600; x_wconf 92' lang='lat' dir='ltr'><strong>illos</strong></span> <span class='ocrx_word' id='word_1_601' title='bbox 1158 4544 1264 4615; x_wconf 89' lang='lat' dir='ltr'><strong>ipsi</strong></span> <span class='ocrx_word' id='word_1_602' title='bbox 1291 4544 1616 4601; x_wconf 88' lang='lat' dir='ltr'><strong>servituros.</strong></span> <span class='ocrx_word' id='word_1_603' title='bbox 1646 4545 1786 4601; x_wconf 83' lang='lat' dir='ltr'><strong>Hinc</strong></span> <span class='ocrx_word' id='word_1_604' title='bbox 1805 4545 1974 4601; x_wconf 90' lang='lat' dir='ltr'><strong>etiam</strong></span> 
     </span>
    </p>
   </div>
   <div class='ocr_carea' id='block_1_81' title="bbox 389 4634 2051 4729">
    <p class='ocr_par' dir='ltr' id='par_1_81' title="bbox 389 4634 2051 4729">
     <span class='ocr_line' id='line_1_81' title="bbox 389 4634 2051 4729; baseline 0.002 -40"><span class='ocrx_word' id='word_1_605' title='bbox 389 4634 458 4689; x_wconf 86' lang='lat' dir='ltr'><strong>ad</strong></span> <span class='ocrx_word' id='word_1_606' title='bbox 478 4634 923 4729; x_wconf 48' lang='lat' dir='ltr'><strong>adolescentulos</strong></span> <span class='ocrx_word' id='word_1_607' title='bbox 945 4636 1261 4729; x_wconf 12' lang='lat' dir='ltr'><strong>retulit.rllli</strong></span> <span class='ocrx_word' id='word_1_608' title='bbox 1285 4636 1734 4707; x_wconf 88' lang='lat' dir='ltr'><strong>respondendum</strong></span> <span class='ocrx_word' id='word_1_609' title='bbox 1758 4637 1969 4702; x_wconf 79' lang='lat' dir='ltr'><strong>dixere,</strong></span> <span class='ocrx_word' id='word_1_610' title='bbox 2000 4666 2051 4729; x_wconf 67' lang='grc' dir='ltr'>ο</span> 
     </span>
    </p>
   </div>
   <div class='ocr_carea' id='block_1_82' title="bbox 388 4726 1975 4801">
    <p class='ocr_par' dir='ltr' id='par_1_82' title="bbox 388 4726 1975 4801">
     <span class='ocr_line' id='line_1_82' title="bbox 388 4726 1975 4801; baseline 0.003 -22"><span class='ocrx_word' id='word_1_611' title='bbox 388 4727 751 4797; x_wconf 80' lang='lat' dir='ltr'><strong>gracilitatem</strong></span> <span class='ocrx_word' id='word_1_612' title='bbox 787 4726 1052 4783; x_wconf 77' lang='lat' dir='ltr'><strong>Roboanii</strong></span> <span class='ocrx_word' id='word_1_613' title='bbox 1078 4727 1396 4784; x_wconf 87' lang='lat' dir='ltr'><strong>solidiorem</strong></span> <span class='ocrx_word' id='word_1_614' title='bbox 1425 4744 1549 4786; x_wconf 91' lang='lat' dir='ltr'><strong>esse</strong></span> <span class='ocrx_word' id='word_1_615' title='bbox 1581 4729 1771 4785; x_wconf 89' lang='lat' dir='ltr'><strong>lumbo</strong></span> <span class='ocrx_word' id='word_1_616' title='bbox 1793 4738 1975 4801; x_wconf 88' lang='lat' dir='ltr'><strong>pater-</strong></span> 
     </span>
    </p>
   </div>
   <div class='ocr_carea' id='block_1_83' title="bbox 389 4812 1974 4889">
    <p class='ocr_par' dir='ltr' id='par_1_83' title="bbox 389 4812 1974 4889">
     <span class='ocr_line' id='line_1_83' title="bbox 389 4812 1974 4889; baseline 0.007 -24"><span class='ocrx_word' id='word_1_617' title='bbox 389 4828 482 4865; x_wconf 83' lang='lat' dir='ltr'><strong>nu.</strong></span> <span class='ocrx_word' id='word_1_618' title='bbox 529 4813 744 4869; x_wconf 84' lang='lat' dir='ltr'><strong>Patrem</strong></span> <span class='ocrx_word' id='word_1_619' title='bbox 777 4812 960 4885; x_wconf 82' lang='lat' dir='ltr'><strong>ﬂagris</strong></span> <span class='ocrx_word' id='word_1_620' title='bbox 994 4831 1091 4872; x_wconf 91' lang='lat' dir='ltr'><strong>eos</strong></span> <span class='ocrx_word' id='word_1_621' title='bbox 1123 4817 1440 4888; x_wconf 87' lang='lat' dir='ltr'><strong>castigasse,</strong></span> <span class='ocrx_word' id='word_1_622' title='bbox 1476 4834 1534 4874; x_wconf 89' lang='lat' dir='ltr'><strong>se</strong></span> <span class='ocrx_word' id='word_1_623' title='bbox 1576 4820 1974 4889; x_wconf 80' lang='lat' dir='ltr'><strong>castigaturum</strong></span> 
     </span>
    </p>
   </div>
   <div class='ocr_carea' id='block_1_84' title="bbox 386 4904 1975 4974">
    <p class='ocr_par' dir='ltr' id='par_1_84' title="bbox 386 4904 1975 4974">
     <span class='ocr_line' id='line_1_84' title="bbox 386 4904 1975 4974; baseline 0.006 -17"><span class='ocrx_word' id='word_1_624' title='bbox 386 4904 796 4972; x_wconf 84' lang='lat' dir='ltr'><strong>scorpionibus.</strong></span> <span class='ocrx_word' id='word_1_625' title='bbox 834 4907 928 4963; x_wconf 89' lang='lat' dir='ltr'><strong>llis</strong></span> <span class='ocrx_word' id='word_1_626' title='bbox 954 4923 1215 4965; x_wconf 89' lang='lat' dir='ltr'><strong>assensus</strong></span> <span class='ocrx_word' id='word_1_627' title='bbox 1237 4910 1571 4974; x_wconf 82' lang='lat' dir='ltr'><strong>Roboamus,</strong></span> <span class='ocrx_word' id='word_1_628' title='bbox 1602 4911 1657 4965; x_wconf 91' lang='lat' dir='ltr'><strong>in</strong></span> <span class='ocrx_word' id='word_1_629' title='bbox 1685 4926 1807 4966; x_wconf 84' lang='lat' dir='ltr'><strong>eam</strong></span> <span class='ocrx_word' id='word_1_630' title='bbox 1848 4927 1975 4967; x_wconf 84' lang='lat' dir='ltr'><strong>sen-</strong></span> 
     </span>
    </p>
   </div>
   <div class='ocr_carea' id='block_1_85' title="bbox 388 4994 1976 5069">
    <p class='ocr_par' dir='ltr' id='par_1_85' title="bbox 388 4994 1976 5069">
     <span class='ocr_line' id='line_1_85' title="bbox 388 4994 1976 5069; baseline 0.008 -20"><span class='ocrx_word' id='word_1_631' title='bbox 388 4996 619 5050; x_wconf 87' lang='lat' dir='ltr'><strong>tentiam</strong></span> <span class='ocrx_word' id='word_1_632' title='bbox 655 4998 920 5055; x_wconf 85' lang='lat' dir='ltr'><strong>lsraelitis</strong></span> <span class='ocrx_word' id='word_1_633' title='bbox 962 5002 1265 5069; x_wconf 82' lang='lat' dir='ltr'><strong>respondit.</strong></span> <span class='ocrx_word' id='word_1_634' title='bbox 1318 5002 1401 5059; x_wconf 92' lang='lat' dir='ltr'><strong>llli</strong></span> <span class='ocrx_word' id='word_1_635' title='bbox 1431 5018 1565 5059; x_wconf 87' lang='lat' dir='ltr'><strong>vero</strong></span> <span class='ocrx_word' id='word_1_636' title='bbox 1601 4994 1846 5058; x_wconf 85' lang='lat' dir='ltr'><strong>vicissim</strong></span> <span class='ocrx_word' id='word_1_637' title='bbox 1892 5004 1976 5061; x_wconf 86' lang='lat' dir='ltr'><strong>di-</strong></span> 
     </span>
    </p>
   </div>
   <div class='ocr_carea' id='block_1_86' title="bbox 384 5088 1968 5161">
    <p class='ocr_par' dir='ltr' id='par_1_86' title="bbox 384 5088 1968 5161">
     <span class='ocr_line' id='line_1_86' title="bbox 384 5088 1968 5161; baseline 0.005 -18"><span class='ocrx_word' id='word_1_638' title='bbox 384 5103 517 5155; x_wconf 75' lang='lat' dir='ltr'><strong>xcre</strong></span> <span class='ocrx_word' id='word_1_639' title='bbox 551 5105 566 5142; x_wconf 92' lang='lat'><strong>:</strong></span> <span class='ocrx_word' id='word_1_640' title='bbox 594 5088 675 5143; x_wconf 88' lang='lat' dir='ltr'><strong>Tu</strong></span> <span class='ocrx_word' id='word_1_641' title='bbox 710 5089 929 5147; x_wconf 81' lang='lat' dir='ltr'><strong>Davidis</strong></span> <span class='ocrx_word' id='word_1_642' title='bbox 958 5092 1130 5161; x_wconf 91' lang='lat' dir='ltr'><strong>patris</strong></span> <span class='ocrx_word' id='word_1_643' title='bbox 1152 5095 1229 5149; x_wconf 92' lang='lat' dir='ltr'><strong>tui</strong></span> <span class='ocrx_word' id='word_1_644' title='bbox 1261 5094 1524 5149; x_wconf 78' lang='lat' dir='ltr'><strong>familiam</strong></span> <span class='ocrx_word' id='word_1_645' title='bbox 1548 5094 1968 5151; x_wconf 86' lang='lat' dir='ltr'><strong>administrato:</strong></span> 
     </span>
    </p>
   </div>
   <div class='ocr_carea' id='block_1_87' title="bbox 386 5181 1984 5275">
    <p class='ocr_par' dir='ltr' id='par_1_87' title="bbox 386 5181 1984 5275">
     <span class='ocr_line' id='line_1_87' title="bbox 386 5181 1984 5275; baseline 0.008 -40"><span class='ocrx_word' id='word_1_646' title='bbox 386 5191 445 5237; x_wconf 86' lang='lat' dir='ltr'><strong>et</strong></span> <span class='ocrx_word' id='word_1_647' title='bbox 471 5181 735 5237; x_wconf 80' lang='lat' dir='ltr'><strong>lsraelitae</strong></span> <span class='ocrx_word' id='word_1_648' title='bbox 758 5183 992 5275; x_wconf 59' lang='lat' dir='ltr'><strong>quisque</strong></span> <span class='ocrx_word' id='word_1_649' title='bbox 1027 5199 1156 5242; x_wconf 88' lang='lat' dir='ltr'><strong>suas</strong></span> <span class='ocrx_word' id='word_1_650' title='bbox 1183 5187 1251 5242; x_wconf 89' lang='lat' dir='ltr'><strong>ad</strong></span> <span class='ocrx_word' id='word_1_651' title='bbox 1275 5188 1473 5244; x_wconf 85' lang='lat' dir='ltr'><strong>domos</strong></span> <span class='ocrx_word' id='word_1_652' title='bbox 1501 5203 1567 5247; x_wconf 90' lang='lat' dir='ltr'><strong>ac</strong></span> <span class='ocrx_word' id='word_1_653' title='bbox 1615 5188 1984 5247; x_wconf 78' lang='lat' dir='ltr'><strong>tabernacula</strong></span> 
     </span>
    </p>
   </div>
   <div class='ocr_carea' id='block_1_88' title="bbox 386 5274 1971 5350">
    <p class='ocr_par' dir='ltr' id='par_1_88' title="bbox 386 5274 1971 5350">
     <span class='ocr_line' id='line_1_88' title="bbox 386 5274 1971 5350; baseline 0.011 -25"><span class='ocrx_word' id='word_1_654' title='bbox 386 5281 742 5332; x_wconf 83' lang='lat' dir='ltr'><strong>revertuntur</strong></span> <span class='ocrx_word' id='word_1_655' title='bbox 772 5274 839 5328; x_wconf 56' lang='grc' dir='ltr'><strong>ι’,</strong></span> <span class='ocrx_word' id='word_1_656' title='bbox 893 5275 1108 5344; x_wconf 85' lang='lat' dir='ltr'><strong>Quibus</strong></span> <span class='ocrx_word' id='word_1_657' title='bbox 1136 5280 1394 5350; x_wconf 85' lang='lat' dir='ltr'><strong>prolatis,</strong></span> <span class='ocrx_word' id='word_1_658' title='bbox 1432 5281 1503 5337; x_wconf 88' lang='lat' dir='ltr'><strong>ab</strong></span> <span class='ocrx_word' id='word_1_659' title='bbox 1532 5297 1598 5338; x_wconf 87' lang='lat' dir='ltr'><strong>eo</strong></span> <span class='ocrx_word' id='word_1_660' title='bbox 1624 5282 1971 5342; x_wconf 87' lang='lat' dir='ltr'><strong>diverterunt</strong></span> 
     </span>
    </p>
   </div>
   <div class='ocr_carea' id='block_1_89' title="bbox 386 5366 1969 5448">
    <p class='ocr_par' dir='ltr' id='par_1_89' title="bbox 386 5366 1969 5448">
     <span class='ocr_line' id='line_1_89' title="bbox 386 5366 1969 5448; baseline 0.008 -27"><span class='ocrx_word' id='word_1_661' title='bbox 386 5366 678 5433; x_wconf 88' lang='lat' dir='ltr'><strong>universi,</strong></span> <span class='ocrx_word' id='word_1_662' title='bbox 723 5367 942 5426; x_wconf 86' lang='lat' dir='ltr'><strong>duabus</strong></span> <span class='ocrx_word' id='word_1_663' title='bbox 990 5374 1242 5445; x_wconf 82' lang='lat' dir='ltr'><strong>exceptis</strong></span> <span class='ocrx_word' id='word_1_664' title='bbox 1289 5373 1969 5448; x_wconf 76' lang='lat' dir='ltr'><strong>tribubus,.Benjaminca</strong></span> 
     </span>
    </p>
   </div>
   <div class='ocr_carea' id='block_1_90' title="bbox 387 5460 1964 5537">
    <p class='ocr_par' dir='ltr' id='par_1_90' title="bbox 387 5460 1964 5537">
     <span class='ocr_line' id='line_1_90' title="bbox 387 5460 1964 5537; baseline 0.008 -21"><span class='ocrx_word' id='word_1_665' title='bbox 387 5460 604 5520; x_wconf 73' lang='lat' dir='ltr'><strong>scilicet</strong></span> <span class='ocrx_word' id='word_1_666' title='bbox 648 5471 706 5519; x_wconf 90' lang='lat' dir='ltr'><strong>et</strong></span> <span class='ocrx_word' id='word_1_667' title='bbox 754 5462 977 5525; x_wconf 58' lang='lat' dir='ltr'><strong>Judata.</strong></span> <span class='ocrx_word' id='word_1_668' title='bbox 1035 5480 1269 5537; x_wconf 87' lang='lat' dir='ltr'><strong>quarum</strong></span> <span class='ocrx_word' id='word_1_669' title='bbox 1308 5478 1470 5525; x_wconf 90' lang='lat' dir='ltr'><strong>erant</strong></span> <span class='ocrx_word' id='word_1_670' title='bbox 1502 5468 1559 5524; x_wconf 89' lang='lat' dir='ltr'><strong>in</strong></span> <span class='ocrx_word' id='word_1_671' title='bbox 1593 5469 1805 5529; x_wconf 85' lang='lat' dir='ltr'><strong>ditione</strong></span> <span class='ocrx_word' id='word_1_672' title='bbox 1855 5480 1964 5528; x_wconf 89' lang='lat' dir='ltr'><strong>tam</strong></span> 
     </span>
    </p>
   </div>
   <div class='ocr_carea' id='block_1_91' title="bbox 385 5548 1967 5631">
    <p class='ocr_par' dir='ltr' id='par_1_91' title="bbox 385 5548 1967 5631">
     <span class='ocr_line' id='line_1_91' title="bbox 385 5548 1967 5631; baseline 0.007 -20"><span class='ocrx_word' id='word_1_673' title='bbox 385 5548 760 5630; x_wconf 55' lang='lat' dir='ltr'><strong>Hierosolyma</strong></span> <span class='ocrx_word' id='word_1_674' title='bbox 805 5572 971 5631; x_wconf 87' lang='lat' dir='ltr'><strong>quam</strong></span> <span class='ocrx_word' id='word_1_675' title='bbox 1019 5559 1138 5617; x_wconf 86' lang='lat' dir='ltr'><strong>loca</strong></span> <span class='ocrx_word' id='word_1_676' title='bbox 1187 5562 1524 5621; x_wconf 88' lang='lat' dir='ltr'><strong>continentia</strong></span> <span class='ocrx_word' id='word_1_677' title='bbox 1562 5580 1575 5616; x_wconf 89' lang='lat'><strong>:</strong></span> <span class='ocrx_word' id='word_1_678' title='bbox 1612 5563 1802 5621; x_wconf 84' lang='lat' dir='ltr'><strong>decem</strong></span> <span class='ocrx_word' id='word_1_679' title='bbox 1834 5581 1967 5622; x_wconf 87' lang='lat' dir='ltr'><strong>vero</strong></span> 
     </span>
    </p>
   </div>
   <div class='ocr_carea' id='block_1_92' title="bbox 460 5734 1903 5807">
    <p class='ocr_par' dir='ltr' id='par_1_92' title="bbox 460 5734 1903 5807">
     <span class='ocr_line' id='line_1_92' title="bbox 460 5734 1903 5807; baseline 0.005 -16"><span class='ocrx_word' id='word_1_680' title='bbox 460 5734 504 5764; x_wconf 76' lang='lat'>”</span> <span class='ocrx_word' id='word_1_681' title='bbox 541 5735 697 5793; x_wconf 74' lang='lat' dir='ltr'><strong>Deut.</strong></span> <span class='ocrx_word' id='word_1_682' title='bbox 725 5756 875 5806; x_wconf 64' lang='lat' dir='ltr'><strong>‘xvm,</strong></span> <span class='ocrx_word' id='word_1_683' title='bbox 919 5741 999 5805; x_wconf 62' lang='lat'><strong>15,</strong></span> <span class='ocrx_word' id='word_1_684' title='bbox 1039 5741 1122 5799; x_wconf 75' lang='grc'><strong>18.</strong></span> <span class='ocrx_word' id='word_1_685' title='bbox 1229 5745 1271 5775; x_wconf 62' lang='grc'>³⁸</span> <span class='ocrx_word' id='word_1_686' title='bbox 1300 5743 1539 5800; x_wconf 79' lang='lat' dir='ltr'><strong>Barucb.</strong></span> <span class='ocrx_word' id='word_1_687' title='bbox 1585 5761 1666 5807; x_wconf 80' lang='grc' dir='ltr'><strong>ιιι,</strong></span> <span class='ocrx_word' id='word_1_688' title='bbox 1717 5745 1903 5801; x_wconf 68' lang='grc' dir='ltr'><strong>Ξθ-δθ.</strong></span> 
     </span>
    </p>
   </div>
   <div class='ocr_carea' id='block_1_93' title="bbox 2081 3434 3658 3509">
    <p class='ocr_par' dir='ltr' id='par_1_93' title="bbox 2081 3434 3658 3509">
     <span class='ocr_line' id='line_1_93' title="bbox 2081 3434 3658 3509; baseline -0.003 -16"><span class='ocrx_word' id='word_1_689' title='bbox 2081 3438 2173 3493; x_wconf 83' lang='grc' dir='ltr'><strong>δύο</strong></span> <span class='ocrx_word' id='word_1_690' title='bbox 2207 3440 2373 3506; x_wconf 78' lang='grc' dir='ltr'><strong>ἐάσω,</strong></span> <span class='ocrx_word' id='word_1_691' title='bbox 2411 3438 2501 3493; x_wconf 73' lang='grc' dir='ltr'><strong>διὰ</strong></span> <span class='ocrx_word' id='word_1_692' title='bbox 2526 3437 2621 3494; x_wconf 84' lang='grc' dir='ltr'><strong>τὸν</strong></span> <span class='ocrx_word' id='word_1_693' title='bbox 2656 3437 2841 3503; x_wconf 69' lang='grc' dir='ltr'><strong>Δαὸὶδ,</strong></span> <span class='ocrx_word' id='word_1_694' title='bbox 2877 3438 2971 3492; x_wconf 81' lang='grc' dir='ltr'><strong>τὸν</strong></span> <span class='ocrx_word' id='word_1_695' title='bbox 3009 3437 3222 3509; x_wconf 82' lang='grc' dir='ltr'><strong>πατέρα</strong></span> <span class='ocrx_word' id='word_1_696' title='bbox 3250 3434 3434 3489; x_wconf 78' lang='grc' dir='ltr'><strong>αὐτοῦ.</strong></span> <span class='ocrx_word' id='word_1_697' title='bbox 3460 3435 3658 3489; x_wconf 83' lang='grc' dir='ltr'><strong>Ἔσται</strong></span> 
     </span>
    </p>
   </div>
   <div class='ocr_carea' id='block_1_94' title="bbox 2082 3526 3661 3601">
    <p class='ocr_par' dir='ltr' id='par_1_94' title="bbox 2082 3526 3661 3601">
     <span class='ocr_line' id='line_1_94' title="bbox 2082 3526 3661 3601; baseline -0.002 -18"><span class='ocrx_word' id='word_1_698' title='bbox 2082 3527 2347 3584; x_wconf 71' lang='grc' dir='ltr'><strong>δὲταῦτα</strong></span> <span class='ocrx_word' id='word_1_699' title='bbox 2394 3530 2534 3601; x_wconf 76' lang='grc' dir='ltr'><strong>μετὰ</strong></span> <span class='ocrx_word' id='word_1_700' title='bbox 2583 3530 2645 3584; x_wconf 83' lang='grc' dir='ltr'>τὸ</span> <span class='ocrx_word' id='word_1_701' title='bbox 2685 3529 2984 3586; x_wconf 73' lang='grc' dir='ltr'><strong>ἀποθανεῖν</strong></span> <span class='ocrx_word' id='word_1_702' title='bbox 3030 3530 3214 3583; x_wconf 79' lang='grc' dir='ltr'><strong>αὐτόν.</strong></span> <span class='ocrx_word' id='word_1_703' title='bbox 3269 3526 3661 3590; x_wconf 76' lang='grc' dir='ltr'><strong>Ἀποθανόντος</strong></span> 
     </span>
    </p>
   </div>
   <div class='ocr_carea' id='block_1_95' title="bbox 2080 3618 3665 3695">
    <p class='ocr_par' dir='ltr' id='par_1_95' title="bbox 2080 3618 3665 3695">
     <span class='ocr_line' id='line_1_95' title="bbox 2080 3618 3665 3695; baseline -0.004 -18"><span class='ocrx_word' id='word_1_704' title='bbox 2080 3622 2137 3677; x_wconf 85' lang='grc' dir='ltr'><strong>δὲ</strong></span> <span class='ocrx_word' id='word_1_705' title='bbox 2171 3622 2518 3694; x_wconf 85' lang='grc' dir='ltr'><strong>Σολομῶντος</strong></span> <span class='ocrx_word' id='word_1_706' title='bbox 2544 3664 2558 3686; x_wconf 92' lang='grc'><strong>,</strong></span> <span class='ocrx_word' id='word_1_707' title='bbox 2597 3621 2801 3695; x_wconf 69' lang='grc' dir='ltr'><strong>ἤμελλε</strong></span> <span class='ocrx_word' id='word_1_708' title='bbox 2839 3623 2941 3694; x_wconf 85' lang='grc' dir='ltr'><strong>τῆς</strong></span> <span class='ocrx_word' id='word_1_709' title='bbox 2975 3621 3254 3693; x_wconf 75' lang='grc' dir='ltr'><strong>βασιλείας</strong></span> <span class='ocrx_word' id='word_1_710' title='bbox 3297 3618 3665 3689; x_wconf 82' lang='grc' dir='ltr'><strong>κληρονομεῖν</strong></span> 
     </span>
    </p>
   </div>
   <div class='ocr_carea' id='block_1_96' title="bbox 2079 3711 3666 3788">
    <p class='ocr_par' dir='ltr' id='par_1_96' title="bbox 2079 3711 3666 3788">
     <span class='ocr_line' id='line_1_96' title="bbox 2079 3711 3666 3788; baseline -0.005 -17"><span class='ocrx_word' id='word_1_711' title='bbox 2079 3717 2109 3771; x_wconf 84' lang='grc' dir='ltr'>ὀ</span> <span class='ocrx_word' id='word_1_712' title='bbox 2132 3715 2247 3780; x_wconf 79' lang='grc' dir='ltr'><strong>υίὸς</strong></span> <span class='ocrx_word' id='word_1_713' title='bbox 2270 3714 2438 3770; x_wconf 81' lang='grc' dir='ltr'><strong>αὐτοῦ</strong></span> <span class='ocrx_word' id='word_1_714' title='bbox 2481 3713 2735 3787; x_wconf 73' lang='grc' dir='ltr'><strong>Ῥοϐοάμ.</strong></span> <span class='ocrx_word' id='word_1_715' title='bbox 2768 3716 2879 3771; x_wconf 73' lang='grc' dir='ltr'><strong>Καὶ</strong></span> <span class='ocrx_word' id='word_1_716' title='bbox 2915 3714 3265 3784; x_wconf 76' lang='grc' dir='ltr'><strong>συλλεγέντες</strong></span> <span class='ocrx_word' id='word_1_717' title='bbox 3300 3713 3350 3766; x_wconf 84' lang='grc' dir='ltr'><strong>οῖ</strong></span> <span class='ocrx_word' id='word_1_718' title='bbox 3391 3711 3666 3788; x_wconf 69' lang='grc' dir='ltr'><strong>ζισραηλῖ-</strong></span> 
     </span>
    </p>
   </div>
   <div class='ocr_carea' id='block_1_97' title="bbox 2078 3803 3669 3880">
    <p class='ocr_par' dir='ltr' id='par_1_97' title="bbox 2078 3803 3669 3880">
     <span class='ocr_line' id='line_1_97' title="bbox 2078 3803 3669 3880; baseline -0.003 -18"><span class='ocrx_word' id='word_1_719' title='bbox 2078 3825 2191 3874; x_wconf 87' lang='grc' dir='ltr'><strong>ται,</strong></span> <span class='ocrx_word' id='word_1_720' title='bbox 2222 3804 2375 3863; x_wconf 78' lang='grc' dir='ltr'><strong>εἷπον</strong></span> <span class='ocrx_word' id='word_1_721' title='bbox 2409 3809 2546 3880; x_wconf 81' lang='grc' dir='ltr'><strong>πρὸς</strong></span> <span class='ocrx_word' id='word_1_722' title='bbox 2568 3808 2731 3864; x_wconf 82' lang='grc' dir='ltr'><strong>αὐτόν</strong></span> <span class='ocrx_word' id='word_1_723' title='bbox 2751 3825 2766 3840; x_wconf 80' lang='grc' dir='ltr'><strong><em>ο</em></strong></span> <span class='ocrx_word' id='word_1_724' title='bbox 2809 3808 2874 3862; x_wconf 85' lang='grc' dir='ltr'><em>ὐ</em></span> <span class='ocrx_word' id='word_1_725' title='bbox 2902 3806 3102 3875; x_wconf 75' lang='grc' dir='ltr'><strong>πατήρ</strong></span> <span class='ocrx_word' id='word_1_726' title='bbox 3129 3823 3247 3862; x_wconf 85' lang='grc' dir='ltr'><strong>σου</strong></span> <span class='ocrx_word' id='word_1_727' title='bbox 3271 3803 3526 3871; x_wconf 71' lang='grc' dir='ltr'><strong>ἐϐάρυνε</strong></span> <span class='ocrx_word' id='word_1_728' title='bbox 3556 3805 3669 3858; x_wconf 69' lang='grc' dir='ltr'><strong>τὸν</strong></span> 
     </span>
    </p>
   </div>
   <div class='ocr_carea' id='block_1_98' title="bbox 2080 3896 3665 3972">
    <p class='ocr_par' dir='ltr' id='par_1_98' title="bbox 2080 3896 3665 3972">
     <span class='ocr_line' id='line_1_98' title="bbox 2080 3896 3665 3972; baseline -0.002 -17"><span class='ocrx_word' id='word_1_729' title='bbox 2080 3900 2259 3970; x_wconf 77' lang='grc' dir='ltr'><strong>ζυγόν</strong></span> <span class='ocrx_word' id='word_1_730' title='bbox 2287 3901 2476 3972; x_wconf 74' lang='grc' dir='ltr'><strong>ἡμῶν,</strong></span> <span class='ocrx_word' id='word_1_731' title='bbox 2508 3901 2648 3956; x_wconf 69' lang='grc' dir='ltr'><strong>ἀλλ’</strong></span> <span class='ocrx_word' id='word_1_732' title='bbox 2666 3899 3015 3972; x_wconf 72' lang='grc' dir='ltr'><strong>ἐλάφρυνον</strong></span> <span class='ocrx_word' id='word_1_733' title='bbox 3034 3899 3117 3955; x_wconf 81' lang='grc' dir='ltr'><strong>σὺ</strong></span> <span class='ocrx_word' id='word_1_734' title='bbox 3140 3898 3328 3955; x_wconf 79' lang='grc' dir='ltr'><strong>αὐτὸν</strong></span> <span class='ocrx_word' id='word_1_735' title='bbox 3347 3899 3447 3969; x_wconf 65' lang='grc' dir='ltr'><strong>ἀφ’</strong></span> <span class='ocrx_word' id='word_1_736' title='bbox 3468 3896 3665 3968; x_wconf 73' lang='grc' dir='ltr'><strong>ἡμῶν,</strong></span> 
     </span>
    </p>
   </div>
   <div class='ocr_carea' id='block_1_99' title="bbox 2079 3990 3672 4063">
    <p class='ocr_par' dir='ltr' id='par_1_99' title="bbox 2079 3990 3672 4063">
     <span class='ocr_line' id='line_1_99' title="bbox 2079 3990 3672 4063; baseline -0.003 -16"><span class='ocrx_word' id='word_1_737' title='bbox 2079 3990 2180 4048; x_wconf 78' lang='grc' dir='ltr'><strong>καὶ</strong></span> <span class='ocrx_word' id='word_1_738' title='bbox 2210 3990 2630 4063; x_wconf 66' lang='grc' dir='ltr'><strong>δουλεύσομέν</strong></span> <span class='ocrx_word' id='word_1_739' title='bbox 2655 4007 2776 4049; x_wconf 84' lang='grc' dir='ltr'><strong>σοι.</strong></span> <span class='ocrx_word' id='word_1_740' title='bbox 2818 3990 2879 4046; x_wconf 88' lang='grc' dir='ltr'>Ὅ</span> <span class='ocrx_word' id='word_1_741' title='bbox 2918 3991 2977 4046; x_wconf 72' lang='grc' dir='ltr'><strong>δὲ</strong></span> <span class='ocrx_word' id='word_1_742' title='bbox 3015 3992 3153 4063; x_wconf 67' lang='grc' dir='ltr'><strong>πρὸς</strong></span> <span class='ocrx_word' id='word_1_743' title='bbox 3184 3990 3381 4054; x_wconf 78' lang='grc' dir='ltr'><strong>αὐτοὺς</strong></span> <span class='ocrx_word' id='word_1_744' title='bbox 3423 3990 3672 4059; x_wconf 81' lang='grc' dir='ltr'><strong>ἀπεκρί-</strong></span> 
     </span>
    </p>
   </div>
   <div class='ocr_carea' id='block_1_100' title="bbox 2079 4079 3673 4155">
    <p class='ocr_par' dir='ltr' id='par_1_100' title="bbox 2079 4079 3673 4155">
     <span class='ocr_line' id='line_1_100' title="bbox 2079 4079 3673 4155; baseline -0.004 -16"><span class='ocrx_word' id='word_1_745' title='bbox 2079 4100 2239 4139; x_wconf 81' lang='grc' dir='ltr'><strong>νατο’</strong></span> <span class='ocrx_word' id='word_1_746' title='bbox 2284 4082 2535 4139; x_wconf 82' lang='grc' dir='ltr'><strong>Ἐνδοτέ</strong></span> <span class='ocrx_word' id='word_1_747' title='bbox 2567 4101 2670 4155; x_wconf 84' lang='grc' dir='ltr'><strong>μοι</strong></span> <span class='ocrx_word' id='word_1_748' title='bbox 2712 4081 2869 4152; x_wconf 80' lang='grc' dir='ltr'><strong>τρεῖς</strong></span> <span class='ocrx_word' id='word_1_749' title='bbox 2911 4081 3164 4153; x_wconf 72' lang='grc' dir='ltr'><strong>ἡμέρας,</strong></span> <span class='ocrx_word' id='word_1_750' title='bbox 3200 4080 3300 4135; x_wconf 73' lang='grc' dir='ltr'><strong>καὶ</strong></span> <span class='ocrx_word' id='word_1_751' title='bbox 3329 4079 3488 4144; x_wconf 72' lang='grc' dir='ltr'><strong>λέξω</strong></span> <span class='ocrx_word' id='word_1_752' title='bbox 3518 4079 3673 4150; x_wconf 73' lang='grc' dir='ltr'><strong>ὑμῖν</strong></span> 
     </span>
    </p>
   </div>
   <div class='ocr_carea' id='block_1_101' title="bbox 2078 4172 3674 4248">
    <p class='ocr_par' dir='ltr' id='par_1_101' title="bbox 2078 4172 3674 4248">
     <span class='ocr_line' id='line_1_101' title="bbox 2078 4172 3674 4248; baseline -0.004 -16"><span class='ocrx_word' id='word_1_753' title='bbox 2078 4176 2194 4245; x_wconf 78' lang='grc' dir='ltr'><strong>τὴν</strong></span> <span class='ocrx_word' id='word_1_754' title='bbox 2225 4176 2473 4245; x_wconf 69' lang='grc' dir='ltr'><strong>βουλήν</strong></span> <span class='ocrx_word' id='word_1_755' title='bbox 2512 4193 2652 4248; x_wconf 82' lang='grc' dir='ltr'><strong>μου.</strong></span> <span class='ocrx_word' id='word_1_756' title='bbox 2694 4174 2969 4231; x_wconf 76' lang='grc' dir='ltr'><strong>’Δπιλθὼν</strong></span> <span class='ocrx_word' id='word_1_757' title='bbox 3000 4174 3080 4240; x_wconf 74' lang='grc' dir='ltr'><strong>δὲ,</strong></span> <span class='ocrx_word' id='word_1_758' title='bbox 3124 4172 3340 4247; x_wconf 85' lang='grc' dir='ltr'><strong>πρῶτον</strong></span> <span class='ocrx_word' id='word_1_759' title='bbox 3383 4173 3500 4235; x_wconf 81' lang='grc' dir='ltr'><strong>τοῖς</strong></span> <span class='ocrx_word' id='word_1_760' title='bbox 3529 4188 3674 4243; x_wconf 81' lang='grc' dir='ltr'><strong>πρε-</strong></span> 
     </span>
    </p>
   </div>
   <div class='ocr_carea' id='block_1_102' title="bbox 2079 4262 3673 4341">
    <p class='ocr_par' dir='ltr' id='par_1_102' title="bbox 2079 4262 3673 4341">
     <span class='ocr_line' id='line_1_102' title="bbox 2079 4262 3673 4341; baseline -0.004 -17"><span class='ocrx_word' id='word_1_761' title='bbox 2079 4269 2361 4341; x_wconf 77' lang='grc' dir='ltr'><strong>σϐυτέροις</strong></span> <span class='ocrx_word' id='word_1_762' title='bbox 2383 4269 2492 4323; x_wconf 83' lang='grc' dir='ltr'><strong>τῶν</strong></span> <span class='ocrx_word' id='word_1_763' title='bbox 2523 4266 2796 4340; x_wconf 79' lang='grc' dir='ltr'><strong>πατρῴων</strong></span> <span class='ocrx_word' id='word_1_764' title='bbox 2833 4265 3001 4322; x_wconf 81' lang='grc' dir='ltr'><strong>αὐτοῦ</strong></span> <span class='ocrx_word' id='word_1_765' title='bbox 3028 4266 3200 4338; x_wconf 80' lang='grc' dir='ltr'><strong>φίλων</strong></span> <span class='ocrx_word' id='word_1_766' title='bbox 3219 4262 3636 4322; x_wconf 76' lang='grc' dir='ltr'><strong>ἀνεκοινώσατο</strong></span> <span class='ocrx_word' id='word_1_767' title='bbox 3655 4279 3673 4296; x_wconf 77' lang='grc' dir='ltr'><strong>ο</strong></span> 
     </span>
    </p>
   </div>
   <div class='ocr_carea' id='block_1_103' title="bbox 2076 4349 3675 4431">
    <p class='ocr_par' dir='ltr' id='par_1_103' title="bbox 2076 4349 3675 4431">
     <span class='ocr_line' id='line_1_103' title="bbox 2076 4349 3675 4431; baseline -0.005 -16"><span class='ocrx_word' id='word_1_768' title='bbox 2076 4360 2127 4415; x_wconf 82' lang='grc' dir='ltr'><strong>οἱ</strong></span> <span class='ocrx_word' id='word_1_769' title='bbox 2159 4359 2216 4415; x_wconf 74' lang='grc' dir='ltr'><strong>δὲ</strong></span> <span class='ocrx_word' id='word_1_770' title='bbox 2250 4359 2388 4431; x_wconf 82' lang='grc' dir='ltr'><strong>πρὸς</strong></span> <span class='ocrx_word' id='word_1_771' title='bbox 2436 4361 2599 4415; x_wconf 80' lang='grc' dir='ltr'><strong>αὐτὸν</strong></span> <span class='ocrx_word' id='word_1_772' title='bbox 2633 4356 2821 4415; x_wconf 75' lang='grc' dir='ltr'><strong>εἶπον·</strong></span> <span class='ocrx_word' id='word_1_773' title='bbox 2867 4358 3219 4429; x_wconf 63' lang='grc' dir='ltr'><strong>Θεράπειρσον</strong></span> <span class='ocrx_word' id='word_1_774' title='bbox 3271 4356 3365 4410; x_wconf 86' lang='grc' dir='ltr'><strong>τὸν</strong></span> <span class='ocrx_word' id='word_1_775' title='bbox 3416 4349 3675 4426; x_wconf 65' lang='grc' dir='ltr'><strong>Ἰσραὴλ,</strong></span> 
     </span>
    </p>
   </div>
   <div class='ocr_carea' id='block_1_104' title="bbox 2077 4446 3679 4520">
    <p class='ocr_par' dir='ltr' id='par_1_104' title="bbox 2077 4446 3679 4520">
     <span class='ocr_line' id='line_1_104' title="bbox 2077 4446 3679 4520; baseline -0.005 -12"><span class='ocrx_word' id='word_1_776' title='bbox 2077 4451 2173 4508; x_wconf 77' lang='grc' dir='ltr'><strong>καὶ</strong></span> <span class='ocrx_word' id='word_1_777' title='bbox 2200 4451 2478 4508; x_wconf 84' lang='grc' dir='ltr'><strong>δουλεύσει</strong></span> <span class='ocrx_word' id='word_1_778' title='bbox 2499 4470 2603 4508; x_wconf 90' lang='grc' dir='ltr'><strong>σοι.</strong></span> <span class='ocrx_word' id='word_1_779' title='bbox 2647 4451 2897 4509; x_wconf 79' lang='grc' dir='ltr'><strong>’Λνέθετο</strong></span> <span class='ocrx_word' id='word_1_780' title='bbox 2917 4451 2973 4506; x_wconf 77' lang='grc' dir='ltr'><strong>δὲ</strong></span> <span class='ocrx_word' id='word_1_781' title='bbox 3013 4450 3110 4504; x_wconf 71' lang='grc' dir='ltr'><strong>καὶ</strong></span> <span class='ocrx_word' id='word_1_782' title='bbox 3141 4448 3475 4520; x_wconf 78' lang='grc' dir='ltr'><strong>παιδαρίοις.</strong></span> <span class='ocrx_word' id='word_1_783' title='bbox 3510 4446 3587 4503; x_wconf 81' lang='lat' dir='ltr'><strong>Ol</strong></span> <span class='ocrx_word' id='word_1_784' title='bbox 3616 4448 3679 4501; x_wconf 73' lang='grc' dir='ltr'><strong>δὲ</strong></span> 
     </span>
    </p>
   </div>
   <div class='ocr_carea' id='block_1_105' title="bbox 2077 4540 3681 4617">
    <p class='ocr_par' dir='ltr' id='par_1_105' title="bbox 2077 4540 3681 4617">
     <span class='ocr_line' id='line_1_105' title="bbox 2077 4540 3681 4617; baseline -0.004 -17"><span class='ocrx_word' id='word_1_785' title='bbox 2077 4540 2231 4600; x_wconf 83' lang='grc' dir='ltr'><strong>εἷπον</strong></span> <span class='ocrx_word' id='word_1_786' title='bbox 2257 4545 2429 4617; x_wconf 81' lang='grc' dir='ltr'><strong>αὐτῷ,</strong></span> <span class='ocrx_word' id='word_1_787' title='bbox 2462 4546 2543 4600; x_wconf 80' lang='grc' dir='ltr'><strong>ὅτι</strong></span> <span class='ocrx_word' id='word_1_788' title='bbox 2571 4546 2707 4605; x_wconf 70' lang='grc' dir='ltr'><strong>Εἰπὲ</strong></span> <span class='ocrx_word' id='word_1_789' title='bbox 2738 4545 2876 4616; x_wconf 78' lang='grc' dir='ltr'><strong>πρὸς</strong></span> <span class='ocrx_word' id='word_1_790' title='bbox 2895 4544 3113 4613; x_wconf 74' lang='grc' dir='ltr'><strong>αὐτοὺς,</strong></span> <span class='ocrx_word' id='word_1_791' title='bbox 3135 4543 3219 4597; x_wconf 78' lang='grc' dir='ltr'><strong>ὅτι</strong></span> <span class='ocrx_word' id='word_1_792' title='bbox 3260 4540 3328 4596; x_wconf 81' lang='grc' dir='ltr'><strong><em>Ἥ</em></strong></span> <span class='ocrx_word' id='word_1_793' title='bbox 3354 4543 3681 4612; x_wconf 79' lang='grc' dir='ltr'><strong>σμικρότης</strong></span> 
     </span>
    </p>
   </div>
   <div class='ocr_carea' id='block_1_106' title="bbox 2081 4634 3677 4711">
    <p class='ocr_par' dir='ltr' id='par_1_106' title="bbox 2081 4634 3677 4711">
     <span class='ocr_line' id='line_1_106' title="bbox 2081 4634 3677 4711; baseline -0.001 -20"><span class='ocrx_word' id='word_1_794' title='bbox 2081 4655 2205 4710; x_wconf 81' lang='grc' dir='ltr'><strong>μου,</strong></span> <span class='ocrx_word' id='word_1_795' title='bbox 2243 4638 2586 4711; x_wconf 78' lang='grc' dir='ltr'><strong>στερεωτέρα</strong></span> <span class='ocrx_word' id='word_1_796' title='bbox 2615 4639 2735 4692; x_wconf 72' lang='grc' dir='ltr'><strong>ἐστὶ</strong></span> <span class='ocrx_word' id='word_1_797' title='bbox 2766 4638 2869 4708; x_wconf 83' lang='grc' dir='ltr'><strong>τῆς</strong></span> <span class='ocrx_word' id='word_1_798' title='bbox 2908 4636 3113 4700; x_wconf 80' lang='grc' dir='ltr'><strong>ὀσφύος</strong></span> <span class='ocrx_word' id='word_1_799' title='bbox 3150 4634 3244 4690; x_wconf 83' lang='grc' dir='ltr'><strong>τοῦ</strong></span> <span class='ocrx_word' id='word_1_800' title='bbox 3288 4634 3500 4706; x_wconf 86' lang='grc' dir='ltr'><strong>πατρός</strong></span> <span class='ocrx_word' id='word_1_801' title='bbox 3543 4653 3677 4706; x_wconf 84' lang='grc' dir='ltr'><strong>μου.</strong></span> 
     </span>
    </p>
   </div>
   <div class='ocr_carea' id='block_1_107' title="bbox 2087 4726 3683 4803">
    <p class='ocr_par' dir='ltr' id='par_1_107' title="bbox 2087 4726 3683 4803">
     <span class='ocr_line' id='line_1_107' title="bbox 2087 4726 3683 4803; baseline -0.004 -18"><span class='ocrx_word' id='word_1_802' title='bbox 2087 4731 2327 4795; x_wconf 85' lang='grc' dir='ltr'><strong>Ἐκεῖνος</strong></span> <span class='ocrx_word' id='word_1_803' title='bbox 2365 4732 2513 4803; x_wconf 75' lang='grc' dir='ltr'><strong>ὑμᾶς</strong></span> <span class='ocrx_word' id='word_1_804' title='bbox 2558 4730 2813 4802; x_wconf 81' lang='grc' dir='ltr'><strong>μάστιξιν</strong></span> <span class='ocrx_word' id='word_1_805' title='bbox 2840 4729 3190 4789; x_wconf 74' lang='grc' dir='ltr'><strong>ἐπαίδευσεν,</strong></span> <span class='ocrx_word' id='word_1_806' title='bbox 3223 4726 3337 4797; x_wconf 71' lang='grc' dir='ltr'><strong>ἐγὼ</strong></span> <span class='ocrx_word' id='word_1_807' title='bbox 3372 4728 3683 4800; x_wconf 73' lang='lat' dir='ltr'><strong>exop-(0:;</strong></span> 
     </span>
    </p>
   </div>
   <div class='ocr_carea' id='block_1_108' title="bbox 2075 4817 3682 4889">
    <p class='ocr_par' dir='ltr' id='par_1_108' title="bbox 2075 4817 3682 4889">
     <span class='ocr_line' id='line_1_108' title="bbox 2075 4817 3682 4889; baseline -0.004 -14"><span class='ocrx_word' id='word_1_808' title='bbox 2075 4822 2375 4877; x_wconf 87' lang='grc' dir='ltr'><strong>παιδεύσω.</strong></span> <span class='ocrx_word' id='word_1_809' title='bbox 2417 4820 2646 4885; x_wconf 88' lang='grc' dir='ltr'><strong>Τούτοις</strong></span> <span class='ocrx_word' id='word_1_810' title='bbox 2708 4819 2957 4883; x_wconf 69' lang='grc' dir='ltr'><strong>πεισθεὶς</strong></span> <span class='ocrx_word' id='word_1_811' title='bbox 3004 4820 3280 4889; x_wconf 69' lang='grc' dir='ltr'><strong>Ῥοδοὰμ,</strong></span> <span class='ocrx_word' id='word_1_812' title='bbox 3336 4817 3519 4871; x_wconf 83' lang='grc' dir='ltr'><strong>ταῦτα</strong></span> <span class='ocrx_word' id='word_1_813' title='bbox 3561 4821 3682 4879; x_wconf 79' lang='grc' dir='ltr'><strong>τοῖς</strong></span> 
     </span>
    </p>
   </div>
   <div class='ocr_carea' id='block_1_109' title="bbox 2086 4892 3684 4988">
    <p class='ocr_par' dir='ltr' id='par_1_109' title="bbox 2086 4892 3684 4988">
     <span class='ocr_line' id='line_1_109' title="bbox 2086 4892 3684 4988; baseline -0.004 -18"><span class='ocrx_word' id='word_1_814' title='bbox 2086 4892 2452 4988; x_wconf 61' lang='grc' dir='ltr'><strong>Ἰσραηλίταις</strong></span> <span class='ocrx_word' id='word_1_815' title='bbox 2479 4915 2839 4987; x_wconf 83' lang='grc' dir='ltr'><strong>ἀπεκρίνατο.</strong></span> <span class='ocrx_word' id='word_1_816' title='bbox 2876 4915 2940 4967; x_wconf 83' lang='grc' dir='ltr'><strong>υἱ</strong></span> <span class='ocrx_word' id='word_1_817' title='bbox 2964 4913 3022 4967; x_wconf 71' lang='grc' dir='ltr'><strong>δὶ</strong></span> <span class='ocrx_word' id='word_1_818' title='bbox 3063 4910 3398 4983; x_wconf 81' lang='grc' dir='ltr'><strong>Ἰσραηλῖται</strong></span> <span class='ocrx_word' id='word_1_819' title='bbox 3425 4911 3684 4981; x_wconf 79' lang='grc' dir='ltr'><strong>ἁπεκρί-</strong></span> 
     </span>
    </p>
   </div>
   <div class='ocr_carea' id='block_1_110' title="bbox 2072 5003 3686 5077">
    <p class='ocr_par' dir='ltr' id='par_1_110' title="bbox 2072 5003 3686 5077">
     <span class='ocr_line' id='line_1_110' title="bbox 2072 5003 3686 5077; baseline -0.005 -14"><span class='ocrx_word' id='word_1_820' title='bbox 2072 5024 2269 5064; x_wconf 83' lang='grc' dir='ltr'><strong>ναντο’</strong></span> <span class='ocrx_word' id='word_1_821' title='bbox 2326 5009 2501 5063; x_wconf 80' lang='grc' dir='ltr'><strong>Βόσκε</strong></span> <span class='ocrx_word' id='word_1_822' title='bbox 2542 5008 2636 5062; x_wconf 83' lang='grc' dir='ltr'><strong>τὸν</strong></span> <span class='ocrx_word' id='word_1_823' title='bbox 2692 5005 2843 5064; x_wconf 73' lang='grc' dir='ltr'><strong>οἶκόν</strong></span> <span class='ocrx_word' id='word_1_824' title='bbox 2885 5024 2982 5061; x_wconf 83' lang='grc' dir='ltr'><strong>σου</strong></span> <span class='ocrx_word' id='word_1_825' title='bbox 3031 5005 3217 5070; x_wconf 76' lang='grc' dir='ltr'><strong>Δασὶδ,</strong></span> <span class='ocrx_word' id='word_1_826' title='bbox 3262 5007 3291 5057; x_wconf 86' lang='grc'>6</span> <span class='ocrx_word' id='word_1_827' title='bbox 3334 5003 3393 5057; x_wconf 77' lang='grc' dir='ltr'><strong>δὲ</strong></span> <span class='ocrx_word' id='word_1_828' title='bbox 3444 5003 3686 5077; x_wconf 72' lang='grc' dir='ltr'><strong>Ἰσραὴλ</strong></span> 
     </span>
    </p>
   </div>
   <div class='ocr_carea' id='block_1_111' title="bbox 2077 5097 3689 5174">
    <p class='ocr_par' dir='ltr' id='par_1_111' title="bbox 2077 5097 3689 5174">
     <span class='ocr_line' id='line_1_111' title="bbox 2077 5097 3689 5174; baseline -0.006 -17"><span class='ocrx_word' id='word_1_829' title='bbox 2077 5104 2309 5162; x_wconf 69' lang='grc' dir='ltr'><strong>ἕκαστος</strong></span> <span class='ocrx_word' id='word_1_830' title='bbox 2343 5100 2704 5173; x_wconf 81' lang='grc' dir='ltr'><strong>ἀποχωρείτω</strong></span> <span class='ocrx_word' id='word_1_831' title='bbox 2739 5102 2822 5165; x_wconf 76' lang='grc' dir='ltr'><strong>εἰς</strong></span> <span class='ocrx_word' id='word_1_832' title='bbox 2858 5100 2926 5174; x_wconf 63' lang='grc' dir='ltr'><strong>τέι</strong></span> <span class='ocrx_word' id='word_1_833' title='bbox 2962 5099 3299 5170; x_wconf 87' lang='grc' dir='ltr'><strong>σκηνώματα</strong></span> <span class='ocrx_word' id='word_1_834' title='bbox 3327 5097 3529 5153; x_wconf 81' lang='grc' dir='ltr'><strong>αὐτοῦ,</strong></span> <span class='ocrx_word' id='word_1_835' title='bbox 3571 5097 3689 5150; x_wconf 69' lang='grc' dir='ltr'><strong>Καὶ</strong></span> 
     </span>
    </p>
   </div>
   <div class='ocr_carea' id='block_1_112' title="bbox 2076 5188 3689 5265">
    <p class='ocr_par' dir='ltr' id='par_1_112' title="bbox 2076 5188 3689 5265">
     <span class='ocr_line' id='line_1_112' title="bbox 2076 5188 3689 5265; baseline -0.006 -16"><span class='ocrx_word' id='word_1_836' title='bbox 2076 5195 2251 5250; x_wconf 84' lang='grc' dir='ltr'><strong>ταῦτα</strong></span> <span class='ocrx_word' id='word_1_837' title='bbox 2281 5196 2550 5259; x_wconf 82' lang='grc' dir='ltr'><strong>εἰπόντες,</strong></span> <span class='ocrx_word' id='word_1_838' title='bbox 2581 5192 3052 5265; x_wconf 82' lang='grc' dir='ltr'><strong>ἀπεχωρίσθησαν</strong></span> <span class='ocrx_word' id='word_1_839' title='bbox 3078 5189 3243 5244; x_wconf 80' lang='grc' dir='ltr'><strong>αὐτοῦ</strong></span> <span class='ocrx_word' id='word_1_840' title='bbox 3272 5190 3505 5253; x_wconf 79' lang='grc' dir='ltr'><strong>πάντες,</strong></span> <span class='ocrx_word' id='word_1_841' title='bbox 3538 5188 3689 5265; x_wconf 71' lang='grc' dir='ltr'><strong>πλὴν</strong></span> 
     </span>
    </p>
   </div>
   <div class='ocr_carea' id='block_1_113' title="bbox 2073 5282 3685 5357">
    <p class='ocr_par' dir='ltr' id='par_1_113' title="bbox 2073 5282 3685 5357">
     <span class='ocr_line' id='line_1_113' title="bbox 2073 5282 3685 5357; baseline -0.006 -14"><span class='ocrx_word' id='word_1_842' title='bbox 2073 5288 2171 5343; x_wconf 82' lang='grc' dir='ltr'><strong>δύο</strong></span> <span class='ocrx_word' id='word_1_843' title='bbox 2214 5286 2417 5357; x_wconf 82' lang='grc' dir='ltr'><strong>φυλῶν,</strong></span> <span class='ocrx_word' id='word_1_844' title='bbox 2451 5287 2551 5357; x_wconf 81' lang='grc' dir='ltr'><strong>τῆς</strong></span> <span class='ocrx_word' id='word_1_845' title='bbox 2578 5303 2639 5341; x_wconf 84' lang='grc' dir='ltr'><strong>τε</strong></span> <span class='ocrx_word' id='word_1_846' title='bbox 2690 5286 2976 5357; x_wconf 74' lang='grc' dir='ltr'><strong>Βενιαμὶν.</strong></span> <span class='ocrx_word' id='word_1_847' title='bbox 3027 5283 3124 5338; x_wconf 76' lang='grc' dir='ltr'><strong>καὶ</strong></span> <span class='ocrx_word' id='word_1_848' title='bbox 3168 5283 3269 5354; x_wconf 83' lang='grc' dir='ltr'><strong>τῆς</strong></span> <span class='ocrx_word' id='word_1_849' title='bbox 3318 5282 3413 5336; x_wconf 82' lang='grc' dir='ltr'><strong>τοῦ</strong></span> <span class='ocrx_word' id='word_1_850' title='bbox 3470 5282 3685 5337; x_wconf 82' lang='grc' dir='ltr'><strong>Ἰούδα.</strong></span> 
     </span>
    </p>
   </div>
   <div class='ocr_carea' id='block_1_114' title="bbox 2075 5372 3690 5453">
    <p class='ocr_par' dir='ltr' id='par_1_114' title="bbox 2075 5372 3690 5453">
     <span class='ocr_line' id='line_1_114' title="bbox 2075 5372 3690 5453; baseline -0.004 -18"><span class='ocrx_word' id='word_1_851' title='bbox 2075 5373 2245 5435; x_wconf 73' lang='grc' dir='ltr'><strong>Λῦται</strong></span> <span class='ocrx_word' id='word_1_852' title='bbox 2278 5379 2378 5452; x_wconf 82' lang='grc' dir='ltr'><strong>μὲν</strong></span> <span class='ocrx_word' id='word_1_853' title='bbox 2420 5381 2478 5436; x_wconf 80' lang='grc' dir='ltr'><strong>αι</strong></span> <span class='ocrx_word' id='word_1_854' title='bbox 2512 5379 2607 5434; x_wconf 90' lang='grc' dir='ltr'><strong>δύο</strong></span> <span class='ocrx_word' id='word_1_855' title='bbox 2632 5380 2700 5435; x_wconf 71' lang='grc' dir='ltr'><strong>τὰ</strong></span> <span class='ocrx_word' id='word_1_856' title='bbox 2743 5379 3098 5453; x_wconf 70' lang='grc' dir='ltr'><strong>Ἰεροσόλυμα</strong></span> <span class='ocrx_word' id='word_1_857' title='bbox 3118 5372 3287 5448; x_wconf 79' lang='grc' dir='ltr'><strong>εἶχον,</strong></span> <span class='ocrx_word' id='word_1_858' title='bbox 3328 5377 3426 5431; x_wconf 70' lang='grc' dir='ltr'><strong>καὶ</strong></span> <span class='ocrx_word' id='word_1_859' title='bbox 3460 5377 3542 5431; x_wconf 71' lang='grc' dir='ltr'><strong>τὰ</strong></span> <span class='ocrx_word' id='word_1_860' title='bbox 3582 5374 3690 5429; x_wconf 83' lang='grc' dir='ltr'><strong>πέ-</strong></span> 
     </span>
    </p>
   </div>
   <div class='ocr_carea' id='block_1_115' title="bbox 2075 5469 3691 5546">
    <p class='ocr_par' dir='ltr' id='par_1_115' title="bbox 2075 5469 3691 5546">
     <span class='ocr_line' id='line_1_115' title="bbox 2075 5469 3691 5546; baseline -0.002 -20"><span class='ocrx_word' id='word_1_861' title='bbox 2075 5473 2165 5546; x_wconf 75' lang='grc' dir='ltr'><strong>ριξ</strong></span> <span class='ocrx_word' id='word_1_862' title='bbox 2203 5473 2396 5541; x_wconf 61' lang='grc' dir='ltr'><strong>αὐτῆς</strong></span> <span class='ocrx_word' id='word_1_863' title='bbox 2425 5474 2483 5528; x_wconf 75' lang='grc' dir='ltr'><strong>αἱ</strong></span> <span class='ocrx_word' id='word_1_864' title='bbox 2504 5473 2563 5528; x_wconf 83' lang='grc' dir='ltr'><strong>δὲ</strong></span> <span class='ocrx_word' id='word_1_865' title='bbox 2588 5472 3061 5544; x_wconf 82' lang='grc' dir='ltr'><strong>ἁποχωρισθεῖσαι</strong></span> <span class='ocrx_word' id='word_1_866' title='bbox 3084 5471 3242 5537; x_wconf 79' lang='grc' dir='ltr'><strong>δέκα,</strong></span> <span class='ocrx_word' id='word_1_867' title='bbox 3267 5469 3339 5524; x_wconf 77' lang='grc' dir='ltr'><strong>τὰ</strong></span> <span class='ocrx_word' id='word_1_868' title='bbox 3368 5472 3510 5539; x_wconf 75' lang='grc' dir='ltr'><strong>περὶ</strong></span> <span class='ocrx_word' id='word_1_869' title='bbox 3533 5469 3691 5524; x_wconf 74' lang='grc' dir='ltr'><strong>Νεά-</strong></span> 
     </span>
    </p>
   </div>
   <div class='ocr_carea' id='block_1_116' title="bbox 2074 5559 3692 5635">
    <p class='ocr_par' dir='ltr' id='par_1_116' title="bbox 2074 5559 3692 5635">
     <span class='ocr_line' id='line_1_116' title="bbox 2074 5559 3692 5635; baseline -0.002 -18"><span class='ocrx_word' id='word_1_870' title='bbox 2074 5563 2229 5618; x_wconf 77' lang='grc' dir='ltr'><strong>πολιν</strong></span> <span class='ocrx_word' id='word_1_871' title='bbox 2284 5559 2451 5635; x_wconf 69' lang='grc' dir='ltr'><strong>εἶχον.</strong></span> <span class='ocrx_word' id='word_1_872' title='bbox 2511 5562 2839 5620; x_wconf 79' lang='grc' dir='ltr'><strong>Ἐκαλοῦντο</strong></span> <span class='ocrx_word' id='word_1_873' title='bbox 2885 5564 2944 5618; x_wconf 66' lang='grc' dir='ltr'><strong>δὲ</strong></span> <span class='ocrx_word' id='word_1_874' title='bbox 2998 5565 3055 5618; x_wconf 77' lang='grc' dir='ltr'><strong>αἱ</strong></span> <span class='ocrx_word' id='word_1_875' title='bbox 3107 5562 3208 5634; x_wconf 74' lang='grc' dir='ltr'><strong>μὶν</strong></span> <span class='ocrx_word' id='word_1_876' title='bbox 3260 5562 3394 5617; x_wconf 79' lang='grc' dir='ltr'><strong>δέκα</strong></span> <span class='ocrx_word' id='word_1_877' title='bbox 3458 5560 3650 5632; x_wconf 69' lang='grc' dir='ltr'><strong>φυλαὶ</strong></span> <span class='ocrx_word' id='word_1_878' title='bbox 3676 5599 3692 5624; x_wconf 93' lang='grc'><strong>,</strong></span> 
     </span>
    </p>
   </div>
   <div class='ocr_carea' id='block_1_117' title="bbox 1986 5744 3309 5820">
    <p class='ocr_par' dir='ltr' id='par_1_117' title="bbox 1986 5744 3309 5820">
     <span class='ocr_line' id='line_1_117' title="bbox 1986 5744 3309 5820; baseline 0 -16"><span class='ocrx_word' id='word_1_879' title='bbox 1986 5747 2027 5779; x_wconf 71' lang='grc'><strong>’⁸</strong></span> <span class='ocrx_word' id='word_1_880' title='bbox 2060 5750 2127 5804; x_wconf 89' lang='lat' dir='ltr'><strong>lll</strong></span> <span class='ocrx_word' id='word_1_881' title='bbox 2165 5748 2295 5820; x_wconf 63' lang='lat' dir='ltr'><strong>Reg.</strong></span> <span class='ocrx_word' id='word_1_882' title='bbox 2325 5750 2507 5815; x_wconf 58' lang='lat'><strong>“1,4.</strong></span> <span class='ocrx_word' id='word_1_883' title='bbox 2595 5751 2634 5784; x_wconf 77' lang='grc'><strong>³⁸</strong></span> <span class='ocrx_word' id='word_1_884' title='bbox 2663 5744 2799 5805; x_wconf 83' lang='lat' dir='ltr'><strong>ibid.</strong></span> <span class='ocrx_word' id='word_1_885' title='bbox 2833 5746 2885 5803; x_wconf 78' lang='lat'><strong>5.</strong></span> <span class='ocrx_word' id='word_1_886' title='bbox 2974 5749 3014 5780; x_wconf 81' lang='grc'><strong>¹’</strong></span> <span class='ocrx_word' id='word_1_887' title='bbox 3048 5745 3183 5803; x_wconf 78' lang='lat' dir='ltr'><strong>ibid.</strong></span> <span class='ocrx_word' id='word_1_888' title='bbox 3218 5747 3309 5805; x_wconf 77' lang='grc'><strong>16.</strong></span> 
     </span>
    </p>
   </div>
  </div>
