3998 6146
375 329 534 398 ιεοο·
599 368 603 372 ~

1612 331 1712 392 DE
1749 327 2032 392 SECTIS.
2061 355 2130 364 -
2153 328 2316 392 ACT.
2351 327 2438 390 Il.

3503 309 3638 375 1310

386 445 746 520 Ἰσραηλῖται,
779 445 893 500 ἀπὸ
931 443 1026 499 τοῦ
1069 441 1462 509 πλεονάζοντος
1493 442 1866 515 λαμϐάνοντες
1896 441 1960 496 τδ
1986 493 1991 504 η

2091 443 2243 498 ribus
2285 441 2392 496 ilhc
2439 456 2563 512 quae
2632 437 3002 494 secessionem
3049 435 3368 495 fecerant,
3403 429 3638 482 vicinam

374 539 568 608 δνομα·
610 539 666 592 at
701 537 758 590 δὲ
795 535 910 602 δύο,
951 536 1221 591 Ἰουδαῖοι.
1249 535 1315 592 Δί
1346 531 1443 590 οὖν
1475 535 1610 590 δέκα
1643 533 1958 605 προστησά-

382 648 544 705 μεναι
581 630 764 684 αὐτῶν
807 629 1094 702 Ἱεροσοὰμ
1131 631 1224 684 τὸν
1251 629 1437 684 δοῦλον
1465 629 1560 683 τοῦ
1592 627 1963 697 Σολομῶντος.

381 719 624 790 συνεχῶς
653 719 958 789 ἐπολέμουν
987 718 1126 790 πρὸς
1163 717 1472 781 Ἰουδαίουςο
1504 718 1694 788 ἐπειδὴ
1719 717 1774 770 δὲ
1801 718 1964 783 νόμος

379 808 452 885 ἦν
483 811 702 882 ἑκάστῳ
725 812 835 865 ἔτει
869 815 1196 882 προσκυνεῖν
1220 812 1346 874 τοὺς
1382 809 1666 879 Ἐϐραίους
1701 810 1759 858 ἐν
1807 805 1966 874 Ἱερο-

383 905 640 975 σολύμοις
673 905 740 976 τῇ
777 903 1016 972 κιϐωτῷ,
1053 903 1314 974 φοϐηθεὶς
1341 903 1369 956 ὁ
1407 901 1708 971 Ἱεροόοάμ,
1753 899 1826 969 μὴ
1865 898 1964 952 atti-

382 997 754 1068 τομολήσωσι.
790 995 1028 1065 συνεχῶς
1071 995 1331 1058 ἀπιόντες
1377 995 1530 1046 ἐκεῖο
1589 991 1817 1060 ἐποίησε
1873 987 1968 1042 δύο

383 1089 647 1161 δαμάλεις
675 1091 883 1160 χρυσᾶς
905 1129 920 1149 .
949 1089 1054 1143 καὶ
1083 1084 1238 1142 εἶπεν
1267 1089 1476 1152 αὐτοῖς,
1511 1087 1596 1140 ὅτι
1630 1078 1791 1138 Οὗτοί
1827 1083 1967 1134 εἰσιν

386 1185 437 1238 ot
467 1183 602 1250 θεοὶ,
645 1183 698 1236 οἱ
729 1181 1093 1250 ἐξαγαγόντες
1136 1180 1284 1248 ὑμᾶς
1323 1178 1381 1245 ἐξ
1421 1177 1719 1246 Αἰγύπτου·
1751 1171 1968 1234 τούτοις

389 1277 774 1346 προσκυνεῖτε.
828 1273 938 1326 Kal
983 1275 1034 1326 οἱ
1076 1271 1408 1342 Ἰσραηλῖται
1451 1267 1571 1331 οὖν,
1607 1267 1705 1322 καὶ
1745 1267 1795 1319 οἱ
1839 1265 1973 1318 Ἰου-

385 1365 546 1429 δαῖοι,
583 1365 693 1417 ἀπ’)
725 1361 819 1416 τοῦ
871 1361 1158 1432 Ἰεροσοὰμ
1202 1359 1628 1428 εἰδωλολάτρουν
1651 1397 1666 1420 ,
1711 1355 1804 1409 ἐπὶ
1841 1353 1972 1406 πολ-

386 1456 510 1520 λοὺς
539 1454 818 1526 βασιλέας·
864 1453 970 1518 ἕως
1013 1446 1074 1506 οὗ
1105 1455 1133 1506 ὁ
1167 1452 1300 1508 Θεὸς
1333 1449 1610 1520 ὀργισθεὶς
1649 1448 1856 1518 ’ἢγαγεν
1886 1445 1972 1498 ἐπ’

389 1550 586 1611 αὐτοὺς
616 1548 708 1601 τὸν
733 1546 959 1617 βασιλέα
987 1545 1098 1600 τῶν
1135 1545 1439 1615 Ἀσσυρίων
1458 1543 1552 1595 τὸν
1581 1537 1970 1610 Σαλμανασάρ·

389 1643 484 1695 xal
515 1639 865 1713 ᾑχμαλὼτισε
886 1641 982 1700 ea;
1013 1639 1145 1692 δέκα
1183 1637 1357 1707 φυλὰς
1387 1636 1494 1689 τῶν
1539 1629 1970 1704 Ἱσραηλιτικῶν·

387 1735 516 1794 τοὺς
547 1735 657 1804 γὰρ
685 1731 974 1795 Ἰουδαίους
1007 1731 1129 1784 οὐδὲ
1154 1729 1516 1799 ἐπολέμησεν.
1551 1723 1975 1795 Δίχμαλωτίσας

2063 535 2291 606 Neapoli
2325 533 2602 604 regionem
2635 531 2994 602 occupabant.
3023 529 3090 584 Et
3124 523 3540 598 appellabantur
3561 523 3645 578 hac

2063 627 2254 684 decem
2317 627 2532 688 tribus,
2583 625 2876 688 Israelita,
2911 636 3112 677 nomen
3171 635 3202 674 a
3257 615 3448 686 majori
3493 623 3646 686 parte

2064 719 2350 776 consecuti
2380 737 2392 772 :
2428 718 2654 787 reliquae
2679 731 2812 771 vero
2839 715 2982 776 dum,
3015 712 3214 768 Judaei.
3245 709 3452 764 Tribus
3478 708 3648 778 igitur

2065 813 2256 868 decem
2289 811 2638 870 Jeroboamo.
2669 807 2981 864 Solomonis
3007 821 3190 867 servo,
3227 803 3331 858 sibi
3366 800 3646 872 praelecto,

2065 903 2330 959 continua
2365 918 2489 957 eum
2529 901 2736 957 Iudaeis
2791 899 2934 954 bella
2969 897 3236 968 gerebant
3269 912 3283 949 :
3320 901 3378 948 et
3403 892 3530 962 quia
3561 891 3650 945 lex

2066 1005 2221 1060 erat,
2281 1004 2342 1051 ut
2400 993 2610 1049 Hebraei
2666 990 2966 1061 quotannis
3021 1004 3204 1045 arcam
3253 981 3652 1055 Hierosolymis

2069 1089 2388 1152 adorarent,
2417 1087 2628 1142 veritus
2654 1083 3019 1141 Jeroboamus
3041 1122 3056 1148 ,
3102 1097 3174 1136 ne
3225 1081 3546 1150 frequenter
3585 1091 3652 1130 eo

2069 1191 2461 1246 commeantes,
2501 1177 2864 1248 transfugium
2889 1176 3136 1230 facerent
3168 1191 3182 1226 :
3215 1172 3352 1226 duas
3386 1172 3650 1240 iuvencas

2068 1291 2268 1332 aureas
2299 1275 2446 1332 fecit.
2481 1273 2708 1342 suisque
2732 1270 2890 1333 dixit,
2923 1269 3025 1324 hos
3065 1267 3187 1322 illos
3205 1280 3339 1320 .esse
3368 1263 3520 1326 deos,
3558 1260 3653 1331 qui

2071 1385 2138 1423 ex
2180 1367 2414 1438 {Egypto
2456 1365 2736 1422 lsraelitas
2779 1363 3154 1417 eduxissent:
3194 1373 3290 1413 eos
3338 1357 3651 1412 adorarent.

2072 1463 2192 1530 Quo
2225 1463 2426 1518 factum
2459 1469 2564 1523 est,
2596 1467 2659 1514 ut
2700 1457 2911 1528 pariter
2936 1464 2992 1511 et
3028 1451 3324 1516 lsraelitm,
3374 1457 3427 1503 et
3455 1446 3654 1507 Judaei,

2074 1557 2144 1610 ab
2168 1553 2482 1611 Jeroboami
2533 1549 2873 1620 temporibus
2901 1546 3194 1602 simulacra
3225 1541 3326 1596 sub
3353 1540 3656 1595 multormn

2075 1663 2266 1719 regum
2311 1644 2542 1714 imperio
2569 1642 2850 1704 colerent,
2899 1639 3078 1694 donec
3116 1639 3290 1690 iratus
3336 1634 3503 1692 Deus,
3533 1629 3656 1685 Sal-

2077 1751 2428 1793 manasarum
2461 1734 2810 1804 Assyriorum
2845 1744 3027 1800 regem
3054 1727 3109 1781 in
3137 1741 3236 1780 eos
3269 1723 3446 1778 duxit.
3479 1721 3531 1776 is
3565 1719 3661 1774 de-

387 1829 445 1883 δὲ
467 1831 592 1892 τοὺς
625 1827 988 1898 Ἰσραηλίτας,
1025 1825 1141 1877 ἀντ’
1172 1821 1352 1878 αὐτῶν
1391 1820 1584 1897 ᾷλλους
1624 1818 1804 1872 ἐκεῖσε
1829 1831 1976 1868 κατε

2091 1845 2199 1887 cem
2255 1827 2626 1883 lsraelitarum
2679 1823 2861 1878 tribus
2910 1821 2964 1876 in
3019 1819 3344 1876 servitutem
3393 1813 3657 1882 redegit:

393 1921 614 1989 ἔστησε.
649 1921 786 1990 πρὸς
819 1917 1068 1990 φυλακὴν
1105 1917 1206 1983 τῆς
1242 1915 1461 1986 χώρας,
1495 1912 1692 1972 οἵτινες
1742 1907 1979 1977 ἐκλήθη-

395 2027 496 2064 σαν
524 2010 888 2080 Σαμαρεῖταιο
914 2005 1102 2076 ἐπειδὴ
1131 2003 1481 2074 Σαμαρείτης
1507 2001 1728 2069 λέγεται
1748 1999 1777 2050 ὁ
1803 1994 1980 2066 φύλαξ

392 2101 529 2170 παρ’
574 2100 871 2172 Ἑϐραίοις.
915 2097 1151 2162 Τούτους
1205 2095 1262 2150 δὲ
1316 2095 1441 2149 ἀντὶ
1477 2093 1587 2147 τῶν
1633 2087 1983 2160 Ἰσραηλιτῶν

397 2193 708 2257 οἰκοῦντας,
736 2193 951 2256 λέοντες
975 2191 1300 2246 ἀπέκτεινον
1323 2183 1563 2248 πυκνῶς·
1592 2183 1697 2246 ἓως
1719 2175 1782 2236 οὗ
1813 2180 1986 2248 επεμ-

391 2292 524 2363 ψαν,
555 2291 812 2358 λέγοντες
849 2289 928 2360 τῷ
963 2287 1175 2358 βασιλεῖ
1201 2286 1311 2339 τῶν
1347 2281 1679 2350 Ἀσσυρίων,
1711 2279 1794 2332 ὅτι
1824 2275 1988 2332 Λέονο

395 2402 488 2449 τες
521 2385 672 2454 ἡμᾶς
711 2380 1058 2442 ἀπολλύασιν,
1107 2377 1296 2448 ἐπειδὴ
1344 2376 1446 2430 οὐκ
1477 2373 1641 2444 ἴσμεν
1687 2367 1983 2440 λατρεῦσαι

395 2476 475 2546 τῷ
517 2474 640 2545 Θεῷ
686 2477 788 2544 τῆς
833 2473 940 2542 γῆς
983 2469 1210 2540 ταύτης.
1243 2467 1430 2523 Ταῦτα
1471 2465 1718 2526 ἀκούσας
1760 2465 1788 2515 6
1833 2460 1981 2532 βασι-

397 2567 547 2632 λεὺς.
575 2563 822 2636 ἔπεμψεν
849 2565 1034 2627 αὐτοῖς
1068 2563 1166 2616 ἕνα
1193 2559 1302 2616 τῶν
1333 2555 1882 2630 αἰχμαλωτισθέντων
1914 2551 2018 2604 lar

403 2661 564 2732 ρέων.
601 2659 695 2712 ἐπὶ
731 2658 793 2711 τὸ
825 2655 1036 2722 διδάξαι
1074 2653 1307 2715 αὐτοὺς,
1360 2647 1611 2716 πῶς’δεί
1663 2646 1990 2718 προσκυνεῖν

401 2751 481 2820 τῷ
512 2749 630 2819 Θεῷ
669 2750 768 2818 τῆς
797 2749 902 2818 γῆς
951 2748 1202 2816 ὲκείνης.
1244 2745 1305 2797 '0
1347 2743 1402 2797 δὲ
1451 2739 1645 2799 ἐλθὼν.
1683 2739 1836 2792 οὐδὲν
1865 2735 1992 2792 ἄλλο

403 2843 639 2908 ἐδίδαξεν
673 2842 894 2904 αὐτους.
940 2838 1018 2903 ὥς
1053 2854 1219 2908 φασιν
1264 2838 1315 2890 ot
1363 2834 1566 2900 ἔξωθεν
1621 2827 1989 2900 ἱστοροῦντες,

405 2937 455 2990 εἰ
492 2939 568 3008 μὴ
603 2936 764 3007 μόνον
796 2934 898 3004 τὴν
924 2932 1320 3000 Πεντάτευχον,
1357 2928 1480 2982 ὅθεν
1503 2926 1599 2980 καὶ
1627 2926 1792 2997 μόνην
1821 2922 1993 2992 αὐτὴν

401 3028 649 3098 δέχονται
700 3027 750 3080 oi
797 3025 1157 3096 Σαμαρεῖται.
1208 3021 1421 3092 Μέχρις
1466 3017 1561 3073 οὖν
1609 3016 1720 3070 τῶν
1757 3014 1992 3070 ἐνταῦθα

401 3121 556 3192 λέγει
585 3121 618 3192 ἠ
645 3119 858 3190 Γραφή.

475 3302 591 3357 Kal
621 3298 728 3354 ἀπδ
757 3297 964 3354 τούτων
995 3296 1215 3365 λέγουσι
1256 3291 1589 3364 γεγενῆσθαι
1623 3289 1753 3354 τοὺς
1799 3288 1991 3357 Σαμα-

410 3393 616 3466 ρείταςο
643 3393 678 3457 ὴ
717 3389 774 3442 δὲ
821 3387 1036 3458 αἵρεσις
1063 3385 1246 3440 αὐτῶν
1283 3381 1511 3452 τοιαύτη
1545 3380 1684 3436 ἐστί.
1725 3377 1862 3453 Περὶ
1895 3377 1994 3448 μὲν

407 3486 509 3556 τὴν
551 3482 854 3550 θεολογίαν,
900 3481 972 3534 τὰ
1017 3479 1158 3534 αὐτὰ
1209 3475 1499 3545 δοξάζουσι
1541 3477 1653 3537 τοῖς
1695 3471 1990 3542 Ἑϐραίοις·

415 3575 549 3647 μίαν
574 3573 685 3644 γὰρ
712 3573 1034 3632 ὑπόστασιν,
1059 3572 1154 3624 καὶ
1179 3569 1308 3639 μίαν
1337 3565 1498 3637 φύσιν
1523 3564 1829 3632 δοξάζουσι.
1858 3561 1997 3633 Περὶ

407 3667 467 3723 δὲ
496 3667 595 3738 τὴν
617 3664 940 3736 ὲνανθρώπη
950 3681 1033 3718 σιν
1055 3663 1152 3718 τοῦ
1177 3660 1439 3732 Χριστοῦ,
1459 3658 1634 3722 οὕτως
1663 3658 1901 3728 ἔχουσιν.
1920 3656 1994 3709 03

412 3759 782 3817 πιστεύουσιν.
814 3759 896 3811 ὃτι
929 3753 1116 3827 ἢλθεν,
1145 3755 1260 3810 ἀλλ’
1297 3755 1382 3808 ὅτι
1433 3751 1616 3824 μέλλει
1649 3750 1848 3805 ἐλθεῖν.
1875 3747 1998 3802 οὐδὲ

411 3851 494 3906 δτι
523 3850 700 3914 θεὸς.
750 3850 780 3902 ὁ
817 3847 1146 3919 ἐρχόμενος,
1203 3845 1340 3901 ἀλλὰ
1381 3850 1694 3917 προφήτης.
1753 3839 1892 3896 Οὔτε
1941 3839 2024 3892 δὲ·

413 3943 643 4012 ἄγγελον
685 3940 1002 4006 δοξάζουσιν
1049 3935 1214 4002 εἶναι,
1267 3937 1392 3993 οὔτε
1453 3936 1632 4008 ψυχὴν
1693 3933 1958 3988 ἀθάνατον
1981 3970 1997 3996 ,

413 4033 540 4088 οὔτε
596 4031 920 4086 ἀνάστασιν.
1004 4031 1082 4084 Οὐ
1147 4029 1646 4100 συγκατατίθενται
1720 4027 1832 4096 γὰρ
1884 4024 2000 4086 τοῖς

426 4125 726 4201 Ἑϐραίοις.
775 4125 860 4180 ὅτι
921 4123 1157 4194 Χριστὸς
1194 4123 1382 4194 μέλλει
1435 4124 1621 4193 κρῖναι
1660 4117 1872 4184 ζῶντας
1906 4116 2001 4170 καὶ

413 4217 665 4290 νεκρούς.
696 4218 806 4271 Kal
838 4217 922 4270 ὅτι
951 4216 1054 4286 μέν
1093 4217 1234 4268 εἰσιν
1265 4213 1513 4284 ἄγγελοι,
1546 4211 1864 4281 ἐλέγχονται
1893 4207 2002 4262 ἀπὸ

414 4313 516 4383 τῆς
541 4311 945 4381 Πεντατεύχουο
970 4311 1090 4364 ἐκεῖ
1116 4309 1228 4380 γάρ
1257 4323 1453 4376 φησιν·
1497 4304 1656 4360 Ἰδοὺ
1682 4305 1716 4359 ὁ
1745 4303 2003 4373 ἄηθελός

415 4423 534 4478 μου
583 4404 1015 4472 προπορεύεται
1042 4402 1157 4468 πρὸ
1209 4399 1536 4469 προσώπου
1563 4413 1702 4452 σου.
1751 4397 1883 4460 Kal,
1919 4396 2002 4448 ὅτι

2079 1920 2285 1977 Iudaeis
2310 1933 2380 1972 ne
2405 1917 2611 1998 bellum
2641 1915 2866 1986 quidem
2908 1913 3114 1967 intulit.
3141 1910 3391 1978 Cumque
3415 1906 3662 1976 captivos

2084 2013 2357 2069 lsraelilas
2381 2007 2720 2074 abduxisset,
2749 2007 2888 2062 alios
2921 2005 3126 2060 ibidem
3169 2017 3360 2058 eorum
3397 2000 3538 2058 loco.
3569 2009 3660 2050 re-

2083 2105 2263 2178 gionis
2301 2100 2674 2159 custodienda:
2711 2114 2898 2161 eausa,
2929 2093 3254 2157 constituit;
3285 2091 3379 2162 qui
3417 2087 3664 2145 Samari-

2086 2197 2200 2252 tani
2227 2203 2357 2251 sunt
2389 2193 2592 2258 vocati,
2623 2192 2828 2262 quippe
2861 2187 3154 2245 Samarita.
3204 2191 3393 2239 custos
3419 2178 3666 2236 Hebraeis

2087 2289 2310 2346 dicitur.
2347 2287 2454 2342 Eos
2490 2293 2675 2341 autem
2712 2283 3018 2338 incolentes
3056 2277 3423 2334 lsraelitarum
3464 2281 3664 2332 terras.

2088 2393 2468 2452 smpcnumcro
2487 2377 2679 2431 leones
2703 2371 3147 2435 interﬁciebaut;
3175 2367 3354 2422 donec
3375 2363 3556 2418 missis
3583 2361 3666 2415 le-

2089 2474 2230 2546 gatis
2253 2513 2268 2536 ,
2311 2469 2660 2542 Assyriorum
2695 2465 2808 2536 regi
2839 2462 3216 2534 signiﬁcarent
3241 2500 3255 2516 .
3316 2456 3386 2511 ab
3416 2452 3669 2510 leonibus

2090 2545 2157 2619 ad
2181 2562 2615 2618 internecionem
2661 2575 2720 2614 se
2764 2556 2959 2620 deleri,
2989 2563 3282 2625 propterea
3311 2546 3460 2618 quod
3500 2545 3669 2599 ritum

2092 2657 2308 2714 colendi
2331 2657 2502 2712 Deum
2522 2653 2671 2708 illius
2693 2651 2933 2722 regionis
2963 2649 3303 2720 ignorarent.
3335 2641 3548 2709 Quibus
3575 2652 3673 2692 rex

2091 2749 2318 2811 auditis,
2349 2761 2516 2802 unum
2542 2761 2608 2798 ex
2635 2742 2893 2798 abductis
2919 2741 2976 2794 in
3007 2735 3382 2807 captivitatem
3413 2727 3674 2785 sacerdo-

2097 2842 2244 2896 tibus
2275 2840 2342 2904 ad
2369 2855 2466 2895 eos
2491 2837 2660 2898 misit,
2687 2835 2780 2905 qui
2817 2833 3068 2891 doceret.
3101 2843 3212 2900 quo
3245 2833 3408 2896 pacto
3433 2818 3676 2891 regionis

2095 2933 2244 2988 iilius
2283 2932 2428 2987 Deus
2481 2937 2630 2984 esset
2682 2924 3018 2990 adorandus.
3075 2922 3127 2978 is
3184 2921 3280 2974 ubi
3338 2914 3672 2977 advenisset,

2094 3026 2238 3081 nihil
2264 3023 2411 3078 aliud
2440 3017 2537 3077 eos
2565 3019 2776 3082 docuit,
2808 3025 2866 3071 ut
2893 3013 3138 3070 extranei
3172 3011 3473 3080 scriptores
3497 3005 3674 3066 aiunt,

2022 3141 2066 3198 ε
2098 3117 2202 3172 nisi
2235 3112 2672 3170 Pentatcuehum
2707 3127 2720 3163 :
2753 3109 3114 3178 quamobrem
3169 3104 3315 3157 illam
3369 3099 3539 3154 solam
3573 3095 3677 3151 Sa-

2098 3205 2352 3262 maritani
2383 3203 2677 3272 recipiunt.
2707 3199 2984 3253 Hactenus
3007 3195 3293 3263 Setiptura
3325 3203 3504 3243 sacra.

2163 3296 2304 3352 Vill.
2329 3294 2628 3351 Perhibent
2655 3300 2860 3350 autem,
2885 3289 2954 3343 ab
2979 3287 3066 3342 bis
3087 3295 3242 3340 ortos
3265 3281 3676 3336 Samaritanus:

2095 3401 2332 3458 quorum
2366 3392 2451 3440 est
2501 3381 2821 3452 h'ujusmodi
2855 3387 3036 3433 secta:
3071 3375 3130 3432 In
3179 3371 3430 3428 doctrina
3465 3369 3534 3422 de
3563 3367 3679 3422 Deo

2095 3495 2221 3536 cum
2269 3475 2516 3532 Hebra-is
2571 3474 2767 3528 eadem
2797 3477 3049 3527 statuunt
3080 3485 3094 3522 :
3133 3481 3296 3521 unam
3332 3459 3676 3532 hypostasin,

2095 3581 2153 3630 et
2195 3583 2359 3626 unam
2404 3581 2529 3624 esse
2564 3573 2817 3620 naturam
2851 3560 3152 3616 tradentes.
3213 3554 3368 3621 Quod
3401 3551 3466 3606 ad
3499 3551 3682 3604 incar—

2097 3665 2378 3722 nationem
2441 3657 2650 3716 Christi
2706 3657 2951 3718 attinet,
3007 3653 3114 3708 hoc
3169 3644 3352 3704 modo"
3385 3644 3678 3700 sentiunt:

2096 3756 2376 3813 Christum
2419 3751 2642 3807 venisse
2672 3765 2781 3804 non
2815 3745 3086 3807 credunt,
3141 3749 3432 3797 venturum
3488 3731 3682 3790 existi-

2097 3855 2284 3905 mant:
2312 3862 2414 3902 nec
2442 3846 2613 3900 Deum
2638 3857 2760 3898 esse
2793 3839 2886 3911 qui
2917 3838 3136 3900 veniat,
3169 3833 3264 3889 sed
3296 3840 3498 3886 vatem.
3541 3827 3683 3881 [διδαξ-

2099 3951 2251 3996 terea
2303 3951 2410 3993 nec
2459 3934 2714 4007 angelum
2772 3931 3072 4002 epinantur
3105 3942 3226 3982 esse
3251 3965 3264 3988 ,
3303 3937 3406 3978 nec
3445 3919 3684 3974 animam

2099 4031 2491 4090 immortalem,
2535 4042 2639 4082 nec
2679 4023 3168 4080 resurrectionem.
3224 4017 3341 4073 Non
3381 4013 3528 4069 enim
3572 4009 3684 4066 Ile-

2099 4123 2262 4180 bmis
2322 4118 2740 4182 assentiuntur,
2784 4111 3146 4171 credentibus
3189 4109 3470 4166 Christum
3531 4104 3689 4158 viros

2101 4227 2267 4287 atque
2290 4221 2540 4269 mortuos
2567 4210 2968 4280 iudicaturum.
2992 4205 3264 4261 Caeterum
3289 4199 3515 4270 angelos
3543 4209 3686 4259 esse,

2101 4306 2172 4361 de
2205 4300 2582 4360 Pentateucho
2625 4297 3035 4353 convincuntur
3063 4337 3076 4357 ,
3131 4309 3197 4346 ex
3261 4291 3415 4344 hisee
3457 4287 3686 4342 verbis:

2104 4399 2237 4452 Ecce
2268 4392 2490 4465 angelus
2518 4407 2662 4445 meus
2694 4397 2820 4444 ante
2850 4387 3034 4456 [aciem
3056 4396 3201 4440 tuam
3235 4383 3387 4452 pra’it
3423 4381 3485 4434 ’⁸.
3517 4379 3688 4434 Item:

425 4469 718 4568 ῖΑπτεαῖος
761 4499 982 4567 Κυρίου
1024 4495 1286 4551 ἐκάλεσε
1337 4494 1456 4562 τὴν
1504 4494 1714 4562 Ἀγαρ.
1749 4493 1893 4554 Kal,
1923 4491 1991 4544 ὃτι

2107 4485 2342 4559 Angelus
2376 4483 2586 4540 Domini
2614 4479 2948 4553 compellavit
2977 4479 3208 4549 Agerent
3247 4477 3310 4528 '9.
3352 4474 3486 4530 ltem
3530 4489 3543 4524 :
3582 4469 3692 4525 An-

433 4590 765 4647 Ἐκάλεσεν
794 4589 1050 4660 ἄπελος
1079 4587 1300 4656 Κυρίου
1323 4585 1432 4640 τὸν
1471 4581 1750 4651 Ἀϐραάμ.
1784 4581 1894 4635 Kal
1925 4580 2010 4633 ὅτι

419 4683 726 4754 Εἷσῆλθον
750 4686 803 4738 οι
832 4683 1076 4748 ἄγγελοι
1111 4681 1197 4746 εις
1227 4678 1484 4746 Σόδομα,
1515 4675 1613 4728 καὶ
1639 4673 1806 4744 ἕτερα
1827 4669 2010 4724 τοιαῦ-

421 4794 511 4832 τα.
550 4777 654 4830 Kal
683 4776 766 4828 ὅτι
791 4775 824 4840 ἡ
857 4773 1006 4843 ψυχὴ
1047 4773 1218 4840 θνητή
1263 4773 1400 4830 ἐστι,
1435 4766 1592 4836 φασὶ,
1623 4765 1718 4819 καὶ
1747 4763 1848 4818 οὐκ
1874 4762 2011 4816 ἀθά·-

423 4885 620 4931 νατος,
655 4867 924 4936 μαρτυρεῖ
961 4865 990 4918 ὁ
1045 4862 1325 4932 Μωῦσῆς,
1375 4859 1567 4925 εἰπὼν,
1621 4857 1713 4926 Μὴ
1771 4853 2012 4924 φάγεσθε

425 4955 591 5028 αἷμα.
627 4957 742 5012 ἀλλ’
775 4957 988 5027 ἐκχεῖτε
1017 4955 1154 5008 αὐτὸ
1186 4954 1330 5008 κατὰ
1357 4955 1458 5022 τῆς
1500 4951 1628 5021 γῆς.
1671 4949 1880 5012 Παντὸς
1902 4946 2012 5018 γὰρ

428 5053 570 5118 (dion
606 5051 668 5126 τὸ
699 5045 862 5119 αἷμα,
889 5049 924 5118 ἡ
948 5047 1098 5118 ψυχὴ
1135 5046 1326 5102 αὑτοῦ.
1369 5047 1564 5114 Ἡμεῖς
1599 5043 1657 5098 δὲ
1687 5043 1825 5114 πρὸς
1851 5039 2015 5117 τουτο

426 5144 682 5212 λέγομεν.
718 5142 800 5206 ὅτι
847 5138 1064 5207 πρῶτον
1106 5137 1206 5206 μὲν
1234 5137 1334 5192 οὐκ
1367 5135 1486 5190 ἔστι
1525 5136 1587 5188 τὸ
1637 5127 1776 5204 αἷμα
1804 5133 1840 5203 ἠ
1867 5130 2014 5202 ψυχὴ
2047 5165 2062 5176 ρ

429 5235 540 5288 τῶν
567 5232 742 5298 ζώων,
783 5230 901 5284 ἀλλ’
931 5228 1119 5298 ἐπειδὴ
1163 5227 1258 5281 τοῦ
1307 5227 1537 5296 αἵματος
1565 5224 1893 5296 ἐκχεομένου
1923 5225 2018 5274 καλ⁸

431 5328 466 5398 ἡ
505 5323 654 5396 ψυχὴ
707 5321 1038 5381 ἀπόλλυταιο
1095 5321 1159 5375 ὲκ
1195 5318 1396 5373 τούτου
1451 5318 1581 5388 περὶ
1633 5317 1730 5372 τοῦ
1779 5315 2012 5387 αἵματος

432 5415 647 5484 κτηνῶν
682 5411 750 5485 ἦν
781 5411 930 5484 αὐτῷ
953 5415 982 5467 ὁ
1010 5405 1192 5480 λόγος,
1221 5410 1259 5466 ἃ
1291 5411 1388 5464 καὶ
1418 5409 1581 5482 ἡμεῖς
1617 5407 1789 5477 θνητὰ
1813 5407 2008 5478 ὁμολο-

434 5505 640 5578 γοῦμεν
673 5491 835 5561 εἶναι·
862 5506 925 5560 οὐ
963 5505 1092 5578 περὶ
1109 5503 1434 5575 ἀνθρώπων.
1470 5501 1582 5554 Kal
1626 5500 1733 5555 ἀπὸ
1775 5499 2013 5572 ἱστορίας

439 5755 526 5813 Ν.

511 5683 554 5716 ’³
587 5685 760 5742 Exod.
799 5699 951 5748 xxu',
976 5683 1064 5738 20.
1149 5684 1190 5715 "
1221 5681 1362 5740 Gen.
1395 5698 1502 5746 xxi,
1556 5681 1636 5736 l7.
1739 5680 1784 5712 ’°
1823 5679 1939 5736 Gen

2091 5695 2125 5740 I,
2161 5677 2246 5732 ll.
2343 5676 2386 5706 ’ί
2427 5675 2565 5729 Gen.
2592 5691 2698 5738 tm,
2743 5674 2788 5730 l.

2111 4582 2259 4658 gaius
2287 4579 2501 4635 Domini
2529 4574 2872 4642 compellavit
2893 4571 3253 4628 Abrahamum
3279 4567 3345 4619 ²⁰.
3395 4565 3528 4620 Item
3561 4579 3574 4615 :
3601 4561 3695 4616 In-

2110 4655 2276 4748 pressi
2322 4680 2448 4728 sunt
2494 4667 2672 4741 angeli
2711 4666 3059 4722 Sodomorum
3089 4662 3337 4732 oppidum
3366 4659 3436 4712 ¹¹.
3464 4655 3694 4724 Aliaquc

2115 4766 2266 4821 talia.
2287 4763 2570 4818 Mortalem
2591 4776 2722 4814 vero
2738 4759 2975 4814 animam
2994 4769 3137 4812 esse.
3162 4768 3268 4806 non
3291 4749 3655 4804 immortalem
3679 4787 3692 4812 ,

2115 4866 2374 4919 testatur,
2424 4853 2686 4924 inquiunt
2724 4849 2851 4922 ipsi,
2882 4847 3070 4904 verbis
3113 4845 3262 4900 hisce
3295 4843 3473 4897 Moses
3505 4857 3518 4894 :
3559 4838 3696 4892 Sau-

2111 4950 2333 5022 guinem
2365 4963 2436 5003 ne
2471 4943 2854 5005 comederitis,
2885 4939 2981 4996 sed
3025 4953 3151 4993 eum
3197 4936 3252 4991 in
3289 4945 3490 4990 terram
3519 4931 3700 4987 eli‘uno

2114 5043 2251 5098 dite.
2303 5040 2441 5098 Nam
2481 5037 2734 5109 cujusvis
2763 5031 3016 5090 animalis
3072 5027 3335 5100 sanguis,
3392 5023 3568 5096 ipsius
3615 5029 3702 5076 est

2113 5135 2297 5192 anima
2327 5133 2394 5188 “.
2447 5130 2555 5187 Sed
2592 5144 2696 5184 nos
2732 5126 2800 5182 ad
2848 5126 2954 5180 hoc
2985 5121 3409 5192 respondemus,
3455 5115 3700 5186 primum

2115 5241 2223 5282 non
2251 5239 2374 5280 esse
2401 5220 2726 5292 sanguinem
2751 5215 3073 5272 animalium
3099 5213 3338 5268 animam
3363 5227 3378 5268 :
3423 5206 3516 5262 sed
3559 5219 3700 5273 quo-

2115 5317 2266 5373 niam
2287 5313 2464 5370 eli‘uso
2481 5311 2772 5384 sanguine,
2799 5310 2983 5364 anima
3001 5321 3222 5378 quoque
3242 5301 3456 5366 interit,
3490 5295 3703 5352 idcirco

2120 5407 2190 5464 de
2235 5403 2501 5477 sanguine
2548 5405 2930 5474 iumentorum
2977 5399 3061 5455 sic
3113 5395 3400 5467 loquitur,
3434 5403 3556 5460 qua:
3603 5401 3704 5439 nos

2123 5514 2346 5570 quoque
2370 5496 2534 5553 morti
2563 5497 2800 5552 obnoxia
2828 5493 3067 5552 fatemur
3091 5505 3251 5554 esse;
3289 5501 3402 5540 non
3434 5481 3502 5538 de
3527 5479 3705 5534 homi-

2896 5674 2937 5704 υ
2993 5667 3167 5723 Levit.
3203 5679 3278 5728 ut,
3313 5661 3413 5728 ιη
3445 5672 3576 5722 ινιι,
3617 5655 3705 5724 l5,
