3998 6146
340 337 470 406 1221

1599 323 1912 385 LEONTII
1950 321 2361 383 BYZANTINI

3478 329 3617 395 12ἱὲ

339 449 524 504 nibus.
556 443 702 514 Quin
743 453 802 500 et
839 440 1077 498 animam
1104 451 1226 494 esse
1256 433 1648 499 immortalem,
1685 441 1742 489 et
1774 431 1919 504 judi-

2025 431 2083 484 δὲ
2113 431 2457 501 δεικνύομιν,
2485 431 2568 486 ὅτι
2609 431 2703 485 καὶ
2733 433 3005 499 ἀθάνατός
3051 434 3202 490 ἑστιν
3245 436 3278 506 ἠ
3308 435 3479 510 ψυχὴ.
3517 443 3614 494 καὶ

341 541 489 596 cium
544 537 662 594 fore
727 542 1110 596 mortuorum,
1177 544 1246 586 ex
1309 527 1547 582 historia
1591 526 1919 597 probamus.

339 630 547 687 Cainus
565 636 622 683 et
650 627 862 682 Abelus
891 623 1002 678 duo
1043 620 1243 676 fratres
1276 627 1458 683 erant,
1488 633 1634 674 unus
1657 617 1920 689 agricola,

340 730 534 795 pastor
585 722 727 776 alter
757 737 771 772 τ
805 717 1008 788 quibus
1061 714 1334 770 ambobus
1391 728 1506 768 rem
1533 705 1662 767 Deo’
1710 725 1922 766 sacram

339 814 742 876 factitantibus,
784 811 1020 866 Abelum
1057 810 1203 864 Deus
1249 815 1313 862 ut
1351 807 1562 877 justum
1590 801 1920 873 acceptavit,

339 907 590 976 neglecto
609 903 803 960 Caino.
828 903 1041 958 lshanc
1062 901 1132 955 ob
1157 913 1379 954 causam
1403 897 1669 952 adversus
1686 894 1922 950 Abelum

339 997 689 1056 mmulatione
725 1005 1014 1067 concepta,
1058 995 1279 1052 tandem
1320 1007 1448 1048 eum
1503 991 1725 1046 occidit.
1781 988 1922 1044 Cum

338 1107 469 1163 ergo
484 1091 816 1146 Samaritani
845 1089 1050 1150 dicant,
1072 1087 1126 1142 in
1150 1088 1255 1142 hac
1278 1087 1390 1142 vita
1413 1082 1759 1156 compensari
1783 1083 1924 1140 facta

338 1183 585 1256 cuju5vis
607 1224 622 1246 ,
663 1181 796 1253 quid
830 1181 900 1236 de
931 1180 1108 1236 Abelo
1139 1180 1326 1236 dicere
1374 1193 1668 1250 possumus
1692 1217 1706 1240 ,
1764 1177 1923 1248 cujus
1963 1246 1972 1254 ,

333 1274 562 1344 iustitia:
575 1274 724 1329 Deus
741 1272 859 1342 ipse
883 1271 1263 1326 testimonium
1284 1268 1918 1340 perhibuit?Nimirum,

339 1365 487 1438 quod
511 1364 577 1420 ad
602 1365 746 1419 hanc
772 1363 942 1418 vitam
970 1364 1193 1428 attinet,
1221 1360 1366 1416 mala
1386 1376 1488 1432 pro
1513 1361 1672 1416 bonis
1691 1361 1917 1431 recepit.

337 1457 496 1516 Unde
520 1457 817 1512 manifesto
845 1463 1016 1525 patet,
1040 1463 1095 1510 et
1115 1454 1486 1509 immortalem
1512 1470 1632 1510 esse
1655 1454 1918 1520 animam,

339 1561 397 1608 et
424 1550 896 1608 resurrectionem
930 1563 1054 1604 esse
1077 1588 1092 1612 ,
1141 1546 1309 1603 statui
1352 1546 1558 1602 debere
1591 1564 1604 1600 :
1641 1561 1768 1601 nam
1809 1547 1919 1602 nisi

337 1644 449 1700 vita
479 1651 736 1706 restaret,
769 1642 824 1696 in
857 1657 965 1712 qua
1001 1655 1226 1696 suarum
1253 1640 1530 1694 actionum
1559 1638 1650 1694 ille
1679 1637 1918 1693 fructum

339 1735 552 1804 capiet,
594 1747 944 1802 nequaquam
979 1731 1066 1785 vir
1101 1730 1226 1785 talis
1271 1729 1548 1785 immerito
1608 1729 1806 1784 fuisset
1835 1729 1921 1781 in-

341 1831 667 1893 teremptus.
690 1823 758 1878 Et
780 1823 897 1878 hac
911 1821 1138 1892 quidem
1160 1819 1628 1874 Samaritanorum
1649 1827 1734 1874 est
1747 1828 1917 1873 secta.

340 1915 636 1972 Sciendum
659 1929 814 1979 vero,
834 1929 1018 1984 regem
1035 1913 1385 1984 Assyriorum
1409 1911 1924 1966 Nabuchodonoso-

338 2024 484 2071 rum,
499 2023 622 2063 cum
634 2049 648 2072 ,
663 2017 927 2080 regnante
945 2006 1191 2064 Sedecia.
1211 2021 1337 2060 cum
1353 2005 1531 2075 copiis
1543 2003 1921 2075 Hierosolyma

336 2105 602 2166 venisset,
620 2101 838 2156 Iudaeos
857 2099 909 2154 in
931 2099 1304 2171 captivitatem
1333 2099 1649 2161 abduxisse,
1668 2105 1834 2168 atque
1866 2097 1920 2151 in

337 2191 620 2247 Persidem
645 2183 992 2246 transtulisse
1019 2211 1030 2244 :
1054 2205 1293 2261 quorum
1318 2191 1372 2244 in
1400 2204 1632 2244 numero
1656 2187 1921 2253 Ananias,

337 2284 583 2348 Azarias,
609 2284 888 2350 Misaelus,
912 2283 1251 2340 lezechielus
1265 2291 1323 2337 et
1345 2281 1569 2336 Esdras.
1595 2281 1724 2336 Post
1746 2295 1919 2335 annos

338 2379 702 2448 septuaginta,
722 2381 989 2448 regnante
1005 2378 1167 2448 Cyro,
1186 2391 1383 2430 rursus
1399 2374 1773 2446 Hierosolyma
1786 2388 1920 2444 pro-

336 2466 466 2522 fecti
517 2476 666 2532 sunt,
707 2485 832 2524 cum
861 2469 1037 2540 Cyrus
1067 2469 1149 2524 eis
1195 2467 1436 2526 reditum
1463 2477 1757 2537 propterea
1787 2481 1922 2521 con-

337 2556 618 2618 cessisset.
646 2559 794 2628 quod
826 2559 878 2612 ei
909 2558 1170 2628 pleraque
1192 2559 1488 2627 peripsum
1513 2557 1750 2625 gerenda
1775 2547 1920 2627 prae-

337 2650 630 2704 dixissent.
695 2649 854 2705 llunc
897 2650 1136 2705 reditum
1183 2650 1480 2719 descripsit
1528 2649 1774 2716 Esdras;
1822 2649 1918 2718 qui

334 2757 464 2798 cum
501 2741 882 2814 Hierosolyma
933 2743 1218 2806 venisset,
1273 2755 1576 2812 omnesque
1627 2740 1805 2796 libros
1865 2739 1920 2795 id

331 2836 626 2905 temporis,
653 2851 764 2906 quo
795 2836 850 2890 in
887 2835 1264 2906 captivitatem
1306 2833 1531 2888 abducti
1559 2832 1802 2899 fuerant,
1829 2848 1919 2888 re-

330 2927 573 2997 perisset
611 2935 835 2983 exustos
861 2944 874 2980 :
907 2941 976 2982 ex
1008 2925 1277 2981 memoria
1303 2925 1662 2994 depromptos
1695 2923 1820 2979 illos
1849 2923 1920 2978 22

2026 525 2206 594 κρίσις
2243 525 2363 579 ἐστὶ
2409 525 2642 597 νεκρῶν.
2692 527 2752 581 '0
2789 528 2932 583 Κάῐν
2986 528 3082 584 καὶ
3122 528 3312 597 Ἅϐελ,
3341 530 3438 584 δύο
3469 526 3614 604 ἦσαν

2025 617 2265 686 ἀδελφοί·
2301 619 2398 672 καὶ
2446 622 2475 673 6
2519 619 2619 690 μὲν
2661 613 2730 689 ἦν
2775 622 3042 692 γεωργὸς,
3083 625 3114 678 6
3153 622 3210 678 δὲ
3250 623 3478 696 ποιμήν·
3515 627 3613 680 καὶ

2024 711 2227 766 ἔθυσαν
2265 712 2565 802 ὰιξρότεροι
2599 711 2682 784 τῷ
2711 711 2866 784 Θεῷο
2913 716 3010 772 καὶ
3048 715 3142 770 τδν
3185 717 3378 782 Ἅϐελ,
3425 717 3503 782 ὡς
3529 717 3613 770 δίο

2025 820 2202 870 καιον,
2237 805 2606 875 προσεδέξατο
2627 845 2642 868 ,
2675 806 2768 860 τὸν
2798 805 2855 860 δὲ
2889 808 3054 873 Κὰῖν,
3102 809 3312 871 οὐκέτι.
3369 810 3614 864 Ἐκεῖθεν

2023 896 2126 952 σιν*
2175 897 2495 968 παρεζήλου
2543 897 2634 950 τὸν
2685 897 2876 961 Ἀσελ.
2913 899 3021 966 ἕως
3077 899 3246 954 αὑτὸν
3294 901 3608 956 ἀπέκτεινε.

2025 993 2147 1046 τῶν
2185 989 2279 1046 οὖν
2308 993 2666 1066 Σαμαρειτῶν
2693 993 2984 1062 λεγόντων.
3013 996 3074 1048 ἐν
3101 995 3182 1066 τῷ
3208 994 3306 1048 νῦν
3345 993 3446 1065 βίῳ
3474 995 3610 1049 61:0-

2023 1085 2322 1156 λαμϐάνειν
2368 1086 2506 1155 πρὸς
2559 1086 2660 1149 τὰς
2723 1085 2921 1140 ἑαυτοῦ
2970 1087 3204 1160 πράξεις
3251 1089 3525 1146 ἕκαστον
3555 1087 3612 1142 τί

2023 1179 2222 1250 ἔχομεν
2265 1180 2442 1232 εἰπεῖν
2467 1179 2597 1250 περὶ
2627 1179 2722 1233 τοῦ
2755 1180 2944 1244 Ἅϐελ,
3058 1183 3410 1252 δικαιοσύνην
3435 1184 3611 1253 Epap-

2021 1271 2260 1342 τύρησεν
2293 1274 2321 1325 6
2355 1272 2518 1338 Θεόςς
2557 1273 2724 1327 ὀσον
2757 1273 2868 1343 γὰρ
2897 1272 3006 1326 ἀπὸ
3029 1272 3126 1327 τοῦ
3163 1272 3260 1326 νῦν
3295 1273 3432 1345 βίου,
3461 1275 3610 1328 κακὰ

2023 1365 2144 1419 ἀντὶ
2173 1364 2356 1418 καλῶν
2384 1365 2680 1420 ἀπέλαϐεν.
2731 1366 2828 1420 Ἐκ
2847 1367 3039 1420 τούτου
3066 1363 3160 1422 οὖν
3190 1367 3373 1436 δῆλον,
3405 1368 3486 1421 ὅτι
3513 1367 3610 1420 καὶ

2021 1461 2054 1527 ἡ
2096 1457 2244 1529 ψυχὴ
2282 1457 2551 1520 ἀθάνατός
2595 1459 2737 1523 ἐστι,
2773 1460 2868 1514 καὶ
2899 1461 3199 1516 ἀνάστασιν
3228 1461 3312 1514 δεῖ
3339 1460 3606 1526 δοξάζειν·

2022 1551 2070 1602 εξ
2109 1550 2182 1620 μὴ
2211 1548 2322 1621 γὰρ
2358 1545 2448 1621 ἦν,
2475 1551 2534 1604 ὲν
2633 1550 2744 1607 τῶν
2772 1553 2994 1606 οίκείων
3033 1553 3263 1624 ἔμελλεν
3299 1554 3610 1608 ἀπολαῦσαι

2023 1640 2298 1710 πράξεων,
2327 1641 2429 1695 οὐκ
2461 1641 2528 1695 ἂν
2556 1644 2584 1695 6
2610 1642 2856 1708 τοιοῦτος
2889 1645 3094 1710 ἀδὶκως
3122 1647 3420 1701 ἀπέθανεν.
3459 1647 3608 1718 Αὕτη

2023 1734 2171 1786 ἐστὶν
2223 1735 2254 1804 ἡ
2293 1735 2506 1804 αἵρεσις
2549 1735 2660 1789 τῶν
2718 1737 3098 1806 Σαμαρειτῶν.
3149 1740 3348 1794 ’ἰστέον
3388 1739 3478 1799 δὲ,
3524 1739 3608 1794 ὅτι

2023 1826 2500 1900 Ναδουχοδονόσορ
2533 1831 2561 1882 6
2595 1828 2853 1899 βασιλεὺς
2903 1830 3016 1885 τῶν
3058 1832 3385 1902 ’Ᾱσσυρίων,
3437 1831 3612 1884 ἐλθὼν

2023 1925 2104 1984 είς
2133 1923 2200 1974 τὰ
2254 1921 2602 1991 Ἱεροσόλυμα
2645 1923 2738 1976 ἐπὶ
2762 1923 3012 1978 Σεδεκίου
3053 1926 3146 1978 τοῦ
3188 1925 3472 1992 βασιλέως,
3510 1927 3610 1980 καὶ

1969 2063 1984 2074 ,
2023 2013 2150 2074 τοὺς
2188 2011 2476 2074 Ἰουδαίους
2515 2011 2934 2082 ᾖγμαλὼτευσε,
2975 2015 3069 2068 καὶ
3110 2015 3304 2070 ἔλαϐεν
3345 2018 3424 2080 είς
3469 2018 3610 2087 Περ-

2028 2105 2165 2158 σίδα·
2210 2105 2270 2158 ἐν
2317 2099 2398 2168 οἷς
2441 2100 2510 2175 ἦν
2562 2105 2833 2168 Ἀνανίας.
2873 2106 3169 2176 Ἀζαρίας,
3213 2109 3459 2179 Mica-hi,
3513 2109 3609 2162 καὶ

2038 2195 2322 2267 ’Ῑεζεκιὴλ
2358 2196 2452 2248 καὶ
2498 2194 2757 2264 Ἔσδρας.
2802 2197 2962 2252 Μετὰ
3003 2193 3098 2252 οὖν
3127 2205 3170 2253 o’
3203 2199 3332 2270 ἐτη,
3362 2200 3455 2254 ἐπὶ
3491 2199 3608 2253 Κύ-

2032 2303 2126 2356 ρου
2157 2284 2250 2338 τοῦ
2291 2283 2578 2356 βασιλέως,
2617 2287 2957 2343 ὲπανέλυσαν
3003 2290 3086 2354 είς
3125 2290 3194 2342 τὰ
3233 2291 3604 2360 Ἰεροσόλυμα,

2028 2377 2119 2432 τοῦ
2159 2376 2344 2447 Κύρου
2373 2378 2557 2442 αὐτοῖς
2591 2380 3053 2450 συγχωρήσαντος
3079 2381 3178 2452 τὴν
3206 2383 3484 2440 ἐπάνοδον.
3521 2383 3608 2438 διὰ

2027 2470 2088 2523 τὸ
2119 2469 2288 2523 πολλὰ
2318 2470 2467 2542 αὐτῷ
2499 2471 2809 2540 προλέγειν,
2841 2469 2916 2527 ὧν
2944 2473 3149 2544 ἤμελλε
3199 2478 3396 2530 ποιεῖν.
3451 2475 3510 2530 Ὃ
3549 2476 3606 2530 δὲ

2031 2561 2270 2632 Ἔσδρας
2341 2561 2723 2642 συνεγράψατο
2776 2562 2876 2634 τὴν
2931 2563 3196 2619 ἐπάνοδον
3251 2565 3471 2618 αὐτῶν·
3512 2564 3608 2618 κακ

2020 2651 2189 2705 ἐλθὼν
2229 2654 2308 2717 εἰς
2337 2651 2408 2705 τὰ
2453 2651 2832 2724 Ἱεροσόλυμα,
2857 2656 2954 2708 καὶ
2986 2653 3186 2726 εὑρὼν,
3215 2656 3296 2709 ὅτι
3329 2656 3507 2710 πάντα
3535 2654 3605 2708 τὰ

2025 2741 2210 2814 βιϐλία
2238 2739 2380 2814 ἦσαν
2411 2742 2705 2808 καυθέντα,
2731 2746 2896 2814 ἡνίκα
2935 2745 3456 2818 ᾐχμαλωτίσθησαν,
3497 2745 3609 2798 ἀπὸ

2021 2835 2243 2906 μνήμης
2286 2835 2505 2904 λέγεται
2541 2837 2964 2906 συγγράψασθαι
3006 2838 3076 2890 τὰ
3105 2836 3190 2905 κβ¹
3218 2837 3424 2906 βιΰλία·
3458 2839 3607 2908 ἅπερ

2018 2927 2076 2982 ἐν
2095 2929 2208 2987 τοῖς
2240 2927 2352 2981 ἄνω
2389 2917 2915 2998 ἀπηριθμησάμεοε.
2966 2927 3054 2980 Ἐν
3079 2927 3292 2991 τούτοις
3315 2931 3346 3000 ἡ
3372 2927 3597 2998 θεωρία.

333 3019 510 3078 libros
541 3035 683 3091 quos
702 3035 865 3091 supra
896 3019 1299 3084 reccnsuimus,
1333 3019 1389 3073 in
1421 3017 1637 3073 litteras
1659 3017 1911 3072 retulisse
1943 3019 2292 3088 perhibetur.
2329 3020 2454 3076 Haec
2485 3019 2832 3076 considerare
2871 3016 3052 3076 lihuit.

257 3297 262 3300 _
333 3209 696 3300 Hac_tertia
733 3209 996 3300 Actione
1035 3208 1407 3300 dividuntur
1430 3213 1728 3300 tempora
1767 3224 1973 3300 aurea.
2010 3208 2634 3300 natiuitatenmtristi
2827 3205 3599 3300 imperium‘Constantim'

336 3320 342 3325 -
404 3289 790 3370 ref/luxerunt
812 3308 832 3348 :
863 3298 1311 3348 enumerantur
1333 3294 1548 3368 patres
1568 3283 1996 3360 ecclesiastici,
2025 3289 2135 3368 qui
2165 3296 2296 3348 toto
2321 3286 2428 3349 illo
2453 3287 2801 3348 interstitio
2831 3283 3128 3364 temporis
3152 3283 3528 3361 ﬂoruerunt.

968 3388 1178 3445 ACTIO
1215 3388 1308 3445 111.

404 3482 676 3552 Quoniam
701 3483 768 3538 de
793 3481 1126 3539 Christianis
1169 3480 1520 3552 dogmatibus
1539 3479 1794 3536 habenda
1814 3479 1924 3536 erit

333 3575 556 3641 oratio,
608 3573 980 3630 necessarium
1028 3580 1150 3634 est,
1209 3579 1520 3641 temporum
1563 3570 1918 3642 partitionem

333 3669 629 3740 quamdam
660 3668 900 3731 institui,
923 3674 984 3722 ut
1009 3665 1142 3721 hinc
1161 3679 1576 3736 cognoscamus,
1605 3664 1700 3734 qui
1731 3663 1924 3720 docto-

333 3775 449 3824 res,
477 3776 601 3831 quae
629 3767 794 3815 secta:
819 3757 1056 3822 fuerint;
1089 3769 1324 3825 quarum
1351 3754 1614 3824 qmelibet
1643 3754 1836 3810 Patres
1860 3769 1921 3810 se

335 3853 552 3924 priores
603 3851 884 3912 admittit,
931 3849 1277 3920 posteriores
1328 3847 1529 3919 rejicit.
1583 3846 1919 3918 Temporum

332 3944 508 4016 igitur
532 3943 638 3998 alia
662 3939 870 3998 Christi
897 3939 1244 3994 nativitatem
1271 3937 1632 4008 praecedunt,
1682 3953 1920 4010 quorum

333 4053 502 4108 supra
524 4035 864 4092 mentionem
883 4033 1116 4088 fecimus
1137 4050 1150 4084 :
1168 4031 1275 4087 alia
1288 4029 1569 4087 Christum
1587 4039 1916 4102 sequuntur.

332 4131 545 4185 ﬂorum
581 4141 705 4200 post
733 4126 1014 4184 Christum
1043 4137 1358 4196 temporum
1388 4123 1506 4180 hrec
1547 4131 1632 4178 est
1674 4123 1916 4178 divisio:

331 4223 534 4292 partim
579 4236 608 4275 a
645 4219 936 4275 nativitate
964 4216 1172 4273 Christi
1212 4215 1280 4272 ad
1325 4213 1617 4287 imperium
1647 4214 1920 4272 Constan-

334 4316 436 4371 tini
501 4315 824 4386 pertinent,
907 4312 1110 4384 partim
1173 4310 1243 4368 ab
1300 4309 1518 4382 imperii
1569 4307 1918 4364 Constantini

331 4407 608 4478 principio
655 4407 722 4461 ad
770 4412 1014 4460 nostram
1065 4403 1413 4460 memoriam.
1467 4402 1686 4457 Rursus
1713 4400 1846 4460 anni
1887 4415 1918 4454 a

331 4499 623 4554 nativitate
664 4497 872 4554 Christi
909 4513 1086 4567 usque
1121 4496 1188 4552 ad
1231 4494 1525 4566 imperium
1568 4491 1916 4551 Constantini

331 4589 586 4660 triplices
611 4597 760 4644 sunt.
801 4588 936 4643 Nam
984 4604 1050 4643 ex
1081 4587 1164 4643 eis
1204 4587 1296 4641 alii
1345 4593 1712 4642 numerantur
1756 4600 1786 4638 a
1823 4599 1921 4638 na.

330 4681 547 4735 tivitate.
565 4680 775 4736 Christi
803 4695 976 4750 usque
1008 4677 1282 4747 ad-ipsius
1311 4675 1747 4746 assumptionem
1772 4691 1788 4740 ;
1825 4673 1915 4728 alii

2638 3388 2890 3442 ΠΡΛΞΙΣ
2926 3387 3006 3440 1".

2107 3482 2322 3540 Ἐπειδὴ
2347 3481 2475 3554 περὶ
2491 3479 2837 3552 Χριστιανῶν
2864 3477 3158 3550 δογμάτων
3177 3479 3206 3531 6
3231 3477 3410 3545 λόγος.
3433 3479 3608 3546 ἀναγ-

2023 3574 2180 3628 καῖόν
2223 3575 2339 3627 ἔστι
2370 3573 2481 3626 τῶν
2511 3573 2724 3645 γρὸνων
2757 3569 3027 3642 διαίρεσίν
3073 3587 3194 3624 τινα
3233 3569 3608 3640 ποιήσασθαι·

2025 3669 2112 3722 ἵνα
2141 3669 2206 3721 ὲκ
2240 3664 2448 3720 τούτων
2477 3665 2698 3734 γνῶμεν
2717 3703 2731 3726 ,
2757 3662 2908 3727 τίνες
2949 3662 3284 3728 διδάσκαλοι,
3332 3663 3425 3716 καὶ
3459 3663 3606 3716 ποῖαι

2021 3759 2280 3830 αἱρέσεις,
2327 3751 2404 3812 ὧν
2457 3759 2662 3827 ἑκάστη
2694 3757 2824 3819 τοὺς
2880 3757 2981 3824 μὲν
3034 3755 3143 3826 πρὸ
3189 3756 3358 3825 αὐτῆς
3391 3755 3610 3824 δέκεται

2022 3851 2293 3922 Πατέρας,
2329 3851 2456 3913 τοὺς
2497 3850 2554 3904 δὲ
2599 3850 2718 3920 μετ’
2773 3850 2944 3919 αὐτὴν
2987 3849 3196 3905 οὐκέτι.
3253 3847 3376 3900 Τῶν
3429 3847 3609 3900 τοίνυν

2019 3944 2248 4015 χρόνων.
2281 3946 2330 3998 οἱ
2367 3944 2466 4012 μέν
2526 3945 2635 3997 εἶσι
2683 3942 2792 4012 πρὸ
2836 3941 3110 4013 Χριστοῦ,
3150 3934 3226 3994 ὧν
3260 3940 3360 4012 ήδη
3407 3941 3465 3993 ὲν
3495 3941 3608 4002 τοῖς

2021 4031 2388 4104 προλαϐοῦσιν
2418 4031 2808 4104 ἐμνήσθημεν·
2852 4031 2902 4083 οἱ
2937 4029 3016 4088 δὲ,
3053 4029 3194 4100 μετὰ
3233 4029 3326 4082 τὸν
3351 4028 3603 4098 Χριστόν.

2021 4129 2131 4180 Καὶ
2176 4126 2292 4180 ἔστι
2317 4125 2428 4180 τῶν
2455 4123 2592 4196 μετὰ
2621 4124 2712 4178 τὸν
2737 4122 2972 4194 Χριστὸν
2999 4123 3034 4193 ἠ
3061 4121 3328 4192 διαίρεσις
3356 4120 3603 4192 τοιαύτη.

2021 4219 2084 4271 οι
2126 4216 2223 4287 μὲν
2263 4214 2374 4284 γάρ
2407 4215 2546 4268 εἰσιν
2595 4213 2705 4267 ἀπὸ
2749 4213 2848 4281 τῆς
2883 4213 3190 4280 γεννήσεως
3217 4209 3314 4263 τοῦ
3345 4207 3602 4279 Χριστοῦ,

2021 4311 2148 4380 ἄχρι
2181 4308 2282 4374 τῆς
2317 4306 2596 4374 βασιλείας
2646 4303 3084 4359 Κωνσταντίνου.
3117 4302 3184 4356 οι
3243 4301 3301 4355 δι
3351 4301 3460 4356 ἀπὸ
3508 4303 3608 4373 τῆς

2021 4401 2196 4472 ἀρχῆς
2231 4401 2332 4470 τῆς
2377 4399 2660 4470 βασιλείας
2700 4394 3145 4458 Κωνσταντίνου,
3179 4394 3310 4466 ἄχρι
3347 4392 3443 4448 τοῦ
3487 4391 3602 4446 νῦν.

2031 4491 2513 4563 Ὓποδιαιροῦνται
2537 4489 2594 4543 δὲ
2623 4489 2786 4542 πάλιν
2814 4487 2864 4540 oi
2897 4485 3008 4540 ἀπὺ
3044 4485 3147 4557 τῆς
3171 4485 3480 4554 γεννήσεως
3510 4481 3605 4537 τοῦ

2020 4583 2286 4655 Χριστοῦ,
2317 4583 2447 4653 ἄχρι
2479 4583 2582 4653 τῆς
2611 4579 2890 4652 βασιλείας
2924 4577 3020 4632 τοῦ
3047 4576 3486 4644 Κωνσταντίνου,
3525 4577 3606 4638 είς

2019 4679 2194 4745 τρεῖς.
2225 4678 2286 4730 0i
2342 4676 2441 4745 μὲν
2479 4675 2590 4744 γάρ
2639 4675 2777 4726 εἰσιν
2823 4671 2932 4725 ἀπὸ
2987 4673 3087 4740 τῆς
3149 4671 3456 4740 γεννήσεως
3511 4667 3604 4722 τοῦ

329 4773 402 4829 ah
424 4773 824 4842 assumptione,
853 4771 920 4826 de
950 4769 1157 4841 quibus
1186 4767 1564 4839 apostolorum
1601 4767 1736 4822 Acta
1787 4781 1916 4836 per-

2023 4765 2262 4837 Χριστοῦ
2315 4767 2444 4837 ἄχρι
2507 4765 2608 4835 τῆς
2644 4763 2971 4832 ἀναλήψεως
3030 4761 3236 4816 αὑτοῦ·
3283 4762 3332 4815 οἱ
3387 4761 3445 4814 δὲ
3498 4759 3605 4813 ἀπὸ

333 4870 605 4926 tractant;
627 4861 718 4916 alii
747 4877 777 4916 a
798 4861 1031 4931 periodo
1053 4869 1110 4916 et
1135 4859 1289 4914 obitu
1311 4859 1709 4929 apostolorum,
1739 4873 1913 4928 usque

331 4953 403 5010 ad
434 4952 770 5024 principium
807 4952 1026 5022 imperii
1057 4951 1402 5007 Constantini
1437 4970 1450 5006 :
1487 4949 1555 5006 de
1589 4951 1793 5020 quibus
1825 4950 1915 5004 hic

333 5045 526 5101 storici
555 5044 779 5114 quidam
819 5045 1181 5099 ecclesiastici
1216 5042 1496 5098 memoria:
1527 5041 1913 5114 prodiderunt,

332 5137 611 5196 Eusebius
628 5137 918 5207 Pamphili,
943 5150 999 5192 et
1017 5135 1423 5202 Thcodoritus;
1447 5149 1684 5205 quorum
1712 5132 1916 5203 scripta

333 5231 651 5290 necessario
683 5246 795 5284 non
828 5229 1148 5300 recipimus.
1183 5228 1318 5282 Nam
1351 5236 1506 5282 extra
1537 5226 1917 5298 apostolorum

332 5325 468 5384 Acta
495 5322 636 5379 nihil
675 5323 874 5378 horum
925 5330 987 5377 ut
1032 5319 1412 5380 admittamus.
1451 5320 1679 5374 Patrum
1713 5318 1918 5388 regulis

331 5417 609 5475 sancitum
653 5422 759 5472 est.
806 5413 952 5470 Anni
981 5429 1129 5471 vero
1175 5412 1244 5468 ab
1275 5412 1436 5468 initio
1477 5411 1918 5469 Constantiniani

335 5511 490 5583 regni
545 5509 613 5566 ad
653 5517 900 5566 nostram
944 5515 1163 5564 aetatem
1195 5521 1394 5578 usque,
1427 5506 1508 5562 sic
1542 5505 1870 5561 dividuntur
1901 5523 1915 5560 :

334 5604 430 5661 alii
464 5620 494 5660 a
529 5603 878 5662 Constantini
931 5600 1164 5674 imperio
1218 5607 1606 5666 numerantur,
1647 5614 1822 5671 usque
1850 5599 1918 5654 ad

337 5695 560 5754 initium
582 5707 786 5753 coactae
804 5695 997 5767 synodi
1021 5692 1492 5752 Chalcedonensis
1517 5712 1528 5747 :
1555 5693 1648 5749 alii
1674 5707 1704 5747 a
1727 5701 1918 5749 coacta

335 5785 771 5846 Chalcedonensi
802 5788 1044 5860 synodo,
1097 5787 1163 5845 ad
1197 5796 1390 5844 nostra
1439 5800 1612 5856 usque
1644 5792 1912 5856 tempora.

2019 4859 2120 4928 τῆς
2141 4858 2487 4927 ἀναλήψεως,
2515 4857 2644 4927 περὶ
2669 4850 2743 4908 ὧν
2774 4854 3245 4924 διαλαμϐάνουσιν
3283 4853 3339 4906 αἱ
3372 4851 3604 4918 Πράξεις

2018 4949 2128 5004 τῶν
2179 4949 2534 5003 ἀποστὸλιυνο
2581 4950 2628 5001 ct
2661 4947 2718 5001 δὲ
2768 4946 2878 5000 ἀπὸ
2940 4949 3040 5014 τῆς
3069 4944 3327 5013 περιόδου
3371 4945 3465 5002 καὶ
3512 4960 3604 4996 τε-

2018 5043 2216 5112 λευτῆς
2255 5041 2364 5096 τῶν
2421 5039 2764 5101 ἀποστόλων,
2807 5039 2937 5107 ἄχρι
3000 5037 3101 5106 τῆς
3151 5035 3328 5105 ἀρχῆς
3379 5033 3480 5102 τῆς
3511 5033 3607 5102 βα-

2021 5135 2228 5200 σιλείας
2265 5133 2706 5189 Κωνσταντίνου.
2739 5133 2878 5202 Περὶ
2906 5124 2982 5183 ὧν
3015 5125 3440 5198 διαλᾳμϐἀνουσί
3460 5142 3606 5188 τινες

2019 5227 2493 5300 ἔκκλησιαστικοὶ,
2525 5226 2784 5290 Εὑσέειος
2811 5227 2839 5278 6
2867 5221 3178 5292 Παμφίλου,
3219 5219 3313 5272 καὶ
3345 5215 3608 5286 Θεοδώρι-

2023 5339 2135 5386 τος,
2167 5323 2260 5385 οὓς
2287 5319 2348 5386 ἐξ
2390 5320 2640 5389 ἀνάγκης
2689 5319 2749 5372 οὐ
2805 5315 3098 5386 δεχόμεθα.
3139 5312 3316 5388 Μέχρι
3347 5311 3458 5380 γὰρ
3498 5307 3609 5360 τῶν

2019 5412 2279 5484 Πράξεων
2333 5412 2444 5466 τῶν
2499 5411 2820 5468 ἀποστόλων
2893 5405 3278 5462 κεκανόνισται
3353 5399 3606 5471 δέχεσθαι

2018 5507 2184 5576 ἡμᾶς.
2211 5508 2275 5560 0!
2305 5505 2363 5560 δὲ
2402 5505 2496 5559 ἀπ’
2529 5505 2708 5576 ἀρχῆς
2739 5503 2840 5573 τῆς
2883 5497 3164 5572 βασιλείας
3191 5493 3606 5550 Κωνσταντίνου

2017 5598 2146 5669 ἄχρι
2175 5597 2270 5652 τοῦ
2300 5595 2430 5664 νῦν,
2475 5595 2818 5669 διαιροῦνται
2860 5591 3056 5655 οὕτως·
3107 5589 3159 5644 οἱ
3189 5587 3288 5658 μὲν
3325 5585 3432 5657 γάρ
3469 5585 3609 5638 εἰσιν

2019 5691 2126 5744 ἀπὺ
2166 5691 2261 5759 τῆς
2313 5689 2593 5761 βασιλείας
2639 5684 3073 5750 Κωνσταντίνου,
3123 5681 3252 5752 ἄχρι
3298 5681 3398 5750 τῆς
3430 5676 3608 5748 ἀρχῆς

2017 5776 2442 5855 τοῦκινήματος
2477 5786 2574 5854 τῆς
2613 5785 2668 5836 ὲν
2698 5778 3006 5849 Χαλκηδόνι
3038 5773 3285 5830 συνόδου·
3315 5773 3360 5824 οἱ
3387 5769 3467 5836 δὲ,
3497 5769 3610 5823 ἀπὸ
