3934 6156
385 323 523 392 1213

1580 331 1684 394 Ds
1718 333 1998 394 SECTIS.
2041 296 2108 368 ὲ
2148 334 2306 396 ACT.
2348 335 2457 398 ur.

3518 341 3656 408 12Ξὶ

377 437 476 493 τοῦ
509 439 637 510 xui;
649 456 818 510 ματος
847 441 946 510 τῆς
975 440 1032 494 ἰν
1056 439 1364 511 Χαλκηδόνι
1390 440 1631 508 cev/.590,
1668 442 1831 515 μέχρι
1865 442 1957 496 τοῦ

2063 443 2334 500 Caeterum
2379 448 2722 520 temporibus
2763 449 2871 504 illis
2895 464 3020 520 quae
3049 465 3080 504 a
3118 448 3330 507 Christi
3362 451 3650 511 nativitate

381 531 500 587 νῦν.
560 531 841 602 Ἐγένοντο
897 533 952 588 δὲ
1007 533 1068 586 ἐν
1111 534 1226 598 τοῖς
1271 533 1486 606 χρόνοις
1531 539 1646 600 τοῖς
1694 537 1804 590 ἀπὸ
1867 537 1970 602 τῆς

379 623 695 692 γεννήσεως
737 623 832 678 τοῦ
875 625 1116 695 Χριστοῦ
1164 625 1329 697 μέχρι
1359 627 1458 697 τῆς
1507 626 1787 698 βασιλείας
1813 628 1970 680 Κων-

382 717 693 779 σταντίνου,
739 717 1051 771 διδάσκαλοι
1094 719 1190 772 καὶ
1233 719 1474 790 πατέρες
1515 721 1648 774 οἵδε·
1705 721 1970 789 Ἰγνάτιος

379 809 408 861 ὁ
462 809 786 881 Θεοζόρος,
821 811 1140 880 Εἰρηναὲος,
1191 811 1482 876 Ἱουστῖνος
1529 811 1820 882 φιλόσοφος
1871 808 1968 864 καί.

384 899 616 970 μάρτυς,
653 900 887 970 Κλήμης
921 903 1017 956 καὶ
1055 903 1372 970 Ἱππόλυτος
1409 904 1698 960 ἐπίσκοποι
1726 903 1966 976 Ῥώμης,

380 992 660 1056 Διονύσιος
687 993 717 1044 ὁ
761 995 1183 1065 Ἀρεοπαγίτης,
1209 997 1476 1060 Μεθόδιος
1520 999 1818 1061 ἐπίσκοπος
1857 977 1969 1052 [ιά-

379 1084 587 1154 τάρων,
621 1085 923 1157 Γρηγόριος
962 1089 988 1140 ὁ
1029 1086 1468 1160 Θαυματουργὸς,
1509 1091 1713 1160 Πέτρος
1745 1093 1775 1144 ὁ
1816 1091 1968 1144 Ἀλε-

381 1171 670 1243 ξανδρείας
715 1175 1020 1238 ἐπίσκοπος
1061 1177 1158 1230 καὶ
1191 1173 1423 1248 μάβτυς.
1457 1178 1692 1243 Τούτους
1723 1178 1968 1242 ἅπαντας

379 1268 434 1320 αἱ
467 1265 586 1337 μετ’
613 1266 818 1329 αὐτοὺς
844 1267 1146 1337 γενόμεναι
1180 1270 1426 1340 αἱρέσεις
1456 1271 1725 1341 δέχονται.

451 1359 706 1430 Αίρέσεις
742 1359 801 1413 δὲ
829 1361 889 1413 ἐν
925 1363 1040 1424 τοῖς
1071 1361 1283 1432 χρὰνοις
1329 1362 1540 1427 τούτοις
1575 1363 1825 1432 ἐγένοντο
1869 1364 1970 1434 μὲν

381 1451 596 1518 πολλαὶ,
639 1450 778 1520 πλὴν
805 1451 982 1522 μόνων
1011 1451 1126 1507 τῶν
1153 1456 1444 1528 ἐπισήμων
1473 1456 1598 1510 δέον
1629 1457 1966 1530 μνησθῆναι.

392 1544 644 1612 Ἐγένετο
670 1545 853 1599 τοίνυν
879 1545 1130 1616 πρῶτον,
1167 1549 1201 1616 ἡ
1240 1548 1348 1602 τῶν
1381 1550 1697 1616 Μοντανῶν,
1729 1550 1860 1622 περὶ
1897 1545 1967 1624 ἧς

383 1639 442 1691 ἐν
468 1635 648 1700 ἄλλοις
671 1637 1049 1708 διαληψόμεθα
1086 1655 1101 1668 ο
1139 1635 1258 1694 εἷτα
1289 1641 1398 1695 τῶν
1429 1643 1752 1713 Μανιχαίων
1772 1683 1786 1708 ,
1842 1643 1966 1714 ἣτις

383 1728 444 1796 ἐξ
466 1727 708 1800 ἑκάστης
741 1731 1006 1801 αἱρέσεως
1039 1731 1381 1805 ἐκλεξαμένη
1418 1735 1488 1788 τὰ
1517 1735 1786 1807 χείριστα,
1812 1735 1964 1790 οὐδὲν

381 1821 589 1888 ἀγαθον
624 1821 755 1893 ἔχει.
801 1825 938 1894 Περὶ
975 1818 1042 1896 ἧς
1099 1826 1160 1878 οὐ
1215 1825 1442 1881 δύναταί
1478 1844 1562 1892 τις
1591 1831 1767 1882 εἰπεῖν
1802 1829 1967 1900 ἀκριη

383 1911 594 1976 ϐιῖις,,εί
623 1913 698 1984 μὴ
721 1913 825 1982 τῆς
861 1915 1040 1968 αὐτῶν
1075 1915 1302 1986 γένηται
1337 1917 1636 1981 πολιτείας.
1672 1919 1748 1971 Οὐ
1787 1918 1966 1987 φείδε-

359 2005 473 2060 ’ται
499 2005 556 2058 δὲ
581 2004 702 2058 οὐδὲ
734 2005 1203 2077 εἰδωλολατρείας,
1235 2009 1296 2062 οὐ
1328 2009 1528 2074 παντὸς
1563 1989 1737 2076 είδους
1770 2010 1964 2066 κακοῦ.

387 2097 456 2152 ’Δ
492 2097 548 2150 δὲ
583 2099 714 2168 περὶ
753 2099 851 2168 τὴν
890 2097 1122 2170 θεότητα
1155 2101 1393 2170 ἀφειδῶς
1442 2103 1839 2174 ἁμαρτάνουσι,
1874 2105 1968 2158 καὶ

381 2189 510 2260 περὶ
545 2189 644 2260 τὴν
689 2191 1088 2264 ἀνθρωπότητα
1117 2195 1189 2264 (ὁ)
1213 2237 1251 2277 ς
1277 2195 1457 2250 ταῦτᾶ
1500 2196 1638 2250 ἐστι.
1677 2197 1812 2268 Περὶ
1865 2197 1968 2266 μὲν

377 2281 490 2352 γὰρ
513 2281 612 2354 τὴν
639 2283 892 2354 θεότητα,
916 2285 1092 2348 οὕτως
1119 2286 1452 2358 ὑπειλήφασι
1473 2305 1488 2320 ο
1518 2287 1612 2342 δύο
1641 2287 1839 2359 ἀρχὰς,
1871 2290 1966 2342 καὶ

375 2371 470 2426 δύο
502 2372 658 2437 θεοὺς
700 2375 957 2443 λέγουσιν
985 2417 999 2441 ,
1031 2377 1127 2431 ἕνα
1150 2378 1355 2446 ἀγαθὸν
1377 2379 1472 2432 καὶ
1501 2377 1599 2432 ἕνα
1629 2379 1819 2434 κακόν.
1855 2380 1966 2434 Καὶ

375 2462 445 2516 τὰ
501 2463 600 2533 μὲν
647 2465 935 2534 κρείττονα
975 2467 1086 2522 τῶν
1139 2471 1483 2540 πραγμάτων
1523 2469 1840 2525 ἀνατιθέασι
1885 2469 1965 2540 τῷ

374 2553 567 2624 ἀγαθῷ
593 2569 608 2585 ⁰
655 2555 724 2608 τὰ
744 2556 801 2608 δὲ
839 2544 1094 2628 χείρονδα,
1127 2559 1206 2630 τῷ
1235 2560 1414 2633 κακῷ.
1439 2558 1566 2616 Οἷον
1584 2601 1601 2626 ,
1634 2563 1696 2615 τὺ
1721 2561 1821 2632 μὲν
1849 2561 1965 2632 φῶς

375 2645 690 2700 ἀνατιθέασι
710 2647 788 2718 τῷ
819 2649 1018 2720 ἀγαθῷ·
1041 2650 1159 2722 Θεῷ
1178 2669 1192 2680 ·
1221 2653 1284 2706 τὺ
1331 2653 1386 2706 δὲ
1419 2653 1630 2718 σκότος,
1664 2653 1742 2724 τῷ
1780 2653 1966 2724 κακῷ..

376 2738 490 2794 Καὶ
533 2739 716 2804 πάλιν,
759 2741 852 2794 ἐπὶ
892 2743 1000 2796 τῶν
1041 2744 1316 2798 συνθέτων
1365 2745 1558 2811 ζώων,
1598 2747 1696 2815 τὴν
1721 2745 1854 2818 ὓλην
1882 2747 1962 2818 τῷ

375 2832 530 2903 κακῷ
563 2831 684 2904 Θεῷ
706 2850 719 2862 ·
766 2835 827 2888 τὸ
859 2835 917 2888 δὲ
950 2832 1091 2900 εἶδος
1115 2878 1128 2896 .
1158 2837 1241 2908 τῷ
1264 2837 1456 2908 ἀγαθῷ
1483 2838 1624 2909 Θεῷ.
1677 2833 1840 2894 Οὗτοι
1867 2841 1962 2894 καί

373 2936 496 2976 τινα
521 2921 702 2992 βιϐλία
729 2925 828 2992 τῆς
859 2924 1102 2988 Halani;
1135 2927 1176 2978 Γ
1181 2929 1357 2997 ραφῆς
1383 2927 1460 2998 τῷ
1491 2927 1650 2998 κακῷ
1676 2928 1794 3000 Θεῷ
1827 2929 1962 2984 ἀνα-

374 3013 657 3068 τιθέασιν·
711 3013 902 3086 ὥσπερ
957 3016 1056 3088 τὴν
1125 3017 1237 3072 ἀπὸ
1286 3018 1567 3088 Αἰγύπτου
1623 3019 1804 3085 ἔξοδον
1853 3020 1960 3074 τῶν

2077 552 2253 606 usque
2296 536 2364 592 ad
2411 538 2704 610 imperium
2750 535 3098 592 Constantini
3145 547 3548 608 numerantur,
3590 542 3650 599 hi

2075 626 2330 684 doctores
2363 636 2420 682 et
2441 636 2628 700 patres
2667 628 3042 684 exstiterunt:
3079 627 3324 700 lgnatius
3345 631 3438 688 ille
3464 631 3649 689 Theo-

2073 719 2301 790 phorus,
2333 719 2601 787 irenazus,
2659 719 2912 776 Justinus
2942 720 3304 792 philosophus
3329 734 3386 778 et
3418 736 3647 798 martyr,

2069 812 2326 868 Clemens
2345 822 2403 869 et
2431 812 2760 884 Hippolytus
2785 812 3026 882 episcopi
3058 813 3314 879 Romani,
3353 815 3650 888 Dionysius

2069 904 2402 976 Areopagita
2427 945 2443 969 ,
2472 905 2789 960 Methodius
2815 905 3136 960 Patarensis
3161 901 3459 976 episcopus
3477 951 3490 972 ,
3515 907 3655 964 Grc-
3727 913 3751 932 ‘

2068 998 2260 1068 gorius
2287 995 2684 1052 miraculorum
2716 995 2976 1061 etl‘t-ctor,
3005 995 3204 1050 Petrus
3241 995 3650 1053 Alexandrinus

2068 1089 2366 1162 cpiscopus
2387 1099 2445 1146 et
2471 1098 2696 1162 martyr.
2723 1088 2834 1144 Hos
2875 1104 3069 1146 omnes
3129 1098 3338 1148 secutae
3387 1089 3650 1164 deinceps

2069 1179 2308 1236 haereses
2345 1181 2639 1252 recipiunt.
3135 1186 3146 1199 ‘

2138 1369 2207 1427 Il.
2236 1368 2305 1426 Et
2330 1371 2667 1426 exstiterunt
2702 1372 2900 1430 iisdem
2934 1373 3282 1444 temporibus
3309 1381 3475 1428 sectae
3497 1387 3650 1426 com-

2066 1465 2288 1534 plures;
2333 1463 2428 1518 scd
2469 1463 2632 1520 clara;
2666 1465 2934 1522 duntaxat
2973 1465 3492 1523 commemoranda.
3525 1464 3650 1518 Pri-

2067 1571 2218 1611 mum
2249 1570 2383 1628 ergo
2414 1565 2568 1612 secta
2592 1555 2977 1612 Montanorum
3008 1568 3094 1614 est
3122 1567 3266 1622 orta,
3299 1556 3367 1612 de
3392 1571 3499 1626 qua
3533 1563 3650 1608 tra-

2065 1639 2342 1703 ctabimus
2371 1645 2539 1712 alibi;
2571 1644 2772 1700 deinde
2805 1645 3394 1716 Manichaeorum,qu:e
3421 1645 3550 1714 quia
3580 1644 3648 1698 de

2065 1735 2234 1794 sectis
2262 1736 2492 1808 singulis
2525 1735 2763 1806 pessima
2791 1740 3022 1807 quaeque
3047 1736 3262 1806 selegit,
3296 1736 3436 1790 nihil
3466 1734 3643 1790 omni-

2067 1845 2144 1886 no
2170 1829 2300 1886 boni
2328 1829 2593 1885 continet.
2619 1829 2732 1886 Nec
2761 1836 2944 1900 potest
2975 1829 3266 1899 quisquam
3290 1835 3548 1884 accurate
3580 1827 3650 1881 de

2069 1919 2172 1976 hac
2200 1919 2374 1991 loqui,
2405 1919 2514 1975 nisi
2565 1935 2759 1974 eorum
2797 1935 2856 1974 se
2911 1919 3322 1974 conversationi
3361 1917 3648 1988 adiungat.

2066 2009 2187 2068 Non
2224 2010 2290 2065 de
2341 2019 2616 2065 astrorum
2651 2008 2826 2072 cultu,
2877 2024 2987 2062 non
3048 2006 3178 2060 mali
3224 2006 3410 2076 specie
3454 2003 3656 2074 quavis

2068 2101 2339 2157 abstinet.
2363 2101 2496 2168 Quae
2525 2101 2672 2155 circa
2732 2098 3042 2166 doctrinam
3077 2096 3146 2152 de
3177 2096 3313 2161 Deo,
3345 2095 3525 2164 deque
3559 2094 3649 2148 in-

2067 2193 2386 2248 carnatione
2412 2192 2614 2248 Christi
2641 2206 2834 2261 magna
2863 2205 2992 2245 cum
3036 2188 3260 2244 licentia
3293 2188 3644 2256 delinquunt,

2068 2283 2186 2341 haec
2219 2293 2367 2340 sunt.
2415 2285 2494 2340 De
2527 2285 2817 2340 divinitate
2851 2283 2933 2338 sic
2965 2283 3291 2352 opinantur,
3313 2289 3516 2335 utesse
3535 2279 3654 2334 duo

2067 2375 2357 2444 principia,
2391 2375 2640 2444 duosque
2679 2375 2822 2430 Deos
2875 2373 3084 2438 dicunt,
3121 2387 3292 2426 unum
3335 2369 3566 2432 bonum,
3591 2377 3652 2424 et

2068 2481 2238 2520 unum
2269 2466 2497 2521 malum.
2534 2466 2590 2520 Si
2631 2481 2739 2536 qua
2777 2465 3010 2520 meliora
3059 2468 3191 2518 sunt
3251 2462 3308 2515 in
3367 2460 3556 2540 rybus,
3581 2474 3650 2513 ea

2065 2557 2178 2612 Deo
2224 2556 2372 2612 bono
2415 2557 2732 2627 assignant;
2789 2555 3068 2618 tenebras,
3121 2553 3286 2608 malo.
3321 2551 3536 2607 Rursus
3587 2549 3648 2602 in

2064 2650 2386 2720 compositis
2413 2649 2765 2714 animalibus,
2801 2647 3093 2702 materiem
3119 2645 3188 2700 ad
3213 2644 3416 2698 malum
3445 2642 3644 2706 Deum;

2064 2742 2294 2797 forn'iam
2319 2742 2388 2798 ad
2423 2742 2631 2798 bonum
2656 2743 2827 2796 Deum
2861 2739 3130 2795 referunt.
3161 2737 3335 2792 iidem
3379 2743 3436 2792 et
3483 2735 3648 2791 Vcteo

2066 2837 2142 2892 ris
2161 2836 2462 2908 Scriptura:
2481 2837 2654 2892 libros
2670 2835 2938 2906 quosdam
2956 2835 3070 2890 Deo
3088 2833 3232 2888 malo
3248 2832 3645 2888 attribuerunt:

2065 2935 2126 2981 ut
2155 2942 2306 2989 eum.
2341 2927 2438 2997 qui
2493 2927 2561 2982 de
2593 2924 2968 2980 lsraclitarum
3013 2938 3082 2978 ex
3124 2919 3360 2993 Egypto
3395 2919 3646 2973 discessu

2063 3029 2272 3076 narrat.
2295 3020 2466 3074 Aiunt
2492 3020 2662 3085 enim,
2701 3033 2812 3072 non
2847 3031 2967 3072 esse
2999 3015 3098 3070 Dei
3151 3014 3301 3080 boni,
3342 3028 3440 3068 eos
3466 3010 3641 3083 Egy-

387 3102 761 3172 Ἶσραηλιτῶν.
792 3105 906 3157 Οὐκ
939 3104 1056 3157 ἔστι
1085 3105 1214 3174 γὰρ,
1245 3109 1403 3172 φασὶ,
1434 3108 1532 3162 τοῦ
1566 3109 1774 3177 ἀγαθοῦ
1800 3110 1958 3176 Θεοῦ,

2065 3122 2160 3182 pto
2185 3111 2410 3181 ejicere,
2445 3110 2728 3178 multaque
2743 3107 2884 3162 mala
2907 3105 3171 3174 deinceps
3198 3104 3466 3172 irrogare.
3491 3101 3646 3156 Prae-

373 3193 437 3246 τὺ
465 3193 719 3247 ἐκϐαλεῖν
760 3195 958 3259 αὐτοὺς
995 3195 1106 3249 ἀπὸ
1142 3195 1452 3264 Αἰγύπτου,
1479 3200 1576 3252 καὶ
1606 3200 1775 3254 πολλὰ
1813 3203 1961 3255 κακὰ

373 3284 560 3348 αὐτοῖς
589 3283 816 3354 ὕστερον
849 3285 1090 3353 ποιῆσαι.
1131 3281 1292 3341 Οὗτοι
1322 3290 1417 3342 καὶ
1445 3289 1626 3359 βιϐλία
1655 3289 1776 3346 τινὰ
1829 3293 1960 3346 ἑαυ-

375 3379 488 3440 τοῖς
508 3378 910 3447 καινοτομοῦσι.
934 3380 1172 3448 Λέγουσι
1192 3383 1304 3454 γὰρ
1324 3383 1658 3452 Εὐαγγέλιον
1683 3385 1826 3438 κατὰ
1845 3385 1961 3438 Θω-

383 3468 490 3537 μᾶν
525 3469 620 3522 καὶ
666 3467 931 3524 Φίλιππον
955 3509 970 3535 ,
1002 3471 1148 3544 ἅπερ
1187 3476 1351 3544 ἡμεῖς
1391 3475 1492 3528 οὐκ
1537 3473 1720 3543 ἴσμεν.
1757 3476 1834 3528 Δι’
1866 3475 1962 3538 οὓς

379 3561 474 3613 καὶ
501 3560 770 3614 ἐκάλεσαν
796 3563 845 3615 οἱ
871 3562 1020 3631 ἆγιοι
1045 3565 1312 3636 Πατέρες,
1344 3569 1475 3619 ποῖα
1499 3566 1682 3637 ptem
1705 3567 1788 3620 δεῖ
1816 3567 1964 3638 δέχε-

379 3651 506 3706 σθαι
545 3653 714 3724 ἡμᾶς.
755 3655 891 3724 Περὶ
935 3656 991 3710 δὲ
1022 3657 1124 3726 τὴν
1154 3657 1568 3730 ὲνανθρὼπησιν
1603 3658 1776 3724 οὕτως
1803 3644 1960 3726 δοξᾶ-

377 3741 561 3808 ζουσιν
581 3759 595 3774 ⁸
639 3745 738 3814 οὐχ
772 3746 1128 3817 ὁμολογοῦσιν
1151 3749 1328 3820 ἀληθῆ
1358 3748 1615 3818 γενέσθαι
1659 3751 1758 3821 τὴν
1803 3752 1960 3806 ἐναν-

375 3834 660 3906 θρώπησιν
690 3838 783 3892 τοῦ
825 3839 1088 3910 Χριστοῦ,
1127 3839 1264 3894 ἀλλά
1307 3841 1452 3896 κατὰ
1489 3842 1791 3912 φαντασίαν
1815 3858 1830 3874 ο
1863 3844 1960 3897 καὶ

374 3926 432 3982 ἐν
461 3929 574 3992 τοῖς
611 3929 844 3986 πάθεσιν
887 3930 970 3984 ὃτι
1009 3929 1172 3985 ἄλλον
1198 3931 1487 4002 ἄνθρωπον
1525 3933 1796 3989 ὑπέϐαλεν
1834 3935 1950 3990 ἀντ’

373 4019 568 4086 αὑτοῦ,
621 4021 718 4076 καὶ
768 4022 932 4087 αὐτὸς
981 4023 1202 4092 ἔφυγεν.
1260 4025 1610 4080 Ἐπιστοῦντο
1653 4027 1711 4081 δὲ
1752 4027 1814 4081 τὸ
1857 4028 1958 4099 τῆς

373 4113 696 4182 φαντασίας,
727 4115 835 4172 ἀπό
872 4131 1034 4170 τινων
1083 4118 1347 4188 ῥημάτων
1373 4118 1432 4171 ὲν
1461 4121 1574 4183 τοῖς
1603 4119 1955 4190 Εὐαγγελίοις

370 4207 676 4277 κειμένων,
709 4207 769 4272 ἐξ
809 4201 886 4262 ὧν
911 4209 1180 4276 λέγουσιν,
1212 4209 1295 4264 ὅτι
1333 4211 1392 4264 ἒν
1425 4211 1502 4282 τῷ
1549 4213 1666 4282 ὃρει
1707 4211 1784 4266 ὢν
1822 4231 1952 4284 μετ-

370 4298 668 4370 εμορφώθη
721 4300 814 4352 καὶ
857 4299 1102 4368 ἄφαντος
1137 4300 1354 4369 γέγονε.
1408 4303 1520 4356 Καὶ
1561 4303 1759 4370 πάλιν,
1792 4305 1950 4376 ὄχλου

371 4389 570 4443 πολλοῦ
603 4393 1044 4462 περιεστηκότος,
1073 4392 1354 4472 ἐξένευσεν
1375 4395 1404 4447 ὀ
1445 4394 1671 4464 Ἰησοῦς.
1703 4395 1872 4450 Τοῦτο
1891 4396 1947 4450 δὲ

2066 3212 2218 3256 terea
2241 3214 2414 3254 novos
2441 3198 2715 3268 quosdam
2747 3196 2852 3250 sibi
2883 3195 3060 3249 libros
3107 3193 3448 3262 excogitant.
3473 3189 3654 3260 Quip-

2067 3307 2133 3363 pe
2157 3297 2593 3346 commemorant
2617 3285 2980 3358 Evangelium.
3024 3283 3294 3353 scriptum
3328 3288 3360 3336 a
3410 3279 3647 3345 Thema,

2061 3367 2121 3438 et
2149 3383 2382 3438 alterum
2413 3395 2442 3434 a
2479 3379 2772 3448 Philippo;
2805 3391 2929 3448 qum
2955 3391 3058 3430 nos
3095 3375 3432 3446 ignoramus.
3463 3373 3644 3442 Atque

2063 3476 2260 3530 horum
2319 3473 2493 3544 gratia
2525 3470 2700 3526 sancti
2731 3470 2922 3524 Patres
2941 3481 3266 3538 expressere
3293 3465 3646 3531 nominatim,

2061 3582 2202 3640 quos
2229 3565 2406 3621 libros
2425 3563 2673 3632 recipere
2699 3561 3022 3616 debeamus.
3052 3559 3128 3614 De
3159 3558 3542 3613 incarnatione
3561 3557 3647 3612 sic

2061 3657 2310 3714 sentiunt
2335 3673 2348 3710 :
2373 3655 2496 3710 Non
2535 3667 2664 3708 vere
2695 3651 2891 3706 factam
2937 3649 3381 3706 incarnationem
3433 3648 3641 3704 Christi

2059 3749 2324 3814 fatentur,
2346 3748 2442 3803 sed
2473 3743 2656 3818 specie
2689 3753 2888 3799 tenus:
2936 3749 2994 3798 et
3027 3743 3083 3797 in
3139 3741 3277 3812 ipsis
3299 3740 3647 3796 cruciatibus

2057 3840 2340 3897 Christum
2369 3854 2474 3910 pro
2493 3855 2552 3894 se
2586 3837 2867 3893 hominem
2901 3834 3070 3890 alium
3095 3833 3421 3905 subjecissc,
3455 3849 3520 3888 ac
3549 3833 3644 3888 l‘u-

2057 3948 2121 4004 ga
2149 3931 2413 3987 evasisse.
2444 3929 2584 3984 Huic
2631 3927 2700 3982 de
2731 3927 2916 3998 specie
2975 3923 3226 3997 opinioni
3293 3937 3362 3978 ex
3395 3923 3632 3994 quibus-

2061 4027 2187 4081 dam
2235 4023 2399 4079 dictis
2445 4037 2567 4092 qua:
2602 4021 2658 4074 in
2707 4017 3020 4090 Evangeliis
3071 4017 3428 4088 reperiuntur
3471 4014 3641 4070 ﬁdem

2055 4117 2378 4176 astruebant
2410 4134 2424 4170 :
2459 4114 2608 4170 unde
2632 4113 2951 4184 perhibent,
3002 4109 3286 4176 Christum
3329 4109 3388 4164 in
3448 4115 3644 4164 monte

2055 4209 2506 4264 transformatum
2545 4205 2738 4270 fuisse,
2793 4219 2858 4259 ac
2897 4201 3350 4273 inaspectabilem
3403 4201 3646 4256 factum.
3684 4201 3688 4210 '

2051 4305 2288 4366 Rursus.
2326 4316 2452 4357 cum
2496 4313 2691 4369 magna
2737 4311 2864 4352 eum
2907 4295 3208 4350 multitudo
3233 4293 3646 4350 circumstetis-

2053 4403 2158 4460 set,
2193 4392 2354 4447 Iesus
2383 4388 2628 4444 deﬂexit.
2662 4385 2780 4442 Hoc
2807 4377 2961 4442 vero.
2998 4401 3110 4440 non
3139 4385 3277 4440 satis
3297 4393 3384 4440 est
3405 4383 3474 4438 ad
3505 4397 3640 4454 pro-

370 4481 472 4536 αὐκ
505 4482 656 4536 ἐςτιν
685 4483 869 4540 ἱκανὸν
915 4485 1293 4554 παραστῆσαι,
1335 4486 1419 4540 ὅτι
1457 4487 1601 4540 κατὰ
1645 4487 1952 4556 φαντασίαν

2063 4483 2294 4539 nandum
2329 4481 2769 4537 incarnationem
2821 4479 3007 4550 specie
3055 4488 3221 4535 tenus
3249 4491 3371 4534 esse
3411 4477 3643 4532 factam.

372 4576 598 4642 γέγονεν
647 4577 680 4644 ἡ
726 4575 1156 4647 ὲνανθρώπησις.
1196 4577 1308 4632 Καὶ
1349 4578 1630 4651 ἄνθρωποι
1679 4579 1784 4652 γὰρ
1818 4597 1948 4650 μετ-

369 4665 796 4735 εμορφώθησαν,
815 4668 908 4721 καὶ
935 4670 1226 4738 γεγόνασιν
1247 4669 1496 4740 ἄφαντοι.
1531 4671 1946 4744 Μετεμορφώθη

253 4755 263 4766 ’
369 4756 480 4825 γὰρ
523 4755 767 4826 Μωῦσῆς
791 4761 872 4822 εἰς
907 4759 1116 4826 ἔνδοξον
1157 4763 1473 4833 πρόσωπον,
1508 4763 1651 4818 ὥστε
1683 4757 1761 4836 μῆ
1786 4765 1939 4820 δύναο

371 4846 497 4902 σθαι
529 4848 655 4912 τοὺς
693 4850 978 4915 Ἰουδαίους
1007 4854 1248 4910 ἀτενίσαι
1279 4858 1359 4920 εἰς
1389 4856 1553 4909 αὐτὸν
1572 4899 1588 4921 ,
1613 4855 1750 4911 ἀλλὰ
1778 4875 1947 4912 κεκα-

367 4936 469 5006 λυμ
482 4941 646 5010 μένος
673 4942 772 5013 τὴν
806 4943 928 5012 ὃψιν
961 4943 1141 5000 ἐλάλει
1167 4949 1372 5012 αὐτοῖς.
1417 4951 1477 5002 Ἢ
1489 4949 1738 5021 φαντώθη
1767 4951 1824 5004 δὲ
1851 4951 1945 5006 καὶ

365 5032 396 5085 ὁ
427 5032 698 5096 Φίλιππος
720 5074 733 5099 ,

366 5121 450 5184 εἰς
479 5123 746 5188 Ἄζωτον.

449 5213 698 5283 Ἐγένετο
743 5217 801 5271 δὲ
845 5217 940 5272 καὶ
963 5219 1096 5288 ἄλλη
1133 5221 1344 5291 αἵρεσις
1384 5225 1524 5277 κατὰ
1565 5225 1692 5288 τοὺς
1717 5223 1948 5295 χρόνους

363 5305 588 5370 τούτους
617 5348 632 5371 ,
665 5309 700 5379 ἡ
731 5311 944 5366 Παύλου
971 5311 1065 5365 τοῦ
1090 5313 1484 5382 Σαμοσατέως·
1519 5319 1668 5377 ὅστις
1694 5319 1786 5371 καὶ
1811 5319 1944 5390 περὶ

362 5401 464 5471 τὴν
484 5399 714 5471 Osos-ma.
742 5405 1057 5478 ἐσφάλλετο,
1097 5406 1191 5460 καὶ
1219 5397 1350 5478 περῒ
1379 5411 1474 5477 τὴν
1501 5407 1934 5482 ὲνανθρώπησιν..

363 5495 497 5567 Περὶ
523 5495 620 5565 μὲν
643 5496 751 5568 γὰρ
781 5499 880 5568 τὴν
907 5499 1158 5570 θεότητα,
1191 5499 1271 5554 ὅτι
1304 5501 1524 5570 Πατέρα
1557 5501 1718 5572 μόνον
1747 5503 1899 5572 ἔλεγε
1922 5521 1937 5536 ο

359 5586 488 5658 περὶ
521 5585 576 5640 δὲ
605 5587 702 5660 τὴν
726 5590 1160 5663 ἐνανθρώπησιν,
1183 5593 1266 5646 ὅτι
1287 5592 1442 5662 ψιλὸν
1467 5593 1756 5668 ἄνθρωπον
1785 5594 1937 5666 ἔλεγε

431 5747 504 5819 (ὁ)
545 5750 730 5820 Ἀνθρ.
763 5751 1224 5828 Ἐνανθρὼπησιν,
1255 5755 1424 5827 paulo
1447 5765 1566 5826 post
1597 5755 1740 5811 intra

2050 4579 2186 4634 Nam
2219 4585 2274 4632 et
2305 4574 2560 4632 homines
2589 4571 2968 4630 transformati
3015 4572 3264 4633 fuerunt,
3310 4577 3368 4630 et
3411 4569 3638 4640 inaspe-

2053 4669 2282 4728 ctabiles
2307 4667 2458 4724 facti.
2486 4665 2699 4738 Quippe
2731 4667 2908 4722 Moses
2942 4664 3367 4722 transformatus
3388 4671 3494 4727 est,
3516 4662 3646 4716 vui-

2054 4771 2114 4819 tu
2161 4763 2299 4818 adeo
2353 4762 2635 4833 maiestate
2690 4759 2914 4824 referto,
2975 4766 3035 4813 ut
3085 4756 3278 4812 oculos
3305 4755 3361 4810 in
3389 4769 3515 4810 eum
3540 4753 3640 4809 Ju-

2053 4847 2156 4912 daei
2185 4855 2423 4927 dirigere
2459 4854 2784 4925 nequirent,
2819 4853 2916 4908 sed
2971 4851 3226 4907 obvelato
3257 4849 3411 4904 vultu
3446 4847 3511 4902 ad
3536 4862 3644 4903 eos

2050 4947 2391 5020 loqueretur.
2409 4947 2608 5004 itidem
2625 4957 2682 5000 ct
2706 4946 2992 5017 Philippus
3021 4939 3430 5016 lnaspectabilis
3454 4939 3639 4996 factus

784 5037 878 5088 καὶ
923 5038 1031 5091 ἀπὸ
1061 5041 1158 5108 τῆς
1185 5041 1402 5112 ὀρεινῆς
1443 5043 1700 5114 ἐξαίφνης
1729 5044 1952 5112 ἐγένετο

2063 5050 2146 5108 :st,
2172 5050 2230 5096 et
2251 5057 2318 5096 ex
2347 5039 2569 5110 regione
2594 5047 2852 5092 montana
2893 5035 3076 5092 subito
3097 5036 3352 5108 pervenit
3372 5034 3630 5090 Azotum.

2050 5265 2056 5271 .
2111 5219 2203 5275 lli.
2226 5218 2345 5274 Alia
2377 5230 2598 5288 quoque
2652 5223 2824 5280 secta,
2879 5215 3142 5270 nimirum
3179 5213 3335 5270 Pauli
3369 5211 3633 5268 Samosa-

2046 5311 2237 5376 tensis,
2273 5311 2362 5367 his
2393 5309 2735 5382 temporibus
2755 5309 2972 5365 exstitit
3001 5326 3014 5362 :
3062 5307 3158 5380 qui
3211 5316 3269 5363 et
3297 5304 3447 5362 circa
3481 5301 3631 5358 divi-

2047 5407 2274 5462 nitatem
2299 5411 2354 5462 et
2383 5403 2816 5460 incarnationem
2865 5403 3105 5459 errabat.
3145 5400 3308 5457 Circa
3363 5395 3633 5452 divinita-

2048 5510 2177 5561 tem,
2211 5499 2340 5570 quia
2369 5500 2584 5554 Patrem
2625 5499 2805 5554 solum
2840 5497 3158 5553 fatebatur:
3187 5494 3336 5549 circa
3373 5490 3628 5544 ineat-nar

2047 5594 2276 5660 tionem,
2304 5593 2430 5665 quia
2454 5607 2653 5665 purum
2680 5591 2968 5660 solumque
2997 5587 3278 5645 hominem
3299 5597 3424 5638 esse
3461 5578 3627 5636 Chri-
