3998 6146
380 335 515 402 1:15

1651 331 1965 393 LEONTII
2004 331 2416 395 BYZANTINI

3509 325 3650 392 1316

374 453 525 503 stum
563 439 820 500 dicebat:
871 438 930 495 ιιι
969 451 1081 510 quo
1127 429 1298 491 fuisse
1337 431 1434 490 Del
1475 433 1802 493 Sermonem
1851 452 1952 492 non

2062 439 2158 494 τδν
2213 437 2471 512 Χριστὸν,
2524 436 2775 507 γενέσθαι
2825 437 2885 492 δὲ
2927 437 2986 491 ιν
3027 418 3191 506 αὐτῷ’
3211 433 3306 488 τὸν
3336 434 3511 503 Λόγον
3549 433 3648 488 τοῦ

372 535 786 597 arbitrabatur;
805 545 908 587 nec
917 544 982 585 ea
999 527 1265 593 sentiens,
1287 542 1409 597 quas
1419 525 1726 584 Nestorius.
1743 527 1959 601 Quippe

372 627 686 684 Nestorius.
739 623 869 678 licet
917 619 1199 677 Christum
1255 618 1466 675 diceret
1517 635 1720 691 purum
1774 620 1958 677 homi-

373 728 504 774 nem
536 733 688 783 esse,
743 723 928 769 tamen
952 712 1348 768 subsistentem
1379 728 1478 784 per
1501 727 1562 768 se
1608 713 1708 768 Dei
1737 712 1961 771 Sermo-

373 825 524 866 nem.
555 822 622 862 ac
680 806 901 868 Filium,
935 803 988 858 in
1025 803 1251 859 homine
1293 804 1389 858 illo
1444 803 1614 860 fuisse
1656 803 1958 860 fatebatur.

373 901 494 958 Non
523 899 671 954 enim
717 901 868 954 circa
913 897 1241 952 Trinitatem
1290 897 1514 968 aliquod
1568 897 1808 953 Nestorii
1855 899 1961 955 fuit

373 1000 642 1048 erratum.
677 989 880 1044 Paulus
909 998 1094 1044 autem
1129 987 1530 1044 Samosateusis
1559 987 1958 1044 subsistentem

372 1099 476 1157 per
503 1100 563 1140 se
595 1084 688 1139 Dei
715 1083 1042 1139 Sermonem
1085 1081 1140 1137 in
1173 1081 1398 1138 Christo
1445 1081 1618 1136 fuisse
1649 1097 1760 1136 non
1807 1081 1964 1137 dice-

373 1175 490 1240 bat,
526 1177 622 1231 sed
667 1175 888 1230 volebat
912 1174 1237 1230 Sermonem
1258 1189 1382 1230 esse
1413 1175 1626 1246 iussum
1658 1175 1960 1246 quemdam

372 1283 441 1323 ac
473 1267 794 1322 mandatum
816 1306 832 1332 ,
871 1267 976 1323 hoc
999 1275 1105 1330 est,
1122 1267 1290 1338 jussit
1321 1267 1466 1322 Deus
1493 1265 1578 1340 (ut
1619 1269 1740 1339 ipse
1766 1271 1964 1340 loque-

372 1358 558 1428 batur)
611 1357 728 1414 ﬁeri
783 1373 882 1428 per
913 1358 1066 1411 illum
1125 1358 1428 1422 hominem,
1486 1361 1634 1430 quod
1695 1362 1963 1429 volebat;

376 1451 635 1520 idemque
664 1466 761 1520 per
791 1449 943 1504 illum
974 1449 1268 1504 condebat.
1304 1449 1416 1505 Nec
1438 1461 1559 1506 erat
1581 1451 1776 1508 eadem
1802 1453 1960 1508 Pauli

375 1541 446 1596 dc
473 1542 762 1596 divinitate
818 1541 1119 1605 sententia,
1151 1557 1274 1612 quae
1299 1540 1546 1598 Sabellii.
1577 1543 1712 1598 Nam
1766 1544 1961 1601 Sabel-

2059 530 2217 597 Θεοῦ,
2261 531 2337 605 μὴ
2372 531 2728 604 νομιζόμενος
2747 549 2763 564 ·
2793 533 2889 585 καὶ
2915 529 2992 603 μὴ
3017 528 3259 597 δοξάζων
3291 527 3362 582 τὰ
3390 527 3533 582 αὐτὰ
3569 527 3651 600 τῷ

2059 623 2360 694 Νεστορίῳ.
2402 623 2460 676 '0
2505 623 2606 693 μὲν
2641 621 2752 694 γὰρ
2782 621 3104 693 Νεστόριος.
3137 622 3187 674 εἰ
3231 619 3330 674 καὶ
3363 617 3522 689 ψιλόν
3549 623 3650 676 dv-

2062 715 2282 786 ορωπον
2305 715 2458 785 ἔλεγε
2487 715 2578 770 τὸν
2611 715 2870 785 Χριστὸν,
2904 713 3022 768 ἀλλ’
3059 709 3152 768 οῦν
3175 713 3268 768 τὸν
3294 713 3651 769 αὐθυπόσταο

2059 825 2152 862 τον
2185 809 2356 876 Λόγον
2379 808 2474 863 τοῦ
2512 807 2672 871 Θεοῦ,
2713 807 2968 862 καὶργίδν
2993 807 3147 876 ἔλεγε
3191 807 3447 874 γενέσθαι
3483 811 3543 862 ἐν
3573 806 3650 878 τῷ

2060 899 2334 972 ἀνθρώπῳ
2360 899 2574 972 ἐκείνῳ.
2604 901 2741 970 Περὶ
2766 899 2874 971 γὰρ
2901 898 3002 970 τὴν
3032 897 3241 969 Τριὰδα
3269 897 3367 967 οὐχ
3396 897 3652 967 ἡμάρταο

2059 1007 2152 1044 νεν
2195 992 2224 1044 6
2267 991 2582 1062 Νεστόριος.
2631 991 2692 1044 ὐ
2725 991 2783 1044 δὲ
2833 990 3046 1052 Παῦλος
3087 992 3118 1044 6
3150 990 3501 1058 Σαμοσατεὺς
3547 990 3650 1043 οὐκ

2062 1081 2216 1151 ἔλεγε
2264 1082 2360 1136 τὸν
2420 1081 2830 1136 αὺθυπόστατον
2873 1082 3049 1150 Λόγον
3091 1081 3426 1151 γεγενῆσθαι
3467 1083 3525 1134 ἑν
3571 1080 3647 1149 τῷ

2059 1175 2305 1247 Χριστῷ,
2325 1175 2460 1228 ἀλλὰ
2475 1175 2648 1244 Λόγον
2681 1174 2837 1244 ἔλεγε
2864 1174 2966 1246 τὴν
2991 1174 3240 1228 κέλευσιν
3266 1175 3362 1227 καὶ
3384 1174 3448 1227 τὸ
3475 1173 3648 1240 πρόσ-

2061 1283 2278 1338 ταγμα⁴
2334 1269 2479 1324 τοῦτ’
2513 1267 2700 1333 ἐστιν,
2748 1268 3038 1322 ἐκέλευσεν
3074 1271 3103 1322 6
3143 1267 3276 1330 Θεὸς
3322 1265 3392 1319 δι’
3432 1267 3645 1319 ἐκείνου

2059 1360 2156 1413 τοῦ
2205 1359 2498 1432 ἀνθρώπου
2524 1403 2539 1426 ,
2579 1362 2608 1416 6
2636 1359 2891 1415 ἐϐούλετο
2915 1401 2929 1422 ,
2963 1360 3059 1412 καὶ
3111 1359 3310 1412 ἐποίει.
3353 1356 3494 1410 Ἀλλ’
3525 1357 3647 1410 οὐδὲ

2063 1452 2191 1524 περὶ
2226 1454 2328 1524 τὴν
2361 1453 2596 1524 θεότητα
2634 1452 2704 1506 τὰ
2731 1453 2870 1506 αὐτὰ
2909 1451 3132 1517 ἐδόξαζε
3151 1451 3230 1522 τῷ
3260 1449 3537 1520 Σαϐελλίῳ
3570 1466 3586 1480 ο
3617 1449 3647 1500 6

2066 1543 2164 1614 μὲν
2199 1544 2314 1615 γὰρ·
2361 1545 2649 1606 Σαὸἑλλιος
2670 1586 2685 1607 ,
2720 1543 2813 1598 τδν
2845 1543 3009 1598 αὐτὸν
3053 1543 3209 1612 ἔλεγε
3241 1544 3460 1614 Πατέρα
3484 1584 3498 1602 .
3547 1543 3644 1597 καὶ

375 1633 486 1690 lius
523 1633 780 1689 eumdem
826 1633 1046 1688 dicebat
1093 1649 1214 1689 esse
1260 1633 1503 1698 Patrem,
1549 1643 1608 1690 et
1646 1635 1869 1702 Filium,
1905 1647 1952 1694 el

2063 1635 2212 1699 Υίὸν,
2262 1637 2358 1690 καὶ
2409 1635 2572 1704 ἅγιον
2608 1633 2858 1706 Πνεῦμα,
2905 1636 3000 1690 καὶ
3050 1634 3364 1706 τριὼνυμον
3409 1637 3646 1706 πρᾶγμα

379 1723 644 1795 Spiritum
677 1732 950 1782 sanctum.
984 1724 1268 1794 Deumque
1295 1740 1411 1779 rem
1443 1727 1572 1782 trini
1605 1729 1952 1800 nominisap-

2063 1727 2217 1797 ἔλεγε
2249 1730 2342 1782 τὸν
2369 1727 2503 1781 Θεόν
2521 1744 2536 1760 ·
2570 1726 2755 1781 οὐκέτι
2784 1727 2990 1798 Τριάδα
3018 1726 3276 1792 δοξάζων.
3324 1726 3383 1780 Ὀ
3409 1727 3466 1780 δὲ
3495 1726 3644 1781 Παῦ-

373 1815 637 1885 pcllabat,
661 1815 864 1868 nullam
893 1829 1126 1884 prorsus
1172 1831 1297 1870 esse
1331 1816 1662 1874 Trinitatem
1686 1829 1952 1878 statuens.

2064 1787 2178 1884 λος,
2199 1820 2260 1874 οὐ
2283 1819 2374 1874 τὸν
2399 1819 2561 1874 αὑτὸν
2583 1818 2737 1890 ἔλεγε
2775 1787 3012 1892 Πατέρα,
3044 1787 3139 1873 κᾷι
3159 1787 3321 1885 -Υίὺν,
3363 1819 3457 1873 καὶ
3489 1821 3646 1888 ᾰγιην

373 1909 579 1966 Paulus
633 1925 788 1972 vero.
829 1925 940 1964 non
993 1909 1250 1964 eumdem
1297 1909 1664 1966 dicebatesse
1713 1912 1959 1982 Patrem,

373 2010 433 2058 et
468 2001 1042 2072 Filium.etSpiritum
1075 2012 1361 2056 sanctum:
1401 2001 1497 2058 sed
1525 2003 1744 2058 Patrem
1776 2003 1961 2060 aiebat

373 2093 530 2148 illum
560 2109 682 2149 esse
722 2094 892 2148 Deum
917 2094 1011 2164 qui
1045 2094 1232 2147 omnia
1273 2102 1552 2160 creasset;
1591 2093 1816 2160 Filium,
1854 2111 1957 2165 pu-

374 2196 498 2236 rum
523 2183 676 2236 illum
714 2182 1026 2248 hominem;
1065 2181 1355 2252 Spiritum,
1389 2182 1538 2238 illam
1565 2183 1798 2255 gratiam
1831 2200 1955 2256 quas

373 2289 541 2344 super
581 2276 864 2346 apostolos
919 2277 1153 2332 venerit.
1207 2277 1306 2332 llis
1351 2278 1696 2348 temporibus
1741 2280 1958 2336 exstitit

372 2377 430 2426 et
453 2367 675 2425 Sabellii
702 2382 873 2436 secta,
903 2373 973 2425 de
1012 2387 1119 2440 qua
1150 2371 1316 2442 paulo
1361 2381 1490 2426 ante
1527 2372 1696 2426 locuti
1740 2388 1951 2430 sumus.

443 2459 531 2515 ιν.
572 2459 843 2515 Caeterum
881 2461 1228 2531 temporibus
1272 2461 1383 2516 illis
1427 2477 1550 2532 qua:
1589 2472 1958 2519 numerantur

372 2551 444 2607 ab
487 2551 702 2622 imperii
755 2551 1102 2607 Constantini
1136 2553 1433 2624 principio,
1470 2569 1644 2624 usque
1669 2553 1740 2609 ad
1789 2556 1958 2612 colic-

371 2645 608 2698 ctionem
637 2645 832 2716 synodi
867 2643 1334 2700 Chalcedonensis
1355 2683 1370 2706 ,
1407 2644 1464 2698 hi
1496 2644 1755 2702 doctores
1775 2630 1954 2703 et'Pa-

372 2742 487 2790 tres
517 2734 804 2789 vixerunt:
840 2733 1111 2790 Silvester
1145 2735 1446 2806 episcopus
1492 2736 1797 2803 Romanus,
1826 2739 1952 2795 Alco

372 2824 583 2881 xander
610 2827 905 2896 episcopus
932 2827 1360 2889 Alexandrinus,
1407 2828 1735 2886 Eustathius
1758 2830 1956 2887 Antio-

371 2915 604 2972 chenus.
627 2916 963 2971 Athanasius
987 2917 1413 2981 Alexandrinus,
1438 2919 1620 2976 Julius
1644 2921 1950 2991 Romanus,

367 3005 684 3062 Alexander
709 3006 1380 3078 Constantinopolitanus,
1412 3008 1654 3066 Hilarius
1699 3013 1952 3071 Pii-lavo-

2061 1911 2327 1982 Πνεῦμα·
2394 1910 2531 1965 ἀλλὰ
2581 1911 2803 1978 Πατέρα
2858 1911 2960 1981 μὲν
3012 1911 3167 1978 ἔλεγε
3221 1911 3314 1964 τὸν
3355 1909 3510 1972 Θεὸν,
3553 1908 3646 1964 τδν

2062 2006 2244 2059 πάντα
2291 2003 2785 2075 δημιουργήσαντα
2809 2019 2825 2034 ⁶
2856 2003 2985 2058 Υίὸν
3012 2003 3091 2068 δὲ,
3123 2003 3214 2056 τὸν
3235 2001 3523 2074 ἄνθρωπον
3551 2001 3645 2056 τδν

2056 2095 2241 2167 ψιλόν⁹
2289 2095 2517 2166 Πνεῦμα
2565 2095 2660 2158 δὲ,
2709 2095 2811 2166 τὴν
2845 2096 3278 2165 ἐπιφοιτήσασαν
3319 2095 3482 2166 χάριν
3531 2095 3644 2158 τοῖς

2059 2187 2400 2252 ἀποστόλοις.
2437 2189 2528 2242 Ἐν
2557 2189 2671 2250 τοῖς
2694 2187 2910 2259 χρόνοις
2937 2188 2994 2241 δὲ
3026 2187 3237 2252 τούτοις
3264 2189 3360 2240 καὶ
3381 2189 3414 2256 ἡ
3445 2186 3644 2241 29.651-

2057 2278 2174 2332 λίου
2206 2278 2422 2348 αἵρεσις
2468 2276 2710 2348 ἐγένετο,
2749 2280 2882 2351 περὶ
2917 2274 2987 2354 ἦς
3031 2280 3090 2333 ἐν
3117 2279 3232 2342 τοῖς
3275 2277 3643 2352 προλαϐοῦσιν

2057 2371 2386 2445 εἰρήκαμεν.

2139 2463 2231 2517 Ἐν
2251 2463 2308 2518 δὲ
2338 2464 2453 2525 τοῖς
2485 2461 2703 2534 χρόνοις
2726 2465 2839 2528 τοῖς
2869 2461 2980 2518 ἀπὸ
3005 2463 3108 2534 τῆς
3139 2464 3318 2536 ἀρχῆς
3353 2464 3453 2534 τῆς
3487 2462 3643 2534 βασι-

2054 2553 2206 2616 λείας
2260 2555 2698 2618 Κωνσταντίνου,
2756 2555 2885 2626 ἄχρι
2943 2554 3040 2608 τοῦ
3097 2557 3400 2626 κινήματος
3443 2558 3545 2625 τῆς
3583 2557 3644 2610 ἐν

2056 2644 2362 2716 Χαλκηδόνι
2392 2645 2635 2710 συνόδου,
2662 2645 2910 2715 ἐγένοντο
2933 2647 3248 2702 διδάσκαλοι
3279 2649 3370 2702 καὶ
3403 2647 3639 2718 πατέρες

2057 2737 2204 2792 οἵδε·
2251 2736 2574 2806 Σίλσεστρος
2622 2735 2847 2808 Ῥώμης
2889 2741 3225 2805 ἐπίσκοπος,
3290 2738 3644 2810 Ἀλέξανδρος

2059 2827 2360 2893 ἐπίσκοπος
2427 2827 2874 2899 Ἀλεξανδρείας,
2919 2829 3214 2886 Eia-tibia:
3279 2830 3637 2900 Ἀντιοχείας,

2069 2918 2388 2984 Ἀοανάσςος
2450 2919 2886 2988 Ἀλεξανδρείας,
2929 2920 3147 2984 Ἰούλιος
3185 2919 3440 2987 Ῥώμης,
3483 2921 3634 2979 Ἀλέα

2057 3007 2282 3082 ξανδρος
2336 3009 2977 3074 Κωνσταντινουπόλεως,
3034 3009 3262 3080 Ἰλάριος
3302 3009 3622 3074 Πικτάδων,

369 3113 493 3154 rum
518 3097 711 3155 Calliae
739 3100 997 3162 civitatis.
1025 3101 1350 3160 Ambrosius
1379 3104 1824 3172 Mediolanensis,
1849 3109 1952 3164 Ba-

2059 3101 2268 3165 πόλεως
2295 3101 2398 3172 τῆς
2435 3102 2723 3168 Γαλατίας,
2756 3101 3078 3173 ’Δμϐρόσιος
3114 3099 3476 3164 Μεδιολάνων,
3517 3100 3626 3154 Βα-

368 3191 528 3247 silius
559 3191 821 3250 Cacsarea:
872 3191 1254 3264 Cappadociae,
1305 3195 1609 3264 Gregorius
1653 3199 1954 3272 Nyssenus,

367 3281 674 3353 Gregorius
712 3285 1117 3351 Nazianzenus,
1183 3288 1606 3358 Amphilochius
1629 3291 1954 3360 lconiensis,

365 3372 676 3429 Antiochus
721 3375 1078 3432 Ptolemaidis
1117 3379 1306 3450 oppidi
1353 3381 1671 3448 Plimniciaz,
1702 3382 1956 3442 Gelasius

365 3460 633 3519 Caesarea:
659 3464 989 3529 Palaestinae,
1043 3467 1354 3530 Nectarius.
1403 3472 1640 3534 Atticus.
1688 3473 1954 3544 Joannes,

367 3553 618 3612 Produs.
645 3565 702 3610 et
736 3556 1051 3622 Flavianus,
1099 3559 1739 3634 C(mstantinopolitaui:
1781 3565 1954 3623 Seve-

367 3644 560 3699 rianus
589 3645 950 3713 Cabalorutn,
990 3649 1337 3720 Epiphanius
1367 3652 1560 3725 Cypri,
1610 3657 1954 3728 Augustinus

368 3735 642 3807 llipponis
685 3739 926 3810 civitatis
969 3741 1186 3807 Africae,
1235 3743 1576 3816 Theophilus
1612 3758 1667 3804 et
1694 3749 1952 3822 Cyrillus,

367 3827 748 3884 Alexandrini.
777 3831 890 3886 Hos
917 3831 1086 3904 igitur
1107 3848 1304 3890 omnes
1321 3837 1619 3909 episcopos
1655 3850 1819 3896 secta:
1849 3859 1950 3913 po-

361 3920 633 3974 steriores
677 3921 814 3990 ipsis
869 3924 1164 3992 recipiunt,
1205 3933 1263 3980 at
1311 3941 1422 3981 non
1473 3929 1664 3985 itidem
1712 3932 1948 4003 priores.

367 4007 505 4066 Exst
531 4009 596 4064 tit
623 4021 810 4066 autem
844 4023 1032 4067 statim
1067 4014 1185 4084 ipso
1237 4013 1605 4074 Constantino
1644 4020 1952 4092 imperante

365 4101 484 4156 Arii
521 4103 766 4167 haeresis,
809 4105 906 4174 qui
933 4105 1159 4176 quidem
1208 4115 1264 4162 et
1309 4109 1458 4164 circa
1494 4111 1864 4181 divinitatem,
1895 4127 1952 4175 ct

361 4195 514 4250 circa
545 4206 796 4252 naturam
843 4199 1139 4254 humanam
1189 4201 1429 4258 errabat.
1483 4203 1641 4262 Circa
1691 4207 1952 4267 divinita-

360 4293 495 4342 tem.
515 4289 643 4358 quia
661 4288 856 4345 Filium
870 4291 1094 4349 dicebat
1111 4311 1230 4352 esse
1251 4297 1342 4352 Dei
1362 4305 1630 4367 creatum,
1649 4300 1950 4375 itidemque

359 4377 631 4449 Spiritum
661 4391 913 4440 sanctum
936 4404 951 4450 ;
972 4387 1119 4443 circa
1145 4389 1607 4460 incarnationem,
1641 4395 1770 4464 quia
1789 4395 1950 4453 Chri-

2059 3193 2260 3258 σίλειος
2309 3193 2646 3265 Καισαρείας
2703 3191 2806 3262 τῆς
2855 3191 3286 3254 Καππαδοκίας,
3325 3190 3628 3261 Γρηγόριος

2054 3285 2300 3357 Νύσσης,
2328 3286 2631 3358 Γρηγὸριος
2661 3287 2691 3338 6
2735 3282 3066 3349 Ναζιανζοῦ,
3106 3281 3456 3353 Ἀμφιλόχιος
3498 3282 3636 3334 Ἰκο-

2055 3377 2204 3443 νίων,
2272 3378 2547 3448 Ἀντίοχος
2605 3375 2997 3446 Πτολεμαίδος,
3045 3374 3146 3446 τῆς
3184 3375 3328 3428 κατὰ
3357 3374 3634 3442 Φοινίκην,

2054 3470 2313 3534 Γελάσιος
2341 3469 2682 3542 Καισαρείας
2713 3467 3080 3538 Παλαιστίνης
3101 3506 3117 3530 ,
3147 3466 3472 3538 Νεκτάριος,
3513 3466 3638 3520 ’Λτο

2035 3563 2223 3626 τικὸς,
2275 3563 2527 3633 Ἰωάννης
2560 3561 2652 3631 (c),
2689 3559 2932 3632 Πρόκλος
2950 3599 2966 3623 ,
2996 3560 3090 3613 καὶ
3115 3558 3448 3622 Φλαδιανὺς.-
3479 3559 3638 3613 Κων-

2023 3685 2036 3695 ο
2056 3655 2554 3720 σταντινουπόλεως
2575 3670 2586 3683 ο
2625 3653 2955 3725 Σεσηριανὸς
2983 3651 3022 3704 Γ
3024 3651 3264 3716 αδάλων,
3317 3651 3638 3720 Ἐπὶερὰνιος

2053 3745 2320 3818 Κύπρου,
2369 3742 2734 3814 Αὐγουστῖνος
2794 3743 3058 3813 Ἰππὸνης
3105 3743 3209 3814 μί)
3271 3741 3482 3806 πόλεως
3539 3742 3636 3813 τῆς

2065 3837 2333 3910 Ἀφρικῆς
2356 3879 2372 3904 ,
2406 3837 2667 3907 Θεόφιλος
2707 3839 2802 3890 καὶ
2843 3835 3146 3907 Κύριλλος,
3205 3833 3633 3906 Ἀλεξανδρείας.

2052 3929 2289 3994 Τούτους
2310 3924 2404 3983 οὖν
2433 3931 2638 3991 πάντας
2666 3929 2791 3994 τοὺς
2823 3927 3154 3993 ἐπισκόπους
3195 3929 3250 3980 αί
3287 3927 3406 3999 μετ’
3435 3927 3636 3994 αὐτοῦς

2050 4022 2292 4092 αἱρέσεις
2321 4021 2590 4091 δέχονται,
2619 4021 2673 4074 αἱ
2707 4021 2764 4074 δὲ
2791 4018 2898 4090 πρὸ
2927 4019 3109 4073 αὐτῶν
3127 4018 3338 4074 οὐκέτι.
3383 4019 3635 4088 Ἐγένετο

2047 4109 2105 4165 δὲ
2139 4110 2340 4175 εὐθέως
2371 4113 2428 4162 ἐν
2460 4111 2598 4181 αὐτῇ
2633 4113 2699 4182 τῇ
2728 4095 2978 4182 βασιλείᾳ
3007 4109 3442 4175 Κωνσταντίνου,
3467 4111 3501 4181 ἡ
3533 4108 3630 4164 τοῦ

2061 4201 2274 4274 Ἀρείου
2320 4203 2531 4274 αἵρεσις
2553 4219 2567 4234 ·
2619 4203 2768 4266 ὅστις
2795 4202 3048 4272 καὶπερὶ
3089 4202 3189 4272 τὴν
3233 4200 3503 4272 θεότητα,
3537 4202 3632 4258 καὶ

2050 4299 2182 4370 περὶ
2223 4295 2322 4372 τὴν
2371 4295 2767 4368 ἀνθρωπὸτητα
2823 4293 3143 4364 ἐσφάλλετο.
3196 4295 3334 4366 Περὶ
3383 4295 3482 4366 μὲν
3531 4294 3632 4366 τὴν

2051 4391 2302 4462 θεότητα,
2337 4391 2418 4444 ὅτι
2445 4389 2598 4457 ἔλεγε
2619 4389 2840 4466 ἶκτίσμα
2869 4383 3012 4440 εἶναι
3035 4385 3128 4440 τοῦ
3161 4385 3322 4453 Θεοῦ,
3354 4387 3447 4440 τὸν
3475 4387 3627 4455 Υίδν,

358 4471 433 4526 sti
467 4488 671 4544 corpus
699 4477 882 4533 aiebat
916 4479 1222 4536 inanimum
1281 4497 1426 4548 esse,
1481 4484 1539 4539 in
1575 4463 1689 4556 quo
1751 4489 1949 4544 auium

2055 4483 2146 4537 xui.
2197 4483 2260 4536 τὸ
2297 4481 2453 4550 ἅγιον
2488 4463 2712 4550 Πνεῦμα
2739 4495 2755 4510 ·
2806 4478 2934 4550 περὶ
2965 4477 3025 4532 δι
3061 4479 3164 4548 τὴν
3191 4477 3628 4552 ἑνανθρώπησιν,

357 4559 485 4617 loco
541 4564 736 4620 Sermo
764 4569 1139 4640 principatum
1197 4571 1530 4630 obtinuerit.
1591 4576 1708 4634 Hoc
1759 4589 1946 4636 autem

357 4664 654 4724 propterea
710 4657 950 4720 dicebat.
981 4664 1244 4732 quoniam
1286 4665 1627 4724 conduceret
1664 4670 1732 4726 ad
1767 4674 1946 4729 stabi-

356 4745 604 4802 liendum
646 4750 819 4820 ipsius
847 4753 916 4808 de
948 4753 1220 4810 Trinitate
1243 4757 1464 4829 dogma,
1484 4760 1629 4818 sicut
1651 4766 1946 4824 ostendere

359 4852 677 4908 possumus.
711 4843 983 4900 Probabat
1035 4856 1247 4911 autem,
1301 4849 1500 4907 Filium
1561 4855 1945 4929 Spiritumque

357 4937 608 4983 sanctum
635 4947 758 4988 esse
777 4935 871 4989 Dci
903 4947 1109 5002 creata,
1142 4941 1258 4997 sive
1285 4943 1526 5014 Opiﬁcia,
1555 4946 1624 5002 de
1658 4963 1940 5005 sacrarum

357 5017 698 5077 Litterarum
757 5027 1091 5095 quibusdam
1143 5035 1593 5093 auctoritatibus.
1645 5037 1936 5105 Aitenim,

357 5109 582 5165 Petrum
647 5113 703 5168 in
752 5115 905 5174 Actis
928 5123 1306 5191 apostolorum
1340 5125 1555 5184 dicere:
1613 5129 1769 5187 Certo
1803 5134 1939 5188 sciat

356 5204 606 5258 universa
632 5205 1008 5264 Israelitarum
1033 5211 1265 5281 familia,
1283 5216 1421 5285 quod
1447 5216 1584 5273 Deus
1605 5221 1743 5275 hunc
1755 5221 1937 5276 Iesum

353 5310 512 5366 quem
564 5313 652 5353 vos
703 5301 759 5354 in
815 5317 1022 5356 crucem
1069 5305 1265 5374 egistis.
1318 5305 1608 5366 Dominum
1645 5310 1938 5368 Christum-

351 5407 457 5461 que
469 5393 650 5461 fecerit
684 5396 749 5450 ³⁹.
769 5396 838 5451 Et.
867 5412 1079 5464 rursus,
1133 5399 1458 5470 Apostolum
1491 5404 1546 5459 in
1589 5406 1838 5478 Epistola
1867 5409 1936 5464 ad

355 5479 614 5544 Hebraeos
636 5489 1333 5564 scripsissczouapropter,
1366 5499 1541 5552 sancti
1567 5499 1788 5568 fratres,
1819 5517 1937 5554 con-

428 5643 474 5674 "
508 5643 630 5702 Act.
670 5664 728 5713 tt,
751 5649 840 5705 36.

429 5784 498 5851 to)
543 5785 730 5844 Ἰωάν.
758 5790 1208 5864 Chrysostomum
1241 5799 1505 5872 intellige.

2046 4575 2130 4628 δτι
2163 4574 2224 4628 τὸ
2252 4574 2420 4644 σῶμα
2446 4571 2539 4626 τοῦ
2580 4569 2819 4642 Χριστοῦ
2859 4570 3046 4640 ἔλεγεν
3081 4569 3290 4642 ἄψυχον
3327 4567 3488 4626 εἶναι’
3528 4573 3630 4644 ἂρ-

2045 4682 2164 4736 χειν
2215 4665 2326 4737 γὰρ
2368 4665 2554 4732 ἔλεγεν
2592 4666 2651 4717 ὲν
2700 4661 2852 4734 αὐτῷ
2897 4664 3020 4717 ἀντὶ
3067 4661 3246 4734 ψυχῆς
3290 4663 3384 4716 τδν
3427 4663 3625 4732 Λόγον.

2046 4758 2216 4812 Τοῦτο
2239 4759 2296 4812 δὲ
2331 4757 2534 4826 ἔλεγεν,
2565 4756 2753 4828 ἐπειδὴ
2778 4756 3134 4811 συνεϐάλλετο
3159 4755 3311 4828 αὑτῷ
3343 4758 3424 4819 είς
3449 4757 3629 4826 δόγμα

2043 4851 2144 4920 τῆς
2179 4849 2408 4922 Τριάδος
2428 4893 2442 4914 ,
2467 4851 2542 4914 ὡς
2588 4850 2785 4921 ἔχομεν
2821 4849 3011 4914 δεῖξαι.
3073 4849 3390 4904 Ἐπιστοῦτο
3417 4849 3475 4904 δὲ
3497 4890 3512 4913 ,
3543 4851 3629 4904 ὃτι

2047 4942 2323 5013 κτίσματὰ
2350 4945 2458 4996 εἰσι
2494 4942 2630 4996 Θεοῦ
2655 4981 2669 5006 ,
2711 4942 2830 5014 ἦτοι
2860 4943 3144 5012 ποιήματα
3169 4982 3185 5004 ,
3222 4943 3251 4994 6
3278 4942 3402 5006 Υίξς
3435 4942 3530 4996 καὶ
3567 4942 3624 4996 τὲ

2045 5035 2200 5105 ἅγιον
2239 5035 2464 5106 Πνεῦμα
2489 5077 2502 5098 ,
2537 5036 2646 5088 ἀπὸ
2691 5035 2942 5106 χρήσεὼν
2981 5052 3144 5088 τινων
3171 5035 3270 5105 τῆς
3301 5035 3460 5102 ἁγίας
3486 5035 3616 5105 Γρα-

2044 5127 2174 5198 φῆς.
2211 5129 2374 5197 Λέγει
2405 5129 2550 5200 γὰρ,
2578 5126 2654 5191 ὦς
2699 5144 2865 5198 φησιν
2891 5168 2906 5194 ,
2941 5129 2971 5181 6
3003 5127 3208 5198 Πέτρος
3243 5128 3302 5180 ἐν
3329 5130 3445 5190 ταῖς
3475 5127 3624 5196 ιιράη

2043 5221 2160 5289 ξεσι
2207 5220 2318 5275 τῶν
2349 5221 2664 5274 ἀποστόλων
2697 5236 2711 5250 ⁶
2777 5219 3098 5290 ’Λσςειιλῶς
3129 5215 3244 5275 οὖν
3283 5219 3628 5290 γινωσκέτω

2042 5313 2163 5382 πᾶς
2207 5309 2371 5380 οἶκος
2411 5302 2678 5381 Ἰσραὴλ.
2720 5313 2811 5366 ὅτι
2845 5313 3062 5380 Κύριον
3091 5311 3189 5364 καὶ
3233 5311 3491 5380 Χριστὸν
3513 5312 3625 5365 af)—

2042 5408 2150 5462 τὸν
2178 5407 2468 5476 ἐποίησεν
2491 5411 2525 5460 ό
2553 5407 2698 5473 θεὸς
2717 5405 2934 5460 τοῦτον
2956 5403 3430 5472 τὸν⁹1ησοῦν,ὂν
3458 5401 3621 5473 ὑμεῖς

2041 5501 2478 5570 ἐσταυρώσατε.
2519 5503 2624 5554 Καὶ
2673 5501 2834 5554 πάλιν
2872 5500 2900 5553 6
2937 5497 3258 5562 ’Λπόστολος
3283 5497 3342 5551 ἐν
3384 5498 3450 5569 τῇ
3485 5496 3623 5569 πρὶς

2113 5801 2188 5873 (ὁ)
2233 5801 2538 5868 Ἰππόνηᾳ
2577 5799 2864 5865 Ἱππῶνος.
