3934 6156
265 281 394 348 1221

336 397 469 468 Περὶ
500 393 554 448 δὲ
581 391 708 454 τοὺς
732 386 959 461 χρόνους
986 383 1131 437 ὶκείν

269 461 515 558 μεγάλοι,
546 481 806 552 Διόδωρος
833 480 862 532 6
911 471 1129 544 Ταρσοῦ
1162 468 1481 531 ἐπίσκοπος,
1507 464 1602 520 καὶ
1632 461 1844 558 Θεόδω-

412 579 442 631 6
492 571 869 644 Μοψουεστίας
898 585 911 596 ο
955 567 1154 629 οἵτινες
1211 559 1653 652 ἀντηγωνίσαντο
1707 554 1848 652 πρὸς

282 646 617 742 Ἆρειανοὺς,
649 664 741 719 καὶ
775 659 1110 718 Μακεδόνιον
1133 697 1150 723 ,
1183 655 1278 710 καὶ
1313 651 1711 724 Ἀπολινάριον,
1754 646 1849 703 καὶ

269 763 370 834 τὴν
417 759 583 832 ἀλλην
618 753 840 829 Γραφὴν
873 749 1358 823 ὑπεμνημάτισαν,
1390 746 1484 800 καὶ
1506 746 1562 798 ἐν
1597 745 1731 813 τιμῇ

268 833 361 917 τες
389 851 623 924 μεγάλῃ,
653 846 956 902 ἀπέθανονο
986 842 1082 896 καὶ
1121 839 1296 904 οὐδεὶς
1325 841 1383 892 ὲν
1420 840 1486 910 τῇ
1519 836 1632 907 ζωῇ
1668 833 1851 889 αὐτῶν

275 943 572 999 ἐπελάὸετό
600 956 747 1004 τινος
789 935 971 992 αὐτῶν
998 951 1012 966 ·
1055 931 1170 986 ἀλλ’
1202 931 1454 1002 ἐγκώμια
1494 929 1742 1001 ἔγραψαν
1771 930 1854 990 εἰς

272 1035 468 1098 αὐτοὺς
488 1031 692 1086 πολλοί.
713 1031 822 1084 Καὶ
840 1027 1118 1092 Batonem;
1141 1028 1248 1096 γὰρ
1270 1028 1468 1090 αὐτοὺς
1492 1021 1850 1094 ἐγκωμιάζει,
1873 1035 1880 1038 ·

271 1126 367 1180 καὶ
398 1125 643 1195 Ἰωάννης
675 1124 702 1176 6
732 1121 1138 1194 Χρυσόστομος.
1165 1118 1432 1190 Ὕστερον
1453 1117 1510 1170 δὲ
1536 1115 1853 1186 κινουμένου

270 1216 367 1272 τοῦ
417 1213 786 1287 Νεστοριανοῦ
827 1213 1118 1283 δόγματος,
1144 1211 1468 1284 ἠναγκάσθη
1500 1208 1791 1281 Κύριλλος,
1825 1209 1855 1262 6

272 1310 470 1382 πρώην
515 1309 716 1370 αὐτοὺς
757 1305 1034 1373 ἐπαινῶν,
1079 1304 1222 1359 κατά
1259 1304 1370 1358 τῶν
1405 1303 1858 1375 συγγραμμάτων

271 1401 453 1456 αὐτῶν
473 1399 708 1472 γράψαι·
732 1397 922 1469 ἐπειδὴ
951 1399 1048 1452 ἀπ’
1066 1397 1246 1453 αὐτῶν
1272 1397 1580 1470 ἰσχυρίζετο
1605 1397 1668 1449 τὸ
1683 1396 1861 1466 δόγμα

274 1489 442 1546 αὑτοῦ
489 1493 518 1544 6
554 1490 872 1562 Νεστόριος.
918 1489 1506 1563 Ὑπομνηματίσαντες
1557 1488 1666 1559 γὰρ
1708 1481 1858 1542 οὗτοι

277 1581 376 1656 τὴν
421 1583 584 1652 ἁγίαν
633 1580 858 1653 Γραφὴν
881 1619 898 1646 ,
939 1581 1039 1634 οὐκ
1069 1581 1304 1654 ἔστησαν
1333 1583 1464 1653 ἄχρι
1495 1580 1589 1634 τοῦ
1617 1579 1859 1644 δέοντος,

1464 259 1564 322 DE
1603 253 1880 318 SECTIS.
1921 274 1990 285 -
2030 246 2185 307 ACT.
2228 243 2329 306 1V.

1139 397 1225 442 ους
1260 379 1508 447 ἐγένοντο
1531 373 1624 427 δύο
1655 369 1843 439 ἄνδρες

2020 358 2107 414 Ill.
2131 351 2560 412 Exstitcruntiis
2591 351 2930 422 temporibus
2953 352 3134 424 magni
3171 353 3395 424 quidam
3422 358 3532 412 duo

3397 244 3532 308 1222

3427 293 3533 309 -O“

1947 453 2074 518 viri,
2109 449 2384 506 Diodorus
2439 447 2733 516 episcopus
2757 445 2934 512 Tarsi,
2959 455 3017 502 et
3059 447 3386 504 Theodorus
3418 451 3536 506 llo-

1949 543 2211 618 psnestiaa
2241 560 2254 596 :
2291 541 2386 613 qui
2414 551 2469 596 et
2495 539 2762 594 adversus
2781 538 3036 604 Arianos,
3055 540 3531 608 ctMaeedonium,

1950 649 2006 694 et
2025 637 2402 709 Apollinarem
2425 632 2768 704 pugnabant,
2783 631 3180 702 universasque
3196 633 3432 690 Litteras
3450 651 3572 691 εει..

1949 745 2076 786 cras
2099 727 2517 786 commentariis
2541 726 2891 781 illustrabant
2913 766 2928 791 ,
2955 736 3013 779 et
3040 726 3093 780 in
3129 729 3309 797 pretio
3335 730 3534 796 habiti,

1951 829 2186 878 mortem
2219 821 2606 892 oppetierunt;
2641 834 2746 874 nec
2774 819 2910 890 ipsis
2954 819 3094 875 vivis
3133 821 3422 890 quisquam
3449 822 3538 878 di-

1953 923 2101 972 ctum
2123 913 2346 985 aliquod
2377 927 2572 968 eorum
2606 911 3081 982 reprehendebat;
3136 913 3247 968 imo
3285 916 3539 984 complu-

1955 1022 2044 1062 res
2080 1005 2304 1078 scriptis
2343 1003 2623 1059 encomiis
2659 1018 2757 1057 eos
2781 1003 3156 1059 celebrarunt.
3192 1005 3327 1059 Nam
3354 1016 3410 1060 et
3435 1007 3540 1061 Ba-

1954 1099 2111 1155 silius
2133 1109 2190 1154 et
2209 1090 2449 1154 Joannes
2478 1096 2914 1168 Chrysostomus
2953 1113 3052 1152 eos
3089 1099 3408 1168 praedicant.
3434 1101 3542 1158 Vc-

1958 1208 2081 1248 rum
2110 1200 2302 1263 postea
2333 1198 2484 1244 moto
2513 1189 2769 1260 dogmate
2806 1187 3159 1254 Nestoriano,
3201 1202 3430 1247 coactus
3457 1203 3544 1250 est

1957 1284 2214 1358 Cyrillus,
2233 1283 2329 1354 qui
2353 1291 2409 1338 et
2435 1282 2549 1352 ipse
2577 1281 2792 1352 pridem
2816 1295 2914 1336 eos
2938 1281 3238 1349 laudasset,
3275 1284 3546 1341 adversus

1958 1391 2152 1432 eorum
2200 1390 2371 1445 opera
2421 1373 2700 1440 scribere;
2742 1373 2890 1443 quod
2921 1373 3118 1444 dogma
3151 1390 3311 1431 suum
3342 1377 3543 1434 Νεειο..

1962 1469 2078 1524 rius
2107 1483 2175 1523 ex
2202 1467 2286 1524 eis
2332 1465 2708 1523 conﬁrmaret.
2737 1465 2872 1520 Nam
2915 1466 3082 1522 editis
3131 1468 3210 1522 illi
3257 1484 3443 1525 sacras
3484 1471 3545 1528 in

1963 1559 2205 1616 Litteras
2267 1557 2707 1621 commentariis,
2745 1556 2888 1610 intra
2938 1555 3076 1612 ﬁnes
3117 1573 3230 1613 non
3275 1562 3545 1617 constite-

277 1649 415 1728 ἀλλά
471 1649 1114 1755 ’βουληθέντεςιμερίσαι
1156 1649 1257 1736 τάς
1286 1674 1344 1727 ὲν
1494 1671 1626 1744 ἁγίᾳ
1667 1670 1859 1740 Γραφῇ

1972 1661 2130 1716 runt;
2165 1650 2263 1706 sed
2317 1666 2443 1706 cum
2501 1649 2834 1705 distribuere
2866 1650 3070 1704 vellent
3115 1665 3173 1705 sa
3193 1668 3394 1708 :rarum
3427 1651 3546 1708 Lit-

280 1765 485 1836 φωνὰς,
513 1765 612 1829 τάς
645 1765 744 1836 μὲν
774 1767 840 1837 τῇ
865 1764 1104 1833 θεότητι,
1136 1765 1234 1828 τὰς
1269 1764 1325 1818 δὲ
1357 1767 1422 1834 τῇ
1456 1763 1860 1836 ἀνθρωπότητι’

281 1856 584 1930 εὑρέθησαν
607 1857 702 1912 δύο
725 1858 1052 1920 ὑποστάσεις
1079 1874 1174 1911 του
1199 1857 1435 1924 Χριστοῦ
1477 1861 1570 1910 καὶ
1599 1857 1865 1927 διαίρεσιν

283 1951 616 2016 είσάγοντες.
647 1949 755 2004 Καὶ
785 1951 856 2004 δι’
879 1951 1010 2005 αὐτὸ
1039 1950 1362 2022 ἠναγκάσθη
1386 1951 1414 2003 6
1449 1949 1714 2021 Κύριλλος
1743 1949 1864 2005 κατ’

284 2041 464 2096 αὐτῶν
490 2041 721 2114 γράψαι,
757 2041 882 2095 tua!
915 2043 1010 2096 ἀπ’
1038 2045 1220 2098 αὐτῶν
1261 2041 1570 2114 ίσχυρίζετο
1602 2043 1663 2098 τὸ
1687 2041 1868 2112 δόγμα

285 2132 453 2187 αὑτοῦ
480 2135 510 2188 6
559 2132 873 2205 Νεστόριος.
901 2134 1002 2188 Διά
1029 2133 1189 2190 τοῦτο
1231 2134 1288 2188 δὲ
1320 2136 1379 2188 ὲν
1430 2138 1499 2207 τῇ
1525 2135 1640 2206 ζωῇ
1689 2134 1868 2189 αὐτῶν

283 2224 459 2289 οὐδεὶς
489 2223 674 2288 αὐτοῖς
705 2224 980 2289 ἀντεῖπεν,
1007 2224 1195 2297 ἐπειδὴ
1223 2225 1284 2278 τὸ
1308 2225 1580 2295 μάχεσθαι
1598 2225 1738 2298 πρὸς
1769 2225 1868 2290 τὰς

289 2313 508 2386 μείζους
533 2315 794 2388 αἱρέσεις,
825 2317 1025 2371 ἔσκεπε
1052 2317 1124 2372 τὰ
1152 2317 1382 2372 τοιαῦτα
1411 2318 1678 2388 δόγματα.
1713 2317 1867 2372 Μετά

286 2407 344 2463 δὲ
377 2408 564 2480 χρόνον
593 2409 771 2482 ῥλίγον
796 2409 890 2464 τοῦ
907 2411 1202 2466 ἀποθανεῖν
1232 2411 1509 2482 Θεόδωρον
1549 2411 1643 2464 καὶ
1667 2408 1868 2463 Διόδω-

291 2515 404 2572 ρον,
460 2500 656 2570 ἀνέστη
689 2503 723 2572 ὴ
759 2503 968 2574 αἵρεσις
997 2503 1295 2572 Νεστορίου
1318 2520 1332 2534 ·
1366 2499 1434 2575 ἦν
1477 2503 1532 2557 δὲ
1575 2505 1868 2556 Κωνστεν-

283 2589 646 2654 τινουπόλεως
675 2591 837 2656 αὐτὸς
864 2593 892 2646 6
912 2593 1208 2662 Νεστόριος
1245 2593 1568 2655 ἐπίσκοπος.
1611 2591 1866 2658 Ἀλεξαν-

201 2713 214 2724 σ
287 2682 472 2751 δρείας
508 2683 565 2738 δὲ
591 2683 880 2756 Κύριλλος,
925 2685 1255 2756 ’Δντιοχείας
1275 2685 1334 2738 δὲ
1375 2684 1656 2753 Ἰωάννης.

287 2877 299 2884 -
361 2857 425 2911 Τί
449 2857 506 2912 δὲ
529 2853 596 2930 ἦν
619 2857 680 2910 τὸ
718 2859 895 2929 δῧγμα
917 2857 1016 2914 τοῦ
1037 2858 1360 2930 Νεστορίου,
1383 2858 1486 2930 ἢδη
1513 2857 1616 2928 μὲν
1654 2858 1712 2910 ἐν
1751 2858 1867 2920 tot;

293 2950 656 3024 προλαϐοῦσιν
702 2953 1042 3024 εἰρήκαμενο
1069 2953 1164 3006 καὶ
1209 2949 1306 3014 νῦν
1347 2949 1407 3004 δὲ
1461 2950 1636 3022 μικρά
1666 2948 1892 3014 διεξέλ-ι

1966 1752 2210 1800 terarum
2267 1758 2452 1809 voces,
2487 1742 2624 1798 alias
2667 1740 2735 1795 ad
2771 1740 3142 1809 divinitatem,
3171 1743 3309 1800 alias
3340 1744 3408 1800 ad
3444 1761 3552 1800 na-

1969 1845 2146 1892 turam
2200 1835 2496 1890 humanam
2556 1833 2779 1898 relatas,
2826 1833 3234 1903 deprehensum
3297 1843 3405 1900 est,
3452 1852 3551 1894 eos

1966 1929 2107 1986 duas
2141 1927 2346 1986 Christi
2373 1928 2719 1999 hypostases,
2761 1933 2818 1982 et
2871 1925 3201 1982 divisionem
3254 1928 3548 1996 quamdam

1969 2020 2350 2075 introducere.
2397 2018 2572 2086 Quam
2599 2017 2671 2073 ob
2736 2031 2956 2074 causam
2989 2016 3229 2090 Cyrillus
3283 2019 3552 2077 adversus

1971 2110 2123 2184 ipsos
2175 2112 2422 2168 scribere
2475 2117 2704 2166 coactus
2753 2109 2885 2175 fuit,
2937 2111 3300 2166 conlirmante
3353 2111 3550 2183 dogma

1915 2234 1920 2240 ι
1967 2217 2128 2258 suum
2156 2218 2226 2257 ex
2257 2202 2339 2256 eis
2367 2200 2644 2256 Nestorio.
2664 2199 2816 2256 Vivis
2839 2199 3065 2271 quidem
3089 2201 3226 2272 ipsis
3258 2219 3359 2257 cur
3389 2219 3554 2258 nemo

1969 2294 2388 2357 contradixerit.
2427 2293 2632 2350 factum
2667 2292 2792 2348 ideo
2829 2293 2976 2364 quod
3024 2295 3302 2365 pugnandi
3357 2305 3552 2350 contra

1969 2395 2149 2441 sectas
2172 2386 2407 2456 majores
2433 2385 2732 2440 necessitas
2752 2383 3023 2454 ejusmodi
3041 2384 3295 2456 dogmata
3320 2393 3550 2456 tegeret.

1967 2477 2038 2532 At
2069 2478 2237 2547 paulo
2256 2485 2379 2547 post
2424 2491 2588 2548 quam
2637 2475 2782 2531 diem
2819 2475 3142 2530 Theodorus
3173 2492 3238 2532 ac
3279 2477 3552 2532 Diodorus

1969 2569 2260 2633 obiissent,
2290 2567 2554 2623 suscitata
2598 2565 2840 2622 Nestorii
2869 2564 2976 2621 fuit
3001 2566 3231 2622 hmresis
3266 2583 3284 2626 ι
3321 2575 3554 2638 eratque

1967 2658 2613 2728 Constantinopolitanus
2635 2655 2932 2727 episcopus
2959 2657 3050 2712 hic
3085 2656 3202 2726 ipse
3241 2656 3552 2724 Nestorius,

1967 2750 2205 2823 Cyrillus
2227 2749 2658 2815 Alexandrinus,
2693 2749 2936 2804 Joannes
2959 2747 3364 2806 Antiochenus.

2041 2841 2129 2896 IV.
2163 2839 2452 2907 Quodnam
2485 2840 2685 2912 dogma
2735 2839 2974 2895 Nestorii
3016 2840 3206 2906 inierit,
3243 2841 3555 2912 expositum

1972 2933 2025 2989 id
2062 2934 2286 3005 quidem
2317 2943 2402 2989 est
2437 2934 2494 2989 in
2523 2933 2592 2992 iis
2616 2949 2739 2998 qum
2769 2933 2934 2988 modo
2951 2933 3195 2989 diximus
3221 2952 3234 2988 :
3263 2934 3358 2990 sed
3379 2935 3558 2990 nihilo

293 3016 495 3114 ϐωμεν.
544 3045 659 3098 Οὐκ
703 3016 858 3113 ἔλεγε
891 3016 1001 3115 γὰρ
1034 3044 1232 3098 ἕνωσιν
1257 3044 1354 3098 τοῦ
1401 3016 1580 3112 Λάγου
1609 3041 1705 3095 τοῦ
1731 3041 1865 3095 Θεοῦ

1973 3025 2156 3081 minus
2185 3027 2378 3096 paucis
2417 3025 2795 3096 explanemus.
2828 3025 2946 3080 Non
2979 3041 3104 3080 esse
3135 3024 3335 3088 factam
3375 3027 3560 3082 aiebat

295 3135 430 3206 πρὸς
456 3136 549 3190 τὸν
586 3135 894 3207 ἄνθρωπον,
919 3135 1057 3190 ἀλλά
1083 3135 1176 3188 δύο
1212 3135 1539 3198 ὑποστάσεις
1572 3133 1748 3201 ἔλεγε,
1778 3136 1873 3186 καὶ

293 3228 557 3300 διαίρεσιν
577 3245 592 3260 ο
617 3227 742 3281 ὅθεν
769 3229 891 3282 οὐδὲ
915 3229 1013 3299 τὴν
1035 3227 1199 3294 ἁγίαν
1220 3227 1442 3297 Μαρίαν
1472 3226 1660 3280 ἐκάλει
1682 3225 1874 3279 Θεοτό-

297 3336 414 3382 κον,
458 3318 596 3374 ἀλλά
649 3319 1032 3390 Χριποτὸκον.
1071 3319 1134 3371 Εἰ
1175 3317 1233 3372 δὲ
1285 3319 1380 3372 καὶ
1430 3319 1738 3387 ἄνθρωπον,
1781 3317 1876 3370 καὶ

297 3409 430 3463 Θεὸν
467 3407 733 3463 ἀπεκάλει
767 3409 858 3461 τὸν
887 3408 1124 3480 Χριστόν
1144 3425 1160 3439 ·
1196 3407 1312 3464 ἀλλ’
1342 3407 1525 3462 οὐκέτι
1571 3408 1646 3469 ὡς
1691 3408 1874 3477 ἡμεῖς,

299 3500 438 3555 ἀλλά
465 3503 530 3572 τῇ
567 3499 752 3571 σχέσει
790 3501 886 3554 καὶ
933 3503 1000 3572 τῇ
1057 3501 1351 3555 οἰκειώσει.
1385 3501 1597 3571 Ὥσπερ
1643 3501 1876 3570 λέγομεν

301 3593 434 3662 περ)
465 3591 562 3645 δύο
589 3589 754 3642 τινῶν
787 3591 980 3660 φίλων,
1023 3590 1164 3645 πάνυ
1211 3589 1474 3662 ἀλλήλους
1505 3591 1874 3658 ἀγαπώντων·

300 3686 382 3738 ὅτι
422 3683 474 3738 οί
525 3682 621 3736 δύο
665 3674 812 3736 οὗτοι
847 3683 978 3754 μίαν
1005 3683 1185 3754 ψυχὴν
1208 3682 1412 3753 ἔχουσι,
1447 3683 1588 3736 κατά
1615 3682 1675 3736 τὸ
1705 3682 1880 3736 ταυτά

301 3776 550 3849 ἀλλήλοις
609 3776 889 3847 ἀρέσκειν,
924 3775 1015 3830 διὰ
1043 3774 1141 3846 τὴν
1193 3775 1504 3846 ὑπερϐολὴν
1533 3775 1633 3845 τῆς
1672 3774 1874 3846 φιλίας.

302 3867 486 3938 Τούτῳ
515 3867 570 3921 δὲ
600 3865 679 3938 τῷ
722 3866 1008 3940 Νεστορίῳ
1037 3867 1276 3931 ἐναντίος
1305 3862 1372 3939 ἦν
1397 3869 1427 3920 6
1467 3866 1754 3939 Κύριλλος,
1785 3869 1878 3922 καὶ

301 3959 536 4030 ἔγραφεν
569 3955 721 4029 αὐτῷ
752 3958 1164 4030 συνεχέστερον,
1190 3959 1614 4030 ἀποστραφῆναι
1649 3959 1760 4015 ἀπὸ
1781 3961 1876 4015 τοῦ

299 4050 567 4120 δόγματος
600 4049 822 4104 τούτου.
859 4049 1142 4120 Ἔγραψεν
1181 4043 1272 4103 οὖν
1313 4051 1538 4122 πρώτην
1585 4052 1737 4122 αὐτῴ
1785 4051 1880 4106 καὶ

300 4141 557 4214 δευτέραν
603 4139 913 4210 επιστολὴν,
943 4140 1039 4194 καὶ
1080 4141 1186 4193 οὐκ
1212 4140 1431 4194 ἔπεισεν
1461 4139 1644 4196 αὐτόν.
1677 4141 1876 4195 "Ta-:3-

303 4250 392 4306 ρον
427 4229 486 4285 δὲ
517 4233 720 4303 γράφει
761 4231 916 4302 αὐτῷ
946 4231 1136 4302 τρίτην
1171 4231 1559 4304 ὲπιστολὴν,ἐν
1667 4232 1878 4304 ἔγραψε

300 4324 502 4380 δώδεκα
548 4323 828 4394 κεφάλαια
855 4324 986 4396 περὶ
1027 4324 1262 4388 πίστεως
1285 4340 1301 4355 ·⁴
1331 4326 1428 4379 καὶ
1457 4324 1689 4397 ὕστερον
1707 4328 1871 4398 ἐγρα-

300 4416 418 4484 ψεν,
452 4415 533 4467 ὅτι
554 4413 614 4467 Ei
642 4415 739 4480 μὲν
765 4411 1036 4485 καταδέχῃ
1065 4411 1257 4479 ταῦτα,
1288 4413 1700 4486 συλλειτουργδς
1721 4417 1878 4488 ἡμῶν
1910 4404 1916 4421 ί

303 4501 370 4564 εἴ.
397 4505 494 4558 καὶ
528 4503 679 4572 φίλος
701 4521 714 4534 ·
745 4504 794 4556 εἰ
827 4504 883 4557 δὲ
916 4503 1010 4575 μὴ,
1063 4503 1311 4573 ἀνάθεμα
1350 4505 1469 4576 ἔσῃ.
1521 4505 1646 4558 Οὐδ’
1701 4504 1878 4570 οὕτως

303 4593 357 4646 δὲ
384 4594 592 4646 ἔπεισε.
623 4592 966 4663 Κινουμένης
994 4593 1052 4645 δὲ
1080 4594 1181 4663 τῆς
1208 4591 1390 4664 μάχης
1409 4592 1634 4664 ταύτης,
1663 4593 1877 4647 κελεύει

305 4688 333 4740 ὸ
361 4683 616 4757 βασιλεὺς
641 4681 730 4757 (ἦν
759 4684 813 4739 δὲ
844 4685 1124 4750 Θεοδόσιος
1144 4690 1172 4741 6
1197 4685 1431 4760 Μικρὸς)
1458 4685 1716 4755 γενέσθαι
1747 4686 1874 4740 σύν-

306 4775 418 4832 οδον
444 4778 504 4830 ὲν
543 4770 782 4848 Ἐφέσῳ,
826 4777 922 4830 καὶ
967 4778 1162 4848 κριτὴν
1201 4777 1455 4847 γενέσθαι
1483 4777 1754 4847 Κυρίλλου
1784 4779 1876 4832 καὶ

306 4868 599 4941 Νεπορίου
654 4868 912 4940 Ἰωάννην
983 4870 1076 4922 τὸν
1150 4870 1482 4942 Ἀντιοχείας
1551 4871 1876 4926 ἐπίσκοπον.

305 4954 504 5015 Ἦλθεν
543 4954 636 5014 οὖν
686 4962 715 5014 6
760 4959 1028 5032 Κύριλλος
1072 4963 1152 5025 είς
1199 4961 1298 5034 τὴν
1323 4963 1638 5036 ὁρισθεῖσαν
1664 4963 1881 5035 ἡμέραν

312 5054 447 5126 μετὰ.
479 5055 660 5124 πάσης
707 5053 810 5124 τῆς
865 5055 1086 5108 συνόδου
1139 5056 1306 5109 αὐτοῦ
1347 5058 1430 5120 εἰς
1475 5057 1575 5128 τὴν
1621 5057 1880 5118 Ἔφεσον,

318 5147 545 5217 Ὁμοίως
602 5147 698 5201 καὶ
749 5145 1042 5218 Νεστόριος
1097 5148 1240 5219 μετὰ
1274 5149 1372 5220 τῆς
1425 5149 1590 5204 αὑ.τοῦ
1639 5149 1883 5204 συνόδου.

321 5235 783 5314 Ἐμὸραδύναντος
825 5237 884 5291 δὲ
923 5237 1173 5291 Ἰωάννου
1220 5238 1415 5304 ἐλθεῖν,
1449 5240 1544 5294 καὶ
1579 5256 1878 5312 παραπρο-

309 5329 678 5401 Θεσμήσαντος
717 5330 933 5402 ἡμέρας
981 5335 1078 5395 ις’,
1117 5329 1348 5402 νομίσας
1395 5333 1424 5385 6
1470 5331 1760 5402 Κύριλλος,
1793 5331 1876 5384 ὅτι

307 5421 482 5474 οὐκέτι
513 5420 754 5494 ἔρχεται,
791 5420 1115 5490 συναγαγὼν
1143 5421 1272 5485 τοὺς
1302 5421 1624 5494 εὑρεθέντας
1654 5423 1880 5478 ἐπισκό·

312 5529 460 5576 πους,
490 5513 586 5568 καὶ
625 5511 956 5586 ἀνεγνωκὼς
982 5518 1076 5569 ἐπὶ
1103 5515 1286 5573 αὐτῶν
1313 5515 1384 5570 τά
1411 5515 1714 5588 Νεστορίου
1747 5532 1878 5587 συγ-

310 5607 627 5676 γράμματα,
666 5610 760 5663 καὶ
813 5607 1038 5682 ὕστερον
1091 5611 1201 5667 ἀπὸ
1241 5611 1352 5662 των
1403 5609 1576 5678 ἁγίων
1618 5611 1880 5682 Ματέρων

313 5695 525 5773 χρήσεις
559 5703 973 5776 ὲναντιουμένσς
1014 5704 1217 5774 αὐτοῖς,
1250 5695 1552 5777 Νεστορίωδ
1595 5703 1675 5777 μὴ
1697 5703 1881 5760 auus).-

1974 3117 2239 3172 unionem
2288 3116 2385 3170 Dei
2439 3115 2724 3171 Sermonis
2773 3131 2898 3170 cum
2953 3115 3212 3180 homine,
3267 3117 3364 3172 sed
3418 3118 3561 3173 duas

1975 3205 2231 3260 tradebat
2285 3205 2634 3275 hypostases,
2686 3219 2754 3258 ac
2780 3205 3113 3262 divisionem
3151 3209 3558 3278 :quamobrem

1976 3313 2081 3352 nec
2115 3307 2372 3354 sanctam
2399 3299 2547 3352 illam
2579 3297 2804 3352 Mariam
2828 3299 3058 3354 vocabat
3087 3301 3398 3372 Deiparam,
3460 3305 3564 3358 sed.

1974 3388 2400 3460 Christiparam.
2429 3389 2588 3456 Quod
2616 3389 2662 3445 si
2700 3391 2934 3446 maxime
2976 3391 3256 3448 Christum
3289 3405 3345 3450 et
3378 3397 3565 3451 homi-

1976 3495 2128 3542 nem,
2151 3491 2210 3535 et
2235 3481 2409 3535 Deum
2466 3481 2803 3551 appellabat,
2861 3497 2971 3538 non
3023 3492 3208 3540 tamen
3240 3485 3348 3543 hoc
3375 3505 3444 3544 eo
3479 3489 3563 3544 fa-

1977 3572 2160 3628 ciebat
2181 3589 2370 3638 sensu,
2400 3589 2510 3644 quo
2533 3589 2667 3637 nos.
2718 3574 2814 3629 sed
2864 3574 3184 3632 affectionis
3212 3581 3563 3651 conjunctio-

1977 3666 2173 3737 nisque
2206 3675 2461 3736 respectu
2495 3684 2510 3721 :
2540 3667 3011 3737 quemadmodum
3057 3669 3126 3725 de
3165 3670 3385 3727 duobus
3433 3675 3560 3744 qui-

1979 3759 2214 3816 busdam
2257 3759 2452 3825 amicis
2482 3759 2744 3826 dicimus,
2775 3761 3012 3818 invicem
3040 3763 3200 3820 valde
3228 3780 3288 3820 se
3323 3765 3564 3838 diligen-

1981 3852 2152 3918 tibus,
2203 3869 2368 3910 unam
2409 3869 2508 3910 eos
2550 3853 2759 3912 habere
2803 3855 3047 3912 animam
3093 3874 3108 3912 :
3157 3857 3305 3928 quod
3353 3859 3568 3916 amoris

1978 3944 2137 4000 nimii
2165 3960 2350 4010 causa,
2371 3945 2564 4002 eadem
2603 3945 2740 4016 ipsis
2762 3947 3037 4016 placeant.
3059 3947 3201 4004 Huic
3234 3958 3419 4004 autem
3449 3949 3564 4006 Ne-

1977 4036 2152 4093 sterio
2181 4037 2422 4110 Cyrillus
2445 4038 2860 4104 adversabatur,
2887 4038 3208 4112 litterasque
3242 4040 3574 4112 frequentes

1977 4127 2264 4193 exarabat,
2299 4136 2362 4182 ut
2390 4128 2669 4186 hominem
2697 4128 2768 4184 ab
2803 4129 2900 4185 illo
2931 4130 3186 4202 dogmate
3234 4134 3567 4191 diverteret.

1979 4221 2096 4277 Hoc
2123 4221 2310 4278 studio
2335 4223 2628 4292 impulsus.
2649 4231 2707 4278 et
2736 4223 2972 4292 primam
3009 4224 3079 4280 ad
3114 4225 3296 4295 ipsum
3335 4235 3393 4280 et
3420 4227 3564 4283 alte.

1983 4329 2099 4369 ram
2139 4313 2363 4383 scripsit
2386 4313 2702 4384 epistolam,
2743 4329 2847 4370 nec
2875 4323 3058 4370 tamen
3089 4317 3386 4386 persuasit.
3414 4317 3566 4373 Tant-

1983 4407 2109 4462 dem
2153 4407 2369 4463 litteras
2409 4405 2480 4460 ad
2530 4420 2660 4460 eum
2695 4405 2884 4461 tertias
2918 4406 3094 4471 dedit,
3123 4408 3177 4462 in
3214 4409 3392 4480 iisque
3419 4409 3570 4466 duo-

1981 4497 2162 4554 decim
2185 4497 2255 4553 de
2279 4496 2390 4553 ﬁde
2420 4496 2660 4566 capitula
2688 4497 3029 4568 perscripsit,
3056 4507 3114 4554 et
3145 4499 3348 4572 adjecit
3379 4502 3434 4557 in
3465 4518 3570 4559 ex-

1981 4590 2174 4646 tremis
2204 4606 2218 4643 :
2251 4589 2310 4644 Si
2347 4589 2577 4660 quidem
2612 4589 2731 4644 haec
2760 4588 2986 4660 recipis,
3015 4598 3072 4645 et
3095 4592 3391 4648 ministerii
3426 4609 3566 4650 con-

1979 4697 2126 4749 sors,
2153 4691 2212 4736 et
2261 4679 2476 4737 amicus
2513 4689 2702 4736 noster
2743 4695 2846 4736 es:
2873 4680 2959 4736 sin
2995 4689 3182 4738 autem
3215 4724 3230 4750 ,
3269 4685 3570 4742 anathema

1980 4773 2113 4831 eris.
2161 4773 2368 4830 Verum
2421 4788 2492 4829 ne
2538 4773 2622 4830 sie
2647 4772 2874 4844 quidem
2899 4775 3194 4844 persuasit.
3229 4775 3342 4844 Hac
3375 4787 3572 4834 autem

1978 4869 2100 4923 rixa
2145 4877 2325 4934 mota,
2369 4867 2531 4938 jubet
2589 4866 2894 4937 imperator
2943 4866 3014 4937 (is
3056 4875 3176 4922 erat
3219 4867 3576 4925 Theodosius

1980 4960 2184 5032 minor)
2218 4959 2422 5030 Ephesi
2467 4959 2738 5032 synodum
2769 4958 2986 5025 haberi,
3030 4959 3386 5031 judicemque
3427 4976 3561 5018 con-

1981 5053 2136 5108 stitui
2187 5061 2298 5107 tam
2344 5051 2551 5124 Cyrillo
2573 5067 2738 5122 quam
2767 5051 3045 5114 Nestorio,
3074 5051 3344 5108 Joannem
3374 5052 3566 5108 Antio-

1982 5145 2224 5200 chenum
2260 5145 2605 5216 episcopum.
2651 5143 2841 5215 Itaque
2866 5141 3106 5216 Cyrillus
3139 5143 3404 5201 universo
3435 5159 3570 5200 eum

1982 5246 2128 5294 cmtu
2178 5251 2303 5308 suo,
2356 5237 2636 5308 Ephesum
2671 5235 2742 5292 ad
2774 5235 2922 5291 diem
2954 5237 3326 5307 prastitutum
3366 5236 3562 5291 venit:

1983 5330 2290 5402 itidemque
2318 5345 2422 5386 suo
2457 5347 2584 5387 cum
2621 5329 2862 5388 concilio
2883 5370 2900 5396 ,
2963 5331 3274 5387 Nestor-ius.
3297 5329 3434 5388 Cum
3464 5345 3561 5385 auc

1986 5431 2098 5495 tem
2123 5423 2364 5480 Joannes
2389 5421 2696 5492 adventum,
2712 5437 2877 5478 suum
2900 5421 3122 5494 longius
3149 5421 3487 5482 extraheret,
3505 5429 3566 5473 ei

1986 5515 2131 5572 ultra
2167 5514 2326 5576 diem
2345 5515 2556 5596 dictum
2584 5529 2795 5572 moram
2813 5513 2879 5570 16
2905 5513 3124 5572 dierum
3150 5513 3570 5580 interponeret:

1985 5607 2230 5682 Cyrinus
2278 5625 2408 5666 cum
2461 5625 2576 5666 non
2617 5616 2916 5666 venturum
2961 5605 3201 5677 amplius
3236 5599 3566 5663 arbitratus,

1989 5707 2198 5764 coactis
2232 5706 2532 5780 episcopis,
2559 5713 2834 5778 quotquot
2873 5701 3088 5758 inventi
3129 5706 3294 5764 sant,
3327 5702 3382 5752 et
3402 5693 3572 5750 lectis
