3934 6156
414 296 434 360 Ῑ
447 297 551 362 “225

1604 291 1704 354 DE
1741 289 2021 350 SECTIS.
2062 312 2133 322 -
2169 289 2329 348 ACT.
2369 290 2471 351 IV.

3537 293 3674 362 1226

402 414 504 485 τὴν
561 411 864 482 ύπερΰολὴν
909 410 1009 479 τῆς
1047 405 1316 470 ὲνώσεως,
1367 405 1464 459 καὶ
1531 404 1592 457 τι
1637 405 1766 474 μίαν
1815 403 1978 472 φύσιν

2093 401 2418 469 uimiam,.et
2444 417 2610 458 unam
2657 405 2795 460 adeo
2835 415 3092 463 naturam
3119 416 3434 477 statueret;
3465 407 3672 468 Christi

405 502 604 572 λέγειν,
633 503 736 555 οὐκ
769 501 956 568 ἔλεγεν
995 499 1283 569 ὸμοούσιον
1309 495 1443 564 ἡμῖν
1471 494 1611 564 μετᾶ
1653 494 1752 563 τὴν
1783 494 1982 547 ἕνωσιν

405 597 468 649 τὸ
488 593 668 661 σῶμα.
703 591 890 660 Τούτῳ
917 589 994 660 τῷ
1047 589 1285 659 Εύτυχεῖ
1310 586 1592 658 γνώριμος
1625 582 1692 657 ἦν
1725 585 1984 648 Εὐσέϐιος

405 683 434 734 ὁ
461 682 742 753 Δορυλέων
795 681 1117 742 ἐπίσκοπος.
1156 681 1268 733 Καὶ
1295 680 1460 748 γνοὺς
1485 678 1545 746 ἐξ
1586 678 1752 732 αὐτοῦ
1776 679 1835 730 τὸ
1860 678 1984 745 δόγ-

411 789 486 842 μα
515 771 696 834 τοῦτο,
729 771 1021 840 ἀνήγγειλε
1049 769 1358 840 Φλασιανῷ,
1400 769 1610 838 λέγων’
1649 770 1740 821 Δεῖ
1765 785 1824 822 σε
1861 769 1984 822 ἐπι-

405 860 632 930 τιμῆσαι
664 860 741 930 τῴ
790 861 1040 929 Εὐτυχεῖ,
1077 860 1288 913 τοιοῦτο
1337 860 1424 928 δόγ
1443 877 1518 931 μα
1546 859 1877 927 εἰσφέροντι,
1900 859 1988 913 ῖνα

2085 506 2292 562 corpus
2329 493 2496 547 unius
2530 508 2654 547 esse
2687 494 2976 550 nobiscum
3009 509 3223 555 natura:
3247 509 3375 570 post
3408 501 3670 558 unionem
3697 475 3734 521 Ἀ

2086 581 2341 650 negabat.
2365 581 2508 636 Huic
2548 581 2784 652 Eutychi
2829 585 3025 640 notitia
3059 601 3186 642 cum
3218 589 3465 646 Eusebio
3494 592 3669 664 Dory-

2085 673 2303 728 leorum
2359 671 2624 740 episcopo
2683 670 3085 740 intercedebat,
3131 678 3226 746 qui
3281 678 3390 734 hoc
3443 681 3564 752 ejus
3603 699 3672 738 ex

2087 763 2324 834 ipsomet
2352 761 2634 820 intellecto
2656 761 2932 835 dogmate,
2965 779 3080 818 rem
3112 765 3178 818 ad
3208 767 3526 824 Flavianum
3548 787 3671 827 ver-

2085 849 2172 905 bis
2209 849 2362 904 hisce
2399 847 2600 902 detulit
2637 865 2649 901 :
2685 849 3060 920 lncrepandus
3110 851 3208 905 tibi
3240 852 3539 925 Entycbes,
3569 859 3671 914 hu-

411 953 486 1024 μὴ
537 955 845 1024 διαστραφῇ
895 955 928 1024 ὴ
979 954 1166 1017 πίστις
1239 953 1416 1025 ήμῶν.
1466 955 1524 1008 Ὀ
1549 949 1644 1008 οὖν
1691 953 1988 1017 Φλαὸιανὸς

2093 937 2326 1008 iusmodi
2377 937 2652 1008 dogmatis
2701 947 2902 992 auctor
2927 957 2942 1004 ;
2967 955 3037 994 ne
3063 939 3200 995 ﬁdes
3227 951 3417 997 nostra
3449 959 3672 1013 perver-

405 1044 612 1114 τούτων
643 1044 908 1107 ἀκούσας,
943 1047 1218 1116 συνήγαγε
1248 1047 1375 1108 τοὺς
1407 1045 1573 1099 αὐτοῦ
1610 1045 1830 1098 συνόδου
1865 1046 1986 1098 ἐπι-

408 1135 642 1198 σκόπους
675 1137 750 1199 ὡς
789 1137 918 1207 περὶ
947 1136 1014 1201 λ’,
1051 1137 1146 1190 καὶ
1189 1135 1480 1207 ἠρώτησεν
1527 1137 1622 1190 ἐπὶ
1659 1133 1842 1188 αὐτῶν
1899 1134 1990 1188 τόν

407 1227 644 1296 Εὐτυχῆ,
691 1227 869 1296 λέγων
895 1267 910 1292 ,
952 1228 1035 1281 ὅτι
1077 1227 1393 1298 Ὀμολογεῖς
1422 1228 1486 1281 τὸ
1530 1227 1691 1298 σῶμα
1725 1227 1822 1282 τοῦ
1853 1227 1990 1297 Χρι-

407 1316 536 1370 στοῦ
579 1317 864 1386 ὁμοούσιον
909 1321 1064 1388 ἡμῖν,
1102 1320 1256 1392 καὶῆ
1308 1320 1410 1387 ob;
1453 1321 1512 1374 Ὀ
1543 1321 1602 1374 δὲ
1631 1321 1986 1392 ἀπεκρίνατο.

405 1407 486 1460 ὅτι
542 1407 723 1476 Μέχρι
773 1406 874 1476 μὲν
930 1407 1029 1477 τῆς
1091 1409 1330 1479 σήμερον
1390 1409 1489 1478 οὐχ
1535 1407 1882 1476 ὡμολόγουν·
1922 1407 1987 1462 δι’

409 1499 554 1566 ὑμᾶς
585 1499 640 1551 δὲ
674 1498 944 1568 ὁμολογῶ.
975 1499 1147 1552 Τοῦτο
1202 1499 1258 1554 δὲ
1293 1499 1478 1568 ἔλεγεν
1531 1501 1808 1572 εἰρωνείᾳ.
1858 1501 1988 1553 Ἀπ-

416 1588 674 1655 εκρίνατο
701 1587 841 1658 πρὸς
870 1589 1034 1642 αὑτὸν
1059 1591 1088 1642 ὸ
1116 1588 1416 1654 Φλαϐιανός
1435 1607 1450 1621 ο
1469 1591 1581 1661 Ούχ
1613 1592 1772 1662 ἡμεῖς
1795 1593 1985 1662 ἐσμεν,

409 1680 458 1732 τί
500 1678 674 1732 ταῦτά
709 1695 792 1732 σοι
828 1679 1082 1748 λέγοντες
1130 1680 1432 1750 ὁμολογεῖν,
1484 1682 1600 1736 ἀλλ’
1635 1684 1684 1736 οἱ
1719 1683 1982 1754 Πατέρες.

409 1769 472 1822 lii
497 1765 588 1822 οὖν
617 1769 918 1838 ὁμολογεῖς,
952 1771 1358 1841 ἅναθεμάτισον
1391 1774 1518 1835 τοὺς
1548 1772 1624 1843 μὴ
1655 1772 1798 1826 οὕτω
1826 1773 1984 1839 δοξά-

410 1859 623 1924 ζοντας.
675 1861 732 1913 '0
757 1860 812 1912 δὲ
843 1856 960 1914 εἶπε
994 1861 1130 1932 πρὸς
1157 1863 1344 1926 αὐτὸν,
1376 1863 1458 1916 ὅτι
1497 1864 1584 1927 Ὡς
1615 1860 1791 1926 εἷπον,
1827 1867 1986 1934 μέχρι

408 1952 506 2022 τῆς
536 1952 777 2022 σήμερον
799 1952 896 2022 οὐχ
916 1951 1230 2022 ὡμολόγουν
1263 1953 1422 2009 τοῦτο
1441 1970 1454 1985 ⁸
1477 1953 1548 2008 δι’
1573 1955 1717 2023 ὑμᾶς
1737 1955 1796 2008 δὲ
1822 1953 1984 2022 λέγω.

411 2044 525 2096 Οὐκ
557 2043 925 2113 ἀναθεμάτιζέ
957 2060 1108 2098 τινα·
1145 2043 1244 2097 ἐὰν
1272 2044 1384 2114 γὰρ
1414 2045 1800 2116 ἀναθεματίζω
1837 2048 1984 2112 τινὰ,

408 2133 536 2195 τοὺς
566 2132 810 2203 πατέρας
846 2151 949 2204 μου
985 2133 1388 2204 ἁναθεματίζω,
1421 2136 1514 2188 καὶ
1529 2137 1631 2205 τὴν
1662 2137 1823 2204 ἁγίαν
1850 2135 1990 2205 Γρά-

411 2229 539 2294 φήν-
581 2224 725 2296 Αὕτη
753 2226 862 2296 γάρ
892 2227 1041 2278 ἐστιν
1066 2228 1098 2296 ἡ
1123 2227 1383 2294 λέγουσα,
1417 2228 1502 2280 ὅτι
1543 2227 1642 2280 οὐκ
1675 2227 1824 2280 ἔστιν
1855 2229 1988 2298 ἡμῖν

406 2315 697 2386 ὀμοούσιον
725 2317 786 2370 τὸ
817 2315 982 2386 σῶμα
1011 2317 1108 2370 τοῦ
1158 2315 1424 2388 Χριστοῦ.
1459 2315 1646 2372 Ταῦτα
1681 2315 1927 2381 ἀκούσας
1959 2318 1988 2369 ὁ

409 2408 736 2472 Φλασιανὸς,
785 2407 1036 2461 καθεῖλεν
1063 2409 1228 2462 αὐτὸν
1250 2409 1359 2463 ἀπὺ
1388 2409 1490 2479 τῆς
1523 2407 1984 2480 πρεσϐυτερείας.

411 2500 507 2553 καὶ
545 2499 641 2552 τοῦ
673 2498 814 2552 εἶναι
864 2499 1028 2552 αὐτὸν
1069 2500 1530 2573 ἁρχιμανδρίτην,
1563 2499 1756 2564 εἰπὼν,
1781 2501 1862 2553 ὅτι
1887 2501 1988 2558 οὐκ

410 2588 526 2648 ἔστι
560 2587 680 2649 κατ’
715 2587 964 2660 ἀνάγκην
993 2589 1196 2652 πίστις.

483 2850 690 2904 Τούτου
731 2851 789 2905 δὲ
830 2849 1274 2919 καθαιρεθέντος,
1307 2849 1508 2922 γράφει
1537 2850 1565 2902 ὁ
1587 2848 1884 2915 Φλαὸιανδς
1911 2849 1990 2922 τῷ

415 2943 607 3001 Λέοντι
647 2941 870 3014 Ῥώμης
901 2941 1191 3013 ὲπισκὸπῳ
1221 2943 1322 3012 τὴν
1362 2942 1718 3014 καθαίρεσιν·
1753 2943 1846 2998 καὶ
1895 2945 1990 2998 ἀν-

415 3035 677 3106 τιγράφει
701 3035 838 3106 πρὸς
865 3034 1028 3130 αὑτὸν
1077 3033 1248 3100 Λέων,
1284 3035 1366 3088 ὅτι
1396 3033 1580 3098 καλῶς
1609 3035 1774 3089 αὐτὸν
1805 3036 1989 3090 καθεῖ-
2017 3068 2061 3130 c

415 3125 495 3179 λε.
549 3125 810 3179 Καλεῖται
841 3119 935 3177 οὖν
975 3127 1009 3193 ἡ
1041 3124 1299 3194 ἐπιστολὴ
1351 3125 1492 3196 αὕτη
1522 3125 1699 3195 Τόμος
1737 3125 1984 3190 Λέοντος,

407 3213 548 3283 περὶ
579 3207 642 3266 οὗ
683 3211 1120 3281 ἀμφιϐάλλουσιν
1167 3215 1218 3266 οἱ
1277 3213 1685 3284 διακρινόμενοι
1737 3215 1990 3284 λέγοντες

419 3300 590 3369 αὐτὴν
621 3299 806 3363 κακῶς
823 3299 996 3370 ⁵ἔχειν.
1039 3299 1098 3352 '0
1139 3299 1198 3352 δὲ
1226 3299 1472 3370 Εὐτυχὴς
1503 3300 1644 3370 μετὰ
1666 3300 1765 3371 τὴν
1793 3300 1990 3354 καθαί-

423 3407 574 3462 ρεσιν
631 3389 868 3460 συνεχῶς
921 3391 1250 3462 ἐνετύγχανε
1274 3390 1354 3462 τῷ
1390 3391 1626 3460 βασιλεῖ,
1669 3390 1843 3460 λέγων
1869 3393 1987 3462 ἥδι-

421 3479 624 3548 κῆσθαι
673 3479 778 3532 ὑπὸ
813 3477 1141 3536 Φλαϐιανοῦ.
1189 3480 1300 3533 Καὶ
1344 3480 1466 3533 τότε
1523 3479 1743 3536 κελεύει
1774 3481 1802 3534 ὁ
1834 3479 1991 3552 βασι-

421 3571 550 3635 λεὺς
595 3570 896 3634 Θεοδόσιος,
946 3568 1200 3638 γενέσθαι
1237 3571 1298 3624 ὲν
1340 3569 1554 3642 Ἐφέσῳ
1603 3569 1990 3643 οἰκουμενικὴν

425 3661 664 3725 σύνοδον,
697 3659 786 3713 ἵνα
816 3661 1098 3730 κρίνωσιν,
1131 3661 1182 3713 εί
1213 3660 1397 3724 καλῶς
1427 3661 1682 3716 καθεῖλεν
1711 3665 1740 3716 ὁ
1759 3661 1993 3716 Φλαὸια-

421 3751 514 3815 νὸς
542 3751 634 3805 τὸν
658 3751 894 3824 Εὐτυχῆ,
931 3751 965 3822 ἢ
991 3749 1075 3806 οὔ.
1118 3752 1418 3824 Ἐπέτρεψε
1447 3753 1506 3808 δὲ
1527 3753 1625 3826 τὴν
1661 3755 1840 3808 πᾶσαν
1873 3755 1992 3826 κρί-

424 3861 508 3896 σιν
553 3841 832 3914 Διοσκόρῳ
863 3841 942 3914 τῷ
981 3844 1264 3916 ἑπισκόπῳ
1294 3843 1728 3915 ’Δλεξανδρείας.
1756 3844 1989 3916 Γενομέ-

421 3949 518 4004 νης
548 3933 605 3988 δὲ
631 3935 732 4004 τῆς
779 3933 1019 4001 συνόδου,
1044 3935 1262 4006 πρῶτον
1308 3935 1408 4005 μὲν
1435 3936 1637 3990 ἄτοπον
1688 3937 1942 4009 ἐποίησεν
1965 3939 1994 3992 ὁ

419 4024 729 4098 Διόσκορος.
764 4025 944 4080 Μόνον
973 4025 1082 4098 γὰρ
1106 4027 1317 4095 ἀνέγνω
1343 4026 1411 4081 τὰ
1439 4029 1808 4100 πεπραγμένα
1851 4028 1990 4082 Φλα-

421 4114 634 4180 ϐιανοῦ,
676 4115 778 4168 οὐκ
827 4115 981 4170 εῐασε
1021 4115 1080 4168 δὲ
1107 4115 1272 4170 αὐτὸν
1309 4117 1685 4187 συνηγορῆσαι
1715 4117 1923 4184 αὐτοῖς,
1957 4118 1990 4186 ἢ

418 4207 699 4278 ἐρωτῆσαι
737 4207 902 4261 αὐτὸν
923 4205 978 4261 τί
1015 4222 1170 4272 ποτε,
1199 4206 1332 4277 περὶ
1369 4199 1446 4261 ὧν
1470 4204 1839 4276 ἀμφιϐάλλειν
1871 4206 1992 4260 ενό-

422 4296 568 4368 μιζε.
614 4298 878 4370 Δεύτερον
911 4295 990 4366 δὲ,
1023 4297 1146 4352 οὐδὲ
1179 4296 1273 4350 τὸν
1322 4297 1634 4368 κατήγορον
1689 4296 1987 4368 Εὑτυχοῦς,

2089 1037 2257 1083 tatur.
2321 1028 2534 1095 Quibus
2601 1029 2826 1095 auditis,
2884 1031 3178 1086 Flavianus
3223 1032 3518 1103 episcopos
3562 1052 3674 1093 sua:

2089 1119 2316 1176 ditionis
2352 1121 2422 1174 ad
2470 1120 2537 1174 50
2561 1120 2742 1190 coegit
2771 1161 2786 1185 ,
2820 1121 2998 1190 iisque
3031 1122 3399 1190 praesentibus
3434 1123 3672 1183 interro-

2091 1213 2236 1282 gavit
2282 1211 2586 1282 Eutychem
2621 1251 2636 1275 ,
2711 1210 2990 1266 Christine
3035 1227 3239 1281 corpus
3277 1213 3525 1284 ejusdem
3551 1230 3671 1271 esse

2090 1297 2380 1354 nobiscum
2420 1297 2742 1352 substantiae
2771 1297 3060 1362 fateretur,
3095 1313 3166 1353 an
3219 1299 3364 1354 non?
3399 1299 3496 1355 Ille
3539 1318 3671 1358 vero

2089 1388 2461 1460 responderit,
2477 1389 2746 1443 hactenus
2770 1388 2825 1441 id
2851 1403 2910 1443 se
2933 1389 3158 1460 quidem
3179 1391 3406 1448 minime
3430 1393 3666 1453 lassum.

2088 1483 2187 1538 sed
2239 1482 2488 1550 ipsorum
2527 1487 2712 1534 tamen
2761 1493 2928 1534 causa
2986 1495 3134 1534 nunc
3177 1482 3433 1538 conﬁteri
3476 1487 3669 1554 :quod

2090 1585 2222 1626 sane
2241 1584 2341 1640 per
2361 1568 2770 1624 simulationem
2797 1567 2866 1621 ab
2895 1582 2964 1622 eo
2987 1569 3390 1637 proferebatur.
3414 1572 3666 1632 Vicissim

2091 1663 2389 1718 Flavianus
2417 1660 2626 1724 dicere,
2659 1673 2772 1714 non
2803 1658 2956 1728 ipsos
2983 1675 3103 1716 esse
3128 1661 3222 1731 qui
3249 1663 3366 1720 haec
3389 1681 3516 1720 eum
3539 1684 3642 1722 con
3667 1698 3673 1702 -

2089 1751 2540 1822 ﬁterijuberent,
2571 1748 2669 1804 sed
2701 1757 2924 1820 patres:
2949 1750 3184 1822 ideoque
3212 1754 3260 1808 si
3287 1757 3668 1825 conﬁteretur,

2083 1841 2443 1898 anathemate
2469 1839 2752 1894 diversum
2781 1840 3086 1896 sentientes
3133 1855 3538 1902 exsecraretur.
3572 1849 3670 1902 Ille
3726 1915 3730 1919 ‘

2088 1933 2348 1988 Flaviano
2411 1930 2748 2001 respondere
2812 1947 2908 1999 se,
2963 1933 3428 2001 quemadmodum
3509 1947 3672 1994 antea

2088 2023 2341 2086 dixisset,
2371 2021 2439 2076 ad
2473 2036 2600 2076 eum
2630 2020 2776 2075 diem
2801 2020 2854 2074 id
2887 2021 3118 2075 minime
3147 2022 3456 2078 confessum
3482 2043 3494 2078 :
3523 2027 3671 2096 ipso-

2091 2129 2212 2168 rum
2252 2121 2431 2167 tamen
2455 2112 2632 2184 gratia
2655 2111 2952 2167 facturum.
2973 2113 3260 2168 Neminem
3289 2114 3512 2171 interim
3536 2133 3670 2173 ana~

2091 2205 2451 2260 thematizare
2489 2221 2503 2257 :
2537 2205 2744 2274 quippe
2789 2205 2834 2259 si
2867 2204 2972 2259 hoc
3022 2203 3230 2260 faceret
3255 2247 3268 2272 ,
3323 2207 3670 2265 anathemate

2089 2297 2282 2351 Patres
2313 2305 2753 2360 cxsecraturum,
2781 2295 3038 2367 ipsasque
3059 2311 3242 2352 sacras
3269 2297 3528 2367 Litteras,
3549 2317 3673 2373 quae.

2090 2388 2170 2442 sic
2195 2389 2514 2455 loquantur,
2549 2396 2610 2442 ut
2637 2385 2843 2442 Christi
2870 2402 3074 2456 corpus
3105 2387 3351 2458 ejusdem
3381 2378 3672 2448 nobiscum

2089 2495 2210 2534 esse
2243 2480 2562 2535 substantia:
2604 2487 2826 2546 negent.
2861 2477 3073 2545 Quibus
3119 2479 3344 2547 auditis,
3373 2481 3442 2536 ab
3478 2483 3672 2539 ordine

2089 2571 2566 2642 presbyterorum,
2599 2580 2657 2626 et
2707 2564 3159 2626 archimandritae
3207 2585 3436 2626 munere
3460 2573 3674 2628 Flavia-

2091 2678 2198 2718 nus
2225 2677 2353 2718 eum
2379 2663 2618 2717 removit
2643 2703 2656 2728 ,
2682 2677 2807 2717 cum
2839 2661 3065 2732 quidem
3087 2661 3322 2730 diceret,
3365 2664 3526 2718 ﬁdem
3548 2681 3669 2722 .non

2089 2753 2384 2809 admittere
2409 2755 2774 2809 coactionem.

2163 2844 2278 2900 VII.
2300 2843 2416 2898 Hoc
2440 2843 2510 2899 ab
2541 2842 2721 2900 oﬂicio
2745 2852 2982 2904 remoto,
3013 2843 3310 2899 Flavianus
3331 2844 3400 2900 ad
3430 2844 3670 2902 Leonem

2091 2937 2404 2991 Romanum
2455 2935 2778 3005 episcopum
2801 2933 2870 2988 de
2907 2933 3149 2988 hominis
3175 2933 3519 3004 depositione
3542 2951 3672 3006 per-

2091 3026 2308 3082 scribit.
2330 3024 2650 3096 Respondet
2669 3024 2801 3088 Leo,
2825 3025 2930 3078 rite
2951 3023 3353 3094 depositionem
3379 3025 3527 3081 illam
3549 3043 3673 3082 esse

2090 3117 2291 3174 laetam
2321 3135 2336 3170 :
2364 3131 2488 3184 qua:
2513 3115 2737 3186 quidem
2769 3115 3000 3184 cpistola
3027 3115 3232 3170 Tomus
3257 3115 3456 3171 Leonis
3487 3119 3674 3187 appel-

2089 3209 2195 3264 lari
2229 3210 2388 3274 solet,
2425 3207 2493 3262 de
2525 3209 2636 3276 quo
2692 3207 2961 3276 ancipites
3004 3215 3133 3260 sunt
3158 3221 3350 3262 eorum
3375 3207 3472 3276 qui
3504 3208 3674 3264 ΙΙαεὶ-

2095 3310 2272 3356 tantes
2320 3299 2582 3354 dicuntur
2611 3297 2938 3362 sententiae,
2993 3297 3138 3352 male
3168 3307 3538 3368 comparatam
3583 3301 3672 3354 di-

2093 3391 2355 3447 centium.
2389 3389 2664 3460 Eutyches
2689 3397 2877 3444 autem
2907 3389 2977 3443 ab
3004 3387 3182 3444 oﬂicio
3206 3400 3470 3456 remotus,
3500 3392 3674 3462 impe-

2091 3491 2333 3538 ratorem
2372 3479 2530 3534 adire
2567 3479 2787 3546 crebro,
2831 3478 3048 3550 sibique
3075 3478 3275 3534 factam
3331 3497 3362 3536 a
3413 3482 3673 3538 Flaviano

2093 3573 2352 3645 injuriam
2377 3571 2584 3626 dicere.
2621 3570 2972 3641 Quapropter
2997 3570 3296 3641 imperator
3328 3573 3672 3630 Theodosius
3727 3610 3736 3616 -

2089 3663 2350 3734 generale
2383 3660 2678 3727 concilium
2714 3659 2916 3729 Ephesi
2954 3660 3104 3715 coire
3129 3661 3314 3731 jubet,
3349 3661 3403 3715 in
3437 3679 3548 3732 quo
3577 3679 3672 3719 co-

2091 3762 2492 3828 gnosceretur,
2546 3760 2768 3806 rectene
2820 3750 3113 3806 Flavianus
3155 3752 3454 3822 Eutychem
3506 3753 3674 3823 depo-

2093 3849 2315 3912 suisset,
2355 3861 2428 3902 an
2480 3859 2612 3898 non.
2644 3843 2964 3900 Universam
3021 3859 3149 3898 vero
3197 3859 3376 3899 causa:
3405 3846 3674 3916 cognitio.

2091 3953 2219 3996 nem
2242 3937 2508 3992 Dioscoro
2528 3935 2788 4007 episcopo
2807 3934 3181 3992 Alexandrino
3219 3937 3461 3991 mandat.
3486 3937 3674 4006 Itaque

2093 4037 2282 4086 coacta
2311 4027 2542 4100 synodo,
2557 4027 2795 4097 primum
2821 4027 2929 4081 hoc
2949 4026 3188 4081 absurde
3209 4026 3507 4082 Dioscorus
3528 4027 3671 4098 egit,

2092 4123 2241 4190 quod
2267 4127 2420 4190 gesta
2449 4117 2692 4179 Flaviani
2723 4117 2992 4173 duntaxat
3031 4118 3269 4189 legebat,
3303 4133 3405 4172 nec
3435 4119 3676 4188 patroci-

2093 4205 2171 4260 nii
2201 4205 2415 4275 cepiam
2447 4203 2499 4259 ei
2535 4204 2788 4268 faciebat,
2822 4203 2919 4260 aut
2949 4205 3323 4275 interrogandi
3355 4207 3422 4261 de
3455 4208 3524 4261 iis
3553 4225 3675 4278 qua:

2092 4295 2262 4350 dubia
2292 4301 2644 4365 putarentur.
2674 4293 2942 4357 Alterum,
2978 4295 3125 4364 quod
3155 4305 3534 4352 accusatorem
3564 4299 3676 4354 Eu-

422 4389 681 4444 Εύσέϐιον
712 4390 864 4443 εῐασε
895 4388 1192 4460 παρελθεῖν
1224 4389 1304 4452 είς
1329 4387 1430 4459 τὴν
1460 4387 1644 4458 κρίσιν
1667 4403 1682 4419 ο
1717 4387 1856 4442 ἀλλὰ
1890 4406 1990 4443 κα-

2099 4384 2276 4458 tychis
2317 4383 2617 4439 Eusebium
2663 4382 2856 4438 adesse
2887 4383 3100 4454 judicio
3131 4385 3356 4440 minime
3391 4389 3676 4456 permitte.

419 4479 870 4550 ταψηφισάμενος
901 4479 1228 4545 Φλαϐιανοῦ,
1276 4478 1528 4534 καθεῖλεν
1574 4479 1772 4533 αὐτόν’
1807 4479 1898 4532 τὸν
1937 4479 1995 4532 δὲ

421 4568 642 4638 Εὐτυχῆ
672 4568 913 4634 ἐδέξατο,
932 4569 1029 4624 καὶ
1058 4570 1284 4639 εποίησε
1307 4568 1472 4623 πάλιν
1501 4558 1877 4638 πρεσϐύτερον
1903 4569 1996 4620 καὶ

423 4657 878 4729 ἀρχιμανδρίτην.
914 4659 1118 4713 Τούτου
1157 4659 1452 4728 γενομένου
1478 4697 1494 4722 ,
1529 4656 1748 4728 διελύθη
1798 4659 1832 4726 ἡ
1871 4656 1998 4708 σύν-

425 4748 566 4809 οδος.
601 4747 711 4800 Καὶ
739 4747 1102 4812 ἀποθανόντος
1126 4749 1449 4814 Φλαϐιανοῦ,
1470 4747 1802 4812 ἀπελθόντες
1831 4750 1880 4802 οῖ
1907 4765 1996 4802 τοι

427 4834 738 4904 ποτηρηταὶ
779 4835 874 4888 τοῦ
916 4835 1136 4908 ξΡώμης
1170 4837 1475 4892 ἐπισκόπου
1525 4837 1709 4908 (αὐτὸς
1761 4835 1871 4908 γὰρ
1903 4837 2011 4890 ού-.

425 4923 617 4976 δέποτε
659 4906 943 4995 εὑρίσκετο
983 4906 1062 4989 εἰς
1089 4906 1352 4998 σύνοδον),
1375 4906 1718 5000 ἀπήγγειλαν
1747 4906 1896 4998 αὐτῷ
1929 4927 1998 4982 τὰ

427 5013 714 5084 γενόμενα.
760 5015 826 5067 'U
855 5014 915 5068 δὲ
937 5015 1198 5084 ἀκούσας,
1232 5018 1606 5087 ἠγανάκτησε,
1635 5019 1730 5074 καὶ
1756 5018 1993 5090 προσέρ-

427 5120 582 5174 χεται
608 5104 1037 5175 Οὐαλεντινιανῷ
1085 5105 1164 5176 τῷ
1201 5107 1421 5178 Ῥώμης
1449 5108 1680 5178 βασιλεῖ,
1725 5109 1867 5180 ὑπὲρ
1898 5108 1992 5162 τοῦ

427 5193 706 5264 ἐκδίκησιν
731 5195 924 5250 παθεῖν
946 5210 959 5224 ⁶
1001 5197 1128 5260 τοὺς
1148 5195 1375 5267 χρόνους
1406 5199 1514 5270 γὰρ
1543 5201 1809 5262 ἐκείνους.
1839 5198 1994 5268 βασι-

426 5285 551 5350 λεὺς
574 5283 656 5350 εἲς
675 5282 742 5358 ἦν
785 5289 845 5340 ἐν
883 5286 1094 5362 Ῥώμῃ,
1125 5287 1222 5342 καὶ
1247 5282 1329 5350 εἷς
1352 5288 1409 5342 ὲν
1435 5289 1729 5361 Βυζαντίῳ.
1765 5291 1997 5346 Οὐαλεν-

425 5377 662 5440 τινιανὸς
681 5373 774 5431 οὖν
794 5379 1119 5448 ὀχλούμενος
1149 5378 1254 5434 ὑπὸ
1277 5378 1506 5442 Λέοντος
1535 5379 1630 5434 τοῦ
1658 5382 1815 5436 πάπα
1837 5426 1852 5450 ,
1872 5387 2004 5456 γρά-

427 5485 519 5536 φει
559 5468 826 5540 Θεοδοσίῳ
855 5471 932 5540 τῷ
960 5469 1178 5542 Μικρῷ,
1207 5471 1296 5526 ῖνα
1325 5471 1594 5544 ἐπιτρέψῃ
1646 5472 1860 5528 σύνοδον
1909 5494 1999 5544 γε·

426 5557 634 5622 νέσθαι,
667 5561 724 5612 ἐν
825 5563 1050 5628 γνῶναι,
1079 5563 1128 5616 εί
1171 5562 1355 5626 καλῶς
1393 5561 1609 5634 ἔκρινεν
1638 5565 1994 5637 δΔιόσκορος,

425 5648 461 5720 ἢ
487 5649 570 5706 οὗ.
618 5650 676 5705 ⁸0
711 5651 769 5705 δὲ
797 5653 1074 5716 Θεοδόσιος
1103 5653 1452 5726 ἀντέγραψεν
1480 5655 1652 5726 αὐτῷ,
1679 5656 1854 5727 λέγων
1875 5699 1888 5718 .
1914 5661 1994 5715 ὅτι

741 5745 1015 5812 ΡΑτιιοι..
1049 5747 1166 5810 Gn.
1199 5747 1556 5813 LXXXVI.‘

2097 4476 2190 4530 bat
2225 4491 2237 4528 :
2267 4474 2364 4528 sed
2390 4475 2500 4529 lata
2523 4472 2798 4528 sententia
2815 4482 3006 4528 contra
3030 4474 3370 4541 Flavianum,
3392 4492 3516 4532 mox
3548 4495 3674 4535 eum

2097 4565 2429 4631 abdicabat,
2482 4562 2725 4619 admisso
2779 4563 2848 4618 ad
2903 4565 3347 4620 communionem
3408 4567 3673 4640 Eutyche.

2097 4675 2263 4729 quem
2291 4657 2515 4728 quidem
2541 4667 2598 4712 et
2629 4657 2682 4711 in
2717 4657 2968 4710 ordinem
3022 4657 3493 4728 presbyterorum,
3525 4671 3582 4715 et
3621 4665 3676 4721 in

2098 4750 2543 4806 archimandrita:
2574 4749 2756 4804 locum
2791 4749 3054 4804 restituit.
3092 4747 3205 4803 lloc
3233 4759 3480 4820 peracto,
3512 4754 3676 4809 ﬁnem

2103 4842 2349 4914 synodus
2392 4842 2605 4898 habuit.
2657 4841 2905 4910 Cumque
2928 4842 3072 4896 diem
3105 4842 3396 4898 Flavianus
3427 4844 3675 4911 obiissct,

2099 4935 2327 4990 domum
2349 4933 2582 5006 profecti
2601 4933 2791 4988 vicarii
2813 4934 3045 4992 Romani
3069 4935 3314 5006 episcopi
3343 4937 3436 5006 qui
3469 4940 3640 5010 synod
3662 4960 3696 4984 n

2099 5042 2212 5083 non
2247 5027 2606 5090 interfuerat,
2633 5041 2978 5096 quaecunque
3015 5027 3370 5094 accidissent,
3399 5033 3681 5088 renuntia-

2097 5127 2251 5174 runt.
2271 5118 2370 5175 Ille
2400 5119 2569 5174 rebus
2602 5117 2755 5174 bisce
2782 5118 3017 5190 cognitis
3037 5121 3460 5184 excandescere,
3480 5121 3681 5177 Roma-

2104 5223 2236 5264 num
2275 5208 2582 5280 principem
2628 5206 3072 5263 Valentinianum
3124 5209 3301 5276 adire,
3345 5224 3456 5279 quo
3501 5209 3686 5264 vindi-

2105 5308 2248 5356 ctam
2297 5309 2517 5369 caperet
2549 5317 2563 5353 :
2597 5298 2800 5369 quippe
2846 5301 3192 5370 temporibus
3213 5301 3282 5356 iis
3326 5317 3467 5355 unus
3493 5301 3680 5355 Romae

2099 5394 2578 5462 imperator‘erat,
2611 5391 2752 5446 alter
2779 5391 3048 5463 Byzantii.
3080 5390 3497 5446 Valentinianus
3549 5405 3681 5460 ergo

2098 5483 2190 5538 cui
2240 5481 2353 5537 Leo
2415 5498 2556 5553 papa
2611 5483 2882 5539 molestus
2939 5491 3110 5546 esset,
3137 5480 3450 5536 Theodosio
3475 5479 3678 5538 minori

2097 5572 2328 5637 scribit,
2354 5573 2622 5644 synodum
2665 5573 2859 5628 haberi
2881 5573 3124 5645 juberet,
3164 5573 3218 5624 in
3249 5582 3356 5637 qua
3381 5583 3680 5636 cognosce.

2098 5671 2255 5717 retur
2278 5702 2294 5729 ,
2355 5671 2578 5718 rectene
2623 5661 2922 5718 Dioscorus
2955 5679 3021 5716 an
3056 5659 3196 5714 male
3221 5654 3542 5722 judicassct.
3571 5656 3680 5718 Rc.

3285 5745 3364 5804 39
