3998 6146
438 280 574 347 1229

433 481 701 557 ἔγραψεν,
729 483 815 536 ὅτι
852 481 925 536 Εἴ
950 498 1041 546 τις
1071 478 1192 533 τῶν
1225 477 1333 544 τῆς
1361 478 1432 531 ἐν
1460 476 1798 544 Χαλκηδόνι
1825 477 2012 531 συνό-

433 570 567 638 δου,
603 572 639 642 ἣ
695 569 816 626 τῶν
861 573 1156 636 πρότερον
1211 567 1485 638 ἀλλαχοῦ
1531 567 1890 637 γενομένων.
1925 565 2008 637 μὴ

431 663 634 729 καλῶς
659 659 912 725 δοξάζει,
941 657 1208 726 ἀνάθεμα
1237 655 1414 710 ἔστω.
1457 656 1661 710 Τούτου
1709 655 1802 708 τοῦ
1844 655 2010 708 Ἐνω-

433 756 590 812 τικοῦ
623 754 896 817 ἐλθόντος,
934 752 1154 821 δέχεται
1189 750 1287 820 μὲν
1318 748 1451 802 αὐτὸ
1481 747 1690 818 Πέτρος
1717 750 1745 800 6
1767 746 2009 816 Μογγὸς,

433 847 627 918 φεύγει
653 845 712 898 δὲ
759 842 1017 911 Ἰωάννης
1045 843 1124 904 εἰς
1159 837 1401 908 Ῥώμην.
1437 838 1554 907 Ἐφ’
1580 831 1641 890 οὗ
1666 839 1766 890 καὶ
1799 837 2011 904 Πέτρος

431 944 460 996 6
499 940 757 1008 Κναφεὺς
792 939 848 990 ἐν
889 933 1194 1004 Ἀντιοχείᾳ
1235 932 1339 985 ὑπὸ
1363 933 1612 1002 Ζήνωνος
1642 931 2009 1003 προϐάλλεται

431 1033 756 1092 ἐπίσκοπος.
814 1027 1122 1097 Γενομένης
1169 1025 1225 1078 δὲ
1267 1024 1368 1095 τῆς
1429 1023 1702 1088 ένώσεως,
1745 1025 1772 1078 6
1803 1023 2013 1094 Πέτρος

431 1123 677 1196 δηλονότι
720 1119 875 1192 παρά
907 1121 1021 1182 τοῖς
1061 1115 1478 1186 Ἀλεξανδρεῦσι
1524 1117 1896 1186 προετιμᾶτοο
1925 1115 2012 1168 δε-

435 1217 672 1286 ξάμενος
699 1209 792 1267 οὖν
822 1212 884 1264 τὸ
915 1208 1205 1263 Ἐνωτικδν
1233 1209 1263 1261 6
1295 1207 1526 1278 Πέτρος,
1549 1206 1766 1276 δέχεται
1795 1205 1890 1259 καὶ
1919 1209 2012 1259 τδν

433 1307 625 1379 θρόνον
667 1300 1102 1372 Ἀλεξανδρείας,
1141 1297 1241 1352 καὶ
1273 1297 1462 1350 οὐκέτι
1507 1292 1577 1366 ἦν
1617 1294 1826 1368 κρύφα,
1875 1295 2014 1350 ἀλλὰ

433 1395 690 1467 φανερῶς
729 1393 1052 1453 ἐπίσκοπος.
1103 1390 1205 1444 Διά
1233 1389 1292 1443 δὲ
1318 1388 1426 1459 τὴν
1457 1387 1768 1458 ὑπερϐολὴν
1796 1388 1890 1440 τοῦ
1921 1387 2012 1459 μί-

433 1505 584 1554 σους,
620 1489 759 1556 ὅπερ
801 1480 947 1555 εἶχον
992 1481 1129 1552 πρὸς
1172 1479 1271 1552 τὴν
1321 1480 1381 1532 ὲν
1422 1477 1732 1548 Χαλκηδόνι
1774 1478 2012 1543 σύνοδον,
2055 1553 2057 1556 γ

433 1576 822 1648 ἀποσχίζονταί
855 1591 1001 1638 τινες
1027 1573 1135 1627 ἀπὸ
1169 1571 1402 1642 Πέτρου,
1435 1571 1530 1624 καὶ
1561 1570 1663 1622 οὐκ
1691 1569 2014 1623 ἐκοινώνουν

433 1669 606 1740 αὐτῷ,
655 1667 791 1720 διότι
843 1665 1140 1735 δεξάμενος
1189 1662 1250 1716 τδ
1293 1662 1603 1724 Ἐνωτικὸν,
1652 1660 1712 1714 ού
1765 1661 2016 1731 φανερῶς

433 1760 796 1832 άνεθεμάτιξε
841 1759 942 1829 τὴν
977 1756 1216 1811 σύνοδον.
1249 1755 1362 1808 Καὶ
1397 1753 1650 1822 ἐλέγοντο
1682 1753 1731 1807 οἱ
1777 1753 2013 1806 τοιοῦτοι

446 1853 760 1924 Ἀκέφαλοι,
792 1849 1037 1922 διότιτῷ
1079 1847 1400 1920 πατριάρχῃ
1437 1846 1615 1900 αὐτῶν
1666 1846 1742 1916 μὴ
1785 1845 2012 1900 ἀκολου-

435 1947 726 2018 θήσαντες,
752 1944 874 1998 καθ’
904 1943 1136 2006 ἑαυτοὺς
1185 1939 1530 1994 ἐκοινώνουν.
1563 1934 1700 1992 Εἶτα
1739 1941 1768 1993 ὁ
1805 1939 2014 2010 Πέτρος

434 2039 659 2111 θεωρῶν
686 2039 776 2092 τὸν
803 2037 975 2107 δῆμον
1022 2034 1118 2088 ἐπὶ
1160 2032 1298 2086 πολὺ
1328 2031 1679 2103 σχιζόμενον,
1703 2031 2013 2100 ἀναγκάζε-

433 2151 526 2186 ται
557 2129 810 2202 φανερῶς
839 2125 1243 2198 ἀναθεματίσαι
1267 2123 1366 2195 τὴν
1406 2121 1648 2188 σύνοδον,
1676 2122 1771 2176 καὶ
1803 2122 2016 2193 ἐδέχετο

440 2225 542 2297 μὲν
571 2225 635 2277 τὸ
669 2221 982 2286 Ἐνωτικὺν,
1016 2216 1380 2288 ἁνεθεμάτιζε
1422 2215 1481 2269 δὲ
1527 2216 1624 2268 καὶ
1664 2213 1764 2285 τὴν
1795 2213 2014 2268 σύνοδον

437 2316 710 2388 φανερῶς.
742 2315 880 2369 οὐδὲ
904 2312 1078 2379 οὕτως
1102 2309 1475 2380 ἐκοινώνησαν
1508 2305 1656 2377 αύτῷ
1693 2309 1742 2360 οἱ
1782 2307 2016 2376 Ἀκέφα-

435 2412 542 2474 λοι,
582 2411 665 2464 ὅτι
709 2408 846 2472 ὅλως
882 2405 1104 2470 ἐδέξατο
1154 2401 1214 2468 ἐξ
1269 2400 1446 2473 ἀρχῆς
1487 2400 1548 2453 τὸ
1589 2400 1897 2465 Ένωτικὸν,
1933 2399 2014 2469 μὴ

437 2496 846 2570 ἀναθεματίσας
877 2494 974 2566 τὴν
1006 2492 1243 2548 σύνοδον.

507 2672 612 2726 Τὸν
647 2671 704 2724 δὲ
750 2671 956 2742 Πέτρον
1006 2669 1285 2736 διεδέξατο
1337 2670 1696 2735 Ἀθανάσιος·
1729 2671 1828 2726 καὶ
1859 2665 2014 2736 οὗτος

435 2762 726 2834 δεχόμενος
765 2762 826 2814 τὸ
875 2761 1186 2829 Ἐνωτικὸν,
1231 2761 1594 2834 ἀνεθεμάτιζε
1631 2764 1729 2834 τὴν
1767 2765 2008 2818 σύνοδον.

437 2853 586 2924 Πλὴν
621 2853 742 2908 οὐδὲ
790 2854 968 2923 τούτῳ
1009 2853 1376 2926 ἐκοινώνησαν
1417 2855 1468 2907 οἱ
1517 2855 1830 2925 Ἀκέφαλοι,
1875 2858 2012 2912 διότι

435 2947 526 2998 τὸν
557 2945 764 3016 Πέτρον
801 2943 1039 3016 ἐδέχετο.
1084 2946 1242 3000 Μετὰ
1281 2947 1340 3000 δὲ
1372 2946 1466 3000 τὸν
1507 2947 1834 3003 ’Δθανάσιον
1861 2950 2009 3017 γίνε-

435 3053 527 3091 ται
572 3037 850 3108 Ἰωάννης,
882 3038 981 3092 καὶ⁵
1018 3037 1181 3092 πάλιν
1227 3038 1504 3109 Ἰωάννης,
1547 3038 1666 3094 εἶτα
1693 3043 2004 3115 Διόσκορος,
2036 3061 2082 3122 ρ

438 3132 534 3185 καὶ
555 3125 657 3184 εἶθ’
683 3129 828 3184 οὕτω
871 3130 1158 3200 Τιμόθεος,
1212 3131 1310 3183 καὶ
1347 3125 1495 3185 οὗτοι
1524 3131 1583 3186 δὲ
1613 3135 1832 3198 πάντες,
1855 3136 2008 3206 δεχό-

441 3239 592 3294 μενοι
625 3223 724 3293 μὲν
751 3221 812 3276 τὸ
835 3221 1144 3285 Ἑνωτικδν,
1168 3221 1653 3290 ἀναθεματίζοντες
1671 3225 1728 3278 δὲ
1753 3215 1852 3298 τήν
1881 3229 2007 3280 σύνσ·

437 3315 578 3368 οδον.
623 3312 1015 3376 Ἀποθανόντος
1055 3312 1112 3364 δὲ
1171 3314 1417 3382 Ζήνωνος
1445 3313 1540 3367 τοῦ
1579 3315 1865 3385 βασιλέως,
1900 3320 2008 3373 δια-

347 3391 354 3398 ”
437 3403 654 3472 δέχεται
688 3401 788 3473 τὴν
817 3401 1092 3470 βασιλείαν
1117 3404 1146 3456 ὁ
1180 3402 1554 3471 Ἀναστάσιος,
1580 3407 1675 3458 καὶ
1702 3408 1823 3460 τότε
1850 3409 2008 3462 πλέον

439 3494 636 3565 κρατεί
661 3493 722 3546 τὸ
752 3493 894 3546 κατά
944 3493 1042 3562 τῆς
1103 3494 1326 3548 συνόδου
1356 3495 1558 3566 δόγμα.
1601 3498 1722 3552 Τῶν
1751 3500 1860 3570 γὰρ
1899 3501 2011 3554 δια-

437 3585 775 3656 κρινομένων
824 3579 893 3657 ἦν
935 3585 965 3638 6
1005 3586 1382 3654 Ἀναστάσιος,
1417 3589 1504 3658 ἐφ’
1547 3584 1608 3644 οὗ
1641 3592 1733 3645 καὶ
1772 3590 2010 3662 Σεϐἦρος

436 3675 646 3746 γίνεται
676 3678 736 3730 ὲν
773 3676 1082 3748 Ἀντιοχείᾳ
1127 3677 1447 3744 ἐπίσκοπος,
1499 3681 1568 3734 τὰ
1618 3681 1756 3736 αύτά
1798 3683 2010 3754 φρονῶν

437 3767 688 3838 Τιμοθέῳ
715 3767 794 3839 τῷ
827 3767 1262 3840 Ἀλεξανδρείας.
1307 3769 1698 3837 Ἀποθανόντος
1750 3774 1808 3826 δὲ
1852 3775 2008 3828 Ἀνα-

436 3859 684 3923 στασίου,
723 3858 938 3928 γίνεται
970 3858 1226 3930 βασιλεὺς
1269 3861 1553 3926 Ἰουστϊνος
1591 3866 1620 3917 6
1647 3864 1882 3935 πρῶτος,
1915 3867 2010 3919 καὶ

435 3951 510 4014 ὡς
548 3950 688 4020 μετά
719 3949 818 4004 ἕνα
845 3952 1019 4022 ἥμισυ
1066 3951 1333 4017 ἐνιαυτὸν,
1366 3953 1570 4018 εὐθέως
1609 3955 2006 4021 Ἰουστινιανός.

434 4041 636 4094 Τούτου
662 4042 720 4096 δὲ
753 4041 1196 4112 βασιλεύσαντος,
1237 4045 1332 4099 καὶ
1375 4045 1484 4099 τῶν
1516 4048 1806 4102 συνοδιτῶν
1835 4049 2006 4115 ὄντος,

432 4131 696 4202 φοϐηθεὶς
756 4134 786 4187 6
832 4134 1076 4204 Σεσῆρος
1108 4174 1124 4198 ,
1181 4136 1374 4205 φεύγει
1423 4140 1506 4202 είς
1577 4138 2008 4212 Ἀλεξάνδρειαν,

435 4223 574 4294 ἔχων
599 4223 720 4295 μεθ’
743 4225 939 4279 ἑαυτοῦ
969 4222 1254 4280 Ἰουλιανόν
1279 4244 1399 4282 τινα
1419 4228 1721 4282 ἐπίσκοπον
1755 4229 2010 4303 Ἀλικαρ-

435 4311 821 4371 νασσοῡ.οὖτοι
833 4317 1099 4382 ἐλθόντες,
1117 4317 1438 4382 ἐκαθέζοντο
1454 4322 1535 4399 είς
1561 4319 1622 4374 τὸ
1637 4322 1897 4375 Ἐννατον
1909 4323 2007 4392 (g).

1637 274 1736 336 DE
1779 274 2057 336 SECTIS.
2097 301 2168 310 -·
2199 275 2359 336 ACT.
2400 275 2471 338 V.

429 396 554 450 όδου
573 409 587 424 ·
611 387 908 464 διαρρήδην
937 385 994 442 δὲ
1032 386 1205 458 αὐτὴν
1238 385 1339 441 οὐκ
1373 385 1733 456 ἅνεθεμάτιξε
1755 403 1767 416 ·
1784 385 1940 438 τοῦτο
1961 385 2011 438 δὲ

2120 387 2286 442 cretis
2307 385 2501 458 synodi
2519 383 2983 440 Chalcedonensis
3008 382 3492 452 contraria.Quam
3517 383 3689 454 ipsam
3791 420 3810 430 -

3555 265 3691 334 1230

2117 485 2297 532 tamen
2313 491 2571 548 expresse
2587 491 2695 530 non
2715 473 3245 540 anathematizabat;
3267 473 3370 532 sed
3393 484 3552 530 erant
3576 477 3694 532 hac

2113 569 2280 624 verba
2309 569 2646 638 perscripta:
2683 565 2741 621 Si
2772 568 2888 638 quis
2925 581 3111 620 eorum
3149 565 3240 638 qui
3277 563 3693 622 Chalcedonens-i

2111 659 2310 729 synodo
2343 659 2654 729 adfuerunt,
2686 665 2780 711 aut
2815 656 2935 710 aliis
2969 655 3098 710 alibi
3138 657 3285 727 prius
3319 655 3509 710 habitis
3531 697 3546 720 ,
3584 673 3692 710 non

2114 759 2253 803 recte
2301 751 2479 814 sentit,
2525 751 2812 803 anathema
2856 748 2945 802 sit.
2984 747 3101 802 lloc
3149 747 3372 802 unionis
3421 747 3691 818 scriptum

2112 841 2498 896 Alexandriam
2526 841 2750 896 allatum
2773 841 2971 896 Petrus
2987 841 3219 912 Mongus
3236 841 3457 910 recipit,
3479 841 3692 896 Joanne

2114 933 2342 986 Romam
2374 931 2636 1002 fugiente.
2671 931 2784 985 Sub
2809 931 3031 986 Zenone
3063 932 3259 986 Petrus
3281 946 3503 1002 quoque
3535 931 3693 986 Fullo

2114 1021 2447 1077 auctoritate
2485 1021 2842 1091 imperatoria
2875 1021 2936 1074 tit
2965 1021 3346 1076 Antiochenus
3372 1022 3689 1092 episcopus.

2113 1113 2330 1168 Unione
2359 1112 2524 1178 facta,
2554 1113 2752 1168 Petrus
2781 1111 2924 1182 apud
2958 1111 3363 1166 Alexandrinos
3393 1113 3448 1166 in
3481 1112 3694 1166 honore

2112 1205 2393 1277 praecipuo
2409 1213 2548 1272 erat,
2566 1205 2909 1276 probatoque
2934 1203 3158 1259 unionis
3188 1204 3284 1258 illo
3301 1205 3531 1275 scripto,
3553 1205 3692 1260 solio

2113 1297 2324 1367 pmitur
2359 1296 2768 1360 Alexandrino;
2801 1311 2904 1352 nec
2931 1297 3044 1367 jam
3074 1295 3310 1372 amplius
3339 1298 3576 1363 occulte,
3594 1299 3688 1354 sed

2114 1391 2294 1460 palam
2323 1397 2447 1444 erat
2474 1389 2786 1459 episcopus.
2817 1386 3050 1454 Quidam
3081 1396 3264 1442 tamen
3299 1387 3473 1441 nimio
3501 1397 3692 1442 eontra

2115 1480 2386 1552 synodum
2445 1479 2951 1535 Cbalcedonenscm
3009 1479 3139 1534 odio
3190 1478 3448 1549 impulsi,
3503 1495 3691 1534 seces-

2117 1573 2328 1627 sionem
2361 1587 2390 1626 a
2419 1571 2582 1626 Petro
2627 1569 2858 1634 faciunt,
2891 1586 2995 1625 nec
3023 1586 3148 1624 cum
3186 1570 3280 1626 illo
3313 1571 3690 1626 communica-

2116 1659 2253 1714 bant
2271 1659 2342 1714 ob
2361 1675 2482 1714 eam
2506 1674 2726 1715 causam
2756 1659 2923 1728 quod,
2959 1659 3181 1714 unionis
3201 1660 3409 1730 scripto
3435 1661 3692 1731 probato,

2117 1750 2390 1823 synodum
2425 1750 2775 1804 anathemate
2824 1748 3120 1804 manifesto
3161 1765 3273 1804 non
3303 1750 3499 1806 fuisset
3533 1765 3694 1806 exse-

2117 1848 2321 1895 cratus.
2354 1840 2533 1910 Atque
2576 1839 2633 1893 hi
2679 1837 3023 1894 vocabantur
3057 1838 3322 1909 Acephali
3366 1841 3567 1912 (capite
3601 1857 3689 1896 ca.

2116 1933 2365 2000 rentes),
2413 1929 2561 1999 quod
2602 1928 2974 2000 patriarcham
3011 1944 3172 1984 suum
3212 1930 3439 1984 minime
3475 1934 3690 1997 secuti,

2113 2037 2363 2079 seorsum
2391 2021 2885 2078 communicarent.
2915 2021 3055 2078 Hinc
3076 2023 3291 2086 Petrus,
3313 2027 3406 2093 qui
3429 2026 3693 2096 populum

2116 2115 2498 2186 multipliciter
2521 2113 2698 2170 scindi
2723 2114 2960 2180 videret,
2982 2115 3200 2171 tandem
3224 2117 3402 2188 palam
3423 2119 3693 2190 synodum

2116 2207 2588 2262 anathematizare
2623 2206 2872 2278 cogitur:
2909 2224 3022 2279 quo
3069 2207 3253 2272 fiebat,
3298 2219 3360 2266 ut
3397 2213 3606 2282 pariter
3639 2223 3694 2266 et

2116 2296 2340 2354 unionis
2389 2299 2657 2370 scriptum
2694 2300 2990 2368 reciperet,
3035 2309 3091 2356 et
3126 2301 3306 2371 palam
3353 2304 3691 2360 anathemati

2113 2389 2387 2462 synodum
2417 2391 2734 2463 subjiceret.
2763 2391 2968 2447 Verum
2992 2407 3063 2446 ne
3081 2392 3162 2448 sic
3184 2394 3408 2464 quidem
3429 2397 3689 2468 Acephali

2115 2499 2242 2538 cum
2286 2499 2354 2539 eo
2400 2484 2914 2550 communicabant,
2963 2485 3059 2555 qui
3103 2485 3174 2541 ab
3222 2487 3380 2544 initio
3425 2490 3692 2561 scriptum

2117 2574 2346 2630 unionis
2377 2572 2760 2646 approbasset,
2795 2593 2904 2632 non
2935 2577 3396 2634 anathematizato
3422 2582 3655 2652 synodo.

2188 2665 2278 2721 ΠΙ.
2348 2666 2512 2722 Petro
2575 2668 2844 2722 successit
2905 2665 3274 2736 Athanasius,
3330 2671 3425 2742 qui
3483 2673 3692 2744 scripto

2117 2759 2342 2816 unionis
2364 2768 2641 2830 suscepto,
2669 2759 3008 2814 anathemati
3037 2761 3308 2832 synodum
3337 2764 3688 2833 subjiciebat.
3721 2813 3736 2824 .

2113 2853 2317 2909 Verum
2349 2867 2452 2908 nec
2480 2867 2604 2908 cum
2631 2853 2724 2908 illo
2747 2853 3228 2910 communicabant
3253 2854 3538 2924 Acephaii.
3563 2857 3691 2926 quia

2113 2945 2335 3000 Petrum
2365 2945 2658 3015 reciperet.
2693 2945 2824 3001 Post
2851 2945 3210 3000 Athanasium
3232 2947 3475 3003 Joannes
3496 2948 3690 3018 iitepi-

2115 3051 2336 3106 scopus,
2360 3043 2416 3091 et
2450 3053 2670 3092 rursum
2711 3036 2951 3091 Joannes
3001 3037 3160 3098 alter.
3193 3037 3320 3093 inde
3373 3039 3688 3103 Dioscorus,

2114 3136 2172 3182 et
2203 3128 2422 3182 tandem
2455 3127 2798 3182 Timotheus.
2831 3128 2897 3182 Ili
2928 3143 3121 3183 omnes
3153 3129 3373 3183 unionis
3423 3133 3688 3200 scriptum

2115 3211 2480 3282 recipiebant,
2507 3223 2561 3267 et
2589 3215 2854 3284 synodum
2889 3217 3442 3272 anathematizahant.
3471 3219 3692 3278 Zenone

2114 3319 2246 3358 vero
2298 3305 2546 3374 principe
2583 3314 2824 3370 mortuo,
2855 3302 3174 3362 Anastasius
3205 3305 3258 3362 in
3299 3308 3532 3378 imperio
3569 3325 3694 3364 suc-

2115 3395 2281 3458 cedit,
2305 3409 2416 3464 quo
2446 3403 2692 3464 tempore
2721 3395 2916 3466 dogma
2935 3397 3144 3468 synodo
3173 3398 3512 3453 contrarium
3543 3401 3690 3455 vires

2116 3483 2351 3556 majores
2376 3487 2718 3556 acquirebat.
2739 3485 2868 3540 Erat
2889 3487 3036 3541 enim
3065 3483 3386 3544 Anastasius
3406 3506 3471 3546 ex
3497 3507 3687 3546 eorum

2116 3591 2354 3630 numero
2381 3577 2476 3646 qui
2519 3574 2845 3632 llaesitantes
2891 3579 3264 3634 vocabantur:
3317 3581 3422 3636 sub
3473 3599 3584 3652 quo
3635 3597 3692 3638 et

2117 3666 2354 3723 Severus
2403 3669 2696 3738 episcopus
2747 3669 3127 3726 Antiochenus
3172 3671 3521 3744 designatur,
3563 3691 3688 3732 cum

2115 3757 2486 3813 Alexandrino
2512 3756 2802 3816 Timotheo
2824 3758 3195 3817 consentiens.
3217 3763 3510 3822 Anastasio
3526 3769 3692 3823 rebus

2116 3851 2372 3906 humanis
2395 3863 2671 3923 exempto,
2715 3847 2966 3908 Justinus
2997 3854 3150 3924 prior
3192 3855 3424 3925 imperio
3452 3859 3688 3928 potitur,

2116 3958 2180 3999 ac
2204 3952 2328 4013 post
2361 3958 2567 3997 annum
2597 3951 2654 3997 et
2687 3943 2978 3998 dimidium
3015 3960 3141 4000 mox
3171 3947 3530 4014 Justinianus
3557 3965 3688 4006 suc-

2117 4033 2283 4090 cedit.
2317 4032 2396 4090 Eo
2440 4049 2624 4090 rerum
2669 4029 2864 4106 potito,
2901 4036 2994 4106 qui
3029 4037 3334 4108 synoditam
3373 4055 3431 4094 se
3466 4041 3692 4111 proﬁte-

2118 4135 2288 4191 retur,
2326 4125 2568 4180 Severus
2601 4137 2752 4180 metu
2794 4125 3096 4196 impulsus,
3135 4127 3521 4186 Alexandriam
3561 4147 3692 4202 pro-

2117 4215 2276 4286 fugit,
2320 4214 2599 4270 Julianum
2643 4215 2936 4285 quemdam
2987 4217 3524 4274 Halicarnassensem
3572 4223 3692 4292 epis

2116 4318 2342 4372 scopum
2373 4318 2560 4358 secum
2585 4302 2880 4358 abduccns.
2906 4305 3268 4375 Posteaquam
3293 4324 3359 4363 eo
3387 4303 3684 4376 venissent,

433 4408 544 4460 Καί
577 4425 724 4472 ,ποτε
774 4409 934 4478 λόγου
980 4409 1296 4480 κινηθέντος
1331 4392 1537 4478 μεταξὺ
1571 4412 1770 4476 αὐτῶν,
1803 4414 2011 4484 ἡμφισ-

2117 4392 2384 4448 sedebant
2399 4392 2468 4448 ad
2490 4393 2786 4454 Ennatum,
2812 4405 2868 4448 et
2887 4405 3034 4450 mota
3055 4396 3200 4452 inter
3220 4399 3368 4469 ipsos
3387 4401 3687 4472 aliquando

433 4499 633 4569 ϐήτουν
682 4502 811 4572 περὶ
863 4500 1109 4572 φθαρτοῦ
1157 4501 1252 4556 καὶ
1280 4501 1563 4574 ἀφθάρτου
1591 4503 1691 4572 (Ιι),
1721 4505 1770 4556 εί
1800 4507 1911 4574 άρα
1948 4505 2010 4558 τὸ

434 4589 596 4660 σῶμα
619 4589 716 4644 τοῦ
745 4591 983 4663 Χριστοῦ
1013 4589 1120 4662 πρὸ
1139 4590 1239 4661 τῆς
1262 4591 1613 4654 ἀναστάσεως
1639 4577 1805 4645 αύτοῦ
1837 4593 2010 4665 φθαρ-

429 4681 522 4734 τὸν
564 4676 723 4752 ἦν,ἢ
776 4679 1076 4753 ἄφθαρτον.
1123 4683 1181 4735 '0
1229 4681 1330 4752 μὲν
1387 4681 1498 4752 γὰρ
1541 4680 1826 4747 Ἰουλιανὸς
1877 4700 2010 4737 κατ-

431 4771 744 4826 ακολουθῶν
771 4773 838 4843 τῇ
859 4772 1061 4842 ἀρχαίᾳ
1079 4771 1224 4842 δόξῃ,
1253 4771 1439 4840 ἔλεγεν
1470 4773 1552 4826 ὅτι
1583 4771 1857 4844 άφθαρτόν
1889 4777 2004 4828 ἐστι

431 4861 493 4914 τὸ
549 4861 710 4932 σῶμα
753 4861 852 4914 τοῦ
897 4860 1171 4932 Χριστοῦ⁹
1216 4863 1266 4914 εί
1313 4863 1388 4933 μὴ
1429 4861 1540 4933 γὰρ
1585 4863 1832 4934 εἴπωμεν
1869 4865 2004 4919 αὐτὸ

430 4952 734 5024 ἄφθαρτον,
763 4952 902 5006 ἀλλά
946 4953 1208 5024 φθαρτὸν,
1239 4953 1504 5024 διαφορὰν
1546 4955 1836 5026 εἰσάγομεν
1870 4955 2004 5025 πρὸς

431 5043 522 5098 τὸν
549 5044 721 5112 Λόγον
749 5043 844 5096 τοῦ
881 5042 1039 5097 Θεοῦ.
1089 5046 1365 5114 Διαφορᾶς
1402 5044 1459 5098 δὲ
1499 5046 1882 5116 εἰσαγομένης,
1913 5047 2006 5099 δύο

431 5134 625 5202 φύσεις
668 5135 1015 5206 εὑρίσκονται
1049 5135 1108 5188 έν
1135 5133 1216 5204 τῷ
1240 5136 1481 5206 Χριστῷ.
1509 5138 1619 5192 Καὶ
1665 5137 1718 5190 τί
1757 5138 2004 5208 ἀκαίρως

435 5226 722 5298 μαχόμεθα
749 5231 815 5298 τῇ
852 5225 1088 5297 συνόδῳ;
1124 5228 1268 5297 Πρὸς
1283 5227 1455 5282 ταῦτα
1481 5231 1668 5298 ἔλεγεν
1689 5233 1717 5284 6
1743 5230 1880 5301 Σεϐἧ
1888 5249 2000 5302 ρος,

500 5383 576 5457 (g)
599 5385 702 5452 Εις
725 5386 793 5440 τὸ
813 5388 1086 5442 ἔννατον.
1116 5386 1331 5443 Videsis
1367 5403 1487 5457 quae
1517 5386 1775 5457 superius
1800 5401 1852 5454 p.
1875 5384 1995 5457 155,

428 5455 648 5518 ποιλο..
707 5457 1066 5512 observamus
1110 5473 1178 5512 ex
1229 5455 1594 5523 Wesselingio
1645 5455 1711 5509 ad
1756 5455 1996 5509 Liberati

430 5523 794 5597 Breviarium,
853 5539 974 5597 cap.
1026 5525 1362 5597 19.7Quibus
1401 5525 1570 5597 ad_das
1595 5525 1917 5597 velim‘quze
1943 5523 1999 5578 in

430 5592 581 5648 hunc
599 5593 782 5650 locum
804 5592 1091 5652 adnotavit
1114 5592 1422 5652 Cdtelerius
1445 5592 1589 5650 Eccl.
1627 5593 1720 5650 Gr.
1739 5592 1996 5656 Mo'num.,

428 5670 569 5746 tom.
595 5662 636 5730 l,
671 5679 794 5738 pag.
821 5665 923 5722 809
951 5681 1001 5721 c.

2111 4483 2414 4553 quaestione
2465 4483 2533 4538 de
2572 4483 2921 4554 corruptibili
2955 4496 3010 4540 et
3043 4486 3477 4558 incorruptibili,
3507 4491 3686 4546 ambi-

2111 4574 2312 4644 gebant
2363 4589 2493 4627 num
2530 4571 2743 4629 scilicet
2773 4575 2977 4631 Christi
3015 4591 3215 4648 corpus
3258 4589 3384 4635 ante
3434 4597 3682 4636 resurre-

2111 4673 2350 4728 ctionem
2377 4673 2498 4744 ejus
2526 4673 2889 4744 corruptibile
2921 4675 3108 4736 fuerit.
3145 4691 3212 4730 an
3241 4673 3682 4742 iucorruptibile.

2109 4765 2364 4821 Julianus
2389 4764 2561 4829 enim,
2596 4767 2856 4823 insistens
2896 4768 3142 4838 Opinioni
3178 4767 3442 4836 pristinae,
3477 4765 3684 4822 Christi

2111 4880 2314 4934 corpus
2345 4879 2467 4920 esse
2495 4864 2714 4920 dicebat
2746 4865 3198 4936 incorruptibile:
3232 4865 3437 4936 quippe
3481 4865 3524 4919 si
3573 4881 3683 4918 non

2115 4956 2558 5028 incorruptibile,
2589 4957 2685 5012 sed
2729 4958 3088 5028 corruptibile
3116 4958 3441 5023 dixerimus,
3479 4958 3684 5027 inquit,

2111 5049 2258 5104 inter
2291 5063 2495 5118 corpus
2522 5047 2929 5104 eLSermonem
2967 5049 3064 5104 Dei
3093 5049 3392 5105 discrimen
3424 5048 3682 5104 introdu-

2110 5140 2305 5194 cimus.
2348 5139 2418 5194 At
2445 5154 2580 5194 vero
2613 5139 2660 5194 si
2703 5138 3002 5196 discrimen
3036 5142 3427 5205 constituatur,
3463 5140 3585 5195 duae
3629 5137 3681 5190 in

2107 5232 2330 5286 Christo
2361 5237 2570 5285 natura:
2597 5229 2974 5300 reperiuntur.
3007 5231 3074 5286 Et
3101 5247 3202 5286 cur
3227 5240 3333 5286 tam
3365 5231 3680 5301 importune

2177 5387 2250 5456 (Ii)
2279 5387 2414 5456 Περὶ
2445 5387 2706 5454 φθαρτοῦ
2757 5386 2856 5441 καί
2903 5387 3222 5456 ἀφθάρτου.
3282 5385 3673 5456 Coteleriugiu

2108 5453 2376 5527 Βωμῶν.
2406 5453 2668 5527 Monum,
2693 5457 2903 5527 tom.rl,
2943 5453 3072 5527 pag.
3104 5457 3206 5510 ’187
3243 5471 3396 5527 seqq.
3437 5470 3514 5527 ex
3559 5453 3671 5527 Bu-

2107 5525 2298 5597 thymii
2327 5525 2590 5597 Panoplia
2624 5525 2812 5580 Graeca
2833 5521 3197 5597 fragmentum
3236 5521 3404 5581 refert
3431 5521 3688 5597 Leontiig.

2105 5593 2252 5664 quod
2283 5594 2412 5650 huic
2435 5593 2556 5650 loco
2586 5597 2765 5651 lucem
2792 5593 2987 5650 ail‘erre
3016 5593 3209 5665 possit.
