3998 6146
315 261 456 329 1231

1578 224 1880 314 LEONTII
1916 252 2319 313 BYZANTINI

3446 211 3582 330 1232

319 375 591 448 synodum
633 371 1054 444 oppugnamus?
1087 369 1166 424 Ad
1201 384 1264 423 ca
1297 369 1568 424 Severus:
1624 380 1784 436 posse
1833 379 1891 418 se

2013 364 2078 416 ὅτι
2116 364 2338 417 δύναται
2384 364 2480 416 καὶ
2509 365 2784 438 ἄφθαρτον
2816 370 2993 422 εἰπεῖν
3033 369 3090 423 τὸ
3119 371 3278 443 σῶμα
3322 377 3413 430 τοῦ
3445 380 3583 450 Χρι-

321 469 531 540 pariter
563 477 620 520 ct
657 464 865 520 Christi
911 477 1114 531 corpus
1147 458 1571 528 incorruptibile
1603 457 1807 520 dicere,
1843 465 1900 510 et

320 559 618 614 discrimen
641 555 1008 616 constituere;
1043 558 1102 606 et
1138 550 1503 622 nihilominus
1536 564 1699 602 unam
1725 547 1778 602 ei
1805 546 1901 602 tri-

313 651 496 717 .bnere
537 657 814 703 naturam.

389 743 478 797 IV.
509 742 694 809 Itaque
721 737 775 792 hi
799 735 1139 792 contendere
1164 733 1310 788 inter
1331 748 1392 788 se
1417 745 1527 787 non
1545 732 1897 796 desinebant,

320 831 590 898 librisque
643 843 757 882 rem
811 825 1094 897 prosequi.
1138 824 1464 879 Timotheus
1509 833 1694 878 autem
1737 823 1900 876 modo

322 925 471 987 huic,
504 921 666 976 modo
703 921 784 974 illi
828 917 1320 989 patrocinabatur:
1371 931 1610 985 cumque
1661 917 1900 984 impera-

320 1025 492 1069 torem
516 1013 770 1067 aditurus
788 1019 952 1076 esset,
973 1011 1189 1065 vivendi
1218 1009 1382 1064 finem
1408 1008 1540 1064 fecit
1563 1024 1580 1075 ;
1605 1007 1902 1062 arcessitus

321 1107 467 1162 enim
491 1121 532 1174 ξι
571 1103 820 1174 principe
861 1104 1062 1169 fuerat,
1103 1103 1189 1158 vel
1232 1115 1588 1171 persuasum,
1631 1101 1903 1172 synoditis

329 1197 408 1250 uti
447 1211 505 1251 se
533 1196 894 1266 conjungeret
919 1234 933 1260 ,
977 1194 1063 1248 vel
1093 1193 1371 1248 hominem
1399 1193 1467 1247 ab
1501 1191 1680 1247 oﬂicio
1717 1207 1900 1247 remo-

324 1298 469 1344 turo.
503 1289 674 1343 Erant
703 1287 759 1340 id
783 1286 1046 1357 temporis
1075 1286 1179 1341 viri
1209 1286 1341 1352 duo,
1372 1284 1614 1340 Gaianus
1641 1293 1698 1340 et
1723 1283 1904 1340 Theo-

323 1381 541 1436 dosius:
567 1380 658 1435 ille
687 1379 912 1449 quidem
936 1378 1362 1432 archidiaconus
1387 1377 1689 1442 Timothei,
1720 1377 1903 1432 Theo-

323 1472 514 1528 dosius
558 1488 694 1527 vero
756 1471 995 1540 scriptor
1045 1470 1379 1525 orationum.
1440 1469 1630 1540 Itaque
1680 1480 1900 1526 mortuo

325 1565 640 1630 Timotheo,
677 1565 860 1618 clerus
913 1572 970 1617 et
1017 1563 1176 1617 urbis
1210 1562 1474 1632 primates
1525 1563 1900 1618 Theodosium

325 1645 600 1726 Suffragiis
643 1655 760 1710 suis
806 1655 1128 1724 episcopum
1163 1654 1392 1724 legunt:
1446 1669 1557 1724 quo
1589 1654 1896 1726 designato,

325 1749 479 1820 plebs
511 1749 777 1818 ingressa,
827 1763 953 1802 cum
999 1747 1056 1800 in
1094 1746 1235 1801 solio
1265 1746 1552 1802 sedentem
1583 1747 1899 1817 conspexis-

324 1847 428 1903 set,
449 1853 620 1908 usque
637 1837 774 1892 adeo
795 1837 1076 1908 indignata
1097 1846 1182 1892 est
1197 1838 1342 1906 quod
1367 1838 1648 1893 hominem
1665 1839 1894 1906 odisset,

327 1937 386 1980 ut
405 1943 530 1981 mox
555 1943 680 1982 eum
705 1926 928 1996 quidam
959 1943 990 1982 θ
1021 1929 1220 1982 throno
1237 1928 1530 1998 dejiceret:
1561 1939 1900 2000 quapropter

325 2018 640 2090 anfugiente
674 2019 1009 2085 Theodosio,
1034 2018 1275 2076 Gaianus
1308 2021 1482 2091 ipsius
1507 2021 1632 2076 loco
1659 2037 1758 2092 per
1785 2022 1898 2076 vim

331 2110 510 2164 factus
549 2116 634 2163 est
665 2109 980 2178 episcopus.
1010 2110 1078 2163 Et
1126 2111 1432 2165 incolarum
1479 2111 1633 2166 urbis
1677 2125 1899 2181 quoque

327 2208 528 2256 secutae
573 2209 702 2256 sunt
743 2200 1058 2266 factiones;
1096 2201 1300 2271 quippe
1351 2213 1631 2273 maguates
1667 2203 1823 2258 u'rbis
1865 2219 1900 2257 a

327 2292 636 2348 Theodosio
667 2292 907 2360 stabant,
929 2293 1084 2363 plebs
1112 2309 1142 2348 a
1169 2291 1410 2349 Gaiano:
1443 2303 1780 2365 quapropter
1807 2309 1900 2348 ac-

321 2384 480 2451 cidit,
513 2399 625 2438 non
649 2385 829 2438 solum
860 2393 921 2437 ut
955 2383 1240 2438 hominum
1268 2383 1602 2439 factionibus
1629 2383 1762 2438 urbs
1787 2391 1902 2438 tota

328 2478 748 2543 distraheretur,
793 2477 888 2532 sed
919 2477 1086 2532 etiam
1127 2476 1436 2532 sententiis.
1473 2477 1611 2531 Nam
1659 2474 1901 2552 Caianus

327 2571 531 2629 Iuliani
563 2570 893 2626 sententiam
937 2569 1270 2636 sectabatur,
1305 2567 1494 2623 Severi
1531 2566 1896 2622 Theodosius.

399 2751 465 2806 γ.
497 2749 798 2819 Imperator
825 2755 1012 2804 autem
1031 2747 1394 2812 Iustinianus,
1423 2745 1630 2802 auditis
1653 2760 1776 2816 quae
1801 2744 1902 2801 fie-

325 2852 470 2908 rent,
515 2843 746 2898 Narsem
778 2841 1014 2912 ablegat,
1049 2840 1400 2911 cogniturum
1434 2848 1560 2894 uter
1593 2853 1664 2892 ex
1709 2837 1903 2916 ambo-

329 2933 436 2989 bus
476 2948 600 2988 esse
646 2932 872 2988 deberet
918 2931 1230 3002 episcopus.
1267 2931 1468 2986 Narses
1515 2927 1904 2984 Alexandriam

2005 452 2166 514 στοῦ,
2211 454 2304 506 καὶ
2361 453 2624 524 διαφοράν
2675 458 3029 526 εἰσαγαγεῖν,
3079 461 3175 514 καὶ
3239 465 3373 532 μίαν
3413 469 3579 536 φύσιν

2003 543 2180 594 εἰπεῖν
2189 583 2200 594 .

2077 719 2342 790 Ἔμειναν
2374 721 2468 774 οὖν
2494 714 2641 775 οὗτοι
2674 724 2975 794 μαχόμενοι
3013 728 3151 797 πρὸς
3183 729 3456 805 ἀλλήλους
3486 743 3577 794 καὶ

2002 813 2364 884 ἐκτιθέμενοι.
2407 814 2466 867 ’0
2499 813 2557 868 δὲ
2592 815 2884 887 Τιμόθεος,
2917 821 3054 874 ποτὲ
3109 823 3210 892 μὲν
3256 826 3456 898 τούτῳ,
3485 849 3582 884 πο-

2001 906 2060 959 τὲ
2105 905 2162 959 δὲ
2200 907 2394 978 ἐκείνῳ
2431 908 2733 979 συνήγορος
2771 904 2876 980 ἦν’
2910 912 3123 982 μέλλων
3169 915 3226 970 δὲ
3256 920 3285 972 6
3317 920 3583 991 Τιμόθεος

2004 998 2246 1052 συνιέναι
2291 999 2430 1072 πρὸς
2479 1001 2570 1054 τὸν
2605 1000 2858 1072 βασιλέα,
2891 1006 3161 1078 τελευτᾷ·
3194 1015 3583 1080 μετεστείλατο

2003 1093 2111 1162 γὰρ
2155 1091 2340 1157 αὐτὸν,
2391 1091 2626 1162 ὀφείλων
2657 1095 2692 1165 ἢ
2735 1099 2925 1151 πεῖσαι
2967 1100 3225 1168 γενέσθαι
3273 1097 3636 1179 συνοδίτην,ῗἐ

2003 1182 2035 1253 ἢ
2069 1182 2320 1236 καθελεῖν
2348 1183 2534 1239 αὐτόν.
2566 1182 2749 1240 *Ησαν
2786 1187 2845 1241 δὲ
2874 1191 2999 1242 τότε
3033 1191 3128 1245 δύο
3161 1193 3375 1265 ἄνδρες,
3409 1197 3581 1253 Γαῖα-ι
3620 1191 3678 1211 7"

2003 1274 2093 1337 νὸς
2145 1275 2242 1328 καὶ
2292 1273 2615 1342 Θεοδόσιος,
2667 1277 2696 1328 6
2766 1279 2864 1348 μὲν
2922 1279 3154 1344 Γαῖανὺς
3204 1284 3581 1354 ἀρχιδιάκονος

2003 1365 2295 1434 Τιμοθέου,
2325 1368 2352 1420 6
2383 1367 2440 1420 δὲ
2469 1366 2750 1432 Θεοδόσιος
2777 1369 3138 1442 λογογράφος.
3190 1375 3582 1444 Ἀποθανόντος

2002 1453 2095 1510 οὖν
2127 1457 2420 1528 Τιμοθέου,
2459 1460 2764 1529 χειροτονεῖ
2793 1459 2822 1512 6
2855 1460 3079 1532 κλῆρος,
3129 1467 3225 1518 καὶ
3261 1468 3314 1520 οι
3374 1470 3585 1540 πρῶτοι

2001 1551 2100 1620 τῆς
2132 1551 2361 1615 πόλεως,
2392 1549 2670 1604 Θεοδόσιον
2717 1550 3041 1609 ἐπίσκοπον.
3089 1557 3298 1610 Τούτου
3332 1577 3583 1631 χειροτο-

2003 1642 2277 1714 νηθέντος,
2338 1641 2597 1694 εἰσελθὼν
2644 1645 2672 1696 6
2711 1644 2907 1715 δῆμος,
2953 1649 3051 1701 καὶ
3089 1645 3358 1721 ἑωρακὼς
3415 1655 3581 1709 αὑτὸν

2002 1735 2098 1788 ἐπὶ
2146 1734 2242 1787 τοῦ
2307 1733 2498 1804 θρόνου
2543 1734 2934 1806 καθεζόμενον,
2975 1737 3152 1802 οὕτως
3196 1743 3580 1814 ἠγανάκτησεν

2007 1825 2256 1897 (ἐμίσουν
2289 1826 2397 1895 γὰρ
2431 1825 2638 1896 αὑτὸν),
2673 1826 2810 1882 ὥστε
2835 1829 3040 1895 εὐθέως
3071 1850 3158 1895 τις
3190 1835 3298 1888 άπὸ
3329 1836 3421 1888 τοῦ
3457 1839 3582 1905 θρύ-

2007 1936 2096 1972 νου
2121 1917 2344 1990 ἔρριψεν
2371 1919 2553 1972 αὐτόν.
2577 1920 2684 1972 Καὶ
2705 1921 2732 1972 6
2759 1923 2856 1991 μὲν
2879 1921 3160 1987 Θεοδόσιος
3185 1925 3354 1994 ἔφυγε
3376 1947 3388 1960 ·
3411 1929 3578 1982 Γαῖα·
3667 1962 3672 1966 -

2006 2011 2094 2070 v6;
2139 2009 2196 2062 δὲ
2241 2010 2333 2080 βὶᾳ
2374 2011 2593 2078 ἐγένετο
2627 2011 2743 2064 ἀντ’
2777 2012 2944 2066 αὐτοῦ
2993 2016 3315 2081 ἐπίσκοπος.
3367 2021 3578 2074 Συναπ-

2008 2103 2244 2172 έστησαν
2291 2101 2349 2154 δὲ
2387 2103 2484 2156 καὶ
2516 2105 2630 2166 τοῖς
2663 2103 3000 2174 προσώποις,
3035 2107 3085 2160 oi
3129 2109 3229 2179 τῆς
3258 2110 3498 2174 πόλεως’
3530 2115 3581 2166 οἱ

2011 2192 2110 2263 μὲν
2139 2191 2250 2262 γὰρ
2289 2192 2516 2264 μεγάλοι
2553 2194 2654 2262 τῆς
2685 2195 2894 2259 πόλεως
2931 2191 3072 2267 ἦσαν
3108 2200 3246 2268 μετὰ
3271 2199 3578 2271 Θεοδοσίου,

1999 2285 2036 2336 6
2068 2283 2128 2336 δὲ
2159 2284 2330 2354 δῆμος
2366 2285 2508 2355 μετὰ
2532 2285 2798 2339 Γαῖανοῦο
2829 2287 3029 2360 συνέϐη
3064 2286 3158 2343 οὖν
3187 2293 3248 2344 οὐ
3287 2295 3448 2363 μόνον
3469 2299 3580 2358 τοῖς

2009 2375 2328 2446 προσώποις
2384 2377 2871 2464 συναπορῤαγῆναι
2929 2378 3026 2450 τὴν
3073 2381 3249 2450 πόλιν,
3293 2383 3432 2440 ἀλλὰ
3488 2388 3582 2440 καὶ

2007 2469 2120 2529 τοῖς
2146 2467 2432 2536 δόγμασιν.
2468 2467 2529 2520 '0
2563 2467 2662 2537 μὲν
2705 2468 2814 2540 γὰρ
2844 2469 3068 2534 Γαῖανδς
3092 2472 3170 2543 τῷ
3195 2474 3430 2545 δόγματι
3449 2477 3580 2543 ﬁxo-

2007 2556 2193 2610 λούθει
2237 2557 2551 2624 Ἱουλιανοῦ,
2577 2559 2604 2611 6
2641 2558 2701 2612 δὲ
2730 2559 3012 2628 Θεοδόσιος
3041 2563 3120 2634 τῷ
3153 2565 3388 2637 δόγματι
3411 2569 3579 2640 256i,-

2006 2666 2128 2720 ρου.

2093 2741 2359 2806 Ἀκούσας
2410 2743 2467 2796 δὲ
2525 2741 2594 2796 τὰ
2643 2746 2906 2815 γινόμενα
2968 2747 3344 2813 Ἰουστινιανδς
3401 2752 3429 2802 6
3480 2749 3579 2821 βα-

2013 2834 2228 2899 σιλεὺς,
2289 2835 2499 2904 πέμπει
2535 2835 2624 2888 τὸν
2655 2835 2896 2906 Νάρσην,
2932 2838 3210 2906 ὀφείλοντα
3245 2840 3458 2908 μαθεῖν,
3493 2843 3575 2904 τίς

2010 2927 2076 2980 ὲκ
2119 2925 2230 2980 τῶν
2273 2926 2367 2979 δύο
2410 2927 2615 2994 ὀφείλει
2651 2923 2788 2981 εἶναι
2816 2929 3128 2992 ἐπίσκοπος.
3169 2929 3228 2982 '0
3256 2931 3312 2983 δὲ
3342 2931 3570 3002 Νάρσης

330 3025 632 3097 profectus,
661 3039 786 3080 cum
819 3033 942 3079 uter
966 3025 1260 3079 amborum
1293 3023 1447 3093 prior
1485 3021 1663 3077 factus
1708 3020 1904 3076 fuisset

2013 3015 2182 3072 ἐλθὼν
2203 3057 2218 3082 ,
2271 3018 2368 3071 καὶ
2402 3019 2705 3088 ἐρωτήσας,
2738 3018 2818 3081 τίς
2849 3020 2912 3072 ὲκ
2940 3019 3048 3073 τῶν
3075 3018 3170 3072 δύο
3205 3021 3322 3074 ἐστὶ
3351 3021 3566 3092 πρῶτος

331 3119 642 3189 episcopus,
665 3117 1095 3186 interrogasset,
1128 3115 1293 3185 idque
1313 3115 1381 3170 de
1404 3113 1718 3176 Theodosio
1751 3127 1900 3168 com-

329 3213 586 3286 perisset,
623 3211 888 3268 Gaianum
921 3209 1146 3280 quidem
1184 3209 1242 3262 in
1284 3207 1540 3263 exsilium
1583 3207 1771 3273 misit,
1809 3205 1904 3276 qui

333 3305 402 3360 ab
433 3319 500 3360 eo
527 3312 775 3374 tempore
809 3302 865 3356 in
894 3301 1229 3356 hodiernum
1255 3315 1430 3370 usque
1460 3298 1608 3354 diem
1635 3297 1901 3353 evanuit:

332 3393 704 3450 Theodosium
737 3409 870 3449 vero
904 3392 962 3446 in
993 3391 1194 3448 solium
1236 3390 1548 3446 collocavit.
1587 3390 1703 3444 Nec
1732 3389 1907 3444 multo

331 3487 518 3557 elapso
565 3493 830 3554 tempore,
871 3483 1040 3537 mittit
1064 3482 1426 3547 Justinianus,
1451 3495 1515 3535 ac
1534 3480 1907 3534 Theodosium

324 3593 552 3650 quoque
577 3584 855 3642 removet;
883 3577 1046 3646 eique
1069 3574 1396 3646 Byzantium
1427 3573 1736 3643 deportato,
1766 3572 1910 3626 Pau-

331 3669 448 3724 lum
499 3667 790 3738 subroga’t,
839 3666 934 3736 qui
984 3665 1315 3721 sententiam
1370 3663 1565 3736 synodi
1603 3663 1911 3733 amplecte-

333 3763 522 3818 batur.
555 3761 608 3816 Is
639 3759 842 3816 deinde
877 3765 1123 3813 remotus
1151 3756 1276 3822 fuit,
1305 3765 1532 3827 propter
1553 3755 1912 3826 approbatam

339 3857 566 3911 caedem.
594 3846 770 3910 Paulo
803 3852 1040 3922 dejeeto,
1073 3850 1430 3906 substituitur
1471 3849 1528 3902 in
1566 3849 1688 3918 ejus
1725 3847 1911 3900 locum

337 3949 524 4003 Zoilus
550 3987 564 4012 ,
599 3952 844 4000 remotus
863 3953 919 3998 et
955 3945 1072 4012 ipse
1105 3943 1176 3996 ab
1214 3940 1414 4004 cilicio,
1459 3939 1622 3994 sicuti
1650 3937 1912 4008 deinceps

334 4037 724 4095 indicabimus.
745 4036 876 4090 Post
900 4033 1114 4088 Zoilum
1139 4031 1200 4086 Iit
1223 4031 1513 4101 episcopus
1561 4029 1911 4099 Apolinaris;

334 4141 464 4202 post
492 4129 843 4201 Apolinarem
890 4126 1162 4190 Joannes;
1191 4132 1314 4194 post
1337 4122 1604 4178 Joannem
1627 4121 1910 4191 Eulogius.

338 4224 542 4278 Omnes
579 4221 636 4275 hi
670 4225 795 4291 post
828 4217 1059 4273 Paulum
1094 4214 1360 4288 synodita:
1408 4212 1656 4268 fuerunt.
1693 4213 1762 4266 Et
1799 4212 1916 4266 hzcc

336 4315 566 4386 quidem
598 4313 988 4383 episcoporum
1019 4309 1125 4363 fuit
1153 4309 1346 4364 series.

2006 3112 2319 3182 γενόμενος,
2356 3113 2450 3164 καὶ
2483 3110 2697 3180 μαθὼν,
2726 3111 2806 3164 ὅτι
2831 3109 3102 3177 Θεοδόσιος
3123 3127 3136 3140 ·
3187 3113 3278 3165 τὸν
3313 3112 3408 3184 μὲν
3439 3113 3567 3166 Γαῖ-

2007 3205 2134 3257 ανὸν
2165 3204 2394 3274 ἐξώρισε
2441 3204 2566 3273 (καὶ
2601 3203 2815 3274 ἀφανὴς
2844 3202 3057 3270 ἐγένετο
3083 3203 3144 3266 ἐξ
3167 3203 3378 3258 ἐκείνου
3413 3205 3576 3276 μέχρι

2005 3297 2106 3365 τῆς
2136 3294 2422 3364 σήμερον),
2453 3294 2544 3362 τδτν
2567 3293 2625 3346 δὲ
2651 3293 2935 3348 Θεοδόσιον
2959 3293 3213 3347 ἐκάθισεν
3238 3296 3317 3356 εἰς
3340 3294 3432 3347 τὸν
3458 3293 3583 3366 θρό-

2008 3402 2121 3439 νον.
2173 3385 2382 3456 Χρόνου
2425 3384 2482 3438 δὲ
2531 3383 2730 3455 μικροῦ
2773 3383 3200 3454 διαδραμόντος,
3251 3385 3460 3455 πέμπει
3489 3384 3586 3437 καὶ

2008 3477 2264 3548 καθαιρεί
2295 3477 2502 3531 καὶτὸν
2529 3475 2809 3531 Θεοδόσιον
2839 3477 2867 3529 ό
2895 3475 3294 3540 Ἰουστινιανδς,
3320 3477 3587 3548 καὶφέρει

2011 3571 2176 3624 αὐτὸν
2225 3571 2306 3632 είς
2353 3569 2412 3622 τὸ
2457 3569 2784 3636 Βυζάντιον,
2833 3569 2950 3624 ἀντ’
2985 3568 3153 3622 αὐτοῦ
3200 3571 3588 3640 χειροτονήσας

2009 3662 2101 3714 τὸν
2131 3661 2342 3714 Παῦλον
2367 3661 2666 3732 δεχόμενον
2697 3661 2760 3714 τὸ
2786 3662 2965 3732 δόγμα
2992 3663 3092 3732 τῆς
3118 3662 3360 3716 συνόδου.
3397 3662 3586 3724 Ὅστις

2013 3755 2330 3826 καθῃρέθη,
2383 3753 2786 3826 συνευδοκήσας
2832 3755 3002 3824 φόνῳ.
3053 3752 3492 3824 Καθαιρεθέντος
3527 3755 3586 3807 δὲ

2013 3847 2250 3909 Παύλου,
2286 3849 2500 3914 γίνεται
2528 3847 2642 3900 ἀντ’
2669 3845 2836 3900 αὐτοῦ
2867 3843 3092 3910 Ζώῖλος,
3129 3846 3280 3908 ὅστις
3305 3845 3398 3898 καὶ
3425 3845 3586 3908 αύτὶς

2013 3938 2314 4009 καθῃρέθη,
2347 3938 2418 4000 ὡς
2455 3941 2511 3992 ἐν
2540 3941 2655 4002 τοῖς
2681 3938 2883 4008 ἐφεξῆς
2910 3937 3163 4006 λέξομεν.
3201 3936 3358 3990 Μετὰ
3389 3936 3586 3989 Ζώῖλον

2012 4031 2226 4098 γίνεται
2261 4029 2663 4102 Ἀπολινάριος,
2703 4029 2843 4100 μετὰ
2870 4028 2962 4082 τὸν
2999 4027 3374 4098 Ἀπολινάριον
3409 4027 3588 4080 Ἰωάν-

2015 4139 2146 4192 νης,
2209 4121 2348 4192 μετὰ
2397 4120 2652 4192 Ἰωάννην
2695 4121 2978 4189 Εὐλόγιος.
3043 4117 3256 4183 Πάντες
3301 4113 3394 4171 οὖν
3442 4112 3587 4171 οὗτοι

2015 4215 2109 4268 ἐπὶ
2155 4212 2372 4266 Παύλου
2418 4212 2712 4269 συνοδῖται.
2769 4213 2880 4266 Καὶ
2927 4210 3066 4282 αὕτη
3102 4211 3201 4283 μὲν
3235 4211 3270 4282 ἠ
3295 4209 3452 4274 τάξις
3477 4208 3587 4262 τῶν

2018 4302 2351 4357 ἐπισκόπων.
2383 4307 2392 4316 '

409 4406 500 4460 VI.
537 4375 677 4459 Cum
727 4375 914 4457 au-tem
954 4401 1227 4471 privatus
1267 4399 1518 4471 Byzantii
1567 4395 1907 4452 Theodosius

2093 4392 2483 4463 Καθεζομένου
2515 4391 2574 4446 δὲ
2605 4393 2662 4444 ὲν
2689 4391 2970 4460 Βυζαντίῳ
3013 4391 3135 4444 κατ’
3171 4386 3308 4442 ἰδίαν
3325 4385 3432 4440 κτοῦ
3457 4386 3589 4439 Θεο-

342 4497 585 4568 degeret,
619 4497 990 4566 Agnoetarum
1023 4492 1126 4564 (sic
1154 4492 1224 4547 ab
1251 4491 1596 4562 ignoratione
1619 4485 1914 4556 dictorum)

343 4587 538 4656 dogma
579 4593 791 4639 motum
821 4583 946 4638 fuit.
975 4581 1112 4636 Nam
1143 4581 1276 4651 quia
1303 4580 1566 4635 Dominus
1597 4579 1675 4633 ait
1708 4578 1774 4642 ⁸³,
1815 4591 1917 4630 ne-

318 4677 322 4682 ’
344 4678 546 4732 minem
572 4673 766 4730 horam
785 4673 978 4744 judicii
1003 4671 1164 4734 scire‘,
1189 4687 1258 4725 ne
1279 4670 1478 4726 Filium
1501 4667 1746 4739 quidem,
1766 4676 1918 4722 extra

345 4769 521 4822 soium
571 4767 832 4827 Patrem,
882 4761 1174 4832 qumsitum
1225 4767 1338 4822 est,
1389 4775 1459 4813 an
1493 4759 1750 4814 Christus
1796 4772 1918 4812 eam

345 4861 644 4929 ignoraret,
673 4863 732 4910 ut
757 4854 946 4908 homo.
971 4851 1322 4908 Theodosius
1349 4849 1630 4906 Christum
1665 4849 1920 4918 ignorare

347 4949 600 5019 negabat,
631 4955 687 5001 et
723 4945 988 5000 adversus
1027 4945 1302 5015 Agnoetas
1355 4941 1600 5012 scripsit.
1634 4941 1742 4994 Alii
1793 4955 1924 4994 vero

343 5038 627 5094 Christum
650 5035 840 5089 horam
853 5033 1108 5104 ignorare
1127 5033 1439 5097 tradebant,
1459 5028 1924 5100 quemadmodum

349 5135 526 5202 ipsum
582 5139 639 5184 et
683 5128 932 5182 dolorem
975 5128 1214 5184 sensisse
1256 5126 1510 5182 dicimus.
1547 5123 1681 5180 Inde
1724 5122 1927 5178 divulsi

347 5231 478 5280 sunt
531 5237 560 5276 a
624 5216 1061 5283 Theodosianis,
1119 5219 1214 5286 qui
1283 5217 1547 5286 Agnoeue
1605 5226 1918 5272 vocantur:

347 5329 584 5383 cinoque
661 5307 1024 5382 peculiarem‘
1075 5308 1182 5368 sibi
1251 5308 1510 5364 fecissent
1585 5308 1876 5364 ecclesiam
1904 5345 1920 5373 ,

347 5424 604 5466 seorsum
640 5403 1146 5462 communieabant.
1178 5401 1378 5458 Adhuc
1407 5399 1638 5471 degente
1678 5400 1922 5473 Byzantii

349 5500 685 5561 Theodosio,
709 5497 892 5551 denuo
917 5503 1125 5551 motum
1141 5494 1245 5551 fuit
1265 5493 1461 5566 dogma
1489 5493 1922 5548 Tritheitarum:

425 5685 470 5718 ³³
497 5684 662 5738 Marc.
699 5689 811 5744 xm,
843 5678 932 5732 3‘2.

2017 4488 2232 4553 δοσίου,
2286 4485 2514 4558 ἐκινήθη
2551 4485 2612 4538 τδ
2643 4484 2820 4553 δόγμα
2851 4482 2958 4534 τῶν
2995 4479 3327 4550 ’Δγνοητῶν.
3373 4475 3592 4544 Ἐπειδὴ

2019 4581 2132 4648 γὰρ
2159 4579 2310 4646 λέγει
2340 4579 2368 4631 6
2397 4577 2605 4648 Κύριος
2629 4616 2644 4640 ,
2699 4575 2780 4629 ὅτι
2823 4572 2996 4634 οὐδεὶς
3029 4567 3139 4624 οἶδε
3183 4570 3284 4640 τὴν
3313 4567 3462 4634 ὥραν
3491 4565 3592 4632 τῆς

2021 4672 2276 4744 κρίσεως,
2313 4668 2434 4722 οὐδὲ
2462 4671 2490 4722 6
2517 4668 2668 4733 Υἱὸς,
2701 4667 2750 4718 εί
2780 4663 2854 4736 μὴ
2884 4664 2912 4715 6
2940 4661 3128 4732 Πατὴρ
3158 4659 3348 4730 μόνοςο
3394 4657 3594 4727 ἐζητή-

2023 4765 2132 4834 θη,
2183 4762 2232 4814 εἰ
2277 4763 2386 4832 ἄρα
2429 4759 2619 4828 ἠγνόει
2661 4759 2689 4810 6
2727 4753 3000 4826 Χριστὸς,
3049 4752 3124 4816 ὡς
3155 4749 3442 4820 ἄνθρωπός
3469 4763 3595 4800 που.

2029 4855 2142 4909 Καὶ
2171 4856 2200 4908 ὁ
2233 4853 2332 4924 μὲν
2363 4852 2645 4913 Θεοδόσιος
2691 4849 2846 4914 ἔλεγε
2885 4844 2958 4916 μὴ
2988 4843 3232 4911 ἀγνοεῖν,
3265 4842 3362 4894 καὶ
3392 4838 3597 4910 ἔγραψε

2031 4944 2174 4998 κατὰ
2215 4943 2542 5014 ’Λγνοητῶν.
2596 4939 2784 4992 Ἀλλοι
2827 4937 2886 4990 δὲ
2929 4935 3118 5002 ελεγον
3157 4934 3372 4999 ἀγνοεῖν
3413 4929 3596 4988 αὑτὸν,

2031 5035 2222 5107 ὥσπερ
2267 5035 2364 5088 καὶ
2407 5033 2635 5086 πονέσαι
2667 5029 2904 5100 λέγομεν
2933 5025 3118 5082 αὐτόν.
3173 5025 3284 5077 Καὶ
3318 5025 3380 5075 ὲκ
3411 5020 3599 5074 τούτου

2031 5125 2447 5196 ἀπεσχίσθησαν
2506 5122 2614 5178 ἀπὸ
2655 5121 2766 5174 τῶν
2805 5109 3174 5174 Θεοδοσιανῶν
3229 5115 3280 5166 οἱ
3319 5111 3601 5180 λεγόμενοι

2041 5217 2372 5288 ’Λγνοηταί·
2433 5216 2528 5269 καὶ
2585 5212 2886 5284 ἐκκλησίαν
2929 5209 3069 5262 ἰδίαν
3109 5207 3432 5276 ποιήσαντες
3479 5197 3602 5252 καθ’

2032 5311 2262 5372 ἑαυτοὺς
2303 5307 2644 5362 ἐκοινώνουν.
2701 5304 2825 5359 Ἔτι
2854 5301 2914 5356 δὲ
2951 5297 3320 5369 καθεζομένου
3349 5293 3445 5347 τοῦ
3472 5293 3606 5344 Θεο-

2031 5400 2212 5454 δοσίου
2259 5402 2317 5452 ὲν
2363 5397 2442 5469 τῷ
2481 5397 2796 5466 Βυζαντίῳ,
2849 5391 3080 5462 ἐκινήθη
3119 5388 3285 5442 πάλιν
3331 5385 3394 5438 τὸ
3429 5384 3606 5452 δόγμα

2032 5487 2487 5562 τῶν”1“ριθεῖτῶν,
2519 5483 2582 5544 οὓ
2613 5485 2968 5558 αἲρεσίαρχος
2991 5481 3216 5552 γέγονεν
3240 5479 3272 5532 ό
3293 5475 3599 5537 Φιλόπονος.
