3934 6156
387 340 522 405 1233
606 326 610 332 ’

1585 330 1683 398 DE
1723 331 1997 396 SECTIS.
2041 359 2105 371 -
2136 331 2294 398 ACT.
2337 333 2434 397 VI.

3506 337 3641 402 ιεει
3701 297 3703 299 ’

397 455 550 510 Ἐπεὶ
577 452 683 522 γὰρ
710 429 960 522 ἠπόρητο
986 451 1048 520 τῇ
1081 445 1398 520 Ἐκκλησία,
1447 448 1529 501 ὅτι
1566 448 1626 499 ΕΞ
1655 446 1750 498 δύο
1774 445 1964 511 λέγετε

2073 445 2226 514 cujus
2249 451 2408 499 sectae
2438 443 2694 514 princeps
2727 443 3064 533 Philoponus
3107 447 3338 502 exstitit.
3369 447 3637 514 Quoniam

389 545 580 614 φύσεις
613 544 671 594 ἐν
697 540 774 610 τῷ
799 539 1042 612 Χριστῷ,
1074 542 1287 610 ἀνάγκη
1317 539 1460 610 ὑμᾶς
1487 536 1701 591 καὶδύο
1725 534 1961 588 ὑποστά-

390 653 504 698 σεις
553 634 748 686 εἰπεῖν.
808 631 871 683 Ἦ
922 629 979 682 δὲ
1034 629 1332 700 Ἐκκλησία
1377 625 1836 696 ἀνταπεκρίνατο,
1881 625 1963 678 ὅτι

390 728 450 780 ΕΞ
503 725 600 794 μὲν
651 722 844 776 ταντόν
889 724 1006 775 ἐστι
1039 719 1204 789 φύσις
1247 721 1342 774 καὶ
1373 721 1698 782 ὑπόστασις,
1751 716 1965 785 ἀνάγκη

389 818 536 886 ἡμεῖς
563 812 900 882 ὁμολογῆσαι
930 811 990 864 τὸ
1013 811 1238 881 ἄτομον.
1299 811 1361 864 Εἰ
1387 809 1444 862 δὲ
1475 809 1603 863 ἄλλο
1635 807 1750 860 ἐστὶ
1777 805 1964 874 φύσις,

391 909 482 960 καὶ
531 907 656 959 ἄλλο
698 904 1025 966 ὑπόστασις,
1081 903 1166 966 τίς
1195 905 1227 971 ἡ
1261 901 1686 974 ἀποκλήρωσις,-
1707 896 1966 964 λέγοντας

387 1001 532 1069 ἡμᾶς
566 997 658 1050 δύο
693 997 914 1060 φύσεις,
967 994 1310 1064 ὁμολογῆσαι
1344 993 1561 1054 πάντως
1593 990 1690 1043 καὶ
1715 987 1810 1041 δύο
1835 989 1966 1040 ὑπο-

391 1091 638 1154 στάσεις;
671 1085 1066 1156 ’Λπεκρίναντο
1098 1085 1234 1154 πρὸς
1261 1085 1359 1155 τὴν
1385 1083 1714 1153 Ἐκκλησίαν
1741 1083 1788 1132 οἱ
1816 1077 1965 1150 αἱρε-

387 1179 652 1241 τικο“ι.,ὄτι
693 1177 832 1238 Ναὶ,
893 1175 1088 1228 σαυτόν
1137 1179 1254 1228 ἐστι
1296 1175 1458 1244 φύσις
1504 1175 1599 1226 καὶ
1643 1172 1967 1232 ὑπόστασις.

388 1265 521 1322 Εἶτα
557 1269 718 1320 πάλιν
753 1267 785 1335 ἡ
820 1265 1117 1336 Ἐκκλησία
1145 1280 1156 1294 ·
1215 1266 1277 1318 Εἰ
1309 1263 1505 1317 σαυτόν
1535 1265 1650 1314 ἐστι
1682 1261 1842 1329 φύσις
1873 1259 1968 1311 καὶ

389 1361 727 1422 ὑπόστασις,
778 1357 976 1410 οὐκοῦν
1025 1347 1259 1426 λέγομεν
1301 1358 1392 1410 καὶ
1418 1361 1518 1426 τῆς
1542 1355 1704 1422 ἁγίας
1737 1351 1968 1422 Τριὲιδος

387 1455 536 1520 τρεῖς
568 1451 788 1518 φύσεις·
846 1448 1036 1519 ἐπειδὴ
1069 1450 1518 1518 ὁμολογουμένως
1547 1448 1696 1517 τρεῖς
1726 1444 1967 1497 ὑποστά-

392 1561 506 1604 σεις
538 1543 672 1612 ἔχει.
742 1541 956 1611 Ἐπειδὴ
1001 1541 1174 1593 ταῦτα
1208 1541 1394 1608 ἔλεγεν
1427 1543 1458 1610 ἡ
1495 1539 1822 1608 Ἐκκλησία.
1859 1539 1966 1590 ἀπ-

390 1636 643 1704 εκρίνατο
673 1637 700 1687 ὁ
727 1633 1132 1696 Φιλόπονος,ότι
1173 1635 1283 1686 Καὶ
1313 1633 1452 1687 ἔστω
1483 1635 1631 1703 τρεῖς
1659 1632 1851 1700 φύσεις
1879 1630 1968 1682 λέ-

389 1745 510 1792 γειν
543 1728 688 1796 ἡμᾶς
719 1727 810 1778 ἐπὶ
837 1725 935 1794 τῆς
963 1725 1126 1794 ἁγίας
1153 1725 1404 1794 Τριάδος.
1459 1725 1658 1790 Ἔλεγε
1685 1723 1740 1774 δὲ
1771 1721 1965 1786 ταῦτα,

2067 537 2212 591 cnim
2239 535 2536 606 objiciebat
2560 536 2896 598 Ecelcsiae,si
2925 537 3064 593 duas
3089 539 3144 593 in
3169 539 3391 594 Christo
3419 549 3642 595 naturas

2068 625 2300 691 diceret,
2324 625 2637 680 necessario
2664 641 2885 696 quoque
2910 626 3048 681 duas
3071 627 3394 698 hypostases
3427 629 3644 684 confes-

2069 733 2252 771 suram
2275 734 2288 770 :
2315 716 2680 786 respondebat
2697 718 2962 783 Ecclesia,
2981 718 3025 773 si
3043 728 3242 774 natura
3263 729 3317 774 et
3334 721 3661 792 hypostasis

2069 809 2216 864 idem
2261 810 2410 885 sint,
2449 809 2765 864 necessario
2805 825 3026 880 quoque
3073 811 3447 868 conﬁtendum
3495 815 3642 870 indi-

2069 901 2320 955 viduum.
2371 900 2469 955 Sin
2521 901 2673 956 aliud
2721 912 2936 968 natura,
2990 912 3046 957 et
3095 903 3246 958 aliud
3295 905 3642 976 hypostasis,

2069 981 2318 1060 quianam
2354 993 2445 1048 illa
2483 994 2702 1048 sortitio
2749 993 2934 1058 fuerit,
2983 1004 3043 1050 ut
3089 1005 3316 1050 naturas
3349 997 3484 1052 duas
3530 1009 3644 1052 sta-

2071 1090 2310 1148 tuentes,
2353 1083 2580 1137 omnino
2627 1081 2764 1137 duas
2796 1099 3017 1153 quoque
3047 1087 3413 1141 conﬁteamur
3462 1087 3663 1158 hypo..-

2071 1175 2280 1230 stases?
2321 1175 2384 1228 Ei
2413 1172 2820 1244 respondebant
2857 1174 3102 1229 haeretici
3151 1177 3309 1245 plane
3345 1179 3488 1232 idem
3521 1196 3640 1234 esse

2071 1275 2326 1321 naturam
2365 1275 2422 1319 et
2454 1265 2815 1336 hypostasim.
2848 1266 3102 1320 Vicissim
3139 1267 3383 1322 Ecclesia
3433 1270 3641 1333 dicere,

2071 1360 2116 1412 si
2153 1365 2344 1412 natura
2381 1366 2435 1411 et
2466 1357 2780 1431 hypostasis
2815 1358 2958 1412 idem
2989 1359 3099 1413 sint
3124 1400 3138 1422 ,
3175 1361 3336 1414 etiam
3367 1361 3418 1414 in
3457 1371 3646 1416 sancta

2073 1436 2591 1503 Trinitate‘naturas
2632 1455 2744 1502 tres
2775 1464 2896 1504 esse
2921 1449 3206 1512 dicendas;
3247 1469 3371 1506 cum
3407 1453 3460 1506 in
3511 1469 3643 1507 con-

2071 1541 2216 1596 fesso
2248 1540 2339 1605 sit,
2361 1557 2482 1596 eam
2503 1548 2614 1595 tres
2627 1541 2946 1612 hypostascs
2963 1542 3315 1600 habereJ-iaee
3330 1546 3644 1614 proferente

2073 1631 2340 1694 Ecclesia,
2375 1631 2744 1700 respondebat
2767 1632 3124 1701 Philoponus,
3155 1635 3556 1690 admittendum
3587 1647 3650 1691 ut

2075 1733 2190 1777 tres
2227 1732 2452 1777 naturas
2498 1723 2552 1776 in
2587 1733 2932 1778 sacrosancta
2961 1724 3229 1788 Trinitate
3261 1726 3637 1797 pi‘OﬁlCﬂIlllll‘.

388 1789 698 1886 λαϐὼν-τὴν
726 1789 982 1885 ἀφορῖλὴν
1012 1789 1119 1866 ἀπὸ
1145 1789 1252 1867 των
1286 1789 1756 1884 Ἃριστοτελικῶν.
1779 1805 1836 1864 ’0
1858 1810 1965 1880 γὰρ

2073 1817 2201 1872 Πωο
2239 1824 2423 1870 autem
2455 1815 2720 1890 dicebat,
2773 1818 3118 1872 occasionem
3169 1835 3236 1872 ex
3280 1818 3647 1874 Aristotclicis

402 1907 788 1978 Ἀριστοτέλης
821 1909 1018 1974 φησὶν,
1073 1907 1154 1958 ὅτι
1205 1907 1310 1958 εἰσὶ
1356 1905 1466 1956 τῶν
1497 1903 1715 1973 ἀτόμων
1746 1903 1840 1956 καὶ
1870 1921 1966 1970 με-

396 2001 547 2071 ρικαὶ
573 1999 776 2060 οὐσίαι,
815 1999 910 2050 καὶ
943 1999 1041 2068 μία
1069 1999 1243 2067 κοινή.
1304 1995 1492 2059 Οὕτως
1518 1991 1610 2047 οὖν
1641 1995 1734 2047 καὶ
1762 1997 1790 2046 ὁ
1813 1994 1967 2047 Φιλό-

394 2107 554 2151 πονος
585 2089 800 2156 ἔλεγεν,
853 2090 934 2142 ὅτι
969 2089 1076 2140 εἰσὶ
1106 2091 1254 2159 τρεῖς
1286 2089 1514 2157 μερικαλ¹
1539 2086 1720 2141 οὐσίαι
1752 2086 1844 2138 ἐπὶ
1872 2086 1970 2156 τῆς

393 2187 555 2252 ἁγίας
586 2186 838 2256 Ὑρώδης,
859 2187 953 2238 καὶ
981 2185 1094 2238 ἐστι
1113 2185 1212 2256 μία
1237 2185 1414 2254 κοινή.
1444 2185 1535 2238 Ἐν
1552 2182 1764 2246 τούτοις
1788 2182 1820 2252 ἡ
1843 2181 1974 2236 θεω-

395 2296 509 2346 pta.

2072 1914 2288 1960 nactus.
2319 1904 2512 1958 Tradit
2561 1905 2708 1959 enim
2759 1906 3090 1962 Aristotcles
3134 1909 3544 1963 individuorum
3592 1920 3649 1964 ct

2072 1998 2438 2067 particulares
2459 2013 2581 2052 esse
2609 1999 2967 2064 substantias,
2997 2008 3049 2054 et
3085 2016 3249 2054 unam
3275 2016 3642 2054 communem.

2076 2089 2167 2144 Sic
2201 2088 2371 2159 igitur
2398 2097 2454 2143 et
2494 2090 2832 2160 PhiIOponus
2876 2092 3052 2146 aiebat
3101 2108 3220 2148 esse
3261 2101 3373 2148 tres
3401 2094 3647 2164 particu-

2077 2181 2225 2236 lares
2244 2175 2303 2237 in
2333 2188 2520 2234 sancta
2544 2180 2812 2234 Trinitate
2845 2182 3200 2247 substantias,
3229 2194 3284 2237 et
3309 2200 3472 2238 unam
3501 2200 3650 2240 com-

1993 2287 2000 2294 ·
2082 2286 2325 2326 munem.
2357 2269 2484 2324 Haec
2513 2271 2918 2325 consideranda
2947 2272 3262 2328 veniebant.

395 2508 539 2568 Haec
581 2507 743 2567 actio
791 2515 968 2567 sexta
1010 2505 1408 2584 reprehendit
1473 2504 1769 2584 quosdam
1823 2503 1930 2580 qui
1969 2502 2272 2579 synodum
2321 2502 2880 2584 Chalcedonensem
2931 2505 3222 2566 nolebant
3281 2506 3652 2569 admittere;

1023 2582 1033 2587 ’
1078 2581 1564 2662 'eorumdemq‘ue
1594 2583 1870 2642 rationes
1907 2587 1964 2640 et
1992 2585 2517 2641 examinantur-et
2551 2581 2950 2659 refelluntur.

989 2701 1238 2758 ΠΡΑΞΙΣ
1274 2703 1364 2771 (τ’.

464 2802 618 2855 Μετὰ
651 2799 718 2853 τὰ
748 2799 1036 2870 εἰρημένα.
1073 2798 1206 2868 φέρε
1235 2800 1332 2850 καὶ
1363 2798 1492 2867 περὶ
1518 2795 1966 2866 ἐπιχειρημάτων

392 2893 556 2946 τινῶν
581 2933 594 2956 ,
655 2891 800 2962 ειπερ
853 2891 1049 2954 κοινῶς
1091 2893 1226 2960 πρὸ;
1257 2889 1356 2962 τὴν
1391 2889 1719 2958 Ἐκκλησίαν
1749 2887 1966 2955 λέγουσι

395 2987 594 3048 πάντες
641 2987 692 3037 oi
739 2983 1171 3054 διακρινόμενοι,
1215 2982 1389 3052 μικρὰ
1443 2979 1820 3049 διαλάϐωμεν.
1851 2979 1970 3030 ’Δι-

2353 2759 2364 2770 .
2703 2703 2910 2760 ACTIO
2947 2706 3034 2761 Vl.

2145 2797 2189 2851 Ι.
2221 2797 2352 2852 Post
2377 2813 2442 2852 ea
2468 2813 2588 2868 qua:
2624 2799 2890 2852 hactenus
2915 2801 3293 2868 exposuimus,
3323 2817 3420 2871 age
3457 2803 3526 2856 de
3553 2819 3646 2858 ar-

2074 2887 2350 2956 gumentis
2381 2903 2600 2957 quoque
2634 2889 2938 2952 nonnullis,
2975 2905 3317 2958 quaeomnes
3363 2891 3438 2944 illi
3475 2893 3646 2947 [laesi-

2075 2985 2257 3034 tantes
2295 2979 2567 3050 objiciunt
2603 2981 2884 3043 Ecclesiae,
2938 2983 3130 3050 paucis
3167 2982 3532 3039 disseramus.
3582 2986 3650 3040 Et

393 3081 604 3148 ἑλωμεν
624 3079 679 3132 δὲ
711 3067 848 3132 αὐτὰ
879 3075 1270 3148 τριχῆ,έπειδὴ
1295 3075 1360 3127 τὰ
1391 3075 1488 3142 μὲν
1514 3071 1695 3126 αὐτῶν
1723 3069 1966 3141 ἱστορικὰ

2076 3068 2380 3136 partiamur
2408 3083 2471 3121 ea
2492 3083 2622 3122 sane
2649 3067 2959 3137 tripliciter,
2987 3071 3131 3139 quod
3160 3073 3360 3140 partim
3386 3074 3646 3129 historica

394 3171 534 3220 εἰσιν
557 3208 568 3229 ,
619 3169 682 3219 ἐκ
715 3167 826 3218 τῶν
855 3164 1212 3234 πραχθέντων
1241 3165 1308 3232 τῇ
1337 3163 1396 3214 ὲν
1425 3160 1733 3228 Χαλκηδόνι
1767 3159 1969 3227 συνόδῳ

393 3258 787 3328 λαμὸανόμενα
811 3271 826 3285 ·
889 3255 957 3308 τὰ
999 3255 1056 3308 δὲ
1097 3254 1204 3306 ἀπὸ
1247 3250 1648 3320 συλλογισμῶν,
1684 3251 1777 3303 καὶ
1811 3267 1972 3318 περι-

396 3351 567 3412 νοίας’
607 3349 675 3401 τὰ
703 3348 780 3411 δὲ,
813 3346 921 3398 ἀπὸ
945 3345 1222 3416 χρήσεων.
1271 3343 1435 3395 Ἀλλά
1462 3341 1679 3412 πρῶτον
1711 3341 1838 3410 περὶ
1863 3340 1974 3392 τῶν

399 3438 686 3508 ἱστορικῶν
724 3437 1198 3506 διαλαμϐάνωμεν.
1257 3435 1377 3487 Εἰσὶ
1406 3434 1461 3486 δὲ
1505 3433 1542 3494 ἃ.
1575 3433 1849 3503 μέλλομεν
1883 3431 1968 3483 λέ-

397 3547 537 3596 γειν,
575 3527 984 3598 ἐπιχειρήματα
1009 3526 1272 3595 τέσσαρα,
1307 3518 1382 3578 ὧν
1411 3523 1625 3594 πρῶτόν
1653 3525 1768 3575 ἐστι
1792 3523 1970 3587 τοῦτο,

396 3624 480 3676 ὅτι
541 3622 612 3676 οὗ
655 3623 737 3674 δεῖ
791 3621 1046 3690 δέχεσθαι
1099 3620 1201 3691 τὴν
1259 3621 1318 3672 ὲν
1366 3617 1676 3696 Χαλκηδόνι
1728 3616 1969 3680 σύνοδον,

399 3715 588 3785 ἐπειδὴ
617 3717 666 3767 οἱ
694 3715 750 3764 ἐν
773 3714 910 3782 αὐτῇ
934 3713 1218 3781 γενόμενοι
1242 3711 1429 3782 ἄνδρες
1455 3710 1779 3780 παλίμϐολοι
1831 3705 1972 3780 ἦσαν

398 3809 496 3860 καὶ
529 3807 830 3860 ἀλλόκοτοι.
862 3799 1022 3860 Οὗτοι
1080 3804 1188 3874 γὰρ
1229 3805 1324 3857 καὶ
1354 3803 1606 3856 καθεῖλον
1638 3803 1726 3855 τὸν
1751 3803 1968 3872 Εὐτυχῆ

399 3901 456 3952 ὲν
486 3898 786 3968 Βυζαντίῳ,
823 3899 920 3951 καὶ
948 3898 1028 3960 είς
1051 3898 1288 3962 Ἔφεσον
1319 3895 1585 3958 ἐλθόντες,
1620 3893 1715 3947 τὸν
1747 3893 1844 3963 μὲν
1869 3895 1971 3946 Εὑ-

397 3991 534 4058 τυχῆ
585 3988 832 4053 ἐδέξαντο
885 3988 1022 4056 μετὰ
1063 3986 1392 4054 Δίοσκόρου,
1443 3986 1536 4038 τὸν
1575 3985 1632 4038 δὲ
1671 3985 1972 4039 Φλαϐιανὸν

397 4081 753 4135 ἀπεϐἅλοντο.
807 4079 950 4150 Πρὸς
991 4078 1148 4131 τοῦτο
1190 4078 1453 4146 λέγομεν,
1489 4079 1584 4130 -ὅτι
1623 4077 1838 4148 πρῶτον
1871 4079 1970 4148 μὲν

393 4171 516 4225 δέον
550 4169 868 4236 λογίζεσθαι
899 4170 1044 4238 ἡμᾶς
1082 4168 1150 4220 τὰ
1182 4166 1524 4238 ἀνθρώπινα.
1583 4171 1692 4222 Καὶ
1735 4167 1967 4239 ἀλλαχοῦ

376 4243 506 4333 ’γάρ
531 4279 675 4324 τινες
707 4261 816 4314 τῶν
847 4261 1020 4328 ἁγίων
1044 4259 1304 4329 Πατέρων
1355 4261 1626 4330 ἐγκρίτων
1660 4259 1818 4312 τοῦτο
1845 4261 1970 4328 φαί-

394 4370 580 4406 νονται
632 4353 895 4414 πολλάκις
944 4351 1296 4411 πεπονθότες.
1344 4352 1579 4404 Ἔπειτα
1625 4353 1719 4412 δὲ,
1773 4354 1823 4405 εἰ
1873 4353 1968 4405 καὶ

2073 3159 2204 3222 sint,
2242 3167 2456 3227 sumpta
2493 3159 2561 3213 de
2612 3159 2680 3214 iis
2709 3177 2829 3228 quae
2876 3177 2905 3214 a
2949 3161 3157 3232 synodo
3211 3164 3644 3220 Chalcedonensi

2073 3256 2193 3302 acta
2242 3247 2502 3302 fuerunt:
2563 3249 2765 3318 partim
2817 3266 2884 3304 ex
2923 3249 3284 3322 syllogismis
3334 3265 3390 3308 et
3454 3268 3644 3326 arguta

2073 3336 2496 3392 ratiocinatione
2529 3340 2790 3396 collecta:
2839 3342 3039 3410 partim
3085 3359 3151 3396 ex
3201 3346 3640 3401 auctoritatibus.

2072 3427 2149 3482 De
2185 3427 2464 3483 historicis
2497 3431 2732 3498 primum
2779 3447 3024 3502 agamus.
3070 3433 3209 3489 Sunt
3251 3447 3433 3491 autem
3477 3455 3641 3508 argu-

2072 3532 2256 3576 menta
2306 3530 2560 3590 quatuor,
2608 3539 2731 3592 quae
2795 3540 2986 3591 sumus
3039 3528 3364 3596 exposituri.
3399 3529 3643 3586 Primum

2071 3621 2176 3674 est,
2212 3610 2478 3680 synodum
2504 3612 3008 3670 Chalcedonensem
3043 3627 3349 3686 propterea-
3371 3635 3480 3674 non
3523 3637 3643 3675 esse

2071 3701 2467 3771 recipiendam,
2501 3704 2646 3773 quod
2679 3706 2730 3760 ei
2761 3706 3014 3762 homines
3041 3708 3418 3766 inconstantes
3441 3723 3498 3766 et
3537 3713 3640 3766 sibi

2073 3791 2207 3860 ipsis
2236 3792 2532 3849 dissimiles
2563 3796 2938 3852 interfuerint.
2979 3799 3250 3854 Nimirum
3279 3817 3374 3856 eos
3395 3812 3450 3858 et
3477 3803 3646 3874 Eu!)-

2071 3885 2229 3939 chem
2277 3885 2346 3940 ab
2385 3885 2567 3940 cilicio
2602 3889 2902 3944 removisse
2947 3889 3216 3962 Byzantii,
3264 3903 3320 3948 et
3358 3895 3640 3964 Ephesum

2070 3976 2366 4046 profectos,
2397 3977 2697 4050 Eutychem
2729 3996 2837 4035 una
2885 3997 3008 4036 cum
3043 3983 3303 4040 Dioscuro
3336 3987 3634 4056 recepisse,

2069 4069 2278 4138 rejecto
2323 4069 2602 4126 Flaviano.
2653 4071 2732 4126 Ad
2781 4073 2887 4128 hoc
2920 4077 3353 4144 respondemus,
3407 4081 3640 4148 primum

2069 4161 2460 4232 expendendas
2489 4178 2611 4218 esse
2645 4180 2736 4219 res
2769 4165 3058 4222 humanas.
3089 4169 3224 4222 Nam
3242 4174 3310 4224 ‘et
3340 4172 3470 4226 alibi
3521 4175 3645 4242 qui-

2069 4252 2302 4308 busdam
2329 4255 2535 4310 sanctis
2577 4255 3006 4327 approbatisque
3032 4259 3288 4314 Patribus
3317 4261 3638 4332 hujusmodi

2070 4343 2201 4412 quid
2230 4344 2497 4398 accidisse
2541 4361 2920 4413 saepenumero
2948 4357 3183 4404 constat.
3214 4351 3442 4416 Deinde,
3483 4355 3527 4408 si
3557 4357 3637 4408 vel

397 4445 556 4495 πέντε
581 4483 595 4502 ,
646 4443 678 4513 ἦ
725 4442 1044 4512 τριάκοντα.
1079 4444 1112 4508 ἢ
1149 4442 1322 4494 πλείω
1355 4443 1465 4495 ἀπὺ
1497 4443 1603 4494 τῶν
1633 4441 1710 4511 χλ¹
1744 4443 1966 4496 ἐκείνων

2073 4435 2306 4490 maxime
2332 4435 2598 4504 quinque.
2625 4437 2710 4492 vel
2741 4439 2984 4508 triginta,
3008 4443 3089 4496 vel
3120 4443 3306 4511 plures
3330 4460 3394 4498 ex
3421 4445 3638 4503 illorum

397 4531 710 4600 εὑρεθέντες
759 4535 817 4587 ὲν
855 4535 919 4603 τῇ
961 4532 1166 4602 συνόδῳ
1195 4533 1478 4603 ἐφάνησαν
1508 4533 1866 4604 παλίμϐολοι,
1905 4535 1966 4587 ού

396 4623 486 4674 διὰ
533 4622 704 4675 τοῦτο.
743 4623 850 4694 χρὴ
901 4623 980 4693 χλ¹
1018 4623 1230 4692 ἀνδρῶν
1280 4626 1496 4679 σύνοδον
1539 4625 1965 4678 ἀποϐάλλεσθαι.

399 4717 658 4782 Δεύτερον
687 4714 743 4768 δὲ
777 4715 1112 4785 ἐπιχείρημά
1143 4715 1294 4770 ἐστιν
1325 4716 1416 4769 ἐπὶ
1445 4715 1603 4768 τοῦτο
1627 4757 1640 4778 ,
1697 4716 1781 4769 ὅτι
1825 4716 1964 4786 αὕτη

399 4806 431 4872 ἡ
462 4805 519 4856 ἐν
543 4803 851 4874 Χαλκηδόνι
881 4805 1120 4868 σύνοδος,
1149 4807 1224 4870 ὡς
1249 4807 1396 4860 ἔστιν
1423 4808 1486 4859 ἐκ
1509 4805 1615 4858 τῶν
1643 4806 1968 4877 πεπραγμέ-

397 4913 502 4948 νων
539 4896 674 4964 αὐτῇ
711 4896 925 4965 μαθεῖν,
961 4898 1210 4965 φαίνεται
1243 4899 1494 4962 εἰποῦσα,
1533 4900 1615 4952 ὅτι
1650 4900 1724 4952 Οὐ
1757 4899 1847 4952 διὰ
1872 4899 1965 4951 πί-

399 5005 515 5040 στιν
547 4987 824 5058 καθῃρέθη
859 4990 887 5041 ὁ
919 4988 1228 5061 Διόσκορος.
1281 4992 1424 5062 Ἀρα
1457 4990 1618 5054 αὐτὸς
1651 4991 1750 5060 μὲν
1785 4989 1964 5053 καλῶς

397 5077 687 5142 ἐδόξασεν,
744 5079 776 5148 ἡ
824 5077 882 5131 δὲ
935 5078 1152 5144 σύνοδος
1195 5080 1384 5145 κακῶς
1443 5081 1608 5134 αὐτὸν
1637 5079 1960 5134 ἀπεϐάλετο.

395 5168 507 5220 Καὶ
541 5167 656 5230 πῶς
684 5169 786 5237 τὴν
809 5167 1066 5239 τοιαύτην
1097 5169 1313 5224 σύνοδον
1342 5171 1538 5240 ἔχομεν
1565 5169 1960 5236 ἀποδέξασθαις

399 5259 582 5325 Ἀξιον
611 5260 666 5312 δέ
693 5261 838 5314 ἐστιν
859 5302 874 5327 ,
933 5261 1122 5332 ἐπειδὴ
1163 5263 1258 5316 καὶ
1287 5262 1414 5315 ἄλλο
1442 5263 1644 5317 ἄτοπον
1678 5263 1743 5315 ἐκ
1771 5260 1962 5314 τούτου

395 5352 524 5418 ἡμῖν
555 5350 953 5420 ἀναφαίνεται,
1021 5351 1198 5404 εἰπεῖν
1241 5349 1388 5414 τίνος
1421 5351 1734 5422 κινηθέντος
1764 5352 1960 5424 ἐλέχθη

392 5440 454 5492 σὺ
483 5440 646 5510 ῥητὸν
675 5440 852 5496 τοῦτο.

475 5529 668 5584 Ἰστέον
683 5527 899 5594 οὗν,ὅτι
929 5531 1424 5603 συναχθέντωντῶν
1452 5531 1530 5602 χλ⁹
1563 5533 1619 5584 ἐν
1638 5532 1957 5598 Χαλκηδόνι,

393 5622 486 5673 καὶ
524 5623 864 5678 καθελόντων
897 5625 986 5679 τὸν
1022 5627 1312 5695 Διόσκοροι)
1337 5663 1352 5686 ,
1407 5625 1547 5692 μετὰ
1573 5625 1746 5679 ταῦτα
1780 5626 1959 5689 ἔδοξεν

391 5715 612 5778 αἰτοῖς,
669 5715 808 5768 ὥστε
859 5719 984 5784 ὅρον
1028 5719 1261 5782 πίστεως
1313 5715 1409 5769 καὶ
1449 5716 1674 5787 μάθημα
1713 5719 1953 5788 ποιῆσαι.

2073 4525 2176 4580 650
2225 4525 2445 4580 Patrum
2476 4541 2728 4592 numero,
2756 4529 2960 4598 reperti
2987 4529 3215 4585 fuerunt
3247 4533 3302 4586 in
3334 4535 3559 4604 synodo,
3585 4546 3641 4590 et

2071 4617 2447 4673 inconstantes
2475 4619 2606 4698 visi:
2641 4635 2749 4673 non
2775 4629 3065 4690 propterea
3092 4623 3195 4677 650
3225 4626 3468 4679 virorum
3509 4642 3639 4698 syn-

2069 4709 2210 4763 odus
2259 4709 2410 4780 rejici
2435 4697 2618 4764 debet.
2649 4709 2897 4765 Alterum
2923 4723 3306 4784 argumentum
3355 4725 3458 4778 est,
3489 4697 3634 4786 quod

2071 4791 2261 4847 isthaec
2313 4793 2498 4846 habita
2545 4791 2892 4850 Chalcedone
2932 4797 3193 4867 synodus,
3228 4799 3306 4852 uti
3359 4799 3426 4854 dc
3465 4800 3637 4869 ipsius

2069 4885 2206 4939 actis
2243 4885 2472 4954 intelligi
2511 4895 2712 4954 potest,
2745 4887 2949 4943 dixisse
3002 4889 3276 4954 videatur,
3310 4891 3633 4946 Dioscorurn

2069 4990 2176 5029 non
2215 4985 2439 5046 propter
2479 4977 2639 5032 (idem
2693 4979 3008 5034 abdicatum
3056 4997 3200 5036 esse.
3252 4981 3420 5036 Recte
3472 4983 3638 5052 igitur

2067 5067 2339 5124 sentiebat
2363 5070 2740 5136 Dioscorus,et
2755 5073 2896 5126 male
2919 5073 3159 5144 synodus
3177 5089 3304 5128 eum
3323 5075 3632 5130 abdicabat.

2067 5161 2250 5216 Talem
2276 5178 2409 5216 vero
2439 5163 2706 5234 synodum
2733 5181 2844 5234 quo
2865 5175 3028 5234 pacto
3052 5181 3153 5220 nos
3178 5167 3484 5236 approbare
3511 5183 3636 5235 pos—

2066 5253 2274 5328 simus?
2324 5255 2510 5308 Fuerit
2552 5264 2734 5310 autem
2781 5257 3014 5326 pretium
3066 5272 3270 5326 operat,
3317 5256 3538 5327 quando
3579 5267 3636 5309 ct

2067 5344 2215 5398 aliud
2246 5345 2545 5400 absurdum
2591 5363 2656 5400 ex
2697 5348 2801 5402 hoc
2838 5348 3001 5404 nobis
3041 5349 3242 5414 oritur,
3279 5348 3477 5417 exponi
3526 5363 3632 5414 qua

2066 5458 2124 5496 re
2159 5448 2305 5492 mota
2339 5439 2392 5492 id
2428 5439 2606 5508 ipsum
2643 5441 2698 5495 in
2729 5441 2937 5512 synodo
2967 5442 3238 5510 prolatum
3271 5439 3457 5494 fuerit.

2135 5530 2199 5584 ll.
2231 5529 2525 5584 Sciendum
2554 5544 2708 5599 ergo,
2741 5529 2986 5584 collectis
3005 5529 3353 5584 Chalcedone
3385 5525 3487 5578 600
3519 5524 3632 5577 illis

2064 5631 2118 5675 et
2141 5622 2208 5674 50
2237 5619 2510 5678 Patribus,
2537 5627 2891 5687 posteaquam
2914 5619 3232 5672 Dioscorum
3257 5615 3627 5675 abdicassent,

2063 5715 2144 5770 eis
2173 5713 2432 5779 deinceps
2477 5710 2650 5763 visum
2689 5709 2856 5763 fuisse
2890 5716 2946 5759 ut
2981 5707 3102 5759 tidci
3138 5703 3384 5756 deﬁnitio
3417 5702 3628 5757 doctri-
