3934 6156
302 251 310 253 ’
382 262 516 346 1237

1037 341 1099 351 -..γ
1117 320 1202 345 ,σὺ
1211 319 1230 327 ’

1570 265 1668 334 ΒΕ
1709 265 1984 348 SEC'l‘IS-
2021 294 2091 307 ·--
2120 265 2280 334 ACT.
2320 269 2421 336 VI.

3483 282 3620 346 1238

378 383 764 460 γράμματα,ἆ
816 383 1040 456 ἐποίησε
1096 384 1228 456 πρὸς
1288 384 1355 438 τὲι
1410 383 1474 454 ιβ’
1525 384 1796 452 κεφάλαια
1845 381 1940 433 τοῦ

2063 395 2138 435 ius
2165 383 2230 436 12
2253 383 2398 439 beati
2431 383 2616 457 Cyrilli
2654 385 2893 457 capitula
2943 405 3364 462 composuerat,
3397 402 3621 454 anathe—

381 480 656 549 μακαρίου
690 478 978 559 Κυρέλλου,
1003 477 1402 547 ἀναθεματίσαι
1435 493 1448 540 ;
1478 475 1620 547 Πρὸς
1660 476 1820 528 τοῦτο
1865 475 1946 527 λέ-

379 572 678 641 γομεν,ὄτι
722 571 882 624 τοῦτο
934 571 1036 622 οὐκ
1076 569 1183 624 ἔδει
1237 570 1373 640 αὐτῇ
1425 572 1490 639 τῇ
1542 568 1745 637 συνόδῳ
1809 566 1942 636 μᾶλ-

380 661 472 714 λον
531 660 845 728 ἐγκαλέσαι,
879 661 912 731 ἢ
946 659 1024 730 τῷ
1064 659 1204 728 ἁγίῳ
1247 659 1518 740 Κυρίλλιρ.
1565 659 1804 720 Ἐκεῖνος
1838 656 1946 726 γὰρ

383 754 668 806 κοινωνίαν
726 753 960 820 ποιήσας
1027 753 1163 820 πρὸς
1217 753 1346 814 τοὺς
1396 750 1798 815 Ἀνατολικοὺς.
1855 751 1948 803 καὶ

383 844 519 910 πρὸς
553 843 715 895 αὐτὸν
753 842 844 896 τον
881 843 1255 912 Θεοδώρητον,
1291 845 1391 896 οὒκ
1440 843 1726 913 ἀπῄτησεν
1785 841 1947 894 αὑτὸν

381 931 776 1000 ἁναθεματίσαι
811 933 878 986 τὰ
923 934 1101 984 οἰκεῖα
1137 933 1571 1001 συγγράμματα,
1595 933 1663 985 τὰ
1701 931 1837 995 πρὸς
1881 931 1952 984 τὰ

383 1018 450 1090 ιβ’
483 1019 752 1086 κεφάλαια
821 1019 1112 1089 γενόμενα.
1158 1022 1222 1072 ’Ὁ
1261 1016 1354 1072 οὖν
1402 1022 1429 1072 ό
1469 1019 1624 1086 ἆγιος
1683 1016 1952 1088 Κύριλλος

380 1113 481 1164 οὒκ
509 1111 972 1182 ἐποίησε,τοῦτοή
1000 1113 1216 1175 σύνοδος
1249 1112 1456 1180 ὀφείλει
1491 1113 1848 1180 ἐγκαλεῖσθαι
1878 1110 1952 1180 μὴ

383 1204 695 1271 ποιήσασα;
733 1203 976 1256 Καίτοιὸ
1011 1202 1086 1272 μὴ
1120 1203 1376 1273 ἐποίησεν
1405 1205 1434 1255 ὁ
1466 1205 1616 1270 ἅγιος
1646 1201 1952 1273 Κύριλλος.

383 1293 524 1362 αὕτη
567 1294 846 1364 ἐποίησεν,
918 1295 1279 1362 ἁναγκάσασα
1325 1295 1415 1348 τὸν
1468 1295 1812 1365 Θεοδὼρητον
1865 1295 1957 1348 ἐπὶ

387 1387 606 1438 πάντων
647 1386 756 1438 ἀπὸ
785 1386 1056 1455 στόματος
1093 1386 1492 1453 ἁναθεματίσαι
1517 1387 1610 1438 τὸν
1637 1386 1954 1455 Νεστόριον,

457 1477 601 1546 Πρὸς
632 1477 687 1529 δὲ
715 1477 774 1529 τὸ
803 1476 896 1528 τοῦ
943 1477 1054 1530 ἰὂᾶ
1093 1477 1346 1548 λέγομεν,
1369 1479 1450 1532 ὅτι
1483 1479 1605 1532 οἱ.δέ
1629 1477 1818 1531 τοῦτον
1849 1477 1960 1530 ἐδέ-

387 1574 534 1636 ξατο,
567 1572 614 1622 εἰ
672 1568 746 1638 μὴ
789 1571 1052 1640 πρότερον
1095 1572 1186 1622 τὸν
1216 1572 1511 1640 Νεστόριον
1559 1570 1956 1642 ἁναθεματίσῃ,

327 1699 329 1701 ι
387 1664 483 1716 καὶ
532 1662 592 1713 τὸ
639 1663 894 1734 φρόνημα
937 1661 1124 1717 αὐτοῦ.
1169 1662 1332 1716 Ἀλλὰ
1377 1663 1537 1716 πάλιν
1566 1663 1956 1734 ἐπαποροῦσιν,

2051 473 2379 528 matizaret?
2410 476 2849 546 Respondemus,
2884 481 2956 535 ob
2989 482 3043 536 id
3075 499 3184 538 non
3223 495 3329 540 tam
3352 502 3617 544 accusan-

2051 561 2176 616 dam
2212 564 2478 633 synodum
2505 605 2519 628 ,
2565 582 2728 636 quam
2779 567 2957 640 ipsum
2999 570 3260 643 Cyrillum
3287 617 3301 640 ,
3341 577 3616 633 hominem

2053 663 2326 708 sanctum.
2359 655 2494 709 Nam
2528 657 2574 712 is
2603 661 2992 716 communione
3017 678 3140 718 cum
3161 664 3536 725 Orientalibus
3565 681 3621 725 ct

2054 743 2172 812 ipso
2205 745 2559 803 Theodoreto
2589 751 2911 818 constituta,
2959 769 3071 810 non
3109 759 3410 826 postuiavit
3455 761 3526 816 ab
3557 778 3624 816 eo

2057 843 2117 889 ut
2142 837 2490 894 anathemate
2524 843 2726 911 scripta
2757 859 2855 898 sua
2889 861 3010 916 quae
3055 857 3246 902 contra
3285 851 3346 904 l2
3385 853 3623 922 capitula

2055 929 2196 980 facta
2220 927 2474 994 fuissent,
2499 942 2902 990 exsecrarelur.
2929 935 3088 1003 Quod
3119 940 3286 1009 igitur
3308 941 3422 1011 ipsc
3447 943 3627 1015 CyriL—

2057 1018 2163 1083 lus,
2195 1020 2281 1073 vir
2304 1031 2550 1088 sanctus,
2578 1039 2686 1078 non
2715 1025 2845 1081 fecit
2867 1069 2882 1090 ,
2915 1029 2987 1083 ob
3011 1033 3130 1100 ejus
3161 1033 3624 1091 intermissionem

2059 1125 2129 1164 an
2163 1112 2405 1182 synodus
2435 1115 2646 1184 culpari
2681 1129 2924 1172 meretur
2945 1121 3167 1191 ?-Atque
3195 1127 3438 1195 synodus
3469 1127 3521 1180 id
3546 1129 3624 1182 lc-

2060 1202 2176 1266 cit,
2217 1204 2362 1272 quod
2403 1217 2626 1262 sanctus
2680 1208 2771 1264 ille
2809 1209 3050 1282 Cyrillus
3079 1230 3191 1269 non
3219 1216 3350 1271 fecit
3379 1235 3392 1272 :
3424 1219 3629 1290 quippe

2063 1293 2467 1350 Theodoretum
2505 1297 2558 1351 in
2587 1301 2832 1355 onmium
2865 1305 3152 1372 praesentia
3182 1308 3362 1378 coegit
3392 1326 3487 1365 ore
3529 1328 3630 1366 suo

2061 1385 2374 1440 Nestorium
2405 1388 2890 1449 anathematizare.

2133 1475 2197 1530 ν.
2226 1473 2382 1541 Quod
2419 1476 2568 1532 Ibam
2619 1479 2846 1548 attinet,
2878 1486 3271 1554 respondemus
3297 1529 3310 1552 ,
3363 1505 3433 1546 ne
3483 1491 3632 1546 hunc

2065 1564 2288 1634 quidem
2340 1565 2410 1620 ab
2457 1568 2667 1639 synodo
2706 1581 2988 1642 receptum
3020 1575 3186 1637 fuisse
3224 1579 3375 1648 prius
3399 1623 3412 1646 ,
3467 1599 3630 1652 quam

2066 1654 2380 1710 Nestorium
2407 1659 2638 1730 ejusque
2658 1664 2986 1718 sententiam
3008 1668 3344 1725 anathemati
3367 1671 3634 1742 subjeeis-

385 1749 470 1802 ὅτι
522 1727 833 1800 Καιδιατέ
889 1749 962 1818 μὴ
1021 1750 1300 1822 ἀπῄτησεν
1359 1751 1520 1804 αὑτὸν
1565 1753 1956 1822 ἀναθεματίσαι

2063 1753 2167 1802 set.
2209 1747 2316 1804 Sed
2352 1765 2543 1805 rursus
2577 1751 2847 1822 objiciunt
2881 1773 2894 1808 :
2929 1755 3042 1811 Cur
3067 1759 3136 1814 ab
3167 1776 3368 1816 conon
3397 1763 3631 1834 requisi«

385 1839 684 1906 Θεόδωρον,
726 1839 842 1891 ἀλλ’
869 1839 1086 1904 ἐδέξατο
1139 1839 1239 1910 τὴν
1291 1839 1583 1910 ἐπιστολὴν
1639 1841 1834 1905 αὐτοῦ,
1862 1841 1961 1912 τὴν

389 1932 525 2003 πρὸς
556 1932 736 2001 Μάριν
761 1973 776 1996 ,
813 1932 872 1983 ὲν
973 1931 1144 1984 πολλά
1185 1935 1332 1985 ἐστιν
1367 1933 1602 1986 ἐπαινῶν
1630 1933 1720 1986 τὸν
1765 1934 1962 1988 Θεόδω-

391 2041 518 2093 pO‘);
552 2025 674 2076 Ὅτι
704 2025 982 2077 καὶτοῦτο
1008 2025 1276 2095 πρότερον
1311 2026 1514 2096 μᾶλλον
1552 2027 1847 2095 ἐγκαλέσαι
1885 2029 1964 2098 τῷ

387 2117 454 2182 ἀγ
468 2117 530 2184 ίῳ
558 2115 809 2186 Κυρίλλῳ
833 2115 1084 2184 ὤφειλον,
1119 2117 1263 2188 ἡττερ
1285 2121 1350 2188 τῇ
1391 2119 1610 2188 συνόδῳ,
1654 2120 1824 2182 Aine;
1869 2117 1962 2173 οὖν

387 2210 494 2262 όέν
511 2209 685 2276 ἁγίοις
706 2207 990 2276 Κύριλλος,
1008 2208 1357 2278 ζητησάντων
1381 2211 1542 2264 τινῶν
1563 2212 1664 2282 ἤδη
1688 2211 1964 2280 ἀναθεμα-

387 2303 532 2352 τίσαι
561 2301 652 2352 τὸν
674 2300 968 2370 Θεόδωρον,
988 2303 1236 2369 φαίνεται
1269 2303 1497 2372 γράψων
1527 2305 1665 2371 πρὸς
1699 2303 1960 2373 Πρόκλον,

387 2393 469 2446 ὅτι
496 2393 556 2444 ού
584 2393 664 2444 δεῖ
684 2393 1122 2463 ἀναθεματίζειν.
1156 2396 1217 2447 Οί
1241 2395 1348 2464 γὰρ
1387 2396 1719 2449 Ἀνατολικο“ι
1741 2397 1960 2462 πάντες,

388 2485 546 2554 φησὶ,
589 2488 762 2552 μέγαν
812 2485 997 2554 ἔχουσι
1037 2485 1360 2540 διδάσκαλον
1405 2487 1496 2540 τὸν
1524 2487 1802 2557 Θεόδωρον
1826 2529 1840 2552 ,
1871 2491 1966 2542 καὶ

386 2575 486 2627 ἐὰν
514 2575 677 2627 αὐτὸν
711 2575 1229 2646 ἀναϐεματίσωμεν,
1261 2578 1406 2646 μέγα
1451 2578 1657 2647 σχίσμα
1701 2579 1965 2647 ποιοῦμεν

389 2666 450 2718 ἐν
477 2667 542 2734 τῇ
579 2665 876 2736 Ἐκκλησία
898 2666 1005 2718 τῶν
1039 2667 1422 2732 Ἀνατολικῶν,
1451 2663 1529 2721 ὧν
1550 2663 1631 2732 εἷς
1657 2669 1752 2722 καί¹
1791 2669 1959 2734 Ἰϐἄς,

393 2753 470 2822 μὴ
501 2755 866 2824 ἀνασχόμενος
894 2757 1059 2808 αὐτὸν
1090 2757 1508 2827 ἀναθεματίσαι.
1547 2762 1612 2814 Ὃ
1641 2760 1735 2815 οὖν
1755 2763 1782 2814 ό
1806 2761 1964 2830 ἅγιος

391 2841 659 2912 Κύριλλος
697 2844 920 2910 ἐκώλυε,
957 2845 1118 2900 τοῦτο
1172 2848 1288 2912 πῶς
1334 2847 1448 2919 εἶχε
1490 2851 1712 2921 ποιῆσαι
1764 2855 1798 2924 ἡ
1838 2852 1964 2906 σύν-

389 2933 544 2999 οδος;
578 2935 637 2986 Ei
677 2935 733 2988 δὲ
773 2937 868 2988 καὶ
896 2936 1100 3006 δῶμεν,
1131 2938 1216 2990 ὅτι
1248 2939 1502 3008 φανερῶς
1524 2937 1664 3012 ἦσαν
1694 2943 1962 3012 αίρετικοὶ

2062 1838 2160 1902 vit,
2186 1847 2246 1893 ut
2267 1839 2619 1896 Theodorum
2667 1847 3322 1908 anathematizaretzimo
3371 1857 3631 1926 scriptam

2061 1929 2130 1984 ad
2154 1930 2324 1986 Marin
2353 1933 2642 2002 epistolam
2674 1939 2915 2008 recepit,
2935 1939 2990 1994 in
3016 1957 3121 2013 qua
3147 1943 3496 2002 Theodorum
3525 1949 3636 2004 frc-

2062 2032 2298 2092 quenter
2319 2024 2442 2080 lbas
2481 2027 2784 2096 praedicat?
2818 2032 3084 2101 Nimirum
3119 2045 3174 2089 et
3212 2037 3317 2092 boc
3345 2040 3529 2108 potius
3565 2042 3634 2096 de

2063 2122 2250 2169 sancto
2293 2115 2494 2188 Cyrillo
2533 2120 2707 2189 quaeri
2751 2121 3062 2188 debebant,
3109 2143 3270 2196 quam
3305 2129 3373 2185 de
3402 2133 3629 2202 synodo.

2061 2209 2198 2264 Nam
2229 2221 2432 2268 sanctae
2459 2217 2740 2271 memoriae
2767 2217 3062 2288 Cyrillum,
3095 2235 3218 2276 cum
3252 2225 3500 2278 nonnulli
3529 2225 3635 2280 hoc

2064 2301 2244 2372 ipsum
2275 2316 2608 2374 quarerent,
2638 2317 2698 2362 ut
2727 2309 3056 2367 Theodorus
3083 2314 3420 2370 anathemati
3461 2317 3634 2388 subji—

2063 2400 2322 2457 ceretur,
2366 2395 2434 2450 ad
2478 2396 2736 2452 Proclum
2769 2400 3054 2470 scripsisse
3102 2413 3352 2471 constat;
3410 2409 3634 2468 minime

2065 2483 2416 2540 Theodorum
2437 2489 2888 2545 anathematizari
2911 2492 3132 2549 debere.
3153 2497 3289 2550 Nam
3305 2498 3632 2566 Orientales,

2065 2574 2284 2644 inquit,
2353 2577 2599 2634 universi
2632 2581 2984 2638 Theodorum
3039 2602 3141 2656 pro
3183 2605 3380 2660 magno
3409 2591 3636 2649 doctore

2063 2667 2292 2732 habent,
2320 2684 2482 2738 quem
2504 2672 2550 2726 si
2577 2674 2912 2729 anathemati
2937 2677 3358 2746 subjecer'nnus,
3373 2681 3424 2735 in
3445 2682 3639 2738 Orien-

2067 2759 2258 2814 talium
2311 2761 2557 2817 Ecclesia
2619 2763 2910 2820 dissidium
2978 2767 3170 2838 ingens
3227 2774 3634 2831 cxcitabimus:

2017 2869 2027 2877 -
2065 2863 2302 2924 quorum
2329 2866 2472 2906 unus
2497 2861 2584 2906 est
2607 2853 2752 2918 lbas,
2785 2855 2880 2924 qui
2905 2870 3030 2910 eum
3049 2860 3502 2916 anathematizari
3528 2881 3638 2918 non

2065 2923 2325 3010 patiatur.
2361 2941 2519 3009 Quod
2543 2959 2673 3013 ergo
2711 2923 2936 3002 sanctus
2961 2948 3196 3021 Cyrillus
3222 2953 3342 3008 ﬁeri
3375 2957 3640 3024 prohibe-

389 3020 556 3090 οὗτοι,
577 3027 696 3080 οὖδέ
719 3026 780 3080 οὔ
790 3047 892 3090 τως
921 3027 1156 3098 ὤφειλον
1173 3031 1578 3086 ἀποϐάλλεσθαι
1598 3037 1695 3102 τῆς
1715 3035 1956 3089 συνόδου.

2070 3032 2184 3096 bat,
2235 3048 2346 3102 quo
2395 3045 2556 3104 pacto
2602 3039 2844 3107 synodus
2891 3020 3072 3096 facere
3117 3020 3388 3112 poterat'l
3427 3045 3545 3102 Jam
3593 3048 3638 3102 si

403 3119 531 3170 Ἰδυῦ
607 3120 716 3188 γὰρ
795 3121 884 3172 καὶ
942 3121 972 3190 ἡ
1056 3123 1114 3174 ἐν
1174 3123 1378 3192 Νικαίᾳ
1452 3124 1666 3188 σύνοδος
1746 3126 1962 3192 ἐδέξατο

391 3209 531 3260 ἐπτᾶ
553 3211 881 3279 αἱρετικοῦς,
915 3211 1010 3263 καὶ
1044 3211 1150 3280 πρὸ
1178 3213 1370 3265 τούτου
1407 3214 1840 3283 Ἀρειανοῦντας,
1869 3219 1964 3270 καὶ

393 3300 533 3366 μετὰ
572 3301 743 3352 ταῦτα
795 3301 1206 3370 ἐπιμείναντας.
1241 3304 1350 3356 Καὶ¹
1394 3305 1546 3373 ὅμως
1580 3305 1642 3358 ού
1683 3307 1772 3361 διὰ
1804 3307 1964 3362 τοῦτο

391 3389 624 3458 λέγομεν
679 3391 778 3461 τὴν
824 3392 1061 3458 σύνοδον,
1111 3393 1235 3458 τια’,
1291 3395 1428 3450 ἀλλὰ
1480 3403 1608 3466 τιην,
1667 3400 1762 3452 καὶ
1833 3401 1965 3453 Ἰου-

392 3482 640 3537 Sevius:
670 3483 751 3550 δέ,
783 3487 811 3536 ὁ
852 3485 1242 3556 Ἱεροσολύμων
1307 3489 1626 3555 ἐπίσκοπος,
1662 3493 1754 3545 καὶ
1815 3492 1963 3547 ἄλλοι

390 3575 538 3636 τινὲς
588 3575 697 3628 τῶν
755 3577 1063 3644 γενομένων
1120 3581 1178 3631 ἐν
1228 3582 1292 3650 τῇ
1345 3582 1404 3634 ὲν
1466 3581 1675 3652 Ἐφέσῳ
1733 3585 1964 3656 δευτέρᾳ

393 3667 614 3735 συνόδῳ,
650 3668 714 3736 ἦν
743 3668 1116 3736 κατεδέχοντο,
1145 3671 1447 3742 εὑρέθησαν
1481 3674 1539 3725 ἐν
1566 3675 1889 3744 Χαλκηδόνι.

2070 3127 2303 3182 maxime
2330 3144 2619 3197 ponamus,
2653 3133 2753 3187 hos
2777 3133 2916 3190 duos
2942 3137 3120 3206 palam
3146 3137 3314 3194 fuisse
3341 3143 3602 3196 sectarios
3625 3185 3638 3204 .

2071 3228 2254 3272 tamen
2297 3233 2368 3272 ne
2421 3221 2502 3274 sic
2545 3222 2766 3290 quidem
2819 3240 2877 3278 a-
2901 3227 3110 3296 synodo
3149 3229 3302 3298 rejici
3343 3230 3640 3288 debebant.

2069 3305 2288 3360 Etenim
2335 3322 2465 3362 ecce
2503 3309 2722 3365 Nicaena
2763 3327 2982 3382 quoque
3010 3315 3255 3385 synodus
3284 3327 3492 3387 septem
3532 3321 3642 3376 luc-

2071 3401 2274 3456 reticos
2295 3401 2537 3471 admisit,
2570 3405 2664 3474 qui
2693 3413 2748 3460 ct
2781 3407 2836 3460 in
2865 3410 3134 3465 sententia
3160 3411 3418 3482 deinceps
3450 3430 3640 3482 perse-

2069 3501 2354 3548 verarunt.
2385 3493 2499 3550 Nec
2547 3502 2732 3550 tamen
2788 3497 2996 3554 idcirco
3042 3515 3304 3557 vocamus
3359 3521 3479 3560 eam
3537 3506 3634 3560 5H

2070 3585 2295 3641 Patrum
2327 3587 2620 3658 synodum,
2653 3589 2750 3646 sed
2780 3591 2902 3646 518.
2954 3593 3147 3647 Itidem
3205 3595 3485 3652 Iuvenalis
3516 3597 3642 3651 liie-

2072 3659 2476 3748 rosolymorum
2500 3678 2812 3750 episcopus,
2839 3683 3002 3736 etalii
3024 3683 3248 3752 quidam
3270 3687 3362 3756 qui
3387 3689 3640 3742 secunda:

389 3758 598 3827 synodo
622 3757 910 3826 Ephesius:
931 3760 1299 3817 interfuerant
1321 3778 1554 3834 eamque
1572 3767 1957 3836 probaverant,
1996 3771 2345 3828 Chalcedone
2373 3788 2596 3844 quoque
2620 3775 2826 3844 reperti
2869 3775 2894 3829 l‘
2894 3785 3114 3832 uerunt.

460 3853 680 3906 Τούτων
707 3854 765 3906 δὲ
793 3854 966 3918 οὕτως
986 3857 1218 3926 ἐχόντων
1237 3900 1252 3924 ,
1285 3859 1418 3929 ἄλλη
1463 3861 1666 3933 ἀπορία
1703 3867 1836 3933 ἡμῖν
1866 3867 1961 3920 άν-

385 3943 525 4013 εψύη
564 3944 673 3997 ἀπὸ
704 3946 810 3997 τῶν
854 3949 1062 4016 χρόνων
1105 3949 1506 4006 Ὶουστινιανοῦ.
1549 3953 1766 4026 Ἐπειδὴ
1792 3957 1900 4026 γὰρ
1932 3958 1962 4010 ὁ

399 4037 793 4099 Ίουστινιανὸς,
825 4038 1046 4108 Οεωρῶν
1092 4042 1220 4104 τοὺς
1274 4043 1719 4116 διακρινομένους
1787 4067 1960 4102 κατα-

383 4127 624 4190 ϐοῶντας
651 4129 1000 4202 Θεοδωοήτου
1033 4135 1128 4186 καὶ
1171 4133 1304 4200 Ἰϐᾶ,
1329 4138 1424 4190 καὶ
1452 4137 1642 4210 ὥσπερ
1668 4141 1734 4194 δι’
1760 4143 1959 4207 αὐτοὺς

2139 3868 2228 3924 Vl.
2259 3867 2388 3936 Quae
2410 3885 2534 3932 cum
2571 3870 2646 3924 ita
2674 3872 2806 3937 sint,
2838 3872 2944 3926 alia
2975 3873 3134 3927 nobis
3159 3873 3337 3930 oritur
3369 3875 3438 3932 de
3466 3877 3639 3933 Justi-

2067 3960 2217 4014 niani
2251 3961 2590 4032 temporibus
2615 3961 2928 4018 difﬁcultas.
2955 3964 3092 4019 Nam
3115 3965 3244 4035 quia
3273 3966 3635 4032 Justinianus,

2067 4053 2160 4122 qui
2176 4053 2390 4108 videret
2406 4052 3051 4111 Hzesitantesacclamare
3069 4057 3355 4112 Theodore
3365 4069 3418 4114 to
3439 4068 3495 4114 et
3513 4060 3636 4125 ibas,

2066 4145 2336 4214 quasique
2366 4136 2594 4214 propter
2623 4145 2770 4215 ipsos
2798 4149 3039 4202 aversari
3073 4151 3362 4220 synodum,
3413 4155 3639 4210 anathe-

382 4219 898 4288 ἀποστρεφομένους
920 4221 1020 4292 τὴν
1045 4221 1282 4290 σύνοδον,
1311 4227 1708 4297 ἀνεθεμάτισεν
1737 4233 1954 4296 αὐτοὺς,

388 4307 835 4330 2.----9-ν...ιηςγ
885 4311 959 4330 E7,
1002 4313 1019 4330 Δ
1131 4317 1145 4330 1
1221 4315 1234 4330 ο
1313 4318 1324 4330 ι
1411 4319 1423 4330 ι
1509 4318 1533 4330 Α
1692 4322 1740 4330 ..-
1887 4326 1954 4330 --..

2065 4237 2196 4290 mati
2217 4251 2314 4291 eos
2337 4236 2604 4306 subjecit:
2628 4237 2899 4307 objiciunt
2927 4241 3088 4295 nobis
3106 4219 3480 4310 quamobrem
3516 4246 3638 4302 illos

381 4307 682 4378 ἀποροῦσιν
705 4311 857 4380 ἡμῖν,
883 4311 965 4364 ὅτι
991 4313 1145 4366 Διατί
1175 4315 1376 4380 αὐτοὺς
1400 4318 1858 4390 ἁναθεματίζετε;
1886 4326 1957 4377 Ἦ

383 4394 542 4446 καλοὶ
573 4392 734 4464 ἦσαν,
780 4398 814 4470 ἢ
863 4399 1042 4453 κακοί.
1072 4401 1181 4453 Καὶ
1219 4404 1269 4454 εί
1305 4404 1404 4472 μέν
1455 4405 1636 4470 καλοὶ,
1679 4407 1822 4461 διατί
1865 4411 1961 4462 αὐ-

381 4485 509 4545 τοὺς
571 4487 1036 4558 ἀναθεματίζετες
1081 4493 1144 4545 Ei
1203 4492 1260 4546 δέ
1315 4496 1500 4559 κακοὶ,
1556 4497 1700 4550 διατί
1759 4499 1958 4563 αὐτοὺς

383 4575 599 4639 ἐδέξατο
623 4580 654 4647 ἡ
680 4567 954 4646 ⁶σύνοδος;
994 4581 1054 4635 Ei
1095 4585 1202 4656 γὰρ
1266 4587 1360 4640 καὶ
1406 4587 1564 4658 ὑμεῖς
1604 4589 1700 4642 νῦν
1761 4591 1960 4654 αὐτοὺς

382 4667 832 4734 ἁναθεματίζετε,
857 4671 932 4736 ὼς
975 4675 1200 4742 κακοὺς,
1235 4677 1288 4728 τί
1333 4680 1484 4750 πρὸς
1524 4679 1620 4751 τὴν
1649 4684 1708 4735 ἐν
1741 4683 1960 4754 Χαλκη-

381 4754 490 4806 δόνι
521 4755 757 4820 σύνοδον,
787 4761 887 4829 τὴν
913 4761 1215 4836 δεξαμένην
1240 4767 1457 4831 αὐτοὺς,
1488 4771 1554 4840 ἢν
1599 4772 1758 4839 ὑμεῖς
1785 4790 1959 4826 κατα-

381 4844 640 4924 δέχεσοες
679 4849 818 4917 Πρὸς
852 4853 1014 4906 τοῦτο
1052 4854 1304 4928 λέγομεν,
1341 4861 1422 4913 δτι
1472 4861 1593 4914 κατ’
1645 4865 1958 4932 οἰκονομίαν

384 4936 506 4988 τινὰ
540 4938 698 4990 τοῦτο
721 4940 942 5010 ἐποίησε
977 4945 1374 5014 Ἰουστινιανός.
1409 4952 1626 5023 Ἐπειδὴ
1653 4955 1762 5024 γὰρ
1787 4955 1954 5027 ἐώρα,

377 5027 572 5098 ὥσπερ
606 5030 857 5100 εἴπομεν,
899 5036 1026 5098 τοὺς
1066 5038 1518 5112 διακρινομένους
1585 5045 1674 5100 διὰ
1733 5048 1956 5114 τούτους

320 5155 323 5158 -
378 5119 893 5188 ἀποστρεφομένους
944 5123 1043 5195 τὴν
1105 5127 1342 5196 σύνοδον,
1401 5133 1654 5202 ἐνόμισεν
1713 5136 1800 5188 ὅτι
1859 5140 1954 5192 ἐὰν

377 5207 753 5280 ἁναϐεματίσῃ
809 5213 1027 5276 αὐτοὺς,
1069 5219 1216 5270 ποιεῖ
1263 5219 1516 5291 δεχθῆναι
1566 5227 1664 5294 τὴν
1716 5227 1952 5284 σύνοδον.

394 5299 670 5370 Ἡγήσατο
717 5298 810 5354 οὖν
851 5302 944 5357 δύο
990 5305 1144 5370 τινὰς
1211 5310 1716 5388 ἀναθεματίσαι(εξ
1745 5319 1840 5372 καὶ
1879 5321 1953 5394 μὴ

379 5389 487 5445 ἔδει
515 5393 712 5455 αὐτοὺς
762 5393 1324 5473 ἀναθεματιςοῆναι),
1359 5402 1446 5456 ἴνα
1493 5407 1714 5462 πάντων
1759 5410 1952 5466 ἕνωσιν

375 5481 600 5552 ποιήσῃ.
633 5483 740 5536 Καὶ
788 5485 878 5539 διὰ
933 5488 1092 5544 τοῦτο
1135 5491 1525 5562 ἀνεθεμάτισςν
1579 5499 1778 5564 αὐτούς
1804 5518 1820 5534 ο
1857 5503 1952 5556 καὶ

371 5571 524 5641 ὅμως
555 5572 674 5628 οὗδέ
710 5573 884 5640 οὕτως
917 5577 1167 5644 ἐδέξαντο
1189 5583 1238 5637 oi
1267 5581 1664 5658 διακρινόμενοι
1691 5590 1789 5664 τὴν
1820 5593 1947 5652 σύν-

370 5663 508 5720 οδον.

2061 4328 2628 4384 anathematizemus?
2683 4330 2792 4384 Aut
2855 4329 3258 4392 boniscilicet
3306 4345 3503 4402 erant,
3543 4347 3640 4394 aut

2061 4417 2211 4470 mali.
2245 4417 2302 4472 Si
2333 4417 2496 4482 boni,
2541 4433 2640 4473 cur
2673 4435 2770 4474 eos
2801 4421 3326 4482 anathematizatis?
3366 4428 3450 4484 sin
3481 4431 3632 4496 mali,

2059 4523 2161 4562 cur
2189 4523 2220 4560 a
2249 4507 2458 4579 synodo
2486 4510 2692 4579 recepti
2720 4513 2886 4567 sunt?
2923 4512 3080 4580 Quod
3109 4515 3155 4570 si
3190 4532 3288 4572 vos
3315 4519 3427 4586 jam
3461 4521 3630 4590 ipsos,

2061 4607 2124 4652 ut
2156 4598 2330 4652 malos
2360 4599 2834 4657 anathematizatis
2855 4644 2870 4668 ,
2905 4603 3038 4672 quid
3087 4605 3194 4660 hoc
3233 4607 3300 4661 ad
3329 4608 3634 4676 Chalcedo-

2060 4705 2230 4745 nense
2252 4691 2568 4757 concilium,
2601 4708 2631 4748 a
2673 4694 2832 4750 vobis
2862 4696 3152 4765 probatum
3179 4700 3326 4769 quod
3363 4717 3461 4757 eos
3485 4719 3636 4773 ret-p-

2061 4781 2179 4850 pit?
2203 4781 2283 4836 Ad
2311 4783 2418 4838 hoc
2455 4785 2876 4854 respondemus,
2919 4787 3294 4846 Iustinianum
3339 4793 3445 4849 hoc
3477 4808 3633 4850 C(‘t‘lu

2059 4873 2296 4942 quodam
2323 4875 2554 4930 consilio
2581 4875 2794 4932 fecisse.
2820 4879 2953 4934 Nam
2971 4883 3098 4950 quia
3127 4883 3372 4948 videbat,
3406 4897 3471 4942 ut
3489 4889 3635 4947 dixi-

2059 4982 2202 5030 mus,
2232 4966 2430 5021 horum
2463 4983 2628 5024 causa
2656 4969 2984 5028 Haesitantes
3035 4977 3317 5046 synodum
3365 4983 3631 5040 aversari.

2057 5058 2433 5128 perfecturum
2485 5075 2544 5116 se
2588 5063 2848 5132 putabat,
2909 5073 2970 5119 ut
3019 5067 3088 5122 iis
3130 5069 3630 5134 anathematizatis,

2057 5149 2297 5219 synodus
2348 5149 2692 5219 reciperetur
2751 5169 2772 5206 ι
2821 5153 3055 5224 ideoque
3117 5157 3259 5213 duos
3311 5160 3634 5213 anathema-

2057 5239 2306 5294 tizandos
2353 5241 2512 5296 duxit
2560 5243 2904 5314 (quanquam
2941 5246 3192 5306 .minime
3263 5249 3630 5304 anathemati-

2056 5338 2205 5386 zatos
2250 5331 2552 5403 oportuit),
2584 5343 2641 5388 ut
2669 5352 2864 5392 omnes
2901 5339 2968 5392 ad
3019 5339 3279 5394 unionem
3312 5339 3624 5408 redigeret:

2055 5423 2198 5478 hanc
2232 5424 2402 5495 igitur
2435 5426 2506 5479 ob
2541 5442 2760 5482 causam
2800 5429 2924 5484 illos
2983 5430 3320 5485 anathemati
3368 5427 3624 5496 subjecit.

2059 5514 2258 5570 Verum
2284 5531 2351 5569 ne
2377 5515 2456 5570 sic
2487 5517 2711 5587 quidem
2737 5520 2959 5586 adducti
2997 5532 3126 5576 sunt
3152 5519 3477 5576 llaesitantcs
3501 5554 3516 5576 .
3565 5525 3650 5585 ut,

2060 5607 2326 5679 synodum
2355 5609 2685 5680 reciperent.
