  <div class='ocr_page' id='page_1' title='image "/cluster/home/n/w/nwhite01/storage/ocr_20150623/86 pt.1/mdp.39015028803867/627.png"; bbox 0 0 3998 6146; ppageno 0'>
   <div class='ocr_carea' id='block_1_1' title="bbox 371 233 508 301">
    <p class='ocr_par' dir='ltr' id='par_1_1' title="bbox 371 233 508 301">
     <span class='ocr_line' id='line_1_1' title="bbox 371 233 508 301; baseline 0.029 -4"><span class='ocrx_word' id='word_1_1' title='bbox 371 233 508 301; x_wconf 77' lang='grc'><strong>1239</strong></span> 
     </span>
    </p>
   </div>
   <div class='ocr_carea' id='block_1_2' title="bbox 1615 243 2372 306">
    <p class='ocr_par' dir='ltr' id='par_1_2' title="bbox 1615 243 2372 306">
     <span class='ocr_line' id='line_1_2' title="bbox 1615 243 2372 306; baseline 0.003 -4"><span class='ocrx_word' id='word_1_2' title='bbox 1615 243 1922 304; x_wconf 82' lang='lat' dir='ltr'><strong>LEONTII</strong></span> <span class='ocrx_word' id='word_1_3' title='bbox 1966 244 2372 306; x_wconf 76' lang='lat' dir='ltr'><strong>BYZANTINI</strong></span> 
     </span>
    </p>
   </div>
   <div class='ocr_carea' id='block_1_3' title="bbox 1922 382 2068 398">
    <p class='ocr_par' dir='ltr' id='par_1_3' title="bbox 1922 382 2068 398">
     <span class='ocr_line' id='line_1_3' title="bbox 1922 382 2068 398; baseline 0 0"><span class='ocrx_word' id='word_1_4' title='bbox 1922 382 2068 398; x_wconf 51' lang='grc' dir='ltr'><strong>..μ</strong></span> 
     </span>
    </p>
   </div>
   <div class='ocr_carea' id='block_1_4' title="bbox 3487 257 3633 324">
    <p class='ocr_par' dir='ltr' id='par_1_4' title="bbox 3487 257 3633 324">
     <span class='ocr_line' id='line_1_4' title="bbox 3487 257 3633 324; baseline 0 -2"><span class='ocrx_word' id='word_1_5' title='bbox 3487 257 3633 324; x_wconf 69' lang='grc' dir='ltr'><strong>ῙΞΞΟ</strong></span> 
     </span>
    </p>
   </div>
   <div class='ocr_carea' id='block_1_5' title="bbox 365 447 3626 551">
    <p class='ocr_par' dir='ltr' id='par_1_5' title="bbox 365 447 3626 551">
     <span class='ocr_line' id='line_1_5' title="bbox 365 447 3626 551; baseline 0.003 -37"><span class='ocrx_word' id='word_1_6' title='bbox 365 449 828 530; x_wconf 77' lang='lat' dir='ltr'><strong>Philosophicis</strong></span> <span class='ocrx_word' id='word_1_7' title='bbox 889 447 1301 528; x_wconf 76' lang='lat' dir='ltr'><strong>respondetur</strong></span> <span class='ocrx_word' id='word_1_8' title='bbox 1355 447 1712 551; x_wconf 48' lang='grc' dir='ltr'>ιγιιίοηὶὑιιξ</span> <span class='ocrx_word' id='word_1_9' title='bbox 1755 451 2332 551; x_wconf 43' lang='grc' dir='ltr'>ᾳίιίέεβίμιείιαηιες</span> <span class='ocrx_word' id='word_1_10' title='bbox 2377 449 2753 551; x_wconf 58' lang='lat' dir='ltr'><strong>offerebant,</strong></span> <span class='ocrx_word' id='word_1_11' title='bbox 2798 465 2867 518; x_wconf 77' lang='lat' dir='ltr'><strong>ut</strong></span> <span class='ocrx_word' id='word_1_12' title='bbox 2910 461 3442 538; x_wconf 78' lang='lat' dir='ltr'><strong>reprehenderent</strong></span> <span class='ocrx_word' id='word_1_13' title='bbox 3489 488 3626 551; x_wconf 63' lang='lat' dir='ltr'><strong>quae</strong></span> 
     </span>
    </p>
   </div>
   <div class='ocr_carea' id='block_1_6' title="bbox 1369 526 2626 604">
    <p class='ocr_par' dir='ltr' id='par_1_6' title="bbox 1369 526 2626 604">
     <span class='ocr_line' id='line_1_6' title="bbox 1369 526 2626 604; baseline 0.005 -17"><span class='ocrx_word' id='word_1_14' title='bbox 1369 528 1627 604; x_wconf 76' lang='lat' dir='ltr'><strong>fuerant</strong></span> <span class='ocrx_word' id='word_1_15' title='bbox 1671 526 2029 591; x_wconf 37' lang='lat' dir='ltr'><strong>(Ie—Christi</strong></span> <span class='ocrx_word' id='word_1_16' title='bbox 2079 538 2309 590; x_wconf 82' lang='lat' dir='ltr'><strong>natura</strong></span> <span class='ocrx_word' id='word_1_17' title='bbox 2355 526 2626 594; x_wconf 62' lang='lat' dir='ltr'><strong>decreta.</strong></span> 
     </span>
    </p>
   </div>
   <div class='ocr_carea' id='block_1_7' title="bbox 987 650 1335 708">
    <p class='ocr_par' dir='ltr' id='par_1_7' title="bbox 987 650 1335 708">
     <span class='ocr_line' id='line_1_7' title="bbox 987 650 1335 708; baseline 0 -2"><span class='ocrx_word' id='word_1_18' title='bbox 987 650 1192 708; x_wconf 75' lang='lat' dir='ltr'><strong>ACTlO</strong></span> <span class='ocrx_word' id='word_1_19' title='bbox 1221 653 1335 706; x_wconf 69' lang='grc' dir='ltr'><strong>ΥΠ.</strong></span> 
     </span>
    </p>
   </div>
   <div class='ocr_carea' id='block_1_8' title="bbox 435 741 1935 818">
    <p class='ocr_par' dir='ltr' id='par_1_8' title="bbox 435 741 1935 818">
     <span class='ocr_line' id='line_1_8' title="bbox 435 741 1935 818; baseline 0.003 -19"><span class='ocrx_word' id='word_1_20' title='bbox 435 741 476 799; x_wconf 91' lang='grc' dir='ltr'>ῐ.</span> <span class='ocrx_word' id='word_1_21' title='bbox 496 742 624 801; x_wconf 87' lang='lat' dir='ltr'><strong>Post</strong></span> <span class='ocrx_word' id='word_1_22' title='bbox 639 745 1039 814; x_wconf 77' lang='lat' dir='ltr'><strong>expositionem</strong></span> <span class='ocrx_word' id='word_1_23' title='bbox 1059 755 1532 814; x_wconf 81' lang='lat' dir='ltr'><strong>argumentorum,</strong></span> <span class='ocrx_word' id='word_1_24' title='bbox 1551 762 1616 801; x_wconf 80' lang='lat' dir='ltr'><strong>ex</strong></span> <span class='ocrx_word' id='word_1_25' title='bbox 1642 748 1776 818; x_wconf 85' lang='lat' dir='ltr'><strong>ipsis</strong></span> <span class='ocrx_word' id='word_1_26' title='bbox 1797 748 1935 804; x_wconf 88' lang='lat' dir='ltr'><strong>actis</strong></span> 
     </span>
    </p>
   </div>
   <div class='ocr_carea' id='block_1_9' title="bbox 362 837 1934 907">
    <p class='ocr_par' dir='ltr' id='par_1_9' title="bbox 362 837 1934 907">
     <span class='ocr_line' id='line_1_9' title="bbox 362 837 1934 907; baseline 0.001 -15"><span class='ocrx_word' id='word_1_27' title='bbox 362 837 700 906; x_wconf 86' lang='lat' dir='ltr'><strong>petitorum,</strong></span> <span class='ocrx_word' id='word_1_28' title='bbox 753 837 822 890; x_wconf 91' lang='lat' dir='ltr'><strong>ad</strong></span> <span class='ocrx_word' id='word_1_29' title='bbox 875 851 938 891; x_wconf 87' lang='lat' dir='ltr'><strong>ea</strong></span> <span class='ocrx_word' id='word_1_30' title='bbox 991 847 1358 900; x_wconf 76' lang='lat' dir='ltr'><strong>transeamus,</strong></span> <span class='ocrx_word' id='word_1_31' title='bbox 1393 854 1514 907; x_wconf 75' lang='lat' dir='ltr'><strong>quae</strong></span> <span class='ocrx_word' id='word_1_32' title='bbox 1557 841 1934 895; x_wconf 85' lang='lat' dir='ltr'><strong>ratiocinando</strong></span> 
     </span>
    </p>
   </div>
   <div class='ocr_carea' id='block_1_10' title="bbox 363 927 1935 998">
    <p class='ocr_par' dir='ltr' id='par_1_10' title="bbox 363 927 1935 998">
     <span class='ocr_line' id='line_1_10' title="bbox 363 927 1935 998; baseline 0.003 -18"><span class='ocrx_word' id='word_1_33' title='bbox 363 929 523 982; x_wconf 91' lang='lat' dir='ltr'><strong>nobis</strong></span> <span class='ocrx_word' id='word_1_34' title='bbox 538 927 830 998; x_wconf 81' lang='lat' dir='ltr'><strong>objiciunt.</strong></span> <span class='ocrx_word' id='word_1_35' title='bbox 853 927 1099 983; x_wconf 88' lang='lat' dir='ltr'><strong>Primum</strong></span> <span class='ocrx_word' id='word_1_36' title='bbox 1121 929 1258 983; x_wconf 91' lang='lat' dir='ltr'><strong>illud</strong></span> <span class='ocrx_word' id='word_1_37' title='bbox 1281 941 1366 985; x_wconf 90' lang='lat' dir='ltr'><strong>est</strong></span> <span class='ocrx_word' id='word_1_38' title='bbox 1391 947 1416 988; x_wconf 90' lang='lat'><strong>:.</strong></span> <span class='ocrx_word' id='word_1_39' title='bbox 1434 929 1489 984; x_wconf 90' lang='lat' dir='ltr'><strong>Si</strong></span> <span class='ocrx_word' id='word_1_40' title='bbox 1515 930 1654 984; x_wconf 88' lang='lat' dir='ltr'><strong>duas</strong></span> <span class='ocrx_word' id='word_1_41' title='bbox 1685 941 1935 996; x_wconf 84' lang='lat' dir='ltr'><strong>naturas,</strong></span> 
     </span>
    </p>
   </div>
   <div class='ocr_carea' id='block_1_11' title="bbox 361 1016 1930 1086">
    <p class='ocr_par' dir='ltr' id='par_1_11' title="bbox 361 1016 1930 1086">
     <span class='ocr_line' id='line_1_11' title="bbox 361 1016 1930 1086; baseline 0.004 -17"><span class='ocrx_word' id='word_1_42' title='bbox 361 1016 664 1086; x_wconf 85' lang='lat' dir='ltr'><strong>inquiunt,</strong></span> <span class='ocrx_word' id='word_1_43' title='bbox 707 1017 763 1072; x_wconf 88' lang='lat' dir='ltr'><strong>in</strong></span> <span class='ocrx_word' id='word_1_44' title='bbox 793 1017 1016 1074; x_wconf 86' lang='lat' dir='ltr'><strong>Christo</strong></span> <span class='ocrx_word' id='word_1_45' title='bbox 1061 1019 1249 1074; x_wconf 83' lang='lat' dir='ltr'><strong>dicitis</strong></span> <span class='ocrx_word' id='word_1_46' title='bbox 1273 1059 1290 1086; x_wconf 84' lang='lat'><strong>,</strong></span> <span class='ocrx_word' id='word_1_47' title='bbox 1335 1020 1560 1076; x_wconf 84' lang='lat' dir='ltr'><strong>omnino</strong></span> <span class='ocrx_word' id='word_1_48' title='bbox 1596 1019 1730 1076; x_wconf 78' lang='lat' dir='ltr'><strong>duas</strong></span> <span class='ocrx_word' id='word_1_49' title='bbox 1763 1022 1930 1076; x_wconf 84' lang='lat' dir='ltr'><strong>etiam</strong></span> 
     </span>
    </p>
   </div>
   <div class='ocr_carea' id='block_1_12' title="bbox 361 1110 1933 1182">
    <p class='ocr_par' dir='ltr' id='par_1_12' title="bbox 361 1110 1933 1182">
     <span class='ocr_line' id='line_1_12' title="bbox 361 1110 1933 1182; baseline 0.004 -20"><span class='ocrx_word' id='word_1_50' title='bbox 361 1110 686 1181; x_wconf 84' lang='lat' dir='ltr'><strong>hypostases</strong></span> <span class='ocrx_word' id='word_1_51' title='bbox 718 1111 952 1166; x_wconf 81' lang='lat' dir='ltr'><strong>traditis.</strong></span> <span class='ocrx_word' id='word_1_52' title='bbox 981 1111 1037 1166; x_wconf 92' lang='lat' dir='ltr'><strong>Si</strong></span> <span class='ocrx_word' id='word_1_53' title='bbox 1060 1111 1198 1166; x_wconf 87' lang='lat' dir='ltr'><strong>duas</strong></span> <span class='ocrx_word' id='word_1_54' title='bbox 1215 1113 1564 1182; x_wconf 87' lang='lat' dir='ltr'><strong>hypostases,</strong></span> <span class='ocrx_word' id='word_1_55' title='bbox 1597 1113 1763 1168; x_wconf 90' lang='lat' dir='ltr'><strong>etiam</strong></span> <span class='ocrx_word' id='word_1_56' title='bbox 1797 1114 1933 1168; x_wconf 85' lang='lat' dir='ltr'><strong>duas</strong></span> 
     </span>
    </p>
   </div>
   <div class='ocr_carea' id='block_1_13' title="bbox 361 1202 1932 1276">
    <p class='ocr_par' dir='ltr' id='par_1_13' title="bbox 361 1202 1932 1276">
     <span class='ocr_line' id='line_1_13' title="bbox 361 1202 1932 1276; baseline 0.004 -22"><span class='ocrx_word' id='word_1_57' title='bbox 361 1217 647 1270; x_wconf 86' lang='lat' dir='ltr'><strong>personas,</strong></span> <span class='ocrx_word' id='word_1_58' title='bbox 675 1211 732 1257; x_wconf 91' lang='lat' dir='ltr'><strong>et</strong></span> <span class='ocrx_word' id='word_1_59' title='bbox 759 1202 901 1258; x_wconf 86' lang='lat' dir='ltr'><strong>duos</strong></span> <span class='ocrx_word' id='word_1_60' title='bbox 927 1203 1208 1266; x_wconf 89' lang='lat' dir='ltr'><strong>Christos,</strong></span> <span class='ocrx_word' id='word_1_61' title='bbox 1234 1215 1290 1258; x_wconf 91' lang='lat' dir='ltr'><strong>et</strong></span> <span class='ocrx_word' id='word_1_62' title='bbox 1319 1204 1460 1258; x_wconf 88' lang='lat' dir='ltr'><strong>duos</strong></span> <span class='ocrx_word' id='word_1_63' title='bbox 1491 1203 1651 1270; x_wconf 89' lang='lat' dir='ltr'><strong>ﬁlios,</strong></span> <span class='ocrx_word' id='word_1_64' title='bbox 1681 1205 1932 1276; x_wconf 79' lang='lat' dir='ltr'><strong>adeoque</strong></span> 
     </span>
    </p>
   </div>
   <div class='ocr_carea' id='block_1_14' title="bbox 363 1293 1934 1365">
    <p class='ocr_par' dir='ltr' id='par_1_14' title="bbox 363 1293 1934 1365">
     <span class='ocr_line' id='line_1_14' title="bbox 363 1293 1934 1365; baseline 0.004 -21"><span class='ocrx_word' id='word_1_65' title='bbox 363 1293 721 1363; x_wconf 85' lang='lat' dir='ltr'><strong>reperiemini</strong></span> <span class='ocrx_word' id='word_1_66' title='bbox 765 1294 958 1350; x_wconf 89' lang='lat' dir='ltr'><strong>eadem</strong></span> <span class='ocrx_word' id='word_1_67' title='bbox 1012 1296 1218 1351; x_wconf 84' lang='lat' dir='ltr'><strong>sentire</strong></span> <span class='ocrx_word' id='word_1_68' title='bbox 1267 1311 1389 1365; x_wconf 81' lang='lat' dir='ltr'><strong>quae</strong></span> <span class='ocrx_word' id='word_1_69' title='bbox 1433 1295 1742 1351; x_wconf 83' lang='lat' dir='ltr'><strong>Nestorius.</strong></span> <span class='ocrx_word' id='word_1_70' title='bbox 1780 1296 1934 1352; x_wconf 80' lang='lat' dir='ltr'><strong>Hanc</strong></span> 
     </span>
    </p>
   </div>
   <div class='ocr_carea' id='block_1_15' title="bbox 358 1370 1928 1456">
    <p class='ocr_par' dir='ltr' id='par_1_15' title="bbox 358 1370 1928 1456">
     <span class='ocr_line' id='line_1_15' title="bbox 358 1370 1928 1456; baseline 0.002 -17"><span class='ocrx_word' id='word_1_71' title='bbox 358 1370 727 1456; x_wconf 84' lang='lat' dir='ltr'><strong>objectionem</strong></span> <span class='ocrx_word' id='word_1_72' title='bbox 755 1395 812 1441; x_wconf 90' lang='lat' dir='ltr'><strong>et</strong></span> <span class='ocrx_word' id='word_1_73' title='bbox 838 1387 1091 1442; x_wconf 87' lang='lat' dir='ltr'><strong>instando</strong></span> <span class='ocrx_word' id='word_1_74' title='bbox 1111 1395 1168 1440; x_wconf 91' lang='lat' dir='ltr'><strong>et</strong></span> <span class='ocrx_word' id='word_1_75' title='bbox 1190 1385 1522 1456; x_wconf 86' lang='lat' dir='ltr'><strong>opponendo</strong></span> <span class='ocrx_word' id='word_1_76' title='bbox 1553 1386 1928 1442; x_wconf 85' lang='lat' dir='ltr'><strong>dissolvimus.</strong></span> 
     </span>
    </p>
   </div>
   <div class='ocr_carea' id='block_1_16' title="bbox 357 1474 1932 1549">
    <p class='ocr_par' dir='ltr' id='par_1_16' title="bbox 357 1474 1932 1549">
     <span class='ocr_line' id='line_1_16' title="bbox 357 1474 1932 1549; baseline 0.001 -17"><span class='ocrx_word' id='word_1_77' title='bbox 357 1474 653 1544; x_wconf 84' lang='lat' dir='ltr'><strong>lnstando;</strong></span> <span class='ocrx_word' id='word_1_78' title='bbox 679 1477 806 1548; x_wconf 85' lang='lat' dir='ltr'><strong>quia</strong></span> <span class='ocrx_word' id='word_1_79' title='bbox 837 1479 980 1533; x_wconf 87' lang='lat' dir='ltr'><strong>male</strong></span> <span class='ocrx_word' id='word_1_80' title='bbox 1005 1477 1266 1548; x_wconf 86' lang='lat' dir='ltr'><strong>objicitis,</strong></span> <span class='ocrx_word' id='word_1_81' title='bbox 1296 1486 1354 1533; x_wconf 92' lang='lat' dir='ltr'><strong>et</strong></span> <span class='ocrx_word' id='word_1_82' title='bbox 1389 1477 1530 1534; x_wconf 88' lang='lat' dir='ltr'><strong>adeo</strong></span> <span class='ocrx_word' id='word_1_83' title='bbox 1568 1479 1813 1549; x_wconf 87' lang='lat' dir='ltr'><strong>quidem,</strong></span> <span class='ocrx_word' id='word_1_84' title='bbox 1871 1489 1932 1534; x_wconf 93' lang='lat' dir='ltr'><strong>ut</strong></span> 
     </span>
    </p>
   </div>
   <div class='ocr_carea' id='block_1_17' title="bbox 356 1569 1929 1640">
    <p class='ocr_par' dir='ltr' id='par_1_17' title="bbox 356 1569 1929 1640">
     <span class='ocr_line' id='line_1_17' title="bbox 356 1569 1929 1640; baseline 0.001 -16"><span class='ocrx_word' id='word_1_85' title='bbox 356 1569 550 1625; x_wconf 86' lang='lat' dir='ltr'><strong>eadem</strong></span> <span class='ocrx_word' id='word_1_86' title='bbox 573 1571 888 1626; x_wconf 89' lang='lat' dir='ltr'><strong>absurditas</strong></span> <span class='ocrx_word' id='word_1_87' title='bbox 922 1571 1081 1626; x_wconf 87' lang='lat' dir='ltr'><strong>vobis</strong></span> <span class='ocrx_word' id='word_1_88' title='bbox 1099 1585 1318 1640; x_wconf 84' lang='lat' dir='ltr'><strong>quoque</strong></span> <span class='ocrx_word' id='word_1_89' title='bbox 1354 1569 1668 1640; x_wconf 80' lang='lat' dir='ltr'><strong>colligatur.</strong></span> <span class='ocrx_word' id='word_1_90' title='bbox 1696 1571 1752 1626; x_wconf 88' lang='lat' dir='ltr'><strong>Si</strong></span> <span class='ocrx_word' id='word_1_91' title='bbox 1781 1572 1929 1626; x_wconf 86' lang='lat' dir='ltr'><strong>enim</strong></span> 
     </span>
    </p>
   </div>
   <div class='ocr_carea' id='block_1_18' title="bbox 356 1661 1929 1728">
    <p class='ocr_par' dir='ltr' id='par_1_18' title="bbox 356 1661 1929 1728">
     <span class='ocr_line' id='line_1_18' title="bbox 356 1661 1929 1728; baseline 0 -10"><span class='ocrx_word' id='word_1_92' title='bbox 356 1661 638 1718; x_wconf 87' lang='lat' dir='ltr'><strong>Christum</strong></span> <span class='ocrx_word' id='word_1_93' title='bbox 661 1679 729 1718; x_wconf 81' lang='lat' dir='ltr'><strong>ex</strong></span> <span class='ocrx_word' id='word_1_94' title='bbox 753 1663 968 1718; x_wconf 88' lang='lat' dir='ltr'><strong>duabus</strong></span> <span class='ocrx_word' id='word_1_95' title='bbox 990 1663 1206 1717; x_wconf 87' lang='lat' dir='ltr'><strong>naturis</strong></span> <span class='ocrx_word' id='word_1_96' title='bbox 1234 1661 1441 1728; x_wconf 86' lang='lat' dir='ltr'><strong>dicitis,</strong></span> <span class='ocrx_word' id='word_1_97' title='bbox 1471 1671 1639 1718; x_wconf 86' lang='lat' dir='ltr'><strong>erunt</strong></span> <span class='ocrx_word' id='word_1_98' title='bbox 1667 1665 1929 1718; x_wconf 88' lang='lat' dir='ltr'><strong>nimirum</strong></span> 
     </span>
    </p>
   </div>
   <div class='ocr_carea' id='block_1_19' title="bbox 356 1750 1932 1826">
    <p class='ocr_par' dir='ltr' id='par_1_19' title="bbox 356 1750 1932 1826">
     <span class='ocr_line' id='line_1_19' title="bbox 356 1750 1932 1826; baseline 0 -18"><span class='ocrx_word' id='word_1_99' title='bbox 356 1765 414 1809; x_wconf 87' lang='lat' dir='ltr'><strong>et</strong></span> <span class='ocrx_word' id='word_1_100' title='bbox 447 1755 772 1826; x_wconf 83' lang='lat' dir='ltr'><strong>hyposlases</strong></span> <span class='ocrx_word' id='word_1_101' title='bbox 797 1755 942 1818; x_wconf 70' lang='lat' dir='ltr'><strong>dum,</strong></span> <span class='ocrx_word' id='word_1_102' title='bbox 989 1765 1044 1809; x_wconf 91' lang='lat' dir='ltr'><strong>et</strong></span> <span class='ocrx_word' id='word_1_103' title='bbox 1075 1754 1200 1809; x_wconf 76' lang='lat' dir='ltr'><strong>dua:</strong></span> <span class='ocrx_word' id='word_1_104' title='bbox 1258 1750 1532 1824; x_wconf 61' lang='lat' dir='ltr'><strong>personae</strong></span> <span class='ocrx_word' id='word_1_105' title='bbox 1559 1769 1808 1809; x_wconf 86' lang='lat' dir='ltr'><strong>seorsum</strong></span> <span class='ocrx_word' id='word_1_106' title='bbox 1867 1771 1932 1808; x_wconf 88' lang='lat' dir='ltr'><strong>ac</strong></span> 
     </span>
    </p>
   </div>
   <div class='ocr_carea' id='block_1_20' title="bbox 357 1845 1928 1917">
    <p class='ocr_par' dir='ltr' id='par_1_20' title="bbox 357 1845 1928 1917">
     <span class='ocr_line' id='line_1_20' title="bbox 357 1845 1928 1917; baseline 0.003 -19"><span class='ocrx_word' id='word_1_107' title='bbox 357 1845 712 1914; x_wconf 88' lang='lat' dir='ltr'><strong>peculiariter</strong></span> <span class='ocrx_word' id='word_1_108' title='bbox 763 1845 1228 1916; x_wconf 67' lang='lat' dir='ltr'><strong>circumscriptae;</strong></span> <span class='ocrx_word' id='word_1_109' title='bbox 1275 1855 1648 1917; x_wconf 83' lang='lat' dir='ltr'><strong>sequeturque</strong></span> <span class='ocrx_word' id='word_1_110' title='bbox 1687 1847 1754 1901; x_wconf 89' lang='lat' dir='ltr'><strong>de</strong></span> <span class='ocrx_word' id='word_1_111' title='bbox 1805 1848 1928 1916; x_wconf 88' lang='lat' dir='ltr'><strong>opi-</strong></span> 
     </span>
    </p>
   </div>
   <div class='ocr_carea' id='block_1_21' title="bbox 355 1937 1930 2008">
    <p class='ocr_par' dir='ltr' id='par_1_21' title="bbox 355 1937 1930 2008">
     <span class='ocr_line' id='line_1_21' title="bbox 355 1937 1930 2008; baseline 0.001 -17"><span class='ocrx_word' id='word_1_112' title='bbox 355 1937 522 1992; x_wconf 87' lang='lat' dir='ltr'><strong>nione</strong></span> <span class='ocrx_word' id='word_1_113' title='bbox 539 1946 739 2003; x_wconf 84' lang='lat' dir='ltr'><strong>vestra,</strong></span> <span class='ocrx_word' id='word_1_114' title='bbox 763 1938 908 2008; x_wconf 89' lang='lat' dir='ltr'><strong>quod</strong></span> <span class='ocrx_word' id='word_1_115' title='bbox 927 1947 1046 1992; x_wconf 89' lang='lat' dir='ltr'><strong>erat</strong></span> <span class='ocrx_word' id='word_1_116' title='bbox 1063 1937 1377 1992; x_wconf 83' lang='lat' dir='ltr'><strong>humanitas</strong></span> <span class='ocrx_word' id='word_1_117' title='bbox 1403 1937 1699 2008; x_wconf 83' lang='lat' dir='ltr'><strong>aliquando</strong></span> <span class='ocrx_word' id='word_1_118' title='bbox 1723 1938 1930 2008; x_wconf 87' lang='lat' dir='ltr'><strong>absque</strong></span> 
     </span>
    </p>
   </div>
   <div class='ocr_carea' id='block_1_22' title="bbox 357 2012 2009 2100">
    <p class='ocr_par' dir='ltr' id='par_1_22' title="bbox 357 2012 2009 2100">
     <span class='ocr_line' id='line_1_22' title="bbox 357 2012 2009 2100; baseline 0.004 -20"><span class='ocrx_word' id='word_1_119' title='bbox 357 2025 645 2082; x_wconf 89' lang='lat' dir='ltr'><strong>divinitate</strong></span> <span class='ocrx_word' id='word_1_120' title='bbox 679 2045 694 2082; x_wconf 90' lang='lat'><strong>:</strong></span> <span class='ocrx_word' id='word_1_121' title='bbox 732 2029 880 2099; x_wconf 90' lang='lat' dir='ltr'><strong>quod</strong></span> <span class='ocrx_word' id='word_1_122' title='bbox 910 2029 1210 2084; x_wconf 88' lang='lat' dir='ltr'><strong>absurdum</strong></span> <span class='ocrx_word' id='word_1_123' title='bbox 1239 2039 1342 2094; x_wconf 88' lang='lat' dir='ltr'><strong>est,</strong></span> <span class='ocrx_word' id='word_1_124' title='bbox 1377 2045 1441 2084; x_wconf 88' lang='lat' dir='ltr'><strong>ac</strong></span> <span class='ocrx_word' id='word_1_125' title='bbox 1471 2045 1538 2084; x_wconf 90' lang='lat' dir='ltr'><strong>ne</strong></span> <span class='ocrx_word' id='word_1_126' title='bbox 1567 2045 1664 2084; x_wconf 87' lang='lat' dir='ltr'><strong>vos</strong></span> <span class='ocrx_word' id='word_1_127' title='bbox 1709 2030 1934 2100; x_wconf 86' lang='lat' dir='ltr'><strong>quidem</strong></span> <span class='ocrx_word' id='word_1_128' title='bbox 1967 2012 2009 2067; x_wconf 76' lang='grc' dir='ltr'>Β</span> 
     </span>
    </p>
   </div>
   <div class='ocr_carea' id='block_1_23' title="bbox 357 2118 1928 2190">
    <p class='ocr_par' dir='ltr' id='par_1_23' title="bbox 357 2118 1928 2190">
     <span class='ocr_line' id='line_1_23' title="bbox 357 2118 1928 2190; baseline 0.003 -19"><span class='ocrx_word' id='word_1_129' title='bbox 357 2118 513 2174; x_wconf 81' lang='lat' dir='ltr'><strong>fateri</strong></span> <span class='ocrx_word' id='word_1_130' title='bbox 544 2121 848 2176; x_wconf 87' lang='lat' dir='ltr'><strong>sus-tinctis.</strong></span> <span class='ocrx_word' id='word_1_131' title='bbox 881 2121 1016 2175; x_wconf 87' lang='lat' dir='ltr'><strong>Nam</strong></span> <span class='ocrx_word' id='word_1_132' title='bbox 1042 2119 1188 2190; x_wconf 89' lang='lat' dir='ltr'><strong>quod</strong></span> <span class='ocrx_word' id='word_1_133' title='bbox 1211 2136 1311 2174; x_wconf 87' lang='lat' dir='ltr'><strong>vos</strong></span> <span class='ocrx_word' id='word_1_134' title='bbox 1335 2119 1518 2174; x_wconf 90' lang='lat' dir='ltr'><strong>dicitis</strong></span> <span class='ocrx_word' id='word_1_135' title='bbox 1545 2121 1760 2175; x_wconf 88' lang='lat' dir='ltr'><strong>unitum</strong></span> <span class='ocrx_word' id='word_1_136' title='bbox 1789 2135 1928 2186; x_wconf 89' lang='lat' dir='ltr'><strong>esse,</strong></span> 
     </span>
    </p>
   </div>
   <div class='ocr_carea' id='block_1_24' title="bbox 357 2210 1932 2282">
    <p class='ocr_par' dir='ltr' id='par_1_24' title="bbox 357 2210 1932 2282">
     <span class='ocr_line' id='line_1_24' title="bbox 357 2210 1932 2282; baseline 0.003 -20"><span class='ocrx_word' id='word_1_137' title='bbox 357 2210 462 2266; x_wconf 93' lang='lat' dir='ltr'><strong>hoc</strong></span> <span class='ocrx_word' id='word_1_138' title='bbox 491 2226 594 2266; x_wconf 90' lang='lat' dir='ltr'><strong>nos</strong></span> <span class='ocrx_word' id='word_1_139' title='bbox 625 2212 860 2267; x_wconf 84' lang='lat' dir='ltr'><strong>dicimus</strong></span> <span class='ocrx_word' id='word_1_140' title='bbox 891 2220 1017 2282; x_wconf 90' lang='lat' dir='ltr'><strong>post</strong></span> <span class='ocrx_word' id='word_1_141' title='bbox 1056 2213 1339 2267; x_wconf 89' lang='lat' dir='ltr'><strong>unionem.</strong></span> <span class='ocrx_word' id='word_1_142' title='bbox 1387 2211 1684 2266; x_wconf 81' lang='lat' dir='ltr'><strong>Enimvero</strong></span> <span class='ocrx_word' id='word_1_143' title='bbox 1729 2213 1774 2266; x_wconf 90' lang='lat' dir='ltr'><strong>si</strong></span> <span class='ocrx_word' id='word_1_144' title='bbox 1821 2227 1932 2266; x_wconf 88' lang='lat' dir='ltr'><strong>non</strong></span> 
     </span>
    </p>
   </div>
   <div class='ocr_carea' id='block_1_25' title="bbox 357 2299 1932 2374">
    <p class='ocr_par' dir='ltr' id='par_1_25' title="bbox 357 2299 1932 2374">
     <span class='ocr_line' id='line_1_25' title="bbox 357 2299 1932 2374; baseline 0.002 -19"><span class='ocrx_word' id='word_1_145' title='bbox 357 2302 730 2374; x_wconf 81' lang='lat' dir='ltr'><strong>bypostaticas</strong></span> <span class='ocrx_word' id='word_1_146' title='bbox 765 2299 992 2360; x_wconf 87' lang='lat' dir='ltr'><strong>naturas</strong></span> <span class='ocrx_word' id='word_1_147' title='bbox 1015 2306 1200 2360; x_wconf 87' lang='lat' dir='ltr'><strong>unitas</strong></span> <span class='ocrx_word' id='word_1_148' title='bbox 1231 2321 1354 2360; x_wconf 85' lang='lat' dir='ltr'><strong>esse</strong></span> <span class='ocrx_word' id='word_1_149' title='bbox 1387 2305 1573 2358; x_wconf 89' lang='lat' dir='ltr'><strong>dicitis</strong></span> <span class='ocrx_word' id='word_1_150' title='bbox 1599 2343 1614 2366; x_wconf 84' lang='lat'><strong>,</strong></span> <span class='ocrx_word' id='word_1_151' title='bbox 1657 2304 1802 2358; x_wconf 89' lang='lat' dir='ltr'><strong>idem</strong></span> <span class='ocrx_word' id='word_1_152' title='bbox 1829 2320 1932 2358; x_wconf 87' lang='lat' dir='ltr'><strong>nos</strong></span> 
     </span>
    </p>
   </div>
   <div class='ocr_carea' id='block_1_26' title="bbox 355 2395 1929 2468">
    <p class='ocr_par' dir='ltr' id='par_1_26' title="bbox 355 2395 1929 2468">
     <span class='ocr_line' id='line_1_26' title="bbox 355 2395 1929 2468; baseline 0.001 -21"><span class='ocrx_word' id='word_1_153' title='bbox 355 2410 577 2464; x_wconf 86' lang='lat' dir='ltr'><strong>quoque</strong></span> <span class='ocrx_word' id='word_1_154' title='bbox 603 2395 842 2452; x_wconf 84' lang='lat' dir='ltr'><strong>dicimus</strong></span> <span class='ocrx_word' id='word_1_155' title='bbox 872 2415 888 2451; x_wconf 89' lang='lat'><strong>:</strong></span> <span class='ocrx_word' id='word_1_156' title='bbox 915 2399 1002 2450; x_wconf 89' lang='lat' dir='ltr'><strong>sin</strong></span> <span class='ocrx_word' id='word_1_157' title='bbox 1053 2397 1464 2468; x_wconf 84' lang='lat' dir='ltr'><strong>hypostatieas,</strong></span> <span class='ocrx_word' id='word_1_158' title='bbox 1516 2396 1816 2450; x_wconf 89' lang='lat' dir='ltr'><strong>absurdum</strong></span> <span class='ocrx_word' id='word_1_159' title='bbox 1875 2395 1929 2449; x_wconf 93' lang='lat' dir='ltr'><strong>id</strong></span> 
     </span>
    </p>
   </div>
   <div class='ocr_carea' id='block_1_27' title="bbox 355 2487 1932 2556">
    <p class='ocr_par' dir='ltr' id='par_1_27' title="bbox 355 2487 1932 2556">
     <span class='ocr_line' id='line_1_27' title="bbox 355 2487 1932 2556; baseline 0.002 -18"><span class='ocrx_word' id='word_1_160' title='bbox 355 2487 579 2556; x_wconf 90' lang='lat' dir='ltr'><strong>quidem</strong></span> <span class='ocrx_word' id='word_1_161' title='bbox 611 2488 801 2555; x_wconf 83' lang='lat' dir='ltr'><strong>fateri;</strong></span> <span class='ocrx_word' id='word_1_162' title='bbox 841 2488 1215 2544; x_wconf 87' lang='lat' dir='ltr'><strong>sed&#39;diccmus</strong></span> <span class='ocrx_word' id='word_1_163' title='bbox 1246 2497 1452 2553; x_wconf 85' lang='lat' dir='ltr'><strong>tamen,</strong></span> <span class='ocrx_word' id='word_1_164' title='bbox 1483 2487 1645 2542; x_wconf 90' lang='lat' dir='ltr'><strong>vobis</strong></span> <span class='ocrx_word' id='word_1_165' title='bbox 1675 2487 1814 2542; x_wconf 90' lang='lat' dir='ltr'><strong>hanc</strong></span> <span class='ocrx_word' id='word_1_166' title='bbox 1836 2487 1932 2541; x_wconf 86' lang='lat' dir='ltr'><strong>ab-</strong></span> 
     </span>
    </p>
   </div>
   <div class='ocr_carea' id='block_1_28' title="bbox 355 2579 1932 2649">
    <p class='ocr_par' dir='ltr' id='par_1_28' title="bbox 355 2579 1932 2649">
     <span class='ocr_line' id='line_1_28' title="bbox 355 2579 1932 2649; baseline 0.001 -17"><span class='ocrx_word' id='word_1_167' title='bbox 355 2579 683 2634; x_wconf 87' lang='lat' dir='ltr'><strong>surditatem</strong></span> <span class='ocrx_word' id='word_1_168' title='bbox 714 2581 948 2634; x_wconf 84' lang='lat' dir='ltr'><strong>exorsis.</strong></span> <span class='ocrx_word' id='word_1_169' title='bbox 999 2580 1070 2636; x_wconf 89' lang='lat' dir='ltr'><strong>Ut</strong></span> <span class='ocrx_word' id='word_1_170' title='bbox 1117 2588 1300 2634; x_wconf 89' lang='lat' dir='ltr'><strong>autem</strong></span> <span class='ocrx_word' id='word_1_171' title='bbox 1342 2589 1398 2634; x_wconf 89' lang='lat' dir='ltr'><strong>et</strong></span> <span class='ocrx_word' id='word_1_172' title='bbox 1443 2579 1774 2649; x_wconf 89' lang='lat' dir='ltr'><strong>opponendo</strong></span> <span class='ocrx_word' id='word_1_173' title='bbox 1821 2579 1932 2634; x_wconf 85' lang='lat' dir='ltr'><strong>sol-</strong></span> 
     </span>
    </p>
   </div>
   <div class='ocr_carea' id='block_1_29' title="bbox 355 2668 1928 2741">
    <p class='ocr_par' dir='ltr' id='par_1_29' title="bbox 355 2668 1928 2741">
     <span class='ocr_line' id='line_1_29' title="bbox 355 2668 1928 2741; baseline 0 -19"><span class='ocrx_word' id='word_1_174' title='bbox 355 2685 550 2724; x_wconf 80' lang='lat' dir='ltr'><strong>vamus</strong></span> <span class='ocrx_word' id='word_1_175' title='bbox 586 2671 882 2740; x_wconf 77' lang='lat' dir='ltr'><strong>obiectum,</strong></span> <span class='ocrx_word' id='word_1_176' title='bbox 924 2670 1086 2725; x_wconf 88' lang='lat' dir='ltr'><strong>aliam</strong></span> <span class='ocrx_word' id='word_1_177' title='bbox 1125 2686 1346 2741; x_wconf 90' lang='lat' dir='ltr'><strong>quoque</strong></span> <span class='ocrx_word' id='word_1_178' title='bbox 1385 2669 1762 2724; x_wconf 80' lang='lat' dir='ltr'><strong>diﬂicultatem</strong></span> <span class='ocrx_word' id='word_1_179' title='bbox 1792 2668 1928 2723; x_wconf 82' lang='lat' dir='ltr'><strong>aﬁ&#39;e-</strong></span> 
     </span>
    </p>
   </div>
   <div class='ocr_carea' id='block_1_30' title="bbox 353 2757 1930 2830">
    <p class='ocr_par' dir='ltr' id='par_1_30' title="bbox 353 2757 1930 2830">
     <span class='ocr_line' id='line_1_30' title="bbox 353 2757 1930 2830; baseline -0.003 -16"><span class='ocrx_word' id='word_1_180' title='bbox 353 2769 506 2824; x_wconf 87' lang='lat' dir='ltr'><strong>runt,</strong></span> <span class='ocrx_word' id='word_1_181' title='bbox 535 2761 700 2830; x_wconf 88' lang='lat' dir='ltr'><strong>priori</strong></span> <span class='ocrx_word' id='word_1_182' title='bbox 724 2761 983 2826; x_wconf 90' lang='lat' dir='ltr'><strong>similem,</strong></span> <span class='ocrx_word' id='word_1_183' title='bbox 1009 2760 1104 2814; x_wconf 89' lang='lat' dir='ltr'><strong>sed</strong></span> <span class='ocrx_word' id='word_1_184' title='bbox 1122 2775 1244 2830; x_wconf 65' lang='lat' dir='ltr'><strong>qum</strong></span> <span class='ocrx_word' id='word_1_185' title='bbox 1269 2759 1488 2814; x_wconf 85' lang='lat' dir='ltr'><strong>diverso</strong></span> <span class='ocrx_word' id='word_1_186' title='bbox 1509 2757 1746 2828; x_wconf 86' lang='lat' dir='ltr'><strong>quodam</strong></span> <span class='ocrx_word' id='word_1_187' title='bbox 1767 2757 1930 2810; x_wconf 87' lang='lat' dir='ltr'><strong>modo</strong></span> 
     </span>
    </p>
   </div>
   <div class='ocr_carea' id='block_1_31' title="bbox 357 2847 1929 2929">
    <p class='ocr_par' dir='ltr' id='par_1_31' title="bbox 357 2847 1929 2929">
     <span class='ocr_line' id='line_1_31' title="bbox 357 2847 1929 2929; baseline -0.002 -27"><span class='ocrx_word' id='word_1_188' title='bbox 357 2849 599 2914; x_wconf 81' lang='lat' dir='ltr'><strong>texitur;</strong></span> <span class='ocrx_word' id='word_1_189' title='bbox 627 2865 734 2918; x_wconf 88' lang='lat' dir='ltr'><strong>qua</strong></span> <span class='ocrx_word' id='word_1_190' title='bbox 765 2849 943 2903; x_wconf 88' lang='lat' dir='ltr'><strong>solula</strong></span> <span class='ocrx_word' id='word_1_191' title='bbox 973 2864 1195 2918; x_wconf 90' lang='lat' dir='ltr'><strong>quoque</strong></span> <span class='ocrx_word' id='word_1_192' title='bbox 1243 2847 1496 2918; x_wconf 88' lang='lat' dir='ltr'><strong>superior</strong></span> <span class='ocrx_word' id='word_1_193' title='bbox 1539 2847 1666 2902; x_wconf 88' lang='lat' dir='ltr'><strong>erit.</strong></span> <span class='ocrx_word' id='word_1_194' title='bbox 1702 2847 1800 2929; x_wconf 65' lang='lat' dir='ltr'><strong>Est</strong></span> <span class='ocrx_word' id='word_1_195' title='bbox 1827 2861 1929 2900; x_wconf 83' lang='lat' dir='ltr'><strong>au-</strong></span> 
     </span>
    </p>
   </div>
   <div class='ocr_carea' id='block_1_32' title="bbox 356 2937 1926 3012">
    <p class='ocr_par' dir='ltr' id='par_1_32' title="bbox 356 2937 1926 3012">
     <span class='ocr_line' id='line_1_32' title="bbox 356 2937 1926 3012; baseline -0.001 -19"><span class='ocrx_word' id='word_1_196' title='bbox 356 2951 471 2997; x_wconf 85' lang='lat' dir='ltr'><strong>tem</strong></span> <span class='ocrx_word' id='word_1_197' title='bbox 505 2942 825 3012; x_wconf 84' lang='lat' dir='ltr'><strong>hujusmodi</strong></span> <span class='ocrx_word' id='word_1_198' title='bbox 857 2959 870 2997; x_wconf 88' lang='lat'><strong>:</strong></span> <span class='ocrx_word' id='word_1_199' title='bbox 902 2942 959 2997; x_wconf 91' lang='lat' dir='ltr'><strong>Si</strong></span> <span class='ocrx_word' id='word_1_200' title='bbox 989 2943 1127 2996; x_wconf 87' lang='lat' dir='ltr'><strong>duas</strong></span> <span class='ocrx_word' id='word_1_201' title='bbox 1156 2949 1382 2995; x_wconf 85' lang='lat' dir='ltr'><strong>naturas</strong></span> <span class='ocrx_word' id='word_1_202' title='bbox 1410 2940 1618 3002; x_wconf 89' lang='lat' dir='ltr'><strong>dicitis,</strong></span> <span class='ocrx_word' id='word_1_203' title='bbox 1648 2937 1926 3009; x_wconf 88' lang='lat' dir='ltr'><strong>inquiunt,</strong></span> 
     </span>
    </p>
   </div>
   <div class='ocr_carea' id='block_1_33' title="bbox 356 3031 1928 3105">
    <p class='ocr_par' dir='ltr' id='par_1_33' title="bbox 356 3031 1928 3105">
     <span class='ocr_line' id='line_1_33' title="bbox 356 3031 1928 3105; baseline -0.003 -17"><span class='ocrx_word' id='word_1_204' title='bbox 356 3043 451 3088; x_wconf 89' lang='lat' dir='ltr'><strong>aut</strong></span> <span class='ocrx_word' id='word_1_205' title='bbox 485 3034 840 3105; x_wconf 71' lang='lat' dir='ltr'><strong>liypostaticm</strong></span> <span class='ocrx_word' id='word_1_206' title='bbox 868 3043 1018 3099; x_wconf 89' lang='lat' dir='ltr'><strong>sunt,</strong></span> <span class='ocrx_word' id='word_1_207' title='bbox 1059 3044 1154 3088; x_wconf 91' lang='lat' dir='ltr'><strong>aut</strong></span> <span class='ocrx_word' id='word_1_208' title='bbox 1182 3050 1291 3088; x_wconf 88' lang='lat' dir='ltr'><strong>non</strong></span> <span class='ocrx_word' id='word_1_209' title='bbox 1323 3031 1698 3104; x_wconf 70' lang='lat' dir='ltr'><strong>hypostaticze.</strong></span> <span class='ocrx_word' id='word_1_210' title='bbox 1733 3031 1789 3085; x_wconf 90' lang='lat' dir='ltr'><strong>Si</strong></span> <span class='ocrx_word' id='word_1_211' title='bbox 1827 3031 1928 3100; x_wconf 83' lang='lat' dir='ltr'><strong>hy-</strong></span> 
     </span>
    </p>
   </div>
   <div class='ocr_carea' id='block_1_34' title="bbox 355 3116 1930 3196">
    <p class='ocr_par' dir='ltr' id='par_1_34' title="bbox 355 3116 1930 3196">
     <span class='ocr_line' id='line_1_34' title="bbox 355 3116 1930 3196; baseline -0.003 -17"><span class='ocrx_word' id='word_1_212' title='bbox 355 3127 657 3194; x_wconf 61' lang='lat' dir='ltr'><strong>postaticaa,</strong></span> <span class='ocrx_word' id='word_1_213' title='bbox 685 3142 951 3196; x_wconf 84' lang='lat' dir='ltr'><strong>personas</strong></span> <span class='ocrx_word' id='word_1_214' title='bbox 989 3127 1126 3180; x_wconf 90' lang='lat' dir='ltr'><strong>duas</strong></span> <span class='ocrx_word' id='word_1_215' title='bbox 1159 3116 1556 3185; x_wconf 84' lang='lat' dir='ltr'><strong>introducitis,</strong></span> <span class='ocrx_word' id='word_1_216' title='bbox 1594 3133 1649 3178; x_wconf 88' lang='lat' dir='ltr'><strong>et</strong></span> <span class='ocrx_word' id='word_1_217' title='bbox 1677 3122 1930 3178; x_wconf 88' lang='lat' dir='ltr'><strong>Christos</strong></span> 
     </span>
    </p>
   </div>
   <div class='ocr_carea' id='block_1_35' title="bbox 355 3211 1927 3286">
    <p class='ocr_par' dir='ltr' id='par_1_35' title="bbox 355 3211 1927 3286">
     <span class='ocr_line' id='line_1_35' title="bbox 355 3211 1927 3286; baseline -0.003 -18"><span class='ocrx_word' id='word_1_218' title='bbox 355 3216 498 3271; x_wconf 84' lang='lat' dir='ltr'><strong>duos</strong></span> <span class='ocrx_word' id='word_1_219' title='bbox 519 3257 533 3280; x_wconf 91' lang='lat'><strong>,</strong></span> <span class='ocrx_word' id='word_1_220' title='bbox 557 3223 614 3271; x_wconf 92' lang='lat' dir='ltr'><strong>et</strong></span> <span class='ocrx_word' id='word_1_221' title='bbox 641 3217 780 3271; x_wconf 87' lang='lat' dir='ltr'><strong>duos</strong></span> <span class='ocrx_word' id='word_1_222' title='bbox 819 3217 979 3272; x_wconf 84' lang='lat' dir='ltr'><strong>ﬁlios.</strong></span> <span class='ocrx_word' id='word_1_223' title='bbox 1021 3215 1076 3270; x_wconf 91' lang='lat' dir='ltr'><strong>Si</strong></span> <span class='ocrx_word' id='word_1_224' title='bbox 1102 3231 1212 3270; x_wconf 88' lang='lat' dir='ltr'><strong>non</strong></span> <span class='ocrx_word' id='word_1_225' title='bbox 1243 3215 1619 3286; x_wconf 73' lang='lat' dir='ltr'><strong>hypostatieae,</strong></span> <span class='ocrx_word' id='word_1_226' title='bbox 1650 3227 1836 3266; x_wconf 89' lang='lat' dir='ltr'><strong>rerum</strong></span> <span class='ocrx_word' id='word_1_227' title='bbox 1871 3211 1927 3265; x_wconf 91' lang='lat' dir='ltr'><strong>in</strong></span> 
     </span>
    </p>
   </div>
   <div class='ocr_carea' id='block_1_36' title="bbox 355 3301 2000 3399">
    <p class='ocr_par' dir='ltr' id='par_1_36' title="bbox 355 3301 2000 3399">
     <span class='ocr_line' id='line_1_36' title="bbox 355 3301 2000 3399; baseline -0.005 -37"><span class='ocrx_word' id='word_1_228' title='bbox 355 3316 552 3363; x_wconf 85' lang='lat' dir='ltr'><strong>natura</strong></span> <span class='ocrx_word' id='word_1_229' title='bbox 586 3325 698 3362; x_wconf 87' lang='lat' dir='ltr'><strong>non</strong></span> <span class='ocrx_word' id='word_1_230' title='bbox 733 3317 882 3364; x_wconf 86' lang='lat' dir='ltr'><strong>sunt.</strong></span> <span class='ocrx_word' id='word_1_231' title='bbox 927 3309 996 3364; x_wconf 82' lang='lat' dir='ltr'><strong>At</strong></span> <span class='ocrx_word' id='word_1_232' title='bbox 1023 3323 1156 3363; x_wconf 91' lang='lat' dir='ltr'><strong>vero</strong></span> <span class='ocrx_word' id='word_1_233' title='bbox 1185 3307 1369 3362; x_wconf 88' lang='lat' dir='ltr'><strong>dicere</strong></span> <span class='ocrx_word' id='word_1_234' title='bbox 1397 3347 1412 3370; x_wconf 96' lang='lat'><strong>,</strong></span> <span class='ocrx_word' id='word_1_235' title='bbox 1446 3313 1678 3359; x_wconf 86' lang='lat' dir='ltr'><strong>naturas</strong></span> <span class='ocrx_word' id='word_1_236' title='bbox 1722 3301 1925 3358; x_wconf 82' lang='lat' dir='ltr'><strong>Christi</strong></span> <span class='ocrx_word' id='word_1_237' title='bbox 1956 3341 2000 3399; x_wconf 62' lang='grc' dir='ltr'>α</span> 
     </span>
    </p>
   </div>
   <div class='ocr_carea' id='block_1_37' title="bbox 355 3397 1925 3470">
    <p class='ocr_par' dir='ltr' id='par_1_37' title="bbox 355 3397 1925 3470">
     <span class='ocr_line' id='line_1_37' title="bbox 355 3397 1925 3470; baseline -0.005 -12"><span class='ocrx_word' id='word_1_238' title='bbox 355 3420 468 3459; x_wconf 83' lang='lat' dir='ltr'><strong>non</strong></span> <span class='ocrx_word' id='word_1_239' title='bbox 493 3421 615 3460; x_wconf 87' lang='lat' dir='ltr'><strong>esse</strong></span> <span class='ocrx_word' id='word_1_240' title='bbox 641 3407 696 3460; x_wconf 86' lang='lat' dir='ltr'><strong>in</strong></span> <span class='ocrx_word' id='word_1_241' title='bbox 728 3415 926 3460; x_wconf 86' lang='lat' dir='ltr'><strong>natura</strong></span> <span class='ocrx_word' id='word_1_242' title='bbox 953 3421 1158 3470; x_wconf 89' lang='lat' dir='ltr'><strong>rerum,</strong></span> <span class='ocrx_word' id='word_1_243' title='bbox 1200 3403 1500 3458; x_wconf 75' lang='lat' dir='ltr'><strong>absurdum</strong></span> <span class='ocrx_word' id='word_1_244' title='bbox 1531 3407 1636 3454; x_wconf 88' lang='lat' dir='ltr'><strong>est.</strong></span> <span class='ocrx_word' id='word_1_245' title='bbox 1669 3397 1752 3452; x_wconf 85' lang='lat' dir='ltr'><strong>Ad</strong></span> <span class='ocrx_word' id='word_1_246' title='bbox 1781 3398 1925 3451; x_wconf 85' lang='lat' dir='ltr'><strong>hanc</strong></span> 
     </span>
    </p>
   </div>
   <div class='ocr_carea' id='block_1_38' title="bbox 355 3491 1925 3568">
    <p class='ocr_par' dir='ltr' id='par_1_38' title="bbox 355 3491 1925 3568">
     <span class='ocr_line' id='line_1_38' title="bbox 355 3491 1925 3568; baseline -0.006 -17"><span class='ocrx_word' id='word_1_247' title='bbox 355 3497 722 3568; x_wconf 76' lang='lat' dir='ltr'><strong>objectioncm</strong></span> <span class='ocrx_word' id='word_1_248' title='bbox 753 3513 947 3554; x_wconf 89' lang='lat' dir='ltr'><strong>rursus</strong></span> <span class='ocrx_word' id='word_1_249' title='bbox 988 3509 1044 3553; x_wconf 90' lang='lat' dir='ltr'><strong>et</strong></span> <span class='ocrx_word' id='word_1_250' title='bbox 1075 3495 1332 3552; x_wconf 87' lang='lat' dir='ltr'><strong>instando</strong></span> <span class='ocrx_word' id='word_1_251' title='bbox 1361 3503 1418 3549; x_wconf 88' lang='lat' dir='ltr'><strong>et</strong></span> <span class='ocrx_word' id='word_1_252' title='bbox 1445 3491 1776 3562; x_wconf 87' lang='lat' dir='ltr'><strong>opponendo</strong></span> <span class='ocrx_word' id='word_1_253' title='bbox 1819 3505 1925 3560; x_wconf 87' lang='lat' dir='ltr'><strong>pu-</strong></span> 
     </span>
    </p>
   </div>
   <div class='ocr_carea' id='block_1_39' title="bbox 357 3581 1923 3658">
    <p class='ocr_par' dir='ltr' id='par_1_39' title="bbox 357 3581 1923 3658">
     <span class='ocr_line' id='line_1_39' title="bbox 357 3581 1923 3658; baseline -0.003 -18"><span class='ocrx_word' id='word_1_254' title='bbox 357 3603 609 3656; x_wconf 78' lang='lat' dir='ltr'><strong>gnamus.</strong></span> <span class='ocrx_word' id='word_1_255' title='bbox 661 3589 964 3654; x_wconf 81' lang='lat' dir='ltr'><strong>lnstando,</strong></span> <span class='ocrx_word' id='word_1_256' title='bbox 1024 3589 1156 3658; x_wconf 86' lang='lat' dir='ltr'><strong>quia</strong></span> <span class='ocrx_word' id='word_1_257' title='bbox 1201 3586 1342 3640; x_wconf 88' lang='lat' dir='ltr'><strong>male</strong></span> <span class='ocrx_word' id='word_1_258' title='bbox 1387 3584 1652 3654; x_wconf 86' lang='lat' dir='ltr'><strong>objicitis.</strong></span> <span class='ocrx_word' id='word_1_259' title='bbox 1703 3583 1840 3638; x_wconf 89' lang='lat' dir='ltr'><strong>Nam</strong></span> <span class='ocrx_word' id='word_1_260' title='bbox 1877 3581 1923 3636; x_wconf 87' lang='lat' dir='ltr'><strong>si</strong></span> 
     </span>
    </p>
   </div>
   <div class='ocr_carea' id='block_1_40' title="bbox 355 3669 1930 3743">
    <p class='ocr_par' dir='ltr' id='par_1_40' title="bbox 355 3669 1930 3743">
     <span class='ocr_line' id='line_1_40' title="bbox 355 3669 1930 3743; baseline -0.005 -9"><span class='ocrx_word' id='word_1_261' title='bbox 355 3677 632 3734; x_wconf 84' lang='lat' dir='ltr'><strong>Christum</strong></span> <span class='ocrx_word' id='word_1_262' title='bbox 674 3696 742 3735; x_wconf 80' lang='lat' dir='ltr'><strong>ex</strong></span> <span class='ocrx_word' id='word_1_263' title='bbox 788 3680 1007 3734; x_wconf 84' lang='lat' dir='ltr'><strong>naturis</strong></span> <span class='ocrx_word' id='word_1_264' title='bbox 1045 3679 1261 3733; x_wconf 87' lang='lat' dir='ltr'><strong>duabus</strong></span> <span class='ocrx_word' id='word_1_265' title='bbox 1301 3677 1505 3738; x_wconf 88' lang='lat' dir='ltr'><strong>dicitis,</strong></span> <span class='ocrx_word' id='word_1_266' title='bbox 1577 3675 1662 3728; x_wconf 75' lang='lat' dir='ltr'><strong>hee</strong></span> <span class='ocrx_word' id='word_1_267' title='bbox 1708 3669 1930 3743; x_wconf 83' lang='lat' dir='ltr'><strong>quoque</strong></span> 
     </span>
    </p>
   </div>
   <div class='ocr_carea' id='block_1_41' title="bbox 355 3765 1925 3840">
    <p class='ocr_par' dir='ltr' id='par_1_41' title="bbox 355 3765 1925 3840">
     <span class='ocr_line' id='line_1_41' title="bbox 355 3765 1925 3840; baseline -0.003 -18"><span class='ocrx_word' id='word_1_268' title='bbox 355 3779 566 3824; x_wconf 58' lang='lat' dir='ltr'><strong>naturae</strong></span> <span class='ocrx_word' id='word_1_269' title='bbox 603 3771 686 3824; x_wconf 87' lang='lat' dir='ltr'><strong>vel</strong></span> <span class='ocrx_word' id='word_1_270' title='bbox 720 3769 1076 3840; x_wconf 71' lang='lat' dir='ltr'><strong>hypostaticee</strong></span> <span class='ocrx_word' id='word_1_271' title='bbox 1109 3777 1258 3834; x_wconf 89' lang='lat' dir='ltr'><strong>sunt,</strong></span> <span class='ocrx_word' id='word_1_272' title='bbox 1297 3768 1382 3822; x_wconf 83' lang='lat' dir='ltr'><strong>vel</strong></span> <span class='ocrx_word' id='word_1_273' title='bbox 1409 3783 1517 3821; x_wconf 90' lang='lat' dir='ltr'><strong>non</strong></span> <span class='ocrx_word' id='word_1_274' title='bbox 1547 3765 1925 3834; x_wconf 72' lang='lat' dir='ltr'><strong>hypostaticze.</strong></span> 
     </span>
    </p>
   </div>
   <div class='ocr_carea' id='block_1_42' title="bbox 355 3854 1924 3932">
    <p class='ocr_par' dir='ltr' id='par_1_42' title="bbox 355 3854 1924 3932">
     <span class='ocr_line' id='line_1_42' title="bbox 355 3854 1924 3932; baseline -0.004 -18"><span class='ocrx_word' id='word_1_275' title='bbox 355 3858 412 3914; x_wconf 87' lang='lat' dir='ltr'><strong>Si</strong></span> <span class='ocrx_word' id='word_1_276' title='bbox 443 3861 667 3930; x_wconf 86' lang='lat' dir='ltr'><strong>quidem</strong></span> <span class='ocrx_word' id='word_1_277' title='bbox 694 3861 1070 3932; x_wconf 71' lang='lat' dir='ltr'><strong>hypostaticaz,</strong></span> <span class='ocrx_word' id='word_1_278' title='bbox 1096 3859 1236 3914; x_wconf 88' lang='lat' dir='ltr'><strong>duas</strong></span> <span class='ocrx_word' id='word_1_279' title='bbox 1266 3873 1529 3927; x_wconf 87' lang='lat' dir='ltr'><strong>personas</strong></span> <span class='ocrx_word' id='word_1_280' title='bbox 1553 3854 1924 3920; x_wconf 87' lang='lat' dir='ltr'><strong>introducitis,</strong></span> 
     </span>
    </p>
   </div>
   <div class='ocr_carea' id='block_1_43' title="bbox 2643 661 3024 722">
    <p class='ocr_par' dir='ltr' id='par_1_43' title="bbox 2643 661 3024 722">
     <span class='ocr_line' id='line_1_43' title="bbox 2643 661 3024 722; baseline 0.013 -10"><span class='ocrx_word' id='word_1_281' title='bbox 2643 661 2892 722; x_wconf 69' lang='grc' dir='ltr'><strong>ΠΡΛΞΙΣ</strong></span> <span class='ocrx_word' id='word_1_282' title='bbox 2949 666 3024 717; x_wconf 89' lang='grc' dir='ltr'><strong>Ζ’.</strong></span> 
     </span>
    </p>
   </div>
   <div class='ocr_carea' id='block_1_44' title="bbox 2113 748 3620 834">
    <p class='ocr_par' dir='ltr' id='par_1_44' title="bbox 2113 748 3620 834">
     <span class='ocr_line' id='line_1_44' title="bbox 2113 748 3620 834; baseline 0.012 -32"><span class='ocrx_word' id='word_1_283' title='bbox 2113 748 2268 802; x_wconf 85' lang='grc' dir='ltr'><strong>Μετά</strong></span> <span class='ocrx_word' id='word_1_284' title='bbox 2325 749 2392 802; x_wconf 80' lang='grc' dir='ltr'>τὰ</span> <span class='ocrx_word' id='word_1_285' title='bbox 2449 750 2556 804; x_wconf 76' lang='grc' dir='ltr'>ἀπὸ</span> <span class='ocrx_word' id='word_1_286' title='bbox 2611 752 2721 806; x_wconf 74' lang='grc' dir='ltr'>τῶν</span> <span class='ocrx_word' id='word_1_287' title='bbox 2770 756 3124 825; x_wconf 75' lang='grc' dir='ltr'><strong>πραχθέντων</strong></span> <span class='ocrx_word' id='word_1_288' title='bbox 3173 761 3620 834; x_wconf 77' lang='grc' dir='ltr'>ἐπιχειρήματα,</span> 
     </span>
    </p>
   </div>
   <div class='ocr_carea' id='block_1_45' title="bbox 2047 839 3623 922">
    <p class='ocr_par' dir='ltr' id='par_1_45' title="bbox 2047 839 3623 922">
     <span class='ocr_line' id='line_1_45' title="bbox 2047 839 3623 922; baseline 0.013 -32"><span class='ocrx_word' id='word_1_289' title='bbox 2047 839 2398 911; x_wconf 80' lang='grc' dir='ltr'>μετέλθωμεν</span> <span class='ocrx_word' id='word_1_290' title='bbox 2443 846 2538 895; x_wconf 70' lang='grc' dir='ltr'>καὶ</span> <span class='ocrx_word' id='word_1_291' title='bbox 2579 843 2671 896; x_wconf 79' lang='grc' dir='ltr'>ἐπὶ</span> <span class='ocrx_word' id='word_1_292' title='bbox 2715 846 3144 916; x_wconf 74' lang='grc' dir='ltr'>ἐπιχειρήματα,</span> <span class='ocrx_word' id='word_1_293' title='bbox 3179 852 3323 921; x_wconf 80' lang='grc' dir='ltr'>ἅπερ</span> <span class='ocrx_word' id='word_1_294' title='bbox 3347 855 3479 922; x_wconf 80' lang='grc' dir='ltr'>ἡμῖν</span> <span class='ocrx_word' id='word_1_295' title='bbox 3512 859 3623 911; x_wconf 78' lang='grc' dir='ltr'><strong>ἀπὸ</strong></span> 
     </span>
    </p>
   </div>
   <div class='ocr_carea' id='block_1_46' title="bbox 2044 925 3618 1010">
    <p class='ocr_par' dir='ltr' id='par_1_46' title="bbox 2044 925 3618 1010">
     <span class='ocr_line' id='line_1_46' title="bbox 2044 925 3618 1010; baseline 0.013 -26"><span class='ocrx_word' id='word_1_296' title='bbox 2044 930 2417 1003; x_wconf 84' lang='grc' dir='ltr'>συλλογισμῶν</span> <span class='ocrx_word' id='word_1_297' title='bbox 2443 932 2862 1005; x_wconf 75' lang='grc' dir='ltr'>προϐάλλονται.</span> <span class='ocrx_word' id='word_1_298' title='bbox 2898 931 2997 992; x_wconf 80' lang='grc' dir='ltr'>Ὧν</span> <span class='ocrx_word' id='word_1_299' title='bbox 3024 925 3240 1010; x_wconf 67' lang='grc' dir='ltr'>πρίτιτὸν</span> <span class='ocrx_word' id='word_1_300' title='bbox 3279 947 3394 1000; x_wconf 81' lang='grc' dir='ltr'>ἐστι</span> <span class='ocrx_word' id='word_1_301' title='bbox 3440 950 3618 1004; x_wconf 81' lang='grc' dir='ltr'>τοῦτο·</span> 
     </span>
    </p>
   </div>
   <div class='ocr_carea' id='block_1_47' title="bbox 2041 1023 3622 1109">
    <p class='ocr_par' dir='ltr' id='par_1_47' title="bbox 2041 1023 3622 1109">
     <span class='ocr_line' id='line_1_47' title="bbox 2041 1023 3622 1109; baseline 0.011 -31"><span class='ocrx_word' id='word_1_302' title='bbox 2041 1023 2104 1078; x_wconf 84' lang='grc' dir='ltr'>Εἰ</span> <span class='ocrx_word' id='word_1_303' title='bbox 2161 1026 2254 1080; x_wconf 79' lang='grc' dir='ltr'>δύο</span> <span class='ocrx_word' id='word_1_304' title='bbox 2289 1026 2498 1095; x_wconf 75' lang='grc' dir='ltr'>φύσεις,</span> <span class='ocrx_word' id='word_1_305' title='bbox 2535 1031 2690 1098; x_wconf 64' lang='grc' dir='ltr'>φασὶ,</span> <span class='ocrx_word' id='word_1_306' title='bbox 2714 1030 2902 1100; x_wconf 81' lang='grc' dir='ltr'>λέγετε</span> <span class='ocrx_word' id='word_1_307' title='bbox 2937 1034 2994 1086; x_wconf 79' lang='grc' dir='ltr'>ὲν</span> <span class='ocrx_word' id='word_1_308' title='bbox 3023 1035 3100 1105; x_wconf 83' lang='grc' dir='ltr'>τῷ</span> <span class='ocrx_word' id='word_1_309' title='bbox 3129 1033 3375 1109; x_wconf 70' lang='grc' dir='ltr'>Χριστῷ,</span> <span class='ocrx_word' id='word_1_310' title='bbox 3405 1043 3622 1107; x_wconf 78' lang='grc' dir='ltr'>πάντως</span> 
     </span>
    </p>
   </div>
   <div class='ocr_carea' id='block_1_48' title="bbox 2043 1118 3617 1196">
    <p class='ocr_par' dir='ltr' id='par_1_48' title="bbox 2043 1118 3617 1196">
     <span class='ocr_line' id='line_1_48' title="bbox 2043 1118 3617 1196; baseline 0.012 -27"><span class='ocrx_word' id='word_1_311' title='bbox 2043 1120 2136 1170; x_wconf 69' lang='grc' dir='ltr'>καὶ</span> <span class='ocrx_word' id='word_1_312' title='bbox 2155 1118 2249 1171; x_wconf 86' lang='grc' dir='ltr'>δύο</span> <span class='ocrx_word' id='word_1_313' title='bbox 2265 1119 2590 1184; x_wconf 77' lang='grc' dir='ltr'>ὑποστάσεις</span> <span class='ocrx_word' id='word_1_314' title='bbox 2607 1119 2818 1190; x_wconf 76' lang='grc' dir='ltr'>λέγετε.</span> <span class='ocrx_word' id='word_1_315' title='bbox 2839 1125 2902 1178; x_wconf 83' lang='lat' dir='ltr'><strong>El</strong></span> <span class='ocrx_word' id='word_1_316' title='bbox 2918 1124 3012 1180; x_wconf 86' lang='grc' dir='ltr'>δύο</span> <span class='ocrx_word' id='word_1_317' title='bbox 3027 1125 3376 1196; x_wconf 76' lang='grc' dir='ltr'><strong>ὑποστάσεις,</strong></span> <span class='ocrx_word' id='word_1_318' title='bbox 3401 1133 3492 1186; x_wconf 68' lang='grc' dir='ltr'><strong>καί</strong></span> <span class='ocrx_word' id='word_1_319' title='bbox 3522 1133 3617 1188; x_wconf 72' lang='grc' dir='ltr'>δύο</span> 
     </span>
    </p>
   </div>
   <div class='ocr_carea' id='block_1_49' title="bbox 2041 1209 3621 1285">
    <p class='ocr_par' dir='ltr' id='par_1_49' title="bbox 2041 1209 3621 1285">
     <span class='ocr_line' id='line_1_49' title="bbox 2041 1209 3621 1285; baseline 0.012 -26"><span class='ocrx_word' id='word_1_320' title='bbox 2041 1209 2331 1277; x_wconf 81' lang='grc' dir='ltr'>πρόσωπα,</span> <span class='ocrx_word' id='word_1_321' title='bbox 2359 1211 2453 1262; x_wconf 70' lang='grc' dir='ltr'>καὶ</span> <span class='ocrx_word' id='word_1_322' title='bbox 2477 1211 2570 1264; x_wconf 85' lang='grc' dir='ltr'><strong>δύο</strong></span> <span class='ocrx_word' id='word_1_323' title='bbox 2600 1210 2890 1282; x_wconf 74' lang='grc' dir='ltr'>Χριστσὺς,</span> <span class='ocrx_word' id='word_1_324' title='bbox 2926 1216 3020 1269; x_wconf 76' lang='grc' dir='ltr'>καὶ</span> <span class='ocrx_word' id='word_1_325' title='bbox 3061 1218 3154 1272; x_wconf 81' lang='grc' dir='ltr'><strong>δύο</strong></span> <span class='ocrx_word' id='word_1_326' title='bbox 3197 1221 3348 1285; x_wconf 86' lang='grc' dir='ltr'>υἱούς</span> <span class='ocrx_word' id='word_1_327' title='bbox 3369 1239 3384 1254; x_wconf 88' lang='grc'><strong>·</strong></span> <span class='ocrx_word' id='word_1_328' title='bbox 3416 1222 3504 1277; x_wconf 72' lang='grc' dir='ltr'>καὶ</span> <span class='ocrx_word' id='word_1_329' title='bbox 3533 1226 3621 1278; x_wconf 85' lang='grc' dir='ltr'>εὑ-</span> 
     </span>
    </p>
   </div>
   <div class='ocr_carea' id='block_1_50' title="bbox 2043 1299 3619 1386">
    <p class='ocr_par' dir='ltr' id='par_1_50' title="bbox 2043 1299 3619 1386">
     <span class='ocr_line' id='line_1_50' title="bbox 2043 1299 3619 1386; baseline 0.011 -35"><span class='ocrx_word' id='word_1_330' title='bbox 2043 1299 2342 1371; x_wconf 79' lang='grc' dir='ltr'>ρεθήσεσθε</span> <span class='ocrx_word' id='word_1_331' title='bbox 2372 1301 2439 1354; x_wconf 72' lang='grc' dir='ltr'>τὰ</span> <span class='ocrx_word' id='word_1_332' title='bbox 2465 1303 2604 1356; x_wconf 83' lang='grc' dir='ltr'><strong>αὑτά</strong></span> <span class='ocrx_word' id='word_1_333' title='bbox 2637 1303 2960 1374; x_wconf 73' lang='grc' dir='ltr'><strong>φρονοῦντες</strong></span> <span class='ocrx_word' id='word_1_334' title='bbox 2975 1308 3053 1378; x_wconf 84' lang='grc' dir='ltr'>τῷ</span> <span class='ocrx_word' id='word_1_335' title='bbox 3069 1311 3368 1384; x_wconf 76' lang='grc' dir='ltr'>Νεστορῖῳ.</span> <span class='ocrx_word' id='word_1_336' title='bbox 3401 1317 3619 1386; x_wconf 77' lang='grc' dir='ltr'>Ταύτην</span> 
     </span>
    </p>
   </div>
   <div class='ocr_carea' id='block_1_51' title="bbox 2038 1391 3614 1463">
    <p class='ocr_par' dir='ltr' id='par_1_51' title="bbox 2038 1391 3614 1463">
     <span class='ocr_line' id='line_1_51' title="bbox 2038 1391 3614 1463; baseline 0.011 -21"><span class='ocrx_word' id='word_1_337' title='bbox 2038 1391 2139 1458; x_wconf 81' lang='grc' dir='ltr'><strong>τὴν</strong></span> <span class='ocrx_word' id='word_1_338' title='bbox 2194 1391 2430 1463; x_wconf 84' lang='grc' dir='ltr'>ἀπορίαν</span> <span class='ocrx_word' id='word_1_339' title='bbox 2478 1395 2810 1462; x_wconf 83' lang='grc' dir='ltr'>ὲπιλυόμεθα</span> <span class='ocrx_word' id='word_1_340' title='bbox 2839 1399 3089 1452; x_wconf 73' lang='grc' dir='ltr'>ἐνστάσει</span> <span class='ocrx_word' id='word_1_341' title='bbox 3136 1406 3230 1456; x_wconf 75' lang='grc' dir='ltr'><strong>καὶ</strong></span> <span class='ocrx_word' id='word_1_342' title='bbox 3277 1407 3614 1460; x_wconf 77' lang='grc' dir='ltr'>ἀντιστάσει.</span> 
     </span>
    </p>
   </div>
   <div class='ocr_carea' id='block_1_52' title="bbox 2050 1481 3613 1561">
    <p class='ocr_par' dir='ltr' id='par_1_52' title="bbox 2050 1481 3613 1561">
     <span class='ocr_line' id='line_1_52' title="bbox 2050 1481 3613 1561; baseline 0.01 -28"><span class='ocrx_word' id='word_1_343' title='bbox 2050 1481 2330 1536; x_wconf 82' lang='grc' dir='ltr'>Ἐνστάσει</span> <span class='ocrx_word' id='word_1_344' title='bbox 2375 1483 2494 1552; x_wconf 82' lang='grc' dir='ltr'>μὲν.</span> <span class='ocrx_word' id='word_1_345' title='bbox 2527 1484 2612 1537; x_wconf 75' lang='grc' dir='ltr'><strong>ὅτι</strong></span> <span class='ocrx_word' id='word_1_346' title='bbox 2639 1486 2828 1550; x_wconf 76' lang='grc' dir='ltr'>κακῶς</span> <span class='ocrx_word' id='word_1_347' title='bbox 2879 1491 3134 1560; x_wconf 78' lang='grc' dir='ltr'><strong>ἀπορεῖτε</strong></span> <span class='ocrx_word' id='word_1_348' title='bbox 3156 1533 3170 1553; x_wconf 84' lang='grc'><strong>,</strong></span> <span class='ocrx_word' id='word_1_349' title='bbox 3203 1495 3296 1548; x_wconf 70' lang='grc' dir='ltr'>καὶ</span> <span class='ocrx_word' id='word_1_350' title='bbox 3343 1497 3613 1561; x_wconf 76' lang='grc' dir='ltr'>τοσοῦτον,</span> 
     </span>
    </p>
   </div>
   <div class='ocr_carea' id='block_1_53' title="bbox 2037 1572 3616 1656">
    <p class='ocr_par' dir='ltr' id='par_1_53' title="bbox 2037 1572 3616 1656">
     <span class='ocr_line' id='line_1_53' title="bbox 2037 1572 3616 1656; baseline 0.011 -32"><span class='ocrx_word' id='word_1_351' title='bbox 2037 1572 2120 1625; x_wconf 81' lang='grc' dir='ltr'><strong>ὅτι</strong></span> <span class='ocrx_word' id='word_1_352' title='bbox 2151 1574 2246 1626; x_wconf 78' lang='grc' dir='ltr'>καὶ</span> <span class='ocrx_word' id='word_1_353' title='bbox 2276 1575 2404 1644; x_wconf 85' lang='grc' dir='ltr'>ὑμῖν</span> <span class='ocrx_word' id='word_1_354' title='bbox 2444 1575 2506 1627; x_wconf 83' lang='grc' dir='ltr'>τὺ</span> <span class='ocrx_word' id='word_1_355' title='bbox 2552 1577 2685 1630; x_wconf 74' lang='grc' dir='ltr'>αὐτὸ</span> <span class='ocrx_word' id='word_1_356' title='bbox 2728 1580 3022 1646; x_wconf 84' lang='grc' dir='ltr'>συνάγεται</span> <span class='ocrx_word' id='word_1_357' title='bbox 3064 1583 3284 1638; x_wconf 81' lang='grc' dir='ltr'>ἄτοπον.</span> <span class='ocrx_word' id='word_1_358' title='bbox 3322 1587 3380 1639; x_wconf 77' lang='lat' dir='ltr'><strong>Ei</strong></span> <span class='ocrx_word' id='word_1_359' title='bbox 3415 1593 3521 1656; x_wconf 76' lang='grc' dir='ltr'>γὰρ</span> <span class='ocrx_word' id='word_1_360' title='bbox 3553 1593 3616 1642; x_wconf 82' lang='grc' dir='ltr'>ἐκ</span> 
     </span>
    </p>
   </div>
   <div class='ocr_carea' id='block_1_54' title="bbox 2038 1663 3646 1745">
    <p class='ocr_par' dir='ltr' id='par_1_54' title="bbox 2038 1663 3646 1745">
     <span class='ocr_line' id='line_1_54' title="bbox 2038 1663 3646 1745; baseline 0.008 -27"><span class='ocrx_word' id='word_1_361' title='bbox 2038 1663 2132 1718; x_wconf 85' lang='grc' dir='ltr'>δύο</span> <span class='ocrx_word' id='word_1_362' title='bbox 2161 1665 2377 1734; x_wconf 80' lang='grc' dir='ltr'>φύσεων</span> <span class='ocrx_word' id='word_1_363' title='bbox 2399 1665 2602 1736; x_wconf 56' lang='grc' dir='ltr'>λέγετε,</span> <span class='ocrx_word' id='word_1_364' title='bbox 2619 1667 2708 1720; x_wconf 82' lang='grc' dir='ltr'><strong>τὸν</strong></span> <span class='ocrx_word' id='word_1_365' title='bbox 2735 1671 2990 1745; x_wconf 65' lang='grc' dir='ltr'>Χριστὸν,</span> <span class='ocrx_word' id='word_1_366' title='bbox 3009 1673 3206 1726; x_wconf 76' lang='grc' dir='ltr'>οὐκοῦν</span> <span class='ocrx_word' id='word_1_367' title='bbox 3253 1675 3346 1727; x_wconf 78' lang='grc' dir='ltr'>δύο</span> <span class='ocrx_word' id='word_1_368' title='bbox 3377 1679 3616 1731; x_wconf 75' lang='grc' dir='ltr'>ὑποστὰ-</span> <span class='ocrx_word' id='word_1_369' title='bbox 3643 1695 3646 1699; x_wconf 91' lang='grc'><strong>·</strong></span> 
     </span>
    </p>
   </div>
   <div class='ocr_carea' id='block_1_55' title="bbox 2041 1756 3614 1838">
    <p class='ocr_par' dir='ltr' id='par_1_55' title="bbox 2041 1756 3614 1838">
     <span class='ocr_line' id='line_1_55' title="bbox 2041 1756 3614 1838; baseline 0.009 -32"><span class='ocrx_word' id='word_1_370' title='bbox 2041 1771 2173 1818; x_wconf 89' lang='grc' dir='ltr'>σεις,</span> <span class='ocrx_word' id='word_1_371' title='bbox 2208 1757 2304 1809; x_wconf 75' lang='grc' dir='ltr'>καὶ</span> <span class='ocrx_word' id='word_1_372' title='bbox 2335 1756 2428 1809; x_wconf 83' lang='grc' dir='ltr'>δύο</span> <span class='ocrx_word' id='word_1_373' title='bbox 2463 1758 2733 1828; x_wconf 81' lang='grc' dir='ltr'>πρόσωπα</span> <span class='ocrx_word' id='word_1_374' title='bbox 2767 1760 2889 1813; x_wconf 81' lang='grc' dir='ltr'><strong>καθ’</strong></span> <span class='ocrx_word' id='word_1_375' title='bbox 2918 1763 3112 1828; x_wconf 64' lang='lat' dir='ltr'><strong>eaut&quot;,</strong></span> <span class='ocrx_word' id='word_1_376' title='bbox 3137 1765 3230 1817; x_wconf 76' lang='grc' dir='ltr'>καὶ</span> <span class='ocrx_word' id='word_1_377' title='bbox 3263 1767 3614 1838; x_wconf 66' lang='grc' dir='ltr'>ίὸιοπεριόρι-</span> 
     </span>
    </p>
   </div>
   <div class='ocr_carea' id='block_1_56' title="bbox 2040 1845 3614 1929">
    <p class='ocr_par' dir='ltr' id='par_1_56' title="bbox 2040 1845 3614 1929">
     <span class='ocr_line' id='line_1_56' title="bbox 2040 1845 3614 1929; baseline 0.007 -29"><span class='ocrx_word' id='word_1_378' title='bbox 2040 1865 2142 1900; x_wconf 87' lang='grc' dir='ltr'><strong>στα</strong></span> <span class='ocrx_word' id='word_1_379' title='bbox 2173 1865 2186 1876; x_wconf 82' lang='grc'><strong><em>⁸</em></strong></span> <span class='ocrx_word' id='word_1_380' title='bbox 2225 1848 2318 1901; x_wconf 72' lang='grc' dir='ltr'><strong>καὶ</strong></span> <span class='ocrx_word' id='word_1_381' title='bbox 2347 1845 2414 1919; x_wconf 79' lang='grc' dir='ltr'>ἦν</span> <span class='ocrx_word' id='word_1_382' title='bbox 2445 1865 2576 1903; x_wconf 84' lang='grc' dir='ltr'>ποτε</span> <span class='ocrx_word' id='word_1_383' title='bbox 2619 1849 2745 1903; x_wconf 72' lang='grc' dir='ltr'>καθ’</span> <span class='ocrx_word' id='word_1_384' title='bbox 2781 1851 2926 1921; x_wconf 80' lang='grc' dir='ltr'>ὑμᾶς</span> <span class='ocrx_word' id='word_1_385' title='bbox 2967 1855 2999 1924; x_wconf 80' lang='grc' dir='ltr'>ἡ</span> <span class='ocrx_word' id='word_1_386' title='bbox 3033 1855 3395 1925; x_wconf 74' lang='grc' dir='ltr'>ἀνθρωπὸτης</span> <span class='ocrx_word' id='word_1_387' title='bbox 3443 1863 3614 1929; x_wconf 52' lang='lat' dir='ltr'><strong>Imp&quot;;</strong></span> 
     </span>
    </p>
   </div>
   <div class='ocr_carea' id='block_1_57' title="bbox 2035 1940 3610 2020">
    <p class='ocr_par' dir='ltr' id='par_1_57' title="bbox 2035 1940 3610 2020">
     <span class='ocr_line' id='line_1_57' title="bbox 2035 1940 3610 2020; baseline 0.008 -27"><span class='ocrx_word' id='word_1_388' title='bbox 2035 1940 2138 2010; x_wconf 84' lang='grc' dir='ltr'><strong>τῆς</strong></span> <span class='ocrx_word' id='word_1_389' title='bbox 2169 1940 2446 2010; x_wconf 82' lang='grc' dir='ltr'>θεότητος,</span> <span class='ocrx_word' id='word_1_390' title='bbox 2477 1943 2618 2012; x_wconf 81' lang='grc' dir='ltr'>ὅπερ</span> <span class='ocrx_word' id='word_1_391' title='bbox 2641 1943 2862 2006; x_wconf 81' lang='grc' dir='ltr'>ἄτοπον,</span> <span class='ocrx_word' id='word_1_392' title='bbox 2893 1946 2988 1998; x_wconf 71' lang='grc' dir='ltr'><strong>καὶ</strong></span> <span class='ocrx_word' id='word_1_393' title='bbox 3017 1947 3139 2000; x_wconf 74' lang='grc' dir='ltr'>οὐδὲ</span> <span class='ocrx_word' id='word_1_394' title='bbox 3171 1949 3328 2018; x_wconf 83' lang='grc' dir='ltr'>ὑμεῖς</span> <span class='ocrx_word' id='word_1_395' title='bbox 3353 1951 3610 2020; x_wconf 70' lang='grc' dir='ltr'>ἀνέχεσθε</span> 
     </span>
    </p>
   </div>
   <div class='ocr_carea' id='block_1_58' title="bbox 2038 2033 3617 2107">
    <p class='ocr_par' dir='ltr' id='par_1_58' title="bbox 2038 2033 3617 2107">
     <span class='ocr_line' id='line_1_58' title="bbox 2038 2033 3617 2107; baseline 0.007 -22"><span class='ocrx_word' id='word_1_396' title='bbox 2038 2033 2390 2104; x_wconf 65' lang='grc' dir='ltr'>ὁμολογῆσαν</span> <span class='ocrx_word' id='word_1_397' title='bbox 2420 2033 2448 2086; x_wconf 84' lang='grc' dir='ltr'><strong>ὃ</strong></span> <span class='ocrx_word' id='word_1_398' title='bbox 2490 2034 2598 2104; x_wconf 85' lang='grc' dir='ltr'>γὰρ</span> <span class='ocrx_word' id='word_1_399' title='bbox 2643 2035 2802 2104; x_wconf 84' lang='grc' dir='ltr'>ὑμεῖς</span> <span class='ocrx_word' id='word_1_400' title='bbox 2863 2033 3050 2104; x_wconf 76' lang='grc' dir='ltr'>λέγετε</span> <span class='ocrx_word' id='word_1_401' title='bbox 3119 2040 3388 2107; x_wconf 72' lang='grc' dir='ltr'>ἐνωθῆναι</span> <span class='ocrx_word' id='word_1_402' title='bbox 3413 2083 3427 2104; x_wconf 87' lang='grc'><strong>,</strong></span> <span class='ocrx_word' id='word_1_403' title='bbox 3453 2043 3617 2096; x_wconf 71' lang='grc' dir='ltr'>τοῦτο</span> 
     </span>
    </p>
   </div>
   <div class='ocr_carea' id='block_1_59' title="bbox 2036 2123 3610 2199">
    <p class='ocr_par' dir='ltr' id='par_1_59' title="bbox 2036 2123 3610 2199">
     <span class='ocr_line' id='line_1_59' title="bbox 2036 2123 3610 2199; baseline 0.006 -23"><span class='ocrx_word' id='word_1_404' title='bbox 2036 2123 2266 2194; x_wconf 76' lang='grc' dir='ltr'>λέγομεν</span> <span class='ocrx_word' id='word_1_405' title='bbox 2295 2127 2457 2196; x_wconf 68' lang='grc' dir='ltr'>ἡμεῖς</span> <span class='ocrx_word' id='word_1_406' title='bbox 2501 2125 2640 2195; x_wconf 86' lang='grc' dir='ltr'><strong>μετά</strong></span> <span class='ocrx_word' id='word_1_407' title='bbox 2674 2126 2771 2195; x_wconf 82' lang='grc' dir='ltr'>τὴν</span> <span class='ocrx_word' id='word_1_408' title='bbox 2799 2128 3012 2181; x_wconf 76' lang='grc' dir='ltr'>ἕνωσιν.</span> <span class='ocrx_word' id='word_1_409' title='bbox 3057 2131 3120 2182; x_wconf 75' lang='lat' dir='ltr'><strong>Ei</strong></span> <span class='ocrx_word' id='word_1_410' title='bbox 3153 2131 3250 2199; x_wconf 79' lang='grc' dir='ltr'><strong>μὲν</strong></span> <span class='ocrx_word' id='word_1_411' title='bbox 3277 2131 3372 2185; x_wconf 76' lang='grc' dir='ltr'>οὖν</span> <span class='ocrx_word' id='word_1_412' title='bbox 3409 2135 3610 2186; x_wconf 57' lang='lat' dir='ltr'><strong>dvorto-</strong></span> 
     </span>
    </p>
   </div>
   <div class='ocr_carea' id='block_1_60' title="bbox 2038 2214 3610 2292">
    <p class='ocr_par' dir='ltr' id='par_1_60' title="bbox 2038 2214 3610 2292">
     <span class='ocr_line' id='line_1_60' title="bbox 2038 2214 3610 2292; baseline 0.006 -26"><span class='ocrx_word' id='word_1_413' title='bbox 2038 2214 2268 2277; x_wconf 84' lang='grc' dir='ltr'>στάτους</span> <span class='ocrx_word' id='word_1_414' title='bbox 2325 2215 2424 2278; x_wconf 86' lang='grc' dir='ltr'>τὰς</span> <span class='ocrx_word' id='word_1_415' title='bbox 2474 2215 2669 2284; x_wconf 73' lang='grc' dir='ltr'>φύσεις</span> <span class='ocrx_word' id='word_1_416' title='bbox 2723 2217 2910 2284; x_wconf 77' lang='grc' dir='ltr'>λέγετε</span> <span class='ocrx_word' id='word_1_417' title='bbox 2959 2220 3264 2292; x_wconf 79' lang='grc' dir='ltr'>ἐνωθῆναι,</span> <span class='ocrx_word' id='word_1_418' title='bbox 3307 2224 3400 2275; x_wconf 72' lang='grc' dir='ltr'>καὶ</span> <span class='ocrx_word' id='word_1_419' title='bbox 3447 2227 3610 2292; x_wconf 70' lang='grc' dir='ltr'>ἡμεῖς</span> 
     </span>
    </p>
   </div>
   <div class='ocr_carea' id='block_1_61' title="bbox 2035 2305 3608 2385">
    <p class='ocr_par' dir='ltr' id='par_1_61' title="bbox 2035 2305 3608 2385">
     <span class='ocr_line' id='line_1_61' title="bbox 2035 2305 3608 2385; baseline 0.008 -29"><span class='ocrx_word' id='word_1_420' title='bbox 2035 2305 2192 2358; x_wconf 83' lang='grc' dir='ltr'>τοῦτο</span> <span class='ocrx_word' id='word_1_421' title='bbox 2242 2305 2514 2376; x_wconf 81' lang='grc' dir='ltr'>λέγομεν·</span> <span class='ocrx_word' id='word_1_422' title='bbox 2547 2309 2596 2359; x_wconf 85' lang='grc' dir='ltr'><strong>εί</strong></span> <span class='ocrx_word' id='word_1_423' title='bbox 2659 2307 2716 2360; x_wconf 80' lang='grc' dir='ltr'><strong>δὲ</strong></span> <span class='ocrx_word' id='word_1_424' title='bbox 2777 2311 3198 2375; x_wconf 82' lang='grc' dir='ltr'>ὲνυποστάτους,</span> <span class='ocrx_word' id='word_1_425' title='bbox 3254 2315 3454 2368; x_wconf 80' lang='grc' dir='ltr'>ἄτοπον</span> <span class='ocrx_word' id='word_1_426' title='bbox 3513 2317 3608 2385; x_wconf 76' lang='grc' dir='ltr'><strong>μὲν</strong></span> 
     </span>
    </p>
   </div>
   <div class='ocr_carea' id='block_1_62' title="bbox 2033 2396 3608 2475">
    <p class='ocr_par' dir='ltr' id='par_1_62' title="bbox 2033 2396 3608 2475">
     <span class='ocr_line' id='line_1_62' title="bbox 2033 2396 3608 2475; baseline 0.006 -26"><span class='ocrx_word' id='word_1_427' title='bbox 2033 2396 2387 2466; x_wconf 72' lang='grc' dir='ltr'>ὁμολογῆσαι,</span> <span class='ocrx_word' id='word_1_428' title='bbox 2408 2397 2559 2466; x_wconf 84' lang='grc' dir='ltr'>ὅμως</span> <span class='ocrx_word' id='word_1_429' title='bbox 2596 2399 2652 2451; x_wconf 84' lang='grc' dir='ltr'><strong>δὲ</strong></span> <span class='ocrx_word' id='word_1_430' title='bbox 2680 2399 2938 2468; x_wconf 82' lang='grc' dir='ltr'>λέγομεν,</span> <span class='ocrx_word' id='word_1_431' title='bbox 2971 2403 3125 2471; x_wconf 82' lang='grc' dir='ltr'>ὑμῶν</span> <span class='ocrx_word' id='word_1_432' title='bbox 3169 2403 3224 2456; x_wconf 82' lang='grc' dir='ltr'><strong>δὲ</strong></span> <span class='ocrx_word' id='word_1_433' title='bbox 3255 2406 3608 2475; x_wconf 77' lang='grc' dir='ltr'>προαρξαμέ-</span> 
     </span>
    </p>
   </div>
   <div class='ocr_carea' id='block_1_63' title="bbox 2033 2487 3608 2562">
    <p class='ocr_par' dir='ltr' id='par_1_63' title="bbox 2033 2487 3608 2562">
     <span class='ocr_line' id='line_1_63' title="bbox 2033 2487 3608 2562; baseline 0.008 -24"><span class='ocrx_word' id='word_1_434' title='bbox 2033 2504 2140 2540; x_wconf 87' lang='grc' dir='ltr'><strong>νων</strong></span> <span class='ocrx_word' id='word_1_435' title='bbox 2164 2487 2266 2556; x_wconf 81' lang='grc' dir='ltr'><strong>τῆς</strong></span> <span class='ocrx_word' id='word_1_436' title='bbox 2300 2489 2552 2552; x_wconf 77' lang='grc' dir='ltr'>ἀτοπίας.</span> <span class='ocrx_word' id='word_1_437' title='bbox 2596 2489 2713 2542; x_wconf 84' lang='grc' dir='ltr'>Ἵνα</span> <span class='ocrx_word' id='word_1_438' title='bbox 2750 2490 2806 2542; x_wconf 77' lang='grc' dir='ltr'><strong>δὲ</strong></span> <span class='ocrx_word' id='word_1_439' title='bbox 2844 2493 2938 2544; x_wconf 77' lang='grc' dir='ltr'><strong>καὶ</strong></span> <span class='ocrx_word' id='word_1_440' title='bbox 2970 2496 3034 2562; x_wconf 80' lang='grc' dir='ltr'>τῇ</span> <span class='ocrx_word' id='word_1_441' title='bbox 3083 2495 3396 2550; x_wconf 78' lang='grc' dir='ltr'>ἀντιστάσει</span> <span class='ocrx_word' id='word_1_442' title='bbox 3432 2497 3608 2550; x_wconf 83' lang='grc' dir='ltr'>λύσω-</span> 
     </span>
    </p>
   </div>
   <div class='ocr_carea' id='block_1_64' title="bbox 2038 2579 3604 2658">
    <p class='ocr_par' dir='ltr' id='par_1_64' title="bbox 2038 2579 3604 2658">
     <span class='ocr_line' id='line_1_64' title="bbox 2038 2579 3604 2658; baseline 0.007 -29"><span class='ocrx_word' id='word_1_443' title='bbox 2038 2597 2137 2648; x_wconf 86' lang='grc' dir='ltr'><strong>μεν</strong></span> <span class='ocrx_word' id='word_1_444' title='bbox 2173 2579 2271 2650; x_wconf 80' lang='grc' dir='ltr'>τὴν</span> <span class='ocrx_word' id='word_1_445' title='bbox 2297 2580 2554 2651; x_wconf 87' lang='grc' dir='ltr'>ἀπορίαν,</span> <span class='ocrx_word' id='word_1_446' title='bbox 2575 2582 2770 2652; x_wconf 80' lang='grc' dir='ltr'>ἑτέραν</span> <span class='ocrx_word' id='word_1_447' title='bbox 2791 2584 2913 2636; x_wconf 73' lang='grc' dir='ltr'>τινὰ</span> <span class='ocrx_word' id='word_1_448' title='bbox 2940 2584 3317 2654; x_wconf 76' lang='grc' dir='ltr'>ἐπαγαγοῦσιν</span> <span class='ocrx_word' id='word_1_449' title='bbox 3349 2591 3604 2658; x_wconf 78' lang='grc' dir='ltr'>ἀπορίαν,</span> 
     </span>
    </p>
   </div>
   <div class='ocr_carea' id='block_1_65' title="bbox 2033 2670 3602 2748">
    <p class='ocr_par' dir='ltr' id='par_1_65' title="bbox 2033 2670 3602 2748">
     <span class='ocr_line' id='line_1_65' title="bbox 2033 2670 3602 2748; baseline 0.007 -27"><span class='ocrx_word' id='word_1_450' title='bbox 2033 2670 2223 2732; x_wconf 81' lang='grc' dir='ltr'>ὁμοίαν</span> <span class='ocrx_word' id='word_1_451' title='bbox 2257 2671 2357 2738; x_wconf 74' lang='grc' dir='ltr'><strong>μὲν</strong></span> <span class='ocrx_word' id='word_1_452' title='bbox 2386 2673 2451 2742; x_wconf 83' lang='grc' dir='ltr'>τῇ</span> <span class='ocrx_word' id='word_1_453' title='bbox 2485 2671 2750 2742; x_wconf 73' lang='grc' dir='ltr'>προτέρᾳ,</span> <span class='ocrx_word' id='word_1_454' title='bbox 2787 2673 2965 2736; x_wconf 79' lang='grc' dir='ltr'>ἄλλως</span> <span class='ocrx_word' id='word_1_455' title='bbox 2996 2675 3052 2727; x_wconf 83' lang='grc' dir='ltr'><em>δέ</em></span> <span class='ocrx_word' id='word_1_456' title='bbox 3081 2694 3198 2739; x_wconf 90' lang='grc' dir='ltr'><strong>πως</strong></span> <span class='ocrx_word' id='word_1_457' title='bbox 3227 2677 3568 2748; x_wconf 78' lang='grc' dir='ltr'>πλεκομένην</span> <span class='ocrx_word' id='word_1_458' title='bbox 3590 2695 3602 2708; x_wconf 88' lang='grc'><strong>·</strong></span> 
     </span>
    </p>
   </div>
   <div class='ocr_carea' id='block_1_66' title="bbox 2031 2755 3613 2836">
    <p class='ocr_par' dir='ltr' id='par_1_66' title="bbox 2031 2755 3613 2836">
     <span class='ocr_line' id='line_1_66' title="bbox 2031 2755 3613 2836; baseline 0.004 -25"><span class='ocrx_word' id='word_1_459' title='bbox 2031 2755 2098 2832; x_wconf 76' lang='grc' dir='ltr'>ἦς</span> <span class='ocrx_word' id='word_1_460' title='bbox 2126 2761 2390 2830; x_wconf 80' lang='grc' dir='ltr'>λυομένης</span> <span class='ocrx_word' id='word_1_461' title='bbox 2413 2802 2428 2824; x_wconf 87' lang='grc'><strong>,</strong></span> <span class='ocrx_word' id='word_1_462' title='bbox 2467 2763 2560 2816; x_wconf 71' lang='grc' dir='ltr'>καὶ</span> <span class='ocrx_word' id='word_1_463' title='bbox 2587 2765 2619 2830; x_wconf 84' lang='grc' dir='ltr'>ὴ</span> <span class='ocrx_word' id='word_1_464' title='bbox 2647 2765 2898 2834; x_wconf 79' lang='grc' dir='ltr'>ἀνωτέρα</span> <span class='ocrx_word' id='word_1_465' title='bbox 2939 2765 3252 2834; x_wconf 80' lang='grc' dir='ltr'>λυθήσεται.</span> <span class='ocrx_word' id='word_1_466' title='bbox 3287 2767 3441 2820; x_wconf 81' lang='grc' dir='ltr'>Ἐστι</span> <span class='ocrx_word' id='word_1_467' title='bbox 3472 2767 3613 2836; x_wconf 75' lang='grc' dir='ltr'>γοῦν</span> 
     </span>
    </p>
   </div>
   <div class='ocr_carea' id='block_1_67' title="bbox 2031 2849 3601 2922">
    <p class='ocr_par' dir='ltr' id='par_1_67' title="bbox 2031 2849 3601 2922">
     <span class='ocr_line' id='line_1_67' title="bbox 2031 2849 3601 2922; baseline 0.004 -22"><span class='ocrx_word' id='word_1_468' title='bbox 2031 2849 2256 2920; x_wconf 80' lang='grc' dir='ltr'>τοιαύτη</span> <span class='ocrx_word' id='word_1_469' title='bbox 2291 2865 2304 2880; x_wconf 79' lang='grc'><strong>⁸</strong></span> <span class='ocrx_word' id='word_1_470' title='bbox 2347 2851 2410 2903; x_wconf 73' lang='lat' dir='ltr'><strong>Et</strong></span> <span class='ocrx_word' id='word_1_471' title='bbox 2436 2850 2528 2903; x_wconf 85' lang='grc' dir='ltr'>δύο</span> <span class='ocrx_word' id='word_1_472' title='bbox 2563 2851 2755 2920; x_wconf 82' lang='grc' dir='ltr'>φύσεις</span> <span class='ocrx_word' id='word_1_473' title='bbox 2786 2853 2992 2920; x_wconf 84' lang='grc' dir='ltr'>λέγετε,</span> <span class='ocrx_word' id='word_1_474' title='bbox 3026 2857 3206 2919; x_wconf 80' lang='grc' dir='ltr'>φασὶν,</span> <span class='ocrx_word' id='word_1_475' title='bbox 3233 2855 3267 2922; x_wconf 68' lang='grc' dir='ltr'>ἦ</span> <span class='ocrx_word' id='word_1_476' title='bbox 3298 2855 3601 2907; x_wconf 82' lang='grc' dir='ltr'>ἐνυπόστα-</span> 
     </span>
    </p>
   </div>
   <div class='ocr_carea' id='block_1_68' title="bbox 2030 2940 3596 3012">
    <p class='ocr_par' dir='ltr' id='par_1_68' title="bbox 2030 2940 3596 3012">
     <span class='ocr_line' id='line_1_68' title="bbox 2030 2940 3596 3012; baseline 0.002 -18"><span class='ocrx_word' id='word_1_477' title='bbox 2030 2940 2114 2994; x_wconf 88' lang='grc' dir='ltr'><strong>τοί</strong></span> <span class='ocrx_word' id='word_1_478' title='bbox 2175 2943 2281 2994; x_wconf 74' lang='grc' dir='ltr'>εἰσι</span> <span class='ocrx_word' id='word_1_479' title='bbox 2306 2982 2322 3007; x_wconf 90' lang='grc'><strong>,</strong></span> <span class='ocrx_word' id='word_1_480' title='bbox 2355 2941 2388 3011; x_wconf 77' lang='grc' dir='ltr'><strong>ἦ</strong></span> <span class='ocrx_word' id='word_1_481' title='bbox 2419 2941 2798 2996; x_wconf 85' lang='grc' dir='ltr'>ἀνυπόστατοι.</span> <span class='ocrx_word' id='word_1_482' title='bbox 2838 2943 2899 2994; x_wconf 82' lang='grc' dir='ltr'><strong>ΕΞ</strong></span> <span class='ocrx_word' id='word_1_483' title='bbox 2955 2944 3055 3012; x_wconf 84' lang='grc' dir='ltr'>μὲν</span> <span class='ocrx_word' id='word_1_484' title='bbox 3083 2943 3176 2996; x_wconf 82' lang='grc' dir='ltr'><strong>οὖν</strong></span> <span class='ocrx_word' id='word_1_485' title='bbox 3239 2945 3596 2997; x_wconf 76' lang='grc' dir='ltr'>ἑνυπὸστατοί</span> 
     </span>
    </p>
   </div>
   <div class='ocr_carea' id='block_1_69' title="bbox 2031 3032 3588 3102">
    <p class='ocr_par' dir='ltr' id='par_1_69' title="bbox 2031 3032 3588 3102">
     <span class='ocr_line' id='line_1_69' title="bbox 2031 3032 3588 3102; baseline 0.001 -17"><span class='ocrx_word' id='word_1_486' title='bbox 2031 3034 2138 3086; x_wconf 80' lang='grc' dir='ltr'>εἰσι</span> <span class='ocrx_word' id='word_1_487' title='bbox 2169 3073 2185 3095; x_wconf 91' lang='grc'><strong>,</strong></span> <span class='ocrx_word' id='word_1_488' title='bbox 2247 3032 2341 3086; x_wconf 87' lang='grc' dir='ltr'><strong>δύο</strong></span> <span class='ocrx_word' id='word_1_489' title='bbox 2410 3033 2682 3102; x_wconf 84' lang='grc' dir='ltr'>πρόσωπα</span> <span class='ocrx_word' id='word_1_490' title='bbox 2721 3035 2962 3101; x_wconf 68' lang='grc' dir='ltr'>εἰσάγετε</span> <span class='ocrx_word' id='word_1_491' title='bbox 2995 3074 3010 3097; x_wconf 87' lang='grc'><strong>,</strong></span> <span class='ocrx_word' id='word_1_492' title='bbox 3042 3035 3137 3086; x_wconf 72' lang='grc' dir='ltr'>καὶ</span> <span class='ocrx_word' id='word_1_493' title='bbox 3164 3033 3254 3088; x_wconf 85' lang='grc' dir='ltr'><strong>δύο</strong></span> <span class='ocrx_word' id='word_1_494' title='bbox 3281 3036 3549 3102; x_wconf 67' lang='grc' dir='ltr'>Χριστὼς</span> <span class='ocrx_word' id='word_1_495' title='bbox 3573 3075 3588 3092; x_wconf 90' lang='grc'><strong>.</strong></span> 
     </span>
    </p>
   </div>
   <div class='ocr_carea' id='block_1_70' title="bbox 2031 3122 3593 3191">
    <p class='ocr_par' dir='ltr' id='par_1_70' title="bbox 2031 3122 3593 3191">
     <span class='ocr_line' id='line_1_70' title="bbox 2031 3122 3593 3191; baseline -0.003 -15"><span class='ocrx_word' id='word_1_496' title='bbox 2031 3125 2126 3176; x_wconf 77' lang='grc' dir='ltr'>καὶ</span> <span class='ocrx_word' id='word_1_497' title='bbox 2150 3122 2244 3176; x_wconf 86' lang='grc' dir='ltr'><strong>δύο</strong></span> <span class='ocrx_word' id='word_1_498' title='bbox 2272 3122 2442 3185; x_wconf 85' lang='grc' dir='ltr'>υἱούς.</span> <span class='ocrx_word' id='word_1_499' title='bbox 2472 3123 2533 3175; x_wconf 85' lang='lat' dir='ltr'><strong>El</strong></span> <span class='ocrx_word' id='word_1_500' title='bbox 2555 3123 2610 3176; x_wconf 79' lang='grc' dir='ltr'><strong>δὲ</strong></span> <span class='ocrx_word' id='word_1_501' title='bbox 2641 3123 3020 3184; x_wconf 79' lang='grc' dir='ltr'>ἀνυπόστατοι,</span> <span class='ocrx_word' id='word_1_502' title='bbox 3044 3123 3141 3176; x_wconf 75' lang='grc' dir='ltr'><strong>οὑκ</strong></span> <span class='ocrx_word' id='word_1_503' title='bbox 3169 3123 3272 3191; x_wconf 83' lang='grc' dir='ltr'>ἄρα</span> <span class='ocrx_word' id='word_1_504' title='bbox 3295 3122 3400 3173; x_wconf 79' lang='grc' dir='ltr'><strong>τῶν</strong></span> <span class='ocrx_word' id='word_1_505' title='bbox 3419 3124 3593 3175; x_wconf 57' lang='grc' dir='ltr'>ὄντων</span> 
     </span>
    </p>
   </div>
   <div class='ocr_carea' id='block_1_71' title="bbox 2032 3209 3594 3283">
    <p class='ocr_par' dir='ltr' id='par_1_71' title="bbox 2032 3209 3594 3283">
     <span class='ocr_line' id='line_1_71' title="bbox 2032 3209 3594 3283; baseline -0.004 -13"><span class='ocrx_word' id='word_1_506' title='bbox 2032 3218 2208 3270; x_wconf 70' lang='grc' dir='ltr'>εἰσίν·</span> <span class='ocrx_word' id='word_1_507' title='bbox 2251 3217 2425 3269; x_wconf 81' lang='grc' dir='ltr'>εἰπεῖν</span> <span class='ocrx_word' id='word_1_508' title='bbox 2467 3215 2524 3268; x_wconf 85' lang='grc' dir='ltr'>δὲ</span> <span class='ocrx_word' id='word_1_509' title='bbox 2583 3215 2682 3278; x_wconf 79' lang='grc' dir='ltr'>τὰς</span> <span class='ocrx_word' id='word_1_510' title='bbox 2727 3215 2918 3282; x_wconf 80' lang='grc' dir='ltr'>φύσεις</span> <span class='ocrx_word' id='word_1_511' title='bbox 2951 3213 3044 3266; x_wconf 76' lang='grc' dir='ltr'>τοῦ</span> <span class='ocrx_word' id='word_1_512' title='bbox 3074 3212 3304 3283; x_wconf 81' lang='grc' dir='ltr'>Χριστοῦ</span> <span class='ocrx_word' id='word_1_513' title='bbox 3341 3213 3413 3280; x_wconf 69' lang='grc' dir='ltr'><strong>μὴ</strong></span> <span class='ocrx_word' id='word_1_514' title='bbox 3456 3209 3594 3264; x_wconf 73' lang='grc' dir='ltr'>εἶναι</span> 
     </span>
    </p>
   </div>
   <div class='ocr_carea' id='block_1_72' title="bbox 2033 3305 3599 3378">
    <p class='ocr_par' dir='ltr' id='par_1_72' title="bbox 2033 3305 3599 3378">
     <span class='ocr_line' id='line_1_72' title="bbox 2033 3305 3599 3378; baseline -0.005 -16"><span class='ocrx_word' id='word_1_515' title='bbox 2033 3309 2142 3362; x_wconf 80' lang='grc' dir='ltr'><strong>τῶν</strong></span> <span class='ocrx_word' id='word_1_516' title='bbox 2171 3307 2360 3370; x_wconf 72' lang='grc' dir='ltr'>ὄντων,</span> <span class='ocrx_word' id='word_1_517' title='bbox 2396 3307 2614 3361; x_wconf 82' lang='grc' dir='ltr'>ἄτοπον.</span> <span class='ocrx_word' id='word_1_518' title='bbox 2649 3307 2794 3378; x_wconf 82' lang='grc' dir='ltr'>Πρὸς</span> <span class='ocrx_word' id='word_1_519' title='bbox 2819 3305 3025 3376; x_wconf 85' lang='grc' dir='ltr'>ταύτην</span> <span class='ocrx_word' id='word_1_520' title='bbox 3051 3307 3209 3359; x_wconf 73' lang='grc' dir='ltr'>πάλιν</span> <span class='ocrx_word' id='word_1_521' title='bbox 3233 3305 3330 3374; x_wconf 72' lang='grc' dir='ltr'>τὴν</span> <span class='ocrx_word' id='word_1_522' title='bbox 3366 3305 3599 3373; x_wconf 77' lang='grc' dir='ltr'>ἀπορίαν</span> 
     </span>
    </p>
   </div>
   <div class='ocr_carea' id='block_1_73' title="bbox 2030 3395 3602 3468">
    <p class='ocr_par' dir='ltr' id='par_1_73' title="bbox 2030 3395 3602 3468">
     <span class='ocr_line' id='line_1_73' title="bbox 2030 3395 3602 3468; baseline -0.004 -16"><span class='ocrx_word' id='word_1_523' title='bbox 2030 3401 2282 3452; x_wconf 79' lang='grc' dir='ltr'>ἑνστάσει</span> <span class='ocrx_word' id='word_1_524' title='bbox 2325 3399 2418 3450; x_wconf 74' lang='grc' dir='ltr'><strong>καὶ</strong></span> <span class='ocrx_word' id='word_1_525' title='bbox 2465 3397 2914 3468; x_wconf 80' lang='grc' dir='ltr'>ἀντιπεριστάσει</span> <span class='ocrx_word' id='word_1_526' title='bbox 2960 3395 3270 3466; x_wconf 78' lang='grc' dir='ltr'>μαχόμεθα.</span> <span class='ocrx_word' id='word_1_527' title='bbox 3317 3396 3602 3448; x_wconf 70' lang='grc' dir='ltr'>Ἑνστὰσει</span> 
     </span>
    </p>
   </div>
   <div class='ocr_carea' id='block_1_74' title="bbox 2033 3485 3605 3557">
    <p class='ocr_par' dir='ltr' id='par_1_74' title="bbox 2033 3485 3605 3557">
     <span class='ocr_line' id='line_1_74' title="bbox 2033 3485 3605 3557; baseline -0.002 -17"><span class='ocrx_word' id='word_1_528' title='bbox 2033 3488 2150 3557; x_wconf 81' lang='grc' dir='ltr'>μὲν,</span> <span class='ocrx_word' id='word_1_529' title='bbox 2169 3489 2252 3540; x_wconf 86' lang='grc' dir='ltr'>ὅτι</span> <span class='ocrx_word' id='word_1_530' title='bbox 2281 3487 2464 3548; x_wconf 82' lang='grc' dir='ltr'>κακῶς</span> <span class='ocrx_word' id='word_1_531' title='bbox 2490 3487 2763 3557; x_wconf 85' lang='grc' dir='ltr'>ἀπορεῖτε.</span> <span class='ocrx_word' id='word_1_532' title='bbox 2782 3487 2844 3539; x_wconf 83' lang='grc' dir='ltr'>Εἰ</span> <span class='ocrx_word' id='word_1_533' title='bbox 2865 3487 2974 3557; x_wconf 84' lang='grc' dir='ltr'>γὰρ</span> <span class='ocrx_word' id='word_1_534' title='bbox 2995 3488 3058 3540; x_wconf 81' lang='grc' dir='ltr'><strong>ἐκ</strong></span> <span class='ocrx_word' id='word_1_535' title='bbox 3079 3487 3170 3539; x_wconf 84' lang='grc' dir='ltr'>δύο</span> <span class='ocrx_word' id='word_1_536' title='bbox 3186 3487 3400 3554; x_wconf 79' lang='grc' dir='ltr'>φύσεων</span> <span class='ocrx_word' id='word_1_537' title='bbox 3419 3485 3605 3552; x_wconf 80' lang='grc' dir='ltr'>λέγετε</span> 
     </span>
    </p>
   </div>
   <div class='ocr_carea' id='block_1_75' title="bbox 2028 3572 3605 3649">
    <p class='ocr_par' dir='ltr' id='par_1_75' title="bbox 2028 3572 3605 3649">
     <span class='ocr_line' id='line_1_75' title="bbox 2028 3572 3605 3649; baseline -0.004 -16"><span class='ocrx_word' id='word_1_538' title='bbox 2028 3579 2121 3633; x_wconf 81' lang='grc' dir='ltr'><strong>τὸν</strong></span> <span class='ocrx_word' id='word_1_539' title='bbox 2171 3579 2424 3649; x_wconf 84' lang='grc' dir='ltr'>Χριστὸν,</span> <span class='ocrx_word' id='word_1_540' title='bbox 2461 3572 2622 3632; x_wconf 75' lang='grc' dir='ltr'>αὗται</span> <span class='ocrx_word' id='word_1_541' title='bbox 2663 3579 2720 3632; x_wconf 80' lang='grc' dir='ltr'>αἱ</span> <span class='ocrx_word' id='word_1_542' title='bbox 2765 3575 2954 3646; x_wconf 75' lang='grc' dir='ltr'>φύσεις</span> <span class='ocrx_word' id='word_1_543' title='bbox 3003 3576 3605 3645; x_wconf 81' lang='grc' dir='ltr'>ὲνυπόστατοίεὶσιν,ἥ</span> 
     </span>
    </p>
   </div>
   <div class='ocr_carea' id='block_1_76' title="bbox 2028 3663 3608 3738">
    <p class='ocr_par' dir='ltr' id='par_1_76' title="bbox 2028 3663 3608 3738">
     <span class='ocr_line' id='line_1_76' title="bbox 2028 3663 3608 3738; baseline -0.003 -15"><span class='ocrx_word' id='word_1_544' title='bbox 2028 3671 2416 3723; x_wconf 81' lang='grc' dir='ltr'>ἀνυπόστατοι.</span> <span class='ocrx_word' id='word_1_545' title='bbox 2449 3669 2512 3722; x_wconf 83' lang='lat' dir='ltr'><strong>El</strong></span> <span class='ocrx_word' id='word_1_546' title='bbox 2547 3670 2647 3737; x_wconf 84' lang='grc' dir='ltr'>μὲν</span> <span class='ocrx_word' id='word_1_547' title='bbox 2682 3663 2774 3722; x_wconf 78' lang='grc' dir='ltr'><strong>οὖν</strong></span> <span class='ocrx_word' id='word_1_548' title='bbox 2817 3669 3194 3728; x_wconf 81' lang='grc' dir='ltr'>ὲνυπόστατοι,</span> <span class='ocrx_word' id='word_1_549' title='bbox 3224 3668 3318 3720; x_wconf 87' lang='grc' dir='ltr'>δύο</span> <span class='ocrx_word' id='word_1_550' title='bbox 3341 3668 3608 3738; x_wconf 83' lang='grc' dir='ltr'>πρόσωπα</span> 
     </span>
    </p>
   </div>
   <div class='ocr_carea' id='block_1_77' title="bbox 2028 3759 3608 3830">
    <p class='ocr_par' dir='ltr' id='par_1_77' title="bbox 2028 3759 3608 3830">
     <span class='ocr_line' id='line_1_77' title="bbox 2028 3759 3608 3830; baseline -0.004 -14"><span class='ocrx_word' id='word_1_551' title='bbox 2028 3762 2301 3830; x_wconf 82' lang='grc' dir='ltr'>εἰσάγετε,</span> <span class='ocrx_word' id='word_1_552' title='bbox 2326 3759 2422 3814; x_wconf 74' lang='grc' dir='ltr'><strong>καὶ</strong></span> <span class='ocrx_word' id='word_1_553' title='bbox 2445 3760 2538 3812; x_wconf 88' lang='grc' dir='ltr'><strong>δύο</strong></span> <span class='ocrx_word' id='word_1_554' title='bbox 2557 3761 2822 3830; x_wconf 80' lang='grc' dir='ltr'>Χριστοὺς</span> <span class='ocrx_word' id='word_1_555' title='bbox 2839 3761 2932 3813; x_wconf 73' lang='grc' dir='ltr'><strong>καὶ</strong></span> <span class='ocrx_word' id='word_1_556' title='bbox 2958 3760 3052 3812; x_wconf 88' lang='grc' dir='ltr'>δύο</span> <span class='ocrx_word' id='word_1_557' title='bbox 3069 3760 3237 3822; x_wconf 73' lang='grc' dir='ltr'>υἱούς.</span> <span class='ocrx_word' id='word_1_558' title='bbox 3257 3761 3316 3812; x_wconf 78' lang='lat' dir='ltr'><strong>El</strong></span> <span class='ocrx_word' id='word_1_559' title='bbox 3338 3759 3393 3812; x_wconf 78' lang='grc' dir='ltr'><strong>δὲ</strong></span> <span class='ocrx_word' id='word_1_560' title='bbox 3407 3759 3608 3811; x_wconf 76' lang='grc' dir='ltr'>ἀνυπό-</span> 
     </span>
    </p>
   </div>
   <div class='ocr_carea' id='block_1_78' title="bbox 2029 3846 3603 3922">
    <p class='ocr_par' dir='ltr' id='par_1_78' title="bbox 2029 3846 3603 3922">
     <span class='ocr_line' id='line_1_78' title="bbox 2029 3846 3603 3922; baseline -0.003 -16"><span class='ocrx_word' id='word_1_561' title='bbox 2029 3870 2234 3916; x_wconf 84' lang='grc' dir='ltr'>στατοι,</span> <span class='ocrx_word' id='word_1_562' title='bbox 2253 3854 2317 3906; x_wconf 81' lang='grc' dir='ltr'><strong>ὲκ</strong></span> <span class='ocrx_word' id='word_1_563' title='bbox 2345 3851 2418 3922; x_wconf 76' lang='grc' dir='ltr'>μὴ</span> <span class='ocrx_word' id='word_1_564' title='bbox 2437 3851 2612 3904; x_wconf 86' lang='grc' dir='ltr'>οὑσῶν</span> <span class='ocrx_word' id='word_1_565' title='bbox 2631 3851 2845 3918; x_wconf 84' lang='grc' dir='ltr'>φύσεων</span> <span class='ocrx_word' id='word_1_566' title='bbox 2867 3850 3054 3916; x_wconf 81' lang='grc' dir='ltr'>λέγετε</span> <span class='ocrx_word' id='word_1_567' title='bbox 3075 3846 3212 3903; x_wconf 81' lang='grc' dir='ltr'>εἶναι</span> <span class='ocrx_word' id='word_1_568' title='bbox 3235 3851 3324 3903; x_wconf 71' lang='grc' dir='ltr'><strong>τὸν</strong></span> <span class='ocrx_word' id='word_1_569' title='bbox 3347 3849 3603 3920; x_wconf 75' lang='grc' dir='ltr'>Χριστόν.</span> 
     </span>
    </p>
   </div>
   <div class='ocr_carea' id='block_1_79' title="bbox 355 3939 3606 4018">
    <p class='ocr_par' dir='ltr' id='par_1_79' title="bbox 355 3939 3606 4018">
     <span class='ocr_line' id='line_1_79' title="bbox 355 3939 3606 4018; baseline -0.003 -16"><span class='ocrx_word' id='word_1_570' title='bbox 355 3961 411 4004; x_wconf 73' lang='lat' dir='ltr'><strong>et</strong></span> <span class='ocrx_word' id='word_1_571' title='bbox 443 3951 586 4007; x_wconf 91' lang='lat' dir='ltr'><strong>duos</strong></span> <span class='ocrx_word' id='word_1_572' title='bbox 622 3949 876 4006; x_wconf 88' lang='lat' dir='ltr'><strong>Christos</strong></span> <span class='ocrx_word' id='word_1_573' title='bbox 914 3957 971 4002; x_wconf 91' lang='lat' dir='ltr'><strong>et</strong></span> <span class='ocrx_word' id='word_1_574' title='bbox 1012 3948 1158 4002; x_wconf 86' lang='lat' dir='ltr'><strong>ﬁlios</strong></span> <span class='ocrx_word' id='word_1_575' title='bbox 1221 3946 1480 4001; x_wconf 76' lang='lat' dir='ltr'><strong>duos.&#39;Si</strong></span> <span class='ocrx_word' id='word_1_576' title='bbox 1544 3961 1654 3998; x_wconf 82' lang='lat' dir='ltr'><strong>non</strong></span> <span class='ocrx_word' id='word_1_577' title='bbox 1723 3942 2103 4014; x_wconf 65' lang='lat' dir='ltr'><strong>bypostaticat,</strong></span> <span class='ocrx_word' id='word_1_578' title='bbox 2146 3942 2216 3997; x_wconf 88' lang='lat' dir='ltr'><strong>de</strong></span> <span class='ocrx_word' id='word_1_579' title='bbox 2269 3939 2483 4018; x_wconf 85' lang='lat' dir='ltr'><strong>naturis</strong></span> <span class='ocrx_word' id='word_1_580' title='bbox 2524 3954 2634 3994; x_wconf 89' lang='lat' dir='ltr'><strong>non</strong></span> <span class='ocrx_word' id='word_1_581' title='bbox 2687 3939 3091 3994; x_wconf 81' lang='lat' dir='ltr'><strong>exsistcntibus</strong></span> <span class='ocrx_word' id='word_1_582' title='bbox 3153 3939 3434 3995; x_wconf 87' lang='lat' dir='ltr'><strong>Christum</strong></span> <span class='ocrx_word' id='word_1_583' title='bbox 3484 3953 3606 3992; x_wconf 86' lang='lat' dir='ltr'><strong>esse</strong></span> 
     </span>
    </p>
   </div>
   <div class='ocr_carea' id='block_1_80' title="bbox 354 4045 559 4100">
    <p class='ocr_par' dir='ltr' id='par_1_80' title="bbox 354 4045 559 4100">
     <span class='ocr_line' id='line_1_80' title="bbox 354 4045 559 4100; baseline 0.005 -1"><span class='ocrx_word' id='word_1_584' title='bbox 354 4045 559 4100; x_wconf 83' lang='lat' dir='ltr'><strong>dicitis.</strong></span> 
     </span>
    </p>
   </div>
   <div class='ocr_carea' id='block_1_81' title="bbox 425 4125 1925 4208">
    <p class='ocr_par' dir='ltr' id='par_1_81' title="bbox 425 4125 1925 4208">
     <span class='ocr_line' id='line_1_81' title="bbox 425 4125 1925 4208; baseline -0.006 -15"><span class='ocrx_word' id='word_1_585' title='bbox 425 4136 490 4193; x_wconf 90' lang='lat' dir='ltr'><strong>ll.</strong></span> <span class='ocrx_word' id='word_1_586' title='bbox 529 4138 602 4194; x_wconf 86' lang='lat' dir='ltr'><strong>Ut</strong></span> <span class='ocrx_word' id='word_1_587' title='bbox 653 4145 839 4193; x_wconf 88' lang='lat' dir='ltr'><strong>autem</strong></span> <span class='ocrx_word' id='word_1_588' title='bbox 897 4153 1008 4193; x_wconf 91' lang='lat' dir='ltr'><strong>non</strong></span> <span class='ocrx_word' id='word_1_589' title='bbox 1058 4152 1350 4208; x_wconf 86' lang='lat' dir='ltr'><strong>pergamus</strong></span> <span class='ocrx_word' id='word_1_590' title='bbox 1403 4149 1518 4190; x_wconf 87' lang='lat' dir='ltr'><strong>rem</strong></span> <span class='ocrx_word' id='word_1_591' title='bbox 1567 4125 1925 4203; x_wconf 80' lang='lat' dir='ltr'><strong>inexplicabi-</strong></span> 
     </span>
    </p>
   </div>
   <div class='ocr_carea' id='block_1_82' title="bbox 354 4225 1922 4300">
    <p class='ocr_par' dir='ltr' id='par_1_82' title="bbox 354 4225 1922 4300">
     <span class='ocr_line' id='line_1_82' title="bbox 354 4225 1922 4300; baseline -0.005 -16"><span class='ocrx_word' id='word_1_592' title='bbox 354 4231 460 4285; x_wconf 90' lang='lat' dir='ltr'><strong>lem</strong></span> <span class='ocrx_word' id='word_1_593' title='bbox 492 4245 593 4300; x_wconf 87' lang='lat' dir='ltr'><strong>per</strong></span> <span class='ocrx_word' id='word_1_594' title='bbox 622 4230 771 4284; x_wconf 88' lang='lat' dir='ltr'><strong>aliud</strong></span> <span class='ocrx_word' id='word_1_595' title='bbox 819 4229 1204 4300; x_wconf 86' lang='lat' dir='ltr'><strong>inexplicabile</strong></span> <span class='ocrx_word' id='word_1_596' title='bbox 1233 4227 1535 4284; x_wconf 79' lang='lat' dir='ltr'><strong>dissolvere</strong></span> <span class='ocrx_word' id='word_1_597' title='bbox 1571 4226 1730 4295; x_wconf 90' lang='lat' dir='ltr'><strong>(nihil</strong></span> <span class='ocrx_word' id='word_1_598' title='bbox 1775 4225 1922 4279; x_wconf 88' lang='lat' dir='ltr'><strong>enim</strong></span> 
     </span>
    </p>
   </div>
   <div class='ocr_carea' id='block_1_83' title="bbox 355 4317 1922 4391">
    <p class='ocr_par' dir='ltr' id='par_1_83' title="bbox 355 4317 1922 4391">
     <span class='ocr_line' id='line_1_83' title="bbox 355 4317 1922 4391; baseline -0.004 -17"><span class='ocrx_word' id='word_1_599' title='bbox 355 4322 409 4376; x_wconf 87' lang='lat' dir='ltr'><strong>in</strong></span> <span class='ocrx_word' id='word_1_600' title='bbox 443 4336 512 4377; x_wconf 88' lang='lat' dir='ltr'><strong>eo</strong></span> <span class='ocrx_word' id='word_1_601' title='bbox 546 4321 840 4391; x_wconf 58' lang='lat' dir='ltr'><strong>praelati),</strong></span> <span class='ocrx_word' id='word_1_602' title='bbox 859 4335 956 4391; x_wconf 81' lang='lat' dir='ltr'><strong>age</strong></span> <span class='ocrx_word' id='word_1_603' title='bbox 981 4319 1222 4374; x_wconf 88' lang='lat' dir='ltr'><strong>vicissim</strong></span> <span class='ocrx_word' id='word_1_604' title='bbox 1247 4319 1330 4374; x_wconf 89' lang='lat' dir='ltr'><strong>eis</strong></span> <span class='ocrx_word' id='word_1_605' title='bbox 1350 4317 1676 4388; x_wconf 81' lang='lat' dir='ltr'><strong>Oppouendo</strong></span> <span class='ocrx_word' id='word_1_606' title='bbox 1710 4324 1922 4378; x_wconf 88' lang='lat' dir='ltr'><strong>nostra,</strong></span> 
     </span>
    </p>
   </div>
   <div class='ocr_carea' id='block_1_84' title="bbox 353 4407 1927 4484">
    <p class='ocr_par' dir='ltr' id='par_1_84' title="bbox 353 4407 1927 4484">
     <span class='ocr_line' id='line_1_84' title="bbox 353 4407 1927 4484; baseline -0.006 -17"><span class='ocrx_word' id='word_1_607' title='bbox 353 4411 721 4484; x_wconf 87' lang='lat' dir='ltr'><strong>objectionem</strong></span> <span class='ocrx_word' id='word_1_608' title='bbox 764 4427 956 4466; x_wconf 88' lang='lat' dir='ltr'><strong>eorum</strong></span> <span class='ocrx_word' id='word_1_609' title='bbox 1013 4411 1154 4466; x_wconf 90' lang='lat' dir='ltr'><strong>male</strong></span> <span class='ocrx_word' id='word_1_610' title='bbox 1205 4418 1578 4480; x_wconf 89' lang='lat' dir='ltr'><strong>comparatam</strong></span> <span class='ocrx_word' id='word_1_611' title='bbox 1631 4407 1927 4476; x_wconf 83' lang='lat' dir='ltr'><strong>redargua-</strong></span> 
     </span>
    </p>
   </div>
   <div class='ocr_carea' id='block_1_85' title="bbox 352 4499 1924 4573">
    <p class='ocr_par' dir='ltr' id='par_1_85' title="bbox 352 4499 1924 4573">
     <span class='ocr_line' id='line_1_85' title="bbox 352 4499 1924 4573; baseline -0.004 -17"><span class='ocrx_word' id='word_1_612' title='bbox 352 4519 496 4558; x_wconf 90' lang='lat' dir='ltr'><strong>mus.</strong></span> <span class='ocrx_word' id='word_1_613' title='bbox 531 4501 827 4558; x_wconf 83' lang='lat' dir='ltr'><strong>Sciendum</strong></span> <span class='ocrx_word' id='word_1_614' title='bbox 873 4503 1041 4573; x_wconf 79' lang='lat' dir='ltr'><strong>igitur</strong></span> <span class='ocrx_word' id='word_1_615' title='bbox 1103 4501 1508 4573; x_wconf 82' lang='lat' dir='ltr'><strong>hypostaticum</strong></span> <span class='ocrx_word' id='word_1_616' title='bbox 1571 4508 1627 4552; x_wconf 82' lang='lat' dir='ltr'><strong>et</strong></span> <span class='ocrx_word' id='word_1_617' title='bbox 1666 4499 1924 4568; x_wconf 77' lang='lat' dir='ltr'><strong>hyposta-</strong></span> 
     </span>
    </p>
   </div>
   <div class='ocr_carea' id='block_1_86' title="bbox 337 4589 1922 4665">
    <p class='ocr_par' dir='ltr' id='par_1_86' title="bbox 337 4589 1922 4665">
     <span class='ocr_line' id='line_1_86' title="bbox 337 4589 1922 4665; baseline -0.006 -16"><span class='ocrx_word' id='word_1_618' title='bbox 337 4594 436 4650; x_wconf 88' lang='lat' dir='ltr'><strong>&#39;sin</strong></span> <span class='ocrx_word' id='word_1_619' title='bbox 469 4595 580 4649; x_wconf 91' lang='lat' dir='ltr'><strong>duo</strong></span> <span class='ocrx_word' id='word_1_620' title='bbox 602 4593 934 4665; x_wconf 85' lang='lat' dir='ltr'><strong>signiﬁcare.</strong></span> <span class='ocrx_word' id='word_1_621' title='bbox 972 4593 1109 4649; x_wconf 88' lang='lat' dir='ltr'><strong>Nam</strong></span> <span class='ocrx_word' id='word_1_622' title='bbox 1137 4603 1193 4648; x_wconf 86' lang='lat' dir='ltr'><strong>et</strong></span> <span class='ocrx_word' id='word_1_623' title='bbox 1217 4591 1489 4659; x_wconf 80' lang='lat' dir='ltr'><strong>signiﬁcat</strong></span> <span class='ocrx_word' id='word_1_624' title='bbox 1523 4589 1576 4644; x_wconf 85' lang='lat' dir='ltr'><strong>id</strong></span> <span class='ocrx_word' id='word_1_625' title='bbox 1609 4589 1754 4658; x_wconf 90' lang='lat' dir='ltr'><strong>quod</strong></span> <span class='ocrx_word' id='word_1_626' title='bbox 1787 4589 1922 4642; x_wconf 86' lang='lat' dir='ltr'><strong>sim-</strong></span> 
     </span>
    </p>
   </div>
   <div class='ocr_carea' id='block_1_87' title="bbox 2107 4118 3605 4192">
    <p class='ocr_par' dir='ltr' id='par_1_87' title="bbox 2107 4118 3605 4192">
     <span class='ocr_line' id='line_1_87' title="bbox 2107 4118 3605 4192; baseline -0.001 -16"><span class='ocrx_word' id='word_1_627' title='bbox 2107 4121 2225 4177; x_wconf 85' lang='grc' dir='ltr'>’Ίνα</span> <span class='ocrx_word' id='word_1_628' title='bbox 2253 4123 2310 4176; x_wconf 81' lang='grc' dir='ltr'><strong>δὲ</strong></span> <span class='ocrx_word' id='word_1_629' title='bbox 2343 4121 2434 4192; x_wconf 85' lang='grc' dir='ltr'><strong>μὴ-</strong></span> <span class='ocrx_word' id='word_1_630' title='bbox 2451 4121 2648 4192; x_wconf 82' lang='grc' dir='ltr'>ἀπόρῳ</span> <span class='ocrx_word' id='word_1_631' title='bbox 2673 4121 2734 4175; x_wconf 71' lang='grc' dir='ltr'>τὸ</span> <span class='ocrx_word' id='word_1_632' title='bbox 2767 4120 2976 4191; x_wconf 79' lang='grc' dir='ltr'>ἄπορον</span> <span class='ocrx_word' id='word_1_633' title='bbox 3001 4119 3280 4190; x_wconf 80' lang='grc' dir='ltr'>μείνωμεν</span> <span class='ocrx_word' id='word_1_634' title='bbox 3307 4118 3605 4190; x_wconf 74' lang='grc' dir='ltr'>ἐπιλυόμε-</span> 
     </span>
    </p>
   </div>
   <div class='ocr_carea' id='block_1_88' title="bbox 2033 4213 3605 4286">
    <p class='ocr_par' dir='ltr' id='par_1_88' title="bbox 2033 4213 3605 4286">
     <span class='ocr_line' id='line_1_88' title="bbox 2033 4213 3605 4286; baseline -0.001 -16"><span class='ocrx_word' id='word_1_635' title='bbox 2033 4234 2113 4270; x_wconf 89' lang='grc' dir='ltr'><strong>νοι</strong></span> <span class='ocrx_word' id='word_1_636' title='bbox 2146 4216 2326 4284; x_wconf 85' lang='grc' dir='ltr'>(τοῦτο</span> <span class='ocrx_word' id='word_1_637' title='bbox 2347 4215 2454 4286; x_wconf 80' lang='grc' dir='ltr'><strong>γὰρ</strong></span> <span class='ocrx_word' id='word_1_638' title='bbox 2485 4216 2636 4268; x_wconf 81' lang='grc' dir='ltr'>οὐδὲν</span> <span class='ocrx_word' id='word_1_639' title='bbox 2666 4217 2959 4282; x_wconf 80' lang='grc' dir='ltr'>γενναῖον),</span> <span class='ocrx_word' id='word_1_640' title='bbox 2994 4213 3126 4284; x_wconf 81' lang='grc' dir='ltr'>φέρε</span> <span class='ocrx_word' id='word_1_641' title='bbox 3157 4213 3605 4282; x_wconf 82' lang='grc' dir='ltr'>ἀντιπεριστάσει</span> 
     </span>
    </p>
   </div>
   <div class='ocr_carea' id='block_1_89' title="bbox 2027 4305 3603 4380">
    <p class='ocr_par' dir='ltr' id='par_1_89' title="bbox 2027 4305 3603 4380">
     <span class='ocr_line' id='line_1_89' title="bbox 2027 4305 3603 4380; baseline -0.001 -20"><span class='ocrx_word' id='word_1_642' title='bbox 2027 4308 2386 4380; x_wconf 80' lang='grc' dir='ltr'>χρησάμενοι,</span> <span class='ocrx_word' id='word_1_643' title='bbox 2415 4307 2515 4376; x_wconf 83' lang='grc' dir='ltr'><strong>τὴν</strong></span> <span class='ocrx_word' id='word_1_644' title='bbox 2547 4308 2783 4377; x_wconf 77' lang='grc' dir='ltr'>ἀπορίαν</span> <span class='ocrx_word' id='word_1_645' title='bbox 2811 4305 2996 4370; x_wconf 86' lang='grc' dir='ltr'>κακῶς</span> <span class='ocrx_word' id='word_1_646' title='bbox 3041 4305 3272 4375; x_wconf 73' lang='grc' dir='ltr'>ἔχουσαν</span> <span class='ocrx_word' id='word_1_647' title='bbox 3318 4305 3603 4372; x_wconf 76' lang='grc' dir='ltr'>διελέγξωο</span> 
     </span>
    </p>
   </div>
   <div class='ocr_carea' id='block_1_90' title="bbox 2032 4398 3603 4474">
    <p class='ocr_par' dir='ltr' id='par_1_90' title="bbox 2032 4398 3603 4474">
     <span class='ocr_line' id='line_1_90' title="bbox 2032 4398 3603 4474; baseline -0.003 -18"><span class='ocrx_word' id='word_1_648' title='bbox 2032 4420 2150 4474; x_wconf 90' lang='grc' dir='ltr'>μεν.</span> <span class='ocrx_word' id='word_1_649' title='bbox 2191 4403 2386 4455; x_wconf 76' lang='grc' dir='ltr'>’ἰστέον</span> <span class='ocrx_word' id='word_1_650' title='bbox 2417 4401 2531 4464; x_wconf 79' lang='grc' dir='ltr'>οὖν,</span> <span class='ocrx_word' id='word_1_651' title='bbox 2551 4402 2636 4455; x_wconf 81' lang='grc' dir='ltr'>ὅτι</span> <span class='ocrx_word' id='word_1_652' title='bbox 2665 4401 2728 4453; x_wconf 73' lang='grc' dir='ltr'><strong>τὸ</strong></span> <span class='ocrx_word' id='word_1_653' title='bbox 2773 4399 3138 4454; x_wconf 83' lang='grc' dir='ltr'>ἐνυπόστατον</span> <span class='ocrx_word' id='word_1_654' title='bbox 3163 4398 3221 4468; x_wconf 79' lang='grc' dir='ltr'><strong>(ἱ)</strong></span> <span class='ocrx_word' id='word_1_655' title='bbox 3249 4399 3369 4468; x_wconf 80' lang='grc' dir='ltr'>ἦτοι</span> <span class='ocrx_word' id='word_1_656' title='bbox 3407 4401 3438 4466; x_wconf 81' lang='grc' dir='ltr'><strong>ἡ</strong></span> <span class='ocrx_word' id='word_1_657' title='bbox 3467 4400 3603 4452; x_wconf 73' lang='grc' dir='ltr'>ὑπό-</span> 
     </span>
    </p>
   </div>
   <div class='ocr_carea' id='block_1_91' title="bbox 2030 4489 3600 4563">
    <p class='ocr_par' dir='ltr' id='par_1_91' title="bbox 2030 4489 3600 4563">
     <span class='ocr_line' id='line_1_91' title="bbox 2030 4489 3600 4563; baseline -0.004 -15"><span class='ocrx_word' id='word_1_658' title='bbox 2030 4511 2219 4557; x_wconf 83' lang='grc' dir='ltr'>στασις</span> <span class='ocrx_word' id='word_1_659' title='bbox 2259 4493 2354 4546; x_wconf 88' lang='grc' dir='ltr'>δύο</span> <span class='ocrx_word' id='word_1_660' title='bbox 2405 4493 2680 4563; x_wconf 82' lang='grc' dir='ltr'>σημαίνει.</span> <span class='ocrx_word' id='word_1_661' title='bbox 2714 4490 2981 4562; x_wconf 86' lang='grc' dir='ltr'>Σημαίνει</span> <span class='ocrx_word' id='word_1_662' title='bbox 3027 4489 3138 4557; x_wconf 79' lang='grc' dir='ltr'>γὰρ</span> <span class='ocrx_word' id='word_1_663' title='bbox 3175 4489 3235 4542; x_wconf 85' lang='grc' dir='ltr'><strong>τὸ</strong></span> <span class='ocrx_word' id='word_1_664' title='bbox 3278 4489 3468 4551; x_wconf 76' lang='grc' dir='ltr'>ἁπλῶς</span> <span class='ocrx_word' id='word_1_665' title='bbox 3504 4489 3600 4541; x_wconf 73' lang='grc' dir='ltr'><strong>ὅνο</strong></span> 
     </span>
    </p>
   </div>
   <div class='ocr_carea' id='block_1_92' title="bbox 2029 4579 3604 4654">
    <p class='ocr_par' dir='ltr' id='par_1_92' title="bbox 2029 4579 3604 4654">
     <span class='ocr_line' id='line_1_92' title="bbox 2029 4579 3604 4654; baseline -0.004 -17"><span class='ocrx_word' id='word_1_666' title='bbox 2029 4584 2153 4638; x_wconf 73' lang='grc' dir='ltr'>καθ’</span> <span class='ocrx_word' id='word_1_667' title='bbox 2182 4585 2210 4636; x_wconf 85' lang='grc' dir='ltr'><strong>ὃ</strong></span> <span class='ocrx_word' id='word_1_668' title='bbox 2239 4585 2640 4654; x_wconf 78' lang='grc' dir='ltr'>σημαινόμενον</span> <span class='ocrx_word' id='word_1_669' title='bbox 2693 4581 2924 4651; x_wconf 84' lang='grc' dir='ltr'>λέγομεν</span> <span class='ocrx_word' id='word_1_670' title='bbox 2970 4581 3065 4633; x_wconf 80' lang='grc' dir='ltr'><strong>καὶ</strong></span> <span class='ocrx_word' id='word_1_671' title='bbox 3115 4579 3182 4633; x_wconf 85' lang='grc' dir='ltr'>τὰ</span> <span class='ocrx_word' id='word_1_672' title='bbox 3215 4579 3604 4649; x_wconf 68' lang='grc' dir='ltr'>συμϐεϐηκότα</span> 
     </span>
    </p>
   </div>
   <div class='ocr_carea' id='block_1_93' title="bbox 352 4665 1930 4774">
    <p class='ocr_par' dir='ltr' id='par_1_93' title="bbox 352 4679 1925 4756">
     <span class='ocr_line' id='line_1_93' title="bbox 352 4679 1925 4756; baseline -0.006 -15"><span class='ocrx_word' id='word_1_673' title='bbox 352 4687 572 4756; x_wconf 80' lang='lat' dir='ltr'><strong>pliciter</strong></span> <span class='ocrx_word' id='word_1_674' title='bbox 591 4687 842 4741; x_wconf 74' lang='lat' dir='ltr'><strong>exsistit:</strong></span> <span class='ocrx_word' id='word_1_675' title='bbox 899 4696 1010 4756; x_wconf 88' lang='lat' dir='ltr'><strong>quo</strong></span> <span class='ocrx_word' id='word_1_676' title='bbox 1056 4683 1364 4755; x_wconf 77' lang='lat' dir='ltr'><strong>signiﬁcato</strong></span> <span class='ocrx_word' id='word_1_677' title='bbox 1405 4681 1640 4736; x_wconf 85' lang='lat' dir='ltr'><strong>dicimus</strong></span> <span class='ocrx_word' id='word_1_678' title='bbox 1692 4689 1748 4734; x_wconf 88' lang='lat' dir='ltr'><strong>et</strong></span> <span class='ocrx_word' id='word_1_679' title='bbox 1778 4679 1925 4733; x_wconf 88' lang='lat' dir='ltr'><strong>acci-</strong></span> 
     </span>
    </p>
   </div>
   <div class='ocr_carea' id='block_1_94' title="bbox 2035 4665 3602 4774">
    <p class='ocr_par' dir='ltr' id='par_1_94' title="bbox 2035 4665 3602 4740">
     <span class='ocr_line' id='line_1_94' title="bbox 2035 4665 3602 4740; baseline -0.004 -14"><span class='ocrx_word' id='word_1_680' title='bbox 2035 4673 2394 4738; x_wconf 81' lang='grc' dir='ltr'>ὲνυπόστατα,</span> <span class='ocrx_word' id='word_1_681' title='bbox 2421 4675 2470 4727; x_wconf 87' lang='grc' dir='ltr'>εἰ</span> <span class='ocrx_word' id='word_1_682' title='bbox 2520 4673 2618 4727; x_wconf 68' lang='grc' dir='ltr'>καὶ</span> <span class='ocrx_word' id='word_1_683' title='bbox 2651 4673 2712 4724; x_wconf 78' lang='grc' dir='ltr'>ἐν</span> <span class='ocrx_word' id='word_1_684' title='bbox 2746 4671 2956 4740; x_wconf 81' lang='grc' dir='ltr'>ἑτέροις</span> <span class='ocrx_word' id='word_1_685' title='bbox 3001 4669 3184 4740; x_wconf 78' lang='grc' dir='ltr'>έχουσι</span> <span class='ocrx_word' id='word_1_686' title='bbox 3211 4668 3275 4721; x_wconf 79' lang='grc' dir='ltr'><strong>τὸ</strong></span> <span class='ocrx_word' id='word_1_687' title='bbox 3308 4665 3468 4721; x_wconf 82' lang='grc' dir='ltr'>εἶναι.</span> <span class='ocrx_word' id='word_1_688' title='bbox 3497 4669 3602 4736; x_wconf 80' lang='grc' dir='ltr'><strong>Ση-</strong></span> 
     </span>
    </p>
   </div>
   <div class='ocr_carea' id='block_1_95' title="bbox 269 4771 1924 4844">
    <p class='ocr_par' dir='ltr' id='par_1_95' title="bbox 269 4771 1924 4844">
     <span class='ocr_line' id='line_1_95' title="bbox 269 4771 1924 4844; baseline -0.004 -17"><span class='ocrx_word' id='word_1_689' title='bbox 269 4813 272 4816; x_wconf 65' lang='lat'><strong>.</strong></span> <span class='ocrx_word' id='word_1_690' title='bbox 353 4776 537 4830; x_wconf 86' lang='lat' dir='ltr'><strong>dentia</strong></span> <span class='ocrx_word' id='word_1_691' title='bbox 563 4775 878 4844; x_wconf 77' lang='lat' dir='ltr'><strong>hypostasin</strong></span> <span class='ocrx_word' id='word_1_692' title='bbox 911 4773 1139 4836; x_wconf 87' lang='lat' dir='ltr'><strong>habere,</strong></span> <span class='ocrx_word' id='word_1_693' title='bbox 1172 4773 1303 4827; x_wconf 89' lang='lat' dir='ltr'><strong>licet</strong></span> <span class='ocrx_word' id='word_1_694' title='bbox 1358 4771 1411 4824; x_wconf 91' lang='lat' dir='ltr'><strong>in</strong></span> <span class='ocrx_word' id='word_1_695' title='bbox 1447 4771 1572 4824; x_wconf 87' lang='lat' dir='ltr'><strong>aliis</strong></span> <span class='ocrx_word' id='word_1_696' title='bbox 1615 4784 1736 4822; x_wconf 85' lang='lat' dir='ltr'><strong>esse</strong></span> <span class='ocrx_word' id='word_1_697' title='bbox 1764 4782 1924 4822; x_wconf 89' lang='lat' dir='ltr'><strong>suum</strong></span> 
     </span>
    </p>
   </div>
   <div class='ocr_carea' id='block_1_96' title="bbox 353 4863 1924 4935">
    <p class='ocr_par' dir='ltr' id='par_1_96' title="bbox 353 4863 1924 4935">
     <span class='ocr_line' id='line_1_96' title="bbox 353 4863 1924 4935; baseline -0.004 -15"><span class='ocrx_word' id='word_1_698' title='bbox 353 4867 614 4920; x_wconf 83' lang='lat' dir='ltr'><strong>habeant.</strong></span> <span class='ocrx_word' id='word_1_699' title='bbox 646 4864 930 4935; x_wconf 81' lang='lat' dir='ltr'><strong>Signiﬁcat</strong></span> <span class='ocrx_word' id='word_1_700' title='bbox 973 4873 1030 4920; x_wconf 92' lang='lat' dir='ltr'><strong>et</strong></span> <span class='ocrx_word' id='word_1_701' title='bbox 1057 4863 1111 4918; x_wconf 86' lang='lat' dir='ltr'><strong>id</strong></span> <span class='ocrx_word' id='word_1_702' title='bbox 1151 4863 1298 4932; x_wconf 89' lang='lat' dir='ltr'><strong>quod</strong></span> <span class='ocrx_word' id='word_1_703' title='bbox 1345 4872 1596 4916; x_wconf 87' lang='lat' dir='ltr'><strong>seorsum</strong></span> <span class='ocrx_word' id='word_1_704' title='bbox 1652 4867 1708 4912; x_wconf 90' lang='lat' dir='ltr'><strong>et</strong></span> <span class='ocrx_word' id='word_1_705' title='bbox 1739 4874 1838 4927; x_wconf 88' lang='lat' dir='ltr'><strong>per</strong></span> <span class='ocrx_word' id='word_1_706' title='bbox 1865 4873 1924 4913; x_wconf 88' lang='lat' dir='ltr'><strong>sc</strong></span> 
     </span>
    </p>
   </div>
   <div class='ocr_carea' id='block_1_97' title="bbox 353 4947 1922 5020">
    <p class='ocr_par' dir='ltr' id='par_1_97' title="bbox 353 4947 1922 5020">
     <span class='ocr_line' id='line_1_97' title="bbox 353 4947 1922 5020; baseline -0.005 -13"><span class='ocrx_word' id='word_1_707' title='bbox 353 4953 587 5012; x_wconf 77' lang='lat' dir='ltr'><strong>exsistit,</strong></span> <span class='ocrx_word' id='word_1_708' title='bbox 623 4951 805 5020; x_wconf 87' lang='lat' dir='ltr'><strong>qualia</strong></span> <span class='ocrx_word' id='word_1_709' title='bbox 833 4961 964 5005; x_wconf 90' lang='lat' dir='ltr'><strong>sunt</strong></span> <span class='ocrx_word' id='word_1_710' title='bbox 999 4950 1280 5004; x_wconf 79' lang='lat' dir='ltr'><strong>individua</strong></span> <span class='ocrx_word' id='word_1_711' title='bbox 1311 4947 1778 5003; x_wconf 86' lang='lat' dir='ltr'><strong>substantiarum:</strong></span> <span class='ocrx_word' id='word_1_712' title='bbox 1812 4959 1922 5014; x_wconf 90' lang='lat' dir='ltr'><strong>quo</strong></span> 
     </span>
    </p>
   </div>
   <div class='ocr_carea' id='block_1_98' title="bbox 357 5037 1922 5112">
    <p class='ocr_par' dir='ltr' id='par_1_98' title="bbox 357 5037 1922 5112">
     <span class='ocr_line' id='line_1_98' title="bbox 357 5037 1922 5112; baseline -0.004 -16"><span class='ocrx_word' id='word_1_713' title='bbox 357 5043 419 5096; x_wconf 89' lang='lat' dir='ltr'><strong>ﬁt</strong></span> <span class='ocrx_word' id='word_1_714' title='bbox 468 5050 530 5095; x_wconf 87' lang='lat' dir='ltr'><strong>ut</strong></span> <span class='ocrx_word' id='word_1_715' title='bbox 579 5041 984 5110; x_wconf 82' lang='lat' dir='ltr'><strong>hyposlaticum</strong></span> <span class='ocrx_word' id='word_1_716' title='bbox 1039 5056 1136 5112; x_wconf 87' lang='lat' dir='ltr'><strong>per</strong></span> <span class='ocrx_word' id='word_1_717' title='bbox 1163 5056 1220 5097; x_wconf 89' lang='lat' dir='ltr'><strong>se</strong></span> <span class='ocrx_word' id='word_1_718' title='bbox 1251 5039 1455 5108; x_wconf 89' lang='lat' dir='ltr'><strong>duplici</strong></span> <span class='ocrx_word' id='word_1_719' title='bbox 1512 5039 1676 5094; x_wconf 88' lang='lat' dir='ltr'><strong>modo</strong></span> <span class='ocrx_word' id='word_1_720' title='bbox 1706 5037 1922 5091; x_wconf 88' lang='lat' dir='ltr'><strong>dicatur</strong></span> 
     </span>
    </p>
   </div>
   <div class='ocr_carea' id='block_1_99' title="bbox 355 5129 1921 5204">
    <p class='ocr_par' dir='ltr' id='par_1_99' title="bbox 355 5129 1921 5204">
     <span class='ocr_line' id='line_1_99' title="bbox 355 5129 1921 5204; baseline -0.005 -16"><span class='ocrx_word' id='word_1_721' title='bbox 355 5133 789 5204; x_wconf 77' lang='lat' dir='ltr'><strong>hypostaticum:</strong></span> <span class='ocrx_word' id='word_1_722' title='bbox 818 5140 1090 5200; x_wconf 87' lang='lat' dir='ltr'><strong>quatenus</strong></span> <span class='ocrx_word' id='word_1_723' title='bbox 1104 5141 1187 5186; x_wconf 88' lang='lat' dir='ltr'><strong>est</strong></span> <span class='ocrx_word' id='word_1_724' title='bbox 1209 5130 1469 5200; x_wconf 83' lang='lat' dir='ltr'><strong>quiddam</strong></span> <span class='ocrx_word' id='word_1_725' title='bbox 1491 5129 1779 5192; x_wconf 77' lang='lat' dir='ltr'><strong>exsistens,</strong></span> <span class='ocrx_word' id='word_1_726' title='bbox 1807 5136 1921 5180; x_wconf 90' lang='lat' dir='ltr'><strong>tum</strong></span> 
     </span>
    </p>
   </div>
   <div class='ocr_carea' id='block_1_100' title="bbox 355 5219 1926 5293">
    <p class='ocr_par' dir='ltr' id='par_1_100' title="bbox 355 5219 1926 5293">
     <span class='ocr_line' id='line_1_100' title="bbox 355 5219 1926 5293; baseline -0.004 -15"><span class='ocrx_word' id='word_1_727' title='bbox 355 5233 630 5293; x_wconf 84' lang='lat' dir='ltr'><strong>quatenus</strong></span> <span class='ocrx_word' id='word_1_728' title='bbox 658 5237 905 5277; x_wconf 82' lang='lat' dir='ltr'><strong>seorsum</strong></span> <span class='ocrx_word' id='word_1_729' title='bbox 931 5237 996 5275; x_wconf 92' lang='lat' dir='ltr'><strong>ac</strong></span> <span class='ocrx_word' id='word_1_730' title='bbox 1027 5237 1126 5290; x_wconf 85' lang='lat' dir='ltr'><strong>per</strong></span> <span class='ocrx_word' id='word_1_731' title='bbox 1169 5237 1228 5276; x_wconf 84' lang='lat' dir='ltr'><strong>se</strong></span> <span class='ocrx_word' id='word_1_732' title='bbox 1271 5220 1504 5285; x_wconf 76' lang='lat' dir='ltr'><strong>exsistit,</strong></span> <span class='ocrx_word' id='word_1_733' title='bbox 1557 5229 1618 5274; x_wconf 90' lang='lat' dir='ltr'><strong>ut</strong></span> <span class='ocrx_word' id='word_1_734' title='bbox 1653 5219 1846 5274; x_wconf 87' lang='lat' dir='ltr'><strong>Petrus</strong></span> <span class='ocrx_word' id='word_1_735' title='bbox 1871 5227 1926 5273; x_wconf 91' lang='lat' dir='ltr'><strong>et</strong></span> 
     </span>
    </p>
   </div>
   <div class='ocr_carea' id='block_1_101' title="bbox 354 5309 1920 5382">
    <p class='ocr_par' dir='ltr' id='par_1_101' title="bbox 354 5309 1920 5382">
     <span class='ocr_line' id='line_1_101' title="bbox 354 5309 1920 5382; baseline -0.004 -13"><span class='ocrx_word' id='word_1_736' title='bbox 354 5314 579 5369; x_wconf 86' lang='lat' dir='ltr'><strong>Paulus.</strong></span> <span class='ocrx_word' id='word_1_737' title='bbox 629 5311 824 5368; x_wconf 84' lang='lat' dir='ltr'><strong>Itidem</strong></span> <span class='ocrx_word' id='word_1_738' title='bbox 880 5321 936 5366; x_wconf 92' lang='lat' dir='ltr'><strong>et</strong></span> <span class='ocrx_word' id='word_1_739' title='bbox 989 5327 1098 5366; x_wconf 90' lang='lat' dir='ltr'><strong>non</strong></span> <span class='ocrx_word' id='word_1_740' title='bbox 1127 5309 1532 5382; x_wconf 74' lang='lat' dir='ltr'><strong>hypostaticum</strong></span> <span class='ocrx_word' id='word_1_741' title='bbox 1572 5311 1774 5380; x_wconf 82' lang='lat' dir='ltr'><strong>duplex</strong></span> <span class='ocrx_word' id='word_1_742' title='bbox 1802 5319 1920 5365; x_wconf 88' lang='lat' dir='ltr'><strong>est:</strong></span> 
     </span>
    </p>
   </div>
   <div class='ocr_carea' id='block_1_102' title="bbox 357 5402 1920 5475">
    <p class='ocr_par' dir='ltr' id='par_1_102' title="bbox 357 5402 1920 5475">
     <span class='ocr_line' id='line_1_102' title="bbox 357 5402 1920 5475; baseline -0.004 -17"><span class='ocrx_word' id='word_1_743' title='bbox 357 5421 484 5460; x_wconf 87' lang='lat' dir='ltr'><strong>nam</strong></span> <span class='ocrx_word' id='word_1_744' title='bbox 507 5419 707 5474; x_wconf 76' lang='lat' dir='ltr'><strong>expers</strong></span> <span class='ocrx_word' id='word_1_745' title='bbox 754 5403 1063 5475; x_wconf 78' lang='lat' dir='ltr'><strong>hypostasis</strong></span> <span class='ocrx_word' id='word_1_746' title='bbox 1092 5402 1314 5465; x_wconf 68' lang='lat' dir='ltr'><strong>dicitur,</strong></span> <span class='ocrx_word' id='word_1_747' title='bbox 1353 5402 1498 5470; x_wconf 86' lang='lat' dir='ltr'><strong>quod</strong></span> <span class='ocrx_word' id='word_1_748' title='bbox 1558 5416 1783 5471; x_wconf 86' lang='lat' dir='ltr'><strong>prorsus</strong></span> <span class='ocrx_word' id='word_1_749' title='bbox 1812 5417 1920 5455; x_wconf 85' lang='lat' dir='ltr'><strong>non</strong></span> 
     </span>
    </p>
   </div>
   <div class='ocr_carea' id='block_1_103' title="bbox 427 5577 1917 5648">
    <p class='ocr_par' dir='ltr' id='par_1_103' title="bbox 427 5577 1917 5648">
     <span class='ocr_line' id='line_1_103' title="bbox 427 5577 1917 5648; baseline -0.003 -12"><span class='ocrx_word' id='word_1_750' title='bbox 427 5582 488 5648; x_wconf 79' lang='grc' dir='ltr'><strong>(ί)</strong></span> <span class='ocrx_word' id='word_1_751' title='bbox 526 5581 594 5634; x_wconf 81' lang='grc' dir='ltr'><em>Τὸ</em></span> <span class='ocrx_word' id='word_1_752' title='bbox 622 5580 796 5632; x_wconf 75' lang='grc' dir='ltr'>ὲνυπ.</span> <span class='ocrx_word' id='word_1_753' title='bbox 828 5579 1034 5634; x_wconf 86' lang='lat' dir='ltr'><strong>Similia</strong></span> <span class='ocrx_word' id='word_1_754' title='bbox 1057 5579 1217 5633; x_wconf 84' lang='lat' dir='ltr'><strong>docet</strong></span> <span class='ocrx_word' id='word_1_755' title='bbox 1253 5577 1591 5642; x_wconf 87' lang='lat' dir='ltr'><strong>Leontius,in</strong></span> <span class='ocrx_word' id='word_1_756' title='bbox 1616 5578 1917 5647; x_wconf 80' lang='lat' dir='ltr'><strong>fragmento</strong></span> 
     </span>
    </p>
   </div>
   <div class='ocr_carea' id='block_1_104' title="bbox 361 5649 1919 5720">
    <p class='ocr_par' dir='ltr' id='par_1_104' title="bbox 361 5649 1919 5720">
     <span class='ocr_line' id='line_1_104' title="bbox 361 5649 1919 5720; baseline -0.001 -17"><span class='ocrx_word' id='word_1_757' title='bbox 361 5651 504 5720; x_wconf 82' lang='lat' dir='ltr'><strong>quod</strong></span> <span class='ocrx_word' id='word_1_758' title='bbox 531 5665 597 5704; x_wconf 73' lang='lat' dir='ltr'><strong>ex</strong></span> <span class='ocrx_word' id='word_1_759' title='bbox 631 5649 988 5706; x_wconf 71' lang='lat' dir='ltr'><strong>Collectaneis</strong></span> <span class='ocrx_word' id='word_1_760' title='bbox 1022 5666 1148 5703; x_wconf 86' lang='lat' dir='ltr'><strong>mss.</strong></span> <span class='ocrx_word' id='word_1_761' title='bbox 1195 5657 1382 5703; x_wconf 83' lang='lat' dir='ltr'><strong>contra</strong></span> <span class='ocrx_word' id='word_1_762' title='bbox 1428 5649 1754 5703; x_wconf 80' lang='lat' dir='ltr'><strong>Severianus</strong></span> <span class='ocrx_word' id='word_1_763' title='bbox 1787 5650 1919 5702; x_wconf 76' lang='lat' dir='ltr'><strong>reei-</strong></span> 
     </span>
    </p>
   </div>
   <div class='ocr_carea' id='block_1_105' title="bbox 2035 4756 3606 4832">
    <p class='ocr_par' dir='ltr' id='par_1_105' title="bbox 2035 4756 3606 4832">
     <span class='ocr_line' id='line_1_105' title="bbox 2035 4756 3606 4832; baseline -0.005 -16"><span class='ocrx_word' id='word_1_764' title='bbox 2035 4763 2222 4832; x_wconf 85' lang='grc' dir='ltr'>μαίνει</span> <span class='ocrx_word' id='word_1_765' title='bbox 2269 4764 2366 4816; x_wconf 66' lang='grc' dir='ltr'>καὶ</span> <span class='ocrx_word' id='word_1_766' title='bbox 2411 4764 2471 4816; x_wconf 81' lang='grc' dir='ltr'>τὸ</span> <span class='ocrx_word' id='word_1_767' title='bbox 2521 4761 2642 4815; x_wconf 84' lang='grc' dir='ltr'><strong>καθ’</strong></span> <span class='ocrx_word' id='word_1_768' title='bbox 2669 4759 2831 4814; x_wconf 74' lang='grc' dir='ltr'>ἑαυτὸ</span> <span class='ocrx_word' id='word_1_769' title='bbox 2887 4758 2984 4823; x_wconf 78' lang='grc' dir='ltr'>ὃν,</span> <span class='ocrx_word' id='word_1_770' title='bbox 3041 4757 3116 4822; x_wconf 84' lang='grc' dir='ltr'>ὡς</span> <span class='ocrx_word' id='word_1_771' title='bbox 3167 4757 3236 4810; x_wconf 73' lang='grc' dir='ltr'>τὰ</span> <span class='ocrx_word' id='word_1_772' title='bbox 3272 4757 3452 4824; x_wconf 79' lang='grc' dir='ltr'>ἄτομα</span> <span class='ocrx_word' id='word_1_773' title='bbox 3496 4756 3606 4808; x_wconf 85' lang='grc' dir='ltr'><strong>τῶν</strong></span> 
     </span>
    </p>
   </div>
   <div class='ocr_carea' id='block_1_106' title="bbox 2028 4847 3604 4922">
    <p class='ocr_par' dir='ltr' id='par_1_106' title="bbox 2028 4847 3604 4922">
     <span class='ocr_line' id='line_1_106' title="bbox 2028 4847 3604 4922; baseline -0.005 -18"><span class='ocrx_word' id='word_1_774' title='bbox 2028 4853 2227 4904; x_wconf 78' lang='grc' dir='ltr'>οὐσιῶν</span> <span class='ocrx_word' id='word_1_775' title='bbox 2253 4870 2264 4883; x_wconf 93' lang='grc'><strong>·</strong></span> <span class='ocrx_word' id='word_1_776' title='bbox 2291 4853 2429 4906; x_wconf 82' lang='grc' dir='ltr'>ὥστε</span> <span class='ocrx_word' id='word_1_777' title='bbox 2466 4851 2752 4922; x_wconf 76' lang='grc' dir='ltr'>συμϐαίνει</span> <span class='ocrx_word' id='word_1_778' title='bbox 2780 4849 2839 4902; x_wconf 85' lang='grc' dir='ltr'><strong>τὸ</strong></span> <span class='ocrx_word' id='word_1_779' title='bbox 2875 4847 2998 4902; x_wconf 82' lang='grc' dir='ltr'>καθ’</span> <span class='ocrx_word' id='word_1_780' title='bbox 3021 4848 3180 4902; x_wconf 79' lang='grc' dir='ltr'>ἑαυτὸ</span> <span class='ocrx_word' id='word_1_781' title='bbox 3221 4847 3604 4904; x_wconf 81' lang='grc' dir='ltr'>ὲνυπόστατον.</span> 
     </span>
    </p>
   </div>
   <div class='ocr_carea' id='block_1_107' title="bbox 2027 4937 3606 5012">
    <p class='ocr_par' dir='ltr' id='par_1_107' title="bbox 2027 4937 3606 5012">
     <span class='ocr_line' id='line_1_107' title="bbox 2027 4937 3606 5012; baseline -0.004 -17"><span class='ocrx_word' id='word_1_782' title='bbox 2027 4942 2188 5012; x_wconf 84' lang='grc' dir='ltr'>διχῶς</span> <span class='ocrx_word' id='word_1_783' title='bbox 2213 4943 2466 5011; x_wconf 83' lang='grc' dir='ltr'>λέγεσθαι</span> <span class='ocrx_word' id='word_1_784' title='bbox 2487 4942 2868 4995; x_wconf 78' lang='grc' dir='ltr'>ἐνυπόστατον.</span> <span class='ocrx_word' id='word_1_785' title='bbox 2885 4939 3064 4992; x_wconf 80' lang='grc' dir='ltr'><strong>Καο’δ</strong></span> <span class='ocrx_word' id='word_1_786' title='bbox 3088 4938 3147 4990; x_wconf 84' lang='grc' dir='ltr'>ὅν</span> <span class='ocrx_word' id='word_1_787' title='bbox 3171 4941 3340 4998; x_wconf 79' lang='grc' dir='ltr'>ἐστιν,</span> <span class='ocrx_word' id='word_1_788' title='bbox 3365 4937 3459 4989; x_wconf 74' lang='grc' dir='ltr'>καὶ</span> <span class='ocrx_word' id='word_1_789' title='bbox 3483 4937 3606 4988; x_wconf 80' lang='grc' dir='ltr'>καθ’</span> 
     </span>
    </p>
   </div>
   <div class='ocr_carea' id='block_1_108' title="bbox 2029 5027 3605 5101">
    <p class='ocr_par' dir='ltr' id='par_1_108' title="bbox 2029 5027 3605 5101">
     <span class='ocr_line' id='line_1_108' title="bbox 2029 5027 3605 5101; baseline -0.006 -14"><span class='ocrx_word' id='word_1_790' title='bbox 2029 5035 2212 5094; x_wconf 76' lang='grc' dir='ltr'>ἑαυτὸ.</span> <span class='ocrx_word' id='word_1_791' title='bbox 2243 5034 2389 5087; x_wconf 73' lang='grc' dir='ltr'>τοῦτ’</span> <span class='ocrx_word' id='word_1_792' title='bbox 2428 5033 2545 5086; x_wconf 79' lang='grc' dir='ltr'>ἔστι</span> <span class='ocrx_word' id='word_1_793' title='bbox 2583 5031 2790 5101; x_wconf 81' lang='grc' dir='ltr'>Πέτρος</span> <span class='ocrx_word' id='word_1_794' title='bbox 2831 5031 2928 5084; x_wconf 76' lang='grc' dir='ltr'><strong>καὶ</strong></span> <span class='ocrx_word' id='word_1_795' title='bbox 2965 5029 3200 5092; x_wconf 81' lang='grc' dir='ltr'>Παῦλος.</span> <span class='ocrx_word' id='word_1_796' title='bbox 3241 5029 3400 5080; x_wconf 72' lang='grc' dir='ltr'>Ἀλλὰ</span> <span class='ocrx_word' id='word_1_797' title='bbox 3424 5027 3605 5079; x_wconf 79' lang='grc' dir='ltr'>καὶτὸ</span> 
     </span>
    </p>
   </div>
   <div class='ocr_carea' id='block_1_109' title="bbox 2028 5119 3604 5192">
    <p class='ocr_par' dir='ltr' id='par_1_109' title="bbox 2028 5119 3604 5192">
     <span class='ocr_line' id='line_1_109' title="bbox 2028 5119 3604 5192; baseline -0.006 -13"><span class='ocrx_word' id='word_1_798' title='bbox 2028 5127 2400 5180; x_wconf 82' lang='grc' dir='ltr'>ἀνυπόστατον</span> <span class='ocrx_word' id='word_1_799' title='bbox 2421 5125 2618 5178; x_wconf 86' lang='grc' dir='ltr'>διττόν.</span> <span class='ocrx_word' id='word_1_800' title='bbox 2655 5123 2894 5190; x_wconf 81' lang='grc' dir='ltr'>Λέγεται</span> <span class='ocrx_word' id='word_1_801' title='bbox 2930 5122 3038 5192; x_wconf 79' lang='grc' dir='ltr'>γὰρ</span> <span class='ocrx_word' id='word_1_802' title='bbox 3079 5121 3474 5181; x_wconf 79' lang='grc' dir='ltr'>ἀνυπόστατον,</span> <span class='ocrx_word' id='word_1_803' title='bbox 3511 5119 3604 5170; x_wconf 76' lang='grc' dir='ltr'>καὶ</span> 
     </span>
    </p>
   </div>
   <div class='ocr_carea' id='block_1_110' title="bbox 2023 5212 3598 5288">
    <p class='ocr_par' dir='ltr' id='par_1_110' title="bbox 2023 5212 3598 5288">
     <span class='ocr_line' id='line_1_110' title="bbox 2023 5212 3598 5288; baseline -0.004 -17"><span class='ocrx_word' id='word_1_804' title='bbox 2023 5217 2085 5270; x_wconf 83' lang='grc' dir='ltr'><strong>τὸ</strong></span> <span class='ocrx_word' id='word_1_805' title='bbox 2111 5217 2376 5288; x_wconf 71' lang='grc' dir='ltr'>μηδαμῶς</span> <span class='ocrx_word' id='word_1_806' title='bbox 2413 5216 2494 5281; x_wconf 76' lang='grc' dir='ltr'><strong>ὃν,</strong></span> <span class='ocrx_word' id='word_1_807' title='bbox 2519 5215 2594 5279; x_wconf 83' lang='grc' dir='ltr'>ὡς</span> <span class='ocrx_word' id='word_1_808' title='bbox 2634 5214 2982 5284; x_wconf 79' lang='grc' dir='ltr'>τραγέλαφος</span> <span class='ocrx_word' id='word_1_809' title='bbox 3021 5215 3115 5265; x_wconf 81' lang='grc' dir='ltr'>καὶ</span> <span class='ocrx_word' id='word_1_810' title='bbox 3147 5212 3598 5278; x_wconf 79' lang='grc' dir='ltr'>ἱπποκένταυρος.</span> 
     </span>
    </p>
   </div>
   <div class='ocr_carea' id='block_1_111' title="bbox 2021 5299 3603 5377">
    <p class='ocr_par' dir='ltr' id='par_1_111' title="bbox 2021 5299 3603 5377">
     <span class='ocr_line' id='line_1_111' title="bbox 2021 5299 3603 5377; baseline -0.008 -15"><span class='ocrx_word' id='word_1_811' title='bbox 2021 5308 2252 5377; x_wconf 79' lang='grc' dir='ltr'>Λέγεται</span> <span class='ocrx_word' id='word_1_812' title='bbox 2297 5308 2458 5363; x_wconf 72' lang='grc' dir='ltr'>πάλιν</span> <span class='ocrx_word' id='word_1_813' title='bbox 2513 5309 2909 5365; x_wconf 81' lang='grc' dir='ltr'>ἀνυπόστατον.</span> <span class='ocrx_word' id='word_1_814' title='bbox 2945 5305 3006 5357; x_wconf 80' lang='grc' dir='ltr'><strong>οὑ</strong></span> <span class='ocrx_word' id='word_1_815' title='bbox 3056 5304 3117 5356; x_wconf 78' lang='grc' dir='ltr'><strong>τὸ</strong></span> <span class='ocrx_word' id='word_1_816' title='bbox 3169 5301 3243 5372; x_wconf 83' lang='grc' dir='ltr'><strong>μὴ</strong></span> <span class='ocrx_word' id='word_1_817' title='bbox 3276 5301 3337 5354; x_wconf 84' lang='grc' dir='ltr'><strong>’ὸν</strong></span> <span class='ocrx_word' id='word_1_818' title='bbox 3376 5302 3498 5369; x_wconf 77' lang='grc' dir='ltr'>μὲν,</span> <span class='ocrx_word' id='word_1_819' title='bbox 3535 5299 3603 5350; x_wconf 76' lang='grc' dir='ltr'><strong>τὸ</strong></span> 
     </span>
    </p>
   </div>
   <div class='ocr_carea' id='block_1_112' title="bbox 2023 5389 3601 5472">
    <p class='ocr_par' dir='ltr' id='par_1_112' title="bbox 2023 5389 3601 5472">
     <span class='ocr_line' id='line_1_112' title="bbox 2023 5389 3601 5472; baseline -0.008 -19"><span class='ocrx_word' id='word_1_820' title='bbox 2023 5401 2146 5472; x_wconf 79' lang='grc' dir='ltr'>ἔχον</span> <span class='ocrx_word' id='word_1_821' title='bbox 2169 5402 2227 5454; x_wconf 70' lang='grc' dir='ltr'>δὲ</span> <span class='ocrx_word' id='word_1_822' title='bbox 2263 5403 2320 5454; x_wconf 83' lang='grc' dir='ltr'>ἐν</span> <span class='ocrx_word' id='word_1_823' title='bbox 2344 5401 2514 5472; x_wconf 75' lang='grc' dir='ltr'>ἑτέρῳ</span> <span class='ocrx_word' id='word_1_824' title='bbox 2544 5402 2641 5470; x_wconf 80' lang='grc' dir='ltr'><strong>τὴν</strong></span> <span class='ocrx_word' id='word_1_825' title='bbox 2666 5401 2984 5461; x_wconf 75' lang='grc' dir='ltr'>ὑπόστασιν,</span> <span class='ocrx_word' id='word_1_826' title='bbox 3011 5395 3105 5448; x_wconf 76' lang='grc' dir='ltr'><strong>καὶ</strong></span> <span class='ocrx_word' id='word_1_827' title='bbox 3144 5394 3220 5464; x_wconf 79' lang='grc' dir='ltr'>μὴ</span> <span class='ocrx_word' id='word_1_828' title='bbox 3269 5391 3393 5446; x_wconf 72' lang='grc' dir='ltr'><strong>καθ’</strong></span> <span class='ocrx_word' id='word_1_829' title='bbox 3435 5389 3601 5445; x_wconf 77' lang='grc' dir='ltr'>ἑαυτὸ</span> 
     </span>
    </p>
   </div>
   <div class='ocr_carea' id='block_1_113' title="bbox 2026 5563 3603 5702">
    <p class='ocr_par' dir='ltr' id='par_1_113' title="bbox 2026 5563 3603 5702">
     <span class='ocr_line' id='line_1_113' title="bbox 2026 5563 3603 5702; baseline -0.005 -70"><span class='ocrx_word' id='word_1_830' title='bbox 2026 5587 2104 5632; x_wconf 84' lang='lat' dir='ltr'><strong>tat</strong></span> <span class='ocrx_word' id='word_1_831' title='bbox 2134 5579 2448 5702; x_wconf 57' lang='lat' dir='ltr'><strong>quuicnus</strong></span> <span class='ocrx_word' id='word_1_832' title='bbox 2489 5579 2555 5634; x_wconf 87' lang='lat' dir='ltr'><strong>ad</strong></span> <span class='ocrx_word' id='word_1_833' title='bbox 2583 5595 2710 5648; x_wconf 81' lang='lat' dir='ltr'><strong>opp.</strong></span> <span class='ocrx_word' id='word_1_834' title='bbox 2745 5573 3092 5638; x_wconf 86' lang='lat' dir='ltr'><strong>Damasceni,</strong></span> <span class='ocrx_word' id='word_1_835' title='bbox 3116 5582 3250 5628; x_wconf 83' lang='lat' dir='ltr'><strong>tem.</strong></span> <span class='ocrx_word' id='word_1_836' title='bbox 3285 5569 3328 5626; x_wconf 83' lang='grc'>1.</span> <span class='ocrx_word' id='word_1_837' title='bbox 3355 5583 3480 5640; x_wconf 74' lang='lat' dir='ltr'><strong>pag.</strong></span> <span class='ocrx_word' id='word_1_838' title='bbox 3505 5563 3603 5634; x_wconf 72' lang='grc'><strong>45,</strong></span> 
     </span>
     <span class='ocr_line' id='line_1_114' title="bbox 2026 5658 2218 5702; baseline -0.005 0"><span class='ocrx_word' id='word_1_839' title='bbox 2026 5658 2140 5702; x_wconf 89' lang='lat' dir='ltr'><strong>not.</strong></span> <span class='ocrx_word' id='word_1_840' title='bbox 2205 5689 2218 5702; x_wconf 95' lang='lat'><strong>.</strong></span> 
     </span>
    </p>
   </div>
   <div class='ocr_carea' id='block_1_114' title="bbox 2025 5658 2218 5703">
    <p class='ocr_par' dir='ltr' id='par_1_114' title="bbox 2025 5658 2218 5703">
     <span class='ocr_line' id='line_1_115' title="bbox 2025 5658 2218 5703; baseline 0 -1"><span class='ocrx_word' id='word_1_841' title='bbox 2025 5658 2140 5703; x_wconf 88' lang='lat' dir='ltr'><strong>not.</strong></span> <span class='ocrx_word' id='word_1_842' title='bbox 2175 5658 2218 5702; x_wconf 92' lang='lat' dir='ltr'><strong>I.</strong></span> 
     </span>
    </p>
   </div>
  </div>
