3998 6146
239 282 368 353 1Ξ41

1349 336 1354 340 .
1407 276 1506 338 DE
1545 269 1822 335 SECTIS.
1855 299 1922 308 -
1946 275 2110 336 ΑΟΤ.
2149 273 2285 336 VH.

3359 263 3501 326 12ίὲ

234 389 635 459 ὑςὶνισττίιμενον⁹
669 387 743 452 ὡς
791 387 859 442 τὰ
909 386 1315 456 συμϐεϐηκοτα.
1374 389 1596 442 Τούτων
1629 378 1802 450 οὕτως

1929 391 2158 455 ~xsistit;
2195 397 2256 443 ut
2289 387 2638 459 tragelaphus
2679 391 3241 454 etiitppoccntaurns.
3283 378 3492 434 Rursus

232 482 483 552 ἑχόντων,
527 482 656 535 ὅταν
689 481 1037 551 ἐρωτήσωσιν
1078 479 1244 548 ἡμᾶς,
1273 481 1356 532 ὅτι
1390 481 1450 533 Ei
1485 481 1577 533 δύο
1612 481 1804 550 φύσεις

232 572 418 640 λέγετε
454 571 552 624 τοῦ
578 569 836 642 Χριστοῦ,
873 571 1270 634 ὲνυττοστάτους
1303 573 1476 636 αὐτὰς
1515 573 1703 640 λέγετε
1725 613 1740 635 ,
1771 573 1804 642 ἢ

231 663 635 724 ἀνυποστάτους
661 671 679 728 ξ
707 665 832 716 αντε
844 662 1105 732 ρωτῶμεν
1126 663 1345 737 αὐτοὺς,
1372 664 1456 717 ὅτι
1479 663 1604 728 Πῶς
1621 663 1808 730 λέγετε

233 752 474 808 ἐνταῦθα
523 755 584 806 :0
643 754 1058 818 ἑνυπὸστατονς
1112 753 1238 808 Ἐὰν
1293 757 1394 824 μὲν
1445 757 1694 819 εἴπωσιν,
1725 757 1809 809 ὃτι

235 847 362 917 περὶ
408 843 500 900 τοῦ
560 863 624 916 ση
655 847 918 908 τείνοντος
963 847 1022 898 :0
1063 843 1124 897 ὃν
1175 845 1359 909 ἁπλῶς
1385 863 1397 876 ·
1433 846 1690 916 λέγομεν,
1727 847 1809 899 ὃτι

231 937 326 989 δύο
358 936 549 1004 φύσεις
573 937 805 1005 λέγομεν
833 936 926 989 τοῦ
959 937 1200 1006 Χριστοῦ
1235 939 1376 990 κατὰ
1415 936 1578 990 τοῦτο
1617 937 1674 990 :0
1707 955 1804 1006 ση-

238 1028 580 1096 μαινόμενον,
606 1028 700 1080 καὶ
729 1027 882 1080 οὐδὲν
917 1029 1120 1082 ἄτοπον
1151 1029 1447 1092 συνάγεται
1476 1031 1630 1098 ἡμῖν,
1667 1027 1810 1082 ὥστε

236 1118 334 1170 καὶ
377 1117 470 1169 δύο
524 1117 795 1185 πρόσωπα
845 1119 1187 1186 εἰσαγαγεῖν.
1224 1119 1302 1172 Οὐ
1331 1120 1442 1188 γὰρ
1463 1121 1592 1190 περὶ
1615 1121 1811 1173 τούτου

235 1210 329 1262 τοῦ
371 1209 782 1279 σημαινομένου
835 1211 1103 1281 ἐλάϐομεν
1133 1210 1231 1280 τὴν
1257 1211 1579 1264 ὑπόστασιν.
1611 1213 1728 1264 Ἵνα
1754 1213 1813 1264 δὲ

237 1301 410 1368 σαφὲς
445 1301 528 1370 εἴη
559 1301 620 1353 τὸ
645 1301 962 1370 λεγόμενον,
996 1299 1394 1372 μεταϐαλόντες
1439 1303 1512 1356 τὰ·
1548 1300 1810 1371 ὀνόματα,

237 1389 659 1456 συλλογιστικῶς
697 1391 1147 1458 προσαγάγωμεν
1173 1391 1264 1444 τὸν
1295 1391 1476 1459 λόγον,
1511 1391 1604 1444 καὶ
1643 1392 1812 1444 εἴπω-

239 1495 338 1550 μεν
370 1478 544 1542 οὕτως
571 1499 583 1510 ·
615 1482 675 1533 Εἰ
704 1479 798 1534 δύο
847 1481 1038 1550 φύσεις
1077 1481 1171 1535 τοῦ
1201 1482 1471 1551 Χριστοῦ,
1506 1483 1817 1554 παρέπεται

235 1573 298 1626 :0
355 1574 750 1638 ἐνυποστᾶτους
803 1575 973 1639 αὑτάς
1021 1571 1194 1630 εἶναι·
1228 1577 1286 1629 :0
1317 1577 1372 1629 δὲ
1425 1577 1816 1639 ὲνυπὸστατον,

235 1664 298 1716 :0
351 1663 410 1718 ὃν
453 1666 732 1736 σημαίνει.
769 1666 835 1719 Αἰ
888 1667 982 1720 δύο
1033 1667 1222 1738 φύσεις
1264 1671 1373 1738 ἄρα
1415 1668 1507 1722 τοῦ
1544 1667 1818 1738 Χριστοῦ,

1913 497 2108 550 expers
2132 481 2442 552 hypostasis
2477 479 2702 534 dicitur.
2737 493 2845 530 non
2885 475 2937 527 id
2977 471 3362 543 quidemqu
3386 488 3493 524 non

1914 572 2151 633 exsistit,
2207 571 2300 624 sed
2360 568 2508 638 quod
2555 565 2875 638 hypostasin
2923 562 3090 617 habet
3138 563 3192 615 in
3241 562 3370 625 alio,
3429 577 3494 614 ac

1914 675 2025 712 non
2053 675 2150 729 per
2176 674 2232 711 se
2285 655 2572 711 subsistit:
2609 653 2794 721 qualia
2847 660 2977 704 sunt
3031 650 3360 704 accidentia.
3398 649 3495 702 llis

1918 753 1990 806 ita
2013 747 2357 810 constitutis,
2393 747 2612 814 quoties
2639 760 2740 798 nos
2775 741 3260 811 interrogaverint,
3293 741 3337 794 si
3361 740 3496 794 duas

1915 841 2124 897 Christi
2159 848 2387 892 naturas
2414 835 2621 897 dicitis,
2658 849 2790 888 num
2825 848 2918 887 eas
2956 832 3144 886 dicitis
3187 831 3493 902 bypostati-

1918 950 2028 990 cas.
2078 947 2145 986 an
2189 937 2447 999 expertes
2499 925 2842 997 hypostasis?
2888 939 2991 978 nos
3024 924 3266 978 vicissim
3314 939 3378 977 ex
3415 923 3496 976 eis

1919 1039 2252 1097 quaeramus,
2289 1019 2566 1091 quomodo
2607 1015 2936 1089 hypostatii-i
2969 1031 3159 1070 vocem
3201 1017 3494 1084 accipiant.

1921 1117 1976 1172 Si
2017 1115 2280 1178 dixerint,
2325 1113 2578 1182 accipere
2628 1125 2688 1164 se
2750 1109 2818 1163 de
2865 1124 2954 1173 eo,
3020 1107 3170 1176 quod
3221 1108 3498 1177 signiﬁcet

1921 1226 2040 1265 rem
2069 1207 2397 1278 simpliciter
2429 1205 2782 1258 exsistentem
2805 1243 2820 1266 ,
2879 1199 3178 1254 fatebimur
3211 1199 3350 1254 duas
3399 1216 3497 1252 nos

1922 1300 2130 1358 Christi
2155 1307 2382 1354 naturas
2407 1299 2512 1351 hoc
2544 1295 2850 1365 signiﬁcato
2878 1293 3086 1356 dicere,
3137 1307 3242 1346 nec
3271 1292 3496 1345 absurdi

1923 1393 2224 1464 quidquam
2257 1406 2288 1444 a
2339 1388 2500 1442 nobis
2549 1385 2755 1456 colligi,
2809 1385 2947 1438 duas
2993 1383 3072 1437 uti
3122 1382 3332 1436 scilicet
3377 1397 3500 1450 per-

1923 1499 2090 1560 sonas
2133 1481 2570 1538 introducamus.
2597 1478 2716 1532 Non
2743 1475 2890 1530 enim
2919 1475 3026 1529 isto
3049 1474 3356 1544 signiﬁcato
3399 1489 3497 1526 vo-

1925 1589 2044 1629 cem
2076 1571 2384 1644 hypostasis
2444 1567 2797 1638 cepimus.Ut
2821 1575 3004 1621 autem
3038 1565 3389 1635 perspicuum
3405 1563 3498 1628 sit,

1927 1663 2076 1734 quod
2103 1677 2133 1716 a
2161 1661 2322 1715 nobis
2345 1659 2584 1720 dicitur,
2629 1655 2954 1726 permutatis
2997 1653 3338 1727 nominibus,
3389 1652 3492 1722 syl-

237 1754 346 1808 τῶν
383 1755 552 1809 ὄντων
603 1759 762 1813 εἰσίν.
831 1757 954 1812 Ἐὰν
1003 1760 1059 1812 δὲ
1107 1760 1356 1824 εἴπωσιν,
1387 1761 1470 1814 ὅτι
1517 1760 1578 1813 :0
1620 1760 1813 1812 ἐνυπά-

1929 1756 2164 1828 logisticc
2197 1768 2311 1807 rem
2346 1751 2708 1821 proferamus,
2739 1749 2846 1802 hoc
2883 1747 3080 1801 modo:
3121 1746 3177 1800 Si
3210 1745 3332 1799 dum
3371 1753 3501 1798 sunt

241 1858 435 1898 στατον
494 1845 726 1917 λέγομεν
795 1851 922 1919 περὶ
983 1849 1081 1903 τοῦ
1151 1851 1272 1903 καθ’
1329 1851 1491 1904 ἑαυτὸ
1546 1850 1819 1920 ὑπάρχον·

235 1955 326 2000 :0;
368 1955 381 1966 ·
425 1938 658 2005 λέγομεν
695 1943 857 2010 ἡμεῖς
889 1981 902 2002 ,
933 1943 1012 1994 ὅτι
1078 1945 1220 1996 κατᾶ
1280 1943 1442 1996 τοῦτο
1488 1943 1544 1996 αἱ
1590 1943 1685 1996 δύο
1718 1943 1820 2010 φῦ·-

241 2046 356 2092 σεις
387 2031 480 2083 τοῦ
528 2032 772 2101 Χριστοῦ
815 2035 914 2086 οὐκ
952 2035 1092 2086 εἰσὶν
1120 2035 1502 2100 ἐνυπόστατοι,
1545 2035 1660 2090 ἀλλ’
1723 2037 1818 2088 άν-

241 2122 553 2175 υττὸστατοι.
582 2125 685 2193 lia?
728 2127 790 2176 οὐ
836 2126 1128 2190 συνάγεται
1158 2127 1291 2195 ἡμῖν
1333 2127 1540 2180 ἄτοπον
1571 2143 1583 2158 ο
1617 2131 1816 2180 ἀνυπο-

243 2214 468 2276 στάτους
515 2218 622 2284 γὰρ
682 2216 918 2284 λέγομεν
979 2218 1152 2280 αὑτὰς
1181 2259 1194 2278 ,
1225 2218 1285 2270 0'3
1323 2219 1458 2271 καθὸ
1502 2220 1577 2288 μή
1630 2221 1767 2270 εἰσιν
1801 2233 1812 2245 ·

242 2305 358 2357 ἀλλ’
387 2305 470 2358 ὅτι
524 2306 630 2359 τῶν
661 2309 735 2377 μὴ
781 2307 902 2361 καθ’
929 2309 1098 2362 ἑαυτὰ
1137 2310 1308 2362 ὄντων
1363 2310 1520 2363 εἰσιν.
1557 2312 1667 2364 Καὶ
1731 2310 1820 2362 ἵνα

242 2398 404 2450 πάλιν
464 2399 636 2465 σαᾳὲς
687 2401 772 2467 εἴη
827 2401 884 2452 :0
939 2400 1270 2468 λεγόμενον,
1305 2402 1705 2468 μεταϐαλόντες
1751 2403 1820 2456 τὰ

240 2487 498 2556 ὀνόματα,
558 2489 981 2558 συλλογιστικῶς
1036 2493 1480 2561 προσαγάγωμεν
1505 2493 1595 2544 τὸν
1639 2493 1817 2560 λόγον.

243 2579 304 2633 Εἰ
355 2581 450 2634 δύο
495 2581 688 2648 φύσεις
738 2582 832 2636 τοῦ
883 2583 1146 2652 Χριστοῦ,
1175 2585 1484 2652 παρέπεται
1534 2583 1594 2636 τὸ
1623 2585 1821 2637 ἀνυπο-

245 2673 469 2734 στάτους
501 2673 670 2736 αὑτὰς
694 2669 853 2729 εἶναι.
891 2675 964 2726 Τὸ
1002 2675 1059 2727 δὲ
1082 2676 1453 2728 ἀνυπόστατον
1479 2676 1734 2746 σημαίνει
1757 2678 1820 2732 οὐ

243 2763 304 2814 :0
337 2763 409 2832 μὴ
442 2762 501 2814 ὃ)
529 2803 544 2823 ,
574 2763 710 2816 ἀλλὰ
739 2766 799 2817 τὸ
835 2763 960 2818 καθ’
990 2765 1154 2817 ἑαυτὸ
1186 2767 1258 2834 μὴ
1287 2765 1366 2819 ὃν.
1406 2768 1470 2820 Αἰ
1508 2767 1604 2819 δύο
1626 2767 1820 2834 φύσεις

245 2855 352 2922 ἄρα
404 2855 498 2906 τοῦ
542 2856 779 2926 Χριστοῦ
828 2857 1172 2920 καθ’ὲαυτᾶς
1211 2860 1310 2910 οὐκ
1352 2859 1481 2913 εἰσί.
1507 2859 1617 2912 Καὶ
1647 2859 1822 2919 οὕτως

247 2944 340 2997 ἰὰν
377 2945 648 3017 εἴπωμεν,
671 2949 732 3000 οὐ
764 2949 860 3002 δύο
895 2951 1163 3019 πρόσωπα
1195 2952 1514 3022 εἰσάγομεν,
1547 2951 1670 3005 οὕτε
1715 2953 1822 3021 μὴν

245 3033 351 3088 τῶν
383 3037 456 3108 μὴ
489 3038 656 3092 ὅντων
701 3039 843 3093 αὐτὰ
875 3039 942 3110 (ji
971 3041 1237 3110 ποιοῦμεν
1259 3059 1272 3072 ·
1303 3042 1672 3094 ἀνυπόστατον
1712 3042 1820 3112 γάρ
1847 3085 1892 3142 C

247 3131 512 3200 ἐλάϐομεν
561 3132 818 3194 ὲνταῦᾶα,
855 3134 913 3185 :0
945 3138 1212 3202 σημαῖνον
1240 3135 1301 3186 :0
1349 3135 1424 3202 μὴ
1476 3134 1600 3187 καθ’
1631 3135 1818 3195 ἑαυτὸ.

245 3221 432 3274 οὐκέτι
463 3222 525 3274 :0
573 3223 646 3290 μὴ
679 3223 759 3276 ὅν.
791 3224 910 3275 Ὅτι
957 3223 1014 3275 δὲ
1047 3225 1143 3276 δύο
1176 3227 1556 3293 σημαινόμενα
1581 3221 1690 3278 οἵδε
1725 3230 1822 3294 τῆς

247 3312 599 3373 ὑποστάσεως
620 3315 651 3378 ἡ
679 3315 846 3382 ἐκκλη
859 3315 1112 3385 σιαστικὴ
1143 3316 1426 3384 συνήθεια,
1452 3317 1510 3369 τό
1536 3335 1593 3370 τε
1621 3321 1822 3387 σημαῖ-

249 3417 338 3452 νον
396 3399 457 3452 τὸ
521 3401 706 3462 ἁπλῶς
760 3402 842 3463 ὃν,
877 3403 1027 3472 δηλοῖ
1063 3407 1091 3456 ὁ
1150 3406 1305 3474 ἆγιος
1358 3406 1648 3476 Κύριλλος.
1711 3408 1822 3460 Καὶ

251 3487 438 3548 πάλιν,
469 3489 522 3541 εἴ
549 3506 630 3550 τις
667 3491 759 3541 ἐπὶ
788 3489 880 3543 τοῦ
913 3492 1031 3554 ἑνὸς
1055 3494 1298 3564 Χριστοῦ
1329 3495 1530 3566 διαιρεῖ
1555 3495 1654 3560 τὰς
1691 3497 1826 3550 ὑπο-

253 3580 490 3642 στάσεις,
527 3582 598 3650 πῆ
652 3583 749 3650 μὲν
794 3583 924 3652 περί
977 3585 1072 3638 τοῦ
1113 3586 1300 3649 ἁπλῶς
1327 3587 1480 3650 ὄντος
1521 3587 1714 3656 λέγων,
1749 3591 1824 3656 πῆ

252 3671 309 3722 δὲ
344 3672 434 3722 ἐπὶ
467 3671 560 3724 τοῦ
588 3673 712 3724 καθ’
745 3673 927 3736 ἑαυτὸ,
955 3675 1038 3730 ὅτι
1069 3675 1132 3746 δὴ
1157 3677 1455 3746 ἀσύγχυτοι
1483 3679 1828 3748 μεμενήκασι

254 3764 544 3832 τοιγαροῦν
574 3767 630 3818 αἱ
660 3766 1012 3831 ὑποστάσεις,
1047 3769 1297 3822 ἐντεῦθεν
1335 3769 1618 3840 εἰσόμεθα.
1641 3771 1832 3833 Ὅστις

249 3851 309 3904 δὲ
341 3853 459 3904 δυσὶ
501 3856 835 3922 προσώποις,
874 3857 1040 3928 Ιἰιγουν
1095 3859 1445 3925 ὑποστάσεσι,
1476 3861 1574 3923 τὰς
1621 3862 1680 3912 ἐν
1721 3863 1834 3925 τοῖς

254 3941 612 4008 Εὑαγγελὶοις
640 3947 903 4014 ἀπονέμοι
930 3948 1134 4014 φωνάς,
1167 3948 1416 4018 ἀνάθεμα
1459 3949 1625 4003 ἔστω.
1663 3951 1829 4002 Ὥστε

255 4031 545 4097 δέδεικται,
585 4032 660 4096 ὡς
707 4035 817 4087 ἀπὸ
857 4036 958 4103 τῆς
989 4037 1306 4107 ὁμωνυμίας
1361 4037 1642 4106 βούλονται
1683 4041 1832 4110 ἡμᾶς

255 4137 333 4174 πα
343 4121 730 4190 ραλογίσασθαι

1919 1859 2129 1904 natura:
2163 1846 2391 1910 Christi,
2415 1845 2664 1914 sequitur
2697 1859 2792 1896 cas
2818 1843 3190 1912 bypostaticas
3213 1855 3356 1894 esse.
3387 1837 3465 1907 Hy
3485 1867 3499 1878 -

1919 1943 2170 2016 postatici
2201 1957 2331 1996 vero
2363 1955 2465 1994 vox
2510 1935 2786 2007 signiﬁcat
2821 1935 2874 1988 id
2926 1934 3074 2004 quod
3129 1931 3368 1986 exsistit.
3397 1931 3498 1984 Er-

1917 2050 1986 2105 go
2013 2034 2137 2088 dua:
2159 2030 2363 2088 Christi
2396 2036 2610 2082 natura:
2641 2035 2772 2080 sunt
2801 2040 2994 2079 earum
3049 2025 3100 2077 in
3156 2037 3342 2076 rerum
3392 2036 3498 2073 nu-

1919 2138 2240 2193 mero,qu:e
2285 2121 2579 2176 exsistunt.
2633 2117 2728 2172 Sin
2774 2116 3038 2188 dixerint,
3097 2111 3499 2185 hypostalicum

1918 2216 2171 2284 accipere
2200 2229 2260 2268 se
2285 2213 2352 2267 de
2385 2227 2452 2266 eo
2477 2210 2622 2280 quod
2653 2224 2752 2279 per
2782 2224 2840 2263 se
2888 2206 3164 2270 subsistit,
3199 2205 3502 2258 inl'erennis

1919 2321 2041 2369 nos,
2076 2321 2141 2360 ea
2166 2305 2382 2359 ratione
2404 2302 2542 2356 duas
2567 2300 2772 2355 Christi
2819 2309 3046 2352 naturas
3078 2313 3188 2350 non
3235 2297 3501 2366 hyposta-

1921 2398 2058 2453 tieas
2095 2412 2239 2460 esse,
2285 2395 2382 2450 sed
2427 2401 2682 2464 expertes
2744 2390 3070 2462 bypostasis.
3139 2388 3250 2442 Nec
3278 2385 3501 2464 absurdi

1921 2489 2222 2560 quidquam
2253 2505 2284 2542 a
2311 2487 2472 2542 nobis
2497 2461 2825 2554 colligitur:
2871 2498 2996 2536 nam
3043 2487 3300 2550 expertes
3334 2461 3506 2548 hypa-

1921 2583 2084 2637 stasis
2135 2595 2230 2635 eas
2270 2579 2529 2642 dicimus,
2563 2593 2674 2630 non
2705 2576 2833 2630 ideo
2882 2573 3030 2643 quod
3066 2587 3177 2626 non
3212 2571 3360 2624 sint:
3405 2567 3504 2621 sed

1921 2673 2069 2744 quod
2112 2687 2304 2728 eorum
2355 2686 2386 2726 e
2416 2685 2649 2724 numero
2711 2669 2843 2729 sint,
2875 2683 2998 2736 quae
3036 2678 3287 2719 seorsum
3318 2676 3382 2714 ac
3407 2675 3507 2730 per

1897 2785 1980 2824 'sc
2008 2783 2117 2822 non
2149 2765 2444 2821 exsistunt.
2501 2764 2714 2817 Rursus
2742 2761 2820 2814 uti
2853 2758 3208 2828 perspicuum
3235 2753 3308 2808 sit
3357 2750 3503 2820 quod

1922 2858 2182 2920 dicimus,
2227 2852 2558 2924 permutatis
2618 2841 3344 2916 nominibusysyllogistice
3389 2853 3503 2892 rem

1921 2949 2290 3022 proferamus.
2329 2946 2384 3000 Si
2416 2945 2540 3000 dua:
2584 2952 2715 2998 sunt
2741 2940 2948 2996 Christi
2985 2947 3218 2998 naturae,
3249 2931 3506 3002 sequitur

1923 3057 2019 3095 eas
2047 3047 2301 3108 expertes
2337 3035 2645 3107 hypostasis
2668 3049 2811 3087 esse.
2839 3029 2996 3096 Quod
3023 3037 3207 3082 autem
3239 3027 3504 3096 hyposta—

1927 3133 2004 3187 sis
2022 3146 2218 3198 expers
2240 3137 2344 3190 est,
2385 3143 2494 3182 non
2529 3126 2581 3179 id
2613 3123 2884 3193 signiﬁcat
2913 3119 3058 3190 quod
3110 3133 3221 3172 non
3266 3113 3500 3172 exsistit,

1927 3222 2022 3276 sed
2052 3221 2199 3290 quod
2235 3234 2484 3273 seorsum
2509 3232 2573 3270 ac
2597 3231 2693 3284 per
2719 3231 2778 3269 se
2813 3228 2923 3268 non
2954 3211 3192 3265 exsistit.
3221 3209 3364 3276 Ergo
3383 3205 3505 3258 duae

1927 3312 2130 3366 Christi
2153 3319 2365 3364 naturae
2391 3323 2640 3363 seorsum
2659 3323 2724 3362 ac
2748 3319 2845 3376 per
2869 3321 2927 3360 se
2951 3319 3060 3358 non
3086 3298 3508 3360 exsistunt.Quo

1928 3412 2090 3474 pacto
2135 3403 2181 3457 si
2228 3403 2541 3471 loquamur,
2589 3417 2699 3454 non
2741 3399 2880 3453 duas
2919 3410 3182 3466 personas
3206 3391 3514 3446 introduci-

1921 3510 2074 3558 .mus,
2107 3508 2210 3547 nec
2231 3492 2436 3548 Christi
2474 3499 2702 3545 naturas
2731 3489 2799 3544 ad
2830 3504 2894 3543 ea
2941 3485 3230 3542 referimus
3255 3499 3377 3552 qua:
3399 3498 3510 3535 non

1931 3584 2241 3641 exsistunt:
2269 3598 2396 3637 nam
2430 3597 2625 3650 expers
2657 3578 2970 3650 hypostasis
3025 3577 3098 3631 ita
3151 3574 3420 3643 cepimus,
3452 3580 3512 3624 ut

1933 3675 2208 3746 signiﬁcet
2227 3675 2281 3729 id
2308 3675 2454 3744 quod
2477 3687 2728 3744 seorsum
2760 3687 2858 3741 per
2889 3685 2949 3724 se
2979 3684 3090 3723 non
3123 3666 3377 3727 exsistit;
3403 3679 3512 3716 non

1940 3777 2146 3832 autem,
2180 3767 2328 3836 quod
2360 3781 2471 3820 non
2503 3764 2746 3820 exsistit.
2803 3765 3118 3832 Agnoscere
3140 3773 3271 3812 vero
3322 3755 3516 3810 Eccle-

1938 3859 2034 3914 siae
2053 3860 2352 3928 scriptores
2377 3859 2497 3912 haec
2545 3856 2657 3909 duo
2692 3854 3004 3926 hypostasis
3052 3849 3376 3920 signiﬁcata,
3401 3855 3516 3899 tum

1937 3950 2005 4004 de
2060 3965 2127 4004 eo
2175 3948 2323 4018 quod
2362 3947 2691 4017 simpliciter
2737 3945 2974 4004 exsistit.
3036 3950 3150 3996 tum
3182 3940 3250 3994 de
3282 3953 3518 4008 persona

1935 4054 2106 4108 reque
2130 4054 2380 4093 seorsum
2409 4053 2472 4092 ac
2499 4053 2596 4105 per
2629 4053 2688 4091 se
2719 4035 3019 4090 exsistcute
3041 4073 3056 4094 ,
3092 4038 3322 4086 sanctus
3349 4029 3516 4082 etiam

1932 4129 2172 4201 Cyrillus
2210 4129 2440 4184 indicat.
2487 4129 2558 4182 Et
2613 4142 2808 4182 rursus
2848 4125 2893 4180 si
2935 4123 3058 4192 quis
3104 4123 3160 4176 in
3221 4136 3332 4174 uno
3361 4117 3522 4172 Chri-

255 4221 318 4266 to
373 4213 573 4269 dividit
619 4215 963 4286 hypostases,
1025 4215 1225 4290 partim
1272 4216 1462 4273 dicens
1509 4218 1579 4273 de
1647 4233 1714 4273 eo
1751 4219 1900 4289 quod
1940 4221 2266 4290 simpliciter
2317 4218 2557 4281 exsistit,
2612 4217 2808 4286 partim
2848 4215 2917 4268 de
2970 4229 3038 4268 eo
3094 4211 3243 4280 quod
3271 4220 3517 4264 seorsum

255 4307 494 4371 exsistit;
551 4306 866 4362 ineonfusas
912 4309 1180 4364 mansisse
1226 4310 1437 4364 scilicet
1476 4311 1816 4380 bypostases,
1859 4312 1986 4367 hinc
2055 4325 2469 4382 cognoscemus.
2534 4307 2794 4375 Quisquis
2835 4314 3018 4360 autem
3070 4302 3286 4356 duabus
3331 4317 3522 4370 perso-

179 4459 194 4468 ο
257 4399 348 4453 nis
371 4399 486 4454 sive
517 4399 906 4470 hypostasibus
937 4407 1218 4455 exstantes
1252 4402 1304 4455 in
1327 4403 1640 4474 Evangeliis
1667 4417 1829 4458 voces
1866 4405 2144 4464 attribuit,
2170 4403 2462 4458 anathema
2509 4401 2600 4453 sit.
2653 4398 2950 4458 Probatum
3021 4395 3209 4465 igitur,
3241 4393 3390 4464 quod
3453 4407 3518 4446 ex

257 4491 690 4560 atquivocatione
706 4492 868 4546 nobis
893 4493 1177 4562 imponere
1199 4493 1392 4548 velint.

335 4578 538 4649 ’Ἄλλην
555 4578 609 4632 δὲ
635 4581 766 4649 ἡμῖν
789 4579 1022 4650 ἀπορίαν
1046 4578 1440 4650 ἀποροῦσι,καί
1459 4581 1574 4634 ἐστι
1599 4581 1844 4650 τοιαύτη·
1883 4587 1926 4641 1)

267 4669 350 4721 ὅτι
393 4669 562 4722 Εἰδύο
581 4669 772 4739 φύσεις
797 4669 1008 4736 λέγετε,
1025 4670 1290 4740 διαίρεσιν
1316 4671 1587 4738 εἰσάγετευ
1609 4672 1844 4742 ἀριθμὸν

2021 4579 2110 4634 ΙΙΙ.
2142 4578 2314 4632 Aliam
2350 4577 2511 4632 nobis
2565 4577 2952 4657 objectionem
2991 4574 3308 4646 hujusmodi
3341 4574 3523 4644 profc-

1949 4679 2100 4724 runt.
2139 4669 2196 4723 Si
2224 4669 2362 4723 duas
2393 4677 2618 4722 naturas
2655 4669 2861 4731 dicitis,
2911 4666 3240 4721 divisionem
3274 4663 3532 4718 introduq

260 4761 370 4830 γὰρ
408 4762 660 4828 εἰσάγετε
684 4763 746 4814 ⁸ο
765 4761 822 4814 δὲ
854 4761 1085 4831 ἀριθμὸς
1103 4760 1198 4814 τοῦ
1223 4761 1582 4832 διωρισμένου
1607 4761 1726 4814 ἐστὶ
1750 4778 1843 4815 πο-

265 4851 381 4904 σοῦ.
408 4853 548 4922 Πρὸς
573 4851 732 4904 τοῦτο
755 4851 916 4904 πάλιν
934 4851 994 4904 :0
1009 4851 1266 4922 ἀνωτέρω
1291 4851 1742 4922 εἰρημένονέστιν
1759 4854 1838 4904 εἰ-

263 4945 409 5000 πεῖν.
428 4942 632 4994 ὅτιΚαὶ
655 4942 783 5010 ὑμῖν
794 4940 852 4993 :0
867 4941 998 4994 αὐτὸ
1013 4941 1214 4994 ἄτοπον
1230 4943 1540 5012 συνάγεται.
1559 4943 1620 4994 Εἰ
1647 4942 1755 5012 γὰρ
1779 4944 1846 4996 ὲκ

265 5031 359 5084 δύο
389 5030 602 5098 φύσεων
630 5029 818 5096 λέγετε
849 5025 986 5082 εἷναι
1010 5031 1101 5084 τὸν
1129 5031 1386 5102 Χριστὸν,
1419 5032 1607 5102 ἐπειδὴ
1641 5033 1703 5084 :0
1729 5031 1839 5086 δύο

263 5123 501 5194 ἀριθμὸν
549 5121 909 5190 εἰσάγει,ὁδὲ
953 5122 1188 5192 ἀριθμὸς
1241 5123 1348 5176 ὑπὸ
1393 5125 1454 5178 :0
1486 5124 1844 5196 διωρισμένον

266 5213 562 5279 ἀνάγεται·
613 5211 981 5282 εὑρεθήσεσοε
1035 5211 1301 5282 διαίρεσιν
1345 5215 1683 5282 εἰσάγοντες.
1727 5217 1846 5269 Ἵνα

267 5303 324 5356 δὲ
358 5301 548 5372 ὥσπερ
571 5303 664 5355 καὶ
698 5303 851 5357 αὐτοὶ
879 5303 1257 5372 ὲμφιλοσόφως
1286 5305 1749 5376 ἐπιχειρήσαιμεν,
1770 5307 1851 5360 δεῖ

269 5393 494 5461 γνῶναι,
527 5393 602 5456 ὡς
619 5394 739 5447 οὐδὲ
769 5394 968 5458 παντὸς
993 5394 1088 5449 τοῦ
1115 5393 1476 5464 διωρισμένου
1501 5397 1670 5449 ποσοῦ
1699 5401 1849 5451 ἐστιν

267 5487 298 5536 ὁ
335 5485 586 5556 ἀριθμὸς,
607 5486 744 5540 ἀλλὰ
772 5487 862 5539 ἐπὶ
892 5487 1002 5542 τῶν
1035 5487 1274 5558 συνεχῶν
1303 5486 1448 5541 ἔστιν
1479 5490 1660 5559 εὑρεῖν
1685 5492 1848 5546 αὑτὸν

438 5665 618 5721 Λὺτά.
653 5666 852 5732 Αὐτάς.

1949 4761 2112 4825 citis;
2152 4761 2358 4830 quippe
2379 4777 2672 4815 numerum
2699 4760 3052 4815 introducitis
3076 4777 3088 4811 :
3129 4773 3398 4814 numerus
3427 4773 3528 4812 au-

1949 4861 2063 4908 tem
2094 4853 2350 4907 discretae
2391 4853 2718 4922 quantitatis
2765 4860 2870 4906 est.
2919 4852 3001 4906 Ad
3052 4852 3159 4905 hoc
3191 4849 3526 4919 respondere

1950 4945 2102 5007 licet,
2137 4945 2283 5016 quod
2312 4953 2369 5000 et
2405 4945 2664 5014 superius
2687 4943 2897 4998 dictum
2931 4943 3037 4998 fuit
3090 4959 3104 4996 :
3163 4941 3334 4997 Vobis
3377 4955 3526 4994 eam-

1951 5036 2074 5090 dem
2127 5035 2530 5090 absurditatem
2595 5033 2800 5104 colligi.
2863 5033 3078 5102 Quippe
3137 5031 3181 5086 si
3240 5029 3522 5086 Christum

1951 5125 2168 5182 duabus
2211 5141 2280 5180 ex
2325 5125 2542 5182 naturis
2581 5140 2704 5179 esse
2738 5123 2946 5188 dicitis,
2982 5138 3106 5176 cum
3141 5137 3243 5176 vox
3273 5120 3524 5182 duarum,

1950 5234 2242 5272 numerum
2282 5217 2618 5282 introducat,
2649 5223 2706 5270 et
2748 5229 3012 5270 numerus
3057 5212 3126 5268 ad
3163 5211 3526 5282 quantitatem

1949 5311 2244 5366 discretam
2296 5309 2593 5374 referatur,
2665 5305 3146 5379 rcprehendemini
3192 5303 3524 5358 divisionem

1951 5401 2403 5459 introducere.Ut
2434 5413 2618 5457 autem
2642 5401 3044 5472 philosophice,
3065 5393 3524 5468 quemadmodum

1951 5501 2007 5549 ct
2031 5494 2133 5564 ipsi
2156 5494 2387 5561 faciunt,
2434 5503 2914 5565 argumentemur,
2964 5491 3248 5549 sciendum
3280 5500 3348 5540 ne
3402 5481 3528 5554 qui-
