3998 6146
525 270 662 336 1243

1767 251 2096 326 ἰΕΟΝΤΠ
2137 263 2542 330 BYZANTINI

3677 259 3803 332 iiii

523 386 650 440 dem
673 381 854 438 omnis
887 379 1142 436 discreta:
1166 377 1490 448 quantitatis
1524 377 1789 434 duntaxat
1829 394 1950 433 esse
1990 395 2096 432 nu-

2214 381 2522 449 ιεγόμενοψ
2559 378 2751 449 ὥσπερ
2792 373 3028 448 λέγομεν
3074 371 3395 446 πεντάπηχυ
3445 371 3626 440 ξύλον
3649 413 3668 438 ,
3694 376 3800 436 καὶ,

526 492 765 536 merum.
807 474 902 530 sed
936 488 1062 528 eum
1095 470 1332 540 reperiri
1355 469 1423 524 de
1463 469 1745 524 continuis
1768 485 1988 540 quoque
2009 471 2096 525 di-

526 582 711 626 ctum:
738 563 1200 639 quemadmodum
1233 563 1445 632 lignum
1490 563 1737 632 quinque
1787 561 2103 616 cubitorum

527 665 890 726 dicimus,et,
948 669 1012 714 ut
1060 657 1388 714 Aristoteles
1449 656 1652 720 tradit,
1720 664 1938 726 tempus
1980 670 2104 710 esse

529 769 821 808 numerum
861 759 1064 804 motus.
1103 749 1315 818 Quippe
1369 758 1586 816 tempus
1627 749 1870 816 appellat
1908 763 2102 801 nume-

529 861 591 897 ru
623 863 673 906 ι’,
721 843 869 911 quod
927 842 1067 894 citra
1129 839 1564 892 controversiam
1617 845 1702 890 est
1754 837 2100 890 continuum.

529 936 737 1004 Duplex
793 935 962 1004 igitur
1003 947 1272 987 numerus
1318 940 1422 994 est,
1487 940 1603 984 tum
1655 929 1930 991 discretae,
1985 937 2102 981 tum

526 1025 827 1086 continuae,
886 1039 985 1077 ceu
1041 1023 1190 1091 loqui
1248 1021 1514 1084 solemus,
1547 1013 1896 1088 quantit’atis.
1945 1017 2104 1084 Quod

527 1117 573 1170 si
621 1115 1025 1169 subtilitatibus
1074 1111 1343 1165 utendum
1391 1112 1516 1172 erit,
1557 1125 1665 1162 non
1727 1123 1954 1162 necesse
1997 1117 2102 1172 est,

529 1223 632 1261 nos
659 1207 934 1260 binarium
960 1205 1029 1259 de
1061 1205 1368 1274 quantitate
1402 1202 1664 1256 continua
1711 1201 1921 1265 dicere,
1978 1215 2103 1254 cum

528 1298 598 1350 de
618 1297 841 1350 Christo
885 1295 1196 1363 loquimur:
1247 1293 1451 1362 quippe
1485 1291 1810 1345 continuum
1865 1299 1972 1354 est,
2003 1305 2096 1344 cu-

527 1387 619 1457 jus
655 1393 840 1455 partes
896 1383 1204 1438 communis
1253 1381 1520 1436 terminus
1554 1380 1860 1450 coniungit.
1897 1381 1968 1435 At
2008 1397 2105 1435 ve-

531 1491 595 1530 ro
629 1475 686 1529 in
713 1473 1000 1528 divinitate
1039 1471 1283 1540 cogitare
1310 1481 1496 1540 partes
1523 1511 1537 1534 ,
1571 1478 1631 1523 ut
1660 1469 2105 1528 communister-

531 1567 717 1620 minus
764 1580 858 1620 eas
901 1579 1024 1618 cum
1072 1576 1307 1630 corpore
1365 1562 1694 1631 conjungat;
1746 1576 1816 1614 ne
1847 1559 2104 1630 tingendo

531 1655 756 1724 quidem
779 1653 972 1707 facile:
1011 1668 1136 1705 nam
1175 1651 1499 1704 continuum
1533 1650 1601 1704 de
1649 1650 1782 1704 solis
1832 1651 2105 1719 magnitu-

532 1747 758 1800 dinibus
802 1745 1027 1799 dicitur.
1085 1743 1358 1797 Nimirum
1391 1742 1459 1796 de
1505 1741 1815 1810 quantitate
1863 1740 2102 1797 discreta

531 1855 802 1894 numerus
844 1839 934 1892 hic
963 1837 1141 1905 accipi
1171 1836 1356 1890 debet.
1393 1835 1607 1889 Etenim
1647 1835 1949 1889 discretum
1988 1849 2100 1891 non

532 1932 757 1986 omnino
783 1929 989 1984 dicitur
1021 1929 1074 1982 id
1106 1927 1253 1997 quod
1275 1941 1498 1996 prorsus
1529 1933 1614 1980 est
1634 1934 1943 1995 separatum
1965 1943 1980 1992 ;
2005 1927 2101 1981 sed

435 2052 442 2056 -
533 2026 698 2076 etiam
765 2021 1122 2090 conjunctum
1176 2025 1232 2071 et
1264 2015 1500 2079 unitum,
1559 2015 1706 2084 quod
1735 2025 1917 2070 tamen
1946 2030 2102 2068 suam

535 2111 830 2182 quamdam
866 2110 1132 2163 rationem
1161 2122 1266 2174 qua
1293 2105 1618 2167 secernitur,
1667 2105 1906 2159 retinet:
1935 2105 2103 2159 veluti

536 2217 739 2272 corpus
769 2200 1093 2256 continuum
1139 2197 1396 2256 dicimus,
1448 2205 1504 2248 et
1547 2195 1880 2258 discretum;
1931 2195 2108 2247 couti-

2207 472 2284 538 ὥς
2337 490 2498 544 φησιν
2550 469 2952 542 ’Δριστοτέλης,
2987 472 3068 524 ὅτι
3112 469 3303 540 χρόνος
3355 468 3512 522 ἐστὶν
3560 466 3802 540 ἀριθμὸς

2207 568 2494 636 κινήσεως.
2537 565 2799 637 Ἀριθμὸν
2825 565 2936 636 γὰρ
2967 563 3194 616 ἐκάλεσε
3238 561 3332 614 τὸν
3363 562 3561 632 χρόνον
3602 563 3796 628 συνεχῆ

2203 657 2334 710 ὄντα
2373 655 2823 726 ὡμολογημένον.
2866 655 3054 717 Διττὸς
3081 651 3176 706 οῦν
3205 655 3233 705 6
3265 652 3526 722 ἀριθμὸς,
3561 654 3674 705 καὶ
3713 653 3796 703 ἐπὶ

2203 748 2297 801 τοῦ
2361 747 2748 818 διωρισμένου,
2777 747 2871 798 καὶ
2915 744 3010 797 ἐπὶ
3063 742 3156 796 τοῦ
3201 743 3459 813 συνεχοῦς
3487 743 3795 810 λεγομένου

2208 840 2394 894 ποσοῦ.
2417 842 2476 893 E!
2499 841 2555 893 δὲ
2575 839 2654 891 δεῖ
2678 840 2773 892 καὶ
2795 837 3086 909 ἀκριϐείας
3108 835 3384 906 γενέσθαι,
3407 837 3467 889 οὗ
3498 836 3628 888 δέον
3651 835 3796 887 ἐστὶν

2206 933 2354 1002 ἡμᾶς
2403 933 2502 1000 τὴν
2541 930 2709 984 δυάδα
2758 929 2853 982 ἐπὶ
2903 927 3000 981 τοῦ
3036 927 3299 996 συνεχοῦς
3328 925 3572 996 ἀριθμοῦ
3611 925 3796 991 λέγειν

2205 1022 2300 1074 ἐπὶ
2328 1020 2421 1073 τοῦ
2460 1019 2698 1090 Χριστοῦ
2727 1037 2741 1050 ο
2777 1018 3002 1087 συνεχὲς
3047 1019 3157 1086 γάρ
3198 1018 3345 1069 ἐστιν
3371 1057 3385 1080 ,
3408 1013 3468 1069 οὗ
3516 1016 3584 1068 τὰ
3631 1016 3796 1083 μόρια

2205 1110 2381 1172 κοινὸς
2411 1112 2534 1180 ὄρος
2567 1111 2847 1162 συνάπτει.
2877 1111 3060 1180 Μὸρια
3096 1109 3154 1162 δὲ
3184 1102 3440 1176 ἐννοῆσαι
3473 1107 3571 1159 ἐπὶ
3607 1105 3797 1174 056:1;-

2203 1219 2316 1264 τος.
2350 1201 2437 1253 ἵνα
2489 1203 2581 1254 καὶ
2622 1201 2799 1263 κοινὸς
2841 1201 2967 1269 ὄρος
3003 1199 3147 1252 αὐτὰ
3177 1199 3314 1269 πρὸς
3345 1198 3404 1251 τὸ
3456 1197 3622 1264 σῶμα
3677 1212 3799 1248 συνο

2206 1293 2338 1365 dum,
2360 1292 2479 1344 οὐδὲ
2510 1292 2709 1345 πλάσαι
2743 1291 2952 1362 ῥᾴδιον·
2976 1292 3038 1344 τδ
3063 1291 3173 1358 γάρ
3204 1288 3426 1358 συνεχὲς
3463 1289 3560 1339 ἐπὶ
3612 1287 3797 1356 μόνων

2209 1383 2454 1453 μεγεθῶν
2486 1383 2726 1450 λέγεται.
2773 1383 2914 1435 Ἀλλ’
2945 1384 3037 1436 ἐπὶ
3080 1381 3176 1435 τοῦ
3215 1379 3581 1451 διωρισμένου
3617 1377 3795 1430 ποσοῦ

2206 1473 2325 1525 δέον
2353 1472 2804 1542 παραλαμϐάνειν
2823 1473 3058 1526 ἐνταῦθα
3077 1471 3166 1525 τὸν
3194 1471 3447 1541 ἀριθμὸν.
3473 1468 3792 1537 Διωρισμέ-

2207 1579 2298 1616 νον
2343 1564 2453 1633 γάρ
2486 1565 2632 1614 ἐστιν
2673 1563 2734 1616 οὐ
2778 1563 2994 1626 πάντως
3024 1565 3088 1617 τὸ
3127 1562 3381 1626 καθάπαξ
3419 1561 3794 1632 διῃρημένον,

2205 1653 2344 1707 ἀλλὰ
2373 1657 2468 1706 καὶ
2499 1655 2798 1724 ἡνωμένον.
2826 1654 2965 1724 πλὴν
2997 1654 3092 1708 τὸν
3121 1655 3322 1707 οἰκεῖον
3366 1653 3526 1720 λόγον
3567 1653 3794 1721 διακρι-

2136 1727 2176 1780 B
2206 1744 2429 1814 νόμενον
2455 1745 2808 1808 ἀποσώζοντα
2834 1760 2846 1774 ·
2884 1745 3076 1816 ὥσπερ
3101 1745 3162 1796 τὸ
3193 1746 3351 1814 σῶμα
3377 1743 3601 1811 συνεχὲς
3633 1743 3794 1810 λέγο-

2213 1852 2332 1904 μεν,
2356 1837 2452 1889 καί
2477 1836 2836 1906 διωρισμένον
2863 1853 2876 1866 '
2909 1837 3130 1905 συνεχὲς
3163 1836 3285 1906 μὲν,
3317 1835 3452 1888 καθὸ
3475 1835 3794 1897 διαστάσεις

2211 1927 2398 1991 ἁπλῶς
2423 1927 2537 1997 ἔχει
2564 1944 2579 1960 ο
2611 1929 2968 1998 διωρισμένον
2995 1928 3073 1988 δὲ.
3098 1928 3233 1982 καθὸ
3248 1930 3398 1998 τρεῖς
3431 1930 3539 1980 εἱσι
3573 1925 3796 1980 διαστά-

2210 2035 2323 2079 σεις
2343 2033 2358 2048 ο
2393 2019 2576 2072 καίτοι
2613 2019 2714 2070 οὐκ
2777 2021 2884 2072 εἰσὶ
2908 2020 3306 2089 διεσπαρμέναι
3336 2020 3430 2072 ἀπ’
3458 2017 3709 2089 ἀλλήλων
3735 2019 3792 2070 ai

2209 2109 2538 2174 διαστάσεις,
2567 2110 2702 2164 ἀλλὰ
2726 2111 2814 2163 διὰ
2839 2111 2997 2164 τοῦτο
3023 2111 3392 2182 διωρισμένας
3423 2110 3596 2172 αὐτὰς
3621 2108 3786 2175 λέγο-

2216 2215 2336 2268 μεν,
2370 2199 2555 2267 ἐπειδὴ
2587 2199 2794 2270 ἑκάστη
2824 2200 3008 2253 αὐτῶν
3036 2201 3168 2254 ἴδιον
3193 2199 3351 2268 λόγον
3385 2198 3521 2270 ἔχει.

535 2307 710 2349 nuum
759 2289 1019 2361 quidem,
1069 2293 1342 2357 quatenus
1368 2283 1740 2339 dimensiones
1781 2283 2104 2352 simpliciter
2143 2285 2342 2352 habet;
2381 2287 2683 2343 discretum
2716 2305 2870 2355 vero,
2910 2300 3188 2360 quatenus
3223 2301 3336 2346 tres
3390 2299 3520 2346 sunt
3567 2290 3793 2345 dimen-

537 2388 755 2445 siones:
788 2384 942 2452 atqui
985 2398 1097 2436 non
1146 2380 1382 2434 invicem
1444 2393 1474 2432 a
1515 2391 1573 2448 se
1619 2375 1848 2430 divulsae
1884 2384 2013 2430 sunt
2043 2376 2456 2448 dimensiones,
2487 2383 2583 2438 sed
2638 2383 2845 2440 idcirco
2895 2383 3166 2440 discretas
3217 2385 3453 2442 dicimus
3479 2427 3494 2453 ,
3529 2386 3798 2456 quoniam

538 2475 801 2548 quaelibet
829 2488 1018 2528 earum
1047 2486 1202 2526 suam
1239 2469 1506 2522 rationem
1538 2467 1726 2521 habet.

603 2569 694 2624 1V.
746 2567 816 2622 At
864 2566 995 2635 quia
1033 2561 1316 2617 nonnullis
1357 2560 1584 2616 omnino
1631 2559 1859 2614 discreti
1905 2575 2108 2615 nomen

539 2661 733 2716 audire
765 2659 1056 2712 molestum
1116 2664 1234 2718 est,
1287 2669 1410 2722 age,
1442 2651 1644 2705 omissa
1675 2652 1951 2706 solutione
1983 2653 2108 2715 hac,

541 2752 839 2822 caeteroqui
868 2751 1029 2810 bona,
1075 2746 1434 2817 subjiciamus
1467 2745 1653 2798 aliam.
1700 2743 1998 2798 Sciendum
2023 2759 2122 2798 er:

541 2863 632 2919 go,
674 2845 926 2916 pluribus
987 2841 1164 2896 modis
1218 2854 1388 2893 unum
1443 2837 1590 2891 diei:
1649 2836 1852 2906 quippe
1909 2836 2113 2890 dicitur

543 2951 713 2990 unum
758 2947 1010 2990 numero.
1049 2939 1108 2983 ut
1142 2928 1429 2982 Socrates:
1468 2933 1523 2979 et
1572 2941 1740 2978 unum
1795 2927 1997 2994 specie,
2053 2935 2112 2980 ut

2299 2562 2518 2634 Ἐπειδὴ
2555 2563 2612 2617 δέ
2644 2581 2790 2630 τινες
2818 2566 3273 2638 δυσχεραίνουσιν
3305 2569 3442 2631 ὅλως
3475 2569 3574 2623 τοῦ
3609 2571 3800 2642 διωρι-

2219 2655 2416 2724 σμένου
2441 2656 2757 2724 ἀκούοντες,
2796 2658 2932 2729 φέρε
2961 2659 3136 2732 αὐτὴν
3161 2662 3259 2732 τὴν
3287 2660 3438 2712 λύσιν
3461 2657 3521 2714 εὖ
3548 2661 3797 2732 ἔχουσαν

2217 2749 2506 2813 ἐάσαντες,
2573 2749 2742 2820 ἄλλην
2801 2752 3198 2822 έπαγάγωμεν.
3279 2752 3477 2806 ’ἰστέον
3528 2749 3644 2814 οῦν,
3709 2754 3801 2806 δτι

2216 2837 2406 2908 ὥσπερ
2433 2838 2492 2891 τὸ
2522 2837 2582 2891 ἓν
2613 2839 2898 2909 πολλαχῶς
2923 2840 3213 2908 λεγόμενόν
3238 2842 3355 2892 ἐστι
3382 2857 3396 2870 ·
3438 2840 3656 2908 λέγεται
3679 2845 3798 2913 γὰρ

2216 2929 2275 2982 ἓν
2309 2929 2385 2999 τῷ
2407 2929 2645 3001 ἀριθμῷ,
2682 2929 2759 2993 ὡς
2788 2933 2816 2984 6
2837 2929 3129 2998 Σωκράτης
3153 2945 3168 2958 ·
3193 2930 3287 2982 καὶ
3318 2929 3378 2982 ἓν
3403 2930 3479 2999 τῷ
3520 2932 3676 2995 εἴδει,
3711 2934 3798 2996 ὡς

543 3025 740 3078 homo:
777 3031 833 3076 et
887 3035 1057 3074 unum
1097 3033 1320 3089 genere,
1370 3024 1430 3069 ut
1477 3015 1698 3069 animal.
1741 3014 2005 3070 Similiter
2056 3023 2110 3070 et

2216 3017 2532 3088 ἄνθρωπος·
2566 3020 2660 3071 καὶ
2691 3018 2748 3071 ἓν
2773 3017 2846 3085 τῷ
2872 3017 3040 3085 γένει,
3071 3016 3148 3080 ὡς
3185 3017 3248 3070 τὸ
3280 3016 3438 3080 ζῶον.
3485 3018 3649 3070 Ἀλλά
3683 3023 3790 3073 καὶ

543 3114 654 3168 (1υο
681 3111 934 3182 pluribus
965 3109 1146 3162 modis
1183 3106 1526 3170 efferuntur;
1563 3120 1688 3158 nam
1712 3103 1973 3159 dicuntur
1999 3105 2110 3160 duo

542 3218 798 3262 numero,
836 3211 895 3256 ut
939 3201 1215 3260 Socrates,
1253 3207 1310 3252 et
1335 3197 1522 3250 Plato:
1577 3204 1634 3249 et
1666 3195 1850 3264 specie
1889 3195 2020 3258 duo,
2051 3204 2112 3250 ut

541 3298 708 3351 homo
761 3303 818 3349 et
863 3307 1067 3363 equus;
1101 3299 1157 3345 et
1182 3305 1385 3361 genere
1436 3287 1569 3350 duo,
1627 3297 1690 3342 ut
1718 3289 2024 3344 substantia
2056 3294 2112 3343 et

542 3392 748 3446 album.
781 3389 878 3442 His
932 3387 1005 3440 ita
1059 3383 1396 3448 constitutis,
1449 3397 1572 3437 cum
1622 3381 1733 3435 duo
1779 3382 1846 3436 de
1890 3381 2113 3437 Christo

543 3481 799 3539 dicimus.
833 3495 941 3532 non
969 3492 1096 3531 eum
1125 3475 1236 3530 duo
1273 3475 1513 3529 dicimus
1564 3488 1686 3528 esse
1715 3488 1982 3535 numero,
2013 3473 2110 3528 sed

545 3589 714 3627 unum
751 3585 1002 3630 numero,
1046 3567 1229 3637 specie
1263 3565 1395 3619 duo.
1421 3564 1576 3630 Quod
1627 3572 1810 3618 autem
1853 3563 1926 3617 ita
1960 3563 2111 3634 loqui

544 3663 838 3734 possimus,
867 3661 1030 3714 etiam
1076 3659 1194 3727 ipse
1255 3656 1502 3710 ostendit
1543 3654 1888 3716 Aristoteles,
1922 3666 2110 3724 aperte

546 3754 614 3808 de
663 3752 890 3806 materie
921 3766 984 3804 ac
1015 3750 1189 3802 forma
1250 3747 1461 3809 dicens,
1491 3761 1610 3799 esse
1670 3747 1759 3799 illa
1795 3762 1962 3800 unum
1991 3747 2114 3816 qui-

544 3847 668 3900 dem
720 3856 985 3904 numero,
1035 3839 1131 3894 sed
1183 3838 1365 3906 specie
1408 3838 1538 3890 duo.
1584 3837 1830 3905 itemque
1893 3846 2114 3893 sanctus

545 3936 638 3988 ille
661 3932 980 4002 Gregorius,
1011 3931 1080 3984 de
1113 3929 1336 3984 Christo
1369 3927 1596 3981 dicens:
1637 3927 1882 3996 Utraque
1915 3937 2111 3983 natura

547 4025 823 4094 copulata,
861 4037 1033 4076 unum
1073 4020 1207 4090 quid
1245 4029 1360 4084 est;
1391 4033 1500 4071 non
1541 4026 1721 4070 tamen
1774 4028 1992 4083 natura,
2017 4019 2111 4075 sed

545 4114 804 4169 coitione.
837 4113 1040 4166 Verum
1088 4111 1181 4166 hic
1223 4124 1444 4164 rursum
1491 4107 1653 4161 nobis
1704 4107 2008 4178 objiciunt:
2056 4109 2110 4164 Si

547 4219 716 4256 unum
765 4212 822 4256 et
859 4201 970 4255 duo
999 4200 1067 4255 de
1122 4199 1318 4255 eodem
1365 4197 1572 4262 dicitis,
1613 4198 2112 4254 contradictionem

546 4292 936 4356 iutroducitis,
979 4291 1228 4360 adeoque
1251 4289 1717 4359 deprehendetur,
1752 4290 1836 4344 vel
1872 4289 1927 4344 id
1967 4291 2113 4360 quod

2215 3111 2285 3164 τὰ
2314 3109 2408 3163 δύο
2435 3110 2636 3180 ὁμοίως
2662 3128 2676 3142 ο
2712 3112 2957 3179 λέγονται
2981 3111 3087 3179 γὰρ
3117 3109 3211 3163 δύο
3250 3108 3326 3179 τῷ
3370 3108 3609 3179 ἀριθμῷ,
3633 3111 3712 3173 ὡς
3751 3115 3783 3165 6

2218 3202 2514 3272 Σωκράτης
2537 3243 2550 3266 ,
2589 3203 2685 3255 καὶ
2713 3203 2935 3256 Πλάτων
2958 3219 2970 3233 ·
3015 3201 3110 3254 καὶ
3138 3201 3232 3254 δύο
3261 3200 3338 3272 τῷ
3379 3202 3540 3265 εἴδει,
3574 3201 3650 3264 ὼς
3688 3202 3794 3256 ἇν-

2218 3297 2437 3366 θρωττος
2467 3297 2562 3348 καὶ
2592 3295 2759 3356 ἵππος
2780 3313 2794 3327 υ
2821 3297 2914 3348 καὶ
2939 3293 3034 3348 δύο
3060 3294 3138 3365 τῷ
3166 3295 3348 3364 γένει,
3377 3294 3453 3356 ὼς
3492 3295 3653 3348 οὐσία
3685 3297 3793 3348 καὶ

2217 3388 2450 3452 λ.ευκόν.ξ
2479 3389 2697 3440 Τούτων
2746 3383 2841 3441 οὖν
2879 3387 3054 3450 οὕτως
3099 3389 3355 3458 ἐχόντων,
3379 3388 3508 3440 ὃταν
3537 3386 3794 3456 εἴπωμεν

2217 3479 2286 3534 τὰ
2319 3481 2412 3532 δύο
2441 3481 2534 3533 ἐπὶ
2562 3480 2654 3533 τοῦ
2678 3479 2939 3552 Χριστοῦ,
2968 3481 3030 3534 οὐ
3059 3479 3138 3550 τῷ
3177 3479 3396 3550 ἀριθμῷ
3427 3480 3660 3551 λέγομεν
3686 3481 3794 3534 αὐ-

2218 3569 2311 3622 τδν
2337 3570 2451 3636 δύο,
2484 3571 2598 3624 ἀλλ’
2619 3571 2718 3624 ἕνα
2763 3572 2862 3642 μὲν
2889 3571 2970 3642 τῷ
3005 3569 3247 3642 ἀριθμῷ,
3271 3571 3363 3624 δύο
3399 3571 3455 3624 δὲ
3503 3571 3582 3640 τῷ
3636 3570 3795 3624 εῖδει.

2223 3661 2342 3714 Ὀτι
2369 3661 2427 3714 δὲ
2456 3661 2732 3730 δυνάμεθα
2755 3663 2931 3726 οὕτως
2955 3663 3156 3730 εἰπεῖν,
3181 3662 3333 3732 δηλοῖ
3353 3663 3445 3716 καὶ
3474 3665 3504 3716 6
3547 3663 3798 3732 Ἀριστο-

2218 3749 2400 3820 τέλης,
2430 3747 2557 3822 περὶ
2588 3754 2685 3823 τῆς
2718 3753 2852 3816 ῦλης
2881 3754 2975 3805 καὶ
2998 3751 3094 3805 τοῦ
3126 3753 3311 3815 εἴδους
3330 3753 3578 3822 φανερῶς
3595 3755 3792 3818 εἰπὼν,

2219 3840 2301 3891 ὅτι
2336 3841 2508 3894 ταῦτα
2537 3842 2594 3894 ἓν
2631 3844 2728 3911 μέν
2779 3845 2886 3896 εἰσι
2911 3843 2996 3914 τῷ
3022 3844 3264 3914 ἀριθμῷ,
3285 3845 3378 3898 δύο
3415 3844 3472 3898 δὲ
3508 3845 3588 3914 τῷ
3635 3846 3793 3900 εἴδει.

2235 3929 2292 3983 ὐ
2333 3931 2388 3984 δὲ
2433 3931 2585 4000 ἅγιος
2629 3933 2959 4002 Γρηγόριος,
2998 3932 3256 4002 περὶτοῦ
3299 3933 3538 4002 Χριστοῦ
3592 3933 3792 3998 λέγων,

2222 4020 2364 4073 ὥστε
2391 4022 2464 4073 Τὸ
2502 4024 2914 4093 συναμφότερον
2959 4023 3038 4090 ἓν,
3066 4025 3127 4076 οὐ
3167 4027 3232 4094 τῇ
3261 4024 3442 4091 φύσει,
3473 4027 3539 4092 τῇ
3567 4025 3626 4077 δὲ
3665 4041 3795 4076 συν⁹

2220 4110 2341 4180 ὁδῳ.
2366 4112 2504 4182 Πρὸς
2529 4113 2686 4166 τοῦτο
2702 4114 2863 4168 πάλιν
2889 4115 3255 4185 ἐπαποροῦσιν
3284 4117 3434 4184 ἡμῖν,
3453 4115 3670 4168 sum
3695 4115 3794 4168 τοῦ

2221 4201 2387 4256 αὐτοῦ
2418 4204 2476 4256 τὸ
2497 4203 2556 4256 ἓν
2577 4204 2846 4273 λέγοντες,
2877 4206 2974 4258 καὶ
2999 4205 3067 4258 τὰ
3091 4205 3188 4258 δύο
3210 4207 3501 4274 ἀντίφασιν
3519 4207 3791 4273 εἰσάγετε·

2221 4295 2315 4346 καὶ
2366 4295 2784 4366 εὑρεθήσεταιῆ
2831 4295 2860 4348 6
2893 4295 3115 4363 λέγετε,
3143 4296 3357 4364 ψευδὲς,
3415 4297 3449 4364 ἢ
3505 4295 3794 4362 ἀντίφασις

547 4384 748 4447 dicitis,
797 4399 918 4439 esse
953 4383 1150 4438 falsum
1178 4423 1192 4448 ,
1231 4383 1320 4437 vel
1375 4381 1868 4438 contradictionem
1909 4385 2110 4453 pariter

2219 4384 2676 4452 συναληθεύουσα.
2716 4387 2858 4454 Πρὸς
2893 4385 3054 4439 τοῦτο
3108 4385 3367 4456 λέγομεν,
3398 4387 3480 4439 ὅτι
3533 4385 3595 4438 οὐ
3649 4385 3793 4439 κατὰ

547 4489 667 4528 esse
723 4489 931 4528 veram.
990 4473 1072 4527 Ad
1115 4473 1220 4527 hoc
1266 4471 1698 4540 respondemus,
1741 4488 1852 4527 non
1919 4473 2114 4528 eodem

547 4576 804 4634 respectu
852 4581 1041 4621 veram
1095 4579 1240 4628 esse,
1297 4563 1392 4617 sed
1420 4563 1679 4631 diverso;
1708 4564 1857 4634 quod
1890 4565 2118 4622 minime

547 4656 846 4710 absurdum
877 4664 982 4711 est.

616 4745 680 4799 V.
710 4743 1008 4799 Sciendum
1033 4752 1217 4798 autem
1274 4745 1563 4802 universas
1591 4746 1935 4817 obiectiones
1953 4747 2118 4802 hasce

545 4852 656 4888 non
683 4850 803 4890 esse
827 4836 1084 4904 proprias
1131 4834 1538 4904 Haasitantium,
1569 4837 1664 4892 scd
1703 4837 1850 4906 quod
1874 4853 1969 4892 eas
2013 4837 2120 4893 Ne-

547 4926 806 4980 storianis
847 4926 1124 4993 suﬂurati,
1174 4927 1335 4982 nobis
1359 4935 1686 4998 proponant.
1724 4927 1859 4981 Nam
1885 4928 2120 4983 illiduas

551 5031 811 5083 personas
853 5027 910 5070 et
947 5017 1087 5071 duos
1119 5016 1372 5072 Christos
1429 5018 1700 5080 dicentes,
1747 5018 2119 5072 communiter

549 5107 667 5160 haec
695 5107 970 5171 omnibus,
1031 5107 1168 5161 duas
1218 5115 1442 5161 naturas
1491 5107 1576 5161 vel
1627 5107 1828 5170 unitas,
1879 5109 1966 5164 vel
1996 5118 2120 5180 post

550 5197 835 5259 unionem,
871 5198 1264 5252 conﬁtentibus
1314 5198 1652 5268 objiciebant
1679 5216 1693 5254 :
1721 5201 1778 5255 Si
1829 5201 1967 5257 duas
1995 5217 2119 5257 esse

551 5297 774 5342 naturas
799 5288 1006 5353 dicitis,
1040 5289 1208 5344 etiam
1249 5291 1388 5344 duas
1434 5307 1698 5360 personas
1743 5293 2114 5348 iutroducitis.

548 5378 757 5448 Nempe
819 5379 1025 5435 idcirco
1097 5388 1153 5434 et
1221 5380 1519 5436 absurdum
1575 5383 1709 5439 illud
1777 5393 1882 5439 tam
1957 5386 2116 5440 nohis

548 5483 713 5540 quam
733 5467 1126 5524 ilarsitantibus
1149 5487 1248 5540 per
1276 5472 1376 5528 has
1423 5473 1767 5543 objectiones
1800 5473 2112 5543 colligitur:

549 5577 676 5616 cum
703 5559 842 5617 nihil
890 5561 996 5617 tale
1048 5562 1391 5618 Nestoriauis
1429 5564 1660 5626 accidat,
1712 5563 1805 5616 setl
1836 5579 1866 5616 e
1895 5563 2115 5617 diverso

555 5651 800 5727 ipsorum
851 5653 1147 5718 sententia,
1199 5656 1343 5725 quod
1407 5656 1521 5709 lucc
1571 5655 1788 5720 attinet,
1821 5653 2174 5708 conlirmc-"

2217 4476 2278 4529 τὸ
2329 4476 2463 4530 αὐτὸ
2521 4476 2819 4548 ἀληθεύειο
2878 4477 3017 4532 ἀλλὰ
3072 4479 3194 4531 κατ’
3265 4477 3428 4543 ἄλλο,
3487 4478 3626 4547 ὅπερ
3690 4478 3798 4530 οὐκ

2217 4565 2438 4620 ἄτοπον.

2303 4741 2496 4794 Ἱστέον
2528 4742 2584 4795 δὲ
2610 4783 2624 4808 ,
2651 4741 2731 4794 ὅτι
2768 4743 2940 4794 πᾶσαι
2971 4742 3026 4794 αἱ
3060 4740 3286 4811 ἀπορίαι
3331 4734 3493 4795 αὗται
3537 4741 3639 4792 οὐκ
3681 4739 3793 4792 εἰσὶ

2217 4832 2325 4884 τῶν
2356 4833 2784 4904 διακρινομένων
2814 4834 2961 4895 ίδιαι.
2987 4833 3102 4886 ἀλλ’
3132 4833 3240 4886 ἀπὸ
3272 4831 3382 4884 τῶν
3408 4831 3793 4901 Νεστοριανῶν

2217 4922 2534 4992 κλέψαντες,
2564 4925 2862 4996 ἀποροῦσιν
2891 4927 3025 4995 ἡμῖν
3052 4925 3242 4987 αὑτάς.
3289 4923 3519 4978 Ἐκεῖνοι
3560 4922 3672 4994 γὰρ
3696 4922 3792 4976 δύο

2219 5015 2488 5085 πρόσωπα
2514 5017 2610 5070 καὶ
2635 5017 2727 5070 δύο
2755 5019 3031 5088 Χριστοὺς
3052 5017 3390 5084 δοξάζοντες,
3422 5016 3619 5080 κοινῶς
3652 5017 3792 5087 πρὸς

2218 5109 2427 5170 πάντας
2480 5109 2606 5170 τοὺς
2654 5107 2912 5177 λέγοντας
2945 5109 3040 5162 δύο
3076 5107 3288 5176 φύσεις,
3319 5109 3428 5162 εἴτε
3469 5106 3790 5171 ένωθείσας,

2218 5201 2328 5253 είτε
2377 5199 2513 5270 μετά
2561 5201 2661 5272 τὴν
2704 5202 2922 5263 ἕνωσιν,
2950 5201 3192 5272 ἠπόρουν
3239 5201 3412 5264 αὐτὰς
3435 5241 3449 5261 ,
3481 5201 3564 5253 ὅτι
3594 5200 3659 5253 Et
3696 5199 3792 5252 δύο

2219 5289 2409 5359 φύσεις
2432 5291 2640 5359 λέγετε,
2672 5294 2766 5346 καὶ
2803 5293 2896 5347 δύο
2933 5295 3203 5364 πρὸσωπα
3251 5293 3524 5358 εῑσάγετε.
3575 5291 3794 5362 Ἀμέλει

2217 5382 2284 5435 δι’
2321 5382 2454 5436 αὐτὸ
2499 5383 2592 5437 καὶ
2632 5385 2696 5438 τὸ
2742 5385 2942 5440 ἄτοπον
2984 5385 3226 5454 συνήχθη
3265 5385 3399 5452 ἡμῖν
3451 5399 3510 5434 τε
3551 5384 3646 5435 καὶ
3677 5383 3795 5444 τοῖς

2215 5477 2651 5548 διακρινομένοις
2678 5479 2744 5531 ἐκ
2771 5477 2978 5532 τούτων
2998 5477 3105 5530 τῶν
3131 5476 3392 5548 ἀποριῶν.
3421 5475 3547 5536 Τοῖς
3584 5470 3794 5528 Naute-

2222 5570 2425 5635 ριανοῖς
2449 5569 2505 5620 δὲ
2533 5568 2717 5622 οὐκέτι
2742 5569 2803 5621 τὸ
2830 5570 3018 5638 ὅμοιον
3051 5568 3312 5633 συνάγετε
3339 5583 3351 5595 ο
3383 5564 3518 5618 ἀλλὰ
3546 5565 3639 5617 καὶ
3667 5561 3795 5615 τοῦ-

2219 5656 2431 5710 ναντίον
2489 5658 2827 5729 ἰσχυρίζεται
2885 5659 2950 5712 τὰ
3011 5657 3191 5711 αὐτῶν
3237 5659 3359 5709 ὅσον
3407 5653 3516 5708 ἀπ’)
3564 5656 3800 5712 τούτων.
