3998 6146
273 269 430 341 1245

1457 255 1555 314 DE
1595 251 1874 313 SECTIS.
1910 279 1978 290 —
2021 255 2184 316 ACT.
2225 253 2356 316 VII.

3389 245 3528 314 1246

287 381 586 452 Ἀπυροῦσι
632 376 686 430 δὲ
733 374 861 444 ἡμῖν
914 371 1008 424 καὶ
1049 368 1211 436 ἄλλην
1261 365 1384 419 τινὰ
1435 365 1691 435 ἀπορίαν,
1727 362 1848 430 ἥτις

1954 371 2060 416 tur.
2111 362 2392 433 Objiciunt
2451 362 2612 417 nobis
2657 368 2715 416 et
2755 359 2922 416 aliam
2973 357 3373 424 diﬁicultatem,
3404 376 3529 430 qua:

275 477 390 529 ἰδία
433 451 548 542 μὲν
591 465 770 522 αὐτῶν
833 465 999 524 ἐστιν,
1028 461 1108 520 εἰς
1145 453 1525 527 Νεστοριανῶν
1571 454 1628 506 δὲ
1673 451 1849 520 δόγμα

276 554 845 632 καταλήγει.Ἑπειδὴ
883 552 992 624 γὰρ
1049 550 1198 618 λέγει
1239 547 1377 618 πρὸς
1429 545 1626 606 αὐτοὺς
1659 545 1694 614 ἡ
1733 545 1850 632 Ἐκ-

279 631 604 724 κλησία,ὄτι
631 649 694 701 Εἰ
721 647 910 714 λέγετε
934 640 1220 710 ἁσύγχυτα
1248 638 1318 691 τὰ
1349 635 1642 698 ὲνωθὲντα,
1677 631 1848 724 καὶτὸ

277 723 383 816 μὲν
409 739 672 810 παθητὸν,
700 737 760 790 ab
797 736 852 788 δὲ
883 731 1112 796 ἀπαθὲς,
1143 731 1238 782 καὶ
1285 728 1503 800 ὁρατὸν,
1533 725 1630 778 καὶ
1663 723 1850 816 depa-

271 813 391 896 τον,
420 832 514 884 καὶ
553 827 946 898 περιγραπτον,
985 821 1080 876 καὶ
1105 819 1554 890 ἀπερίγραπτον,
1591 814 1686 867 καὶ
1717 813 1848 880 θνη-

271 922 390 986 τὸν,
413 921 507 972 καὶ
535 917 825 979 ἀθάνατον,
858 914 951 967 καὶ
979 913 1076 965 ὅσα
1101 909 1328 964 τοιαῦτα
1349 951 1363 972 ,
1394 907 1452 972 ἐξ
1481 906 1728 972 ἀνάγκης
1757 901 1850 954 δύο

273 1012 468 1082 φύσεις
488 1009 741 1076 εἰσάγετε
766 1022 779 1035 ·
821 1003 1166 1070 ἀντιλέγουσι
1193 1000 1334 1070 πρὸς
1362 995 1558 1060 ταῦτα,
1585 997 1668 1048 ὅτι
1697 992 1848 1046 οὐδὲν

274 1106 497 1163 ἄτοπον,
533 1101 631 1152 καὶ
681 1097 965 1166 ἀσύγχυτα
1025 1091 1362 1162 ὁμολογῆσαι
1416 1087 1486 1140 τὰ
1543 1084 1845 1138 ἑνωθέντα“

274 1196 372 1249 καὶ
413 1193 472 1246 τὸ
511 1192 608 1260 μὲν
635 1187 894 1256 παθητὸν,
925 1186 986 1238 τὸ
1019 1185 1074 1237 δὲ
1107 1182 1340 1244 ἀπαθὲς,
1377 1179 1471 1233 καὶ
1509 1179 1636 1246 μίαν
1684 1175 1848 1244 φύσιν

274 1287 370 1340 ἐπὶ
398 1284 576 1337 αὐτῶν
607 1297 622 1313 ο
664 1279 759 1334 καὶ
789 1278 972 1332 λοιπὸν
1003 1275 1382 1346 παραφέρουσι
1414 1273 1550 1342 πρὸς
1575 1271 1760 1322 πίστιν
1787 1267 1852 1320 τὸ

274 1377 629 1448 παράδειγμα
679 1371 773 1424 τοῦ
818 1368 1128 1440 ἀνθρώπου.
1195 1366 1328 1420 Ἰδοὺ
1381 1365 1510 1432 γὰρ,
1569 1365 1770 1431 φασιν,
1813 1363 1845 1430 ἠ

270 1467 423 1536 ψυχὴ
456 1466 548 1516 καὶ
577 1463 638 1514 τὸ
661 1461 818 1529 σῶμα
840 1457 1164 1526 ἀσυγχύτως
1186 1453 1369 1525 ήνὼθη
1401 1454 1493 1506 ἐπὶ
1522 1451 1616 1505 τοῦ
1639 1448 1850 1519 ἀνθρὼ-

277 1576 405 1610 που.
439 1555 549 1609 Καὶ
572 1554 634 1606 τὸ
667 1553 766 1621 μὲν
790 1550 1003 1620 ὁρατὸν,
1030 1549 1090 1601 τὸ
1117 1548 1172 1600 δὲ
1202 1547 1434 1616 ἀόρατον
1455 1562 1468 1575 ·
1501 1544 1594 1596 καὶ
1631 1541 1846 1610 θνητὸν,

275 1650 372 1701 καὶ
421 1647 708 1706 ἀθάνατον,
738 1643 830 1695 καὶ
877 1641 946 1693 τὰ
990 1638 1160 1692 ἄλλαο
1210 1637 1305 1690 καὶ
1331 1637 1479 1704 ὅμως
1515 1635 1576 1686 οὐ
1615 1633 1848 1700 λέγομεν

272 1739 372 1792 δύο
423 1739 634 1806 φύσεις,
665 1733 802 1788 ἀλλὰ
849 1731 978 1800 μίαν
1011 1729 1172 1798 φύσιν
1215 1727 1310 1780 τοῦ
1355 1722 1667 1796 ἀνθρώπου.
1703 1721 1848 1790 Πρὸς

273 1831 447 1883 ταῦτα
492 1828 652 1879 πάλιν
701 1825 950 1892 λέγουσιν
983 1823 1031 1874 οἱ
1071 1819 1180 1873 ἀπὸ
1221 1817 1324 1886 τῆς
1367 1813 1713 1880 συνόδου,ὃτι
1749 1813 1846 1864 Ὃν

274 1921 476 1990 τρόπον
508 1918 694 1984 λέγετε
730 1913 998 1977 σώζεσθαι
1029 1912 1121 1963 ἐπὶ
1150 1909 1243 1963 τοῦ
1290 1907 1582 1978 ἀνθρώπου
1608 1909 1680 1958 τὰ,
1715 1905 1848 1956 ἐνω-

273 2011 436 2064 θέντα
491 2009 628 2078 μετὰ
679 2009 780 2076 τὴν
824 2005 1038 2069 ἕνωσιν,
1071 2001 1165 2055 καὶ¹
1207 2001 1268 2054 τδ
1304 2001 1402 2070 μὲν
1435 1997 1630 2067 θνητὸν
1651 2037 1665 2061 ,
1698 1994 1761 2047 τὸ
1789 1993 1847 2046 δὲ

277 2103 375 2155 καὶ
400 2100 690 2162 ἀθάνατον,
727 2097 820 2148 καὶ
848 2095 1014 2148 τᾶλλα
1047 2093 1227 2146 πάντα
1257 2106 1272 2118 ⁸
1309 2089 1452 2144 οὕτω
1479 2089 1712 2156 λέγομεν
1754 2085 1848 2138 ἐπὶ

273 2193 370 2246 τοῦ
421 2191 657 2261 Χριστοῦ
697 2203 710 2218 ⁸
759 2188 932 2242 ταῦτα
984 2187 1041 2239 δὲ
1096 2185 1276 2240 πάντα
1335 2183 1429 2238 δύο
1477 2179 1694 2252 φύσεώς
1739 2180 1850 2231 εισι

272 2279 635 2350 γνωριστικὰ.

349 2550 492 2621 Πρὸς
517 2547 688 2602 ταῦτα
719 2547 770 2599 οἱ
799 2545 896 2615 μὲν
917 2544 1024 2597 ἀπὸ
1054 2542 1285 2596 Γαῖανοῦ
1319 2541 1474 2596 οὐδὲν
1503 2541 1852 2612 εὑρίσκουσιν

277 2645 475 2696 εἰπεῖν.
515 2637 936 2709 Ὀμολογοῦντες
983 2636 1094 2706 γὰρ
1121 2635 1406 2704 ἀσύγχυτα
1449 2629 1590 2686 εἶναι
1617 2630 1688 2684 τὰ
1715 2633 1850 2684 ἐνω-

279 2734 462 2795 Οέντα,
501 2733 602 2786 οὐκ
650 2731 931 2800 ἀνέχονται
981 2727 1117 2790 ὅλως
1167 2727 1289 2780 οὐδὲ
1336 2725 1602 2796 διαφορὰν
1650 2726 1848 2786 εἰπεῖν,

278 2825 386 2878 οὐδ’
431 2823 568 2885 ὅλως
602 2821 657 2874 τὸ
675 2821 769 2874 δύο
795 2819 1097 2889 ὀνομάσαι,
1131 2818 1248 2871 ἀλλ’
1289 2817 1347 2870 ἒν
1380 2833 1432 2870 τι
1473 2817 1544 2868 τὰ
1581 2815 1854 2868 ὲνωθέντα

281 2914 419 2984 μετὰ
455 2911 550 2982 τὴν
591 2913 784 2965 ἕνωσιν
819 2911 1091 2979 λέγουσιν.
1137 2910 1200 2962 Οἱ
1223 2908 1282 2960 δὲ
1320 2906 1702 2970 Θεοδοσιανοὶ,
1733 2905 1850 2976 ἦτοι

275 3007 385 3060 ἀπὸ
417 3007 596 3076 Σεῆήρ
628 3023 680 3066 υ,
717 3004 1020 3074 εὑρήκασιν
1045 3002 1258 3062 ἑαυτοῖς
1281 2998 1580 3066 ἀπολογίαν
1598 3037 1614 3059 ,
1641 2997 1737 3048 καὶ
1765 2996 1852 3048 λέ-

275 3115 480 3168 γουσιν,
499 3097 576 3149 ὅτι
595 3095 782 3163 Ἡμεῖς
803 3090 1173 3160 ὁμολογοῦμεν
1192 3089 1422 3158 διάφορα
1440 3084 1580 3139 εἶναι
1602 3086 1669 3140 τὰ
1689 3087 1852 3155 μέρη,

275 3190 337 3241 τὸ
365 3189 422 3240 δὲ
463 3185 810 3252 ἀποτέλεσμα
838 3181 920 3234 ἒν.
960 3181 1172 3248 Ὠσπερ
1225 3175 1318 3230 οὖν
1365 3178 1460 3230 καὶ
1489 3178 1584 3229 ἐπὶ
1629 3176 1723 3229 τοῦ
1759 3177 1855 3228 ἁν-

275 3259 498 3348 θρὼτῖου
550 3274 783 3342 διάφορὰ
827 3273 934 3324 εἱσι
982 3271 1051 3323 τὰ
1108 3269 1328 3338 μέρη,ἧ
1363 3284 1421 3319 τε
1471 3267 1621 3337 ψυχὴ
1659 3267 1754 3321 καὶ
1795 3267 1855 3318 τὸ

280 3371 460 3440 σῶμα,
511 3367 573 3422 τδ
611 3367 668 3420 δὲ
706 3365 1054 3433 ἀποτέλεσμα
1099 3362 1178 3416 ἓν.
1222 3362 1513 3416 Βούλονται
1551 3360 1662 3430 γὰρ
1713 3359 1855 3412 κατὰ

278 3459 459 3512 πάντα
506 3453 872 3526 μεθαρμόζειν
921 3453 984 3504 τὸ
1035 3451 1391 3520 παράδειγμα
1435 3449 1530 3504 τοῦ
1563 3447 1853 3519 ἀνθρώπου

278 3551 372 3604 ἐπὶ
411 3546 506 3600 τοῦ
553 3543 822 3616 Χριστοῦ·
863 3539 985 3597 εἶτα
1017 3543 1206 3608 ἐπειδὴ
1241 3541 1566 3613 συνῄσθοντο
1625 3539 1854 3602 ἑαυτοὺς

278 3643 358 3704 εἰς
381 3640 443 3692 τὺ
475 3639 650 3706 δόγμα
675 3637 776 3705 τῆς
805 3636 1024 3688 συνόδου
1072 3635 1435 3704 ἐμπεσόντας,
1460 3633 1552 3686 ἐπὶ
1583 3631 1770 3702 ἕτερόν
1799 3649 1853 3684 τι

281 3729 710 3802 μετασιόἀζουσι
739 3727 833 3780 τὸν
886 3725 1066 3794 λόγον,
1099 3725 1192 3779 καί
1221 3742 1408 3794 φασιν,
1435 3725 1518 3778 ὅτι
1550 3724 1852 3794 Διαφόρους

279 3821 468 3890 φύσεις
492 3820 673 3890 φαμὲν
695 3819 854 3888 ἡμεῖς
883 3815 990 3869 τῶν
1026 3815 1209 3886 μερῶν
1228 3831 1244 3845 ·
1273 3813 1370 3868 τοῦ
1397 3815 1454 3868 δὲ
1475 3813 1852 3878 ἀποτελέσμα-

278 3934 368 3979 τος
389 3957 404 3980 ,
439 3916 590 3984 μίαν.
621 3914 700 3985 Τῇ
749 3915 928 3982 μέντοι
961 3910 1160 3978 συνόδῳ
1185 3907 1316 3980 περλ⁵
1349 3907 1444 3961 τοῦ
1471 3905 1850 3975 ἀποτελέσμα-

276 4023 369 4068 τος
420 4001 488 4077 ἦν
525 4007 554 4058 ὁ
596 4004 776 4070 λόγος.
819 4003 962 4077 Πρὸς
1011 3999 1104 4064 οὓς
1135 4000 1367 4071 λέγομεν
1391 4039 1404 4062 ,
1437 3999 1522 4052 ὄτι
1549 3998 1846 4052 Ψεύδεσοε.

279 4095 385 4151 Ἦν
400 4075 505 4168 γὰρ
532 4097 661 4168 περὶ
687 4094 784 4148 τοῦ
806 4075 1250 4162 ἀποτελέσματος
1274 4092 1372 4161 οὐχ
1394 4093 1422 4144 ὀ
1451 4091 1613 4160 λόγος
1629 4093 1696 4161 τῇ
1723 4107 1850 4143 συνο

277 4187 401 4257 ὁδῳ,
449 4183 588 4240 ἀλλὰ
637 4184 768 4252 περὶ
797 4181 904 4235 τῶν
954 4181 1135 4252 μερῶν
1166 4196 1182 4210 ο
1221 4179 1315 4232 καὶ
1346 4179 1506 4232 τοῦτο
1551 4179 1712 4249 δῆλον
1743 4178 1852 4232 ἀπὸ

280 4277 490 4332 πολλῶν
536 4279 672 4329 ἐστι.
705 4273 928 4344 Πρῶτον
971 4273 1080 4326 ἀπὸ
1115 4272 1226 4324 τῶν
1262 4271 1578 4325 Γαῖανιτῶν.
1625 4271 1850 4324 Ἐκεῖνοι

1954 454 2307 523 peculiariter
2348 454 2595 523 ipsorum
2660 453 2882 522 quidem
2917 462 3038 515 est;
3072 450 3169 504 sed
3222 450 3278 504 in
3331 450 3528 506 Nesto-

1955 543 2236 598 rianorum
2261 543 2456 613 dogma
2485 543 2712 598 desinit.
2761 541 2898 598 Cum
2939 540 3089 596 enim
3129 540 3198 594 ad
3244 541 3392 610 ipsos
3448 541 3525 594 ait

1952 634 2222 698 Ecclesia,
2251 635 2297 688 si
2332 635 2486 688 unita
2517 632 2703 688 dicant
2736 633 3046 698 inconfusa,
3095 640 3151 687 et
3201 645 3371 686 unum
3397 647 3526 702 pas-

1954 725 2136 790 sibile,
2195 727 2429 779 alterum
2469 725 2743 794 passionis
2791 741 3018 795 expers;
3058 741 3228 779 unum
3277 735 3528 795 aspecta-

1953 817 2089 877 bile,
2118 817 2354 870 alterum
2377 817 2802 885 inaspectabile;
2829 834 3000 871 unum
3019 801 3526 888 circumscriptum,

1953 909 2185 961 alterum
2251 922 2362 960 non
2418 907 2932 976 circumscriptum;
3007 901 3178 964 unum
3256 912 3527 974 mortale,

1953 999 2187 1052 alterum
2216 997 2555 1050 immortale:
2593 1013 2826 1066 qumque
2857 999 2962 1052 alia
3007 1015 3132 1054 sunt
3169 1003 3526 1072 huiusmodi,

1953 1088 2090 1143 duas
2117 1088 2430 1143 necessario
2458 1097 2686 1142 naturas
2715 1104 2812 1143 eos
2858 1089 3244 1145 introducere:
3298 1108 3526 1162 respon-

1954 1180 2085 1234 dent
2113 1180 2193 1234 illi
2218 1179 2459 1232 vicissim
2515 1180 2720 1232 nullam
2753 1179 3153 1234 absurditatem
3183 1197 3306 1236 esse
3342 1185 3530 1238 incon-

1953 1273 2077 1326 fusa
2125 1271 2376 1326 confiteri
2425 1271 2601 1333 unita,
2629 1271 2916 1341 nihiloque
2950 1273 3134 1328 minus
3184 1290 3354 1327 unum
3401 1291 3528 1344 pas-

1954 1363 2136 1426 sibilc,
2173 1363 2406 1416 alterum
2458 1361 2732 1430 passionis
2760 1377 2991 1432 expers;
3047 1372 3103 1416 et
3133 1380 3296 1418 unam
3336 1365 3390 1418 in
3451 1363 3532 1419 eis

1954 1463 2238 1508 naturam:
2287 1453 2438 1524 quod
2492 1454 2570 1507 uti
2619 1455 2874 1524 probent,
2926 1455 3166 1510 hominis
3217 1457 3531 1526 exemplum

1954 1545 2263 1614 proferunt.
2309 1545 2414 1610 En,
2471 1545 2751 1615 inquiunt,
2805 1561 3008 1616 corpus
3053 1554 3109 1600 et
3163 1547 3346 1600 anima
3390 1548 3532 1601 citra

1955 1633 2332 1689 confusionem
2381 1635 2437 1688 in
2497 1635 2720 1690 homine
2751 1637 2907 1690 unita
2964 1645 3113 1700 sunt,
3167 1653 3337 1691 unum
3381 1653 3533 1708 aspe-

1881 1717 2170 1789 Bctabile,
2219 1725 2454 1778 alterum
2525 1726 2954 1794 inaspectabile;
3021 1742 3194 1781 unum
3255 1729 3528 1792 mortale,

1948 1817 2182 1870 alterum
2217 1816 2558 1883 immortale;
2585 1817 2803 1888 aliaque
2835 1819 2962 1872 talia
3005 1835 3022 1872 :
3075 1835 3186 1872 non
3215 1829 3397 1874 tamen
3433 1836 3531 1874 na-

1949 1907 2258 1961 turasduas
2305 1905 2571 1970 dicimus,
2605 1905 2702 1961 sed
2754 1923 2919 1960 unam
2973 1907 3214 1963 hominis
3248 1917 3525 1964 naturam-

1947 1999 2028 2053 Ad
2050 2015 2113 2052 ea
2145 1997 2336 2068 synodi
2359 2006 2660 2052 sectatores
2679 1997 2925 2052 vicissim
2957 1999 3313 2068 respondent,
3339 2017 3532 2070 quem-

1951 2089 2247 2144 admodum
2291 2089 2397 2158 ipsi
2433 2089 2614 2144 salvas
2651 2105 2774 2144 esse
2831 2105 2923 2146 res
2975 2089 3031 2144 in
3071 2091 3294 2146 homine
3324 2092 3530 2155 unitas,

1949 2191 2072 2251 post
2117 2180 2380 2235 unionem
2433 2181 2660 2246 factam,
2707 2181 2926 2247 dicant,
2997 2182 3296 2253 nihiloque
3345 2185 3531 2238 minus

1953 2289 2120 2326 unum
2169 2287 2292 2327 esse
2345 2273 2598 2336 mortale,
2632 2272 2870 2326 alterum
2935 2273 3268 2338 immortale,
3315 2273 3531 2342 aliaque

1949 2362 2169 2428 omnia,
2207 2363 2286 2418 sic
2320 2362 2388 2418 de
2437 2361 2660 2418 Christo
2685 2378 2743 2417 se
2793 2377 3015 2432 quoque
3062 2363 3250 2432 loqui;
3306 2371 3362 2417 at
3413 2363 3528 2417 haec

1951 2452 2137 2508 omnia
2155 2451 2393 2506 duarum
2417 2460 2748 2507 naturarum
2783 2467 2908 2507 eSse
2931 2453 3156 2507 indicia.

2021 2543 2110 2598 Vl.
2139 2543 2289 2597 Nihil
2331 2543 2398 2596 ad
2431 2543 2549 2597 huic
2583 2541 2845 2597 GaianiLe
2874 2543 3022 2612 quod
3049 2541 3257 2603 dicant,
3291 2542 3528 2596 habent.

1951 2632 2088 2688 Cum
2143 2633 2290 2687 enim
2346 2633 2502 2688 unita
2535 2633 2818 2688 fateantur
2863 2631 3173 2697 inconfusa,
3203 2633 3431 2686 omnino
3461 2648 3532 2686 ne

1954 2725 2252 2780 discrimen
2286 2725 2510 2795 quidem
2563 2725 2786 2795 aliquod
2831 2725 3016 2779 dicere
3072 2725 3368 2790 sustinent,
3405 2725 3532 2779 nul-

1954 2815 2076 2870 love
2125 2817 2286 2870 modo
2339 2817 2508 2870 duum
2537 2832 2725 2871 vocem
2786 2815 3129 2871 admittere:
3197 2817 3290 2870 sed
3362 2832 3530 2870 unum

1956 2907 2216 2976 quiddam
2281 2909 2454 2972 unita,
2497 2917 2620 2978 post
2670 2897 2954 2972 unionem,
3002 2907 3142 2962 facta
3207 2908 3418 2963 dicunt.
3462 2908 3535 2962 At

1959 2999 2348 3064 Theodosiani,
2386 2999 2472 3053 vel
2499 3000 2596 3069 qui
2626 3015 2656 3053 a
2687 2999 2890 3054 Severo
2915 3010 3064 3064 sunt,
3102 3000 3532 3055 satisfactionem

1957 3091 2060 3144 sibi
2087 3091 2377 3160 quamdam
2405 3091 2758 3156 invenerunt,
2787 3107 2957 3161 seque
2986 3092 3181 3146 dicunt
3207 3092 3367 3146 fateri
3407 3108 3534 3162 par-

1957 3189 2042 3236 tes
2071 3197 2192 3236 esse
2226 3181 2495 3246 diversas,
2531 3193 2589 3237 at
2623 3198 2792 3236 unum
2834 3183 3130 3237 eflectum:
3167 3181 3529 3250 quemadmo-

1955 3272 2087 3328 dum
2125 3282 2182 3328 et
2213 3275 2267 3327 in
2298 3273 2521 3328 homine
2583 3283 2768 3344 partes
2809 3273 3040 3329 diversa:
3088 3273 3220 3334 sint.
3247 3275 3428 3328 anima
3476 3282 3534 3328 et

1954 3381 2178 3435 corpus,
2209 3374 2264 3420 at
2287 3381 2457 3420 unum
2486 3365 2768 3424 eﬂ‘ectum.
2792 3365 2927 3420 Nam
2957 3381 3054 3434 per
3084 3365 3267 3419 omnia
3293 3365 3532 3420 hominis

1953 3458 2261 3527 exemplmn
2275 3457 2340 3511 ad
2361 3457 2638 3512 Christum
2655 3458 3072 3512 accommodare
3090 3458 3311 3512 volunt:
3332 3457 3530 3514 deinde

1953 3559 2128 3604 semet
2152 3549 2656 3606 animadvertentcs
2687 3550 2741 3604 in
2769 3550 2963 3620 synodi
2995 3549 3190 3618 dogma
3223 3549 3528 3618 prolapsos,

1951 3642 2020 3696 ad
2041 3641 2190 3696 aliud
2213 3641 2518 3696 orationem
2571 3641 2930 3703 transferunt,
2967 3655 3137 3708 seque
3165 3639 3410 3694 diversas
3447 3637 3536 3692 di-

1953 3747 2079 3786 cere
2103 3731 2339 3801 partium
2369 3741 2596 3786 naturas
2617 3732 2792 3796 aiunt,
2817 3730 2999 3786 eﬂ'ecti
3025 3745 3188 3784 unam
3222 3747 3236 3783 :
3261 3745 3388 3785 cum
3414 3744 3535 3800 syn-

1953 3822 2093 3876 odus
2115 3821 2183 3876 de
2207 3821 2406 3876 eﬂ‘ecto
2444 3822 2628 3876 locuta
2671 3822 2766 3877 sit.
2792 3821 2902 3875 Nos
2939 3830 3122 3875 autem
3141 3819 3536 3890 respondemus

1951 3929 2047 3969 eos
2077 3913 2321 3968 mentiri.
2358 3913 2478 3968 Non
2507 3914 2656 3968 enim
2683 3913 2928 3984 synodus
2954 3912 3024 3968 de
3046 3910 3534 3980 eﬂectoloqueba-

1951 4014 2064 4067 tur,
2091 4005 2186 4060 sed
2221 4004 2290 4059 de
2341 4005 2820 4075 partibuszquod
2870 4005 3095 4075 quidem
3146 4019 3214 4059 ex
3276 4003 3532 4073 pluribus

1951 4107 2184 4152 constat.
2212 4098 2456 4152 Primum
2493 4095 2737 4151 indicant
2772 4095 2876 4150 hoc
2921 4096 3026 4166 ipsi
3058 4093 3344 4149 Gaianiue.
3396 4093 3530 4147 Nam

1950 4190 2237 4258 antiquum
2272 4188 2347 4241 illi
2382 4187 2578 4255 dogma
2612 4187 2941 4250 retinentes,
2979 4186 3051 4240 ita
3079 4201 3233 4240 nunc
3261 4185 3529 4256 synodum

1952 4288 2290 4352 oppugnant.
2330 4269 2486 4346 quasi
2517 4294 2640 4346 qua:
2667 4285 2852 4346 partes
2883 4277 3019 4331 duas
3041 4277 3190 4332 dicat
3221 4297 3234 4332 :
3271 4291 3395 4332 cum
3427 4275 3529 4345 ipsi

280 4369 386 4439 γὰρ
408 4369 469 4422 τὸ
508 4369 732 4438 ἀρχαῖον
757 4365 932 4434 δόγμα
976 4363 1363 4432 φυλάττοντες,
1408 4361 1552 4415 οὕτω
1589 4363 1851 4432 μάχονται

1957 4379 2082 4442 post
2109 4370 2366 4424 unionem
2402 4375 2588 4435 partes
2619 4381 2838 4434 quoque
2864 4365 3038 4420 velint
3069 4380 3238 4419 unum
3269 4363 3528 4432 quiddam

280 4463 372 4516 νῦν
401 4461 468 4531 τῇ
505 4457 729 4526 συνόδῳ,
756 4457 832 4519 ὡς
855 4455 949 4509 δύο
969 4455 1203 4526 λεγούσῃ
1235 4454 1306 4506 τὰ
1336 4454 1479 4524 μέρη
1511 4471 1525 4485 ο
1561 4455 1718 4506 αὐτοὶ
1743 4454 1852 4522 γὰρ

281 4557 375 4608 καὶ
410 4553 478 4606 τὰ
510 4551 650 4622 μέρη
677 4549 738 4602 ’ἐν
769 4565 822 4602 τι
851 4547 1136 4617 βούλονται
1167 4543 1306 4600 εἶναι
1335 4548 1475 4616 μετὰ
1504 4545 1602 4615 τὴν
1633 4545 1851 4598 ἕνωσιν.

292 4645 432 4698 Ἀλλ’
465 4643 596 4706 ἴσως
623 4642 844 4710 λέγουσι
888 4640 1028 4710 πρὸς
1075 4639 1236 4692 τοῦτο
1263 4639 1315 4691 οἱ
1355 4637 1693 4690 Θεοδοσιανοὶ
1716 4675 1732 4700 ,
1771 4635 1854 4687 ὅτι

280 4737 398 4806 οὐχι
422 4753 436 4768 ο
483 4736 544 4788 οὐ
583 4733 694 4803 γὰρ
725 4733 776 4786 οι
818 4730 1098 4786 Γαῖανῖται
1132 4732 1271 4784 εῖσιν
1299 4731 1350 4782 οἱ
1393 4727 1754 4797 φυλάττοντες
1793 4725 1856 4777 τὸ

281 4830 504 4900 ἀρχαῖον
555 4826 752 4896 δόγμα,
802 4823 942 4878 ἀλλὰ.
993 4822 1193 4893 μᾶλλον
1239 4823 1422 4893 ἡμεῖς.
1491 4818 1651 4873 Ἀλλά
1693 4818 1854 4872 πάλιν

281 4919 414 4992 πρὸς
438 4919 595 4972 τοῦτο
617 4917 868 4987 λέγομεν,
893 4914 975 4968 ὅτι
995 4915 1058 4968 Εἰ
1081 4915 1177 4968 κα)⁴
1205 4914 1279 4985 μὴ
1302 4913 1409 4967 ἀπὸ
1425 4911 1534 4965 τῶν
1555 4911 1852 4964 Γαῖανιτῶν

281 5005 570 5061 πιστοῦσθε
597 5005 778 5072 τοῦτο,
811 5003 926 5058 ἀλλ’
955 4999 1050 5057 οὖν
1082 5003 1192 5056 ἀπὸ
1222 5004 1333 5056 τῶν
1349 5003 1664 5072 Ἀκεεράλων
1694 5002 1854 5068 ἀνάγ·

281 5118 350 5168 κη
405 5099 550 5168 ὑμᾶς
587 5096 746 5150 τοῦτο
793 5093 1196 5149 πιστώσασθαι.
1239 5095 1468 5149 Ἐκεῖνοι
1498 5096 1606 5165 γὰρ
1640 5093 1856 5164 όιρχαιό⁸

281 5206 431 5260 τεροι
459 5189 488 5240 ii
498 5187 613 5259 μῶν
640 5189 738 5241 καὶ
765 5187 876 5239 τῶν
902 5185 1202 5240 Γαῖανιτῶν
1234 5187 1486 5256 φανερῶς
1511 5187 1684 5250 ὄντες,
1714 5186 1856 5240 οὕτω

287 5285 548 5353 μάχονται
576 5284 644 5353 τῇ
675 5281 901 5352 συνόδῳ,
927 5281 1002 5344 ὡς
1021 5279 1114 5334 δύο
1137 5279 1368 5352 λεγούσῃ
1389 5281 1454 5333 τὰ
1483 5283 1645 5350 μέρη.
1667 5282 1858 5333 Ἐπει-

283 5391 350 5427 τα
381 5375 479 5426 καὶ
511 5372 620 5426 ἀπὸ
662 5358 937 5442 Εὐτῡχοῦς
963 5369 1306 5440 πιστούμεθα
1357 5368 1531 5422 τοῦτο.
1566 5369 1710 5440 Πρὸς
1747 5372 1856 5440 γὰρ

284 5465 374 5517 τὸν
396 5465 611 5534 Εὐτυχῆ
642 5465 877 5516 ἐποιεῖτο
915 5463 1010 5516 τὸν
1039 5462 1252 5533 λόγονῆ
1286 5461 1520 5523 σύνοδος,
1551 5462 1700 5524 ὅστις
1728 5480 1793 5516 πε
1805 5465 1856 5532 ρί

284 5553 391 5608 τῶν
439 5555 624 5626 μερῶν
658 5553 992 5626 ἠμφισϐήτει
1019 5595 1032 5620 ,
1073 5554 1148 5626 μὴ
1193 5553 1369 5620 λέγων
1401 5554 1530 5623 ὑμῖν
1571 5553 1858 5622 ὁμοούσιον

287 5642 425 5701 εἶναι
461 5647 523 5700 τδ
566 5645 743 5718 σῶμα.
789 5646 882 5710 Ὣς
909 5641 1001 5701 οὖν
1030 5645 1166 5716 πρὸς
1195 5646 1400 5699 ἐκεῖνον
1446 5643 1742 5714 ποιουμένη
1767 5643 1858 5697 τὸν

1950 4479 2090 4530 esse.
2126 4459 2396 4515 Fortassis
2429 4457 2498 4512 ad
2533 4457 2639 4512 hoc
2677 4455 3050 4512 'l'heodosiani
3087 4453 3526 4524 respondebunt,

1951 4570 2293 4626 nequaquam
2319 4552 2617 4617 Gaianitas,
2643 4553 2738 4608 sed
2770 4568 2828 4608 se
2867 4553 3056 4621 potius
3107 4551 3230 4606 illos
3257 4565 3400 4613 esse,
3434 4549 3530 4618 qui

1953 4647 2238 4716 antiquum
2297 4645 2490 4716 dogma
2543 4645 2836 4700 retineant.
2870 4645 2979 4700 Nos
3027 4659 3160 4698 vero
3193 4659 3414 4699 rursum
3446 4658 3532 4695 re-

1955 4739 2309 4809 spondemus,
2338 4739 2384 4793 si
2434 4738 2667 4792 maxime
2698 4753 2808 4791 non
2833 4755 2864 4790 ιι
2896 4735 3164 4792 Gaianitis
3207 4734 3312 4804 ipsi
3367 4733 3531 4788 fidem

1956 4833 2102 4886 illam
2135 4829 2492 4908 sumpserint,
2527 4811 2707 4883 tamen
2754 4843 2876 4883 esse
2919 4843 3170 4887 necesse.
3199 4835 3262 4880 ut
3290 4825 3361 4880 ab
3393 4825 3533 4880 Ace-

1959 4923 2136 4994 phalis
2163 4922 2496 4992 acceperint.
2523 4921 2657 4975 Nam
2688 4919 2764 4974 illi
2806 4918 3097 4973 manifesto
3132 4915 3532 4972 Theodosianis

1959 5026 2016 5073 et
2041 5015 2307 5072 Gaianitis
2352 5013 2712 5083 antiquiores,
2753 5012 2826 5065 ita
2877 5010 3144 5082 synodum
3189 5016 3527 5080 oppugnant,

1963 5106 2118 5176 quasi
2153 5121 2276 5175 quae
2321 5114 2506 5174 partes
2534 5104 2672 5159 duas
2707 5104 2908 5158 tradat.
2937 5102 3086 5157 Idem
3117 5109 3175 5157 ct
3210 5116 3312 5170 per
3359 5100 3530 5170 Euty-

1964 5196 2121 5251 chem
2147 5195 2345 5249 docere
2370 5208 2678 5264 possumus.
2702 5193 2921 5247 Etenim
2949 5191 3212 5246 adversus
3228 5189 3528 5259 Eutychem

1962 5286 2205 5357 synodus
2236 5285 2326 5339 illa
2357 5285 2523 5340 verba
2549 5283 2889 5352 proferebat,
2921 5282 3080 5353 cujus
3105 5289 3224 5335 erat
3253 5278 3322 5332 de
3353 5275 3528 5347 parti-

1963 5378 2067 5430 hns
2090 5375 2490 5438 controversia,
2520 5375 2778 5433 dicentis,
2807 5389 3009 5442 corpus
3044 5387 3153 5426 non
3183 5384 3306 5424 esse
3339 5365 3531 5421 nobis-

1961 5482 2085 5521 cum
2129 5467 2290 5520 unius
2349 5464 2674 5519 substantiae
2703 5505 2716 5526 ,
2757 5463 2990 5531 ideoque
3026 5451 3210 5514 verbis
3252 5455 3321 5511 ad
3375 5455 3529 5508 illum

1963 5556 2210 5618 directis,
2246 5565 2301 5608 et
2337 5555 2452 5624 ipsa
2502 5555 2712 5609 scilicet
2752 5553 2819 5608 de
2863 5552 3112 5622 partibus
3156 5545 3484 5616 loquebatur
3511 5586 3528 5611 ,

1967 5661 2075 5698 non
2133 5644 2199 5698 de
2256 5644 2472 5699 elfccto.
2537 5645 2806 5698 Prrtcrca
2865 5640 2969 5694 nisi
3019 5639 3124 5693 hoc
3175 5633 3529 5700 admiseritis,
