3998 6146
536 278 674 349 1247

1783 275 2092 342 LEONTII
2133 280 2544 352 BYZANTINI

3564 369 3604 382 ἒ
3645 278 3803 349 ms

529 415 724 455 omnes
801 372 1074 464 expositas
1133 393 1400 447 hactenus
1481 382 1823 462 objectiones
1889 401 2091 445 vestras

2198 390 2375 457 λόγον,
2409 390 2650 459 δηλονότι
2705 388 2800 442 καί
2847 387 2986 460 αὑτὴ
3018 387 3148 460 περὶ
3193 388 3302 442 τῶν
3330 389 3512 462 μερῶν
3543 397 3800 452 ἐποιεῖτο

528 493 811 547 evertetis.
839 489 930 544 Sic
987 487 1132 541 enim
1178 485 1337 538 nobis
1383 499 1475 538 eas
1525 484 1907 553 opponebatis.
1943 484 2096 552 quasi

534 582 771 633 duorum
836 592 938 630 vox
1003 575 1153 627 nullo
1231 573 1395 626 modo
1466 583 1589 642 post
1647 573 1906 627 unionem
1969 589 2098 640 pro-

527 670 658 725 ferri
683 667 875 738 possit,
907 665 1011 720 nisi
1045 665 1114 718 ab
1149 665 1217 720 iis
1247 665 1338 734 qui
1371 665 1700 719 divisionem
1725 665 2095 718 introducam.

533 761 730 814 Verum
787 758 948 813 nobis
993 757 1098 828 ipsi
1146 757 1375 810 fortasse
1433 756 1787 825 respondent,
1837 754 1966 834 dare
2016 769 2096 815 se,

527 850 595 903 dc
646 849 896 919 partibus
954 849 1194 904 locutam
1242 846 1530 918 synodum.
1591 847 1698 900 Vos
1757 854 1963 908 autem,
2001 860 2100 898 cur

526 939 692 992 modo
734 954 844 992 non
887 937 1073 993 dicitis
1122 953 1286 992 unam
1317 936 1497 992 eﬂ'ecti
1531 937 1824 990 naturam?
1857 935 2096 988 Primum

526 1031 1076 1100 dieimus,nusquam
1107 1030 1215 1084 hoc
1241 1030 1448 1084 dictum
1479 1044 1510 1082 a
1534 1029 1792 1082 Patribus
1821 1035 2095 1081 constare.

525 1122 734 1177 Deinde
782 1138 852 1176 ne
901 1121 1126 1191 quidem
1175 1119 1380 1180 effecti,
1413 1120 1456 1173 si
1498 1119 1622 1188 quis
1660 1118 1938 1172 subtiliter
1979 1133 2094 1172 rem

527 1217 866 1278 consideret,
912 1229 1018 1268 una
1075 1220 1271 1266 natura
1319 1222 1445 1277 est;
1500 1211 1595 1265 sed
1649 1211 1788 1264 duae.
1843 1209 2096 1266 Fortasse

527 1310 727 1363 dixerit
757 1307 956 1377 aliquis
992 1323 1006 1360 :
1040 1307 1109 1360 Et
1139 1320 1376 1375 quonam
1411 1303 1526 1358 ﬁeri
1565 1313 1726 1374 pacto
1785 1313 1967 1374 potest
2037 1314 2098 1361 ut

527 1399 769 1456 hominis
817 1399 1128 1469 exemplum
1186 1397 1347 1452 nobis
1409 1412 1522 1452 non
1590 1397 1932 1463 adversetur,
1990 1399 2095 1478 qui

525 1508 594 1546 ex
625 1493 805 1547 anima
841 1504 1183 1559 corporeque
1211 1496 1491 1546 constans.
1523 1503 1686 1542 unam
1711 1497 1962 1542 naturam
1999 1489 2096 1542 ha-

525 1583 640 1643 bet,
683 1597 794 1636 non
841 1581 1018 1646 duas,
1057 1594 1196 1650 quas
1241 1577 1522 1634 Christum
1575 1579 1779 1634 habere
1813 1579 2097 1634 diximus?

525 1673 608 1728 Ad
657 1673 761 1726 hoc
815 1671 1232 1741 respondemus,
1267 1670 1322 1724 id
1378 1671 1556 1740 ipsum
1615 1671 1670 1724 in
1727 1686 1889 1726 causa
1945 1686 2085 1736 esse,

525 1763 670 1833 quod
723 1778 888 1818 unam
931 1762 1171 1816 hominis
1215 1770 1486 1825 naturam,
1511 1761 1715 1816 Christi
1761 1763 1898 1817 duas
1944 1763 2092 1818 dica-

525 1871 668 1910 mus.
699 1849 870 1920 Quam
913 1853 1060 1908 enim
1109 1853 1374 1907 rationem
1417 1853 1582 1914 habet
1625 1869 1731 1908 una
1785 1864 1981 1908 natura
2039 1855 2092 1910 in

523 1946 766 2000 hominis
811 1946 1111 2016 hypostasi,
1145 1945 1396 2000 eamdem
1451 1952 1508 2000 et
1558 1945 1680 2008 duae
1716 1945 1770 1999 in
1815 1946 2094 2016 hypostasi

523 2037 728 2091 Christi
767 2035 996 2090 habent.

589 2299 704 2354 νη.
726 2298 905 2368 Atque
937 2306 998 2353 ut
1027 2299 1384 2369 perSpicuum
1409 2299 1480 2354 sit
1509 2299 1656 2369 quod
1687 2315 1716 2353 a
1767 2301 1926 2354 nobis
1953 2301 2091 2354 dici-

524 2398 634 2454 tur,
667 2391 1006 2461 objectiones
1053 2390 1209 2461 prius
1249 2393 1529 2460 expositas
1576 2401 1908 2464 repetamus.
1955 2393 2091 2447 Cum

521 2475 741 2532 dicebat
807 2478 1048 2533 Ecclesia
1081 2521 1095 2544 ,
1153 2482 1198 2533 si
1256 2495 1355 2533 vos
1426 2479 1712 2535 inconfusa
1787 2483 1971 2536 dicitis
2029 2499 2092 2537 ea

522 2582 644 2636 quae
699 2569 850 2622 unita
893 2579 1060 2632 sunt,
1119 2577 1176 2622 et
1220 2571 1399 2626 salvas
1433 2587 1626 2626 eorum
1695 2583 1922 2628 naturas
1967 2589 2092 2628 esse

519 2667 646 2728 post
673 2660 930 2714 unionem
959 2677 973 2726 ;
1003 2677 1283 2731 unumque
1318 2664 1566 2729 mortale,
1603 2665 1836 2718 alterum
1865 2667 2092 2718 immor-

521 2751 666 2816 tale;
696 2767 924 2822 quaeque
952 2761 1082 2806 sunt
1110 2755 1426 2824 hujusmodi
1471 2756 1580 2808 alia
1607 2773 1621 2819 ;
1655 2755 1794 2810 duas
1837 2772 2092 2810 necessa-

523 2843 606 2896 rio
627 2851 850 2898 naturas
882 2844 1229 2899 introducitis
1256 2864 1270 2899 :
1306 2846 1382 2900 illi
1409 2847 1651 2901 vicissim
1667 2848 2091 2916 respondebant,

518 2933 659 2987 nihil
691 2949 810 2988 esse
846 2935 1092 3001 absurdi,
1132 2944 1188 2991 et
1229 2938 1515 2994 inconfnsa
1549 2939 1752 3004 dicere,
1785 2956 1905 3008 qua:
1936 2941 2090 2993 unita

525 3024 671 3090 sint;
709 3034 763 3079 et
793 3036 917 3096 post
943 3028 1224 3095 unionem,
1249 3030 1425 3086 salvas
1460 3047 1580 3086 esse
1609 3041 1832 3085 naturas
1860 3047 2050 3084 eorum
2073 3073 2086 3096 ,
2120 3047 2163 3105 ο

520 3125 576 3170 et
596 3131 758 3170 unam
809 3118 1053 3186 proﬁteri
1099 3128 1370 3175 naturam.
1419 3122 1554 3176 Nam
1600 3138 1748 3182 ecce,
1806 3123 2086 3192 inquiunt,

521 3221 684 3259 unam
739 3206 978 3262 hominis
1023 3216 1276 3262 naturam
1316 3210 1572 3276 dicimus,
1611 3221 1666 3267 et
1709 3213 1762 3266 in
1804 3229 1871 3267 eo
1909 3223 2088 3269 tamen

519 3295 820 3350 inconfusm
846 3305 974 3351 sunt
1003 3307 1187 3368 partes
1217 3300 1405 3356 unitre.
1441 3302 1556 3356 Hoc
1597 3305 1850 3374 exemplo
1891 3305 1944 3358 in
1989 3319 2090 3358 an-

519 3395 736 3455 gustum
771 3389 926 3458 quasi
977 3391 1149 3444 coacti
1189 3391 1527 3450 defensores
1543 3395 1758 3464 synodi,
1798 3411 1857 3450 se
1899 3397 1954 3450 in
1986 3397 2089 3450 ho-

519 3472 670 3526 mine
723 3488 942 3543 quoque
983 3485 1212 3532 naturas
1269 3477 1427 3533 fateri
1474 3479 1614 3535 duas
1669 3482 1913 3537 aiebant.
1968 3485 2090 3540 Mox

521 3557 888 3616 'l'beodosiani
919 3579 933 3617 :
971 3563 1026 3616 Si
1063 3565 1198 3620 duas
1227 3567 1468 3622 hominis
1507 3577 1731 3626 naturas
1758 3571 1960 3640 dicitis,
1996 3590 2087 3630 ne-

519 3665 674 3706 cesse
718 3661 804 3708 est
863 3654 1067 3710 Christi
1139 3667 1250 3713 tres
1297 3673 1418 3714 esse
1476 3659 1776 3718 fateamini.
1838 3665 2088 3721 Vicissim

519 3743 784 3812 synodiL'e
811 3761 826 3798 :
856 3745 913 3800 Si
938 3763 1039 3802 nos
1063 3749 1258 3820 cogitis
1287 3751 1472 3806 dicere
1501 3751 1778 3808 Christum
1813 3757 1988 3814 tribus
2033 3760 2088 3814 in

520 3835 755 3896 naturis.
784 3836 950 3890 etiam
1007 3854 1104 3892 vos
1149 3855 1277 3894 eum
1317 3857 1384 3896 ex
1431 3845 1610 3899 tribus
1635 3848 1848 3901 naturis
1872 3849 2086 3906 dicetis.

519 3925 656 3980 Nam
706 3927 893 3983 dicitis
953 3945 1079 3984 eum
1147 3947 1214 3986 ex
1283 3933 1624 3991 humanitate
1691 3938 2089 4010 divinitateque

519 4024 797 4072 constare.
834 4018 1150 4076 Divinitatis
1179 4029 1362 4078 autem
1398 4041 1506 4080 una
1534 4034 1730 4083 natura
1755 4039 1858 4092 est,
1891 4032 2089 4088 humao

519 4103 711 4160 uitatis
733 4105 876 4162 duae.
904 4108 1196 4164 Sciendum
1225 4120 1429 4180 tamen,
1453 4132 1520 4170 ex
1559 4121 1865 4177 assertione
1893 4125 2088 4195 synodi

519 4195 742 4263 quidem
771 4199 974 4270 colligi,
1010 4209 1121 4258 tres
1158 4213 1384 4261 naturas
1410 4207 1520 4264 dici
1560 4227 1573 4262 :
1607 4211 1700 4266 sed
1727 4229 1836 4268 non
1857 4229 1887 4282 a
1912 4216 2090 4270 Theo-

519 4287 762 4347 dosianis
827 4293 984 4361 illud,
1031 4311 1101 4350 ex
1170 4299 1368 4354 tribus.
1405 4287 1622 4357 Etenim
1677 4303 1750 4358 hi'
1788 4305 2086 4375 tradentes,

2199 482 2292 534 τὸν
2318 483 2496 550 λόγον,
2531 480 2719 535 οὐκέτι
2745 480 2803 534 δὲ
2843 480 2974 550 περὶ
3007 479 3101 531 τοῦ
3143 479 3614 551 ἀποτελέσματος.
3669 486 3794 538 Ἔτι

2199 573 2256 626 δὲ
2310 577 2358 626 εἰ
2417 572 2492 642 μὴ
2517 571 2674 626 τοῦτο
2725 567 2974 636 δέξεσοε,
3012 569 3194 632 πάσας
3224 569 3322 634 τὰς
3377 577 3794 643 προειρημένας

2200 663 2437 734 ἀπορίας
2467 661 2528 726 ἐξ
2556 663 2584 714 ὑ
2595 660 2711 728 μῶν
2733 659 3089 730 ἀνατρέψετε.
3121 657 3278 713 Οὕτω
3317 660 3426 732 γὰρ
3449 662 3620 726 αὑτὰς
3655 667 3791 734 ἡμῖν

2199 756 2478 824 ἠπορεῖτε,
2511 753 2586 814 ὼς
2609 751 2668 805 τὸ
2693 750 2788 804 δύο
2813 750 2914 804 οὐκ
2959 749 3026 804 ἂν
3057 751 3393 822 οἱωσδήποτε
3424 753 3590 824 λεχθῇ
3645 755 3790 822 μετά

2199 845 2299 911 τὴν
2321 843 2518 895 ’ἐνωσιν
2541 881 2556 902 ,
2591 841 2639 892 εἰ
2673 837 2748 910 μὴ
2788 838 3057 910 διαίρεσιν
3089 838 3440 905 εἰσάγουσιν.
3486 839 3628 893 Ἀλλ’
3654 843 3787 904 ἴσως

2198 933 2448 1000 λέγουσιν
2487 933 2622 1002 ἡμῖν
2653 932 2750 984 καὶ
2778 930 2938 984 αὐτοὶ
2983 929 3121 1000 πρὸς
3147 929 3347 996 ταῦτα,
3376 931 3459 983 ὅτι
3487 930 3685 1000 Θῶμεν
3718 935 3783 1002 τῇ

2201 1025 2406 1093 συνόδῳ
2453 1023 2546 1076 τὸν
2599 1022 2756 1090 λόγον
2804 1017 2946 1075 εἶναι
2990 1023 3119 1092 περὶ
3169 1021 3280 1076 τῶν
3337 1023 3538 1092 μερῶν.
3590 1021 3786 1091 Ὑμεῖς

2197 1116 2338 1168 διατί
2363 1117 2426 1169 οὐ
2463 1115 2652 1180 λέγετε
2695 1114 2790 1167 νῦν
2821 1113 2916 1166 τοῦ
2942 1111 3386 1182 ἀποτελέσματος
3423 1115 3547 1183 μίαν
3573 1113 3738 1182 φύσιν
3764 1130 3780 1178 ;

2199 1207 2444 1278 Λέγομεν
2479 1205 2616 1276 πρὸς
2659 1206 2878 1268 αὐτοὺς,
2904 1206 2986 1258 ὅτι
3012 1203 3228 1274 πρῶτον
3257 1203 3357 1274 μὲν
3381 1204 3616 1274 οὐδαμοῦ
3648 1206 3784 1272 φαε-

2197 1316 2379 1352 νονται
2421 1297 2580 1350 τοῦτο
2621 1298 2876 1366 λέγοντες
2903 1299 2952 1350 οἱ
2989 1297 3250 1366 Πατέρες.
3296 1298 3527 1350 Ἔπειτα
3551 1299 3627 1363 δέ,
3657 1299 3783 1351 οὖδέ

2195 1390 2288 1443 τοῦ
2331 1389 2808 1460 ἁποστελέσματος
2831 1429 2847 1452 ,
2875 1389 2931 1441 εἴ
2958 1405 3042 1451 τις
3066 1389 3312 1458 ἀκριϐῶς
3351 1389 3638 1458 σκοπήσοι,
3681 1391 3782 1458 μία

2195 1482 2394 1552 ἐστὶνὴ
2431 1481 2610 1550 φύσις,
2645 1480 2780 1534 ἀλλά
2811 1479 2926 1534 δύο.
2964 1478 3103 1531 Ἀλλ’
3124 1478 3267 1532 εἴποι
3292 1495 3378 1542 τις
3406 1479 3492 1543 ἄν,
3519 1480 3627 1532 Καὶ
3657 1479 3781 1541 πῶς

2195 1577 2295 1628 οὐκ
2340 1574 2644 1628 ἀντίκειται
2677 1573 2809 1642 ἡμῖν
2841 1570 2903 1624 τὺ
2936 1571 3292 1640 παράδειγμα
3323 1569 3416 1625 τοῦ
3461 1569 3776 1641 ἀνθρώπου.

2195 1667 2342 1730 ὅστις
2371 1667 2434 1719 ἐκ
2463 1665 2642 1735 ψυχῆς
2703 1663 2799 1717 καὶ
2838 1662 3088 1733 σώματος
3111 1663 3208 1727 ὢν,
3238 1663 3366 1732 μίαν
3396 1662 3508 1732 ἔχει
3535 1663 3634 1734 τὴν
3671 1664 3780 1731 φύ-

2199 1777 2311 1821 σιν,
2343 1759 2440 1827 οὐχ
2467 1758 2550 1811 ὅτι
2595 1758 2652 1810 δὲ
2679 1755 2774 1808 δύο
2793 1797 2807 1819 ,
2842 1755 2917 1818 ὡς
2937 1755 3168 1825 λέγομεν
3198 1753 3343 1824 ἔχειν
3377 1757 3471 1808 τὸν
3503 1757 3773 1825 Χριστόνς

2198 1848 2342 1918 Πρὸς
2361 1845 2518 1899 τοῦτο
2539 1845 2794 1914 λέγομεν,
2817 1844 2898 1898 ὅτι
2925 1843 3066 1896 Αὐτὸ
3090 1843 3199 1913 γὰρ
3222 1843 3399 1909 τοῦτο,
3424 1843 3612 1913 ἐπειδὴ
3644 1846 3777 1913 μίαν

2198 1937 2360 2006 φύσιν
2403 1937 2640 2004 λέγομεν
2669 1933 2764 1987 τοῦ
2799 1932 3090 2005 ἀνθρώπου
3113 1973 3128 1996 ,
3178 1932 3271 1986 δύο
3294 1933 3350 1986 δέ
3378 1933 3471 1986 τοῦ
3505 1934 3770 2002 Χριστοῦ.
3861 1935 3868 1950 '

2203 2028 2299 2079 Ὃν
2322 2027 2430 2096 γὰρ
2456 2026 2613 2094 λόγον
2642 2025 2758 2094 ἔχει
2786 2027 2818 2095 ἡ
2853 2024 2952 2094 μία
2984 2023 3146 2092 φύσις
3172 2021 3266 2076 ἐπὶ
3293 2023 3394 2092 τῆς
3421 2023 3778 2088 ὑποστάσεως

2195 2119 2288 2172 τοῦ
2316 2117 2628 2190 ἀνθρώπου.
2652 2121 2742 2170 τὸν
2765 2118 2928 2170 αὐτὸν
2948 2115 3160 2186 ἔχουσιν
3187 2119 3243 2170 αἱ
3273 2115 3364 2170 δύο
3387 2117 3481 2169 ἐπὶ
3509 2117 3607 2188 τῆς
3637 2114 3772 2170 ὕπο.

2198 2208 2445 2270 στάσεως
2467 2206 2562 2260 τοῦ
2597 2205 2858 2278 Χριστοῦ.

2269 2299 2378 2350 Καὶ
2425 2299 2512 2351 ἵνα
2557 2297 2727 2366 σαφὲς
2754 2297 2838 2366 εἴη
2867 2297 3158 2364 λεγόμενον
3179 2337 3194 2361 ,
3223 2297 3638 2368 ἐπαναληπτέον
3668 2297 3775 2360 τὰς

2199 2387 2592 2458 προλεχοείσας
2638 2387 2895 2457 ἀπορίας.
2942 2388 3056 2456 Τῆς
3100 2386 3430 2458 Ἐκκλησίας
3477 2386 3768 2456 λεγούσης,

2195 2483 2276 2532 ὅτι
2311 2481 2368 2533 ΙΞί
2391 2479 2680 2550 ἀσύγχυτα,
2703 2479 2892 2548 λέγετε
2923 2478 2993 2532 τὰ
3023 2477 3316 2543 ὲνωθέντα,
3375 2480 3471 2532 καὶ
3500 2477 3770 2543 σώζεσθαι

2193 2571 2292 2632 τὰς
2329 2569 2726 2638 φύσειςάὑτῶν
2757 2569 2894 2639 μετά
2915 2569 3015 2640 τὴν
3040 2569 3254 2633 ἕνωσιν,
3285 2570 3382 2622 καὶ
3418 2569 3476 2622 τδ
3507 2569 3606 2640 μὲν
3641 2570 3769 2638 θνη-

2192 2661 2304 2726 τὸν,
2332 2663 2393 2714 τὸ
2420 2661 2476 2714 δέ
2499 2661 2790 2728 ἀθάνατον,
2811 2661 2905 2715 καὶ
2934 2663 3036 2716 ὅσα
3062 2660 3309 2727 τοιαῦτα,
3331 2661 3393 2726 ἐξ
3411 2663 3656 2732 ἀνάγκης
3677 2663 3771 2715 δύο

2195 2749 2385 2816 φύσεις
2412 2750 2662 2817 εἰσάγετε
2684 2767 2699 2780 ·
2732 2751 3022 2818 ἀντέλεγον
3065 2753 3284 2814 ἐκεῖνοι,
3318 2751 3398 2804 ὃτι
3436 2751 3591 2804 οὐδὲν
3639 2753 3768 2805 ἄτο-

2193 2860 2315 2902 πον,
2333 2829 2438 2894 ’καὶ
2459 2843 2741 2912 ἁσύγχυτα
2767 2843 2947 2910 λέγειν
2969 2843 3035 2896 τά
3059 2842 3347 2909 ἐνωθέντα,
3373 2845 3466 2896 καὶ
3497 2844 3768 2908 σώζεσθαι

2193 2935 2290 2996 τὰς
2327 2934 2518 3001 φύσεις
2560 2935 2742 2988 αὐτῶν
2773 2934 2906 3004 μετά
2938 2934 3035 3004 τὴν
3059 2934 3270 3000 ἕνωσιν,
3302 2935 3396 2988 καὶ
3436 2939 3568 3004 μίαν
3601 2937 3768 3004 φύσιν

2193 3026 2391 3079 εἰπεῖν.
2426 3025 2557 3078 Ἰδοὺ
2591 3025 2699 3096 γὰρ
2729 3025 2971 3094 λέγομεν,
3005 3025 3160 3092 φασὶ,
3193 3025 3318 3092 μίαν
3349 3025 3508 3093 φύσιν
3539 3025 3634 3078 τοῦ
3665 3028 3765 3080 ἁν-

2193 3115 2414 3186 ορώπου
2439 3131 2456 3147 ο
2485 3117 2580 3170 καὶ
2603 3117 2750 3186 ὅμως
2771 3115 3046 3184 ἁσύγχυτά
3064 3117 3202 3168 εἰσιν
3229 3116 3320 3168 ἐπὶ
3339 3115 3499 3170 αὑτοῦ
3525 3117 3596 3169 τὰ
3623 3118 3760 3170 ἐνω·⁹

2191 3211 2370 3266 θέντα.
2408 3211 2548 3282 Πρὸς
2585 3211 2744 3264 τοῦτο
2771 3209 2833 3262 τὸ
2875 3209 3224 3280 παράδειγμα
3266 3208 3768 3280 στενοχωρούμενοι

2191 3307 2242 3357 ei
2272 3306 2378 3358 ἀπὸ
2407 3305 2506 3375 τῆς
2535 3303 2779 3370 συνόδου,
2807 3299 2982 3366 εἷπον,
3007 3303 3211 3356 ὅτιΚαὶ
3241 3303 3335 3354 ἐπὶ
3359 3302 3454 3354 τοῦ
3477 3302 3767 3372 ἀνθρώπου

2189 3397 2282 3451 δύο
2303 3397 2495 3464 φύσεις
2514 3395 2766 3464 λέγομεν.
2786 3391 2922 3449 Εἶτα
2937 3394 2986 3446 οἱ
3002 3393 3339 3447 Θεοδοσιανοί
3355 3411 3368 3424 ο
3387 3393 3595 3446 Οὐκοῦν
3613 3397 3659 3446 εἰ
3675 3394 3769 3448 δύο

2191 3489 2378 3559 φύσεις
2393 3489 2487 3544 τοῦ
2511 3487 2802 3559 ἀνθρώπου
2817 3488 3028 3556 λέγετε,
3047 3488 3346 3556 ἀναγκαῖον
3367 3489 3510 3556 ἡμᾶς
3520 3487 3614 3540 τοῦ
3634 3488 3770 3558 Χρι-

2193 3581 2318 3635 στοῦ
2347 3563 2497 3650 τρεῖς
2523 3583 2718 3633 εἰπεῖν.
2741 3575 2880 3634 Εἶτα
2907 3579 3044 3650 πρὸς
3073 3579 3240 3632 αὐτοῦ
3255 3598 3272 3641 ;
3299 3578 3468 3632 πάλιν
3484 3581 3532 3631 οἱ
3560 3580 3770 3647 συνοδῖ-

2189 3691 2278 3728 ται
2295 3691 2307 3704 ·
2332 3675 2391 3726 Εἰ
2415 3673 2762 3740 ἀναγκάζετε
2785 3674 2932 3742 ἡμᾶς
2959 3673 3138 3724 εἰπεῖν
3159 3671 3252 3724 τὸν
3275 3672 3512 3743 Χριστὸν
3538 3673 3594 3724 ἐν
3617 3675 3767 3742 τρισὶ

2192 3767 2437 3835 φύσεσιν,
2478 3765 2674 3818 οὐκοῦν
2703 3765 2798 3818 καὶ
2849 3765 3011 3832 ὑμεῖς
3051 3765 3116 3818 ἐκ
3153 3764 3321 3834 τριῶν
3355 3765 3515 3820 αὑτὸν
3555 3765 3762 3832 λέγετε.

2189 3855 2390 3923 Λέγετε
2421 3855 2532 3925 γὰρ
2569 3855 2732 3908 αὑτὸν
2776 3853 2838 3918 ἐξ
2888 3855 3331 3925 ἁνθρωπότητος,
3366 3855 3765 3924 καὶδεότητοτ.

2189 3947 2299 4001 Καί
2332 3949 2447 4000 ἐστι
2481 3949 2580 4018 μὲν
2601 3948 2700 4018 τῆς
2730 3947 3152 4018 ἁνθρωπότητος
3177 3947 3272 4001 δύο
3295 3948 3507 4018 φύσεις,
3541 3950 3634 4002 καὶ
3663 3951 3772 4018 τῆς

2193 4037 2449 4109 θεότητος
2490 4038 2606 4108 μία.
2647 4039 2970 4107 Ἐπιστῆσαι
3007 4037 3146 4101 δέον,
3189 4039 3272 4092 ὅτι
3315 4043 3380 4109 τῇ
3435 4041 3531 4108 μὲν
3564 4041 3769 4110 συνόδῳ

2177 4127 2504 4194 συνάγεται,
2557 4127 2620 4182 τὸ
2654 4128 2834 4196 λέγειν
2873 4129 3024 4198 τρεῖς
3072 4129 3284 4196 φύσεις,
3322 4131 3504 4183 οὐκέτι
3545 4131 3604 4183 δὲ
3653 4136 3768 4194 τοῖς

2188 4217 2577 4282 Θεοδοσιανοῖς,
2611 4219 2675 4272 ἐκ
2705 4218 2898 4290 τριῶν.
2935 4219 3164 4273 Ἐκεῖνοι
3207 4220 3306 4288 μὲν
3337 4221 3444 4290 γὰρ
3469 4221 3528 4287 ἐξ
3551 4223 3764 4292 ἀνθρω-

2190 4309 2422 4378 πότητος
2456 4309 2550 4362 καὶ
2582 4310 3094 4381 θεότητοςΧριστὸν
3123 4313 3394 4378 λέγοντες,
3431 4313 3561 4382 μίαν
3603 4315 3767 4382 φύσιν

517 4380 798 4438 Christum
835 4401 904 4440 ex
953 4387 1295 4446 humanitate
1359 4391 1760 4466 divinitateque
1816 4408 2085 4465 constare,

2193 4399 2410 4468 λέγουσι
2446 4399 2542 4453 τοῦ
2591 4380 2904 4470 ἀνθρώπου,
2951 4403 3113 4472 ἡμεῖς
3173 4403 3230 4456 δὲ
3267 4403 3379 4457 δύο.
3429 4380 3772 4476 Ὥστε-ὑμῖν

520 4481 774 4530 naturam
802 4476 1044 4534 hominis
1075 4496 1238 4536 unam
1259 4482 1452 4538 dicunt
1486 4502 1498 4537 ε
1532 4501 1636 4540 nos
1664 4494 1870 4552 autem,
1903 4489 2040 4546 duas
2071 4509 2086 4558 ;

521 4581 634 4634 quo
664 4567 724 4622 ﬁt
761 4577 824 4624 ut
867 4586 930 4626 ex
979 4573 1233 4630 doctrina
1275 4585 1486 4642 nostra,
1527 4594 1636 4634 non
1668 4580 1906 4648 illorum,
1939 4583 2092 4638 colli-

519 4665 696 4724 gatur,
758 4667 870 4714 tres
948 4670 1176 4718 naturas
1245 4665 1376 4722 dici.
1407 4667 1518 4722 Nos
1589 4670 1736 4724 enim
1807 4671 1945 4727 duas
1991 4673 2090 4727 ho-

516 4744 685 4801 minis
737 4758 964 4802 naturas
1002 4751 1260 4817 dicimus,
1291 4764 1348 4808 et
1415 4771 1578 4810 unam
1636 4757 1936 4816 Sermonis.
1967 4762 2086 4816 Non

517 4845 701 4892 tamen
757 4840 864 4894 hoc
912 4842 1238 4910 simpliciter
1289 4845 1550 4911 dicimus,
1584 4849 1897 4906 sed'unam
1965 4869 2088 4909 esse

514 4933 768 4980 naturam
826 4915 1086 4992 homi'nis,
1114 4931 1252 4987 duas
1300 4933 1502 4989 Christi
1525 4911 1568 5001 ;’
1601 4945 1658 4991 et
1711 4937 1816 4993 hoc
1862 4943 2085 5008 quidem

515 5013 683 5078 unde,
717 5019 1179 5087 cognoscendum.
1205 5023 1484 5092 Principia
1511 5025 1758 5093 quadam
1811 5031 1982 5084 sacris
2033 5032 2086 5085 in

515 5101 743 5160 Litteris
777 5123 899 5162 esse
940 5111 1196 5176 dicimus,
1222 5128 1343 5182 quae
1398 5115 1543 5182 apud
1594 5132 1784 5173 omnes
1848 5120 1902 5174 in
1953 5137 2086 5177 con-

517 5194 664 5249 fesso
694 5197 826 5263 sint,
852 5215 1083 5270 quaeque
1105 5203 1316 5270 pariter
1333 5219 1364 5258 a
1384 5205 1546 5260 nobis
1571 5214 1627 5261 et
1657 5207 1791 5277 ipsis
1815 5212 2086 5282 recipian-

517 5294 626 5342 tur.
663 5287 742 5343 Λᾶ
775 5290 895 5345 haec
916 5299 1216 5363 utrumque
1247 5294 1443 5366 dogma
1473 5299 1876 5366 examinemus,
1909 5304 2086 5373 quod-

515 5394 623 5449 que
650 5381 937 5451 principiis
961 5385 1258 5440 convcnire
1277 5386 1826 5456 deprehenderimus.
1853 5393 1904 5448 id
1939 5405 2087 5450 recte

517 5480 895 5541 comparatum
927 5474 1137 5530 scilicet
1179 5477 1286 5532 erit
1321 5495 1333 5530 :
1367 5480 1512 5548 quod
1540 5481 1732 5536 iisdem
1773 5483 2088 5538 adversabi-

509 5573 630 5625 ‘tur,
659 5578 758 5618 ceu
801 5566 940 5620 male
961 5577 1338 5638 comparatum
1372 5570 1522 5639 rejici
1550 5571 1772 5635 debere,
1795 5575 2087 5631 manifesto

517 5663 685 5719 patet.
709 5655 806 5712 Est
835 5658 1000 5728 igitur
1025 5659 1075 5714 in
1102 5661 1376 5729 confesso,
1408 5663 1686 5718 Christum
1718 5665 1885 5722 fuisse
1912 5668 2082 5724 Deum

2145 4517 2154 4524 -
2193 4493 2485 4560 συνάγεται
2508 4492 2571 4546 τὸ
2600 4492 2782 4562 λέγειν
2813 4495 2962 4564 τρεῖς
2993 4493 3220 4562 φύσεις,
3253 4495 3353 4550 οὐκ
3383 4497 3631 4560 ἐκείνοις.
3662 4500 3768 4550 Δύο

2189 4583 2294 4652 γάρ
2326 4582 2556 4654 λέγομεν
2605 4583 2700 4638 τοῦ
2743 4585 3070 4657 ἀνθρώπου,
3099 4587 3194 4639 καὶ⁵
3243 4587 3372 4655 μίαν
3412 4589 3506 4641 τοῦ
3564 4591 3764 4656 Λόγου.

2203 4665 2420 4726 Ἀπλῶς
2457 4667 2515 4720 δὲ
2553 4669 2616 4721 οὐ
2657 4668 2913 4738 λέγομεν,
2942 4670 3058 4723 ἀλλ’
3085 4671 3169 4724 ὅτι
3205 4671 3304 4740 μία
3343 4672 3506 4741 φύσις
3530 4675 3647 4728 ἐστὶ
3671 4676 3766 4728 τ(ρῦ

2190 4757 2504 4824 ἀνθρώπου,
2528 4758 2622 4812 δύο
2649 4759 2706 4812 δὲ
2730 4761 2788 4813 αἱ
2819 4759 2912 4814 τοῦ
2943 4761 3181 4832 Χριστοῦ
3207 4777 3224 4792 ο
3251 4765 3346 4816 καὶ
3381 4763 3544 4816 πόθεν
3583 4765 3764 4825 τοῦτο.

2187 4851 2481 4914 γνωστέον.
2520 4851 2788 4920 Λέγομεν,
2823 4851 2907 4904 ὅτι
2943 4852 3079 4904 εἰσὶν
3138 4852 3302 4922 ἀρχαί
3336 4869 3481 4916 τινες
3512 4855 3663 4926 παρά
3699 4859 3766 4925 τῇ

2188 4941 2319 5010 ἁγίᾳ
2359 4942 2551 5011 Γραφῇ
2579 4983 2593 5006 ,
2640 4941 2794 5012 παρά
2835 4943 3002 4997 πᾶσιν
3043 4942 3506 5015 ὁμολογούμεναι,
3557 4945 3625 5010 ἃς
3673 4949 3768 5000 καὶ

2187 5032 2348 5102 ἡμεῖς
2393 5035 2490 5086 καὶ
2535 5033 2691 5086 αὐτοὶ
2753 5033 3050 5104 δεχόμεθα.
3095 5035 3472 5104 Ἑξετάσωμεν
3523 5033 3618 5090 οὖν
3671 5040 3762 5090 ἐπὶ

2188 5123 2414 5188 ταύταις
2450 5123 2714 5195 ἑκάτερον
2743 5124 2920 5194 δόγμα
2940 5165 2956 5188 ,
2987 5125 3083 5180 καὶ
3113 5125 3143 5178 ὃ
3163 5125 3218 5178 δ’
3245 5127 3311 5180 ἂν
3337 5127 3587 5198 εὕρωμεν
3630 5146 3768 5198 συμ-

2189 5212 2402 5282 φωνοῦν
2453 5218 2574 5280 ταῖς
2611 5218 2834 5288 ἀρχαῖς,
2889 5217 3066 5270 ἐκεῖνο
3109 5216 3352 5285 δηλονότι
3403 5219 3582 5284 καλῶς
3627 5220 3766 5290 ἔχει.

2189 5305 2262 5359 Τὸ
2293 5305 2350 5358 δὲ
2381 5307 2816 5376 ἐναντιούμενον,
2844 5309 3019 5362 ἐκεῖνο
3047 5308 3122 5371 ὡς
3153 5309 3338 5372 κακῶς
3354 5310 3478 5380 ἔχον
3503 5312 3772 5381 πρόδηλον

2189 5395 2264 5458 ὡς
2303 5397 2384 5449 δεῖ
2415 5396 2838 5451 ἀποϐάλλεσθαι.
2884 5397 3245 5469 Ὠμολὸγηται
3269 5400 3470 5458 τοίνυν.
3496 5401 3578 5453 ὅτι
3608 5403 3774 5464 am;

2187 5481 2256 5557 ἦν
2283 5485 2416 5549 Θεὸς
2447 5488 2543 5540 καὶ
2565 5486 2875 5558 ἄνθρωπος,
2919 5488 3013 5542 καὶ
3037 5489 3120 5543 ὅτι
3153 5490 3319 5550 αὐτὸς
3351 5491 3554 5561 κυρίως
3609 5491 3766 5554 Θεὸς,

2189 5579 2284 5632 καὶ
2313 5577 2518 5648 κυρίως
2562 5579 2886 5648 ἄνθρωπος·
2937 5578 3030 5634 καὶ
3075 5583 3157 5634 ὅτι
3209 5583 3372 5644 αὐτὸς
3407 5581 3565 5651 φύσει
3609 5582 3768 5644 Θεὸς,

2189 5671 2286 5726 καὶ
2335 5668 2499 5739 φύσει
2545 5669 2864 5742 ἄνθρωπος·
2905 5673 2998 5726 καὶ
3037 5673 3119 5726 ὅτι
3152 5674 3312 5738 αὐτὸς
3365 5672 3652 5744 ὀμοούσιος
3689 5672 3770 5742 τῷ
