3934 6156
171 253 340 321 1149

169 369 402 440 Ilatpi.
439 367 535 422 καὶ
575 366 859 438 ὁμοούσιος
887 367 1050 437 ἡμῖν’
1102 368 1194 420 καὶ
1230 369 1308 420 ὅτι
1351 371 1512 431 αὐτος

172 458 366 526 ἁγίας
393 457 643 528 Τριάδος,
680 457 773 509 καὶ
803 451 879 519 εἷς
911 457 969 519 ἐξ
1003 455 1156 526 ἡμῶν
1176 473 1190 488 ⁸
1229 460 1322 510 καὶ
1341 459 1420 510 ὅτι
1444 458 1574 520 Θεὸς
1598 459 1770 524 Λόγος

171 552 437 619 ἠξίωσεν
457 550 743 621 ἅνθρωπος
763 549 1048 616 γενέσθαι·
1081 557 1171 602 καὶ
1190 550 1325 604 ἄλλα
1354 550 1524 605 πολλὰ
1547 551 1769 604 τοιαῦτα

175 643 513 712 εὑρήσομεν
551 643 608 693 ὲν
632 643 695 710 τῇ
729 639 1087 708 ἀγίᾳΓραφῇ.

1577 364 1602 382 ‘r

1387 259 1488 324 DE
1531 262 1806 322 SECTIS.
1835 288 1905 298 -··
1943 263 2102 326 ACT.
2141 267 2274 328 VII.

3307 271 3451 337 1253

1549 369 1626 426 εἷς
1665 369 1764 437 τῆς
1795 377 1836 429 Α
1863 379 1917 423 et
1948 371 2260 438 hominem;
2289 373 2510 441 proprie
2557 375 2730 453 Deum
2781 377 3060 442 eumdem,
3119 386 3174 434 et
3228 396 3450 452 proprie

1880 463 2198 532 hominem;
2228 475 2421 519 natura
2460 466 2626 522 Deum
2651 467 2927 532 eumdem,
2961 479 3017 522 et
3041 481 3234 525 natura
3268 473 3449 528 homi—

1876 569 2000 608 nem
2025 573 2042 608 ι
2061 558 2227 611 unius
2243 560 2496 613 eumdem
2524 574 2646 612 cum
2673 560 2836 613 Patre
2859 569 3090 624 naturae,
3115 573 3172 618 ct
3198 566 3448 634 ejusdem

1875 653 2086 699 natura:
2121 647 2408 701 nobiscum
2449 667 2464 702 :
2519 666 2688 716 unum
2739 651 2806 706 de
2839 661 3026 706 sancta
3053 654 3344 716 Trinitate,
3383 673 3449 711 ac

176 749 373 788 unum
422 735 490 788 de
521 733 682 788 nobis
714 747 726 783 :
764 731 1020 800 quodque
1046 731 1190 786 Deus
1217 730 1410 786 Sermo
1439 732 1696 803 dignatus
1728 735 1802 790 sit
1825 735 1995 790 homo
2013 737 2134 792 ﬁeri
2160 757 2178 792 ι
2219 741 2326 794 alia
2377 740 2615 810 denique
2646 743 2803 810 plura
2839 744 2968 797 talia
3029 745 3204 799 sacris
3238 747 3294 800 iu
3333 747 3448 800 Lit-

177 832 333 886 teris
365 828 721 900 reperiemus.

274 920 656 989 Ἐξετάσωμεν
703 914 794 972 οὖν
837 919 930 972 ἐπὶ
983 920 1208 984 ταύταις
1259 920 1519 990 ἑκάτερον
1574 921 1773 990 δόγμα,

175 1016 286 1066 καὶ
324 1015 540 1083 πρῶτον
571 1014 662 1066 ἐπὶ
693 1014 790 1083 τῆς
827 1012 954 1080 μιᾶς
983 1011 1222 1080 φύσεως,
1247 1014 1347 1066 καὶ
1379 1015 1431 1064 εἰ
1467 1013 1564 1082 μὲν
1596 1013 1777 1076 καλῶς

173 1105 305 1176 ἔχῃ,
354 1103 632 1175 δεξώμεθα
657 1119 673 1136 ο
709 1105 758 1158 εἰ
801 1103 860 1156 δὲ.
901 1103 1107 1167 κακῶς,
1151 1103 1573 1172 ἀποϐαλώμεθα.
1614 1105 1776 1156 Ὑπο-

174 1197 499 1250 κεξσθωσαν
523 1192 616 1249 οῦν
643 1196 772 1265 τρία
799 1195 941 1259 τινὰ,
982 1195 1150 1266 ψυχαὶ
1181 1195 1391 1258 ἁπλῶς,
1422 1197 1516 1250 καὶ
1540 1197 1769 1264 σώματα

171 1287 402 1348 ἁπλῶς,
437 1288 528 1340 καὶ
559 1286 834 1356 ἄνθρωποι
867 1286 1320 1350 ἀποτελεσθέντες
1339 1303 1354 1318 ·
1387 1286 1644 1348 λαϐόντες
1673 1283 1764 1339 οῦν

175 1383 355 1448 ἧμεῖς
382 1382 444 1432 ὲκ
480 1381 685 1432 τούτων
717 1378 843 1448 μίαν
869 1379 1080 1449 ψυχὴν,
1124 1381 1222 1432 καὶ
1246 1377 1304 1432 ἓν
1347 1379 1526 1450 σῶμα,
1568 1381 1766 1432 ἀποτε-

173 1470 440 1538 λὲσωμεν
476 1471 566 1521 τόν
599 1487 722 1522 τινα
761 1469 1068 1541 ἄνθρωπον,
1095 1470 1256 1538 τυχὸν
1285 1470 1375 1522 τὸν
1401 1471 1622 1540 Πέτρον.
1657 1471 1766 1524 Καὶ

173 1561 296 1614 οὐδ’
330 1561 396 1615 ἂν
428 1561 678 1632 εὑρεθείη
717 1561 857 1630 ἔχων
902 1562 1002 1632 τὴν
1043 1561 1204 1630 φύσιν
1238 1563 1484 1623 ἐκείνων,
1521 1563 1762 1633 δηλονότι

174 1652 477 1721 ὁμοοὺσιόν
499 1655 647 1705 ἐστιν
674 1651 1000 1722 ἀνθρώποις.
1044 1653 1101 1706 '0
1131 1654 1310 1706 τοίνυν
1335 1654 1538 1724 Πέτρος
1567 1655 1764 1721 ἀποτε-

1949 917 2082 972 \’lll.
2109 918 2500 972 Examinemus
2521 919 2688 988 igitur
2707 919 2776 972 ad
2810 920 2912 973 ista
2937 921 3206 990 principia
3238 931 3449 978 utrum-

1868 1024 1980 1078 que
2014 1009 2230 1078 dogma,
2271 1016 2326 1063 et
2360 1011 2598 1078 primum
2623 1013 2761 1063 adeo
2792 1010 2860 1064 de
2897 1027 3004 1064 una
3031 1022 3227 1066 natura
3259 1015 3445 1083 ;quod

1870 1100 1916 1154 si
1946 1101 2086 1154 belle
2113 1101 2360 1161 habebit.
2382 1101 2832 1170 .acceptabimus:
2863 1103 2947 1155 sin
2983 1112 3190 1168 autem,
3234 1107 3448 1175 rejit-ie-

1869 1207 2008 1246 mus.
2047 1191 2172 1247 Sint
2211 1193 2378 1264 igitur
2431 1195 2536 1246 tria
2582 1193 2828 1262 quaedam
2886 1194 3086 1262 posita,
3120 1196 3446 1264 simpliciter

1863 1285 2090 1342 anima).
2127 1294 2183 1338 et
2215 1299 2453 1353 corpora
2493 1285 2836 1353 simpliciter,
2873 1293 2929 1339 et
2955 1285 3207 1341 homines
3233 1288 3446 1341 absolu-

1865 1375 1904 1428 ti
1929 1392 2172 1445 :uosque
2193 1386 2408 1445 sumpta
2440 1377 2508 1431 de
2531 1377 2616 1431 bis
2639 1377 2821 1430 anima
2849 1393 2955 1432 una
2977 1386 3029 1432 et
3053 1395 3166 1432 uno
3186 1394 3442 1448 corpore,

1863 1468 2156 1536 quemdam
2208 1467 2489 1521 hominem
2537 1467 2874 1532 ciiiciamus,
2911 1479 3044 1536 puta
3095 1469 3341 1524 Petrum.
3395 1471 3446 1525 Is

1861 1574 2016 1624 vero,
2046 1558 2263 1614 tametsi
2323 1567 2577 1613 naturam
2624 1574 2818 1612 eorum
2868 1559 3077 1614 habere
3128 1562 3443 1631 deprehen-

1863 1647 2046 1714 datur,
2083 1649 2331 1718 ejusdem
2386 1659 2566 1704 tamen
2603 1649 2924 1704 substantia:
2975 1666 3101 1706 cum
3125 1651 3443 1719 hominibus

169 1743 424 1807 λεσθεὶς,
460 1745 582 1797 οὑδὲ
601 1747 723 1808 ταῖς
759 1745 958 1815 ψυχαῖς
990 1746 1136 1798 ἐστιν
1163 1745 1470 1814 ὁμοοὺσιος,
1501 1745 1617 1798 οὑδὲ
1650 1747 1751 1808 τοῖς

1860 1755 1972 1794 non
1989 1740 2118 1794 erit.
2138 1741 2330 1795 Petrus
2343 1742 2490 1794 enim
2509 1741 2811 1804 absolutus,
2835 1759 2933 1820 nec
2945 1743 3189 1812 ejusdem
3206 1754 3289 1798 est
3315 1762 3441 1800 cum

179 1835 461 1905 σώμασιψ
490 1838 608 1890 οὑδὲ
633 1838 835 1908 κυρῖως
860 1837 1026 1907 ψυχὴ,
1044 1838 1164 1890 οὑδὲ
1193 1837 1394 1907 κυρίως
1424 1837 1604 1906 σῶμα.
1630 1838 1764 1890 Οὐδὲ

179 1925 300 1993 γὰρ
333 1925 392 1978 ὃν
423 1925 490 1979 ἂν
515 1925 673 1992 ὶόπίον
710 1926 894 1996 ἀποδῴ
919 1943 1000 1990 τις
1026 1927 1125 1996 τῆς
1161 1925 1337 1996 ψυχῆς
1356 1967 1371 1989 ,
1401 1926 1432 1994 ἢ
1465 1925 1558 1981 τοῦ
1585 1925 1768 1996 σώμα-

179 2029 298 2076 τος,
342 2015 432 2068 τὸν
464 2017 626 2068 αὑτὸν
667 2016 960 2069 ἀποδίδωσι
1003 2017 1215 2086 Πέτρου
1245 2033 1258 2047 ·
1302 2014 1436 2068 ἀλλὰ
1472 2016 1576 2068 τίνι
1621 2018 1766 2070 ἐστὶν

179 2103 474 2172 ὁμοούσιος
518 2107 630 2182 τοῖς
679 2104 990 2174 ἀνθρώποις
1063 2105 1306 2174 (ἐκείνων
1357 2104 1466 2176 γὰρ
1505 2105 1766 2174 τδνδρον

172 2195 538 2266 ἐπιδέχεται),
571 2197 663 2250 καὶ
711 2196 838 2250 ἄλλο
874 2198 930 2249 τί
981 2199 1095 2249 ἐστι
1129 2196 1278 2265 παρὰ
1308 2196 1406 2266 τὴν
1439 2196 1640 2266 ψυχὴν,
1674 2197 1766 2252 καὶ

179 2287 244 2341 τὸ
278 2289 458 2358 σῶμα.
498 2290 780 2359 Ἕλθωμεν
811 2289 909 2356 ἐπὶ
938 2287 1034 2340 τοῦ
1069 2285 1341 2356 Χριστοῦ·
1375 2285 1632 2354 ἀναλογεῖ
1655 2287 1763 2360 γὰρ

181 2381 320 2450 παρ’
351 2383 532 2444 αὑτοῖς
555 2385 588 2452 ἡ
623 2383 722 2450 μὲν
755 2381 948 2449 θεότης
973 2383 1038 2450 τῇ
1067 2379 1234 2449 ψυχῇ,
1261 2381 1292 2448 ἡ
1320 2378 1374 2430 δὲ
1403 2377 1762 2448 ἀνθρωπότης

179 2474 260 2544 τῷ
299 2474 535 2544 σώματι.
587 2475 795 2526 Οὐκοῦν
841 2477 869 2526 ὀ
917 2472 1154 2543 Χριστὸς
1199 2469 1320 2523 οὐδὲ
1361 2469 1646 2538 ὁμοοὺσιος
1683 2468 1762 2538 τῷ

181 2569 379 2638 Πατρὶ,
406 2566 530 2619 οὑδὲ
573 2565 860 2634 ὁμοοὺσιος
900 2567 1056 2634 ἡμῖν·
1103 2561 1296 2632 ὥσπερ
1347 2557 1440 2614 οὖν
1471 2561 1563 2614 καὶ
1593 2563 1621 2611 ὁ
1653 2559 1754 2612 Πέ-

179 2678 310 2730 τρος
353 2661 472 2714 οὐδὲ
514 2659 799 2730 ὁμοοὺσιός
837 2662 953 2712 ἐστι
1005 2659 1070 2728 τῇ
1112 2657 1278 2726 ψυχῇ,
1311 2655 1432 2708 οὑδὲ
1471 2653 1756 2724 ὀμοοὺσιος

180 2747 262 2814 τῷ
286 2747 520 2816 σώματι.
549 2746 759 2799 Οὐκοῦν
788 2746 882 2799 καὶ
911 2747 939 2798 ὁ
964 2745 1194 2816 Χριστὸς
1222 2743 1343 2796 οὐδὲ
1375 2742 1579 2813 κυρίως
1601 2742 1754 2805 Θεὸς,

180 2839 303 2890 οὑδὲ
340 2840 540 2908 κυρέως
573 2839 890 2908 ἄνθρωπος’
923 2839 1045 2891 οὑδὲ
1079 2835 1244 2904 φύσει.
1267 2836 1418 2896 Θεὸς,
1453 2834 1572 2887 οὐδὲ
1596 2833 1755 2902 φύσει

181 2929 467 3000 ἄνθρωπος
489 2946 503 2963 ο
542 2929 664 2983 οὔτε
691 2925 772 2993 εἷς
806 2931 901 2998 τῆς
947 2929 1106 2994 ἁγίας
1135 2927 1386 2996 Τριάδος,
1425 2925 1551 2978 οὑτε
1586 2921 1666 2989 εἷς
1695 2927 1754 2990 ἐξ

180 3021 338 3090 ἡμῶν
363 3036 375 3050 '
426 3020 614 3089 ὥσπερ
647 3017 740 3072 οὖν
783 3021 877 3072 καὶ
907 3021 934 3071 ὁ
972 3019 1176 3088 Πέτρος
1211 3017 1332 3069 οὐδὲ
1368 3010 1450 3077 εἷς
1480 3017 1597 3068 ἐστι
1644 3015 1753 3068 τῶν

178 3113 384 3182 ψυχῶν,
419 3113 539 3166 οὑδὲ
567 3107 650 3174 εἷς
680 3113 785 3163 τῶν
813 3111 1098 3178 σωμάτιον.
1131 3107 1210 3160 Τὰ
1229 3108 1283 3160 δὲ
1315 3105 1541 3158 τοιαῦτα
1572 3105 1749 3174 λέγειν

183 3207 277 3260 ἐπὶ
304 3205 396 3258 τοῦ
429 3201 690 3274 Χριστοῦ,
724 3201 932 3252 ἀνελεῖν
968 3201 1113 3251 ἐστιν
1143 3197 1208 3260 ἃς
1241 3197 1436 3266 ἔχομεν
1465 3195 1752 3266 ὡμολογη-

187 3298 350 3366 μένας
378 3297 572 3364 ἁρχὰς,
614 3295 751 3362 ὅπερ
776 3293 992 3346 ἄτοπον.
1027 3291 1088 3343 Ei
1121 3289 1177 3340 δὲ
1206 3289 1298 3341 δύο
1321 3289 1513 3366 φύσεις
1535 3286 1750 3338 ὑποθώ-

189 3386 326 3453 μεθα
362 3384 507 3454 ἔχειν
535 3383 626 3436 τὸν
670 3382 926 3453 Χριστὸν,
974 3379 1122 3432 οὐδὲν
1163 3378 1371 3431 τούτων
1411 3377 1750 3448 ἅναιροῦμεν

183 3474 291 3525 τῶν
331 3473 533 3542 ἀρχῶν,
567 3471 702 3524 ἀλλὰ
742 3471 921 3523 πάντα
956 3467 1353 3540 συμφωνοῦντα
1393 3467 1744 3537 εὑρίσκομεν.

198 3562 256 3616 Ὀ
293 3563 453 3626 αὑτὸς
487 3562 593 3632 γὰρ
621 3563 714 3614 καὶ
740 3561 870 3623 Θεός
913 3561 1048 3621 ἐστι,
1097 3561 1190 3612 καὶ
1220 3559 1504 3629 ἄνθρωπος
1529 3575 1542 3589 ·
1596 3560 1688 3611 καὶ
1719 3559 1748 3611 ὁ

185 3654 344 3718 αὑτὸς
369 3653 650 3722 ὀμοοὺσιος
673 3653 748 3723 τῷ
776 3653 981 3721 Πατρὶ,
1013 3654 1106 3704 καὶ
1145 3651 1424 3720 ὀμοοὺσιος
1460 3652 1590 3720 ἡμῖν
1609 3667 1622 3681 ⁸
1654 3650 1747 3704 καὶ

184 3731 384 3815 κυρίώς
411 3745 562 3810 Θεὶς,
599 3745 690 3797 καὶ
728 3745 930 3814 κυρῖως
953 3743 1256 3812 ἄνθρωπος,
1282 3743 1375 3795 καὶ
1409 3741 1566 3812 φύσει
1594 3741 1744 3807 Θεὸς,

188 3835 281 3888 καὶ
309 3834 466 3904 φύσει
495 3834 805 3904 ἄνθρωπος’
833 3835 926 3885 καὶ
953 3828 1032 3896 εἷς
1061 3835 1158 3902 τῆς
1187 3834 1346 3900 ἁγίας
1373 3833 1622 3902 Τριὰδος,
1653 3834 1746 3886 καὶ

185 3924 263 3988 εἷς
306 3927 362 3991 ἐξ
417 3926 594 3996 ἡμῶν.
648 3926 711 3977 ἸΙ
749 3925 886 3994 αὑτὴ
939 3923 1047 3996 γὰρ
1085 3925 1375 3987 ὑπόστασις
1416 3925 1541 3986 τοὺς
1589 3925 1744 3993 ὅρους

181 4015 286 4070 τῶν
335 4016 425 4069 δύο
479 4017 693 4086 φύσεων
741 4016 1078 4085 ἐπιδέχεται·
1138 4015 1232 4067 καὶ
1275 4014 1334 4067 ὃν
1383 4013 1427 4066 δ’
1479 4014 1544 4066 ἂν
1587 4013 1743 4081 λόγον

183 4105 361 4179 ἀποδῷ
395 4125 478 4170 τις
502 4107 603 4176 τῆς
631 4107 884 4175 θεότητος
907 4144 920 4168 ,
946 4105 1036 4157 τὸν
1068 4105 1229 4158 αὑτὸν
1254 4103 1497 4174 εὑρίσκει
1527 4104 1620 4156 καὶ
1651 4102 1742 4157 ἐπὶ

182 4197 271 4250 τοῦ
295 4199 530 4268 Χριστοῦ
549 4217 560 4230 ·
589 4199 680 4252 καὶ
705 4199 764 4252 ὃν
789 4198 833 4250 δ’
862 4197 928 4250 ἂν
951 4195 1133 4268 ἁποδῷ
1161 4196 1257 4264 τῆς
1288 4194 1702 4266 ἀνθρωπότητος
1722 4235 1736 4256 ,

183 4287 268 4338 τὸν
294 4286 451 4340 αὑτὸν
487 4287 728 4356 εὑρίσκει
763 4287 855 4338 καὶ
884 4287 978 4336 ἐπὶ
1013 4287 1112 4354 τῆς
1153 4283 1338 4346 οὐσίας
1367 4283 1462 4336 τοῦ
1501 4281 1737 4354 Χριστοῦ

1778 3049 1821 3106 C

1871 1833 2071 1895 animis
2096 1843 2327 1896 naturae,
2347 1849 2456 1888 nec
2493 1834 2742 1903 ejusdem
2777 1850 2902 1888 cum
2943 1837 3268 1904 corporibus
3296 1855 3308 1889 :
3337 1855 3441 1892 nec

1867 1924 2049 1977 anima
2107 1925 2352 1993 proprie,
2401 1940 2504 1978 nec
2562 1925 2788 1994 proprie
2831 1942 3052 1996 corpus.
3111 1928 3230 1982 Non
3290 1930 3439 1984 enim

1862 2028 1986 2081 qua:
2029 2015 2276 2082 corporis
2305 2023 2400 2069 aut
2439 2017 2636 2070 animm
2665 2017 2803 2070 tradi
2829 2018 3076 2072 deﬁnitio
3101 2027 3280 2088 potest
3305 2037 3319 2084 ;
3349 2037 3442 2076 ea-

1865 2104 1987 2157 dem
2017 2111 2072 2158 et
2095 2105 2241 2159 Petri
2269 2106 2499 2160 traditur
2525 2125 2538 2160 :
2566 2110 2658 2162 sed
2684 2109 2871 2178 aliquo
2901 2119 3060 2163 tenus
3085 2111 3329 2179 ejusdem
3354 2121 3440 2166 est

1865 2196 2187 2251 substantim
2213 2213 2337 2252 cum
2363 2198 2686 2254 hominibus
2721 2201 2868 2272 (nam
2905 2202 3124 2256 illorum
3163 2201 3440 2258 deﬁnitio-

1863 2301 1990 2340 nem
2018 2303 2239 2358 quoque
2261 2290 2502 2360 recipit),
2528 2298 2584 2344 et
2606 2290 2886 2344 diversum
2933 2291 3194 2358 quiddam
3220 2303 3302 2348 est
3328 2302 3438 2347 tam

1861 2377 1930 2430 ab
1957 2377 2138 2432 anima
2171 2395 2335 2448 quam
2367 2396 2619 2450 corpore.
2657 2382 2814 2436 Nunc
2835 2382 2899 2434 ad
2927 2381 3210 2436 Christum
3245 2385 3438 2438 venia-

1862 2483 1984 2522 mus
2013 2487 2027 2522 :
2055 2471 2259 2540 quippe
2283 2473 2580 2542 respondet
2598 2474 2740 2542 apud
2761 2475 2910 2543 ipsos
2930 2474 3192 2529 divinitas
3217 2477 3434 2541 animm,

1860 2556 2172 2614 humanitas
2194 2561 2434 2628 corpori.
2466 2560 2720 2616 Christus
2747 2576 2878 2631 ergo
2903 2577 3006 2615 nec
3033 2563 3280 2632 ejusdem
3309 2579 3433 2618 cum

1857 2645 2038 2708 Patre,
2064 2663 2168 2702 nec
2189 2649 2433 2717 ejusdem
2463 2649 2750 2703 nobiscum
2771 2657 2856 2702 cst
2872 2649 3195 2704 substantiae
3212 2667 3224 2703 :
3243 2667 3438 2721 quem-

1856 2737 2152 2802 admodum
2196 2748 2252 2794 et
2298 2741 2493 2794 Petrus
2525 2756 2626 2795 nec
2663 2741 2911 2810 ejusdem
2942 2751 3028 2796 est
3075 2759 3201 2797 eum
3229 2745 3432 2811 anima,

1855 2845 1958 2884 nec
1987 2832 2229 2901 ejusdem
2257 2847 2380 2886 cum
2409 2847 2641 2902 corpore
2673 2833 3016 2888 substantiae.
3059 2834 3434 2901 Quamobrem

1852 2929 1908 2974 et
1929 2921 2184 2977 Christus
2206 2939 2307 2978 nec
2329 2924 2547 2993 proprie
2571 2925 2713 2979 Deus
2738 2932 2842 2988 est,
2862 2941 2964 2980 nec
2987 2927 3210 2996 proprie
3231 2928 3395 2984 homo
3417 2947 3432 2995 ;

1853 3025 1958 3064 nec
1987 3011 2132 3066 Deus
2169 3021 2391 3074 natura,
2418 3028 2522 3068 nec
2542 3023 2736 3067 natura
2773 3015 2936 3068 homo
2962 3033 2974 3080 ;
3003 3031 3107 3070 nec
3143 3034 3284 3072 unus
3306 3035 3436 3072 san-

1854 3111 1956 3154 ctae
1977 3101 2286 3167 Trinitatis,
2307 3118 2411 3157 nec
2443 3119 2586 3157 unus
2615 3119 2682 3158 ex
2721 3105 2885 3158 nobis
2914 3123 2926 3157 :
2964 3107 3108 3160 sicut
3139 3116 3193 3160 et
3239 3109 3436 3163 Petrus

1851 3205 1956 3244 nec
1976 3207 2120 3244 unus
2139 3207 2205 3245 ex
2241 3192 2440 3246 animis
2469 3201 2576 3255 est,
2603 3208 2706 3246 nec
2736 3209 2880 3248 unus
2912 3211 2976 3247 ex
3003 3197 3437 3264 corporibus.At

1852 3281 2168 3351 hujusmodi
2206 3282 2277 3335 de
2306 3281 2529 3337 Christo
2550 3282 2753 3346 dicere,
2783 3284 2920 3336 nihil
2953 3293 3037 3338 est
3071 3284 3224 3338 aliud
3265 3301 3431 3354 quam

1853 3371 2162 3426 indubitata
2187 3372 2454 3442 principia
2472 3388 2593 3442 quae
2613 3373 2898 3435 habemus,
2915 3375 3262 3447 subveyere;
3284 3377 3432 3444 quod

1849 3462 2151 3517 absurdum
2176 3463 2362 3516 fuerit.
2394 3463 2610 3518 Atvero
2627 3464 2671 3518 si
2715 3464 2996 3520 Christum
3042 3467 3182 3520 duas
3224 3468 3432 3524 habere

1847 3565 2074 3610 naturas
2099 3555 2374 3620 dabimus,
2395 3557 2607 3610 nullum
2629 3573 2697 3611 ex
2725 3558 2876 3612 hisce
2901 3559 3188 3628 principiis
3219 3563 3428 3615 everti-

1847 3661 1990 3717 mus,
2007 3645 2103 3700 sed
2123 3647 2305 3700 omnia
2326 3649 2682 3701 consonantia
2706 3649 3032 3717 reperimus.
3052 3649 3200 3704 Idem
3213 3651 3360 3705 enim
3375 3664 3431 3706 et

1846 3737 1990 3793 Deus
2007 3747 2178 3800 es:,et
2201 3739 2399 3792 homo:
2421 3739 2561 3793 idem
2584 3740 2828 3810 ejusdem
2851 3755 2974 3795 eum
2995 3742 3155 3795 Patre
3175 3743 3430 3796 substan-

1847 3829 1954 3893 tite,
1972 3839 2026 3884 et
2039 3829 2282 3899 ejusdem
2295 3830 2616 3884 substantiae
2630 3831 2914 3885 nobiscum
2931 3850 2944 3885 :
2962 3833 3180 3901 proprie
3192 3833 3358 3896 Deus,
3371 3845 3429 3888 et

1853 3918 2076 3987 proprie
2110 3917 2274 3972 homo
2299 3937 2311 3972 :
2337 3927 2535 3973 natura
2567 3919 2810 3984 Deus,et
2837 3929 3033 3974 natura
3055 3921 3254 3974 homo:
3284 3938 3428 3975 unus

1844 4015 2044 4063 sanctae
2063 4008 2370 4074 Trinitatis,
2392 4017 2450 4064 et
2469 4025 2614 4066 unus
2639 4026 2706 4064 ex
2743 4011 2921 4066 nobis.
2956 4011 3090 4066 Nam
3115 4012 3306 4066 eadem
3331 4013 3428 4082 hy-

1841 4101 2074 4170 postasis
2095 4102 2328 4157 duarum
2371 4111 2692 4157 naturarum
2733 4103 3084 4159 deﬁnitiones
3107 4105 3303 4174 recipit
3329 4123 3340 4158 :
3367 4116 3425 4159 et

1839 4191 2209 4262 quodcunque
2230 4193 2297 4247 de
2327 4193 2616 4248 divinitate
2637 4194 2761 4263 quis
2785 4195 3099 4262 prbtulerit,
3119 4195 3263 4248 idem
3291 4205 3346 4248 et
3368 4195 3423 4248 in

1839 4282 2062 4338 Christo
2099 4285 2310 4338 invenit
2339 4301 2353 4338 :
2379 4299 2444 4340 ac
2485 4285 2726 4338 vicissim
2753 4285 3020 4354 quidquid
3065 4285 3134 4340 de
3171 4285 3424 4340 humani-

186 4379 298 4430 κατ’
329 4378 387 4429 οὑ
401 4379 513 4431 τίαν
539 4378 880 4447 ἁρμόζοντα·
915 4377 1054 4430 ὥστε
1090 4374 1148 4439 ἐξ
1176 4375 1418 4446 ἀνάγκης
1439 4374 1532 4428 δύο
1553 4375 1742 4445 φύσεις

1855 4383 1961 4430 tate
1995 4375 2216 4438 dixerit,
2254 4375 2400 4428 idem
2430 4374 2559 4428 etin
2582 4375 2891 4430 substantia
2937 4375 3140 4430 Christi
3187 4377 3419 4439 invenit,

187 4463 318 4522 εἶναι
345 4467 444 4537 τῆς
470 4471 599 4537 μιᾶς
633 4469 980 4531 ὑποστάσεως
1008 4467 1098 4520 τοῦ
1133 4465 1388 4538 Χριστοῦ.

263 4643 550 4714 ’Δποροῦσι
583 4643 660 4706 δὲ,
703 4643 950 4710 λέγοντες
979 4660 993 4676 ο
1029 4643 1142 4698 Καὶ
1165 4643 1283 4705 πῶς
1326 4642 1420 4696 ἐπὶ
1465 4641 1585 4705 ἑνδς
1616 4641 1739 4694 ἀτό-

189 4751 282 4803 μου
321 4733 414 4786 δὺο
451 4734 600 4787 ἐστιν
628 4735 838 4804 εὑρεῖν;
879 4733 1024 4798 Πῶς,
1065 4733 1396 4803 ὲπιλυὸμεθα
1439 4732 1514 4802 τῷ
1557 4749 1737 4803 παρα-

185 4823 326 4893 δόξῳ.
369 4823 490 4876 Ὅτι
538 4823 598 4876 οὑ
638 4823 700 4877 τὸ
747 4823 1030 4892 γεγονέναι
1071 4839 1124 4876 τι
1178 4821 1481 4892 παράδοξον
1514 4822 1606 4876 ἐπὶ
1641 4822 1737 4876 τοῦ

185 4913 432 4986 Χριστοῦ,
469 4914 668 4968 ἄτοπον
691 4929 704 4944 ·
739 4911 875 4965 ἀλλὰ
913 4913 976 4966 τὸ
1009 4911 1300 4982 ψεύδεσθαι
1345 4913 1442 4967 καὶ
1481 4915 1599 4976 ταῖς
1633 4914 1735 4985 ἀρ-

185 5007 294 5074 χαῖς
322 5001 716 5068 ἐναντιοῦσθαι,
767 5000 928 5054 τοῦτο
969 5002 1168 5056 ἄτοπόν
1202 5005 1369 5057 ἐστιν.
1413 5002 1610 5056 ’ἰστέον
1653 5001 1732 5068 δὲ,

185 5095 256 5146 ὅτι
279 5097 385 5156 τοῖς
437 5093 568 5163 μίαν
614 5091 775 5160 φύσιν
827 5090 1141 5155 δοξάζουσιν
1193 5093 1286 5146 ἐπὶ
1341 5091 1623 5162 Χριστοῦ,
1677 5089 1737 5156 ἐξ

160 5187 408 5254 ,ἀνάγκης
459 5184 773 5252 συνάγεται.
825 5184 858 5255 ἢ
897 5183 993 5235 630
1043 5183 1372 5246 ὑποστάσεις
1413 5185 1587 5237 εἰπεῖν
1634 5183 1736 5251 τῆς

185 5279 437 5345 θεότητος,
477 5275 509 5346 ἢ
558 5275 854 5344 τέσσαρας,
903 5272 1090 5326 οὑκέτι
1134 5273 1191 5326 δὲ
1242 5275 1414 5341 τρεῖς,
1467 5273 1543 5334 ὡς
1583 5273 1734 5342 παρὰ

184 5369 330 5421 πᾶσιν
349 5365 712 5436 ὡμολόγηται.
740 5365 802 5416 ΕΙ.
827 5365 932 5434 γὰρ
959 5364 1087 5433 μίαν
1133 5361 1292 5430 φύσιν
1325 5360 1574 5428 λέγουσιν
1601 5364 1733 5432 ἡμῖν

185 5458 266 5512 ἰπὶ
302 5455 532 5526 Χριστοῦ
557 5497 571 5522 ,
611 5453 718 5508 ποῦ
763 5454 1092 5525 παρέχουσιν
1123 5454 1252 5522 ἡμῖν
1279 5452 1376 5515 τὰς
1416 5454 1564 5520 τρεῖς
1603 5453 1743 5528 ὑποτ

189 5547 386 5612 στάσεις
416 5547 514 5617 τῆς
537 5545 836 5616 Θεότητος;
881 5544 1121 5614 Ἐχομεν
1162 5544 1272 5612 γὰρ
1311 5543 1440 5612 μίαν
1480 5542 1573 5595 τοῦ
1617 5543 1729 5596 Πα-

184 5639 316 5712 τρὺς,
339 5637 434 5691 καὶ
477 5636 606 5708 μίαν
633 5637 727 5690 τοῦ
759 5636 915 5705 ἁγίου
974 5634 1288 5719 Πνεῦματος
1315 5651 1326 5662 ·
1362 5635 1460 5704 τὴν
1484 5633 1536 5686 δὲ
1565 5633 1728 5706 ἄλλην

1842 4464 2021 4518 eidem
2073 4462 2508 4518 substantialiter
2561 4471 2878 4532 competens
2911 4481 2926 4516 :
2955 4479 3066 4532 quo
3117 4463 3178 4518 ﬁt
3212 4473 3270 4518 ut
3319 4481 3419 4518 nec

1841 4554 2081 4608 cessario
2115 4552 2236 4606 dua:
2279 4551 2389 4606 sint
2419 4551 2583 4606 unius
2612 4552 2922 4623 hypostasis
2952 4553 3158 4608 Christi
3185 4562 3416 4612 naturw.

1911 4643 2004 4699 1X.
2031 4647 2234 4700 Verum
2271 4644 2363 4700 hic
2403 4645 2492 4699 isti
2522 4643 2848 4700 Haesitantes
2876 4661 2888 4696 :
2920 4642 3040 4710 Quo
3069 4653 3231 4714 pacto
3254 4686 3268 4710 ,
3329 4647 3416 4700 in-

1839 4735 2040 4805 quiunt
2069 4775 2083 4798 ,
2126 4735 2183 4789 in
2239 4750 2350 4790 uno
2390 4735 2675 4790 individuo
2731 4733 2962 4803 reperiri
2992 4734 3104 4789 duo
3146 4737 3418 4805 possunt?

1840 4826 1956 4880 Hoc
1985 4825 2164 4896 ipsum
2188 4842 2290 4896 quo
2313 4835 2488 4914 ραοοιο,
2511 4841 2611 4896 per
2636 4841 2750 4879 rem
2777 4825 3168 4881 abhorrentem
3199 4826 3268 4880 ab
3297 4827 3416 4896 opi-

1813 4917 2004 4978 ,nione
2035 4915 2319 4972 solvimus.
2374 4916 2587 4986 Quippe
2612 4931 2723 4970 non
2763 4915 3064 4971 absurdum
3092 4925 3212 4980 est,
3265 4917 3411 4971 acci-

1837 5005 1983 5061 disse
2005 5005 2137 5074 quid
2171 5007 2227 5060 in
2246 5005 2467 5062 Christo
2495 5013 2694 5075 praeter
2732 5005 3047 5074 opinionem
3082 5005 3366 5060 hominum
3394 5024 3408 5060 :

1836 5096 1932 5151 sed
1959 5095 2262 5151 absurdum
2297 5103 2385 5151 est
2413 5097 2658 5160 mentiri,
2688 5112 2754 5152 ac
2779 5097 3068 5166 principiis
3107 5097 3406 5154 adversari.

1837 5183 2134 5240 Sciendum
2159 5193 2365 5251 autem,
2407 5187 2477 5241 ab
2511 5187 2578 5240 iis
2599 5186 2692 5256 qui
2720 5203 2882 5242 unam
2919 5188 2977 5241 in
2996 5188 3218 5244 Christo
3243 5198 3409 5242 natu-

1835 5289 1953 5328 ram
1985 5283 2254 5339 statuunt,
2292 5277 2606 5331 necessario
2633 5277 2840 5346 colligi,
2865 5278 2951 5332 vel
2979 5277 3116 5332 duas
3146 5287 3207 5332 ut
3230 5277 3406 5347 hypo-

1833 5373 2004 5418 stases
2033 5363 2339 5420 divinitatis
2376 5365 2596 5432 dicant,
2632 5368 2719 5422 vel
2771 5376 3008 5437 quatuor
3032 5409 3046 5428 ,
3104 5381 3214 5420 non
3253 5375 3403 5428 tres;

1831 5453 1980 5523 quod
2029 5469 2220 5510 omnes
2263 5456 2614 5512 conﬁtentur.
2655 5457 2788 5512 Nam
2831 5457 2876 5511 si
2927 5472 3092 5512 unam
3140 5453 3300 5508 nobis
3346 5452 3403 5504 in

1830 5544 2052 5599 Christo
2083 5554 2334 5600 naturam
2373 5547 2615 5611 tradunt,
2655 5548 2798 5601 unde
2825 5558 2936 5601 tres
2959 5546 3117 5602 nobis
3145 5544 3402 5612 hyposta-
3491 5593 3494 5596 λ
3547 5579 3552 5582 -

1832 5649 1919 5689 ses
1967 5633 2274 5692 divinitatis
2307 5637 2679 5708 depron'icut?
2726 5635 3000 5690 Habemus
3034 5632 3180 5685 enim
3223 5625 3404 5682 Patris
