3998 6146
548 273 682 342 ]251
1829 270 2140 332 LEONTII
2181 269 2586 330 BYZANTINI
3681 263 3827 336 1152

541 401 733 448 unam,
775 394 832 438 et
873 396 1037 436 unam
1090 382 1262 436 sancti
1295 381 1536 452 Spiritus
1573 399 1586 434 :
1620 381 1892 451 reliquam
1940 380 2107 435 dicen

2226 377 2409 432 οὑκέτι
2438 379 2694 433 δύνανται
2720 379 2914 448 εἰπεῖν,
2944 379 3039 434 ἰπὶ
3079 378 3172 433 τοῦ
3202 375 3440 448 Χριστοῦ
3481 376 3614 450 μίαν
3645 379 3820 447 φύσιν

541 479 747 536 nullam
773 483 1053 544 poterunt,
1073 489 1239 528 unam
1272 473 1326 527 in
1345 473 1566 528 Christo
1597 479 1848 526 naturam
1875 479 2122 526 statuen-

542 580 659 624 tes:
687 567 896 636 quippe
925 566 970 619 si
1007 580 1116 619 una
1145 574 1342 618 natura
1397 573 1527 628 εει,
1589 579 1700 617 non
1751 564 1864 633 jam
1923 573 2120 616 natura

540 661 688 716 Deus
716 659 850 720 erit,
882 657 962 711 uti
994 657 1160 710 modo
1189 656 1562 724 probavimus.
1593 655 1651 709 Si
1675 671 1786 709 non
1811 662 1897 708 est
1921 662 2120 707 natura

537 753 701 814 Deus,
743 749 1024 818 (tummodo
1053 747 1362 803 divinitatis
1393 747 1715 819 hypostasin
1761 747 1968 800 habere
2005 745 2118 800 dici

536 841 782 912 poterit?
825 856 936 909 quo
966 840 1026 893 ﬁt
1067 849 1128 893 ut
1163 840 1312 908 ipsos
1365 840 1506 894 duas
1554 839 1879 909 hypostases
1931 837 2118 891 dicere

533 933 844 1001 colligatur.
893 932 990 986 Sin
1023 931 1304 995 dixerint,
1361 931 1575 984 tertiam
1628 929 1950 1002 hypostasin
1996 943 2118 982 esse

535 1021 630 1076 Dei
668 1021 950 1075 Sermonis
975 1061 988 1080 .
1037 1031 1098 1074 ut
1136 1035 1244 1074 una
1296 1021 1368 1075 sit
1410 1021 1622 1084 Patris,
1675 1021 1848 1074 altera
1880 1018 2120 1088 Spiritus

535 1108 752 1173 sancti,
793 1109 955 1162 tertia
1011 1109 1106 1162 Dei
1173 1108 1478 1172 Sermonis,
1516 1109 1830 1163 necessario
1879 1115 2119 1177 quatuor

536 1199 862 1270 hypostases
893 1199 1276 1264 introducunt,
1309 1215 1472 1252 unam
1503 1200 1700 1264 Patris,
1743 1213 1906 1253 unam
1939 1199 2116 1268 Spiri-

535 1297 626 1342 tus
658 1289 857 1352 sancti,
891 1305 1054 1343 uuam
1107 1290 1200 1343 Dei
1250 1289 1536 1343 Sermonis
1563 1330 1578 1354 ,
1610 1299 1666 1344 et
1696 1305 1860 1344 unam
1887 1289 2114 1344 Christi.
2146 1341 2166 1356 ,

536 1379 711 1433 Iliadis
746 1381 1006 1434 omnibus
1039 1380 1332 1450 probatum
1360 1389 1485 1445 εει,
1547 1379 1686 1435 duas
1728 1391 1955 1436 naturas
2003 1388 2118 1436 sta-

537 1471 790 1534 tuendus,
820 1488 929 1525 non
968 1487 1151 1526 unam.

2225 468 2496 535 λέγοντες.
2537 471 2602 524 El
2649 471 2758 540 γὲρ
2809 471 2908 539 μία
2961 469 3126 538 φύσις
3179 471 3366 534 ἐστιν,
3411 469 3596 522 ούκέτι
3646 468 3817 536 φύσει

2225 561 2379 624 Θεδς,
2409 559 2483 623 ὡς
2514 561 2613 631 ἤδη
2640 562 2907 615 δέδεικται
2944 563 3096 632 ἡμῖν.
3140 561 3230 631 Μὴ
3264 561 3338 613 ὦν
3362 561 3418 613 δὲ
3452 561 3615 630 φύσει
3645 561 3810 626 Θεὸς,

2224 653 2343 715 πῶς
2385 651 2602 723 λεχθείη
2647 655 2947 706 ὑπόστασιν
2991 657 3136 724 ἔχειν
3181 655 3478 726 οεότητος;
3529 653 3677 708 ὥστε
3717 655 3816 709 δύο

2224 743 2552 806 ὑποστάσεις
2584 745 2767 808 αὑτοῖς
2813 745 3106 814 συνάγεται
3138 747 3343 814 λέγειν.
3389 747 3515 800 Ἐὰν
3552 747 3601 799 δ’
3625 745 3816 812 οὕτως

2222 835 2472 898 εἴπωσιν,
2513 836 2594 888 ὃτι
2626 837 2659 906 ἡ
2692 837 2849 908 τρίτη
2885 837 3182 900 ὑπόστασις
3226 840 3343 890 ἐστι
3377 836 3471 890 τοῦ
3513 836 3648 890 Θεοῦ
3693 837 3803 890 Λό-

2221 943 2320 994 γου
2348 943 2362 956 ·
2419 926 2508 979 ἴνα
2533 928 2568 996 ὴ
2619 927 2716 996 μία
2777 929 2875 998 μὲν
2915 929 3010 984 τοῦ
3061 929 3304 1000 [ἰατρὸς.
3347 928 3574 998 δευτέρα
3611 928 3669 980 δὲ
3711 927 3810 980 τοῦ

2222 1018 2379 1084 ἁγίου
2417 1017 2754 1088 Πνεῦματος,
2791 1019 2956 1089 τρίτη
2986 1019 3043 1072 δὲ
3067 1021 3162 1073 τοῦ
3191 1019 3326 1073 Θεοῦ
3359 1019 3532 1086 Λόγου
3553 1036 3566 1050 ·
3594 1019 3655 1072 τέ
3667 1036 3808 1073 σσα-

2222 1125 2324 1178 ρας
2370 1109 2430 1172 ἐξ
2470 1109 2718 1178 ἀνάγκης
2766 1111 3070 1178 εἰσάγουσι,
3121 1111 3252 1182 μίαν
3283 1109 3380 1163 τοῦ
3431 1109 3668 1181 Πατρδς,
3711 1113 3812 1163 καὶ

2223 1201 2354 1270 μίαν
2379 1200 2472 1253 τοῦ
2508 1201 2667 1266 ἁγίου
2701 1203 3044 1272 Πνεύματος,
3089 1203 3186 1256 καὶ
3227 1203 3358 1272 μίαν
3397 1200 3492 1256 τοῦ
3532 1201 3670 1254 Θεοῦ
3699 1201 3810 1254 Λό-

2219 1306 2340 1358 γου,
2389 1291 2482 1343 καὶ
2513 1290 2643 1358 μίαν
2690 1289 2785 1344 τοῦ
2825 1293 3086 1361 Χριστοῦ.
3128 1286 3478 1363 Πανταχόθεν
3506 1290 3807 1355 δέδεικται,

2217 1381 2302 1436 ὅτι
2333 1379 2428 1435 δύο
2449 1379 2640 1453 φύσεις
2671 1380 2753 1436 δεῖ
2780 1381 3043 1452 δοξάζειν,
3070 1385 3131 1438 οὑ
3152 1385 3310 1456 μίαν.

534 1699 786 1758 Sincere
821 1696 1220 1778 explicantur
1248 1697 1370 1760 loci
1397 1717 1548 1778 quos
1568 1697 2666 1784 stilanteshareficiassumebant
2689 1703 2772 1764 ad
2801 1705 3333 1784 conﬁrmationem
3359 1725 3484 1768 sua:
3503 1706 3808 1774 liceretea:

1655 1788 1872 1839 contra
1912 1778 2070 1839 duas
2109 1777 2347 1841 Christi
2379 1787 2665 1840 naturas.

1133 1904 1340 1960 ACTIO
1369 1906 1508 1984 yiu.

600 1995 641 2049 l.
662 1995 856 2049 Restat
900 2005 958 2050 ut
987 1995 1054 2050 de
1077 1995 1146 2050 iis
1169 1998 1513 2066 argumentis
1541 2013 1662 2068 qua:
1693 1997 1760 2052 de
1790 2005 2110 2052 sanctorum

530 2088 753 2142 Patrum
813 2087 978 2142 dictis
1031 2087 1194 2142 nobis
1246 2087 1555 2157 proferunt,
1588 2103 1835 2159 agamus.
1870 2089 1945 2142 Ea
1978 2103 2112 2142 vero

530 2182 733 2246 partim
768 2177 938 2246 petita
969 2187 1100 2231 sunt
1129 2193 1197 2232 ex
1224 2178 1292 2232 iis
1325 2193 1447 2248 quae
1474 2180 1716 2251 synodus
1738 2196 1847 2235 non
1873 2181 2110 2246 dixerit,

529 2271 731 2340 partim
789 2270 859 2325 ad
913 2270 1313 2325 conciliandam
1364 2273 1609 2342 ipsorum
1651 2273 1892 2345 dogmati
1945 2274 2110 2328 fidem

530 2361 930 2429 proferuntur,
981 2361 1182 2430 partim
1215 2361 1456 2433 denique
1511 2349 1804 2419 struuntur
1849 2379 1914 2418 ex
1977 2364 2112 2434 ipsis

529 2451 724 2521 synodi
757 2451 958 2505 verbis.
988 2450 1072 2506 0b
1091 2467 1157 2506 ea
1187 2468 1310 2522 qua:
1332 2469 1446 2508 non
1467 2454 1690 2522 dixerit,
1730 2456 1908 2510 tribus
1930 2456 2110 2511 modis

531 2542 799 2612 synodum
833 2543 1288 2612 reprehendunt:
1325 2545 1475 2615 quod
1507 2547 1772 2602 nimirum
1807 2563 1916 2602 non
1951 2548 2110 2601 unio-

527 2648 656 2688 nem
697 2633 1093 2702 hypostaticam
1115 2676 1130 2699 ,
1177 2650 1281 2690 nec
1313 2652 1478 2690 unam
1507 2638 1602 2690 Dei
1629 2636 1912 2693 Sermonis
1943 2649 2105 2692 natu-

528 2739 644 2778 ram
683 2723 1051 2790 incarnatam,
1096 2741 1200 2781 nec
1232 2727 1377 2781 istud
1427 2728 1689 2797 loquendi
1737 2744 1912 2799 genus
1947 2746 2110 2784 usur-

526 2817 777 2884 paverit,
836 2816 918 2869 Ex
960 2817 1164 2870 duabus
1194 2820 1424 2872 naturis.
1458 2820 1529 2872 At
1563 2819 1774 2884 isthmc,
1825 2820 2104 2890 inquiunt,

527 2907 714 2961 omnia
746 2917 971 2962 sanctus
1003 2907 1092 2961 ille
1125 2908 1362 2979 Cyrillus
1391 2911 1640 2979 pro‘tulit.
1673 2911 1770 2964 Est
1797 2920 1980 2965 autem
2007 2927 2109 2982 par

527 2997 761 3052 indicari
789 3040 805 3064 ,
842 2999 1200 3068 quamobrem
1264 3000 1663 3071 hypostaticam
1704 3002 1962 3056 unionem
2015 3003 2105 3057 ille

524 3089 747 3142 dixerit.
783 3090 992 3158 Duplex
1019 3091 1232 3144 scilicet
1261 3091 1428 3161 hujus
1457 3101 1541 3146 est
1577 3092 1911 3147 intellectus.
1969 3093 2104 3147 Nam

523 3182 652 3250 quia
679 3180 970 3235 Nestorius
989 3181 1215 3246 diceret,
1255 3183 1514 3236 unionem
1541 3183 1636 3237 Dei
1662 3182 1950 3238 Sermonis
1977 3200 2101 3239 cum

2811 1909 3068 1978 ΠΡΛΞΙΣ
3114 1908 3195 1966 n'.
3657 1976 3664 1982 _

2303 1999 2628 2054 Ὕπόλοιπόν
2654 2001 2770 2054 ἐστι
2805 2003 2931 2070 περὶ
2963 2002 3070 2055 τῶν
3103 2003 3550 2074 ἐπιχειρημάτων
3575 1997 3652 2059 ὧν
3680 2006 3797 2060 ἀπὸ

2214 2095 2460 2163 χρήσεων
2498 2091 2606 2146 τῶν
2652 2093 2822 2160 ἁγίων
2860 2093 3119 2163 Πατέρων
3169 2095 3582 2165 παραφέρουσιν
3632 2098 3793 2166 ἡμῖν,

2212 2181 2524 2262 διεξελθεῖν.
2577 2183 2794 2257 Τούτων
2822 2183 2903 2249 δὲ,
2943 2183 3012 2236 τὰ
3065 2185 3164 2254 μέν
3209 2189 3368 2248 εἰσιν,
3411 2187 3504 2255 ἀφ’
3565 2180 3640 2240 ὧν
3689 2187 3798 2240 οὑκ

2213 2270 2366 2327 εἶπεν
2397 2276 2430 2344 ἡ
2449 2274 2666 2338 σύνοδος
2689 2292 2702 2306 ·
2731 2276 2799 2328 τά
2819 2276 2876 2328 δὲ
2902 2277 3287 2347 παραφέρουσι
3315 2277 3448 2346 πρὸς
3477 2277 3663 2330 πίστιν
3683 2279 3786 2332 τοῦ

2210 2364 2412 2417 οίκείου
2445 2364 2714 2435 δόγματος
2739 2382 2752 2396 ·
2786 2365 2856 2420 τὰ
2880 2365 2936 2420 δὲ
2956 2408 2970 2432 ,
3002 2368 3095 2436 ἀφ’
3121 2361 3196 2422 ὧν
3220 2363 3395 2423 εἶπεν.
3429 2369 3548 2438 Ἀφ’
3579 2363 3656 2424 ὧν
3686 2373 3790 2442 μὲν

2211 2456 2312 2508 οὑκ
2345 2451 2521 2522 εἶπεν,
2552 2457 3016 2527 ἐπιλαμϐάνονται
3053 2460 3223 2529 αὑτῆς
3249 2462 3313 2512 ὲκ
3344 2460 3542 2532 τριῶψ
3576 2463 3656 2516 ὅτι
3685 2463 3791 2516 οὑκ

2210 2540 2364 2598 εἶπεν
2408 2546 2441 2614 ἡ
2487 2546 2702 2610 συνόδος
2750 2547 2849 2617 τὴν
2909 2547 3032 2601 καθ’
3075 2549 3374 2604 ὑπόστασιν
3411 2551 3625 2617 ἕνωσιν,
3663 2553 3789 2607 οὑδὲ

2214 2637 2344 2707 μίαν
2377 2637 2470 2689 τοῦ
2497 2637 2632 2689 Θεοῦ
2661 2637 2836 2707 Λόγου
2876 2638 3038 2705 φύσιν
3077 2641 3530 2713 σεσαρκωμένην,
3548 2644 3671 2698 οὑδὲ
3698 2645 3784 2709 τὸ,

2209 2725 2277 2778 ἐκ
2327 2725 2436 2778 δύο
2488 2725 2754 2792 φύσεων.
2778 2727 2964 2781 Ταῦτα
2993 2729 3052 2781 δὲ
3078 2730 3256 2784 πάντα
3288 2734 3315 2784 ό
3341 2733 3494 2799 ἅγιος
3514 2731 3786 2802 Κύριλλος

2211 2813 2386 2870 εἶπεν.
2440 2818 2624 2883 ’Ἄξιον
2647 2817 2704 2871 δὲ
2751 2820 2945 2882 εἰπεῖν,
2991 2819 3136 2874 διατί
3178 2821 3324 2888 λέγει
3359 2823 3460 2894 τὴν
3498 2823 3622 2878 καθ’
3652 2825 3788 2878 ὑπό-

2211 2925 2398 2961 στασιν
2419 2909 2633 2962 ἕνωσιν.
2653 2911 2812 2978 Διττὴ
2831 2910 3007 2962 τοίνυν
3033 2911 3182 2963 ἐστὶν
3207 2913 3378 2980 αὐτῆς
3401 2916 3432 2983 ή
3456 2913 3656 2970 ἔννοια.
3679 2915 3790 2970 Τοῦ

2208 2999 2316 3070 γὰρ
2346 2999 2643 3068 Νεστορίου
2674 2999 2940 3066 λέγοντος,
2982 3000 3064 3051 ὅτι
3107 3001 3248 3053 κατὰ
3277 3001 3462 3071 σχέσιν
3490 3003 3721 3072 γέγονεν
3749 3009 3784 3077 ἡ

2207 3090 2402 3153 ἓνωσις
2428 3090 2521 3142 τοῦ
2549 3089 2686 3142 Θεοῦ
2727 3089 2901 3157 Λόγου
2931 3089 3062 3160 πρὸς
3090 3089 3188 3161 τὴν
3220 3092 3420 3162 σάρκα,
3459 3095 3555 3146 καὶ
3589 3111 3783 3164 σχετι-

2211 3181 2320 3244 κῶς
2345 3181 2594 3250 λέγοντος
2634 3180 2692 3234 ἓν
2717 3181 3004 3251 πρόσωπον
3033 3179 3130 3234 τοῦ
3159 3180 3297 3234 Θεοῦ
3341 3182 3515 3250 Λόγου
3547 3185 3785 3254 καὶ’τῆς

522 3287 690 3325 carne
729 3287 827 3340 per
856 3271 1204 3327 affectionem
1234 3272 1526 3342 quamdam
1547 3289 1668 3328 esse
1693 3274 1916 3340 factam,
1935 3275 2102 3330 adeo-

2212 3249 2436 3344 σαρκὸς,
2463 3276 2491 3326 ὁ
2516 3273 2672 3340 ἇγιος
2704 3249 2972 3342 Κύριλλος
3000 3271 3297 3341 ἀντιλέγων
3328 3249 3466 3344 πρὸς
3487 3275 3652 3328 αὑτόν
3679 3249 3790 3345 φή-

523 3379 630 3433 que
665 3379 958 3440 personam
981 3365 1074 3419 Dei
1101 3365 1386 3420 Sermonis
1405 3376 1462 3420 et
1491 3367 1677 3420 carnis
1703 3383 1867 3420 unam
1892 3367 2103 3421 ratione

525 3457 701 3510 mutui
729 3460 958 3511 allectus
1005 3473 1128 3512 esse
1173 3456 1416 3512 traderet
1455 3476 1469 3510 :
1511 3457 1720 3512 idcirco
1760 3467 1980 3512 sanctus
2017 3459 2101 3511 vir

522 3548 761 3619 Cyrillus
780 3548 829 3602 ei
847 3548 1252 3614 contradiceus,
1278 3549 1538 3603 unionem
1558 3549 1955 3620 hypostaticam
1979 3563 2100 3602 esse

524 3640 720 3693 factam
749 3640 848 3702 ait,
883 3639 988 3694 hoc
1025 3649 1133 3705 εει,
1161 3641 1374 3696 ratione
1398 3641 1790 3706 subsistentiis,
1833 3639 2106 3709 ipsarum-

521 3745 630 3799 que
659 3730 797 3783 adeo
828 3746 1016 3784 rerum
1040 3731 1298 3786 unionem
1321 3749 1335 3798 ;
1362 3748 1472 3786 non
1490 3732 1801 3787 all'ectionis
1828 3740 2098 3800 respectu.

519 3824 600 3875 Ac
642 3821 948 3876 notandum
1001 3821 1092 3876 hic
1137 3838 1331 3878 rursus
1381 3823 1701 3894 liypostasin
1762 3822 1874 3876 dici
1922 3821 1992 3876 de
2037 3822 2105 3876 iis

521 3928 644 3981 quae
665 3913 992 3981 simpliciter
1011 3913 1306 3968 exsistunt.
1326 3913 1480 3968 Alter
1500 3913 1813 3968 intellectus
1828 3921 1931 3978 est,
1955 3913 2104 3983 quod

522 4005 920 4076 hypostaticam
951 4005 1214 4060 unionem
1237 4004 1438 4060 factam
1470 4004 1712 4070 dixerit,
1757 4005 1863 4060 hoc
1894 4014 2000 4071 est,
2047 4005 2103 4060 in

522 4113 690 4151 unam
720 4096 1060 4168 hypostasin.
1098 4097 1175 4152 Ac
1202 4097 1478 4153 sententia
1500 4097 1723 4167 quidem
1746 4107 1979 4167 utraque
2012 4113 2102 4153 re-

527 4183 768 4254 fragatur
789 4187 1064 4252 Nestorio,
1085 4187 1263 4257 prima
1292 4195 1473 4242 tamen
1497 4187 1681 4242 verior
1701 4199 1805 4243 est.
1827 4187 2102 4260 Objiciunt

523 4277 694 4348 igitur
727 4278 998 4349 synodum
1030 4279 1146 4334 hzec
1171 4295 1200 4334 a
1230 4289 1420 4335 sancto
1465 4279 1673 4352 Cyrillo
1712 4281 1910 4334 tradita
1960 4283 2103 4352 reje-

523 4369 686 4435 cisse,
725 4387 831 4426 nec
862 4387 1055 4426 eorum
1089 4373 1429 4428 mentionem
1467 4375 1632 4428 ullam
1658 4373 1873 4429 fecisse.
1901 4376 2102 4429 Verum

522 4478 634 4516 uno
667 4463 838 4517 verbo
892 4462 1081 4518 istlnec
1126 4464 1313 4517 omnia
1364 4462 1778 4529 subvertimus,
1834 4466 2102 4535 synodum

2210 3383 2316 3431 σιν,
2348 3367 2431 3419 ὅτι
2461 3363 2582 3418 καθ’
2620 3363 2922 3416 ὑπόστασιν
2954 3366 3180 3432 γέγονεν
3203 3365 3236 3436 ὴ
3260 3364 3474 3431 ἓνωσις,
3498 3366 3645 3418 τοῦτ’
3667 3368 3790 3420 ἐστι

2208 3455 2327 3510 καθ’
2376 3455 2636 3526 ὓπαρξιν,
2681 3455 2779 3508 καὶ
2810 3454 2989 3507 αὑτῶν
3031 3459 3408 3526 πραγμάτων·
3463 3458 3556 3511 καὶ
3599 3459 3792 3512 οὐκέτι

2205 3547 2353 3615 λέγει
2391 3548 2534 3600 κατὰ
2572 3547 2778 3617 σχέσιν.
2815 3547 2929 3600 Καὶ
2964 3546 3304 3616 σημειωτέον
3350 3547 3516 3602 πάλιν
3548 3549 3789 3604 ἐνταῦθα

2204 3639 2302 3710 τὴν
2325 3638 2622 3691 ὑπόστασιν
2653 3639 2748 3692 καὶ
2797 3639 2892 3690 ἐπὶ
2938 3637 3050 3692 τῶν
3089 3637 3261 3692 ὄντων
3290 3639 3500 3704 ἁπλῶς.
3541 3642 3788 3712 Δευτέρα

2204 3728 2262 3782 δὲ
2292 3727 2468 3781 ἔννοιᾶ
2499 3731 2667 3794 ἐστιν,
2701 3729 2784 3782 ὅτι
2813 3729 2936 3782 καθ’
2977 3731 3278 3784 ὑπόστασιν
3311 3732 3508 3785 ἕνωσιν
3541 3727 3662 3785 εἷπε
3693 3749 3790 3801 γεο

2205 3821 2414 3886 νέσϐαι,
2441 3821 2584 3874 τοῦτ’
2611 3819 2760 3874 ἐστιν
2799 3823 2859 3874 ὲν
2901 3821 3004 3891 μιᾷ
3046 3821 3365 3877 ὑποστάσει.
3404 3823 3516 3875 Kal
3547 3823 3787 3892 ἑκατέρα

2209 3915 2311 3986 μὲν
2341 3914 2521 3968 ἔννοια
2555 3915 2861 3968 ἀντίκειται
2898 3913 3204 3984 Νεστορίῳ,
3240 3914 3382 3986 πλὴν
3415 3914 3792 3986 ἀληθινωτέρα.

2205 4009 2239 4078 ἡ
2265 4006 2480 4078 πρώτη.
2513 4005 2782 4074 Λέγουσιν
2807 4001 2923 4070 οῦν,
2960 4003 3066 4056 Τοῦ
3097 4005 3252 4072 ἁγίου
3303 4004 3574 4076 Κυρίλλου
3613 4004 3790 4056 ταῦτα

2205 4098 2473 4162 εἰπόντος,
2529 4098 2563 4168 ἡ
2611 4096 2830 4160 σύνοδος
2904 4095 3214 4150 ἀπεϐάλετο
3269 4097 3433 4160 αὑτὰ,
3493 4096 3588 4150 καὶ
3631 4095 3789 4149 οὐδὲν

2206 4189 2333 4260 περὶ
2363 4187 2544 4242 αὐτῶν
2569 4184 2746 4241 εἶπεν.
2799 4187 2914 4239 Ἑνὶ
2946 4186 3003 4238 δὲ
3051 4186 3196 4256 λόγῳ
3237 4186 3413 4240 ταῦτα
3439 4186 3616 4240 πάντα
3649 4187 3786 4239 ἀνα-

2203 4280 2501 4350 τρέπομεν,
2532 4279 2615 4332 ὅτι
2641 4279 2716 4343 ὡς
2741 4277 2898 4332 κοινά
2924 4276 3054 4330 ὄντα
3077 4278 3173 4330 καὶ
3197 4277 3606 4347 ὁμολογούμενα
3640 4292 3788 4347 παρι-

2203 4371 2385 4424 είασεν
2434 4371 2574 4425 αὑτά
2608 4371 2642 4441 ὴ
2693 4369 2912 4434 σύνοδος
2947 4385 2962 4398 ·
3002 4369 3139 4442 πρὸς
3179 4369 3394 4439 Εὑτυχῆ
3437 4370 3545 4441 γὰρ
3575 4369 3664 4422 τὸν
3691 4368 3785 4420 λό-

2203 4480 2300 4532 γον
2347 4464 2608 4524 ὲποιεῖτο,
2641 4461 2793 4524 ὅστις
2818 4463 2897 4526 ,ἐκ
2938 4460 3234 4530 διαμέτρου
3264 4459 3342 4529 τῷ
3375 4459 3652 4530 Νεστορῐῳ
3681 4475 3786 4528 μα-

521 4555 636 4621 illa,
689 4555 845 4625 quasi
878 4557 1192 4610 communia
1232 4564 1288 4609 et
1318 4555 1373 4608 in
1410 4555 1662 4609 confesso
1689 4566 1872 4610 essent
1896 4595 1912 4620 ,
1962 4557 2097 4610 omi-

2212 4556 2458 4628 χόμενος,
2493 4553 2739 4623 δηλονότι
2779 4553 2873 4606 καὶ
2902 4553 3076 4605 ταῦτα
3119 4551 3413 4622 ὡμολόγει.
3453 4554 3563 4606 Kal
3592 4551 3691 4604 οὑκ
3724 4550 3787 4614 ἐξ

520 4647 658 4716 sisse
688 4664 702 4701 :
731 4662 856 4700 nam
892 4646 1155 4701 adversus
1185 4645 1488 4716 Eutychem
1519 4645 1844 4710 disserebat,
1890 4645 1984 4714 qui
2029 4661 2096 4699 ex

520 4739 794 4794 diametro
825 4753 950 4792 cum
977 4737 1230 4792 Nestorio
1260 4750 1510 4805 pugnans
1531 4774 1545 4796 .
1575 4744 1632 4790 et
1670 4735 1772 4788 ista
1798 4735 1936 4789 citra
1961 4749 2096 4789 con-

522 4832 845 4886 troversiam
881 4831 1174 4885 fatebatur.
1208 4827 1326 4882 Non
1363 4843 1450 4882 εει
1486 4838 1669 4881 autem
1697 4825 2094 4890 necessarium,

2204 4647 2452 4716 ἀνάγκης
2473 4645 2554 4698 δεῖ
2585 4645 2654 4698 τὰ
2688 4642 3100 4714 ὁμολογούμενα
3133 4642 3355 4706 πάντως
3407 4641 3644 4695 τιθέναιο
3665 4639 3784 4694 ἀλλ’

2203 4738 2350 4791 ἐστιν
2371 4737 2541 4791 ἐνίοτε
2559 4733 3026 4806 παραλιμπάνειν.
3047 4733 3154 4788 Kal
3173 4731 3426 4803 δηλοῦσιν
3445 4732 3502 4785 al
3525 4731 3788 4802 πρότεραι

2203 4829 2438 4892 σύνοδοι,
2465 4826 2638 4882 πολλὰ
2665 4825 2775 4878 τῶν
2805 4824 3250 4895 ὁμολογουμένων
3271 4825 3330 4876 ὲν
3369 4822 3582 4885 πολλοῖς
3608 4837 3789 4892 παρα-

521 4931 581 4975 ιιι
611 4939 732 4991 quia
753 4921 1003 4976 confessa
1038 4931 1188 4981 sunt,
1224 4917 1452 4972 omnino
1483 4924 1760 4986 ponantur
1793 4933 1806 4967 :
1841 4916 1939 4970 sed
1968 4916 2101 4970 licet

2212 4922 2474 4990 ιείψασαι.
2505 4917 2739 4972 Ἔπειτα
2777 4915 3106 4986 εὑρίσκομεν
3146 4917 3203 4968 ὲν
3230 4913 3446 4978 πολλοῖς
3475 4914 3662 4968 τόποις
3687 4913 3788 4982 τὴν

520 5027 582 5065 ea
625 5028 1018 5080 nonnunquam
1043 5011 1322 5064 omittere.
1356 5009 1501 5063 Satis
1530 5008 1636 5062 hoc
1663 5007 1856 5078 synodi
1885 5008 2101 5078 priores

2199 5011 2415 5064 σύνοδον
2448 5006 2730 5072 εἰποῦσαν,
2757 5005 2887 5075 μίαν
2917 5005 3238 5068 ὑπόστασιν,
3268 5003 3363 5056 καὶ
3385 5001 3443 5054 ἓν
3465 5001 3784 5072 πρόσωπονο

521 5101 846 5164 ostendunt,
881 5118 1003 5170 qua:
1034 5102 1300 5170 pleraque
1321 5097 1572 5153 confessa
1603 5097 1659 5150 in
1682 5097 1936 5167 pluribus
1957 5099 2098 5154 omi-

2212 5109 2332 5174 insp
2369 5101 2520 5154 οὐδὲν
2549 5099 2734 5168 ἕτερόν
2767 5099 2914 5149 ἐστιν
2945 5097 3141 5160 εἰπεῖν,
3172 5097 3220 5148 εί
3251 5094 3328 5166 μὴ
3363 5093 3461 5166 τὴν
3492 5092 3614 5146 καθ’
3649 5091 3793 5144 ὑπό-

521 5203 732 5248 εεηιηι.
767 5193 975 5248 Deinde
1010 5191 1280 5264 synodum
1316 5189 1505 5244 multis
1535 5188 1590 5244 in
1625 5188 1767 5244 locis
1799 5205 1963 5244 unam
2001 5191 2098 5261 hy-

2197 5210 2386 5247 στασιν
2409 5191 2626 5243 ἔχωσιν.

521 5290 1044 5363 postasin,etunam
1068 5302 1358 5358 personam
1377 5285 1582 5341 dixisse
1601 5284 2098 5356 deprehendimus:
2140 5290 2290 5362 quod
2316 5286 2457 5341 nihil
2485 5293 2570 5339 est
2628 5281 2778 5336 aliud
2808 5280 2997 5336 dicere
3021 5318 3038 5344 ,
3083 5294 3249 5350 quam
3316 5277 3578 5333 unionem
3609 5275 3792 5346 hypo-

520 5384 798 5440 staticam.

589 5479 654 5534 ll.
685 5479 755 5534 Et
785 5479 902 5534 hinc
939 5477 1161 5548 quidem
1194 5486 1324 5532 sunt
1349 5475 1417 5530 de
1440 5475 1508 5531 iis
1527 5489 1650 5544 quae
1683 5472 1926 5544 synodus
1953 5475 2095 5528 omi-

513 5571 672 5627 serit.
706 5571 785 5626 Ad
816 5570 1127 5625 faciendum
1163 5585 1297 5624 vero
1323 5568 1483 5623 ﬁdem
1514 5566 1755 5636 dogmati
1781 5580 1882 5619 suo
1908 5566 2097 5634 plures

515 5663 873 5717 auctoritates
908 5661 1258 5731 producunt,
1305 5672 1540 5728 quarum
1573 5666 1657 5711 εει
1690 5656 1864 5726 prima
1893 5695 1915 5734 ,ἢ
1945 5655 2092 5725 quod

2273 5475 2383 5528 Kal
2412 5473 2584 5527 ταῦτα
2617 5471 2716 5542 μέν
2740 5471 2879 5522 εἰσιν
2903 5505 2918 5531 ,
2965 5466 3058 5536 ἀφ’
3097 5457 3172 5522 ὧν
3203 5465 3304 5520 οὑκ
3333 5461 3472 5520 εἷπε.
3501 5462 3643 5532 Πρὸς
3694 5461 3793 5514 πί-

2204 5581 2321 5619 στιν
2353 5565 2410 5618 δὲ
2429 5563 2523 5618 τοῦ
2553 5563 2756 5616 οἰκείου
2806 5559 3080 5628 δόγματος
3128 5557 3507 5629 παραφέρουσι
3561 5554 3792 5625 χρήσεις

2203 5653 2403 5716 πολλάς
2430 5670 2444 5683 ο
2473 5653 2568 5707 καὶ
2606 5652 2793 5724 πρώτη
2833 5649 2933 5722 μὲν
2981 5649 3061 5702 ὃτι
3098 5649 3126 5702 ὁ
3158 5649 3309 5729 ἅγιος
3339 5646 3605 5718 Κύριλ).ος
3629 5659 3788 5715 φανε-
