3934 6156
171 326 317 394 1253

1374 323 1472 382 DE
1510 322 1786 381 SEC'IIS.
1827 346 1892 358 -τ
1934 322 2091 381 ACT.
2136 322 2298 381 VIII.

3301 324 3438 389 1254

171 442 284 512 ρῶς
309 438 438 495 εἷπε
470 441 606 510 μίαν
630 437 790 509 φύσιν
817 435 911 490 τοῦ
940 435 1073 490 Θεοῦ
1105 435 1278 502 Λόγου
1305 434 1754 504 σεςαρκωμένην.

1864 443 2090 487 sanctus
2126 434 2216 487 ille
2246 429 2485 502 Cyrillus
2518 447 2683 486 uuam
2719 439 2976 486 naturam
3027 433 3120 486 Dei
3159 433 3442 491 Sermonis

169 534 321 605 Πρὸς
351 531 518 586 τοῦτο
544 532 777 600 λέγομεν
795 568 811 594 ,
843 529 923 582 ὅτι
945 523 1314 596 ὁμολογοῦμεν
1348 525 1440 576 τὸν
1465 525 1619 591 ἅγιον
1645 523 1760 576 Κύ-

169 626 358 697 ριλλον
419 624 585 677 τοῦτο
653 620 971 692 εἰρηκέναι·
1033 617 1150 670 ἀλλ’
1220 616 1376 669 οὐδὲν
1422 614 1762 668 ἐναντιοῦται

165 717 335 770 τοῦτο
376 717 458 787 τῷ
495 716 750 785 δόγματι.
797 713 872 766 Οὐ
917 711 1024 781 γὰρ
1060 705 1179 762 εἷπε
1210 708 1307 762 τοῦ
1345 709 1582 778 Χριστοῦ
1635 708 1762 778 μίαν

170 807 343 877 φύσιν
371 804 826 875 σεσαρκωμένην,
853 801 988 854 ἀλλά
1027 800 1158 869 μίαν
1185 799 1346 868 φύσιν
1373 799 1466 852 τοῦ
1493 787 1628 851 Θεοῦ
1658 797 1762 850 Λό-

169 912 275 963 γου
320 893 791 966 σεσαρκωμένην,
841 891 940 958 τὴν
986 888 1152 956 ἄλλην
1193 885 1356 956 φύσιν
1406 885 1603 956 δηλῶν.
1653 885 1762 938 Καὶ

169 986 258 1036 ὅτι
279 985 385 1053 τὴν
416 983 590 1053 ἀλλην
609 980 862 1050 βούλεται
889 977 1132 1048 δηλῶσαι
1165 975 1348 1043 φύσιν,
1371 975 1451 1041 τῷ
1475 975 1649 1027 εἰπεῖν
1677 989 1765 1026 σε-

171 1073 548 1144 σαρκωμένην
573 1087 586 1104 ·
627 1070 787 1141 δῆλον
833 1067 926 1134 ἀφ’
959 1061 1032 1119 ὧν
1076 1065 1271 1120 ἑαυτὸν
1309 1066 1663 1134 ὲπεξηγεϊται
1706 1065 1765 1116 ὲν

167 1168 237 1236 τῇ
274 1163 418 1234 πρὸς
447 1161 748 1215 Σούκενσον
775 1157 1006 1228 δευτέρᾳ
1043 1156 1300 1226 ἐπιστολῇ
1337 1156 1513 1224 λέγων
1535 1171 1548 1187 ’
1575 1157 1636 1208 Εἰ
1666 1154 1764 1224 μὲν

169 1257 282 1326 γὰρ
315 1255 448 1327 μίαν
479 1253 645 1324 φύσιν
671 1251 918 1314 εἰπόντες
951 1249 1047 1302 τοῦ
1072 1248 1208 1302 Θεοῦ
1239 1249 1438 1316 Λόγου,
1469 1249 1766 1316 σεσιγήκα-

171 1363 299 1416 μεν,
323 1346 430 1399 οὐκ
455 1342 850 1412 ἐπενεγκόντες
878 1340 959 1406 τὸ,
995 1339 1470 1408 σεσαρκωμένην
1490 1355 1504 1369 ·
1535 1339 1650 1392 ἀλλ’
1685 1333 1767 1400 οἷς

167 1441 280 1506 ἔξω
303 1441 500 1502 θέντες
537 1440 638 1508 τὴν
674 1434 987 1504 οἰκονομίαν
1011 1473 1026 1498 ,
1051 1429 1118 1502 ἦν
1149 1433 1334 1496 αὐτοῖς
1363 1432 1505 1502 τάχα
1537 1448 1638 1484 που
1673 1431 1768 1484 καὶ

168 1531 277 1584 οὐκ
302 1529 580 1590 ἀπίθανος
615 1529 643 1580 ὁ
671 1525 828 1594 λόγος
866 1523 1354 1595 προσποιουμένοις
1387 1521 1596 1592 ἐρωτᾷν
1616 1561 1631 1584 ,
1662 1520 1763 1574 ποῦ

169 1623 236 1676 τὸ
264 1623 480 1676 τέλειον
512 1623 570 1674 ἐν
599 1619 1004 1690 ἀνθρωπότητι,
1027 1617 1059 1686 ἢ
1086 1615 1202 1678 πῶς
1242 1615 1551 1684 ὑφέστηκεν
1585 1616 1618 1684 ἡ
1644 1611 1767 1666 καθ’

171 1712 327 1782 ἡμᾶς
350 1711 518 1764 οὐσία
535 1727 551 1778 ;
567 1709 784 1778 Ἐπειδὴ
809 1707 867 1760 δὲ
895 1706 992 1761 καὶ
1013 1708 1046 1776 ἡ
1083 1707 1140 1758 ὲν
1166 1704 1544 1774 ἀνθρωπότητι
1563 1701 1767 1755 τελειό-

1863 524 2203 577 incarnatam
2237 533 2428 592 aperte
2476 522 2697 578 dixerit.
2745 523 2825 578 Ad
2865 523 2974 578 hoc
3020 526 3438 594 respondemus,

1862 615 2022 670 fateri
2060 629 2162 667 nos
2216 615 2271 667 id
2321 629 2353 667 a
2393 624 2584 670 sancto
2611 614 2817 686 Cyrillo
2867 615 3072 669 dictum
3103 633 3118 668 :
3147 618 3244 670 sed
3294 618 3438 672 idem

1860 704 1999 758 nihil
2025 704 2250 758 omnino
2272 706 2560 758 sententiae
2595 714 2796 758 nostra:
2831 706 3110 774 refragari.
3144 705 3259 759 Non
3291 707 3441 760 enim

1861 795 2068 851 Christi
2093 806 2346 850 naturam
2375 812 2538 850 unam
2571 797 2908 852 inc-amatam
2943 797 3118 859 dixit,
3142 799 3239 852 sed
3278 814 3442 852 unam

1864 900 2117 945 naturam
2148 889 2245 944 Dei
2280 890 2564 945 Sermonis
2612 891 2988 956 incarnatam;
3021 890 3280 944 videlicet
3309 889 3444 942 alte-

1865 997 1980 1036 ram
2011 982 2160 1035 illam
2193 990 2446 1036 naturam
2469 981 2756 1034 denotans.
2784 981 2848 1034 Et
2869 981 3015 1049 quod
3041 981 3267 1035 alteram
3293 979 3441 1032 illam

1865 1071 2179 1140 signiﬁcare
2206 1071 2466 1135 voluerit,
2497 1070 2625 1124 dum
2653 1070 2988 1125 incarnatam
3025 1071 3120 1135 ait,
3145 1087 3212 1125 ex
3243 1071 3310 1124 iis
3331 1086 3444 1124 ma-

1863 1161 2126 1214 nifestum
2159 1170 2242 1216 est
2267 1161 2470 1230 quibus
2529 1162 2770 1230 scipsum
2815 1160 2872 1214 in
2903 1160 3140 1213 secunda
3186 1159 3254 1212 ad
3302 1158 3444 1213 Suc-

1867 1264 2082 1304 cessum
2115 1252 2349 1320 epistola
2387 1251 2652 1314 declarat,
2683 1250 2943 1319 inquiens
2971 1267 2983 1302 :
3009 1248 3166 1314 Quod
3199 1249 3242 1303 si
3277 1265 3442 1302 unam

1867 1342 1965 1396 Dei
2020 1342 2306 1397 Sermonis
2366 1351 2617 1396 naturam
2665 1342 2912 1396 dicentes
2969 1340 3441 1398 obticuissemus,

1867 1449 1971 1488 nec
2024 1433 2256 1487 verbum
2319 1433 2496 1496 illud,
2555 1434 2924 1495 incarnatam,
2971 1431 3443 1500 subjecissemus,

1867 1523 2118 1593 adeoque
2154 1523 2618 1593 dispensationem
2645 1525 2818 1592 ipsam
2841 1523 2993 1576 velut
3022 1522 3400 1576 omisissemus
3427 1537 3442 1572 :

1867 1614 2101 1670 fortasse
2141 1615 2442 1684 probabilis
2471 1623 2620 1670 esset
2671 1614 2913 1683 ipsorum
2957 1613 3166 1677 oratio,
3198 1626 3444 1680 quaarere

1871 1708 1938 1763 de
1969 1705 2134 1762 nobis
2161 1723 2272 1776 pra:
2307 1723 2364 1762 se
2394 1707 2714 1768 ferentium,
2745 1705 2836 1760 ubi
2875 1706 2948 1759 sit
2977 1706 3066 1759 illa
3087 1705 3356 1775 perfectio
3388 1705 3444 1758 in

172 1821 302 1876 της,
335 1802 440 1857 καὶ
473 1803 572 1866 τῆς
599 1801 726 1855 καθ’
755 1801 903 1870 ἡμᾶς
945 1798 1135 1860 οὐσίας
1179 1799 1213 1868 ή
1248 1796 1482 1866 δήλωσις
1519 1792 1762 1847 εἰσκεκό-

1867 1798 2206 1852 humanitate
2235 1839 2251 1862 ,
2311 1798 2398 1852 vel
2450 1797 2730 1866 quomodo
2777 1797 3089 1852 substantia
3140 1811 3304 1864 quam
3341 1809 3446 1848 nos

181 1913 379 1967 μισται
407 1894 500 1948 διά
528 1893 590 1946 τδ
628 1892 811 1962 λέγειν
851 1888 1281 1960 σεσαρκωμένην
1303 1903 1317 1917 ο
1363 1883 1768 1939 παυσάσθωσαν

177 1986 502 2058 καλαμίνην
546 1983 741 2057 ῥάϐδον
781 1983 998 2044 ἑαυτοῖς
1027 1979 1458 2049 ὑποστήσαντες.
1495 1975 1634 2037 Τοὺς
1661 1972 1769 2044 γάρ

173 2079 556 2140 ’ἐκϐάλλοντας
576 2075 676 2146 τὴν
722 2071 1076 2142 οἰκονομίαν,
1123 2070 1219 2122 καὶ
1263 2066 1634 2138 ἀρνουμένους
1671 2063 1768 2134 τὴν

175 2170 492 2242 σάρκωσιν,
537 2163 606 2238 ἦν
652 2166 716 2220 τὸ
761 2161 1113 2232 ἐγκαλεῖσθαι
1144 2159 1396 2220 δικαίως,
1439 2154 1770 2226 ἀφαιρουμέ-

178 2277 310 2324 νους
367 2258 463 2313 τὸν
517 2257 649 2310 Υίὺν
699 2255 800 2326 τῆς
851 2253 1062 2313 τελείας
1104 2250 1543 2320 άνθρωπὸτητος.
1595 2248 1658 2300 Εἰ
1713 2245 1770 2298 δὲ

179 2354 346 2424 ἔφην,
391 2355 450 2406 ἐν
477 2351 556 2422 τῷ
591 2347 975 2420 σεσαρκῶσθαι
1007 2345 1190 2414 λέγειν
1225 2341 1408 2405 αὐτὸν,
1442 2341 1624 2410 σαφής
1653 2340 1769 2390 ὲστι

172 2445 277 2498 *καὶ
303 2443 684 2514 ἀναμφίλογος
705 2443 738 2510 ἡ
765 2437 1030 2510 ὁμολογία
1055 2434 1172 2501 τοῦ,
1197 2437 1280 2489 ὅτι
1310 2435 1532 2504 γέγονεν
1558 2430 1654 2486 ἄνθ
1665 2447 1770 2500 ρω-

176 2553 281 2600 πος
305 2553 319 2568 ο
357 2535 518 2589 οὐδὲν
541 2533 622 2587 ἔτι
667 2529 865 2586 κωλύει
915 2532 1082 2593 νοεῖν,
1129 2529 1206 2590 ὡς
1246 2522 1327 2590 εἷς
1368 2524 1630 2596 ὑπάρχων
1675 2521 1769 2576 καὶ

183 2626 348 2696 μόνος
377 2626 412 2678 ὁ
453 2621 707 2695 Χριστὸς,
751 2619 914 2682 αὐτὸς
955 2618 1087 2681 Θεός
1133 2618 1250 2670 ὲστι
1295 2615 1391 2668 καὶ
1439 2614 1722 2682 ἄνθρωπος
1751 2627 1765 2640 ·

180 2715 377 2786 ’ὥσπερ
405 2717 465 2768 ὲν
495 2714 707 2782 θεότητι
728 2711 956 2774 τέλειος,
987 2707 1131 2762 οὕτω
1159 2707 1254 2760 καὶ
1298 2707 1357 2758 ὲν
1383 2704 1768 2772 ἀνθρωπότητι

185 2807 420 2868 τέλειος.
475 2805 774 2876 Ὀρθότατα
808 2802 885 2866 δὲ,
918 2801 1012 2855 καὶ
1048 2800 1186 2853 πάνυ
1231 2797 1468 2860 συνετῶς
1511 2797 1544 2867 ἠ
1581 2794 1648 2867 σὴ
1674 2813 1764 2848 τε-

185 2901 405 2971 λειότης
427 2897 517 2952 τὸν
553 2896 680 2970 περὶ
705 2893 803 2948 τοῦ
832 2892 1101 2964 σωτηρίου
1132 2889 1340 2952 πάθους
1379 2889 1650 2942 ἐκτίθεται
1675 2888 1764 2940 λό-

187 3011 311 3061 γον,
342 2993 446 3046 οὐκ
491 2989 651 3043 αὐτὸν
697 2986 791 3041 τὸν
840 2983 1102 3058 μονογενῆ
1143 2982 1270 3034 Υίὸν
1297 2979 1392 3033 τοῦ
1425 2978 1584 3044 Θεοῦ,
1629 2978 1767 3032 καθὸ

191 3087 395 3138 νοεῖται
434 3081 530 3135 καὶ
559 3079 675 3132 ἐστι
699 3076 852 3139 Θεὸς,
894 3073 1086 3148 παθεῖν
1112 3073 1191 3134 είς
1217 3071 1352 3124 ἰδίαν
1383 3070 1544 3136 φύσιν
1569 3069 1638 3121 τὰ
1671 3067 1764 3122 τοῦ

195 3175 452 3242 σώματος
487 3164 974 3236 διισχυριζομένη·
1019 3161 1213 3214 παθεῖν
1255 3161 1313 3213 δὲ
1355 3158 1518 3211 αὑτὸν
1565 3157 1766 3228 μᾶλλον

192 3265 260 3332 τῇ
289 3262 446 3331 χοῖκῇ
475 3258 654 3326 φύσει.
685 3254 832 3306 Ἔδει
860 3252 990 3322 γὰρ,
1021 3250 1128 3303 ἔδει
1152 3247 1338 3317 σαφῶς
1359 3247 1644 3317 ἀμφότερα
1665 3245 1770 3297 σώ-

196 3349 397 3413 ζεσθαι
427 3347 506 3416 τῷ
550 3344 629 3397 ἑνὶ
655 3344 772 3395 κατ’
815 3340 1076 3410 ἀλήθειαν
1107 3337 1243 3407 Υίῷ,
1279 3337 1374 3390 καὶ
1409 3335 1469 3388 τὸ
1535 3334 1610 3404 μὴ
1663 3335 1769 3388 πά-

195 3455 350 3508 σχειν
397 3436 612 3499 θεῖκῶς,
646 3433 738 3486 καὶ
775 3433 836 3486 τὸ
865 3429 1117 3499 λέγεσθαι
1149 3427 1342 3481 παθεῖν
1374 3425 1762 3498 ἀνθρωπίνως·

194 3529 230 3598 ἡ
261 3527 428 3580 αὐτοῦ
455 3526 561 3596 γάρ
586 3523 818 3578 πέπονθε
851 3521 1009 3592 σάρξ.

1871 1890 2156 1952 tradimus,
2193 1889 2502 1943 subsistat?
2533 1887 2640 1942 Sed
2684 1889 2945 1958 quoniam
2987 1896 3042 1942 et
3081 1887 3201 1957 ipsa
3245 1887 3300 1940 in
3340 1887 3445 1940 hu-

1869 1980 2132 2034 manitate
2160 1979 2449 2050 perfectio,
2481 1979 2886 2034 etmbstantiae
2911 1994 3074 2048 quam
3115 1993 3216 2032 nos
3269 1977 3444 2032 tradi-

1869 2085 2013 2134 mus,
2062 2069 2398 2139 signilicatio
2449 2087 2550 2140 per
2579 2071 2811 2124 verbum
2861 2070 3044 2133 istud,
3077 2071 3440 2130 incarnatam.

1867 2161 2269 2231 comprehensa
2304 2171 2390 2216 est
2425 2203 2439 2226 ,
2480 2162 2643 2216 inniti
2711 2161 3020 2216 arundineo
3057 2161 3252 2216 baculo
3293 2161 3443 2215 desi-

1867 2260 2022 2306 nant.
2054 2253 2190 2306 Nam
2219 2253 2690 2323 dispensationem
2723 2254 3062 2324 rejicientes,
3094 2261 3151 2308 et
3184 2253 3443 2307 incarna-

1867 2341 2074 2396 tionem
2099 2352 2379 2413 negantes,
2411 2343 2606 2398 merito
2641 2359 3070 2409 accusaremur;
3105 2347 3204 2398 ceu
3237 2343 3439 2398 Filium

1869 2433 2112 2503 perfecta
2143 2422 2484 2490 humanitate
2537 2436 2856 2504 spoliantes.
2891 2436 2962 2490 At
2991 2451 3122 2491 vero
3159 2437 3204 2491 si
3239 2436 3442 2501 dicam,

1867 2525 1924 2578 in
1954 2541 2022 2580 eo
2075 2527 2222 2596 quod
2266 2526 2446 2596 ipsum
2495 2529 2839 2583 inearnatum
2891 2528 3042 2596 dixi,
3091 2529 3442 2599 perspicuam

1867 2615 2206 2684 minimeque
2263 2617 2576 2686 ambiguam
2628 2632 2752 2674 esse
2799 2616 3244 2683 confessionem,
3292 2617 3441 2686 quod

1867 2704 2032 2758 homo
2063 2705 2240 2760 factus
2264 2707 2335 2759 sit
2364 2747 2378 2770 ,
2407 2706 2544 2759 nihil
2597 2713 2682 2761 est
2729 2707 2996 2776 amplius,
3022 2708 3170 2777 quod
3198 2708 3442 2777 cogitare

1867 2802 2035 2862 vetet,
2085 2793 2365 2850 Christum
2391 2811 2561 2850 unum
2585 2805 2642 2851 et
2671 2798 2916 2864 unicum,
2949 2798 3156 2868 pariter
3185 2807 3240 2853 et
3269 2800 3442 2853 Deum

1866 2895 1922 2942 et
1959 2887 2238 2942 hominem
2277 2903 2439 2942 esse:
2477 2896 2538 2940 ut
2571 2887 2878 2958 perfectum
2909 2890 2962 2942 in
3003 2881 3291 2944 divinitate
3313 2931 3328 2954 ,
3362 2890 3443 2944 sic

1867 2976 2032 3030 etiam
2064 2977 2369 3047 perfectum
2407 2979 2462 3032 in
2491 2977 2857 3034 humanitate.
2911 2980 3238 3035 Rectissime
3283 2995 3440 3046 vero,

1867 3076 1922 3122 et
1974 3069 2268 3122 admodum
2305 3069 2524 3123 erudite
2556 3070 2822 3138 perfectio
2874 3078 2966 3124 tua
3013 3071 3322 3126 doctrinam
3371 3073 3440 3127 de

1869 3160 2122 3228 passione
2147 3161 2374 3214 salutari
2399 3162 2646 3228 exponit,
2672 3177 2797 3214 cum
2815 3177 2924 3214 non
2949 3162 3125 3230 ipsum
3145 3164 3439 3233 unigenam

1863 3250 1962 3304 Dei
1991 3250 2210 3314 Filium,
2249 3257 2526 3319 quatenus
2555 3251 2879 3319 intelligitur
2905 3259 2962 3305 et
3007 3261 3092 3306 est
3123 3253 3286 3318 Deus,
3315 3270 3440 3322 pas-

1865 3357 1986 3396 sum
2019 3342 2074 3395 in
2115 3350 2308 3396 [natura
2349 3357 2468 3407 sua,
2510 3357 2632 3412 quae
2663 3341 2869 3396 cadunt
2903 3343 2958 3396 in
3001 3359 3234 3413 corpus,
3297 3344 3442 3398 δαῖε·-

1868 3447 1985 3486 mas
2008 3449 2021 3485 :
2041 3433 2135 3488 sed
2161 3432 2346 3503 potius
2376 3449 2502 3488 eum
2535 3441 2730 3487 natura
2760 3442 2973 3489 terrena
3001 3451 3243 3505 passum.
3270 3436 3442 3507 Opor-

1871 3523 2020 3578 tebat
2044 3525 2214 3590 enim,
2249 3525 2541 3594 oportebat
2571 3535 2806 3594 utraque
2837 3527 3128 3583 manifesto
3146 3529 3293 3583 salva
3319 3545 3442 3584 esse

197 3623 296 3678 uni
334 3636 526 3690 reapse
556 3619 732 3682 Filio;
767 3627 879 3672 tum
928 3624 992 3670 ut
1042 3611 1350 3670 divinitatis
1375 3622 1627 3683 respectu
1658 3627 1769 3668 non
1805 3627 2108 3685 pateretur,
2137 3628 2250 3674 tum
2310 3631 2370 3673 ut
2417 3619 2740 3674 humanitus
2763 3635 2883 3676 esse
2911 3637 3107 3692 passus
3131 3624 3438 3679 diceretur:

195 3715 403 3784 quippe
433 3727 560 3768 caro
597 3710 768 3779 ipsius
805 3722 963 3778 passa
994 3707 1116 3760 fuit.

281 3807 476 3860 ’ἰστέον
501 3803 577 3864 δὲ,
609 3803 690 3855 ὅτι
726 3798 940 3870 πρῶτος
974 3799 1033 3852 ἐν
1064 3795 1362 3868 ὀρθοδόξοις
1389 3795 1472 3861 τὸ,
1507 3795 1634 3866 μίαν
1667 3795 1770 3865 φύ-

196 3912 283 3948 σιν
321 3894 416 3949 τοῦ
458 3892 594 3946 Θεοῦ
639 3891 812 3958 Λόγου
873 3887 1314 3962 σεσαρκωμένην,
1365 3882 1516 3940 εἶπεν
1546 3887 1574 3940 ὁ
1617 3886 1769 3955 ἅγιος

196 3985 484 4058 Κύριλλος.
523 3983 608 4034 Ἐν
643 3979 939 4052 ὀρθοδόξοις
959 3979 1015 4032 δὲ
1048 3979 1296 4048 εἴπομεν,
1329 3977 1514 4047 ἐπειδὴ
1548 3980 1576 4030 ὁ
1614 3979 1771 4031 Ἀπο-

193 4075 436 4146 λινάριος
468 4071 727 4133 πολλάκις
753 4070 908 4137 ἔλεγε
933 4067 1090 4121 τοῦτο
1117 4084 1132 4098 ο
1163 4065 1286 4119 ὅθεν
1317 4069 1410 4120 καὶ
1450 4066 1708 4138 ἐνομίσθη
1740 4069 1768 4120 ὁ

183 4167 352 4236 ἅγιος
390 4162 655 4234 Κύριλλος
691 4161 839 4231 παρὰ
880 4159 988 4211 τῶν
1010 4158 1372 4211 Ἀνατολικῶν
1429 4159 1766 4229 ’Λπολιναρι-

173 4259 322 4328 uti};
351 4253 513 4318 εἶναι,
539 4254 639 4306 οὐκ
659 4247 726 4322 ἦν
751 4251 827 4305 δέ.
853 4251 987 4303 Οὐδὲ
1017 4251 1126 4322 γὰρ
1154 4251 1275 4304 δέον
1301 4251 1419 4303 ἐστὶ
1445 4251 1642 4314 πάντα,
1665 4253 1768 4306 ὅσα

169 4342 443 4416 λέγουσιν
466 4345 513 4397 οἰ
543 4343 830 4414 αἰρετικοὶ,
867 4343 1083 4404 πάντως
1131 4341 1205 4410 μὴ
1251 4340 1502 4410 δέχεσθαι
1537 4357 1548 4372 ·
1591 4342 1662 4396 τὰ
1708 4343 1766 4396 δὲ

1850 3792 1858 3801 ’
1939 3797 2028 3852 lll.
2061 3797 2360 3852 Sciendum
2410 3806 2594 3854 autem
2641 3798 2877 3868 primum
2931 3798 3076 3853 inter
3103 3800 3445 3860 orthodoxos

1869 3884 2134 3958 Cyrillum
2159 3889 2456 3958 protulisse
2490 3889 2722 3944 verbum
2773 3890 2942 3946 illud:
2979 3907 3142 3946 unam
3185 3889 3441 3952 naturam

1868 3977 1968 4033 Dei
2011 3978 2293 4034 Sermonis
2336 3981 2696 4037 incarnatam.
2744 3982 2896 4037 Inter
2939 3983 3276 4040 orthodoxos
3305 3987 3444 4042 dici-

1868 4084 1992 4124 mus
2053 4071 2313 4141 quoniam
2349 4072 2547 4142 saepius
2607 4073 2714 4127 hoc
2755 4073 3066 4142 Apolinaris
3119 4078 3439 4145 repetebat;

1868 4160 2014 4214 unde
2039 4160 2270 4226 factum,
2307 4169 2367 4214 ut
2400 4170 2622 4216 sanctus
2648 4161 2888 4232 Cyrillus
2918 4178 3017 4231 pro
3070 4164 3441 4233 Apolinarista

1869 4251 1942 4306 sit
1974 4251 2197 4306 habitus
2227 4251 2296 4306 ab
2331 4251 2742 4317 Orientalibus,
2801 4269 2928 4308 cum
2979 4253 3104 4308 talis
3129 4269 3239 4308 non
3270 4263 3437 4310 esset.

1865 4341 1980 4396 Nec
2011 4341 2161 4396 enim
2197 4356 2422 4396 necesse
2459 4351 2544 4396 est
2583 4343 2764 4397 omnia
2790 4383 2805 4409 ,
2853 4359 3199 4413 quaecunque
3247 4345 3442 4400 dicunt

186 4439 340 4492 κακά
393 4434 818 4490 ἀποϐάλλεσθαι.
881 4433 1270 4505 Παραφέρουσι
1320 4434 1377 4486 δὲ
1440 4435 1532 4490 καὶ
1571 4436 1762 4507 ἑτέραν

1869 4431 2138 4496 lizeretici,
2164 4432 2392 4486 omnino
2423 4447 2532 4486 non
2569 4433 2818 4500 admitli;
2855 4435 2996 4489 mala
3025 4435 3250 4504 quidem
3284 4437 3438 4509 rejici

193 4531 393 4599 χρῆσιν
433 4527 507 4588 ὡς
544 4525 650 4578 ἀπὸ
682 4525 778 4578 τοῦ
813 4526 1086 4595 μακαρίου
1129 4524 1372 4588 Ἰουλίου,
1404 4527 1663 4598 κειμένην
1701 4531 1758 4581 ἐν

190 4621 258 4688 τῇ
291 4615 424 4687 πρὸς
457 4615 731 4668 Διονύσιον
754 4615 846 4667 τὸν
874 4615 1136 4685 Κορίνθου
1161 4615 1456 4669 ἐπίσκοπον
1478 4617 1756 4689 ἐπιστολῇ,

190 4705 258 4782 ἦς
294 4710 328 4779 ή
353 4706 516 4777 ἀρχὴ,
544 4705 823 4775 Θαυμάζω
870 4706 1321 4774 πυνθανόμενος
1371 4707 1506 4772 περί
1559 4723 1756 4764 τινων.

190 4801 300 4856 Καὶ
325 4799 470 4851 ἐστιν
505 4801 539 4868 ἡ
571 4797 762 4868 χρῆσις
799 4795 1022 4866 τοιαύτη
1049 4813 1064 4828 ο
1110 4797 1352 4866 Ἀνάγκη
1375 4799 1504 4867 γὰρ,
1545 4796 1638 4850 δύο
1667 4797 1756 4850 λέ-

187 4906 389 4964 ¹γοντας
434 4889 633 4950 αὐτοὺς
679 4887 892 4957 φύσεις,
929 4888 1026 4960 τὴν
1058 4888 1154 4958 μὲν
1189 4891 1537 4959 προσκυνεῖν,
1571 4888 1668 4959 τὴν
1701 4889 1756 4943 δὲ

192 4983 268 5056 μὴ
304 4983 629 5054 προσκυνεῖν
658 4997 672 5010 ο
699 4979 792 5034 καὶ
824 4981 902 5044 είς
945 4980 1044 5051 μὲν
1079 4980 1230 5034 θείαν
1261 4981 1640 5051 βαπτίζεσθαι,
1675 4985 1757 5044 εἰς

183 5075 242 5128 δὲ
281 5072 378 5142 τὴν
426 5069 776 5141 ἀνθρωπίνην
821 5071 896 5139 μὴ
941 5069 1347 5140 βαπτίζεσθαι·
1389 5073 1483 5124 καὶ
1508 5070 1669 5140 ἕτερα
1699 5071 1756 5124 δὲ

183 5164 354 5219 πολλὰ
383 5165 559 5217 κεῖται
587 5165 644 5214 ὲν
677 5163 744 5232 τῇ
775 5163 1028 5232 ἐπιστολῇ
1075 5161 1268 5234 ταύτῃ.
1321 5162 1510 5232 Ἡμεῖς
1552 5165 1605 5216 δὲ
1645 5161 1754 5216 ἀπὸ

183 5253 393 5310 πολλῶν
420 5253 788 5322 διελέγχομεν,
817 5251 892 5322 μὴ
930 5247 1071 5304 εἶναι
1111 5254 1208 5320 τὴν
1239 5253 1525 5322 ἐπιστολὴν
1555 5253 1753 5323 ταύτην

119 5343 129 5352 ”
179 5346 274 5401 τοῦ
305 5343 575 5416 μακαρίου
618 5342 859 5400 Ἰουλίου.
887 5342 1024 5396 ἀλλὰ
1051 5341 1144 5394 τοῦ
1173 5341 1567 5412 Ἀπολιναρίου.
1591 5343 1750 5412 Πρῶ-

179 5452 270 5489 τον
293 5433 416 5504 μὲν,
450 5435 530 5486 ὅτι
563 5433 614 5486 εἴ
643 5449 725 5494 τις
751 5431 992 5503 ἀκριϐῶς
1023 5432 1308 5500 σκοπήσοι,
1347 5431 1498 5483 οὐδὲν
1528 5433 1750 5502 ψέρεται

179 5522 273 5577 τοῦ
305 5523 578 5594 μακαρίου
627 5520 870 5574 Ἰουλίου.
919 5521 1080 5574 Ἀλλά
1119 5523 1214 5574 καὶ
1249 5521 1304 5574 αἰ
1347 5519 1487 5573 ἑπτά
1533 5523 1749 5575 ἐπιστο-

177 5611 288 5679 λαὶ,
314 5611 381 5674 ἃς
407 5610 657 5679 λέγουσιν
699 5609 838 5664 εἶναι
869 5612 1056 5677 αὑτοῦ,
1098 5611 1188 5664 τοῦ
1245 5611 1617 5682 ’Δπολιναρίαυ
1669 5616 1746 5666 εἰ-

181 5702 285 5758 σίν.
323 5703 572 5771 Ἔπειτα,
600 5705 679 5757 ὅτι
715 5703 976 5774 μνησθεὶς
1009 5705 1066 5756 ἐν
1091 5703 1226 5774 αὐτῇ
1255 5706 1316 5774 τῇ
1350 5704 1602 5776 ἐπιστολῇ
1637 5705 1743 5758 σώ-

1867 4518 2093 4573 dehent.
2118 4519 2368 4574 Aﬂ‘erunt
2387 4519 2535 4574 aliud
2558 4536 2776 4590 quoque
2790 4520 3021 4588 dictum,
3050 4523 3200 4578 velut
3224 4539 3256 4577 a
3279 4523 3438 4579 beato

1865 4609 2012 4664 Julio
2027 4609 2356 4678 profectum.
2383 4611 2530 4680 quod
2554 4611 2784 4666 exsistat
2806 4612 2862 4666 in
2888 4612 3124 4682 epistola
3143 4614 3345 4684 scripta
3366 4615 3435 4671 ad

1863 4699 2186 4770 Dionysium
2215 4700 2466 4754 Corinthi
2497 4702 2835 4772 episcopum,
2867 4705 3024 4774 cujus
3055 4703 3272 4759 initium
3304 4715 3388 4761 est
3417 4724 3431 4762 :

1863 4790 2030 4844 Miror
2053 4791 2117 4844 de
2139 4791 2455 4862 quibusdam
2494 4791 2735 4848 audiens.
2768 4793 2974 4864 Estque
3006 4793 3212 4850 dictum
3242 4796 3434 4867 hujus-

1863 4883 2076 4936 cemodi
2107 4900 2120 4936 :
2150 4883 2384 4938 Necesse
2405 4891 2491 4939 est
2507 4899 2625 4952 eos,
2655 4899 2779 4940 cum
2809 4886 2948 4940 duas
2965 4895 3192 4942 naturas
3219 4887 3430 4956 dicunt,

1862 4988 2026 5028 unam
2057 4972 2288 5028 adorare
2310 5015 2324 5039 ,
2379 4974 2609 5028 alteram
2638 4991 2748 5030 non
2782 4975 3015 5032 adorare
3041 4994 3056 5042 ;
3105 4993 3170 5032 ac
3202 4978 3256 5032 in
3285 4979 3430 5034 divi-

1859 5083 1984 5122 nam
2014 5067 2236 5138 quidem
2267 5068 2561 5139 baptizari,
2587 5077 2646 5124 at
2690 5071 2748 5124 in
2781 5070 3078 5127 humanam
3106 5088 3219 5127 non
3250 5074 3428 5144 bapti-

1858 5157 1970 5210 zari
2000 5175 2014 5210 :
2043 5158 2260 5227 aliaque
2309 5157 2468 5227 plura
2513 5159 2702 5214 isthmc
2739 5160 2971 5229 epistola
3021 5162 3286 5218 continet.
3319 5163 3426 5220 Sed

1857 5263 1960 5303 nos
1983 5249 2322 5319 argumentis
2351 5248 2608 5318 pluribus
2635 5250 3020 5306 convincimus
3041 5291 3056 5316 ,
3116 5268 3228 5307 non
3277 5253 3425 5308 illam

1855 5341 2140 5412 epistolam
2187 5354 2309 5395 esse
2361 5339 2510 5396 beati
2568 5340 2718 5396 illius
2753 5341 2927 5408 Julii,
2963 5342 3060 5397 sed
3091 5343 3420 5412 Apolinaris.

1852 5431 2098 5486 Primum
2129 5448 2196 5487 ex
2231 5447 2298 5487 eo
2343 5433 2490 5502 quod
2527 5433 2572 5488 si
2618 5432 2743 5504 quis
2775 5449 2894 5489 eam
2922 5433 3202 5488 subtiliter
3236 5433 3421 5487 consi-

1851 5523 2040 5584 deret.
2067 5524 2208 5578 nihil
2233 5523 2454 5579 Juliano
2483 5525 2708 5596 dignum
2753 5527 2977 5580 nomine
3008 5524 3210 5578 habeat
3240 5540 3254 5576 :
3287 5521 3420 5590 quin

1849 5626 1904 5674 et
1923 5628 2135 5690 septem
2158 5620 2265 5675 illae
2293 5620 2539 5690 epistolae
2562 5607 2700 5690 quas
2723 5622 2844 5692 ejus
2866 5635 2986 5674 esse
3011 5619 3221 5676 dicunt,
3273 5615 3420 5680 Apo-

1848 5710 2038 5764 linaris
2077 5719 2224 5766 sunt.
2258 5712 2486 5778 Deinde,
2535 5713 2680 5781 quod
2718 5712 2772 5769 in
2807 5711 2998 5766 eadem
3031 5705 3264 5776 epistola
3291 5715 3416 5756 cor--
