3954 6148
538 276 679 343 1255

1802 278 2115 340 LEONTII
2156 278 2557 339 BYZANTINi

3645 293 3797 356 1256

540 389 693 461 poris
716 387 994 444 mentione
1017 385 1180 453 fama,
1220 401 1493 456 nusquam
1520 385 1577 441 id
1600 396 1791 442 mente
1813 388 2105 458 praeditum

2215 403 2402 456 ματος,
2430 388 2668 457 οὐδαμοῦ
2693 391 2878 462 νοερὸν
2901 386 3078 461 εἷπεν,
3123 395 3156 467 ἢ
3203 397 3471 472 ἔμψυχον.
3524 404 3692 468 Ἕθος
3738 409 3797 463 οι

539 481 626 536 vel
650 479 954 534 animatum
975 477 1199 533 dixerit.
1234 477 1368 532 Erat
1391 487 1574 534 autem
1596 478 1653 532 in
1681 493 1831 534 more
1852 479 2109 539 Patribns

539 570 688 624 illius
714 569 899 625 surculi
924 609 940 633 ,
973 576 1034 622 ut
1079 565 1256 623 sicubi
1303 568 1554 637 corporis
1579 568 1919 624 mentionem
1960 569 2109 624 face-

534 640 693 723 ren't,
744 657 803 712 id
830 657 1010 726 ipsum
1049 664 1232 712 mente
1261 655 1547 725 praeditum
1580 657 1993 728 animatumque
2020 658 2108 714 di-

537 752 729 803 cerent
759 763 774 799 :
802 733 950 814 quod
983 743 1205 813 quidem
1238 759 1410 813 usque
1457 744 1598 800 adeo
1638 760 1831 800 verum
1869 755 1991 810 est,
2046 754 2109 801 ut

538 836 1025 893 reformidantibus
1057 835 1138 890 eis
1164 835 1270 888 hoc
1297 835 1527 900 crimen,
1571 834 1807 905 ideoque
1847 835 2109 905 deinceps

537 930 659 985 illas
685 943 848 983 voces
871 944 884 981 :
911 935 1081 980 mente
1107 926 1387 995 praeditum
1409 935 1458 979 et
1495 928 1813 992 animatum,
1843 926 2109 997 adjicien-

537 1019 709 1084 tibus,
733 1018 873 1072 .nulli
900 1017 1266 1087 posteriorum
1290 1017 1417 1071 libri
1441 1019 1809 1087 reperiantur,
1835 1018 1929 1087 qui
1964 1018 2110 1072 hanc

535 1124 788 1166 veterum
836 1109 1201 1179 appendicem
1253 1125 1364 1164 non
1416 1109 1675 1164 habeant.
1732 1111 2001 1165 Prmterea
2039 1110 2108 1164 de

535 1207 644 1260 hoc
672 1219 892 1275 quoque
939 1218 1057 1259 non
1091 1202 1235 1256 beati
1265 1201 1397 1257 Julii
1426 1241 1440 1265 ,
1484 1202 1581 1257 sed
1619 1202 1936 1270 Apolinaris
1985 1216 2107 1257 esse

538 1297 923 1367 redarguitur:
945 1294 1092 1372 quod
1121 1295 1402 1364 Nyssenus
1425 1293 1514 1346 ille
1533 1291 1835 1363 Gregorius
1860 1293 1913 1347 in
1938 1309 2107 1362 opere

539 1399 731 1446 contra
763 1387 1103 1457 Apulinarim
1143 1394 1333 1455 aperte
1383 1384 1557 1439 multa
1589 1385 1818 1449 recitet,
1853 1401 1975 1455 qua:
2007 1385 2110 1439 hac

538 1479 771 1547 epistola
823 1475 1177 1530 continentur
1208 1515 1223 1535 ,
1257 1489 1431 1544 eaque
1470 1488 1573 1528 ceu
1622 1489 1793 1544 prava
1819 1513 1834 1538 ,
1881 1474 2104 1529 refutet.

539 1569 727 1624 Potest
752 1577 802 1620 et
828 1565 1054 1620 aliunde
1081 1563 1356 1629 convinci,
1383 1563 1529 1633 quod
1560 1562 1706 1617 beati
1724 1562 1854 1618 Julii
1880 1578 1992 1617 non
2013 1561 2104 1616 sit.

2209 474 2356 548 εἶχον
2409 482 2459 534 οἱ
2505 482 2628 535 κατ’
2667 483 2877 540 ἐκεῖνον
2904 485 2998 539 τὸν
3033 489 3225 559 καιρὸν
3253 493 3521 565 Πατέρες,
3550 497 3685 553 ἔνθα
3726 502 3794 556 ἂν

2210 571 2494 640 μνησθῶσι
2524 571 2621 626 τοῦ
2656 572 2933 644 σώματος,
2963 577 3026 631 τὸ
3062 579 3249 650 νοερὸν
3277 582 3463 652 λέγειν
3491 590 3587 641 καὶ
3608 590 3792 661 ἐμψυ.

2208 678 2303 732 χον
2324 679 2341 692 υ
2384 663 2479 716 καὶ
2507 665 2763 719 τοσοῦτόν
2818 669 2936 720 ἐστι
2963 669 3123 725 τοῦτο
3172 672 3390 744 ἀληθὲς.
3435 679 3520 733 ὄτι
3575 681 3793 755 ὑφορῶ.

2212 770 2364 822 μενοι
2398 754 2559 809 τοῦτο
2591 757 2654 810 τὸ
2693 756 2970 830 ἔγκλημα,
3020 765 3372 834 προσέθηκαν
3421 754 3695 842 ὕστερον,
3728 779 3791 831 to

2206 846 2422 914 νοερὸν
2447 847 2542 900 καὶ
2576 848 2636 902 τὸ
2665 849 2948 920 ἔμψυχον
2976 869 2992 884 '
3024 857 3119 909 καὶ
3150 858 3254 912 οὐκ
3284 858 3434 916 ἔστιν
3462 863 3644 934 εὑρεῖν
3663 884 3791 923 τινα

2209 935 2318 989 τῶν
2344 941 2825 1030 μεταγενεστέρων
2861 943 3064 1012 βιϐλία,
3103 950 3178 1018 μὴ
3201 950 3396 1022 ἔχοντα
3417 955 3516 1025 τὴν
3538 960 3789 1030 reposti-1;-

2208 1043 2313 1118 κην
2344 1027 2457 1081 τῶν
2492 1029 2765 1086 παλαιῶν.
2800 1033 2922 1088 Ὅτι
2954 1035 3012 1090 δὲ
3042 1039 3138 1092 καὶ
3180 1043 3246 1093 ὲκ
3274 1043 3467 1099 τούτου
3499 1027 3789 1118 ἐλέγχεται

2207 1116 2303 1169 τοῦ
2351 1117 2728 1191 Ἀπολιναρίου
2761 1118 2917 1187 οὖσα,
2948 1128 3044 1180 xal.
3062 1130 3162 1184 οὐκ
3184 1132 3352 1187 αὑτοῦ
3381 1136 3474 1191 τοῦ
3506 1116 3789 1212 μακαρίου

2222 1207 2444 1262 Ἰουλίου
2469 1227 2484 1241 ο
2510 1210 2809 1282 Γρηγόριος
2836 1214 2948 1287 γὰρ
2974 1218 3004 1269 ὁ
3031 1217 3256 1290 Νύσσης
3280 1223 3341 1277 ἐν
3366 1229 3432 1294 τῇ
3455 1207 3592 1297 πρὸς
3624 1207 3791 1286 nam.

2209 1299 2453 1370 λινὰριον
2478 1298 2836 1385 πραγματείᾳ
2874 1307 3123 1374 φαίνεται
3166 1317 3514 1385 μεμνημένος
3570 1321 3788 1376 πολλῶν

2208 1385 2319 1438 τῶν
2350 1387 2409 1438 ὲν
2446 1389 2511 1456 τῇ
2547 1384 2805 1461 ἐπιστολῇ
2836 1394 3030 1468 ταύτῃ,
3060 1399 3155 1452 καὶ
3187 1384 3508 1474 ἀνατρέπων
3531 1408 3677 1467 αὐτὰ
3707 1411 3789 1474 ὡς

2206 1474 2398 1568 statarii;
2427 1475 2643 1568 ἔχοντα.
2684 1480 2841 1535 Ἔστι
2864 1482 2921 1537 δὲ
2942 1487 3036 1539 καὶ
3058 1487 3167 1541 ἀπὸ
3193 1490 3353 1547 ἄλλον
3385 1496 3555 1568 αὐτὴν
3570 1498 3788 1566 διελέγ-

2211 1566 2299 1633 ξαι
2321 1567 2395 1638 μὴ
2424 1567 2592 1622 οὖσαν
2623 1569 2718 1624 τοῦ
2758 1575 3030 1644 μακαρίου
3079 1577 3320 1634 Ἰουλίου.
3355 1583 3493 1637 Φασὶ
3512 1566 3635 1657 *γὰρ
3666 1592 3789 1645 κετ-

539 1661 704 1716 Aiunl
728 1658 874 1715 enim
892 1657 1031 1712 actis
1049 1655 1242 1727 synodi
1266 1655 1556 1725 Epiresinae
1585 1652 1690 1708 sub
1720 1653 1881 1709 beato
1904 1653 2108 1726 Cyrillo

2215 1660 2340 1715 σθαι
2373 1661 2543 1733 αὐτὴν
2568 1665 2628 1716 ὲν
2659 1666 2772 1728 τοῖς
2812 1666 3137 1738 πραχθεῖσιν
3179 1673 3238 1726 ἂν
3291 1674 3500 1747 Ἐφέσῳ
3540 1652 3639 1731 ἐπὶ
3683 1681 3786 1736 τοῦ

542 1753 804 1808 insertam
833 1767 847 1804 :
883 1748 1028 1820 quod
1058 1747 1284 1817 quidem
1313 1755 1504 1816 aperte
1556 1745 1922 1800 mentiuntur.
1970 1745 2107 1800 Nam

2215 1753 2486 1824 μακαρίου
2522 1754 2792 1826 Κυρίλλου
2824 1774 2836 1786 ·
2871 1760 2964 1813 καὶ
3001 1759 3288 1830 ψεύδονται
3614 1774 3789 1831 Οὐδὲν

542 1842 622 1897 ibi
651 1842 791 1896 nihil
823 1841 877 1895 in
907 1851 1056 1894 textu
1096 1838 1202 1893 tale
1234 1837 1510 1906 reperitur
1532 1876 1548 1902 ,
1604 1835 1700 1891 sed
1728 1836 1836 1890 alia
1860 1834 2111 1905 quaedam

541 1935 750 1988 inserta
775 1939 858 1985 est
880 1929 1136 2000 epistola.
1169 1929 1321 1983 velut
1352 1927 1553 1996 Uulio
1576 1926 1813 1997 scripta;
1846 1941 1950 1981 nec
1993 1926 2110 1996 ipsa

538 2024 703 2089 Julii,
763 2022 858 2077 sed
913 2019 1188 2076 TimOthei
1221 2036 1236 2072 :
1268 2017 1732 2088 quemadmodum
1800 2016 1870 2071 de
1922 2016 2112 2071 multis

540 2113 948 2184 exemplaribus
978 2110 1206 2180 intelligi
1234 2116 1433 2179 potest.
1483 2108 1777 2163 Enimvero
1819 2122 1942 2162 cum
1970 2107 2111 2160 nihil

541 2207 704 2261 nobis
733 2205 1079 2268 adversetur,
1111 2193 1260 2272 quod
1289 2200 1556 2256 camJulii
1589 2200 1793 2265 dicant,
1819 2198 1976 2255 ﬂocci
2007 2199 2112 2254 sei-

540 2298 672 2352 licct
715 2295 1048 2351 faciendum.

611 2387 698 2443 ιγ.
746 2387 1043 2443 Proferunt
1074 2385 1235 2439 nobis
1265 2393 1320 2439 et
1348 2384 1514 2439 aliam
1543 2383 1838 2454 quamdam
1863 2383 2111 2438 auctori-

542 2489 709 2535 tatem
738 2479 908 2534 sancti
940 2477 1189 2548 Gregorii
1214 2517 1228 2542 ,
1283 2493 1447 2547 quem
1474 2475 1851 2546 prodigiorum
1881 2473 2108 2529 eﬂ‘ecto-

543 2583 660 2622 rem
692 2567 1073 2630 nominamus,
1124 2581 1192 2622 ex
1218 2567 1368 2621 illius
1395 2564 1742 2620 confessione
1771 2565 1921 2630 lidei,
1947 2579 2108 2621 seor-

543 2674 666 2714 sum
700 2657 970 2727 exposita.
997 2657 1115 2712 Non
1137 2657 1276 2712 duas
1310 2671 1598 2726 personas,
1618 2656 1819 2726 inquit,
1844 2672 1954 2712 non
1974 2657 2114 2713 duas

541 2760 806 2814 naturas;
839 2748 967 2818 quia
1000 2761 1114 2802 non
1139 2746 1418 2802 adoranda
1443 2754 1575 2802 sunt
1611 2755 1852 2817 quatuor
1885 2766 1898 2801 :
1925 2757 1983 2804 et
2007 2748 2115 2803 alia

542 2857 666 2912 qua:
697 2848 1022 2910 sequuntur.
1050 2838 1132 2893 Ad
1159 2839 1263 2894 hoc
1305 2852 1524 2908 quoque
1549 2837 1963 2908 respondemus,
1994 2839 2112 2908 pri-

543 2946 696 2986 mum
727 2929 796 3000 de
821 2929 927 2982 hac
975 2927 1167 2983 itidem
1215 2927 1525 2982 dubitatum
1570 2927 1715 2997 apud
1752 2927 2111 2997 antiquiores,

2208 1842 2318 1912 γὰρ
2346 1841 2590 1896 τοιοῦτον
2634 1846 2818 1898 κεῖται
2855 1847 2989 1910 ἐκεῖ,
3041 1848 3179 1905 ἁλλὰ
3221 1851 3358 1922 ἄλλη
3392 1856 3545 1911 ἐστὶν
3579 1858 3617 1928 ἡ
3670 1877 3789 1915 κει-

2214 1933 2349 2005 μένη
2384 1933 2523 1999 ἐκεῖ,
2555 1935 2631 1997 ὡς
2664 1935 2775 1988 ἀπὸ
2813 1936 2910 1990 τοῦ
2956 1940 3201 2006 Ἰουλίου,
3228 1943 3352 2014 ἥτις
3389 1946 3510 2001 οὐδὲ
3559 1949 3786 2004 Ἰουλίου

2208 2024 2380 2087 ἐστὶν,
2412 2023 2548 2077 ἀλλὰ
2577 2024 2866 2094 Τιμοθέου,
2916 2029 2992 2092 ὡς
3037 2028 3183 2084 ἔστιν
3225 2035 3334 2087 ἀπὸ
3383 2035 3593 2091 πολλῶν
3632 2040 3786 2092 ἀντι-

2210 2115 2440 2184 γράφων
2471 2115 2834 2186 καταμαθεῐν.
2883 2118 3022 2172 Ἀλλ’
3059 2123 3249 2193 ἐπειδὴ
3278 2127 3419 2181 κατὰ
3452 2129 3617 2198 μηδὲν
3648 2133 3785 2202 ἡμῖν

2210 2203 2569 2272 ἐναντιοῦται,
2625 2208 2674 2259 si
2735 2209 2829 2260 καὶ
2883 2209 3105 2265 Ἰουλίου
3159 2215 3362 2286 ταύτην
3412 2217 3660 2286 εἴπωσιν,
3719 2225 3783 2277 οὐ

2211 2296 2572 2366 φροντιστέον.
2711 2348 2716 2354 .

2295 2387 2457 2442 Ἀλλὰ
2486 2391 2582 2443 καὶ
2620 2389 2788 2463 ἄλλην
2830 2394 2961 2464 ἡμῖν
3006 2396 3206 2466 χρῆσιν
3237 2400 3666 2473 παραφέρουσιν,
3703 2405 3784 2471 ὡς

2213 2479 2320 2533 ἀπὸ
2339 2477 2434 2533 τοῦ
2473 2480 2632 2549 ἁγίου
2664 2483 2969 2555 Γρηγορίου
3003 2487 3096 2539 τοῦ
3131 2488 3569 2564 θαυματωργοῦ,
3590 2497 3653 2548 ἐκ
3675 2497 3780 2566 τῆς

2213 2567 2358 2621 κατὰ
2381 2566 2548 2638 μέρος
2584 2567 2840 2634 πίστεως.
2876 2572 2950 2624 Οὐ
2984 2572 3080 2627 δύο
3108 2577 3396 2647 πρόσωπα,
3439 2580 3500 2633 οὐ
3543 2581 3637 2636 δύο
3669 2584 3777 2651 φύς

2215 2674 2330 2720 est;
2361 2673 2375 2690 ο
2400 2659 2461 2711 οὐ
2489 2659 2571 2712 δεῖ
2589 2660 2696 2730 γὰρ
2714 2662 2959 2733 τέσσαρα
2979 2672 3325 2738 προσκυνεῖν,
3347 2673 3442 2726 καὶ
3463 2672 3530 2727 τα
3555 2674 3777 2744 ἑφεξῆο.

2213 2749 2459 2820 Λέγομεν
2477 2749 2535 2803 δὲ
2564 2750 2660 2804 καὶ
2700 2752 2835 2822 πρὸς
2881 2755 3060 2821 τοῦτο,
3126 2761 3208 2812 ὅτι
3263 2761 3477 2832 πρῶτον
3539 2765 3638 2837 μὲν
3686 2768 3785 2820 καὶ

2215 2838 2358 2911 αὕτη
2385 2840 2711 2912 ἁμφεὸλήθη
2753 2848 2902 2914 παρὰ
2927 2849 3042 2909 τοῖς
3080 2849 3475 2923 παλαιοτέροις,
3522 2854 3599 2925 μὴ
3638 2851 3784 2910 εἶναι

2212 2927 2309 2981 τοῦ
2342 2929 2500 2996 ἁγίου
2531 2930 2830 3003 Γρηγορίου
2853 2948 2867 2961 ·
2901 2934 3086 2989 ἔπειτα
3113 2937 3153 2988 Γ
3156 2939 3409 3007 ρηγόριος
3432 2942 3461 2993 ὁ
3487 2943 3784 3010 Νυσσαεὺς

462 3069 473 3079 .
542 3037 614 3076 an
645 3021 721 3076 sit
749 3019 1021 3090 Gregorii.
1052 3019 1259 3074 Deinde
1287 3017 1584 3088 Gregorius
1611 3019 1889 3090 Nyssenus
1911 3019 2110 3074 oratio-

2216 3019 2445 3112 γράφων
2478 3021 2760 3090 ἐπιτάφιον
2789 3024 2866 3086 εἰς
2889 3024 2977 3076 τὸν
3003 3019 3428 3099 Θαυματουργὸν
3454 3029 3624 3098 λέγει,
3656 3050 3780 3104 μη-

542 3127 671 3167 nem
703 3111 772 3166 de
820 3111 913 3166 illo
949 3111 1324 3182 prodigiorum
1353 3109 1614 3166 eﬂ'ectore
1654 3109 1942 3164 funebrem
1977 3109 2110 3164 scri-

2215 3109 2302 3161 δὲν
2332 3107 2668 3182 σύγγραμμα
2702 3114 2958 3184 φέρεσθαι
2980 3118 3170 3184 αὑτοῦ,
3220 3120 3268 3171 εἰ
3325 3119 3400 3190 μὴ
3451 3121 3615 3192 μόνην
3665 3124 3776 3193 τὴν

544 3205 706 3269 bens,
722 3203 935 3257 nullum
951 3201 1030 3257 ait
1045 3217 1186 3271 opus
1200 3201 1378 3272 ipsius
1398 3200 1456 3255 in
1478 3199 1730 3255 manibus
1747 3213 1888 3263 esse,
1915 3207 2114 3268 prater

544 3295 716 3351 solam
760 3293 923 3349 ﬁdem
971 3308 1135 3364 quam
1185 3284 1243 3346 in
1275 3291 1488 3346 visione
1518 3289 1888 3360 conspexerit.
1936 3288 2113 3344 Aliam

543 3399 765 3456 quoque
794 3383 1080 3454 proferunt
1109 3380 1494 3437 auctoritatem
1528 3379 1707 3435 sancti
1739 3377 2021 3434 Athanasii
2047 3393 2115 3434 ex

544 3476 805 3531 Oratione
840 3473 908 3528 de
935 3472 1336 3534 incarnatione,
1379 3485 1502 3540 quae
1546 3468 1769 3538 quidem
1800 3467 2114 3538 huiusmodi

544 3576 630 3623 est
658 3584 671 3621 :
708 3567 974 3622 Eumdem
998 3579 1118 3620 esse
1148 3562 1247 3618 Dei
1274 3562 1493 3624 Filium,
1543 3559 1758 3614 ratione
1780 3559 2028 3629 spiritus,
2059 3566 2115 3613 et

545 3656 790 3711 hominis
818 3654 1039 3719 Filium,
1072 3652 1297 3706 ratione
1323 3648 1510 3705 carnis
1539 3665 1554 3702 :
1590 3663 1701 3702 non
1724 3647 1863 3702 duas
1891 3657 2116 3702 naturas

545 3763 716 3804 unum
743 3746 896 3801 illum
933 3744 1155 3807 Filium,
1188 3756 1421 3811 quarum
1448 3755 1555 3794 una
1575 3739 1648 3794 sit
1672 3737 1970 3804 adoranda,
2002 3753 2111 3793 non

545 3837 821 3892 adoranda
851 3835 917 3890 sit
948 3831 1270 3888 altera:sed
1304 3847 1466 3886 unam
1493 3838 1744 3895 naturam
1778 3828 1872 3885 Dei
1896 3828 2117 3884 Sermo-

542 3929 632 3984 nis
657 3929 1014 3981 incarnatam.
1054 3922 1471 3993 Respondemus
1501 3923 1701 3992 primo.
1749 3920 1956 3976 dictum
2009 3921 2114 3977 hoc

542 4015 707 4072 nobis
738 4030 849 4069 non
887 4012 1188 4068 adversari.
1243 4011 1362 4066 Non
1408 4011 1556 4066 enim
1605 4010 1744 4066 duas
1769 4017 1995 4065 naturas
2038 4010 2112 4064 ita

544 4105 818 4162 tradimus
842 4143 858 4169 ,
892 4111 953 4158 ut
979 4102 1240 4157 adoretur
1269 4116 1375 4156 una
1398 4140 1414 4166 ,
1459 4116 1569 4155 non
1601 4100 1866 4156 adoretur
1895 4101 2065 4157 altera
2095 4119 2108 4155 :

542 4196 638 4253 sed
679 4208 843 4250 unam
883 4193 1179 4249 statuimus
1224 4206 1347 4248 esse
1375 4200 1630 4248 naturam
1680 4193 1779 4249 Dei
1830 4192 2113 4248 Sermonis

542 4288 906 4344 incarnatam.
935 4284 1144 4340 Deinde
1171 4301 1240 4339 ne
1277 4284 1502 4354 quidem
1535 4292 1622 4339 est
1647 4284 2110 4340 Athanasiimam

2219 3199 2426 3266 πίστιν,
2473 3201 2540 3273 ἢν
2574 3205 2718 3258 κατὰ
2746 3205 3008 3260 ὀπτασίαν
3046 3203 3204 3262 εἶδεν.
3245 3209 3370 3262 Ἔτι
3396 3209 3453 3263 δὲ
3480 3210 3573 3264 καί
3602 3211 3782 3274 ἄλλην

2218 3293 2597 3365 παραφέρουσι
2621 3295 2839 3364 χρῆσιν,
2873 3297 2946 3359 ὡς
2973 3297 3078 3350 ἀπὸ
3105 3298 3198 3351 τοῦ
3239 3300 3396 3367 ἁγίου
3455 3300 3785 3354 Ἀθανασὶου

2215 3384 2280 3436 ὲκ
2305 3385 2398 3436 τοῦ
2431 3385 2558 3455 περὶ
2597 3387 2926 3457 σαρκώσεως
2979 3388 3158 3458 λόγου.
3202 3391 3357 3445 Ἔστι
3403 3392 3464 3446 δὲ
3513 3395 3738 3465 τοιαύτη
3766 3408 3784 3423 ⁶

2219 3475 2326 3528 Καὶ
2385 3473 2524 3530 εἶναι
2573 3477 2667 3531 τὸν
2699 3480 2863 3532 αὑτὸν
2910 3481 3037 3534 Υἰὸν
3068 3482 3202 3536 Θεοῦ
3232 3485 3376 3536 κατά
3412 3485 3647 3556 πνεῦμα,
3685 3487 3786 3540 καὶ

2218 3564 2346 3618 Υίὸν
2382 3565 2672 3638 ἀνθρώπου
2696 3572 2838 3624 κατὰ
2872 3572 3054 3640 σάρκα
3080 3588 3095 3602 ο
3135 3572 3198 3625 οὐ
3234 3572 3331 3626 δύο
3350 3573 3540 3644 φύσεις
3569 3574 3660 3629 τὸν
3684 3577 3789 3631 ἕνα

2215 3655 2364 3718 Υἰδν,
2399 3658 2528 3726 μίαν
2567 3660 2966 3735 προσκυνητὴν,
3006 3663 3101 3716 καὶ
3148 3664 3281 3733 μίαν
3325 3666 3740 3737 ἁπροσκύντ,τον
3770 3682 3786 3697 '

2214 3745 2350 3800 ἀλλὰ
2397 3747 2526 3816 μίαν
2580 3747 2741 3817 φύσιν
2786 3751 2881 3805 τεῦ
2929 3752 3063 3806 (κ)εοῦ
3113 3753 3289 3822 Λόγου
3337 3759 3784 3829 σεσαρκωμένην.

2216 3839 2361 3912 Πρὸς
2393 3839 2554 3895 τοῦτο
2609 3841 2862 3913 λέγομεν,
2914 3844 2997 3899 ὅτι
3041 3843 3256 3918 πρῶτον
3305 3846 3404 3917 μὲν
3446 3847 3597 3900 οὐδὲν
3649 3851 3788 3919 ἡμῖν

2215 3933 2574 3988 ἐναντιοῦται.
2616 3934 2751 3990 Οὐδὲ
2796 3936 2905 4006 γὰρ
2948 3935 3242 4006 δοξάζομεν
3282 3938 3376 3992 δύο
3422 3938 3633 4007 φύσεις,
3679 3941 3788 4011 τὴν

2219 4025 2317 4092 μὲν
2354 4024 2755 4096 προσκυνητὴν,
2782 4025 2883 4096 τὴν
2911 4024 2968 4078 δὲ
3012 4025 3434 4100 ἀπροσκύνητην
3462 4044 3476 4058 ο
3510 4028 3646 4082 ἀλλὰ
3695 4029 3793 4084 δο-

2216 4113 2450 4186 ξάζομεν
2475 4114 2606 4184 μίαν
2632 4114 2794 4182 φύσιν
2831 4115 2926 4171 τοῦ
2949 4115 3084 4171 Θεοῦ
3116 4116 3294 4184 Λόγου
3327 4120 3784 4190 σεσαρκωμένην.

2217 4204 2450 4258 Ἔπειτα
2479 4205 2536 4258 δὲ
2570 4205 2665 4258 οὐδ
2691 4205 2806 4259 ἔστι
2832 4204 2926 4258 τοῦ
2956 4205 3112 4274 ἁγίου
3151 4206 3478 4262 ’Δθανασίου
3509 4225 3522 4238 ·
3559 4209 3786 4280 ἐρωτώ-

2218 4296 2369 4366 μενοι
2393 4295 2504 4366 γὰρ
2566 4297 2696 4366 παρ’
2738 4295 2915 4364 ἡμῶν,
2950 4294 3054 4349 ποῦ
3097 4298 3307 4350 κεῖται·
3354 4298 3449 4351 καὶ
3492 4297 3569 4369 μὴ
3620 4298 3787 4352 εὐπο-

542 4395 670 4436 cum
705 4395 736 4435 a
763 4376 925 4433 nobis
952 4376 1384 4448 interrogantur,
1419 4375 1514 4431 ubi
1549 4376 1757 4432 dictum
1779 4376 1885 4432 hoc
1911 4384 2107 4439 exstet,

2218 4385 2436 4455 ροῦντες
2460 4384 2650 4450 δεῖξαι,
2670 4384 3156 4456 στενοχωρούμενοι
3175 4388 3555 4458 παραφέρουσι
3584 4389 3783 4458 μικρόν

541 4488 647 4528 nec
691 4473 813 4543 ejus
854 4468 1182 4525 ostendendi
1227 4467 1443 4539 copiam
1503 4468 1754 4524 habent:
1792 4466 1851 4523 in
1896 4476 2108 4524 arctum

540 4567 758 4634 coacti,
814 4565 1067 4638 pusillam
1125 4564 1416 4634 quamdam
1454 4564 1758 4620 orationem
1802 4561 2108 4634 proferunt,

540 4659 699 4731 quasi
729 4659 964 4715 duorum
997 4656 1277 4719 foliorum,
1293 4655 1348 4711 in
1370 4670 1478 4724 qua
1509 4655 1715 4711 dictum
1748 4655 1856 4711 hoc
1887 4653 2108 4724 legitur.

540 4757 613 4809 At
638 4759 828 4806 notum
873 4758 960 4805 est
1002 4745 1315 4810 universis.
1369 4744 1555 4802 omnia
1600 4742 1775 4800 sancti
1827 4741 2112 4800 Athanasii

539 4858 711 4914 opera
731 4840 888 4895 valde
912 4853 1103 4910 magna
1127 4852 1269 4893 esse.

616 4935 681 4988 ν.
712 4931 857 4997 Quid
883 4939 1068 4985 autem
1092 4928 1162 4983 ad
1187 4929 1294 4983 hoc
1322 4925 1795 4997 respondebimus,
1817 4925 1965 4996 quod
1986 4924 2114 4980 bea-

544 5031 662 5077 tum
689 5021 955 5094 Cyrillum
978 5019 1312 5091 producunt,
1334 5018 1595 5073 citantem
1619 5017 1726 5071 hoc
1739 5015 1947 5072 dictum
1969 5016 2113 5070 libro

541 5112 811 5169 adversus
833 5111 1209 5174 Theodorum,
1238 5109 1397 5178 quasi
1426 5106 1730 5177 profectum
1762 5105 1832 5161 ab
1866 5107 2110 5162 Athana-

542 5202 671 5259 sio?
702 5203 973 5257 Nimirum
1024 5198 1305 5262 dicimus,
1359 5211 1551 5265 reapse
1595 5195 1816 5264 quidem
1858 5195 1992 5250 illud
2054 5197 2110 5253 in

482 5325 489 5331 -
542 5294 688 5353 beati
708 5290 897 5364 Cyrilii
924 5300 1116 5345 contra
1135 5288 1487 5344 Theodorum
1517 5286 1808 5342 invectivis
1837 5287 1981 5357 legi;
2014 5287 2109 5343 sed

544 5383 804 5442 mendum
834 5396 956 5436 esse
995 5377 1255 5450 priscum.
1300 5377 1591 5433 Dioscorus
1635 5377 1782 5432 enim
1827 5391 2112 5433 successor

541 5473 688 5532 beati
717 5471 907 5545 Cyrilli
964 5469 1179 5535 factus,
1228 5483 1354 5523 cum
1403 5469 1524 5538 ejus
1571 5482 1734 5538 opera
1779 5466 2110 5538 reperisset,

540 5564 685 5621 forte
717 5576 825 5614 non
862 5559 1070 5614 veritus
1113 5566 1199 5614 est
1245 5557 1490 5617 inserere
1523 5555 1808 5620 nonnulla,
1844 5572 1966 5626 qua:
2011 5557 2114 5624 ipsi

543 5652 781 5711 lubitum
808 5651 931 5709 fuit.
958 5651 1148 5722 Neque
1164 5664 1296 5705 vero
1315 5649 1648 5720 coniecturis
1666 5664 1764 5705 nos
1795 5647 1957 5704 modo
1987 5647 2112 5713 niti,

2211 4492 2332 4528 τινα
2359 4475 2535 4545 λόγον,
2570 4475 2644 4539 ὡς
2695 4477 2790 4528 δύο
2840 4475 3074 4544 φύλλων,
3122 4478 3180 4528 ὲν
3237 4468 3282 4544 ᾧ
3338 4478 3513 4532 κεῖται
3559 4476 3697 4547 αὕτη
3744 4479 3778 4547 ἡ

2211 4567 2423 4638 χρῆσις.
2463 4565 2633 4636 Δῆλον
2661 4565 2715 4619 δὲ
2737 4568 2922 4626 πᾶσιν.
2955 4566 3038 4618 ἔτι
3062 4565 3240 4620 πάντα
3264 4567 3334 4620 τὰ
3370 4567 3779 4639 συγγράμματα

2212 4654 2304 4706 τοῦ
2335 4655 2491 4722 ἁγίου
2524 4653 2843 4711 Ἀθανασίου
2872 4654 3011 4711 πάνυ
3039 4652 3252 4727 μεγάλα
3283 4655 3442 4712 εἰσίν.

2281 4916 2444 4972 Ἀλλὰ
2476 4919 2528 4970 τί
2566 4917 2760 4987 ἔχομεν
2788 4916 2985 4982 εἰπεῖν,
3009 4915 3092 4968 ὅτι
3127 4913 3504 4984 παραφέρουσι
3539 4912 3635 4968 τον
3675 4933 3784 4985 μα-

2213 5012 2404 5082 κάριον
2442 5008 2731 5080 Κύριλλον,
2776 5005 3092 5078 παράγοντα
3137 5004 3306 5075 αὐτὴν
3338 5003 3489 5073 παρὰ
3521 5002 3617 5057 τοῦ
3655 5006 3786 5059 θεο-

2212 5103 2412 5175 δώρου,
2439 5101 2515 5164 ὡς
2545 5099 2653 5153 ἀπὸ
2671 5097 2768 5152 τοῦ
2796 5097 2952 5167 ἁγίου
2970 5096 3288 5151 ’Δθανασίου
3322 5111 3339 5159 ;
3370 5096 3616 5165 Δέγομεν
3648 5096 3786 5166 πρὸς

2212 5196 2394 5258 τοῦτο,
2423 5194 2507 5246 ὅτι
2533 5190 2611 5263 τῷ
2639 5191 2754 5244 δντι
2802 5190 2901 5261 μὲν
2931 5190 3108 5245 κεῖται
3139 5189 3198 5240 ἐν
3233 5189 3347 5253 τοῖς
3381 5186 3476 5240 τοῦ
3506 5186 3784 5258 μακαρίου

2213 5282 2488 5354 Κυρίλλου
2544 5280 2686 5335 κατὰ
2738 5276 3016 5347 Θεοδώρου
3071 5275 3335 5347 ῥηθεῖσιν,
3376 5274 3515 5328 ἀλλὰ
3560 5275 3789 5344 σφάλμα

2213 5372 2361 5424 ἐστὶν
2389 5370 2636 5440 ἀρχαῖον.
2674 5368 2733 5419 ’0
2766 5367 2876 5436 γὰρ
2903 5366 3192 5436 Διόσκορος
3219 5364 3460 5434 διάδοχος
3492 5363 3790 5432 γενόμενος

2213 5458 2306 5513 τοῦ
2339 5459 2612 5530 μακαρίου
2646 5456 2938 5528 Κυρίλλου,
2966 5457 3062 5509 καὶ
3107 5452 3283 5526 εὑρὼν
3321 5453 3394 5507 τὰ
3430 5451 3596 5506 αὐτοῦ
3651 5469 3792 5520 συγ-

2215 5549 2542 5619 γράμματα,
2582 5548 2714 5611 ἰσως
2742 5545 2844 5599 οὐκ
2876 5545 2943 5600 ἂν
2977 5542 3140 5598 ὤκνει
3177 5543 3302 5597 τινὰ
3333 5542 3505 5598 θεῖναι
3527 5536 3600 5598 ὧν
3625 5541 3792 5597 stici)-

2214 5642 2357 5694 λετο.
2394 5641 2622 5712 Μήποτε
2657 5639 2714 5694 δὲ
2737 5636 2832 5693 καὶ
2868 5634 3354 5709 ὲπιστοχάσασθαι,
3400 5634 3482 5689 ὅτι
3528 5633 3588 5688 οὐ
3645 5647 3795 5709 παρ-
