3934 6156
251 381 270 448 1
282 383 384 448 257

247 590 339 645 καὶ
376 588 625 644 ἐντεῦθεν
648 588 824 659 δῆλον.
854 586 1195 660 Θεοδώρητος
1223 587 1331 660 γὰρ
1361 589 1500 658 ὑπὲρ
1533 589 1813 660 Θεοδώρου

245 682 440 752 λέγων,
480 681 804 752 ἀνατρέπων
832 681 1011 742 πάσας
1054 679 1152 744 τὰς
1197 681 1441 752 χρήσεις,
1492 681 1625 744 ὅσας
1671 697 1814 748 παρ-

246 776 423 848 ήγαγε
445 775 566 830 κατ’
597 773 763 829 αὐτοῦ
788 776 817 828 ό
840 773 993 842 ἅγιος
1019 772 1287 846 Κύριλλος
1334 772 1443 827 ἀπὸ
1483 773 1594 825 τῶν
1645 773 1816 842 ἁγίων

245 869 526 939 Πατέρων,
552 867 789 936 οὐδαμοῦ
823 866 1026 937 ταύτης
1064 867 1163 935 τῆς
1213 865 1464 936 χρήσεως
1522 866 1814 942 μέμνηται.

258 959 418 1012 Ἀλλὰ
449 958 666 1026 λέγουσι
712 956 848 1028 πρὸς
888 956 1071 1022 τοῦτο,
1131 957 1216 1010 ὅτι
1273 957 1598 1027 κακούργως
1648 957 1816 1027 αὐτὴν

246 1051 539 1124 παρείασεν
585 1051 614 1104 ό
638 1049 983 1122 Θεοδώρητος
1009 1049 1137 1121 ·“μὴ
1193 1048 1488 1118 δυνάμενος
1537 1051 1646 1120 γὰρ
1686 1047 1820 1118 πρὸς

244 1144 414 1215 αὐτὴν
439 1142 786 1212 ἀντιϐλέψαι,
817 1143 894 1206 ὡς
921 1143 1064 1198 πάνυ
1097 1141 1363 1214 φανερὰν,
1394 1139 1538 1196 ἑκὼν
1577 1139 1826 1210 παρέλει-

244 1255 344 1290 πεν
374 1237 567 1308 αὐτὴν.
605 1233 748 1306 Πρὸς
794 1233 953 1289 τοῦτο
1002 1234 1260 1306 λέγομεν,
1313 1235 1396 1287 ὅτι
1451 1231 1703 1286 τοσοῦτον
1759 1232 1822 1284 οὐ

245 1328 602 1399 παρέδραμεν
630 1327 804 1398 αὐτὴν
837 1327 1098 1396 κειμένην
1133 1329 1272 1392 ἐκεῖ,
1311 1327 1396 1380 ὅτι
1420 1325 1515 1378 τοῦ
1550 1324 1822 1395 μακαρίου

246 1419 518 1491 Κυρίλλου
551 1421 610 1473 ὲν
641 1419 822 1484 ἄλλοις
855 1418 1330 1491 εἰρηκότος,Ἀλλὰ
1369 1419 1498 1488 μίαν
1530 1415 1694 1486 φύσιν
1731 1415 1823 1470 106

246 1512 382 1567 Θεοῦ
403 1513 583 1582 Λόγου
611 1512 1037 1584 σεσαρκωμὲνην
1059 1555 1074 1579 ,
1104 1514 1152 1566 εἰ
1184 1511 1302 1584 ᾔδει
1337 1511 1436 1581 τὴν
1469 1511 1665 1582 χρῆσιν
1693 1508 1827 1562 ταύ-

245 1624 346 1680 την
380 1607 641 1678 κειμένην
673 1607 826 1676 παρὰ
871 1607 949 1678 τῷ
992 1605 1244 1676 μακαρίῳ
1286 1603 1562 1676 Κυρί).λῳ,
1598 1604 1674 1666 ὡς
1718 1602 1826 1656 ἀπ’)

245 1699 340 1756 τοῦ
373 1700 532 1769 ἁγίου
573 1699 896 1754 Ἀθανασίου
933 1698 1378 1776 προενεχθείσαν,
1409 1697 1510 1751 οὐκ
1559 1697 1625 1748 ἂν
1657 1693 1827 1758 οὕτως

245 1793 476 1866 ἀμαθῶς
503 1793 730 1864 ἔμελλεν
765 1794 940 1847 εἰπεῖν
967 1806 979 1820 ·
1013 1791 1108 1856 Τίς
1141 1808 1222 1844 σοι
1245 1790 1356 1844 τῶν
1393 1789 1654 1860 Ιῐατέρων
1702 1783 1824 1846 εἷπε

1451 386 1552 446 DE
1593 386 1880 446 SECTIS.
1923 409 1990 423 --
2025 388 2182 448 ACT.
2225 389 2329 447 1X.

244 499 451 572 ἤγαγεν
490 497 656 568 αὐτὴν
695 499 724 552 ὁ
751 497 1018 567 μακάριος
1045 497 1310 569 Κύριλλος
1339 498 1481 551 κατᾶ
1505 498 1814 570 Θεοδώρου,

1928 499 2067 569 quod
2095 501 2290 556 beatus
2325 499 2580 571 Cyrillus
2613 501 2744 556 illud
2775 517 2962 560 contra
3011 507 3360 564 Theodorum
3396 525 3505 562 non
3595 543 3608 555 .

1883 590 2280 659 produxerit,
2313 606 2390 645 ex
2438 604 2511 645 eo
2543 605 2761 661 quoque
2813 596 3160 651 manifestum
3211 608 3314 652 est.
3371 598 3504 652 Nam

3373 393 3510 457 1253

1919 679 2308 738 Theodoretus
2337 680 2440 751 qui
2463 680 2813 738 Theodorum
2845 684 3192 751 defendebat,
3219 689 3507 743 universas

1919 775 2276 830 auctoritates
2309 772 2600 834 refutans,
2635 787 2992 845 quascunque
3019 787 3240 832 sanctus
3267 778 3505 850 Cyrillns

1917 873 2108 919 contra
2139 864 2510 921 Theodorum
2557 863 2625 918 de
2655 865 2863 920 sanctis
2889 865 3142 922 Patribus
3166 869 3468 936 protulerat
3491 909 3505 930 .

1917 969 2185 1028 nusquam
2213 957 2392 1028 hujus
2410 955 2548 1011 dicti
2576 957 2848 1013 meminit.
2871 955 2942 1013 At
2959 958 3108 1012 enim
3125 957 3214 1012 isti
3240 957 3504 1020 referunt,

1921 1059 1951 1098 a
1981 1045 2335 1104 Theodoreto
2363 1046 2565 1103 callide
2589 1049 2878 1104 omissum.
2907 1047 3065 1116 Quod
3086 1048 3234 1103 enim
3263 1049 3508 1102 adversis

1920 1151 2041 1190 eam
2069 1139 2467 1194 auctoritatem
2495 1139 2672 1195 oculis
2705 1141 2952 1211 aspicere
3001 1156 3112 1195 non
3167 1147 3395 1210 posset,
3450 1152 3506 1194 ut

1925 1226 2217 1282 admodum
2249 1230 2478 1298 planam
2527 1240 2582 1284 et
2622 1244 2862 1300 apertam
2886 1273 2902 1296 ,
2935 1233 3146 1288 idcirco
3191 1242 3389 1302 sponte
3439 1235 3509 1286 ab

1926 1319 2044 1388 ipso
2076 1320 2528 1388 praetermissam.
2562 1322 3012 1391 Respondemus,
3055 1332 3266 1380 tantum
3315 1325 3508 1379 abesse

1927 1419 1988 1464 ut
2009 1425 2130 1465 eam
2154 1409 2542 1466 Theodoretus
2563 1411 2638 1464 ibi
2665 1414 2892 1480 positam
2919 1417 3202 1486 praeterire
3236 1417 3504 1480 voluerit,

1927 1510 1990 1556 ut
2009 1517 2134 1556 cum
2162 1501 2361 1557 beatus
2394 1500 2485 1555 ille
2510 1500 2749 1572 Cyrillus
2769 1505 2898 1561 alibi
2929 1507 3186 1573 dixisset,
3215 1507 3390 1564 Unam
3414 1525 3508 1563 na-

1929 1601 2105 1649 turam
2138 1593 2236 1648 Dei
2277 1594 2562 1649 Sermonis
2587 1594 2921 1654 incarnatam
2944 1642 2960 1668 ,
2995 1603 3039 1656 si
3071 1603 3294 1672 quidem
3322 1605 3512 1661 scivis-

1927 1695 2014 1740 set
2045 1685 2434 1741 Theodorctus
2465 1685 2517 1740 id
2559 1685 2791 1768 verbum
2845 1693 2990 1762 quod
3051 1695 3197 1764 apud
3243 1695 3508 1767 Cyrillum

1927 1789 2136 1843 exstat,
2167 1795 2233 1836 ex
2277 1788 2469 1836 sancto
2496 1780 2800 1838 Athanasio
2843 1786 3068 1842 citatum
3095 1829 3111 1854 ,
3160 1803 3509 1858 nequaquam

250 1888 382 1960 μίαν
409 1886 573 1958 φύσιν
599 1884 695 1940 106
740 1885 875 1940 Θεοῦ
908 1886 1084 1953 Λόγου
1139 1881 1564 1954 σεσαρκωμένην
1593 1899 1608 1948 ;
1669 1879 1825 1934 Ἀλλὰ

1928 1872 2068 1926 adeo
2089 1881 2296 1927 temere
2319 1871 2574 1927 dicturus
2606 1871 2778 1926 fuerit
2800 1876 2966 1942 :Quis
2987 1879 3086 1934 tibi
3115 1880 3342 1935 Patrum
3375 1881 3512 1936 dixit

247 1982 464 2050 λέγουσι
491 1980 675 2045 πάλιν,
701 1981 786 2034 ὅτι
824 1977 1079 2032 τοσοῦτον
1129 1976 1246 2048 ᾔδει
1306 1975 1477 2047 αὐτὴν
1525 1972 1824 2045 εἰρημένην

247 2053 326 2142 τῷ
360 2073 499 2142 ἁγίῳ
537 2071 858 2140 Ἀθανασίῳ.
891 2071 973 2123 ὅτι
1007 2065 1160 2122 εἶπεν
1193 2085 1206 2098 -
1259 2069 1348 2131 Ὠς
1395 2069 1442 2122 οἱ
1475 2067 1718 2138 Πατέρες
1749 2067 1828 2119 εἰ-

251 2164 476 2235 ρήκασι.
516 2161 660 2233 Πρὸς
698 2159 859 2214 τοῦτο
883 2158 1136 2230 λέγομεν,
1161 2158 1244 2211 ὅτι
1281 2157 1510 2220 ἕκαστος
1541 2155 1758 2210 σπεύδει
1791 2155 1827 2210 ἆ

247 2255 396 2323 λέγει
450 2253 624 2320 δεῖξαι
667 2254 795 2316 τοὺς
839 2251 1093 2322 Πατέρας
1142 2247 1456 2321 είρηηιότας.
1510 2249 1560 2302 εί
1613 2249 1708 2302 καὶ
1749 2249 1824 2318 μὴ

247 2346 550 2412 αύτολεξεὶ,
581 2344 719 2398 ἀλλὰ
747 2343 998 2414 δυνάμει.
1032 2341 1420 2414 Παραφέρουσι
1453 2341 1510 2394 δὲ
1534 2341 1628 2394 καὶ
1657 2339 1828 2410 ἄλλην

154 2504 164 2508 ,
247 2431 580 2508 χρῆσινα-πὸ
619 2433 916 2504 Ἐρεχθίου,
961 2433 1112 2495 ὅστις
1158 2431 1414 2486 οὐδέποτε
1461 2428 1704 2501 ἠκούσθη
1746 2431 1828 2493 εἰς

250 2528 524 2598 Πατέρας,
575 2525 672 2579 καὶ
723 2523 1001 2590 τοσοῦτον,
1054 2524 1138 2578 ὅτι
1199 2521 1466 2593 Τιμοθέου
1517 2520 1826 2590 γράψαντος

250 2621 392 2675 κατὰ
422 2619 524 2687 τῆς
561 2617 807 2682 συνόδου,
865 2616 961 2668 καὶ
1011 2613 1430 2685 παραγαγόντος
1474 2615 1674 2682 χρῆσιν
1719 2611 1828 2665 ἀπὸ

262 2708 571 2781 Ἐρεχθίου,
622 2705 804 2776 Κύρος
855 2705 887 2756 ὁ
928 2704 1126 2764 οἰκεῖος
1184 2700 1562 2774 πρεσϐύτερος
1621 2699 1826 2771 ἔγραψε

249 2801 387 2872 πρὸς
412 2800 598 2864 αὐτὸν,
623 2799 706 2853 ὅτι
740 2795 970 2850 Ἦθελόν
999 2811 1058 2849 σε
1103 2793 1503 2865 διορθώσασθαι
1539 2792 1716 2848 τοῦτο.
1770 2792 1829 2847 ’0

247 2893 357 2964 γὰρ
412 2891 686 2964 Ἐρέχθιος
737 2889 992 2944 οὐδέποτε
1032 2886 1276 2960 ἠκούσθη
1315 2888 1394 2952 εἰς
1423 2886 1693 2960 Ιιατὲρας.
1737 2886 1828 2943 Ἐν

247 2986 455 3051 τούτοις
477 2989 510 3058 ἡ
543 2986 766 3059 θεωρία.

1933 1980 2098 2020 unam
2123 1973 2376 2019 naturam
2399 1963 2498 2020 Dei
2533 1964 2820 2021 Sermonis
2853 1968 3234 2025 incantatam?
3257 1970 3510 2026 Vicissim

1931 2057 2226 2128 ingerunt,
2286 2067 2397 2112 tam
2435 2071 2557 2113 esse
2593 2065 2806 2112 certum
2833 2099 2850 2122 ,
2879 2061 3106 2117 scivisse
3157 2062 3240 2116 sic
3267 2062 3510 2117 locutum

1930 2149 2329 2216 Athanasium,
2363 2155 2424 2203 ut
2444 2149 2614 2204 etiam
2637 2149 2839 2205 dixerit
2869 2170 2882 2204 :
2913 2153 3388 2220 Quemadmodum
3417 2156 3513 2232 Pa.

1933 2252 2045 2302 tres
2067 2246 2236 2302 locuti
2257 2255 2412 2302 sunt.
2444 2245 2556 2302 Nos
2581 2255 2775 2302 contra
2795 2262 3070 2320 quemque
3087 2249 3330 2304 dicimus
3353 2251 3508 2315 eniti,

1931 2347 1994 2392 ut
2025 2337 2280 2393 ostendat
2305 2353 2335 2392 a
2363 2337 2624 2393 Patribus
2656 2351 2723 2392 ea
2753 2337 2964 2408 prolata
2992 2354 3117 2408 quae
3157 2339 3279 2409 ipse
3306 2340 3506 2404 tradat,

1929 2426 1975 2481 si
2011 2443 2121 2481 non
2153 2427 2347 2484 iisdem
2377 2429 2582 2494 verbis,
2613 2428 2805 2484 saltem
2845 2429 2898 2484 vi
2945 2431 3244 2487 verborum
3295 2433 3508 2488 eadem.

1931 2517 2250 2575 Producunt
2281 2528 2338 2575 et
2361 2520 2526 2576 aliam
2553 2519 2938 2576 auctoritatem
2961 2537 3029 2578 ex
3063 2522 3386 2587 Ereeltthio,
3411 2539 3514 2580 cu-

1898 2665 1903 2670 .
1925 2610 2016 2681 jus
2047 2609 2201 2668 inter.
2220 2612 2414 2668 Patres
2451 2626 2555 2667 nec
2593 2611 2845 2667 auditum
2873 2619 2958 2669 est
2985 2629 3228 2687 unquam
3258 2629 3458 2671 nomen
3493 2634 3506 2646 ε

1930 2701 2068 2760 adeo
2099 2703 2347 2775 quidem,
2391 2713 2454 2760 ut
2501 2721 2628 2762 cum
2651 2704 2980 2761 Timotheus
3018 2716 3208 2762 contra
3240 2707 3507 2778 synodum

1931 2794 2262 2866 scripsisset,
2275 2805 2334 2852 et
2349 2797 2737 2853 auctoritatem
2749 2795 3036 2853 Erechthii
3061 2797 3286 2853 citasset
3301 2839 3315 2862 ,
3334 2797 3510 2870 Cyrus

1931 2885 2028 2958 qui
2066 2888 2211 2960 apud
2238 2888 2418 2959 ipsum
2445 2889 2752 2962 presbyteri
2777 2889 2902 2946 loco
2929 2894 3107 2955 esset,
3153 2889 3242 2944 his
3279 2889 3346 2945 ad
3380 2906 3508 2946 eum

1931 2979 2122 3036 verbis
2171 2981 2603 3052 perscripserit:
2635 2981 2850 3037 Mallem
2905 2982 3013 3037 hoc
3080 2989 3134 3037 te
3207 2981 3505 3054 corrigere.

1931 3069 2068 3126 Nam
2101 3070 2382 3126 Erechthii
2435 3087 2636 3127 nomen
2687 3072 2830 3128 inter
2853 3073 3043 3129 Patres
3088 3073 3336 3130 auditum
3366 3091 3509 3129 nun-

1933 3175 2097 3230 quam
2129 3159 2249 3214 t‘uit.
2293 3161 2418 3216 Haec
2443 3161 2845 3219 consideranda
2873 3163 3190 3220 veniebant.

250 3387 620 3450 Recitantur
646 3382 922 3464 quadam
945 3384 1132 3446 verba
1155 3359 1380 3464 synodi
1403 3384 1948 3462 Chalcedonensis,
1980 3406 2114 3468 quae
2143 3389 2452 3468 putabant
2481 3393 2858 3456 stitantes
2877 3415 3000 3457 sum
3023 3395 3240 3460 haeresi
3265 3401 3502 3478 favere.

850 3511 1099 3566 ΠΡΑΞΙΣ
1152 3512 1230 3566 Θθ.

334 3603 556 3676 Ἐπειδὴ
583 3603 642 3658 δὲ
677 3603 768 3658 καὶ
795 3603 995 3669 λέξεών
1026 3622 1190 3660 τινων
1229 3605 1594 3676 πραττόμενοι
1633 3606 1696 3660 ἐκ
1732 3605 1826 3660 106

249 3697 380 3768 ὅρου
411 3697 512 3768 τῆς
548 3697 791 3762 συνόδου,
827 3696 1290 3767 ἐπιλαμϐάνονται
1319 3696 1490 3768 αὐτῆς
1516 3713 1530 3727 ·
1569 3697 1706 3770 φέρε
1735 3697 1830 3752 καὶ

249 3793 455 3856 ταύτας
487 3793 795 3860 ὲκθέμενοι,
830 3789 926 3844 καὶ
982 3788 1099 3853 πῶς
1145 3787 1610 3859 ἐπιλαμϐάνονται
1649 3787 1830 3842 αὐτῶν

250 3886 518 3948 εἰπόντες.
545 3883 774 3954 ὕστερον
801 3882 902 3945 τὰς
959 3881 1094 3952 πρὸς
1141 3879 1344 3945 ταύτας
1377 3881 1692 3952 ἀνατροπὰς
1739 3881 1833 3932 ἐπ-

249 3979 569 4047 αγάγωμεν.
601 3975 715 4043 Τῆς
765 3972 985 4028 συνόδου
1029 3972 1210 4026 τοίνυν
1261 3971 1520 4042 εἰπούσης
1553 3987 1569 4004 ο
1631 3969 1830 4044 Ἤρκει

253 4067 354 4138 μὲν
380 4063 476 4121 οὖν
513 4067 591 4130 είς
624 4064 814 4134 ἐντελῆ
845 4065 944 4134 τῆς
974 4063 1259 4126 εὐσεϐείας
1293 4063 1590 4133 ἐπίγνωσιν
1629 4063 1690 4116 τὸ
1743 4080 1830 4116 σου

249 4159 350 4228 φὺν
377 4159 537 4212 τοῦτο
558 4158 652 4212 καὶ
675 4157 945 4226 σωτήριον
970 4153 1068 4228 τῆς
1099 4155 1251 4220 θείας
1283 4155 1507 4226 χάριτος
1536 4153 1828 4226 σύμϐολονσ

245 4250 462 4321 περίτι
493 4247 604 4320 γὰρ
656 4247 753 4302 τοῦ
813 4247 1048 4318 Πατρδς,
1104 4249 1198 4302 καὶ
1247 4245 1343 4300 τοῦ
1390 4244 1541 4310 Υἱοῦ,
1592 4245 1686 4299 καὶ
1733 4243 1830 4300 106

248 4343 404 4412 ἁγίου
439 4341 754 4413 Πνεύματος
785 4340 1093 4396 ἐκδιδάσκει
1120 4339 1184 4393 τὸ
1213 4339 1440 4405 τέλειον,
1468 4339 1564 4392 καὶ
1595 4337 1689 4392 106
1717 4339 1832 4393 Ku-

252 4434 366 4504 ρίου
400 4433 496 4503 τὴν
523 4431 938 4502 ἐνανθρώπησιν
969 4433 1083 4495 τοῖς
1113 4431 1320 4494 πιστῶς
1341 4429 1652 4500 δεχομένοις
1683 4445 1830 4500 παρ-

252 4525 482 4592 ίστησιν.
523 4524 678 4576 Ἐστι
706 4523 762 4574 δὲ
792 4523 912 4576 λίαν
967 4520 1282 4592 ύπόψυχρος
1309 4523 1340 4590 ἡ
1373 4519 1630 4588 ἐπιλαϐή.
1667 4521 1828 4592 Πρῶ-

249 4638 339 4676 τον
374 4621 469 4690 μὲν
493 4620 601 4688 γὰρ
625 4618 878 4672 τοσοῦτον
907 4619 968 4672 οὐ
1026 4619 1216 4688 φρονεῖ
1267 4613 1336 4670 τὰ
1369 4615 1690 4687 Νεστορίου,
1747 4615 1834 4668 ὅτι

264 4715 516 4781 Ἰωάννης
571 4729 668 4774 τις.
694 4691 974 4780 Αἰγεώτης
1021 4710 1394 4782 πρεσϐύτερος
1441 4705 1823 4788 Νεστοριανὸς,

251 4801 755 4872 ἐπιλαμϐανόμενος
788 4802 888 4870 τῆς
915 4799 1136 4854 συνόδου
1169 4800 1356 4870 φησὶν,
1393 4800 1476 4852 ὅτι
1524 4797 1663 4870 α’ύτη
1701 4798 1826 4852 σύν-

1759 3546 1762 3549 -
1858 3518 1901 3576 c
2513 3515 2718 3572 ACTIO
2777 3517 2870 3572 IX.

2001 3603 2140 3672 Quia
2167 3621 2298 3661 vero
2333 3621 2498 3662 voces
2551 3608 2717 3662 etiam
2771 3610 3066 3666 nonnullas
3119 3616 3400 3684 carpendo
3441 3619 3510 3673 de

1931 3697 2126 3770 synodi
2166 3697 2488 3754 deﬁnitione
2507 3739 2523 3761 ,
2553 3701 2822 3772 synodum
2849 3702 3022 3772 ipsam
3049 3707 3462 3776 reprehendunt
3494 3728 3508 3763 :

1933 3805 2052 3861 age,
2069 3799 2127 3846 et
2153 3789 2262 3846 illis
2279 3791 2566 3862 expositis,
2599 3793 2692 3846 ulti
2715 3795 3177 3862 quemadmodum
3205 3815 3299 3855 eas
3318 3817 3510 3871 repre-

1931 3882 2212 3950 hendant,
2275 3883 2741 3952 indicaverimus;
2777 3888 2851 3943 ita
2897 3887 3100 3946 deinde
3146 3890 3512 3963 refutationes

1931 3983 2152 4032 nostras
2175 3975 2552 4047 subjiciamus.
2595 3977 2800 4049 Synodi
2828 3980 2993 4036 verba
3019 3990 3148 4036 sunt
3176 4000 3188 4036 :
3227 3982 3513 4040 Sulliceret

1931 4063 2156 4136 quidem
2187 4067 2254 4122 ad
2291 4066 2590 4138 perfectam
2626 4067 2847 4137 pietatis
2875 4070 3247 4141 cognitionem
3285 4081 3340 4126 et
3378 4088 3511 4126 con-

1933 4155 2322 4226 tinuationem,
2339 4158 2447 4214 hoc
2462 4159 2742 4215 eruditum
2771 4175 2835 4214 ac
2860 4162 3080 4217 salubre
3103 4162 3303 4218 divina:
3325 4151 3512 4234 gratia:

1931 4248 2262 4318 symbolum,
2293 4247 2441 4318 quod
2467 4257 2524 4304 et
2555 4248 2856 4319 perlectam
2889 4251 2958 4306 de
2979 4250 3166 4319 Patre,
3193 4262 3250 4310 et
3269 4253 3430 4319 Filio,
3457 4265 3514 4309 et

1931 4339 2142 4410 Spiritu
2171 4347 2364 4396 sancto
2417 4340 2724 4396 doctrinam
2755 4342 2943 4407 tradit,
2983 4355 3040 4400 et
3073 4334 3510 4402 incarnationem

1931 4433 2153 4488 Domini
2200 4431 2439 4488 ﬁdeliter
2469 4433 2872 4503 excipientibus
2901 4436 3144 4500 exhibet.
3178 4438 3274 4493 Est
3327 4447 3510 4494 autem

1931 4544 2062 4584 sane
2078 4543 2242 4598 quam
2261 4527 2459 4600 frigida
2487 4529 2862 4600 reprehensio.
2892 4531 3078 4588 Primo
3122 4543 3332 4589 tantum
3357 4533 3512 4590 abest

1930 4631 1996 4678 ut
2013 4638 2140 4678 cum
2157 4623 2416 4678 Nestorio
2441 4621 2646 4678 sentiat
2667 4619 2690 4688 ,’
2707 4631 2769 4678 ut
2783 4623 3023 4680 Joannes
3038 4627 3259 4697 quidam
3283 4626 3511 4698 Egeota

1931 4716 2219 4788 presbyter
2244 4715 2630 4779 Nestorianus,
2659 4717 2928 4788 synodum
2961 4715 3392 4788 reprehendens,
3428 4721 3512 4777 di-

1931 4817 2086 4864 ceret
2114 4822 2234 4864 cam
2259 4808 2529 4879 synodum
2555 4823 2675 4863 esse
2703 4808 3051 4880 Cyrillianam
3077 4851 3092 4874 ,
3144 4819 3201 4866 et
3244 4827 3290 4889 a_
3321 4811 3510 4885 Cyr-illi

247 4897 366 4960 οδος
397 4859 894 4965 Ιξυριλλιανή-ὲστι,
924 4891 1021 4946 καὶ
1060 4892 1130 4946 τὰ
1159 4859 1370 4947 ἐκείνου
1413 4893 1620 4962 φρονεῖ.
1651 4859 1728 4944 Ἐἰ
1768 4890 1825 4943 δὲ

1937 4859 2084 4864 πη-
2121 4859 2233 4864 ηερ
2263 4859 2527 4879 η---η--τ
3077 4859 3092 4874 ι
3149 4859 3199 4866 ν-
3244 4859 3290 4889 ς,
3327 4859 3510 4885 νγ...-

1929 4896 2203 4954 sententia
2229 4909 2396 4953 stare.
2423 4897 2580 4966 Quod
2616 4898 2659 4954 si
2699 4899 3046 4961 Nestoriana,
3087 4916 3366 4972 nunquam
3405 4903 3512 4958 hoc

244 4981 316 5057 ἦν
370 4981 746 5052 Νεστοριανὴ,
797 4981 898 5032 οὐκ
947 4979 1015 5034 ἂν
1069 4981 1230 5034 τοῦτο
1279 4977 1426 5052 εἶχεν
1478 4981 1509 5034 ὁ
1573 4979 1826 5048 Ἰωάννης

245 5079 443 5132 εἰπεῖν.
486 5075 719 5128 Ἔπειτα
747 5075 796 5127 εἰ
817 5072 926 5126 ἀπὸ
957 5073 1066 5126 τῶν
1090 5074 1345 5128 τοιούτων
1368 5073 1568 5140 λέξεων
1581 5073 1827 5142 ’ἐπιλαμ-

245 5172 501 5228 ϐάνονται
532 5169 634 5240 τῆς
662 5165 906 5230 συνόδου,
934 5166 1078 5220 διατί
1111 5167 1184 5236 μὴ
1209 5165 1304 5220 καὶ
1333 5167 1440 5220 τῶν
1491 5167 1662 5236 ἁγίων
1716 5167 1828 5220 Πα-

242 5264 420 5334 τέρων
457 5255 961 5330 ἐπιλαμϐάνονταις
1001 5256 1113 5310 Καὶ
1147 5257 1302 5310 αὐτοὶ
1351 5256 1462 5328 γὰρ
1499 5257 1671 5312 πολλὰ
1715 5273 1830 5310 τοι-

243 5349 385 5405 αὔτα
403 5347 684 5419 είρήκασι.
722 5345 864 5413 Φησὶ
891 5345 1000 5414 γὰρ
1025 5347 1054 5398 ό
1087 5345 1357 5417 μακάριος
1382 5345 1648 5416 Κύριλλος
1671 5348 1730 5401 ἐν
1748 5345 1825 5418 τῷ

242 5442 326 5504 εἰς
349 5437 630 5510 Ζαχαρίαν
655 5435 748 5490 τὸν
781 5435 1069 5507 προφήτην
1103 5437 1480 5508 ὑπομνήματι,
1504 5431 1566 5492 οὗ
1597 5441 1632 5509 ἡ
1656 5437 1824 5509 ἀρχὴ,

241 5531 608 5602 Προφητεύει
642 5529 761 5598 μὲν
785 5531 818 5583 ό
847 5527 1014 5598 ἅγιος
1067 5532 1388 5600 Ζαχαρίας,
1418 5531 1614 5596 οὕτως·
1643 5533 1737 5585 Δεῖ
1763 5531 1826 5602 δὴ

239 5624 352 5697 ἄρα
379 5619 474 5678 οὖν
500 5621 760 5675 τοιούτων
789 5621 1118 5694 ἀποφοιτᾷν,
1143 5624 1239 5676 καὶ
1284 5623 1358 5688 ὡς
1413 5623 1478 5676 ἐκ
1527 5623 1630 5693 γῆς
1677 5623 1828 5678 ἄλλοι

238 5717 397 5794 τρίας
427 5717 527 5788 τῆς
557 5714 954 5784 ὰπεψυγμένης
989 5717 1083 5769 καὶ
1110 5717 1312 5786 νεκρᾶς
1362 5715 1454 5769 τοῦ
1505 5715 1598 5770 νοῦ
1649 5715 1830 5770 διαθέ-

243 5826 380 5878 σεως
418 5809 754 5882 penem-ﬁl)
784 5809 864 5872 εἰς
890 5807 1052 5878 Σιὼν,
1082 5808 1230 5864 τοῦτ’
1263 5810 1410 5864 ἔστιν
1463 5813 1545 5876 εἰς
1589 5811 1650 5866 τὸ
1697 5813 1827 5884 ἀλη-

524 5907 792 5970 ΡΑτιιυι..
837 5908 952 5972 GR.
1002 5909 1315 5973 LXXXVI.

1929 4989 2169 5046 Joannes
2199 4988 2291 5045 ille
2321 4989 2573 5046 dixisset.
2617 4991 2826 5048 Deinde
2857 4992 2900 5047 si
2935 5001 3160 5064 propter
3191 4993 3508 5066 huiusmodi

1928 5097 2101 5142 voces
2137 5082 2408 5154 synodum
2455 5083 2894 5154 reprehendunt,
2933 5099 3033 5140 cur
3063 5085 3254 5142 itidem
3291 5097 3510 5145 sanctos

1929 5164 2151 5246 quoque
2177 5175 2368 5231 Patres
2392 5191 2503 5230 non
2530 5177 2984 5246 reprehendunt?
3003 5177 3140 5232 Nam
3171 5186 3227 5234 et
3252 5180 3328 5236 illi
3353 5180 3510 5252 plura

1931 5265 2060 5322 talia
2115 5267 2486 5337 protulerunt.
2539 5269 2758 5324 Etenim
2799 5269 2994 5326 beatus
3025 5270 3116 5325 ille
3158 5270 3400 5343 Cyrillus
3455 5272 3510 5327 in

1932 5361 2330 5416 commentario
2361 5361 2683 5418 Zachariam
2735 5373 2914 5420 vatem
2965 5363 3281 5420 declarante
3307 5409 3320 5430 ,
3349 5369 3510 5436 cujus

1925 5451 2148 5508 initium
2177 5471 2190 5507 ι
2214 5453 2550 5510 Vaticinatur
2579 5455 2790 5526 quidem
2811 5465 3026 5512 sanctus
3056 5455 3150 5510 ille
3180 5455 3506 5522 Zacharias;

1925 5542 2006 5600 sic
2035 5545 2111 5600 ait
2147 5563 2160 5598 :
2195 5545 2602 5604 Discedendum
2634 5547 2803 5619 igitur
2825 5566 2855 5605 a
2903 5549 3126 5612 talibus,
3167 5557 3224 5603 et
3249 5565 3280 5603 a
3306 5549 3507 5604 mentis

1924 5637 2215 5694 affectione
2244 5640 2419 5712 rigida
2437 5647 2788 5711 mortuaque,
2806 5643 2961 5698 velut
2977 5657 3006 5694 e
3027 5650 3171 5694 terra
3194 5641 3508 5710 peregrina,

1926 5729 2326 5785 transeundmn
2355 5731 2425 5788 ad
2461 5731 2710 5797 Sionem,
2731 5733 2838 5788 hoc
2861 5740 2966 5794 est,
2991 5713 3378 5784 ad‘veritatem
3405 5773 3420 5790 .
3451 5741 3513 5788 ut

1927 5821 2220 5879 Erclcsiam
2242 5821 2453 5882 Christi
2487 5825 2928 5891 consideremus,
2968 5823 3022 5876 in
3053 5836 3160 5889 qua
3193 5823 3513 5891 constituti,
