3954 6148
328 356 468 422 1263

1570 353 1876 414 LEONTII
1922 353 2327 436 szANTI-NI

3465 360 3602 442 εξειι

331 475 636 546 ignorasse.
669 470 813 538 Quin
845 479 900 523 et
935 470 988 524 in
1025 469 1338 538 Evangeliis
1383 468 1679 537 ipsummet
1723 469 1798 522 ita
1827 467 1909 522 lo-

2026 469 2128 522 Καὶ
2149 467 2313 532 αὐτὸς
2341 468 2396 522 δὲ
2430 468 2486 520 ὲν
2520 437 2633 532 τοῖς
2680 470 3038 539 Εὐαγγελίοις
3073 473 3260 544 φησὶν,
3307 475 3392 528 ὅτε
3415 437 3607 544 Οὐδεὶς

335 567 428 636 qui
460 565 526 628 ".
579 573 640 618 ut
691 563 968 618 neminem
1011 560 1159 614 dicat
1211 559 1368 614 illum
1413 559 1560 614 diem
1607 571 1664 615 et
1717 561 1909 614 horam

308 673 540 732 nosse;
585 671 654 712 ne
688 655 886 712 Filium
941 652 1188 723 quidem,
1227 661 1386 708 extra
1446 653 1626 708 solum
1669 653 1907 708 Patrem.

335 751 402 804 Et
434 731 626 802 rursus
653 765 665 800 :
700 763 718 794 ε
739 743 843 800 Ubi
877 741 1141 797 Lazarum
1169 740 1538 813 posuistis"?
1559 763 1576 793 ι
1607 742 1734 798 Haec
1761 741 1911 797 enim

336 838 521 894 omnia
553 835 752 900 verba,
800 833 1094 903 inquiunt,
1126 833 1530 904 ignorationem
1579 831 1910 904 significant.

336 929 540 984 Verum
570 925 668 983 alii
698 923 1042 996 respondent
1096 939 1163 978 ea
1189 921 1470 979 Christum
1502 922 1736 979 consilio
1777 939 1914 992 quo-

337 1022 462 1076 dam
498 1019 580 1075 sic
617 1015 1034 1089 pronuntiasse,
1067 1023 1129 1070 ut
1175 1015 1246 1072 ab
1287 1029 1349 1070 se
1401 1013 1709 1084 discipulos
1756 1030 1914 1072 aver-

335 1121 498 1180 teret,
531 1113 628 1184 qui
663 1112 860 1167 horam
889 1108 1388 1169 consummationis
1415 1108 1656 1164 avebant
1681 1125 1748 1164 ex
1794 1111 1914 1180 ipso

336 1220 689 1279 cognoscere.
721 1203 952 1275 Nempe,
977 1203 1192 1270 dicunt,
1219 1219 1253 1257 a
1281 1201 1690 1258 resurrectione
1719 1217 1915 1258 rursus

337 1303 405 1356 ab
428 1299 516 1356 eis
543 1298 940 1368 interrogatus,
973 1310 1085 1351 non
1117 1295 1355 1366 amplius
1383 1293 1790 1364 respondebat:
1834 1295 1914 1350 Ne

339 1395 509 1452 Filius
535 1389 796 1464 quidem;
838 1388 957 1456 sed,
1007 1387 1182 1444 Nemo
1241 1395 1509 1444 vestrum.
1549 1387 1665 1443 Nos
1725 1397 1913 1443 autem

333 1487 571 1544 dicimus
595 1499 706 1540 non
745 1481 884 1538 adeo
911 1479 982 1534 de
1023 1479 1110 1534 his
1151 1477 1434 1534 subtiliter
1473 1477 1866 1550 inquirendum
1897 1497 1910 1532 :

337 1593 437 1635 nec
482 1575 726 1650 synodus
762 1573 879 1644 ipsa
907 1570 1184 1628 curiosius
1212 1569 1282 1626 de
1307 1569 1414 1625 hoc
1454 1568 1708 1640 dogmate
1755 1569 1914 1624 solli-

322 1672 443 1726 .cita
473 1667 598 1724 fuit.
631 1665 930 1722 Sciendum
958 1673 1141 1718 tamen
1197 1662 1514 1732 complures
1545 1676 1614 1716 ex
1639 1660 1914 1724 Patribus,

2017 551 2124 609 οἷόε
2153 555 2253 628 τὴν
2279 557 2514 628 ἡμέραν,
2541 557 2664 612 οὐδὲ
2698 559 2797 630 τὴν
2827 559 3000 631 ὥραν,
3031 561 3152 615 οὐδὲ
3185 563 3216 617 ό
3246 564 3394 629 Υἱὸς,
3435 565 3485 618 εἰ
3533 569 3610 641 μὴ

2018 647 2231 717 μόνοςό
2259 649 2604 721 Πατήρ.Καί
2639 649 2822 718 πάλιν,
2870 669 2889 705 ε
2939 652 3051 707 Ποῦ
3099 653 3382 712 τεθείκατε
3425 659 3606 726 Λάζα-

2019 758 2143 813 ρονς
2182 743 2428 798 »Ταῦτα
2477 743 2588 814 γὰρ
2639 745 2822 799 πάντα
2869 745 2939 800 τὰ
2995 749 3406 821 προσρήματα,
3448 753 3608 823 φασὶ,

2015 834 2237 902 ἀγνοίας
2258 835 2922 906 εἰσίν.’Λλλ’ἀντιλέγουσι
2943 838 3083 912 πρὸς
3101 841 3418 909 αὐτοὺς,δτι
3437 845 3608 900 ταῦτα

2015 917 2173 978 εἶπεν
2193 925 2223 978 ό
2253 925 2492 994 Χριστὸς
2520 927 2644 979 κατ’
2663 926 3008 998 οἰκονομίαν,
3047 929 3136 984 ἵνα
3160 930 3454 1006 ἀποτρὲψῃ
3480 936 3608 1000 τοὺς

2021 1017 2270 1090 μαθητὰς
2302 1019 2497 1090 μαθεῖν
2523 1017 2586 1084 ἐξ
2625 1017 2790 1074 αὐτοῦ
2815 1019 2918 1092 τὴν
2941 1018 3092 1092 ὥραν
3119 1023 3219 1094 τῆς
3269 1025 3584 1078 συντελείαιο

2018 1109 2242 1182 Ἀμέλει
2261 1147 2278 1174 ,
2339 1107 2495 1178 φασὶ,
2552 1110 2694 1181 μετὰ
2743 1108 2844 1182 τὴν
2895 1111 3198 1167 ἀνάστασιν
3251 1115 3577 1188 ἑρωτὼμενο

2019 1198 2182 1254 πάλιν
2211 1198 2273 1262 ἐξ
2303 1198 2506 1260 αὐτῶν,
2542 1197 2728 1253 οὐκέτι
2757 1193 2935 1265 εἷπεν,
2969 1201 3052 1255 δτι
3091 1202 3230 1257 Οὐδὲ
3261 1204 3292 1257 ό
3323 1204 3468 1273 Υἰὺς,
3490 1207 3589 1260 ἀλλ

2017 1291 2102 1345 ὅτι
2129 1291 2326 1356 οὐδεὶς
2348 1291 2524 1364 ὑμῶν.
2564 1291 2762 1362 Ἡμεῖς
2787 1293 2846 1346 δὲ
2867 1291 3122 1364 λέγομεν,
3155 1295 3238 1350 ὃτι
3257 1297 3322 1350 οὐ
3350 1297 3434 1352 δεῖ
3461 1299 3604 1355 πάνυ

2015 1386 2397 1459 ἀκριϐολογεῖν
2437 1385 2566 1456 περί
2604 1386 2812 1440 τούτων
2841 1403 2856 1420 ο
2894 1388 3188 1462 τοιγαροῦν
3216 1389 3342 1445 οὐδὲ
3388 1393 3422 1463 ἡ
3474 1393 3600 1449 σύν-

2013 1478 2138 1542 οδος
2168 1479 2382 1534 τοιοῦτο
2408 1479 2944 1552 ὲπολυπραγμόνησε
2973 1480 3174 1552 δόγμα.
3219 1483 3368 1554 Πλὴν
3404 1485 3600 1550 ἰστέον,

2018 1570 2099 1624 ὅτι
2147 1571 2198 1624 οί
2223 1569 2410 1624 πολλοὶ
2430 1569 2542 1623 τῶν
2568 1568 2852 1642 Πατάρων,
2878 1571 3068 1642 σχεδὸν
3096 1573 3156 1628 δι
3203 1575 3430 1643 πάντες,
3479 1578 3604 1646 φαί-

2017 1677 2202 1716 νονται
2230 1659 2486 1728 λέγοντες
2507 1660 2674 1714 αὐτὸν
2716 1662 2951 1730 ἀγνοεῖν.
2995 1663 3060 1718 Εἰ
3091 1665 3203 1738 γὰρ
3247 1669 3392 1721 κατὰ
3427 1669 3604 1722 πάντα

324 1779 399 1820 ac
444 1757 846 1834 propemodum
899 1756 1188 1812 universos
1237 1754 1416 1810 videri
1469 1753 1694 1816 dicere,
1758 1752 1909 1822 quod

2026 1751 2238 1820 λέγεται
2267 1753 2398 1823 ἡμῖν
2429 1752 2737 1824 όμοοόσιος,
2777 1755 3085 1827 ἀγνοοῦμεν
3133 1755 3192 1810 ει
3244 1759 3340 1812 καὶ
3397 1760 3562 1830 ἡμεῖς
3585 1775 3600 1790 ο

337 1811 399 1820 _-
444 1811 577 1834 τη,
1683 1811 1692 1816 _
1777 1811 1792 1822 _

337 1857 571 1926 ignoret.
597 1851 736 1908 Nam
762 1865 890 1906 cum
905 1846 1231 1919 «peremnia
1257 1847 1552 1902 nobiscum
1585 1845 1754 1900 unius
1784 1859 1907 1902 esse

2026 1811 2258 1915 ῑηλονότι
2390 1811 2484 1898 καί
2530 1811 2928 1918 «Oeric-6.1mm.
2960 1811 3070 1902 lia!
3093 1850 3128 1920 ἡ
3157 1848 3349 1920 Γραφὴ
3377 1811 3605 1919 δέ’λέᾷει

335 1945 664 2004 substantia:
711 1943 950 2006 dicatur,
985 1949 1042 1999 et
1085 1956 1188 1996 nos
1220 1939 1558 2012 ignoremus
1591 1957 1605 1994 :
1639 1937 1908 1992 nimirum

2026 1943 2138 2014 περὶ
2167 1940 2354 2008 αὐτοῦ,
2381 1941 2461 1996 ὃτι
2493 1959 2512 1992 ε
2543 1943 2887 2015 Προέκοπτεν
2930 1941 3116 2016 ἡλικίᾳ
3141 1946 3234 1998 καὶ
3257 1947 3442 2020 σοφίᾳ·
3469 1969 3487 1999 ε
3507 1947 3603 2020 δη-

337 2034 624 2108 ignorabat
652 2042 710 2089 et
761 2031 900 2103 ipse.
941 2031 1084 2098 Quin
1117 2039 1174 2086 et
1219 2029 1338 2101 ipsa
1364 2029 1653 2099 Scriptura
1695 2027 1835 2084 dicit
1863 2029 1911 2061 ³⁸

2026 2035 2184 2088 tower:
2219 2036 2396 2088 ἐκεῖνο
2432 2033 2746 2106 μανθάνων,
2775 2035 2913 2107 ὅπερ
2939 2036 3126 2107 ἠγνόει
3167 2039 3266 2109 (Ιι).

334 2144 462 2182 eum
507 2125 808 2198 profecisse
851 2132 957 2179 tam
1003 2131 1210 2178 statura
1261 2135 1426 2192 quam
1470 2119 1774 2191 sapientia:
1827 2119 1914 2174 di-

333 2229 581 2276 scentem
633 2217 688 2272 id
729 2216 944 2273 scilicet
983 2214 1131 2285 quod
1173 2213 1480 2285 ignorabat.

407 2313 494 2368 IV.
529 2313 634 2368 Par
671 2319 757 2366 est
802 2309 970 2365 etiam
1007 2309 1075 2364 de
1117 2307 1374 2376 Origene,
1416 2307 1596 2378 deque
1643 2306 1918 2377 dogmatis

339 2401 516 2472 ipsius
547 2410 608 2456 ut
644 2400 853 2471 aliquid
890 2401 1160 2455 dicamus.
1197 2399 1467 2468 Origenes
1510 2412 1666 2468 ergo.
1701 2397 1919 2467 priscus

339 2493 528 2550 homo.
569 2490 638 2544 de
681 2488 902 2544 illorum
939 2502 1176 2542 numero
1206 2486 1301 2556 qui
1332 2493 1463 2542 ante
1491 2485 1918 2540 Constantinum

339 2584 694 2647 exstiterunt,
724 2590 782 2636 et
823 2594 1054 2651 magnus
1089 2578 1399 2633 habebatur
1421 2618 1438 2642 ,
1466 2588 1523 2633 et
1589 2576 1762 2634 sacris
1799 2586 1922 2632 erat

334 2681 398 2733 in
422 2674 648 2732 Litteris
669 2672 922 2729 eruditus
943 2680 998 2726 et
1017 2671 1428 2742 grammaticus.
1451 2671 1584 2742 Ejus
1608 2677 1766 2740 pater
1786 2685 1922 2724 mar-

341 2749 428 2838 tyr
466 2765 646 2822 factus
693 2771 815 2823 est.
869 2770 928 2817 et
975 2760 1210 2830 ipsemet
1255 2775 1478 2832 quoque
1526 2759 1821 2824 deductus,
1861 2767 1925 2814 ut

338 2854 672 2927 martyrium
723 2851 923 2908 obiret.
981 2851 1179 2906 Verum
1226 2847 1539 2905 sacriﬁcare
1579 2855 1802 2904 coactus
1853 2863 1922 2904 ex

355 2941 669 3015 hujusmodi
731 2956 898 2998 causa
950 2939 1076 2994 fuit.
1130 2939 1272 2994 Dum
1323 2938 1650 3010 martyrium
1703 2937 1922 3004 obiret,

344 3037 639 3108 quemdam
669 3033 740 3090 ad
767 3048 896 3089 eum
929 3030 1312 3104 producebant
1345 3028 1683 3099 Ethiopem,
1717 3043 1804 3096 ac,
1838 3030 1926 3085 vel

343 3145 467 3184 cum
483 3126 742 3198 Ethiope
757 3124 901 3198 foeda
923 3123 1314 3184 committeret.
1333 3122 1420 3178 vel
1437 3121 1546 3178 diis
1567 3121 1920 3189 sacriﬁcaret,

347 3220 636 3293 urgebant.
669 3218 934 3290 Origenes
963 3215 1072 3272 diis
1127 3213 1437 3272 sacriﬁcam
1494 3215 1688 3270 maluit
1719 3232 1734 3270 :
1765 3229 1924 3271 acce-

345 3323 616 3384 ptumque
642 3312 772 3366 thus
801 3309 1004 3381 abiecit
1027 3309 1082 3363 in
1118 3307 1484 3364 sacriﬁcium:
1515 3306 1611 3362 sed
1644 3307 1766 3380 ejus
1793 3307 1923 3363 facti

348 3418 678 3477 magnopere
709 3411 899 3474 postea
929 3399 1210 3473 paenituit,
1238 3399 1404 3469 idque
1439 3397 1794 3455 commissum
1829 3400 1926 3456 de-

353 3494 612 3566 ploravit.
646 3490 950 3562 Opiniones
993 3487 1235 3544 habebat
1277 3485 1634 3558 huiusmodi:
1683 3483 1924 3542 Gradum

349 3584 666 3640 inferiorem
713 3581 852 3638 Filio
898 3579 1212 3643 tribuebat,
1263 3575 1410 3631 sicut
1453 3589 1581 3642 eum
1633 3581 1694 3643 et
1731 3572 1924 3628 Ariani

343 3690 534 3753 postea
567 3677 906 3737 defendunt.
939 3639 1426 3741 dicentesrpriseos
1451 3639 1576 3726 illos
1600 3639 1792 3736 Patres
1813 3681 1926 3724 non

346 3771 516 3828 fuisse
539 3771 606 3827 de
631 3765 1034 3826 subtilitatibus
1059 3761 1347 3823 sollicitos.
1374 3760 1512 3818 Cum
1566 3759 1718 3814 enim
1763 3767 1926 3820 sectas
1951 3766 1970 3786 '

347 3863 594 3922 nondum
615 3859 994 3922 emersissent,
1013 3855 1321 3926 simplicius
1343 3868 1440 3910 eos
1466 3852 1752 3908 vocabulis
1773 3866 1922 3906 usos:
1953 3848 1956 3851 ’

346 3963 404 4010 at
421 3961 778 4025 posteaquam
797 3947 1153 4007 emerserint.
1166 3943 1400 4014 coepisse
1413 3957 1686 4013 quemque
1701 3942 1924 3998 Patrum

347 4045 456 4102 sibi
490 4055 706 4098 cavere.
739 4038 854 4095 Nos
882 4043 1068 4093 autem
1099 4035 1341 4092 dicimus
1373 4049 1500 4090 eum
1534 4049 1669 4095 non.
1697 4042 1760 4088 ut
1789 4033 1926 4088 sim-

351 4137 554 4210 plicins
596 4130 882 4190 vocabulis
929 4145 1112 4194 usum,
1146 4127 1290 4183 Filio
1339 4127 1570 4198 gradum
1605 4125 1925 4181 inferiorem

350 4229 610 4285 tribuisse
636 4267 651 4292 ,
690 4223 788 4280 sed
819 4220 965 4279 istud
992 4219 1188 4290 dogma
1221 4233 1412 4289 reapse
1438 4218 1568 4273 totis
1587 4217 1798 4272 viribus
1823 4233 1926 4287 op-

349 4337 640 4396 pugnasse.
671 4320 806 4376 Nam
836 4323 988 4388 patet
1021 4330 1148 4372 eum
1195 4313 1250 4368 in
1283 4313 1516 4383 epistola
1557 4310 1795 4383 quadam
1826 4326 1926 4366 sua

347 4415 419 4470 de
493 4414 598 4468 hoc
645 4409 903 4466 alacriter
950 4415 1200 4470 certare,
1249 4419 1374 4458 cum
1421 4403 1536 4457 ait:
1593 4401 1766 4457 Filius
1829 4407 1926 4456 aut

2091 2303 2277 2369 Ἀξιον
2309 2303 2368 2358 δὲ
2421 2305 2517 2359 καὶ
2569 2305 2698 2377 περὶ
2744 2305 3088 2378 Ὠριγένους,
3142 2309 3234 2362 καί
3277 2309 3388 2362 τῶν
3435 2309 3602 2364 αὖτοῦ

2017 2395 2307 2465 δογμάτων
2337 2397 2533 2449 εἰπεῖν.
2579 2397 2637 2450 ’0
2661 2397 2846 2450 τοίνυν
2902 2397 3184 2472 Ὠριγένης
3239 2401 3464 2472 ἀρχαῖος
3509 2403 3606 2457 ἇν-

2019 2487 2236 2558 θρωπος
2273 2486 2350 2540 ὢν
2390 2487 2499 2540 τῶν
2542 2489 2652 2559 πρὸ
2692 2490 3111 2545 Κωνσταντίνου
3135 2493 3471 2563 γενομένων,
3507 2494 3605 2564 μὲ-

2021 2597 2126 2649 γας
2156 2595 2218 2633 τε
2247 2574 2339 2652 ἦν,
2375 2582 2470 2634 καὶ
2511 2579 2950 2654 πεπαιδευμένος
2991 2584 3074 2648 εἰς
3125 2583 3227 2656 τὴν
3267 2585 3430 2654 ἁγίαν
3460 2585 3608 2659 Γρα-

2024 2671 2152 2744 φὴν,
2203 2671 2595 2746 γραμματικός
2629 2689 2690 2726 τε
2730 2667 2821 2743 ἦν.
2859 2673 3063 2729 Τούτου
3091 2677 3120 2729 ό
3149 2676 3334 2750 πατὴρ
3365 2677 3611 2748 εμαρτῦ-

2025 2780 2183 2836 ρησε,
2211 2763 2306 2818 καὶ
2321 2763 2562 2826 αὐτὺςδὲ
2593 2764 2736 2836 ἢχθη
2770 2767 2866 2820 ἐπὶ
2894 2767 2954 2820 τὸ
2988 2769 3360 2840 μαρτυρῆσαι.
3399 2769 3604 2840 Ἦναγ-

2025 2853 2203 2924 κάσθη
2255 2853 2317 2908 δὲ
2370 2852 2628 2908 ὲπιθῦσαι
2665 2853 2773 2908 ἀπὸ
2820 2857 3076 2928 τοιαύτης
3125 2856 3307 2919 αἰτίας
3335 2871 3352 2888 ⁸
3403 2857 3495 2909 Ἐν
3526 2857 3609 2928 τῷ

2026 2945 2190 3000 αὑτὸν
2241 2948 2562 3017 μαρτυρεῖν,
2598 2947 2920 3017 παρήγαγον
2965 2945 3118 3016 αὐτῷ
3172 2945 3405 3000 Αἰθίοπά
3453 2963 3609 3006 τινα.

2029 3035 2123 3091 καί⁸
2147 3037 2458 3108 ἠνάγκαζον
2485 3036 2518 3108 ἢ
2549 3036 2688 3106 μετὰ
2715 3037 2806 3089 τοῦ
2841 3034 3098 3100 Αἰθίοπος
3123 3036 3528 3107 ἀσχημονῆσαι,
3559 3036 3594 3108 η

1950 3163 1994 3220 C
2029 3132 2140 3194 τοῖς
2161 3128 2303 3192 θεοῖς
2349 3127 2637 3220 επιθῢσαι,
2679 3128 2736 3182 '0
2783 3129 2842 3181 δὲ
2896 3127 3096 3200 μᾶλλον
3126 3127 3303 3181 εἵλετο
3335 3127 3594 3182 ἑπιθῦσαι

2025 3224 2141 3284 τοῖς
2179 3220 2345 3286 θεοῖς,
2373 3221 2468 3274 καὶ⁸
2509 3219 2714 3285 λαϐὼν,
2749 3219 2938 3292 ἔρριψε
2971 3220 3039 3290 τῇ
3073 3217 3257 3291 θυσίᾳ·
3285 3217 3513 3289 ὕστερον
3541 3220 3602 3274 δὲ

2028 3313 2282 3382 μεγάλως
2310 3312 2604 3384 μετενόησε
2643 3311 2740 3366 καὶ
2787 3310 3091 3384 ἐθρήνησεν
3121 3311 3214 3364 επὶ
3247 3309 3428 3365 τοῦτο,
3466 3311 3605 3383 Περί

2023 3407 2082 3460 δὲ
2137 3405 2204 3460 τὰ
2253 3405 2504 3476 δόγματα
2556 3401 2797 3468 τοιοῦτος
2842 3398 2914 3476 ἦν
2938 3419 2952 3434 ο
3002 3401 3299 3456 ’Υπόϐασιν
3326 3401 3480 3472 ελεγε
3513 3401 3609 3456 τοῦ

2026 3495 2181 3560 Υἰοῦ,
2209 3495 2402 3567 ὥσπερ
2438 3495 2576 3566 μετὰ
2606 3493 2784 3548 ταῦτα
2824 3495 2875 3548 οἱ
2915 3494 3186 3566 Ἀρειανοὶ
3212 3491 3632 3558 ἀπολογοῦνται-

2029 3589 2170 3660 ὐπὲρ
2199 3586 2368 3643 αὐτοῦ
2395 3587 2670 3656 λέγοντες,
2695 3587 2780 3640 ὅτι
2827 3587 2878 3640 οἰ
2931 3587 3150 3656 ἀρχαῖοι
3196 3584 3306 3640 τῶν
3347 3583 3609 3656 Πατέρων

2025 3679 2126 3732 οὐκ
2154 3677 2476 3749 ἐφρόντιζον
2507 3675 2916 3748 ἀκριϐολογίας.
2953 3676 3140 3747 Μήπω
3177 3674 3291 3746 γὰρ
3313 3677 3610 3745 ἁναφανει-

2029 3770 2136 3824 σῶν
2187 3770 2296 3824 τῶν
2355 3771 2642 3842 αἱρέσεων,
2699 3767 3074 3840 ἁπλούστερον
3124 3767 3426 3838 ἐκέχρηντο
3485 3769 3609 3828 ταῖς

2028 3862 2261 3929 λέξεσιν.
2290 3863 2422 3916 Ὅτε
2469 3862 2528 3916 δὲ
2558 3861 2913 3930 ἀνεφάνησαν
2933 3899 2949 3924 ,
2992 3859 3115 3914 τότε
3144 3857 3350 3930 ἠρξατο
3373 3857 3609 3921 ἔκαστος

2025 3955 2136 4008 τῶν
2185 3954 2448 4026 Πατὲρων
2501 3953 2692 4007 ἑαυτὸν
2724 3949 3147 4024 ἀσφαλίζεσθαι.
3195 3949 3388 4020 Ἦμεῖς
3417 3947 3475 4002 δὲ
3521 3949 3607 4002 λέ·

2026 4064 2216 4118 γομεν,
2241 4047 2326 4100 ὅτι
2353 4047 2454 4118 οὐχ
2481 4045 2558 4111 ὡς
2593 4044 2963 4116 ἁπλούστερον
3005 4041 3348 4115 κεχρημένος
3377 4044 3495 4104 ταῖς
3521 4040 3608 4094 λέ-

2029 4139 2176 4204 ξεσιν
2205 4137 2475 4193 ὑπόϐασιν
2503 4135 2930 4202 εδόξαζεν,ἀλλὰ
2964 4133 3043 4205 τῷ
3071 4135 3186 4188 ὄντι
3216 4134 3453 4204 ἰσχυρῶς
3483 4135 3608 4186 ἀντ-

2027 4232 2367 4302 ελαμϐάνετο
2415 4229 2608 4284 τούτου
2640 4227 2736 4284 τοῦ
2775 4228 3066 4298 δόγματος.
3119 4226 3375 4281 Φαίνεται
3409 4226 3520 4296 γὰρ
3549 4225 3608 4278 ἐν

2026 4324 2286 4395 επιστολῇ
2310 4323 2478 4378 αὐτοῦ
2509 4323 2640 4394 περί
2666 4322 2860 4378 τούτου
2887 4321 3296 4392 ἀγωνιζόμενος
3314 4320 3600 4388 γενναίως.

2027 4416 2122 4470 καὶ
2153 4413 2351 4483 λόγων,
2379 4415 2462 4470 δτι
2499 4415 2558 4470 '0
2592 4414 2720 4478 Υἱὸς
2749 4413 2782 4486 ἢ
2811 4411 3012 4485 μείζων
3030 4413 3150 4466 ἔστι
3189 4410 3286 4466 τοῦ
3317 4411 3547 4481 Πατρὸς,
3569 4410 3604 4482 ἢ

349 4510 509 4566 Patre
549 4505 722 4576 major
763 4509 869 4568 est,
905 4509 1002 4554 aut
1042 4497 1246 4562 minor,
1277 4502 1375 4550 aut
1411 4493 1660 4564 aequalis.
1703 4491 1760 4550 Si
1795 4505 1922 4561 pro-

2033 4508 2297 4571 ἑλάττων,
2314 4507 2349 4579 ἢ
2373 4506 2509 4571 ῖσος.
2532 4507 2594 4561 Εἰ
2619 4501 2714 4560 οὗν
2740 4505 2924 4570 δείξω,
2943 4504 3166 4558 ὃτιούδὲ
3201 4501 3404 4574 μείζων
3433 4503 3604 4568 ἐστὶν,

351 4603 574 4665 havere,
600 4613 704 4653 nec
729 4596 996 4670 majorem
1021 4604 1166 4656 esse,
1187 4603 1291 4644 nec
1317 4601 1508 4658 parem
1529 4627 1544 4654 ,
1572 4585 1784 4656 patebit
1805 4599 1928 4640 esse

352 4693 646 4749 minorem.
680 4685 942 4756 Quamvis
972 4681 1142 4754 igitur
1175 4678 1492 4735 inferiorem
1523 4677 1662 4732 Filio
1695 4675 1928 4748 gradum

352 4785 543 4848 tradit,
578 4792 764 4838 tamen
797 4792 928 4834 eum
962 4787 1204 4845 purgare
1233 4770 1506 4826 nituntur.
1535 4767 1605 4827 At
1637 4782 1767 4824 vero
1809 4781 1929 4822 ma-

289 4872 301 4880 ’
348 4879 550 4935 nifcstc
605 4875 748 4930 lianc
799 4869 1119 4942 opinionem
1169 4863 1354 4926 fovet,
1401 4868 1462 4915 et
1517 4858 1926 4914 excusationem

355 4971 560 5046 nullam
601 4967 788 5022 habet.

427 5064 486 5118 V.
514 5061 766 5116 Alterum
797 5067 884 5112 est
912 5057 979 5110 de
1010 5049 1464 5125 praexsistentia,
1497 5049 1676 5116 deque
1707 5047 1926 5102 restitu-

352 5157 500 5213 tione
525 5153 578 5206 in
611 5151 907 5219 integrum.
937 5147 1011 5201 De
1036 5141 1470 5215 pratexsistentia
1503 5138 1774 5204 tradebat,
1795 5147 1924 5194 ante

353 5249 548 5306 saecula
574 5250 786 5300 mentes
815 5240 1005 5305 fuisse,
1036 5254 1101 5292 ac
1125 5249 1292 5306 puras
1315 5233 1539 5304 quidem
1571 5247 1783 5296 omnes,
1805 5243 1922 5288 tum

383 5496 392 5502 ν
423 5425 467 5456 ³⁵
496 5425 662 5481 Marc.
687 5438 800 5485 sui,
827 5421 916 5476 52.
993 5422 1039 5453 ⁸⁸
1061 5420 1220 5476 Joan.
1251 5437 1320 5484 χι,
1340 5421 1429 5476 5i.
1509 5417 1554 5449 ³⁸
1583 5417 1718 5473 Luc.
1744 5433 1805 5478 ll.
1835 5416 1924 5470 52.

425 5584 502 5656 (ιζ)
539 5581 765 5656 Ἐκεῖνο
787 5577 1136 5656 μανθάνων,
1164 5578 1310 5646 ὅπερ
1327 5577 1552 5656 ἠγνόει..
1577 5577 1643 5656 liii
1653 5575 1760 5656 rari
1797 5575 1930 5629 sub-

352 5655 396 5710 it
417 5647 441 5722 ,’
465 5647 760 5710 Leontium
787 5647 797 5650 ’
823 5651 1088 5722 Agnoetis
1117 5650 1458 5703 concessisse
1479 5647 1788 5722 Christum.
1825 5660 1929 5714 qua

351 5716 522 5780 homo
553 5733 696 5788 erat,
740 5716 910 5777 multa
944 5722 1267 5780 nescit-isse.
1300 5733 1426 5788 qua
1473 5716 1817 5788 proliciendo
1839 5731 1932 5768 sa~

355 5793 562 5862 pientia
590 5803 647 5850 ct
669 5784 828 5851 astate
863 5793 1140 5849 didicerit.
1162 5791 1296 5848 Vide
1321 5784 1667 5860 Leqnieuum
1701 5787 1766 5840 ad
1785 5784 1925 5856 Opp.

2025 4599 2149 4654 οὐδὲ
2197 4599 2333 4664 ἶσος,
2379 4597 2542 4670 δῆλον
2592 4597 2676 4652 ὅτι
2712 4596 2952 4650 ἐλάττων
2987 4594 3155 4648 ἐστίν.
3199 4593 3266 4647 Εἰ
3308 4591 3404 4646 καί
3447 4591 3608 4655 δοξάο

2025 4685 2108 4750 ζει
2133 4685 2424 4750 ὑπόϐασιν,
2460 4684 2575 4739 ἀλλ’
2623 4679 2720 4739 οὖν
2773 4681 3103 4737 σπεύδουσιν
3156 4679 3606 4751 ἀπολογήσασθαι

2026 4777 2167 4848 ὑπὲρ
2197 4775 2390 4832 αὑτοῦ.
2421 4776 2480 4832 '0
2509 4776 2568 4832 δι
2591 4773 2848 4846 φανερῶς
2874 4771 3088 4839 δοξάζει
3109 4811 3125 4840 ,
3158 4774 3252 4828 καὶ
3311 4759 3608 4839 ἀπολογίαν

2025 4871 2124 4925 οὐκ
2147 4870 2288 4941 ἔχει.

2104 5051 2179 5104 Τὸ
2203 5051 2282 5114 δὲ,
2317 5051 2448 5128 περὶ
2471 5049 2574 5120 τῆς
2605 5047 3004 5122 προῦπάρξεώς
3031 5051 3167 5111 ἔστι,
3199 5043 3295 5098 καὶ
3324 5043 3608 5097 enotata-

2034 5143 2300 5206 στάσεως.
2333 5144 2445 5197 Καὶ
2477 5143 2621 5208 τέως
2653 5142 2714 5213 (i)
2745 5141 2878 5213 περὶ
2925 5139 3028 5210 τῆς
3071 5134 3473 5208 προῦπάρξεως
3498 5134 3609 5189 s66-

2031 5234 2196 5301 ξαζεν
2221 5234 2416 5302 οὕτως,
2441 5237 2523 5290 ὅτι
2546 5235 2656 5308 προ
2687 5234 2796 5290 τῶν
2823 5233 3040 5288 αἰώνων
3087 5231 3211 5294 νόες
3231 5223 3374 5300 ἦσαν
3412 5227 3616 5290 πάντες

2033 5573 2358 5652 Dama_sceni
2410 5585 2544 5629 tom.
2567 5571 2612 5634 ι,
2657 5565 2934 5652 pagﬁifi,
2969 5571 3086 5618 not.
3120 5561 3188 5628 '5;
3239 5571 3295 5616 et
3327 5577 3450 5636 pag.
3483 5557 3616 5622 246,

2031 5645 2335 5783 υἷ’(ιίὲῖίαί
2368 5713 2621 5783 retegit.
2643 5727 2693 5764 τ.
2733 5709 2782 5762 λ.
2813 5705 2977 5783 Hunc
2997 5708 3178 5783 locum
3210 5703 3447 5783 illustrat
3471 5665 3622 5754 liue-

2029 5772 2136 5839 tius
2156 5772 2469 5854 Drigenian.
2491 5772 2592 5838 iib.
2625 5797 2682 5848 ιι,
2717 5789 2914 5859 quaest.
2947 5779 3002 5844 5,
3155 5793 3211 5856 p.
3247 5772 3334 5836 ω.
