3954 6148
338 354 476 422 136.5

1516 369 1521 373 ’
1558 362 1653 424 DE
1693 362 1973 424 SECTIS.
2008 388 2076 399 -
2116 364 2277 427 ACT.
2306 363 2379 423 Χ.

3470 366 3610 433 ΐξιΰϐ

336 477 585 548 καθαροὶ,
620 478 714 532 καὶ
735 480 791 535 οί
816 479 1095 550 δαίμονες,
1132 482 1229 534 καὶ
1256 484 1310 534 αἱ
1348 480 1539 551 ψυχαὶ,
1566 483 1663 535 καὶ
1688 485 1734 535 οἱ
1757 482 1923 548 ἄγγε-

2035 487 2326 547 ttazmouas,
2363 491 2476 537 tum
2508 481 2739 539 animas.
2770 491 2883 536 tum
2920 483 3166 552 angelos,
3197 482 3501 538 ministeria
3525 485 3605 538 di-

335 572 436 630 ).οι.
467 573 917 646 λειτουργοῦντες
947 575 1025 646 τῷ
1060 574 1200 646 Θεῷ,
1226 575 1322 628 καὶ
1365 576 1464 639 τὰς
1503 575 1725 638 ἐντολὰς
1756 575 1922 629 αὑτοῦ

337 663 640 731 ποιοῦντες.
684 667 743 720 '0
776 667 833 721 δὶ
880 668 1129 733 διάὁολος
1181 663 1262 732 εἷς
1310 667 1423 733 ὣν,
1461 668 1653 738 ἐπειδὴ
1685 667 1745 720 τό
1792 668 1924 722 αὑτ-

337 755 577 821 εξούσιον
633 752 800 828 εἶχεν,
833 759 1112 831 ἠϐουλήθη
1150 760 1470 831 ἀντιστῆναι
1504 759 1583 830 τῷ
1630 759 1772 829 Θεῷ,
1831 761 1924 814 καὶ

337 845 595 901 ἀπώσατο
627 850 789 902 αὑτὸν
823 854 851 903 ὁ
882 851 1037 914 Θεός·
1070 853 1495 920 συναπέστησαν
1534 851 1593 905 δὲ
1626 852 1775 922 αὐτῷ
1817 853 1923 905 πᾶ-

340 956 425 992 σαι
459 941 516 991 αἱ
548 940 708 994 ἄλλαι
729 942 1015 1011 δυνάμεις.
1043 945 1150 997 Καὶ
1179 945 1228 997 οἱ
1257 944 1356 1012 μὲν
1388 945 1533 998 πάνυ
1570 945 1924 1015 ἁμαρτήσαν-

337 1050 448 1097 τες,
491 1033 749 1104 δαίμονες
781 1036 1051 1103 ἐγένοντο·
1082 1038 1132 1090 οἱ
1167 1038 1222 1091 δὲ
1255 1038 1336 1091 ἔτι
1385 1037 1629 1100 ἔλαττον,
1676 1039 1919 1107 ἄγγελοι·

336 1125 384 1176 οἱ
425 1124 481 1176 δὲ
530 1125 610 1179 ἔτι
661 1125 906 1192 ἔλαττον,
943 1122 1311 1200 ἀρχάγγελοι·
1362 1131 1458 1184 καὶ
1509 1129 1681 1194 οὕτως
1724 1132 1924 1200 ἐφεξῆς

337 1216 567 1280 ἕκαστος
599 1218 862 1291 πρδςτὴν
904 1222 1112 1274 οίκείαν
1144 1221 1417 1291 ἁμαρτίαν
1451 1223 1747 1276 ἀπέλαϐεν.
1789 1222 1924 1275 ’Υπ-

340 1308 620 1363 ε).είποντο
651 1310 709 1364 δὲ
741 1314 797 1366 αἱ
835 1312 1028 1382 ψυχαὶ,
1073 1314 1280 1378 αἵτινες
1327 1315 1451 1368 οὐδὲ
1499 1314 1736 1368 τοσαῦτα
1784 1310 1925 1386 ἦσαν

339 1402 750 1472 ἁμαρτήσασαι,
802 1404 889 1457 ἵνα
933 1403 1190 1475 δαίμονες
1229 1406 1536 1475 γένωνται·
1586 1408 1710 1461 οὐδὲ
1742 1409 1925 1462 πάλιν

339 1489 482 1544 οὕτω
510 1494 879 1564 κουφοτέρως,
915 1494 1003 1548 ἵνα
1039 1496 1265 1566 ἄγγελοι
1296 1498 1587 1564 γένωνται.
1636 1498 1926 1569 Ἐποίησεν

339 1581 431 1638 οὖν
474 1585 568 1638 τὸν
617 1588 864 1658 παρόντα
908 1589 1135 1659 κόσμον,
1168 1590 1262 1644 καὶ
1309 1591 1411 1661 τὴν
1452 1589 1634 1661 ψυχὴν
1664 1591 1922 1664 συνέδησε

338 1676 415 1743 τῷ
447 1678 659 1745 σώματι
708 1681 848 1751 πρὸς
894 1679 1142 1735 κόλασιν.
1187 1682 1323 1735 Οὐδὲ
1373 1682 1503 1754 γὰρ,
1553 1684 1712 1753 φησὶ,
1760 1701 1926 1755 προσ-

340 1768 675 1839 ωπολὴπτης
704 1773 734 1825 ό
761 1772 919 1838 Θεὸς,
963 1773 1049 1827 ἵνα
1100 1774 1280 1829 πάντα
1324 1776 1500 1829 ταῦτα
1543 1778 1676 1846 μιᾶς
1710 1777 1926 1845 φύσεως

342 1858 471 1911 ὅντα
501 1861 703 1930 (πάντα
733 1860 844 1934 γὰρ
882 1862 1080 1930 λογικά.
1124 1866 1231 1919 είσι
1268 1866 1336 1919 τὰ
1363 1866 1631 1938 ἀθάνατα)
1657 1869 1784 1931 τοὺς
1819 1866 1922 1938 μὲν

341 1954 559 2023 ποιήσοι
585 1953 870 2025 δαίμονας,
898 1956 1023 2017 τοὺς
1048 1956 1126 2018 δὲ,
1147 1956 1348 2027 ψυχὰς,
1373 1958 1500 2023 τοὺς
1523 1959 1604 2023 δὲ,
1632 1959 1920 2029 ἀγγέλουςο

339 2045 477 2100 ἀλλὰ
506 2046 691 2118 δῆλον,
725 2049 807 2103 ὅτι
839 2047 1074 2103 ἕκαστον
1103 2050 1242 2123 πρὸς
1273 2052 1302 2106 ὃ
1330 2052 1548 2124 ἥμαρτε
1577 2052 1925 2125 τιμωρούμε-

338 2155 448 2204 νος,
475 2138 567 2190 τὸν
600 2140 701 2208 μὲν
724 2140 950 2211 ἐποίησε
980 2142 1235 2212 δαίμοναο
1263 2141 1364 2196 τὸν
1387 2143 1464 2208 δὲ,
1491 2144 1692 2217 ψυχήνο
1723 2146 1815 2200 τὸν
1840 2145 1919 2211 δὲ,

339 2229 589 2300 ἄγγελον.
625 2233 689 2285 El
720 2233 796 2303 μὴ
834 2234 945 2306 γὰρ
995 2230 1062 2306 ἦν
1112 2235 1291 2300 τοῦτο,
1339 2239 1431 2290 καὶ
1477 2237 1837 2310 προϋπῆρχον
1872 2241 1925 2295 αί

339 2324 533 2393 ψυχαὶ,
575 2325 719 2378 διατί
764 2326 917 2389 τινὰς
962 2328 1060 2397 μὲν
1089 2327 1198 2380 τῶν
1221 2330 1416 2382 νεωστὶ
1446 2329 1748 2398 τεχθέντων
1781 2329 1930 2400 εὑρί-

343 2432 545 2485 σκομεν
569 2416 805 2484 τυφλοὺς
842 2417 1009 2489 μηδὲν
1030 2420 1487 2491 ἁμαρτήσαντας·
1510 2420 1708 2485 ἄλλους
1735 2420 1792 2476 δὶ
1822 2439 1929 2491 μη-

340 2507 430 2561 δὲν
478 2506 705 2577 ἔχοντας
747 2509 921 2563 κακὸν
946 2548 962 2573 ,
1010 2511 1402 2582 τικτομένους;
1437 2507 1603 2566 Ἀλλὰ
1650 2512 1815 2584 δῆλον
1846 2513 1928 2567 ὅτι

342 2600 561 2670 προῦπῆ
572 2598 701 2670 ρχόν
724 2617 869 2665 τινες
890 2601 1162 2674 ἁμαρτίαι
1190 2605 1314 2665 ταῖς
1330 2603 1555 2674 ψυχαῖς,
1580 2603 1675 2674 ἀφ’
1701 2599 1777 2661 ὧν
1799 2605 1931 2660 ἑκά-

343 2708 442 2762 στη
481 2693 618 2765 πρὸς
644 2693 747 2766 τὴν
787 2691 946 2760 ἀξίαν
971 2693 1379 2766 ἀπολαμϐάνει.

413 2958 551 3028 Περὶ
597 2958 656 3014 δὲ
695 2959 794 3030 τῆς
825 2961 1335 3025 ἀποκαταστάσεωςδ
1377 2964 1523 3018 οὕτω
1561 2964 1806 3029 δοξάζει·
1844 2966 1929 3019 ὅτι

342 3051 555 3117 γίνεται
585 3053 800 3124 νεκρῶν
826 3054 1151 3119 ἀνάστασις,
1178 3055 1505 3124 καὶγίνεται
1541 3056 1785 3122 κόλασις,
1817 3056 1932 3112 ἀλλ’

2028 577 2152 628 vina
2200 575 2500 637 obeuntes,
2552 589 2615 629 ac
2672 575 2765 629 Dei
2815 574 3089 630 mandatis
3133 574 3600 645 obtemperantes.

2028 667 2316 721 Diabolum
2342 683 2495 731 vero,
2515 667 2583 721 de
2604 667 2693 722 bis
2716 682 2908 733 unum,
2936 666 3082 737 quod
3110 667 3324 722 arbitrii
3350 668 3604 723 libertate

2026 758 2294 828 praeditus
2338 768 2526 825 esset,
2570 760 2683 815 Deo
2735 759 2979 816 voluisse
3029 761 3323 825 resistere,
3370 761 3604 831 ideoque

2026 852 2291 923 rejectum
2325 866 2356 905 a
2386 852 2529 906 Deo:
2575 852 2743 907 simul
2772 852 3063 907 universas
3092 852 3231 907 alias
3259 852 3444 923 copias
3478 868 3603 907 cum

2024 960 2091 1001 eo
2122 943 2410 999 defecisse.
2456 942 2561 1009 Qui
2611 943 2851 1014 graviter
2899 943 3294 1013 deliquissent,
3326 943 3605 999 daemonas

2026 1038 2234 1101 factos;
2271 1035 2366 1107 qui
2397 1036 2605 1099 minus,
2644 1036 2897 1105 angelos;
2941 1035 3035 1105 qui
3075 1035 3257 1090 adhuc
3287 1036 3604 1097 minus,ar-

2026 1130 2321 1201 changelos
2358 1128 2708 1198 :eodemque
2761 1127 3023 1196 deinceps
3073 1127 3236 1181 modo
3303 1127 3607 1197 quemlibet

2027 1237 2126 1292 pro
2158 1220 2362 1275 delicto
2396 1234 2498 1274 suo
2525 1234 2717 1290 pmnas
2742 1218 2955 1273 tulisse.
2985 1217 3250 1286 Reliquas
3286 1217 3456 1273 fuisse
3487 1218 3605 1271 ani-

2026 1328 2162 1375 mas,
2195 1327 2317 1383 qua:
2347 1326 2526 1382 neque
2557 1321 2665 1366 tam
2696 1309 2847 1381 gravi
2884 1309 3094 1364 scelere
3137 1317 3313 1363 semet
3355 1309 3601 1363 obstrin—
3622 1321 3639 1333 δ

2025 1404 2254 1471 xissent,
2279 1411 2340 1457 ut
2376 1402 2652 1457 daemones
2680 1401 2981 1463 evaderent
3019 1417 3033 1453 :
3077 1416 3180 1455 nec
3224 1415 3418 1455 rursus
3467 1400 3604 1454 adeo

2026 1496 2155 1561 levi,
2192 1502 2252 1550 ut
2285 1493 2462 1566 angeli
2500 1493 2711 1548 ﬁerent.
2747 1492 2937 1562 Itaque
2983 1492 3249 1546 mundum
3292 1491 3441 1547 hunc
3474 1507 3605 1546 cou-

2027 1588 2236 1644 didisse
2269 1589 2463 1653 Deum,
2508 1597 2565 1642 et
2598 1586 2837 1641 animam
2873 1584 3131 1655 supplicii
3173 1599 3340 1640 causa
3384 1585 3602 1654 corpori

2028 1681 2313 1752 alligasse;
2343 1681 2467 1736 Nec.
2492 1680 2677 1747 enim,
2728 1678 2835 1742 ait,
2884 1692 3246 1747 personarum
3293 1685 3607 1747 acceptator

2030 1782 2115 1829 est
2148 1775 2312 1838 Deus,
2345 1773 2440 1844 qui
2465 1773 2581 1828 haec
2605 1772 2813 1839 omnia,
2845 1780 3056 1827 naturae
3087 1772 3255 1827 unius
3282 1771 3603 1827 exsistentia

2032 1864 2182 1935 (sunt
2216 1866 2364 1920 enim
2397 1864 2581 1920 omnia
2611 1865 2824 1919 ratione
2854 1864 3085 1935 praedita
3112 1872 3167 1919 et
3212 1863 3601 1933 immortalia),

2025 1958 2108 2014 sic
2142 1956 2210 2011 ab
2260 1956 2416 2011 initio
2448 1956 2734 2021 conderet,
2785 1964 2844 2010 ut
2889 1955 3048 2019 alios,
3088 1956 3419 2022 daemonas;
3445 1956 3604 2019 alios,

2025 2047 2272 2112 animas;
2326 2046 2483 2113 alios,
2517 2047 2742 2118 angelos
2787 2047 2996 2103 faceret
3035 2068 3048 2101 :
3106 2048 3204 2103 sed
3252 2048 3604 2104 manifestum

2026 2138 2211 2210 potius
2243 2145 2327 2192 est
2360 2137 2532 2193 Deum
2583 2152 2685 2208 pro
2736 2138 2951 2194 ratione
2983 2137 3173 2194 delicti
3206 2153 3484 2210 quemque
3526 2140 3608 2196 sic

2028 2229 2329 2300 punivisse,
2361 2238 2422 2285 ut
2449 2227 2618 2284 alium
2649 2229 2859 2285 faceret
2891 2229 3235 2297 daemonem;
3268 2230 3459 2294 alium,
3491 2232 3610 2286 ani-

2029 2334 2210 2386 mam;
2242 2319 2435 2387 alium,
2479 2321 2758 2393 angelum.
2790 2320 3015 2391 Absque
3042 2337 3154 2391 quo
3183 2330 3350 2383 esset.
3389 2339 3453 2377 ac
3498 2323 3602 2378 nisi

2029 2415 2473 2484 prasexsisterent
2517 2415 2755 2479 animas,
2807 2414 2902 2485 qui
2958 2414 3081 2469 ﬁeri
3125 2414 3303 2484 possit
3367 2422 3423 2469 ut
3474 2414 3610 2469 alios

2030 2520 2229 2562 recens
2270 2505 2327 2559 in
2372 2506 2555 2561 lucem
2598 2505 2801 2571 editos,
2853 2506 3010 2562 nullo
3055 2506 3300 2562 admisso
3348 2506 3606 2565 crimine.

2030 2612 2238 2662 carens;
2282 2599 2420 2654 alios
2464 2608 2693 2666 contra,
2728 2600 2849 2655 sine
2891 2599 3028 2654 vitio
3074 2597 3250 2664 nasci,
3295 2599 3606 2671 deprehen-

2031 2689 2260 2746 damus?
2285 2690 2557 2747 Nimirum
2586 2700 2760 2762 patet,
2790 2690 2993 2762 inquit,
3025 2690 3307 2747 exstitisse
3354 2692 3510 2761 prius
3555 2692 3608 2745 in

2032 2783 2168 2853 ipsis
2203 2783 2401 2839 animis
2440 2783 2642 2840 delicta
2672 2783 2947 2856 quadam,
2981 2797 3219 2854 quorum
3254 2798 3417 2839 causa
3457 2799 3581 2853 quae

2028 2872 2168 2929 libet
2195 2889 2269 2928 ex
2288 2873 2487 2930 merito
2517 2889 2735 2944 poenam
2766 2873 2959 2930 refert.

2103 2965 2191 3020 Vl.
2232 2965 2308 3020 De
2348 2965 2700 3022 restitutione
2728 2981 2863 3022 vero
2902 2966 2959 3020 in
2994 2966 3292 3037 integrum,
3323 2966 3443 3023 haec
3489 2967 3612 3038 ejus

2035 3056 2258 3128 Opinio:
2293 3055 2535 3113 futuram
2566 3068 2917 3114 mortuorum
2939 3057 3429 3124 resurrectionem,
3449 3065 3611 3128 atque

343 3144 442 3195 οὐκ
478 3144 805 3215 ἀπέραντος.
840 3145 1226 3216 Κολαζομένου
1246 3148 1357 3217 γὰρ
1385 3148 1477 3201 τοῦ
1513 3147 1764 3218 σώματος
1795 3147 1930 3203 κατὰ

2036 3148 2405 3219 supplicium;
2465 3150 2562 3205 sed
2611 3149 2842 3206 minime
2886 3149 3014 3205 ﬁnis
3044 3162 3263 3219 expers.
3296 3149 3430 3205 Nam
3484 3149 3614 3205 dum

345 3233 540 3304 μικρὸν
585 3234 911 3306 καθαίρεται
934 3238 967 3307 ἡ
992 3235 1162 3307 ψυχὴ,
1193 3237 1288 3291 καὶ
1308 3235 1482 3297 οὕτως
1500 3236 1936 3292 ἀποκαθίσταται

340 3329 421 3389 εἰς
442 3326 541 3396 τὴν
564 3328 802 3397 ἀρχαίαν
820 3326 991 3395 τάξιν.
1023 3329 1136 3383 Καὶ
1166 3329 1292 3391 τοὺς
1319 3327 1579 3397 δαίμονας
1611 3327 1669 3380 δὲ
1704 3326 1801 3383 καὶ
1829 3326 1931 3396 ἀγ·-

346 3420 537 3488 γέλους
559 3420 711 3489 λέγει
730 3420 1222 3475 ἀποκαθίστασθαι.
1240 3420 1664 3491 ’Δνατρέπωμεν
1689 3418 1747 3472 δὲ
1762 3417 1936 3474 ταῦτα

348 3513 547 3578 πάντα,
584 3513 683 3566 καὶ
724 3512 942 3583 πρῶτον
983 3512 1045 3567 τὸ
1084 3512 1189 3583 τῆς
1236 3513 1662 3585 προϋπάρξεως.
1706 3512 1934 3584 Ἐπειδὴ

348 3603 455 3675 7&9
483 3605 547 3657 ὲκ
587 3604 680 3658 τοῦ
715 3604 920 3674 λέγειν,
967 3606 1051 3661 ότι
1089 3605 1189 3659 οὐκ
1236 3604 1354 3658 ἐστι
1390 3605 1868 3677 προσωπολήπτης
1905 3607 1934 3659 ὁ

347 3696 498 3759 Θεὸς,
534 3697 757 3765 συνάγει
801 3697 901 3760 τὰς
930 3695 1109 3766 ψυχὰς
1141 3697 1369 3766 λογικὰς
1404 3694 1572 3760 οὔσας
1602 3698 1698 3751 καὶ
1725 3697 1933 3752 ἀθανά-

347 3804 493 3852 τους,
519 3787 711 3859 ὥσπερ
745 3788 841 3841 καὶ
869 3790 919 3840 οἱ
951 3787 1198 3857 ἄγγελοι,
1233 3788 1334 3852 τὰς
1373 3788 1474 3859 μὲν
1508 3787 1772 3858 συνδῆσαι
1801 3787 1936 3841 Θεὸν

347 3877 425 3949 τῷ
458 3878 694 3949 σώματι,
728 3882 853 3943 τοὺς
892 3879 948 3935 δὶ
975 3881 1134 3934 ἐᾶσαι
1168 3883 1227 3934 ὲν
1264 3881 1479 3950 οὐρανῷ
1538 3879 1689 3950 αὐτῷ
1728 3897 1939 3950 συμπο-

348 3969 673 4024 λιτεύεσθαι·
710 3971 1075 4035 ἰστέον,ὃτιτδ
1094 3970 1188 4025 τοῦ
1203 3973 1455 4042 λογικοῦ
1487 3973 1585 4027 καὶ
1610 3971 1932 4038 ἀθανάτου,

348 4056 639 4127 ὁμώνυμόν
691 4062 860 4116 ἐστιν.
900 4061 1065 4115 Ἀλλο
1123 4063 1234 4135 γάρ
1282 4064 1400 4118 ἔστι
1454 4062 1518 4116 τὸ
1571 4062 1789 4130 λογικὸν
1840 4062 1938 4117 καὶ

348 4148 617 4205 ἀθάνατον
649 4151 756 4206 τῶν
784 4153 1059 4222 ἀγγέλων,
1095 4154 1194 4209 καὶ
1229 4152 1557 4222 ὑπερϐαῖνον
1594 4153 1695 4226 τὴν
1723 4152 1936 4226 ἀνθρω-

350 4241 515 4311 πίνην
554 4243 738 4312 φύσιν,
784 4246 881 4300 καὶ
911 4245 1041 4300 ἄλλο
1077 4247 1138 4301 τὸ
1186 4246 1487 4319 ἡμέτερον·
1549 4247 1671 4301 ἐπεὶ
1711 4248 1806 4301 καὶ
1844 4248 1937 4301 τὸν

350 4332 485 4388 Θεὸν
512 4335 730 4404 λογικὸν
780 4339 875 4391 καὶ
923 4337 1195 4393 ἀθάνατον
1233 4337 1501 4408 λέγομενο
1544 4337 1724 4393 καίτοι
1764 4339 1824 4393 οὐ
1853 4337 1945 4392 λέ-

351 4442 520 4495 γομεν
565 4428 728 4482 αὐτον
757 4423 898 4483 εἶναι
937 4433 1039 4502 τῆς
1085 4429 1250 4501 ἡμῶν
1299 4428 1536 4497 φύσεως.
1578 4429 1724 4501 Πρός
1770 4431 1828 4484 δὲ
1873 4432 1935 4484 τδ

2042 3254 2266 3311 corpus,
2317 3241 2413 3306 ait,
2466 3241 2733 3312 punitur,
2775 3241 2959 3296 anima
3012 3242 3275 3310 paulatim
3326 3251 3613 3312 purgatur.

2039 3339 2206 3402 atque
2245 3330 2351 3388 hoc
2394 3333 2561 3388 modo
2612 3332 2906 3405 pristinum
2950 3334 3008 3390 in
3050 3334 3236 3389 locum
3279 3334 3614 3390 restituitur.

2037 3422 2184 3490 Quin
2218 3432 2276 3478 et
2314 3423 2597 3479 daemonas
2626 3434 2682 3480 et
2715 3424 2941 3495 angelos
2982 3423 3038 3479 in
3084 3425 3358 3495 integrum
3398 3424 3614 3479 restitui

2039 3512 2227 3570 tradit.
2257 3513 2376 3570 Sed‘
2398 3514 2550 3571 enim
2578 3514 2699 3571 hac
2730 3514 2915 3570 omnia
2956 3529 3081 3581 nos,
3112 3531 3178 3572 ac
3211 3516 3451 3586 primum
3481 3515 3614 3570 itt'ad

2040 3607 2109 3663 de
2139 3606 2578 3677 prazexsistentia
2606 3606 2936 3664 refutemus.
2976 3606 3113 3663 Nam
3156 3608 3285 3678 quia
3331 3606 3508 3662 fretus
3553 3624 3615 3661 ea

2039 3695 2251 3752 ratione
2279 3696 2427 3767 quod
2454 3711 2721 3770 personas
2745 3697 2893 3752 Deus
2943 3711 3052 3752 non
3076 3704 3324 3767 acceptet
3343 3738 3359 3759 ,
3389 3696 3619 3766 colligit.

2037 3805 2165 3846 eum
2183 3789 2412 3845 rationis
2430 3789 2727 3862 participes
2744 3791 2955 3845 animas
2971 3799 3027 3845 et
3050 3789 3409 3855 immortales,
3429 3790 3620 3859 qualt‘s

2037 3887 2095 3935 et
2121 3879 2300 3951 angeli
2330 3888 2481 3944 sunt,
2506 3879 2759 3951 alligasse
2782 3879 3147 3951 corporibus;
3178 3879 3405 3951 angelos
3427 3888 3611 3933 autem

2039 3971 2096 4026 in
2126 3971 2270 4026 ccelo
2308 3971 2620 4043 reliquisse,
2662 3971 2743 4027 uti
2778 3986 2905 4026 cum
2939 3971 3060 4043 ipso
3111 3978 3575 4027 conversarcntur
3604 3988 3615 4022 :

2038 4061 2323 4117 sciendum
2360 4077 2526 4118 voces
2554 4063 2710 4126 istas,
2744 4063 2971 4116 rationis
2999 4062 3284 4132 particeps,
3312 4067 3371 4114 et
3398 4061 3618 4114 immo:-

2040 4153 2168 4219 tale,
2214 4154 2529 4224 :equivocas
2573 4168 2717 4210 esse.
2766 4153 2904 4209 Nam
2937 4153 3101 4209 aliter
3155 4153 3332 4224 angeli
3386 4151 3616 4207 rationis

2039 4247 2341 4318 participes
2371 4253 2429 4302 et
2457 4245 2798 4301 immortales
2839 4253 2991 4311 sunt,
3040 4245 3202 4301 aliter
3247 4259 3369 4311 nos,
3431 4245 3613 4297 minus

2036 4337 2249 4393 scilicet
2277 4351 2443 4407 quam
2469 4335 2549 4391 illi
2580 4334 2822 4406 :quippe
2852 4335 3025 4392 Deum
3057 4336 3237 4408 ipsum
3276 4350 3497 4407 quoque
3534 4350 3620 4389 ra-

2043 4429 2210 4483 tionis
2240 4427 2566 4497 participem
2600 4435 2657 4482 et
2688 4426 3059 4482 immortalem
3103 4427 3364 4492 dicimus,
3397 4440 3502 4483 nec
3534 4433 3617 4479 ta-

351 4516 552 4585 λέγειν,
584 4519 666 4572 δτι
688 4520 801 4574 Καὶ
826 4520 945 4585 πῶς
979 4522 1029 4575 0i
1081 4521 1183 4593 μὲν
1222 4521 1503 4576 τίκτονται
1535 4522 1750 4592 τυφλοὶ,
1793 4522 1845 4576 οί
1875 4520 1930 4575 δὲ

2042 4534 2169 4575 men
2199 4534 2328 4574 eum
2371 4533 2492 4574 esse
2526 4527 2738 4576 natum
2792 4528 2996 4576 nostra:
3047 4519 3360 4576 statuimus.
3397 4518 3481 4576 Ad
3516 4518 3620 4573 hoc

356 4608 522 4678 μηδὲν
553 4612 723 4665 κακὸν
752 4611 998 4682 ἔχοντες
1030 4612 1286 4684 λέγομεν,
1330 4613 1414 4667 ὅτι
1462 4613 1640 4668 ταῦτα
1690 4612 1935 4684 κρίματα

355 4700 461 4754 εἱσι
500 4700 731 4772 Κυρίου,
766 4700 863 4755 καὶ
891 4700 974 4756 δεῖ
1000 4702 1148 4772 ἡμᾶς
1179 4701 1355 4756 ταῦτα
1409 4700 1483 4773 μὴ
1524 4700 1735 4771 ζητεῖν.
1777 4701 1934 4756 Ἐπεὶ

352 4793 768 4863 ἀνταποροῦμεν
799 4794 1017 4860 αὐτοὺς,
1040 4793 1191 4848 Διατί
1225 4796 1276 4850 οί
1305 4794 1463 4849 ἵπποι
1498 4796 1628 4865 μιᾶς
1655 4793 1808 4858 ὄντες
1832 4792 1933 4864 φύ-

356 4900 514 4946 σεως,
543 4887 595 4938 οί
641 4885 742 4953 μιν
791 4884 1083 4955 μοχθοῦσιν
1123 4886 1187 4939 ὲν
1217 4886 1618 4959 ἀρτοκοπείοις,
1664 4885 1715 4939 οἱ
1761 4883 1821 4938 δὲ
1872 4885 1934 4943 ὲν

352 4977 532 5045 τρυφῇ
569 4973 706 5040 ζῶσι
741 4975 896 5047 παρὰ
927 4975 1183 5046 μεγάλοις
1207 4975 1552 5049 ἁνθρώποις;
1595 4975 1689 5030 καί
1718 4991 1801 5030 τοι
1833 4975 1934 5039 τὰς

353 5066 531 5137 ψυχὰς
563 5065 769 5120 τούτων
815 5068 914 5138 οὐχ
966 5066 1294 5137 ὁμολογοῦσι
1345 5067 1747 5138 προϋπάρχειν.
1784 5067 1848 5120 Ui
1876 5065 1937 5119 δὶ

356 5158 697 5212 Πλατωνικοὶ
748 5159 814 5213 ἐκ
863 5158 1069 5229 ταύτης
1094 5159 1590 5230 στενοχωρούμενοι
1651 5159 1751 5228 τῆς
1799 5160 1935 5213 ἁποο

360 5249 504 5320 ρίας,
533 5248 630 5304 καὶ
653 5248 764 5303 τῶν
788 5249 1002 5319 ἀλόγων
1030 5250 1186 5305 εἶπον
1214 5250 1592 5322 προϋπάρχειν
1611 5251 1712 5314 τὰς
1735 5250 1930 5320 ψυχάς.

360 5340 494 5410 Περὶ
523 5338 581 5393 δὲ
613 5339 709 5393 τοῦ
741 5341 922 5410 λέγειν
954 5342 1175 5407 αὐτοὺς,
1212 5344 1288 5412 μὴ
1319 5336 1461 5395 εἶναι
1490 5342 1805 5408 ἀπέραντον
1835 5341 1937 5411 τὴν

358 5432 584 5486 κόλασιν
611 5431 886 5501 (λέγουσιν
916 5432 1047 5505 γὰρ,
1077 5432 1164 5486 ὅτι
1191 5432 1254 5486 τὸ
1280 5432 1381 5487 τοῦ
1409 5432 1606 5497 αἰῶνος
1638 5433 1814 5502 (ονομα
1843 5432 1939 5485 ini

355 5526 662 5600 ὡρισμένου
716 5529 911 5599 χρόνου
973 5528 1347 5600 λαμϐάνεται,
1395 5527 1493 5582 καὶ
1532 5528 1660 5582 ὅταν
1717 5525 1847 5599 εἴπῃ
1901 5528 1936 5598 ἡ

358 5620 574 5692 ι’ραφὴ,
604 5621 687 5675 ὅτι
715 5622 908 5675 αίωνία
936 5623 1084 5676 ἐστὶν
1132 5623 1164 5693 ἡ
1208 5620 1451 5686 κόλασις,
1483 5621 1545 5674 οὐ
1573 5619 1742 5688 λέγει,
1778 5622 1828 5673 εί
1863 5617 1938 5690 μὴ

365 5712 458 5765 ἐπὶ
482 5711 790 5784 ὡρισμένου
820 5712 1060 5786 χρόνον),
1095 5712 1291 5778 ἰστέον,
1341 5714 1424 5768 ὅτι
1471 5713 1548 5782 τῷ
1579 5712 1694 5767 ὄντι
1732 5713 1798 5765 τὸ
1837 5711 1938 5765 τοῦ

359 5800 557 5870 αἰῶνος
570 5807 751 5878 ὄνομα.
770 5807 863 5862 καὶ
894 5808 1040 5879 παρὰ
1067 5810 1175 5869 τοῖς
1202 5805 1325 5873 ἔξω,
1356 5806 1446 5862 καὶ
1480 5808 1628 5877 παρὰ
1653 5808 1715 5878 τῇ
1744 5805 1930 5878 Γραφῇ

2039 4627 2172 4667 vero
2202 4610 2349 4681 quod
2379 4611 2476 4675 ait,
2503 4625 2742 4682 quonam
2775 4620 2936 4682 pacto
2963 4611 3095 4667 casei
3121 4610 3351 4683 quidam
3385 4624 3617 4665 nascan-

2040 4710 2162 4764 tur,
2217 4700 2342 4756 aliis
2388 4700 2509 4756 vitii
2560 4699 2700 4756 nihil
2752 4700 3124 4761 habentibus.
3176 4698 3613 4770 respondemus.

2039 4808 2164 4850 esse
2205 4793 2297 4847 illa
2348 4793 2444 4848 Dei
2495 4791 2707 4863 judicia
2763 4807 2887 4863 qua:
2942 4791 3273 4863 inquirenda
3319 4806 3429 4846 non
3484 4789 3613 4844 sint.

2038 4886 2151 4942 Nos
2187 4886 2338 4941 enim
2384 4886 2438 4941 ei
2479 4884 2724 4941 vicissim
2770 4882 3087 4954 obiicimus,
3118 4882 3347 4954 quinam
3394 4881 3507 4946 tiat,
3558 4891 3613 4936 ut

2041 4993 2165 5032 eum
2197 4976 2325 5046 equi
2354 4984 2567 5031 naturae
2596 4975 2709 5030 sint
2737 4974 2925 5038 unius,
2955 4973 3259 5028 alii‘tameu
3287 4973 3339 5026 in
3369 4972 3619 5042 pistriuis

2040 5070 2315 5130 laborent,
2349 5068 2443 5123 alii
2476 5082 2706 5139 magnos
2731 5066 2879 5136 apud
2904 5065 3159 5121 homines
3189 5065 3244 5119 in
3287 5064 3505 5120 deliciis
3530 5064 3620 5118 vi-

2042 5162 2215 5217 vant?
2246 5160 2398 5232 atqui
2436 5160 2855 5215 nullas'horum
2895 5159 3107 5214 animas
3145 5157 3424 5228 Origeuici
3462 5156 3621 5226 prius

2040 5254 2306 5309 exsistere
2321 5252 2675 5307 conﬁtentur.
2694 5251 2957 5307 Platonici
2978 5259 3181 5311 tamen,
3194 5250 3297 5305 hac
3309 5250 3620 5316 obiectione

2043 5347 2239 5415 pressi,
2280 5345 2569 5399 brutorum
2616 5344 2828 5399 animas
2870 5358 3091 5413 quoque
3145 5342 3301 5412 prius
3351 5341 3617 5394 exsistere

2046 5437 2323 5492 dicebant.
2359 5435 2516 5502 Quod
2559 5443 2742 5490 autem
2776 5435 3058 5504 inquiunt.
3101 5447 3213 5487 non
3257 5447 3377 5485 esse
3409 5428 3620 5498 suppli-

2045 5529 2190 5583 cium
2246 5529 2372 5582 linis
2415 5542 2612 5597 expers
2653 5526 2909 5595 (tradunt
2956 5525 3106 5579 enim
3150 5538 3351 5578 nomen
3402 5521 3501 5574 a‘vi
3552 5518 3619 5571 de

2048 5629 2295 5690 tempore
2319 5616 2558 5674 deﬁnito”
2575 5617 2751 5687 accipi
2780 5635 2793 5670 :
2824 5624 2880 5671 et
2899 5614 3118 5685 quoties
3156 5614 3439 5684 Scriptura
3472 5611 3615 5664 dicat

2046 5712 2375 5783 supplicium
2412 5709 2543 5765 illud
2575 5710 2639 5764 ad
2666 5725 2844 5764 arvum
2878 5706 3100 5767 durare,
3131 5719 3240 5759 non
3263 5704 3368 5758 nisi
3393 5701 3459 5756 de
3487 5711 3614 5757 tetu.

2047 5797 2183 5877 pore
2216 5802 2444 5860 deﬁnito
2474 5814 2594 5861 eam
2625 5800 2857 5870 loqui),
2890 5794 3188 5868 sciendum
3227 5809 3348 5851 vero
3390 5792 3623 5866 quidem
