3934 6156
295 307 432 374 1259

1346 301 1646 370 CONTRA
1681 303 2005 372 NESTOR.
2047 307 2142 369 ET
2181 305 2504 372 EUTYCH.

3407 300 3548 363 1'270

285 423 463 490 σοφῶν
497 420 674 492 πάντη
713 421 940 482 ἑαυτοὺς
970 419 1233 484 παλαιοὺς
1258 417 1366 474 τῶν
1393 420 1566 489 ἀγίων
1597 419 1858 490 Πατέρών

1989 420 2128 491 iqui
2180 434 2331 476 nunc
2367 425 2498 474 sunt
2543 415 2844 486 sapientes,
2883 435 2942 474 sa
2990 421 3215 489 penitus
3244 417 3544 490 ignorent:

284 515 480 576 πόνους
529 509 932 583 ἀγνωμοσύνη,
972 510 1140 566 πολὺν
1172 510 1330 565 όκνον
1357 511 1592 565 ἐνεποίει
1633 513 1700 584 τῇ
1750 511 1863 564 δια-

282 607 403 678 νοίᾳ
433 621 534 676 μου
565 603 704 675 πρὸς
748 604 808 658 τὸ
860 601 1232 672 πειθαρχῆσαι
1280 603 1358 670 τῷ
1386 603 1728 674 ὲπιτάγματι
1761 603 1865 673 τῆς

284 697 530 767 ἀγάπης.
556 693 663 759 Οὓς
706 695 816 762 γὰρ
869 693 946 765 μὴ
991 693 1255 748 πέπεικεν
1291 694 1360 748 τὰ
1405 695 1543 765 μετά
1593 694 1866 766 τοσαύτης

285 789 508 861 χάριτος
535 789 631 842 καὶ
664 787 854 855 σοφίας
887 785 1044 848 Θεοῦ,
1095 785 1260 842 ἔτιδὲ
1305 787 1400 841 καὶ
1446 786 1545 856 τῆς
1590 787 1731 842 κατὰ
1769 787 1868 858 τὴν

286 881 390 949 ἔξω
426 879 752 950 φιλοσοφίαν
781 879 1114 950 ἀκρότητος,
1155 881 1250 934 καὶ
1284 879 1386 948 τῆς
1418 879 1584 951 ἄλλης
1620 879 1868 942 παιδείας

284 973 575 1027 ἐκτεθέντα
609 971 988 1042 συντάγματα,
1019 970 1137 1035 πῶς
1172 971 1238 1025 ἂν
1265 973 1294 1025 ό
1335 951 1543 1045 βραχὺς
1565 966 1744 1039 οὗτος,
1775 974 1871 1030 καὶ

283 1063 390 1118 ἀπὸ
423 1063 627 1134 μικρᾶς
685 1061 1098 1134 προφερόμενος
1157 1061 1396 1127 διανοίας
1471 1064 1580 1128 καὶ,
1622 1061 1868 1134 γλώττης

285 1154 530 1208 πείσειεν
558 1153 716 1222 λόγος
738 1171 752 1220 ;

355 1339 548 1408 Ὅμως
577 1337 660 1410 (οὑ
691 1337 800 1408 γὰρ
829 1341 943 1402 τοῖς
976 1342 1412 1411 κεκρατημένοις
1449 1343 1741 1411 ἐγχειρεῖν,
1773 1341 1871 1410 τῆς

281 1428 338 1482 δὲ
362 1428 472 1483 τῶν
501 1429 863 1498 ὑγιαινόντων
893 1431 1200 1500 ἀσφαλείας
1242 1431 1574 1501 ποιήσασθαι
1614 1433 1874 1502 πρόνοιαν

283 1520 667 1591 ἓπιτετάχασι)
704 1522 1036 1593 πειθαρχεῖν
1062 1522 1118 1576 δὲ
1149 1523 1310 1593 φιλίῳ
1341 1523 1746 1596 προστάγματι,
1779 1522 1876 1578 νῦν

281 1612 332 1662 si
363 1616 460 1664 καὶ
487 1611 564 1682 μὴ
590 1611 859 1684 πρότερον
893 1611 1162 1683 ἔγνωμεν.
1193 1614 1305 1668 Καὶ
1335 1617 1484 1684 τρεῖς
1509 1617 1638 1678 τοὺς
1671 1616 1878 1680 πάντας

280 1701 472 1771 λόγους
495 1704 890 1778 συνετάξαμεν
917 1697 996 1762 ὧν
1037 1708 1066 1759 ό
1095 1707 1194 1778 μὲν
1220 1708 1456 1778 πρῶτος,
1475 1707 1577 1778 τῆς
1597 1709 1877 1764 ἀντιθέτου

287 1796 384 1850 καὶ
415 1794 774 1868 ψευδωνύμου
827 1797 1091 1867 γνώσεως
1129 1798 1428 1864 Νεστορίου
1471 1817 1532 1854 τε
1569 1801 1667 1854 καὶ
1704 1802 1879 1858 Εὑτυ-
1914 1789 1950 1839 υ

282 1887 413 1958 χοῦς
447 1889 506 1940 ὲν
533 1889 717 1960 ταύτῷ
747 1890 849 1955 τὰς
883 1889 1274 1962 ἀνθυποφορᾶς
1300 1896 1394 1947 καὶ
1421 1894 1522 1956 τὰς
1556 1895 1880 1966 ὐπαπαντή-

283 1990 401 2038 σεις
431 1977 828 2047 κεφαλαιωδῶς
865 1982 1138 2052 περιέχει,
1176 1984 1364 2052 σχεδόν
1389 2001 1444 2038 τι
1475 1987 1533 2037 ἐν
1556 1984 1763 2054 ὀλίγοις
1782 1988 1879 2050 τὰς

285 2066 469 2132 πάσας
515 2071 700 2125 αὐτῶν
747 2073 1076 2143 περικλείων
1119 2077 1524 2150 ὲπαπορήσεις·
1563 2079 1659 2132 ἐπὶ
1705 2095 1880 2148 κεφα-

283 2159 454 2215 λαίων
505 2161 562 2216 δὲ
595 2164 690 2218 τὸν
719 2165 884 2219 αὑτὸν
917 2169 1272 2238 πεποιήμεθα
1315 2169 1496 2238 λόγον,
1524 2169 1760 2226 ἑκάστου
1789 2171 1884 2241 δη·

284 2251 418 2322 λαδὴ
441 2254 767 2323 κεφαλαίου,
803 2257 875 2310 τὰ
905 2257 996 2311 ὑπ’
1027 2258 1163 2314 αὐτὸ
1195 2259 1571 2331 ἀναφέρεσθαι
1599 2261 1875 2332 δυνάμενα

285 2341 654 2414 περιέχοντος.
696 2345 762 2402 Ἦ
793 2346 850 2400 δὲ
879 2347 1166 2421 ἐπιγραφὴ
1220 2349 1358 2418 πρὸς
1383 2350 1476 2406 τὸν
1507 2351 1872 2422 ὑποκείμενον

282 2433 488 2486 σκοπὸν
518 2436 750 2506 καιρίως
774 2437 1042 2502 τέθειται,
1073 2440 1176 2508 τῆς
1209 2443 1350 2496 κατά
1377 2441 1476 2512 τὴν
1504 2442 1740 2515 ϐιότητα
1774 2443 1870 2498 τοῦ

283 2521 524 2592 Χριστοῦ
551 2527 646 2579 καὶ
673 2526 1072 2600 ἀνθρωπότητα
1095 2531 1346 2593 ἐναντίας
1373 2531 1652 2601 δοκήσεως
1671 2534 1874 2591 Νεστο-

287 2611 403 2686 ρίου
430 2631 490 2668 τε
521 2617 616 2670 καὶ
641 2617 942 2689 Εὑτυχοῦς,
969 2619 1192 2692 ἔλεγχος
1223 2623 1318 2676 καὶ
1347 2625 1650 2696 ἀνατροπήο
1684 2624 1872 2698 ἐπειδὴ

1967 513 2202 568 alterum
2222 525 2374 577 vero,
2387 509 2533 581 quod
2549 509 2779 564 istorum
2792 509 3001 580 ingrata
3015 512 3280 567 memoria
3296 521 3544 566 veterum

1966 605 2218 661 laborum
2247 618 2388 674 quos
2417 602 2592 658 sancti
2623 601 2811 656 Patres
2853 612 3218 672 susceperunt
3243 646 3258 670 ,
3315 605 3545 660 multam

1970 695 2247 766 pigritiam
2274 695 2459 749 animo
2501 709 2624 748 meo
2667 693 2734 747 ad
2771 693 3141 749 obediendum
3167 697 3336 764 jussis
3362 697 3548 752 chari-

1969 789 2105 844 tatis
2154 788 2440 844 afferebat.
2478 787 2693 854 Quibus
2719 787 2868 842 enim
2919 801 3031 840 nou
3079 797 3373 843 suaserunt
3422 791 3546 844 libri

1971 887 2122 935 tanta
2153 879 2248 935 Dei
2287 880 2460 950 gratia
2484 888 2542 933 et
2573 878 2865 948 sapientia,
2894 895 2957 933 ac
2983 894 3202 936 summo
3231 882 3394 935 etiam
3425 882 3552 951 phi-

1971 971 2239 1041 losophia
2283 979 2341 1026 et
2385 971 2617 1027 aliarum
2657 970 3081 1040 disciplinarum
3137 973 3336 1027 studii!
3355 976 3548 1044 scripti

1971 1071 2029 1118 et
2065 1063 2226 1130 editi,
2264 1064 2545 1132 quomodo
2578 1063 2668 1118 hic
2697 1078 2853 1118 meus
2874 1063 3036 1120 exilis
3061 1080 3248 1120 sermo
3279 1082 3349 1122 ex
3377 1069 3556 1122 tenui-

1973 1165 2085 1211 tate
2119 1165 2234 1210 tum
2267 1155 2502 1222 mentis,
2555 1165 2670 1210 tum
2728 1155 2929 1227 lingua
2981 1157 3264 1226 profectus
3322 1159 3554 1215 suadere

1973 1244 2178 1316 poterit
2195 1246 2218 1298 ?

2043 1338 2222 1394 Jussis
2275 1349 2459 1392 tamen
2495 1339 2782 1396 benevolis
2807 1381 2822 1406 ,
2857 1341 2964 1396 etsi
2997 1355 3106 1394 non
3154 1342 3360 1410 prius,
3410 1358 3557 1398 llllllc

1978 1431 2199 1486 tandem
2227 1446 2424 1502 parere
2451 1429 2838 1497 decrevimus;
2861 1448 2972 1488 non
2993 1433 3141 1488 enim
3169 1435 3456 1504 jusserunt
3500 1445 3561 1490 ut

1978 1539 2170 1580 eorum
2198 1525 2292 1594 qui
2324 1524 2539 1579 robusti
2575 1533 2704 1581 sunt
2733 1533 2788 1580 et
2810 1537 2967 1581 recte
2988 1525 3190 1589 valent,
3230 1541 3420 1581 curam
3458 1527 3556 1586 ha-

1981 1616 2262 1682 beremus.
2300 1615 2436 1670 Tres
2465 1614 2656 1686 itaque
2691 1615 2866 1670 libros
2898 1617 3224 1687 scripsimus
3252 1657 3264 1680 ,
3318 1633 3556 1690 quorum

1983 1709 2196 1778 primus
2225 1707 2516 1766 contrariae
2539 1717 2595 1762 et
2612 1707 2732 1762 falsi
2751 1707 3002 1780 nominis
3019 1709 3288 1775 scientiae,
3325 1709 3566 1768 Nestorii

1981 1799 2322 1871 ctEutycliis
2351 1799 2567 1870 objecta
2599 1807 2653 1853 et
2683 1800 2941 1869 opposita
2958 1801 3274 1855 summatim
3293 1801 3561 1864 continet,

1984 1890 2174 1960 paucis
2207 1905 2402 1946 omnes
2438 1890 2556 1946 fere
2584 1905 2777 1945 eorum
2823 1889 3160 1960 quastiones
3201 1891 3566 1961 comprehen-

1979 1987 2136 2040 dens.
2177 1985 2578 2055 Dist'mguimus
2628 1991 2812 2038 autem
2851 1981 3057 2038 librum
3082 1981 3138 2036 in
3161 1983 3364 2054 capita,
3402 1980 3474 2037 ita
3506 1991 3568 2037 ut

1982 2077 2416 2147 unumquodque
2447 2084 2613 2146 caput
2637 2091 2700 2130 ea
2756 2075 3069 2132 contineret
3113 2090 3238 2146 quae
3279 2075 3348 2130 ad
3384 2075 3564 2145 ipsum

1982 2167 2178 2224 referri
2207 2176 2482 2238 poterant.
2518 2167 2815 2237 Inscriptio
2843 2175 3030 2222 autem
3065 2166 3232 2238 hujus
3287 2165 3417 2222 libri
3469 2181 3566 2224 ac-

1985 2261 2332 2317 commodata
2355 2258 2424 2314 ad
2464 2259 2802 2330 propositam
2837 2273 2954 2314 rem
2985 2259 3289 2330 subiectam
3315 2257 3566 2314 adhibita

1979 2362 2086 2418 est,
2122 2351 2418 2407 contrariae
2438 2349 2584 2406 inter
2609 2366 2668 2406 se
2695 2349 2934 2406 llctionis
2961 2351 3202 2408 Nestorii
3226 2358 3284 2406 et
3301 2348 3568 2422 Eutychls

1979 2443 2125 2499 circa
2141 2441 2484 2500 divinitatem
2502 2455 2567 2496 ac
2589 2440 2990 2496 immanitatem
3016 2439 3223 2497 Christi
3237 2439 3566 2504 eonfutatio,

1980 2535 2108 2604 quia
2143 2533 2285 2589 alter
2329 2529 2700 2597 divinitatem,
2721 2531 2862 2586 alter
2880 2531 3281 2587 humanitatem
3301 2529 3568 2602 speciosis

1979 2625 2302 2682 nominibus
2317 2625 2424 2690 usi,
2442 2631 2512 2678 ut
2528 2625 2752 2696 utrique
2770 2623 2950 2680 visum
2977 2631 3084 2688 est,
3110 2623 3294 2680 ﬁctam
3315 2621 3566 2679 tradunt.

285 2704 312 2756 6
337 2703 438 2772 μὲν
465 2706 566 2776 τὴν
595 2706 829 2780 θεότητα
867 2709 1112 2790 δοκήσει,
1141 2715 1170 2768 ό
1195 2713 1252 2768 δὲ
1299 2714 1400 2787 τὴν
1438 2715 1860 2787 ἀνθρωπότητα,
1901 2722 2045 2772 κατά
2070 2719 2129 2770 τὸ
2159 2719 2340 2782 αὐτοῖς
2365 2716 2730 2788 δοκοῦν,κμε·ι⁹
2758 2715 3056 2787 εὐπρεπῶν
3113 2714 3224 2770 τῶν
3286 2715 3568 2786 ὀνομάτων

247 2853 250 2856 .
285 2797 721 2868 δογματίζουσιν.

372 2888 430 2943 '0
459 2889 516 2942 δὲ
545 2889 797 2963 δεύτερος
829 2893 968 2964 πρὸς
985 2895 1114 2959 τοὺς
1138 2897 1204 2950 ὲκ
1233 2895 1344 2950 τῶν
1373 2899 1663 2970 ἡμετέρων
1699 2917 1872 2972 προσ-

291 2965 552 3053 θεμένους
577 2987 646 3056 τῇ
681 2985 1114 3062 κατεφθαρμένῃ
1145 2987 1327 3060 ἐννοίᾳ
1365 2965 1474 3044 των
1516 2965 1879 3062 ’Ᾰφθαρτοὼ-

291 3077 474 3150 κητῶν
488 3079 1096 3147 ἀπυτείνεταντούτους
1125 3084 1232 3155 γὰρ
1259 3085 1354 3140 καὶ
1386 3085 1623 3155 μάλιστα
1653 3089 1879 3154 δικαίως

2053 2897 2342 2953 Secundus
2377 2897 2520 2955 iiber
2542 2904 2630 2956 est
2675 2896 2730 2952 in
2761 2910 2859 2952 eos
2915 2895 3012 2966 qui
3045 2910 3113 2953 ex
3142 2899 3347 2978 nostris
3380 2914 3570 2956 acces-

1985 2995 2177 3043 serunt
2205 2986 2272 3040 ad
2300 2995 2615 3056 corruptam
2647 2985 2982 3042 sententiam
3003 3000 3198 3044 eorum
3245 2987 3342 3058 qui
3367 3003 3574 3061 corpus

1983 3081 2192 3137 Christi
2233 3079 2658 3151 incorruptibiie
2699 3087 2828 3135 ante
2873 3081 3336 3136 resurrectionem
3388 3082 3572 3138 trade-

289 3170 356 3226 ἄν
383 3188 470 3235 τις
503 3171 800 3239 ἐλέγξειεν,
848 3172 1116 3244 διαφορὰν
1165 3175 1571 3245 ἐπισταμένως
1611 3179 1705 3232 καὶ
1752 3180 1876 3233 ίδιό-

1984 3171 2132 3237 bant,
2163 3172 2258 3242 qui
2285 3187 2353 3226 ex
2371 3187 2439 3226 eo
2464 3171 2645 3226 vocati
2675 3178 2806 3225 sunt
2823 3169 3354 3242 Ἀφθαρτοδοκῆται.
3374 3170 3572 3228 Iustis-

292 3278 466 3332 τητας
493 3261 592 3316 καὶ
623 3263 906 3332 ἐνεργείας
937 3263 1034 3316 τοῦ
1069 3264 1190 3330 eve;
1223 3266 1318 3319 καὶ
1359 3266 1526 3335 μόνου
1553 3268 1765 3338 Κυρίου
1789 3271 1882 3324 καὶ

293 3351 428 3406 Θεοῦ
460 3352 555 3405 καὶ
596 3352 854 3424 Σωτῆρος
887 3353 1048 3424 ἡμῶν
1085 3353 1262 3424 Ἰησοῦ
1301 3357 1566 3427 Χριστοῦ.
1599 3357 1740 3423 Τοὺς
1775 3360 1883 3431 γὰρ

296 3447 436 3516 πρὸς
463 3447 564 3511 τὰς
604 3447 800 3516 φύσεις
844 3451 1324 3518 ἀντιστατοῦντας,
1373 3455 1469 3509 καὶ
1517 3455 1579 3510 τὸ
1621 3454 1884 3526 διάφορον

295 3535 476 3590 αὐτῶν
497 3539 872 3609 ἀρνουμένους
914 3541 1056 3612 μετά
1095 3545 1198 3615 τὴν
1237 3543 1455 3612 ῑνωσιν,
1501 3547 1776 3616 ἰδιότητάς
1822 3565 1884 3602 τε

297 3628 394 3682 καὶ
433 3630 717 3700 ἐνεργείας
748 3633 850 3707 τὰς
899 3634 960 3689 έν
992 3635 1186 3700 αὑταῖς
1229 3637 1489 3706 ἀθέσμως
1527 3640 1880 3711 συγχέοντας,

295 3721 358 3774 οῦ
395 3722 599 3792 μᾶλλον
641 3724 892 3796 γελῶμεν
925 3729 1024 3796 τῆς
1051 3729 1433 3794 ἀπαιδευσίας,
1462 3729 1497 3802 ἢ
1539 3733 1886 3803 οἰκτείρομεν

295 3813 395 3882 τῆς
425 3814 704 3882 ἀσεϐείας,
761 3819 889 3889 περὶ
927 3819 1023 3874 τοῦ
1073 3819 1280 3890 τρόπου
1329 3823 1725 3894 διαποροῦντας
1771 3825 1886 3880 τῶν

300 3903 435 3975 μηδὲ
481 3907 936 3977 ὁμολογουμένων
981 3911 1188 3980 αὐτοῖς,
1217 3913 1354 3985 μηδὲ
1387 3917 1508 3968 κατ’
1537 3915 1721 3980 αὐτοῖς
1748 3917 1883 3972 ὑπο-

297 3997 569 4066 κειμένων
599 3997 842 4066 φύσεων.
887 3999 1216 4057 ’Υποθέσθαι
1249 4001 1359 4075 γὰρ
1390 4003 1500 4057 ἔδει
1546 4003 1762 4076 πρῶτον
1786 4007 1885 4060 αὑ-

294 4089 409 4150 τοῖς
457 4088 558 4159 τὴν
589 4087 754 4157 φύσιν
802 4087 906 4160 τῆς
949 4089 1205 4159 θεότητος
1233 4093 1328 4147 τοῦ
1357 4095 1621 4167 Χριστοῦ,
1661 4099 1758 4152 καὶ
1785 4100 1885 4169 τὴν

295 4178 461 4248 φύσιν
511 4181 614 4252 τῆς
655 4181 780 4236 κατ’
813 4183 976 4236 αὑτὸν
1011 4183 1438 4257 ἀνθρωπότητος
1489 4183 1630 4243 εἷναί
1675 4208 1734 4246 τε
1788 4193 1884 4247 καὶ

298 4273 666 4340 φυλάττεσθαι
724 4275 863 4346 μετά
905 4274 1006 4348 τὴν
1037 4277 1254 4347 ινωσιν,
1286 4283 1380 4336 καὶ
1423 4283 1598 4348 οὕτως
1623 4287 1754 4356 περὶ
1781 4285 1884 4355 τῆς

297 4365 646 4436 προσάλληλα
677 4367 886 4422 τούτων
934 4369 1205 4440 σχέσεως,
1249 4375 1346 4428 καὶ
1396 4376 1493 4430 τοῦ
1537 4377 1744 4449 τρόπου
1783 4380 1884 4450 τῆς

299 4454 586 4525 ὑπάρξεως
618 4459 1122 4532 πολυπραγμονεῖν
1158 4464 1452 4538 διαλογικῷ
1481 4467 1540 4522 δὲ
1569 4473 1884 4542 χαρακτῆρι

299 4545 748 4617 διεσχημάτισται
785 4547 942 4618 οὗτος
969 4557 1000 4608 ό
1030 4556 1208 4626 λόγος,
1237 4559 1416 4627 οὐδὲν,
1453 4559 1530 4624 ὡς
1559 4557 1741 4630 οἶμαι,
1771 4561 1882 4615 τῶν

301 4633 720 4692 λυσιτελούντων
756 4659 816 4695 τε
870 4645 964 4698 καὶ
1000 4645 1254 4716 ὁρώντων
1285 4649 1366 4712 είς
1395 4649 1496 4718 τὴν
1526 4649 1622 4704 τοῦ
1656 4666 1886 4720 προκει-

309 4729 469 4796 μένου
501 4729 732 4801 ζήτησιν
769 4737 1112 4794 καταλιπών.
1154 4740 1244 4804 Ὠς
1275 4741 1342 4796 ἃν
1385 4742 1442 4797 δὲ
1481 4741 1558 4814 μὴ
1589 4743 1884 4816 συγχεθείη

305 4817 370 4870 τὰ
415 4821 704 4888 πρόσωπα,
753 4825 817 4878 τὸ
869 4827 971 4894 μὲν
1018 4830 1114 4883 τοῦ
1150 4831 1542 4903 διαποροῦντος
1589 4838 1886 4910 πρόσωπον

307 4909 634 4982 ἀστερίσκῳ,
658 4914 719 4968 τὸ
743 4915 800 4968 δὲ
825 4918 920 4971 τοῦ
948 4919 1047 4982 τὰς
1073 4921 1255 4988 λύσεις
1285 4925 1585 4995 ἐπάγοντος
1612 4927 1690 4998 τῷ
1719 4945 1884 4982 σταυ-

307 5002 502 5072 ροειδεί
528 5011 1036 5079 κατεσημηνέιμεθα
1083 5012 1261 5084 τύπῳ.
1313 5017 1425 5070 Καὶ
1461 5018 1623 5073 τοῦτο
1680 5020 1737 5074 δὲ
1785 5021 1886 5077 οὐκ

305 5091 516 5160 ἀλόγως
538 5098 927 5169 πεπράχαμεν,
971 5102 1088 5155 ἀλλ’
1127 5105 1318 5178 ἀστέρι
1368 5109 1470 5178 μὲν
1506 5111 1606 5182 τὴν
1634 5112 1886 5182 ἀμυδρὰν

305 5186 400 5238 καὶ
427 5187 746 5253 ἀτράνωτον
767 5189 978 5246 ἐκείνου
1017 5195 1220 5263 γνῶσιν
1255 5200 1666 5273 ὐπῃνιξάμεθα·
1712 5204 1805 5260 τὸν
1830 5207 1886 5260 δὲ

303 5275 404 5345 τῆς
428 5277 690 5348 ἀληθείας
729 5281 1096 5354 ὑπασπιστὴν,
1130 5285 1209 5355 τῷ
1239 5291 1488 5362 τροπαίῳ
1524 5292 1616 5346 τοῦ
1651 5295 1885 5366 σταυροῦ

306 5365 754 5439 καθωπλίσαμεν.
792 5373 1233 5444 Ἐπιγέγραπται
1251 5374 1343 5434 οῦν
1364 5381 1460 5434 καὶ
1476 5377 1630 5447 οὗτος
1649 5387 1678 5438 ὁ
1703 5365 1883 5454 λόγος,

305 5457 457 5548 Πρὸς
497 5461 640 5528 τοὺς
669 5463 739 5528 ἐξ
776 5465 946 5532 ἡμῶν
973 5469 1424 5538 προσθεμένους·
1451 5473 1524 5542 τῇ
1565 5481 1886 5548 κατεφθαρ-

301 5545 454 5620 μένῃ
496 5549 697 5622 γνώμῃ
728 5552 846 5607 τῶν
883 5555 1451 5627 Ἀρθαρτοδοκητῶν
1475 5545 1776 5635 διάλογος.

1985 3259 2123 3315 sime
2161 3267 2346 3313 autem
2387 3265 2518 3312 sunt
2549 3257 2605 3312 iii
2640 3257 2978 3323 accusandi,
3025 3258 3124 3328 qui
3153 3259 3323 3314 unius
3350 3259 3569 3316 Domini

1983 3360 2042 3406 et
2065 3350 2156 3406 Dei
2179 3365 2246 3406 ac
2262 3349 2562 3404 Salvator-is
2589 3349 2770 3405 nostri
2789 3348 2921 3406 Jesu
2938 3348 3142 3406 Christi
3173 3349 3566 3418 diﬁcrentiam,

1983 3448 2040 3496 et
2085 3438 2488 3510 proprietates,
2531 3449 2592 3496 et
2628 3438 2983 3510 operationes
3011 3440 3214 3496 sciunt.
3266 3441 3378 3498 Eos
3417 3444 3568 3500 enim

1984 3531 2082 3602 qui
2111 3531 2330 3588 naturis
2355 3531 2745 3596 adversantur,
2776 3540 2835 3586 et
2861 3547 3054 3588 earum
3081 3531 3449 3590 diﬂ‘erentiam
3475 3549 3572 3591 ne-

1987 3631 2120 3692 gant
2160 3629 2284 3692 post
2320 3621 2604 3686 unionem,
2639 3638 2704 3679 ac
2733 3623 3101 3694 proprietates
3137 3633 3195 3680 et
3233 3627 3480 3684 actiones
3511 3627 3569 3682 in

1987 3714 2072 3771 eis
2097 3713 2364 3770 scelerate
2409 3713 2778 3782 confundunt,
2809 3731 2922 3771 non
2954 3716 3126 3788 magis
3155 3715 3405 3774 ridemus
3439 3734 3570 3788 pro-

1985 3813 2110 3877 pter
2130 3806 2427 3868 inscitiam,
2446 3823 2610 3878 quam
2634 3807 2888 3864 dolemus
2914 3817 2970 3865 et
2995 3809 3327 3866 miseramur
3345 3820 3572 3884 propter

1985 3898 2346 3968 impietatem,
2389 3901 2486 3970 qui
2507 3901 2576 3956 de
2606 3901 2772 3956 modo
2812 3900 3037 3958 unionis
3058 3910 3383 3958 naturarum
3408 3901 3574 3958 dubi-

1985 3999 2104 4052 tant
2123 4031 2139 4054 .
2188 4007 2327 4062 (was
2356 4008 2538 4064 neque
2573 3993 2887 4051 concedunt
2909 4036 2928 4062 ,
2973 4010 3156 4066 neque
3186 4003 3400 4067 ponunt
3423 4009 3567 4052 esse.

1983 4081 2286 4154 Oportebat
2315 4087 2460 4142 enim
2486 4086 2727 4156 primum
2767 4088 3008 4158 positum
3045 4103 3168 4144 esse
3196 4097 3254 4142 et
3291 4087 3458 4144 ﬁxum
3489 4087 3572 4160 ip-

1986 4175 2085 4238 sis.
2123 4191 2245 4232 esse
2293 4186 2350 4232 et
2391 4177 2600 4233 servari
2626 4188 2752 4250 post
2779 4177 3045 4234 unionem
3073 4187 3330 4235 naturam
3369 4178 3574 4234 divini-

1987 4270 2115 4326 tatis
2142 4268 2369 4334 Christi,
2405 4279 2462 4326 et
2484 4263 2741 4326 naturam
2785 4271 3150 4327 humanitatis
3195 4272 3355 4342 ejus;
3407 4279 3570 4342 atque

1985 4358 2063 4414 ita
2112 4358 2394 4428 inquirere
2425 4368 2615 4430 postea
2643 4361 2924 4431 quomodo
2953 4376 3012 4417 se
3047 4361 3453 4418 habeantiuter
3486 4378 3566 4428 se,

1985 4456 2044 4504 et
2075 4449 2355 4517 quomodo
2410 4449 2540 4504 sint.
2595 4449 2772 4521 Hujus
2815 4450 2948 4506 libri
2982 4451 3160 4522 stylus
3193 4442 3578 4508 conformatus

1985 4545 2070 4594 est
2098 4539 2154 4593 in
2173 4537 2542 4609 disputatione
2562 4550 2620 4597 et
2641 4541 2882 4614 dialogo,
2912 4543 3186 4614 nihilque,
3219 4552 3282 4600 ut
3301 4545 3566 4612 arbitror,

1985 4628 2240 4685 relictum
2261 4641 2556 4687 esteorum
2605 4649 2731 4704 qua:
2751 4634 2822 4690 ad
2846 4635 3185 4706 propositam
3208 4637 3566 4708 quaestionem

1985 4719 2312 4790 spectabant
2357 4731 2415 4778 et
2459 4725 2748 4780 commoda
2777 4733 2958 4784 erant.
2991 4727 3071 4784 Ne
3109 4735 3294 4784 autem
3325 4743 3570 4800 persona:

1985 4812 2498 4882 confunderentur,
2531 4832 2770 4888 persona
2803 4818 3114 4876 dubitantis
3147 4811 3330 4876 habet.
3355 4822 3567 4879 stellam
3635 4844 3642 4852 ·

1987 4903 2305 4976 insignitatn
2329 4923 2344 4963 :
2371 4923 2604 4977 persona
2638 4911 2907 4968 solventia
2941 4911 3318 4969 dubitationes
3344 4913 3568 4986 figuram

1985 4999 2188 5055 crucis.
2208 4999 2320 5057 Nec
2337 5001 2392 5058 id
2414 5002 2638 5073 quidem
2661 5002 2867 5060 factum
2893 5015 2980 5062 est
3001 5015 3230 5062 temere.
3262 5005 3398 5063 Nota
3421 5007 3567 5064 enim

1986 5091 2158 5146 stellae
2186 5092 2560 5162 significamus
2601 5103 2846 5164 tenuem,
2877 5105 2934 5155 et
2959 5113 3070 5154 non
3109 5097 3434 5169 explicatam
3477 5115 3571 5156 eo.

1987 5181 2288 5251 ﬁnitionem
2319 5199 2570 5254 persona:
2615 5187 2957 5256 dubitantis;
2991 5189 3336 5245 defensorem
3384 5198 3566 5244 autem

1989 5273 2238 5328 veritatis
2279 5282 2484 5346 tropaeo
2529 5279 2714 5334 crucis
2745 5281 3102 5338 armavimus.
3152 5283 3454 5341 Estantem
3485 5284 3570 5338 in-

1988 5365 2229 5435 scriptus
2277 5367 2366 5423 hic
2406 5370 2579 5436 liber,
2616 5371 2877 5430 Adversus
2915 5392 3002 5430 eos
3037 5377 3128 5446 qui
3174 5393 3238 5430 ea:
3280 5378 3472 5432 nostris
3514 5392 3572 5429 sa

1987 5458 2352 5526 adjunxerunt
2378 5461 2448 5516 ad
2483 5475 2790 5535 corruptam
2815 5469 3133 5522 sententiam
3177 5467 3568 5538 Aphthmtodo-

1986 5557 2245 5614 cetamm,
2283 5551 2336 5606 id
2371 5561 2456 5608 est
2487 5569 2680 5610 eorum
2726 5557 2820 5627 qui
2848 5573 3051 5630 corpus
3078 5556 3286 5612 Christi
3319 5563 3446 5610 ante
3476 5570 3566 5608 re-

1985 5643 2384 5700 surrectionem
2420 5646 2845 5720 incorruptibilc
2877 5649 3047 5705 fuisse
3091 5654 3381 5702 senserunt
3405 5685 3420 5709 ,
3445 5642 3566 5700 dia-

1985 5734 2160 5805 logus.
