3954 6148
413 275 542 341 1271
1429 273 1444 299 ⁸

473 385 700 442 Tertius
725 384 874 440 liber
895 385 1145 440 continet
1171 384 1603 440 confutationem
1636 400 1829 440 eorum
1888 385 1980 455 qui
2015 391 2058 446 Α

399 477 664 532 simulant
699 491 757 532 se
793 484 980 532 tenere
1014 492 1266 544 magnam
1300 485 1355 530 et
1384 471 1786 531 mcdmcnicam
1847 492 1975 548 syn-

399 566 1114 626 odumClialcedonenscm,
1152 574 1208 620 et
1233 564 1708 620 suntNestoriani.
1737 565 1802 618 Hi
1830 564 1976 620 sicut

395 669 451 711 (ι
490 658 690 724 reliqui
714 656 1006 711 hazresium
1056 665 1401 718 sectatores,
1450 655 1708 710 videntur
1759 657 1975 712 divinas

395 749 709 818 Seripturas
733 757 789 800 et
817 746 1133 814 superiores
1157 746 1396 816 synodos
1417 745 1686 816 recipere,
1708 761 1820 800 non
1847 746 1972 816 qui-

393 839 516 893 dem
546 837 692 908 quod
723 837 1027 891 secundum
1055 853 1149 892 eas
1181 837 1446 901 sentiant,
1480 839 1576 892 sed
1623 847 1682 892 ut
1715 838 1990 907 impieta-.

393 941 500 982 tem
525 943 680 984 summ
709 927 778 983 ad
801 926 1163 996 decipiendos
1206 927 1576 996 simpliciores
1611 927 1715 982 hac
1744 927 1970 982 simula-

391 1021 538 1075 tione
566 1027 772 1090 tegant,
805 1019 948 1074 sicut
971 1019 1348 1090 Apollinarius
1375 1029 1432 1073 et
1449 1018 1804 1074 Macedonius
1841 1034 1968 1090 syn-

387 1111 554 1166 odum
587 1111 884 1169 Nicenam.
911 1120 966 1166 et
984 1111 1486 1180 Nestoriusprteter
1504 1109 1775 1164 Nictenam
1805 1111 1970 1166 etiam

384 1203 1052 1274 Constantinopolitanam
1077 1221 1089 1256 :
1115 1203 1392 1274 Eutychos
1415 1212 1615 1271 praeter
1630 1202 1786 1265 alias.
1805 1203 1968 1257 etiam

385 1295 658 1371 synodum
692 1295 1052 1366 Ephesinam.
1110 1293 1202 1349 Sic
1233 1295 1398 1350 etiam
1434 1294 1490 1347 lii
1529 1295 1794 1348 simulant
1843 1305 1969 1346 san-

374 1371 532 1449 ctam
558 1389 830 1462 synodum
859 1388 1388 1451 Chalcedonensem,
1435 1375 1549 1442 turn
1592 1397 1651 1442 ut
1683 1388 1833 1458 gravi
1868 1403 1966 1442 au-

381 1485 644 1547 ctoritate
675 1497 1032 1553 personarum
1063 1482 1184 1551 ejus
1214 1482 1552 1551 impietatem
1583 1496 1736 1536 suam
1765 1481 1965 1544 celent,

387 1587 504 1632 tum
535 1583 597 1630 ut
622 1575 765 1630 viam
787 1573 897 1630 sibi
923 1573 1176 1628 muniant
1204 1573 1270 1628 ad
1304 1573 1726 1644 oppugnandam
1763 1574 1968 1626 verita-

384 1676 516 1722 tem.
549 1666 796 1735 Quorum
820 1667 1121 1724 versutiam
1159 1682 1282 1722 cum
1318 1667 1598 1737 impietate
1634 1666 1966 1736 implicatam

381 1772 507 1812 cum
535 1757 795 1828 detegere
827 1772 892 1812 ac
914 1755 1151 1827 prodere
1183 1756 1474 1820 vellemus,
1526 1754 1592 1810 ad
1629 1755 1840 1825 primos
1863 1754 1965 1810 Pa-

371 1859 492 1914 tres
547 1851 668 1920 ejus
720 1848 1021 1919 impietatis
1069 1847 1503 1904 confutationem
1553 1845 1958 1910 revocavimus,

377 1940 726 2010 proferentes
759 1940 816 1996 in
843 1948 1094 2010 apertum
1138 1955 1332 1996 eorum
1387 1941 1632 2010 origines
1673 1949 1730 1995 et
1781 1939 1962 1994 fontes

377 2031 703 2102 impietatis,
740 2040 802 2086 ut
827 2032 1025 2088 siccos
1055 2033 1227 2088 semel
1253 2031 1486 2102 simplici
1523 2031 1756 2086 veritate
1809 2031 1960 2085 clau-

377 2125 533 2188 dere,
555 2131 610 2178 et
631 2138 824 2178 eorum
847 2123 1146 2179 ﬂuxionem
1173 2123 1394 2192 impiam
1413 2123 1817 2192 interrumpere
1843 2131 1961 2178 stu-

376 2217 653 2272 deremus.
686 2216 802 2272 Hoc
837 2218 988 2272 enim
1012 2217 1176 2272 modo
1211 2217 1462 2286 reliquus
1497 2214 1678 2270 ﬂuxus
1707 2214 1957 2284 impieta-

377 2309 448 2363 lis
469 2307 768 2364 delebitur.
800 2307 1084 2380 Siquidem
1113 2318 1310 2364 natura
1335 2315 1712 2378 comparatum
1756 2316 1842 2362 est
1874 2315 1955 2369 ut,

377 2401 550 2456 initiis
580 2400 848 2455 malorum
870 2401 1182 2466 exstinctis,
1201 2416 1324 2471 quae
1347 2415 1415 2456 ex
1436 2401 1520 2456 eis
1543 2399 1788 2471 profecta
1805 2408 1957 2462 sunt,

375 2488 1004 2560 simulexstinguautur.
1030 2489 1258 2544 Librum
1297 2499 1482 2544 autem
1517 2487 1956 2544 confutationum

378 2580 432 2633 in
463 2581 639 2650 capita
673 2579 1026 2635 distinximus
1053 2621 1068 2645 ,
1117 2581 1362 2650 ascripta
1411 2596 1644 2637 numero
1689 2579 1744 2633 in
1780 2577 1960 2632 fronte

377 2673 644 2741 cujusque
669 2671 885 2740 capitis.
920 2672 1015 2725 Est
1064 2680 1249 2725 autem
1306 2670 1607 2740 inscriptus
1658 2670 1800 2724 liber
1837 2670 1958 2724 sic:

379 2761 453 2815 De
483 2763 646 2816 tacita
687 2761 1026 2816 simulatione
1053 2771 1102 2814 et
1139 2763 1342 2832 origine
1371 2763 1662 2832 impietatis
1687 2761 1961 2815 Nestoriu-

378 2873 596 2922 u-rmu,
645 2864 694 2910 et
743 2856 806 2909 de
831 2871 1014 2910 eorum
1065 2855 1317 2910 Patribus
1346 2853 1635 2925 patefactio
1673 2863 1722 2907 et
1773 2856 1958 2908 trimu-

377 2949 531 3016 phus.

450 3322 556 3374 Eos
587 3335 720 3374 vero
740 3321 834 3389 qui
867 3319 1016 3374 hunc
1046 3319 1247 3373 librum
1283 3319 1479 3375 lecturi
1509 3327 1660 3383 sunt,
1704 3333 1958 3388 rogamus
1987 3324 2027 3378 C

1653 276 1966 337 LEONTII
2009 277 2414 342 BYZANTINI

3532 269 3669 338 1272

2170 392 2228 446 Ὀ
2271 392 2327 447 δὲ
2361 393 2545 464 τρίτος
2596 392 2691 446 καὶ
2743 389 3054 452 τελευταῖος
3085 389 3186 459 τὴν
3214 387 3529 458 ἀνατροπὴν
3556 387 3670 458 ἔχει

2079 484 2222 538 κατὰ
2250 484 2362 538 τῶν
2397 482 2848 554 ὕποκρινομένων
2875 483 2978 552 τὴν
3017 479 3266 551 μεγάλην
3288 477 3386 532 καὶ
3415 478 3670 548 οίκοιμε-

2076 578 2233 649 νικῆν
2265 575 2486 630 σύνοδον
2529 575 2629 646 τὴν
2659 575 2718 627 ὲν
2755 572 3086 646 Χαλκηδόνι,
3133 571 3230 625 καὶ
3267 571 3336 624 τὰ
3364 570 3664 642 Νεστορίου

2077 669 2510 740 πρεσϐευόντων.
2553 662 2715 720 Οὗτοι
2742 665 2871 736 γὰρ,
2897 665 3086 734 ῶσπερ
3129 663 3326 734 ἀμέλει
3351 665 3445 716 καὶ
3468 664 3518 716 οἱ
3551 662 3666 716 λοι-

2077 763 2168 815 ποὶ
2196 761 2307 814 τῶν
2337 760 2601 832 αἱρέσεων
2628 757 2856 830 μύσται,
2877 755 2978 821 τὰς
3007 773 3065 810 τε
3094 755 3246 818 Θείας
3274 756 3523 828 Γραφὰς,
3569 756 3670 808 καὶ

2073 855 2172 918 τὰς
2204 853 2672 925 προηγησαμὲνας
2717 849 2882 920 ἁγίας
2911 849 3164 912 συνόδους
3209 847 3536 918 προσίεσθαι
3575 847 3667 900 δο-

2074 943 2264 998 κοῦσιν
2290 961 2305 976 ·
2337 944 2398 998 ού
2432 943 2759 1015 φρονοῦντες
2792 941 2892 1012 μὲν
2918 939 3040 994 κατ’
3063 939 3258 1006 αύτάς,
3291 939 3667 1012 προκάλυμμα

2073 1033 2131 1087 δὲ
2165 1033 2264 1104 τῆς
2294 1033 2473 1088 αὐτῶν
2514 1032 2772 1094 ἀσεϐείας
2812 1031 3020 1094 ταύτας
3051 1029 3387 1099 ποιούμενοι,
3421 1029 3558 1098 πρὸς
3582 1029 3668 1094 ἐξ.

2073 1127 2290 1195 απὰτην
2310 1125 2420 1179 τῶν
2451 1124 2858 1194 ἁπλουστέρων·
2886 1117 3000 1176 οἷον
3027 1119 3404 1193 Ἀπολινὰριος
3441 1121 3539 1190 μὲν
3568 1121 3664 1174 καὶ

2073 1214 2429 1278 Μακεδόνιος,
2451 1213 2550 1284 τὴν
2583 1215 2642 1267 ἐν
2672 1211 2894 1284 Νικαίᾳο
2937 1213 3236 1282 Νεστόριος
3266 1211 3324 1264 δὲ
3355 1211 3490 1282 πρὸς
3521 1211 3659 1266 ταύ-

2071 1325 2162 1377 τῃ,
2187 1307 2282 1361 καὶ
2311 1305 2411 1376 τὴν
2441 1307 2499 1358 ὲν
2536 1303 3132 1360 Κωνσταντινουπόλει·
3159 1303 3409 1374 Εὑτυχῆς
3431 1303 3488 1356 δὲ
3520 1305 3662 1373 προς

2069 1401 2193 1462 ταῖς
2221 1398 2432 1461 ἄλλαις,
2467 1398 2564 1450 καὶ
2605 1397 2706 1465 τὴν
2751 1399 2810 1450 ἑν
2842 1397 3074 1468 Ἐφέσῳ.
3102 1395 3263 1452 Οὕτω
3292 1397 3350 1452 δὲ
3387 1398 3482 1453 καὶ
3509 1391 3659 1452 οὗτοι

2069 1490 2168 1559 τὴν
2213 1492 2271 1544 ὲν
2311 1489 2622 1558 Χαλκηδόνι
2651 1490 2715 1556 ἀγ
2731 1490 2816 1543 ίαν
2853 1491 3243 1562 ὑποκρίνονται
3271 1492 3507 1555 σύνοδον,
3539 1492 3659 1562 ἁμα

2075 1581 2176 1649 μὲν
2206 1583 2308 1652 τὴν
2336 1580 2550 1634 ἑαυτῶν
2605 1581 2862 1636 ἀσέϐειαν
2896 1583 3378 1652 συγκαλύπτοντες
3406 1586 3474 1656 τῇ
3508 1583 3648 1652 ἀξιο-

2072 1673 2266 1744 πιστίᾳ
2326 1675 2436 1726 τῶν
2504 1675 2814 1744 προσώπων
2841 1717 2856 1739 ,
2915 1677 3032 1746 ἅμα
3081 1675 3139 1729 δὲ
3215 1675 3401 1744 σφίσιν
3467 1675 3656 1740 αὐτοῖς

2069 1763 2550 1836 προοδοποιοῦντες
2612 1766 2711 1838 τὴν
2769 1767 2913 1821 κατὰ
2975 1767 3074 1838 τῆς
3145 1767 3405 1838 ἀληθείας
3473 1768 3657 1836 ἐγχεί-

2071 1875 2248 1929 ρησιν.
2310 1851 2410 1910 Ὧν
2473 1859 2576 1926 τὴν
2638 1860 2976 1930 πανουργίαν
3011 1901 3025 1924 ,
3066 1859 3205 1928 μετὰ
3259 1859 3360 1928 τῆς
3441 1875 3654 1928 συμπε-

2068 1950 2381 2020 πλεγμένης
2448 1951 2737 2015 ἀσεϐείας,
2771 1950 3120 2020 ἀνακαλύψαι
3177 1951 3528 2020 βουλόμενοι,
3560 1952 3656 2004 ἐπὶ

2065 2043 2190 2104 τοὺς
2250 2041 2502 2108 πρώτους
2561 2042 2740 2094 αὐτῶν
2789 2043 2890 2106 τῆς
2951 2041 3209 2104 ἀσεϐείας
3260 2040 3510 2112 Πατέρας
3559 2041 3654 2096 τὸν

2065 2134 2288 2203 ἔλεγχον
2319 2132 2728 2204 μετηγάγομεν,
2752 2133 2854 2198 τὰς
2889 2132 3066 2204 ἀρχὰς
3091 2133 3276 2188 αὐτῶν
3309 2132 3522 2194 καὶτὰς
3551 2148 3653 2200 πη-

2065 2225 2168 2293 γὰς
2193 2223 2296 2292 τῆς
2321 2222 2615 2296 ἀθεότητος
2643 2225 2723 2287 είς
2762 2225 2826 2277 τὸ
2855 2224 3098 2294 ἐμφανὲς
3124 2223 3385 2292 ἄγοντες·
3418 2221 3560 2276 οὕτω
3588 2239 3647 2274 τε

2066 2313 2324 2378 καθάπαξ
2365 2314 2536 2378 αὒτάς
2565 2316 2964 2386 ἀποφράττειν,
3003 2318 3099 2370 καὶ
3135 2317 3238 2388 τῆς
3285 2317 3446 2370 ἀθέου
3477 2317 3648 2385 φορᾶς

2067 2406 2396 2460 ἀνακόπτειν
2427 2404 2842 2473 σπουδάζοντες,
2871 2407 2948 2477 τῷ
2975 2405 3132 2477 ἁπλῷ
3153 2407 3360 2478 ἐλέγχῳ
3392 2407 3491 2476 τῆς
3519 2405 3648 2475 ἀλη-
3691 2421 3699 2426 ·

2065 2496 2240 2560 θείας.
2267 2497 2453 2569 Ταύτῃ
2483 2497 2594 2568 γὰρ
2623 2498 2716 2551 καὶ
2741 2501 2802 2552 τὸ
2830 2499 3020 2552 λοιπὸν
3055 2497 3236 2570 ῥεῦμα
3257 2499 3358 2570 τῆς
3390 2497 3646 2561 ἀσεϐείας

2065 2579 2517 2662 ἀφανισθήσεται,
2541 2589 2731 2660 ἐπειδὴ
2764 2589 3272 2663 συνδιαφθείρεσθαι
3293 2589 3506 2660 πέφυκε
3527 2592 3646 2654 ταῖς

2065 2680 2262 2748 ἀρχαῖς
2285 2679 2394 2734 τῶν
2425 2680 2630 2745 κακῶν,
2657 2681 2752 2734 καὶ
2777 2681 2845 2736 τὰ
2874 2685 2938 2736 ἐκ
2970 2682 3180 2736 τούτων
3207 2681 3642 2754 ἀποτελέσματα.

2069 2769 2174 2824 Τὸν
2201 2769 2261 2824 δὲ
2295 2769 2457 2838 λόγον
2488 2771 2582 2825 τὸν
2613 2773 2706 2825 ἐπὶ
2740 2772 2850 2826 τῶν
2879 2774 3115 2845 ἐλέγχων
3145 2776 3228 2838 εἰς
3252 2773 3522 2842 κεφάλαια
3547 2790 3644 2826 κα-

2065 2860 2438 2933 ταδιείλαμεν,
2474 2862 2710 2934 ἀριθμὸν
2731 2864 2915 2928 αὐτοῖς
2944 2865 3036 2916 ἐπὶ
3066 2864 3160 2916 τοῦ
3183 2865 3436 2934 μετώπου
3463 2881 3644 2934 ταρα-

2064 2951 2402 3024 γρὰψαντες,
2443 2954 2532 3008 διὰ
2560 2955 2622 3008 τὸ
2665 2957 3114 3026 εὐμνημόνευτον·
3145 2955 3549 3026 ἐπιγέγραπται
3578 2956 3636 3008 δὲ

2063 3047 2092 3098 ὁ
2122 3045 2280 3114 λόγος
2309 3046 2515 3110 οὕτως.
2559 3046 2675 3114 Τῆς
2707 3045 3042 3116 ἀπορρήτου
3083 3045 3182 3100 καί
3219 3045 3632 3117 ἀρχοειδεστέ-

2056 3153 2172 3204 ρας
2199 3135 2320 3190 τῶν
2344 3135 2760 3206 Νεστοριαι·ὧν
2784 3135 3058 3202 ἀσεϐείας
3079 3174 3095 3198 ,
3126 3135 3224 3189 καὶ
3270 3133 3386 3187 τῶν
3409 3133 3628 3201 ταύτης

2063 3227 2359 3296 Πατέρων,
2402 3227 2569 3297 φῶρα
2595 3227 2691 3281 καί
2733 3227 3034 3296 θρίαμϐος.

2152 3320 2592 3392 Παρακαλοῦμεν
2637 3321 2694 3374 δὲ
2745 3321 2872 3384 τοὺς
2923 3317 3338 3390 ἐντευξομένους
3381 3315 3517 3386 τῷδε
3563 3313 3641 3386 τῷ

382 3421 439 3464 ut
465 3411 680 3465 veniam
707 3409 863 3473 dent,
903 3410 1084 3465 sicubi
1116 3409 1453 3466 adversariis
1503 3412 1714 3482 plagam
1765 3412 1960 3466 morti-

2069 3413 2270 3484 μετρίῳ
2307 3412 2649 3485 συντάγματι
2694 3410 3028 3482 συγγνώμην
3057 3411 3192 3481 ἡμῖν
3227 3409 3437 3479 νέμειν,
3473 3409 3533 3463 ἐν
3561 3401 3644 3470 οἷς

381 3507 551 3556 teram
577 3519 686 3558 non
718 3501 1036 3570 inlliximus,
1072 3513 1129 3558 et
1164 3505 1452 3559 veritatem
1487 3503 1764 3560 inﬁrmius
1792 3520 1955 3575 quam

380 3601 640 3664 pareret,
677 3594 992 3650 defendisse
1026 3597 1360 3651 videbimur.
1391 3595 1436 3651 Α
1469 3594 1794 3653 disserendo
1833 3598 1956 3667 qui-

380 3686 502 3738 dem
531 3699 630 3754 pro
650 3685 916 3756 dignitate
952 3702 1138 3742 rerum
1168 3703 1361 3742 omnes
1375 3687 1631 3742 similiter
1655 3688 1954 3745 absumus:

382 3773 566 3830 studio
593 3792 727 3830 vero
754 3787 810 3831 et
847 3793 1034 3832 amore
1089 3779 1308 3846 pietatis
1361 3777 1504 3834 alius
1555 3779 1667 3833 alio
1711 3789 1954 3850 prastat.

381 3867 769 3936 Unusquisque
807 3878 866 3922 ut
895 3871 1001 3923 erit
1047 3879 1405 3939 preparatus,
1445 3871 1520 3924 ita
1568 3885 1699 3926 sane
1737 3885 1958 3924 mensu-

381 3975 496 4013 ram
528 3958 728 4028 gratiae,
764 3959 1018 4028 accipiet.
1063 3959 1178 4016 Hoc
1231 3965 1398 4016 etiam
1435 3961 1696 4016 lectorem
1740 3971 1956 4016 oratum

379 4049 572 4116 velim,
600 4058 660 4103 ut
689 4049 733 4103 si
774 4051 906 4118 quid
957 4051 1057 4120 ipsi
1095 4067 1204 4106 non
1245 4053 1381 4106 satis
1414 4051 1686 4122 explicate
1729 4071 1760 4108 a
1794 4055 1958 4108 nobis

378 4142 590 4196 dictum
653 4155 776 4196 esse
855 4140 1160 4209 videbitur,
1203 4153 1301 4197 aut
1363 4152 1592 4213 propter
1646 4143 1954 4200 abstrusam

378 4233 764 4303 quaestionem,
816 4242 912 4289 aut
959 4243 1187 4305 propter
1221 4235 1584 4306 quarumdam
1619 4251 1816 4293 vocum
1857 4253 1955 4293 va-

381 4327 578 4379 riatam
635 4325 1093 4396 signiﬁcationem
1143 4345 1207 4384 ac
1258 4331 1684 4400 proprletatem.
1731 4347 1800 4388 ne
1851 4331 1957 4386 hoc

378 4431 504 4470 cum
534 4417 773 4488 primum
821 4417 1048 4489 legerit,
1086 4420 1377 4490 improbet.
1408 4421 1546 4477 Cum
1581 4424 1727 4478 enim
1757 4425 1956 4478 iterum

377 4516 434 4560 et
475 4507 677 4578 saepius
729 4524 853 4577 quae
904 4511 1052 4568 dicta
1105 4523 1234 4567 sunt
1298 4513 1783 4578 animadverterit,
1825 4530 1955 4570 sen-

381 4599 610 4652 tentiam
652 4614 844 4654 eorum
905 4617 1027 4670 quae
1085 4603 1350 4656 dicuntur
1397 4605 1744 4674 explanatam
1790 4622 1954 4677 repe-

382 4694 504 4746 riet.
543 4692 789 4746 Perfecta
832 4709 965 4748 vero
1008 4709 1104 4763 per
1132 4711 1192 4748 se
1245 4710 1458 4752 merces
1505 4699 1957 4770 laborisinqute-

381 4786 552 4839 tendo
600 4787 788 4854 positi,
824 4789 936 4842 erit
981 4787 1237 4842 veritatis
1266 4789 1532 4844 inventio.
1588 4792 1958 4847 Auetoritates

382 4878 548 4932 etiam
569 4895 694 4933 cum
731 4881 798 4935 iis
829 4896 951 4950 quae
983 4898 1014 4935 a
1045 4883 1204 4936 nobis
1226 4885 1468 4952 exposita
1497 4895 1646 4950 sunt,
1671 4885 1954 4952 facientes,

383 4969 612 5039 singulis
655 4971 814 5027 libris
841 4973 1195 5044 subjecimus,
1235 4985 1295 5029 ut
1323 4977 1608 5032 veritatem
1643 4979 1956 5033 testimonio

383 5059 738 5131 antiquorum
781 5065 1252 5124 confit-marcium.

1601 5250 1702 5289 υι

2059 3521 2118 3558 τε
2155 3504 2232 3576 μὴ
2259 3507 2494 3576 καιρίως
2522 3505 2649 3570 τοὺς
2686 3504 2963 3566 ἐναντίους
2993 3501 3358 3573 βεϐλήκαμεν,
3384 3503 3481 3554 καὶ
3507 3501 3562 3552 εἴ
3589 3517 3642 3553 τι

2059 3594 2154 3649 τοῦ
2186 3593 2401 3658 δέοντος
2429 3594 2818 3664 ἀσθενέστερον
2851 3589 3324 3662 προηγωνισμένοι
3369 3589 3468 3657 τῆς
3512 3585 3644 3656 ἀλη-

2061 3688 2213 3749 θείας
2246 3687 2569 3758 φανείημεν.
2610 3687 2652 3738 Τ
2657 3689 2722 3758 ῆς
2763 3686 2862 3756 μὲν
2892 3683 3003 3753 γὰρ
3038 3680 3195 3747 ἀξίας
3231 3681 3340 3733 τῶν
3377 3680 3642 3750 πραγμά-

2059 3799 2188 3844 των,
2224 3781 2427 3851 ὁμοίως
2459 3781 2659 3842 πάντες
2685 3775 3133 3846 ἀπολειπόμεθα·
3167 3772 3247 3844 τῷ
3275 3773 3334 3826 δὲ
3369 3772 3516 3842 ζήλῳ
3544 3771 3642 3841 τῆς

2060 3873 2363 3937 εὐσεϐείας,
2395 3871 2553 3934 ἄλλος
2583 3870 2742 3925 ἄλλον
2787 3869 3202 3941 διενηνόχαμεν.
3252 3865 3410 3921 Κατά
3451 3864 3507 3917 δὲ
3543 3864 3640 3933 τὴν

2059 3967 2267 4020 οἰκείαν
2324 3962 2794 4036 προπαρασκευὴν
2847 3963 3079 4025 ἕκαστος
3130 3959 3371 4030 δηλονότι
3431 3956 3528 4010 καὶ
3580 3956 3640 4008 τὸ

2061 4056 2262 4124 μέτρον
2289 4053 2399 4119 ἔξει
2427 4053 2527 4123 τῆς
2574 4052 2818 4123 χάριτος.
2869 4050 2982 4104 Καὶ
3033 4049 3194 4102 τοῦτο
3245 4047 3302 4102 δὲ
3340 4049 3408 4101 ’ἄν
3447 4047 3635 4116 ἀγάπῃ

2061 4143 2446 4216 προτρέπομεν
2491 4142 2584 4196 τὸν
2615 4140 3020 4212 ἐντευξόμενον,
3052 4141 3120 4194 ἶν’
3143 4141 3197 4193 ετ
3228 4157 3278 4192 τι
3331 4139 3406 4210 μὴ
3450 4135 3638 4206 σαφῶς

2058 4237 2206 4308 αὑτῴ
2239 4235 2346 4291 τῶν
2373 4237 2502 4308 παρ’
2531 4237 2690 4308 ἡμῶν
2719 4235 2975 4308 εἰρῆσθαι
3003 4233 3227 4304 δόξειεν,
3253 4232 3286 4304 ἢ
3311 4231 3400 4286 διὰ
3420 4231 3519 4303 τὴν
3545 4229 3637 4285 τοῦ

2059 4330 2416 4401 θεωρήματος
2443 4329 2799 4401 βαθύτητα,ἢ
2830 4328 2919 4382 διά
2948 4326 3048 4398 τὴν
3084 4327 3244 4380 ἐνίων
3269 4324 3469 4393 λέξεων
3499 4338 3638 4394 περ·

2057 4421 2407 4493 ηλλαγμένην
2447 4423 2726 4493 σημασίαν
2777 4439 2834 4473 τε
2883 4422 2977 4474 καὶ
3029 4418 3291 4490 ἰδιότητα,
3334 4416 3510 4487 τούτῳ
3563 4417 3637 4486 μὴ

2059 4517 2202 4570 κατά
2220 4516 2320 4588 τὴν
2352 4515 2576 4588 πρώτην
2602 4515 2842 4580 ἔντευξιν
2865 4513 3130 4578 κακίζειν.
3172 4512 3504 4583 Ἐπιστήσας
3531 4509 3639 4580 γὰρ

2059 4610 2140 4672 δὶς
2171 4609 2202 4680 ἦ
2238 4610 2332 4662 καὶ
2360 4609 2624 4673 πολλάκις
2666 4611 2780 4673 τοῖς
2828 4607 3139 4688 εἰρημένοις
3171 4606 3264 4658 τὸν
3313 4603 3458 4670 νοῦν,
3505 4621 3638 4674 τρα·

2063 4703 2330 4774 νουμένην
2362 4702 2511 4773 αὐτῷ
2537 4703 2760 4773 εὑρήσει
2783 4701 2890 4754 τῶν
2915 4700 3222 4771 λεγομένων
3249 4699 3348 4770 τὴν
3379 4697 3634 4752 διάνοιαν.

2064 4796 2369 4866 Αύτοτελὴς
2417 4797 2473 4850 δὲ
2509 4796 2702 4867 μισθὸς
2745 4796 2840 4848 τοῦ
2875 4795 3018 4850 κατά
3057 4795 3155 4865 τὴν
3188 4795 3418 4865 ζήτησιν
3453 4793 3637 4855 πόνου,

2061 4887 2162 4958 τῆς
2207 4886 2464 4958 ἀληθείας
2511 4888 2545 4958 ἡ
2599 4885 2832 4955 εὕρεσις.
2872 4885 3108 4956 Χρήσεις
3139 4901 3199 4952 γε
3251 4885 3359 4956 μὴν
3384 4884 3490 4937 τῶν
3525 4899 3652 4936 συν-

2059 4980 2359 5048 ταγμάτων
2415 4979 2632 5049 ἐκὰστῳ
2677 4980 2791 5041 τοῖς
2853 4980 2982 5048 παρ’
3029 4975 3188 5048 ἡμῶν
3239 4975 3636 5045 ἐκτεθειμένοις

2065 5071 2469 5143 συνηγορούσας
2499 5071 2940 5142 ύποτετάχαμεν,
2967 5069 3064 5140 τὴν
3098 5068 3360 5140 ἀλήθειαν
3412 5067 3521 5122 τῶν
3558 5065 3636 5118 εἶα

2064 5168 2315 5240 ρημένων
2355 5165 2449 5220 καὶ
2500 5169 2563 5220 ἐκ
2623 5166 2722 5238 τῆς
2753 5165 2862 5221 τῶν
2921 5163 3165 5242 παλαιῶν
3210 5161 3519 5236 μαρτυρίας
3545 5177 3634 5216 πι-

2066 5259 2372 5329 στούμενοι.
