3934 6156
1330 261 1622 323 CONTRA
1664 261 1986 322 NESTOR.
2023 259 2118 320 ET
2159 255 2476 320 EUTYCII.

3401 247 3534 323 ωτι

2527 455 3168 470 m—w

3171 455 3476 470 Ἦ

1536 573 1542 578 ’
1629 613 1996 701 ΛΟΓΟΣ
2067 613 2176 695 A’.

281 805 416 860 ΤΗΣ
450 805 639 881 ΚΛΊξᾹ
669 801 814 856 ΤΗΝ
844 798 1164 854 ΘΕΟΤΗΤΔ
1197 797 1336 851 ΤΟΥ
1377 795 1643 852 ΚΥΡΙΟΥ
1679 795 1798 848 ΚΑΙ
1829 790 2346 846 ΑΝΘΡΩΠΟΤΗΤΑ
2374 787 2726 841 ΕΝΑΝΤΙΑΣ
2755 745 3116 841 ΔΟΚΗΣΕΩἱΣ
3149 783 3539 842 ΝΕΣΤΟΡΙΟΥ

1173 893 1292 949 ΚΑΙ
1319 891 1710 956 ΕΥΤΥΧΟΥΣ,
1744 888 2058 962 ΕΛΕΓΧΟΣ
2093 887 2215 941 ΚΑΙ
2245 883 2628 940 ΑΝΑΤΡΟΠΗ

1469 1201 1826 1290 LIBER
1909 1197 2364 1288 PRIMUS

283 1404 766 1468 CONFUTATIO
801 1401 1251 1474 UTRIUSQUE
1287 1399 1671 1462 FICTIONIS
1699 1396 1940 1459 INTER
1972 1396 2061 1456 SE
2097 1393 2578 1467 CONTRARI/E,
2603 1391 2968 1454 NESTORII
3011 1390 3107 1452 ET
3143 1388 3542 1463 EU'I'YCHIS,

983 1493 1210 1553 (ΗΒΕΑ
1246 1489 1758 1588 DIVINITATEM
1795 1488 2110 1549 CHRISTI
2149 1487 2244 1546 ET
2284 1483 2876 1546 HUMANITATEM.

357 1779 462 1832 Τὸν
504 1777 634 1850 περὶ
683 1774 1034 1839 ὑποστάσεως
1079 1775 1174 1829 καὶ
1229 1776 1650 1852 οὐσίας-λόγον,
1693 1777 1862 1848 ἤγουν

2039 1774 2389 1846 Pr0positum
2424 1770 2560 1827 mihi
2602 1777 2688 1827 est
2717 1783 3014 1840 exponere,
3044 1775 3100 1824 et
3131 1767 3428 1837 explanare
3459 1783 3542 1822 ra-

289 1867 585 1942 προσώπου
623 1867 720 1922 καὶ
767 1865 985 1936 φύσεως
1031 1863 1114 1937 (οὐ
1163 1865 1245 1937 (α)
1280 1867 1477 1920 ταύτὸν
1507 1866 1616 1937 γὰρ
1646 1867 1866 1937 ἄμφω),

294 1963 386 2016 καὶ
424 1961 554 2030 περὶ
589 1959 786 2013 ταύτὸν
829 1957 1067 2029 ἑκάτερα
1110 1959 1520 2028 συγκεχυμένον
1568 1958 1662 2012 καὶ
1702 1959 1872 2030 ἀτρά-

291 2069 460 2106 νωτον
495 2053 644 2122 παρά
680 2053 794 2112 τοῖς
835 2049 930 2103 νῦν
959 2050 1094 2104 ὄντα·
1135 2053 1340 2120 σοφοῖς,
1369 2049 1646 2120 τρανῶσαί
1677 2065 1737 2102 τε
1776 2051 1874 2104 καὶ

295 2143 626 2210 διασαφῆσαι
658 2140 1000 2212 προύθέμην,
1039 2141 1178 2196 ἄλλα
1211 2141 1273 2195 τέ
1303 2158 1428 2194 τινα
1471 2141 1745 2211 κεφάλαια
1775 2141 1874 2210 τῆς

293 2233 615 2297 ἀκολουθίας
664 2234 899 2304 ἐχόμενα
941 2233 1041 2304 τῆς
1094 2232 1319 2304 πρώτης
1366 2233 1650 2304 ζητήσεως
1684 2231 1875 2286 ἐπιλύ-

294 2322 511 2388 σασθαι,
543 2321 680 2376 Θεοῦ
723 2321 1203 2391 συνεφαπτομένου
1231 2325 1386 2393 ἡμῖν,
1414 2325 1510 2377 καὶ
1545 2323 1608 2376 τὸ
1649 2321 1876 2386 ἀσθενὲς

291 2411 402 2464 τῶν
465 2409 744 2481 λογισμῶν
813 2411 1192 2482 ὑπερείδοντος
1264 2411 1356 2465 διὰ
1423 2410 1534 2464 τῶν
1595 2412 1876 2482 ὑμετέρων

293 2499 490 2572 εὐχῶν,
537 2496 626 2565 αἶς
666 2502 762 2556 καὶ
795 2501 1034 2574 θαρρῶν,
1087 2503 1170 2564 εἰς
1222 2502 1323 2573 τὴν
1367 2501 1522 2556 τοῦδε
1570 2500 1666 2556 τοῦ
1714 2501 1874 2570 λόγου

295 2592 512 2663 καθῆκα
543 2592 782 2662 ἐμαυτὸν
818 2591 1084 2658 ἐξέτασιν.
1127 2593 1242 2646 Οὐκ
1279 2593 1586 2664 ἀγνοοῦμεν
1615 2591 1673 2646 δὲ
1705 2592 1780 2656 ὡς
1825 2593 1876 2646 οξ

295 2681 391 2735 νῦν
424 2685 558 2754 ἡμῖν
599 2683 1027 2751 ἐπαναστάντες,
1068 2685 1164 2737 καὶ
1208 2685 1338 2755 μίαν
1369 2684 1583 2755 ἔχοντες
1614 2683 1714 2755 τὴν
1741 2683 1879 2754 πρός

295 2792 356 2828 τε
378 2776 442 2828 τὸ
469 2776 634 2832 καλὸν
689 2781 785 2830 καὶ⁵
813 2780 939 2840 τοὺς
965 2777 1266 2847 θεηγόρους
1301 2776 1498 2848 ἄνδρας
1537 2775 1874 2841 ἐναντίωσιν,

297 2867 487 2939 ὥσπερ
515 2868 780 2934 ἐκείνους,
811 2867 952 2922 οὕτω
977 2868 1042 2938 δὴ
1071 2871 1168 2924 καὶ
1195 2871 1227 2942 ὴ
1237 2871 1346 2940 μᾶς
1372 2869 1496 2932 τοὺς
1523 2867 1618 2940 τὴν
1644 2867 1880 2938 μάθησιν

298 2961 477 3014 αὐτῶν
519 2959 864 3032 ἐζηλωκότας
909 2962 1006 3016 καὶ
1055 2961 1486 3034 προϊσχομένους
1532 2959 1878 3025 διαπτύουσι,

299 3054 393 3106 καὶ
420 3053 689 3124 τιμῶντες
716 3054 866 3122 ἡμᾶς
897 3052 1076 3126 ταύτῃ
1097 3052 1356 3122 λελήθασι
1389 3055 1458 3123 τῇ
1491 3051 1750 3122 κοινωνίᾳ
1777 3050 1882 3119 τῆς

1973 1869 2176 1924 tionem
2201 1865 2534 1939 hypostasis,
2575 1869 2632 1919 et
2678 1861 3021 1924 substantiae,
3054 1859 3108 1914 id
3137 1866 3242 1922 est,
3278 1873 3546 1928 personm.

1969 1969 2027 2016 et
2049 1967 2258 2014 natura:
2284 1957 2464 2026 (idem
2503 1954 2653 2009 enim
2687 1961 2922 2022 utraque
2953 1959 3104 2016 sunt,
3138 1957 3194 2004 et
3221 1948 3368 2004 circa
3401 1947 3547 2002 idem

1971 2055 2283 2113 versantur)
2312 2043 2624 2108 confusam,
2648 2051 2706 2098 et
2733 2056 2846 2096 non
2905 2040 3248 2110 explanatam
3281 2037 3426 2108 apud
3456 2053 3553 2092 eos

1971 2137 2068 2208 qui
2103 2137 2210 2192 hoc
2238 2145 2484 2206 tempore
2517 2134 2796 2206 sapientes
2819 2137 3219 2195 numerantur;
3253 2139 3416 2200 atque
3447 2129 3552 2184 alia

1974 2238 2239 2300 praeterea
2258 2228 2436 2300 capita
2462 2227 2758 2296 explicare,
2777 2240 2902 2296 qua:
2922 2239 3048 2280 cum
3062 2221 3555 2294 primaquzestione

1973 2321 2274 2385 cohaerent,
2307 2319 2475 2389 idque
2498 2318 2612 2374 Deo
2637 2319 2890 2390 juvante,
2912 2325 2970 2372 et
2989 2313 3363 2370 inﬁrmitatem
3400 2311 3554 2383 cogi-

1974 2413 2247 2468 tationum
2269 2419 2585 2468 nostrarum
2605 2410 2804 2466 merito
2827 2407 3214 2480 precationum
3242 2413 3555 2462 vestrarum

1973 2507 2276 2572 fulciente;
2317 2504 2520 2576 quibus
2571 2502 2816 2558 conlisus
2860 2501 2930 2556 ad
2978 2499 3361 2556 tractationem
3391 2498 3558 2568 hujus

1975 2597 2300 2669 quaestionis
2353 2611 2441 2651 me
2467 2594 2702 2651 contuli.
2731 2593 2853 2648 Non
2893 2594 3210 2663 ignoramus
3255 2589 3404 2660 quod
3461 2587 3558 2658 qui

1975 2691 2138 2746 nobis
2170 2689 2558 2754 adversantur,
2591 2695 2650 2742 et
2703 2686 2910 2758 quibus
2952 2698 3124 2738 unum
3173 2683 3300 2738 cum
3356 2681 3560 2737 sanctis

1976 2782 2237 2839 Patribus
2267 2789 2548 2836 certamen
2573 2787 2680 2840 est,
2706 2777 2852 2834 sicut
2879 2777 3022 2840 illos,
3045 2775 3128 2830 sic
3149 2773 3316 2830 etiam
3343 2787 3444 2828 nos
3465 2771 3580 2852 qui.

1980 2875 2202 2930 illorum
2227 2871 2576 2941 disciplinam
2600 2878 2882 2926 sectamur
2909 2877 2966 2924 et
2987 2866 3362 2930 defendimus,
3395 2863 3563 2919 inho-

1980 2973 2218 3022 norant:
2246 2963 2342 3034 qui
2375 2979 2479 3019 nos
2511 2963 2696 3034 potius
2720 2963 3036 3018 nescientes
3060 2959 3338 3014 honorant
3363 2997 3379 3020 ,
3428 2955 3562 3011 dum

1982 3057 2185 3126 probra
2210 3071 2332 3126 qua:
2357 3054 2467 3109 illis
2487 3053 2778 3125 objiciunt,
2805 3052 3097 3108 nobiscum
3129 3048 3562 3106 communicant.

296 3143 541 3212 ἀτιμίας.
565 3145 628 3198 Oi
649 3144 762 3212 γὰρ
793 3145 946 3196 αὐτοὶ
971 3145 1040 3198 τά
1060 3161 1122 3196 τε
1162 3143 1280 3196 θεῖα
1315 3143 1596 3206 παίζουσι,
1629 3141 1722 3194 καὶ
1751 3141 1878 3205 τοὺς

1985 3149 2044 3206 ili
2077 3151 2224 3205 etim
2257 3157 2314 3204 et
2341 3149 2532 3202 divina
2561 3147 2798 3210 ludunt,
2855 3155 2913 3200 et
2953 3143 3244 3214 theologos
3295 3140 3566 3196 conviciis

300 3234 585 3302 θεολόγους
615 3233 901 3303 ὑϐρίζουσι
921 3250 937 3264 ο
963 3233 1058 3286 καὶ
1083 3233 1136 3286 τί
1169 3234 1334 3303 μέγα,
1367 3234 1414 3284 εἰ
1444 3233 1539 3285 καὶ
1569 3233 1721 3304 ἡμᾶς
1752 3232 1881 3294 τοὺς

305 3324 473 3393 μηδὲν
516 3323 676 3384 ὄντας
731 3323 1136 3388 ἐξουθενοῦσινς
1190 3317 1267 3376 ὧν
1313 3321 1474 3376 τοῦτο
1523 3321 1683 3394 μόνον
1729 3321 1881 3386 ἄξιόν

303 3418 420 3468 ἐστι
451 3413 774 3484 θαυμάζειν,
804 3414 886 3468 ὅτι
913 3413 1094 3484 πάσης
1122 3413 1224 3484 μὲν
1253 3413 1458 3483 ἀρετῆς
1481 3413 1583 3483 τῆς
1614 3415 1671 3466 ἐν
1699 3413 1882 3484 ἔργοις

305 3501 610 3564 σπουδαίως
633 3501 950 3572 ἀμελοῦσιν,
972 3499 1258 3554 κελεύουσι
1279 3500 1334 3553 δὲ
1361 3502 1502 3569 σφᾶς
1526 3499 1724 3564 αὐτοὺς
1743 3497 1882 3554 εἶναι

306 3591 502 3661 σοφούς
521 3607 536 3622 ·
573 3595 668 3646 καὶ
687 3593 826 3646 εἰσὶν
844 3589 960 3646 οἷον
995 3591 1054 3656 ἐξ
1085 3593 1460 3661 ἐπιτάγματος
1501 3591 1717 3644 συνετοὶ
1737 3635 1750 3656 ,
1787 3591 1884 3644 καὶ

301 3687 364 3740 τὸ
395 3686 569 3740 θέλειν
607 3686 806 3749 αὐτοὺς
846 3685 1006 3756 μόνον
1037 3683 1424 3747 εὐπαιδεύτους
1461 3685 1766 3758 ἀπέφῃνεν,
1807 3684 1884 3748 ὡς

315 3779 862 3849 Ἅκροςοιλοσόφους
896 3777 1092 3842 αὐτούς
1128 3794 1214 3841 τις
1243 3777 1353 3830 τῶν
1384 3777 1748 3849 ἀστειοτέρων
1787 3795 1885 3848 χα-

304 3871 532 3940 ριέντως
582 3869 890 3940 ὠνόμακεν.
939 3868 1082 3922 Ἀλλ’
1127 3868 1189 3922 οὐ
1227 3867 1336 3940 χρὴ
1375 3867 1466 3922 διὰ
1511 3867 1610 3937 τὴν
1660 3868 1886 3920 ἐκείνων

227 4021 234 4027 _
305 3960 586 4032 μοχθηρὰν
626 3959 967 4030 προαίρεσιν,
1000 3959 1146 4029 ἡμᾶς
1173 3957 1238 4026 γέ
1267 3973 1322 4010 τι
1362 3956 1690 4026 καθυφεῖναι
1722 3957 1754 4029 ἢ
1785 3957 1884 4027 τῆς

303 4051 618 4125 παρρησίας
713 4050 820 4105 τῶν
842 4049 1073 4120 ἀγώνων
1093 4065 1107 4080 ⁸
1143 4049 1454 4104 τούναντίον
1483 4049 1582 4119 μὲν
1622 4045 1736 4108 οὖν.
1774 4051 1888 4113 τοῖς

301 4144 410 4196 τῶν
447 4143 737 4214 μακαρίων
767 4141 1294 4213 ἀνδρῶν’ἀθλήμασι
1337 4140 1476 4210 πρὸς
1521 4141 1774 4212 ἀνδρείαν
1811 4140 1888 4205 ὡς

299 4235 370 4289 τὰ
409 4235 648 4304 μάλιστα
679 4231 1124 4304 παραθήγεσθαι,
1161 4230 1260 4284 καὶ
1303 4230 1500 4284 ταύτὸν
1543 4231 1774 4301 πάσχειν
1807 4228 1886 4300 τῷ

303 4327 622 4396 Θερμοτάτῳ
673 4325 913 4396 σιδήρῳ’
953 4323 1164 4386 ἐκεῖνός
1202 4338 1264 4375 τε
1303 4321 1418 4394 γὰρ
1473 4321 1768 4392 στομοῦται
1810 4320 1886 4392 τῷ

303 4419 495 4488 ψυχρῷ
530 4418 940 4489 προσομιλήσας
977 4417 1154 4472 ὕδατι.
1197 4417 1310 4472 Καὶ
1334 4419 1497 4487 ἡμεῖς
1529 4419 1642 4480 τοῖς
1679 4417 1886 4470 τούτων

304 4512 479 4579 ἀγῶσι
536 4511 672 4582 πρὸς
699 4511 825 4574 τοὺς
846 4511 1040 4575 ἄθλους
1071 4509 1412 4582 ρωννύμεθα.
1446 4508 1569 4564 Εἶεν
1593 4510 1650 4563 δὲ
1675 4507 1768 4564 οὖν
1801 4508 1881 4579 τῷ

304 4603 606 4673 τομωτάτῳ
633 4603 797 4674 λόγῳ,
837 4604 1027 4674 ὥσπερ
1059 4605 1306 4676 μαχαίρᾳ
1343 4605 1618 4675 διστόμῳ,
1663 4605 1761 4675 τὴν
1795 4606 1882 4674 ἐφ’

307 4693 544 4764 ἑκάτερα
587 4693 770 4748 αὐτῶν
804 4698 946 4749 κατά
981 4697 1081 4766 τῆς
1117 4696 1374 4768 ἀληθείας
1401 4695 1652 4749 ἔνστασιν
1679 4712 1740 4748 τε
1790 4697 1884 4748 καὶ

305 4784 734 4856 ἀντιπαράταξιν
763 4787 1134 4856 διατεμόντες,
1177 4787 1574 4858 ἀνατρέψωμεν
1608 4787 1709 4857 τῆς
1747 4787 1883 4840 ὐπο-

309 4876 511 4942 θέσεως
549 4877 800 4932 ἐντεῦθεν
831 4877 1143 4949 ἀρχόμενοι.

375 5055 437 5107 0i
476 5056 575 5124 τῆς
630 5053 930 5122 Νεστορίου
976 5053 1514 5124 ἀνθρωπολατρείας,
1559 5053 1654 5108 καὶ
1695 5049 1744 5105 οἱ
1783 5052 1881 5122 τῆς

305 5147 580 5216 Εὖτυχοῦς
635 5146 976 5214 φαντασίας,
1037 5145 1238 5216 μᾶλλον
1271 5146 1327 5200 δὲ
1379 5147 1428 5200 οἱ
1465 5146 1565 5216 τῆς
1615 5145 1883 5214 ἑκατέρας

231 5270 236 5278 ·
306 5243 614 5314 φαντασίας
641 5241 902 5313 μαθηταὶ,
945 5241 1128 5304 καλῶς
1161 5241 1270 5312 γὰρ
1301 5243 1498 5304 αὐτοὺς
1525 5240 1762 5309 εὐλαϐὴς
1795 5241 1888 5294 καὶ

1980 3249 2408 3296 consectantur:
2443 3247 2500 3293 et
2525 3237 2660 3307 quid
2697 3237 2897 3291 mirum
2952 3235 2998 3290 si
3060 3249 3162 3289 nos
3185 3273 3199 3299 ,
3231 3232 3324 3304 qui
3373 3245 3566 3287 sumus

1980 3329 2164 3394 nihili,
2193 3328 2599 3384 contemnunt?
2633 3327 2689 3382 in
2719 3326 2925 3397 quibus
2953 3325 3060 3381 hoc
3097 3331 3306 3378 tantum
3337 3321 3565 3393 dignum
3630 3363 3638 3370 .

1980 3426 2068 3474 est
2111 3417 2500 3481 admiratione,
2547 3417 2696 3487 quod
2745 3430 2966 3470 omnem
3017 3414 3281 3468 virtutem
3329 3427 3452 3484 quae
3508 3411 3564 3466 in

1981 3508 2200 3564 actione
2215 3514 2322 3572 est,
2353 3507 2603 3563 studiose
2625 3505 2948 3578 negligunt;
2977 3519 3147 3574 seque
3169 3503 3320 3576 ipsos
3348 3502 3568 3574 sapien-

1982 3607 2066 3653 tes
2088 3613 2210 3654 esse
2235 3597 2456 3668 iubent,
2484 3604 2542 3653 et
2571 3605 2704 3652 sunt
2735 3607 2995 3666 tanquam
3031 3611 3100 3650 ex
3129 3593 3378 3666 iussione
3411 3594 3487 3664 (1)
3511 3601 3571 3648 et

1981 3690 2168 3746 edicto
2188 3689 2485 3761 prudentia
2515 3689 2733 3761 praediti
2759 3705 2774 3756 ;
2809 3703 2950 3758 quos
2983 3686 3236 3742 eruditos
3265 3702 3389 3742 esse
3414 3686 3566 3750 fecit,

1982 3781 2122 3836 velle
2149 3787 2361 3836 tantum
2392 3797 2406 3834 :
2439 3781 2584 3837 sicut
2624 3795 2720 3836 eos
2765 3779 2989 3850 quidam
3023 3795 3090 3834 ex
3124 3777 3446 3834 hominibus
3475 3793 3572 3832 ur-

1984 3873 2164 3939 banis,
2195 3873 2376 3944 lepide
2410 3881 2468 3928 et
2498 3881 2732 3930 venuste
2759 3914 2774 3939 ,
2809 3871 3280 3944 ἀκροφιλοσόφους
3303 3911 3317 3932 ,
3357 3869 3412 3925 id
3462 3879 3568 3934 est,

1985 3980 2232 4021 summos
2255 3964 2614 4036 philosophos
2643 3967 2720 4037 (2i
2756 3966 2994 4020 vocavit.
3051 3963 3160 4019 Sed
3205 3979 3317 4018 non
3351 3969 3574 4032 Oportet

1984 4072 2088 4112 nos
2139 4066 2368 4128 propter
2414 4056 2636 4112 illorum
2686 4057 3043 4126 depravatam
3088 4056 3452 4118 voluntatem,
3485 4053 3572 4108 vel

1986 4149 2264 4214 ﬁduciam,
2300 4149 2388 4203 vel
2417 4157 2698 4203 certamen
2755 4149 3080 4214 remittere;
3114 4145 3366 4217 quinimo
3439 4160 3575 4200 con-

1990 4250 2071 4296 tra
2097 4283 2113 4308 ,
2145 4240 2548 4296 certaminibus
2575 4238 2826 4294 virorum
2866 4239 3156 4294 beatorum
3189 4238 3257 4292 ad
3293 4234 3576 4291 fortitudi-

1986 4349 2115 4390 nem
2147 4332 2418 4388 stimulari
2471 4337 2528 4385 et
2573 4330 2793 4401 urgeri,
2829 4339 2892 4384 ut
2953 4329 3099 4384 idem
3147 4329 3368 4384 eveniat
3413 4327 3577 4383 nobis

1989 4425 2137 4496 quod
2171 4425 2320 4480 ferro
2353 4422 2712 4488 calidissimo,
2740 4421 2888 4492 quod
2923 4421 3146 4492 quidem
3175 4437 3333 4492 aqua:
3363 4419 3577 4492 frigidae

1988 4518 2309 4572 immersam
2345 4524 2403 4572 et
2439 4516 2684 4572 infusum
2723 4513 2990 4570 durescit.
3019 4514 3087 4568 Et
3117 4529 3218 4568 nos
3275 4513 3406 4568 dum
3449 4528 3576 4568 cum

1987 4609 2076 4664 his
2105 4615 2405 4674 certamus,
2432 4607 2500 4662 ad
2537 4607 2824 4678 praemium
2872 4604 3198 4661 certaminis
3227 4605 3572 4660 roboramur.

1997 4695 2110 4768 Age
2129 4711 2263 4768 ergo
2293 4697 2466 4752 verbo
2507 4695 2860 4768 penetranti,
2901 4705 3156 4762 tanquam
3194 4694 3376 4764 gladio
3421 4695 3574 4748 anci-

1990 4789 2112 4858 piti,
2142 4787 2316 4844 aciem
2337 4803 2532 4844 eorum
2563 4788 2830 4843 adversus
2861 4787 3147 4841 veritatem
3186 4786 3510 4841 instinctam
3545 4802 3575 4840 a

1985 4878 2196 4934 dextris
2222 4886 2280 4934 et
2315 4894 2346 4935 a
2389 4879 2637 4935 sinistris
2677 4883 3122 4950 perrumpentes,
3159 4885 3575 4946 prosternamus

1986 4985 2104 5034 eos,
2137 4969 2272 5024 hinc
2299 4970 2508 5026 exorsi.

2037 5061 2301 5132 Discipuli
2317 5060 2556 5116 Nestorii
2572 5059 2627 5115 in
2648 5059 2962 5115 idololatria
2975 5058 3336 5114 humanitatis
3347 5057 3576 5123 Christi,

1989 5160 2044 5206 et
2059 5151 2311 5221 discipuli
2337 5151 2600 5223 Eulycbis
2618 5150 2675 5205 in
2695 5151 2936 5213 fictione,
2955 5149 3066 5205 imo
3082 5149 3338 5222 discipuli
3364 5149 3576 5205 utrius-

1994 5259 2101 5314 que
2133 5242 2370 5300 lictionis
2398 5261 2412 5298 :
2440 5243 2585 5299 bclle
2611 5243 2759 5298 enim
2791 5253 3056 5312 utrosque
3089 5241 3382 5314 religiosus
3409 5249 3464 5294 et
3492 5239 3576 5294 di-

377 5403 758 5463 iltli‘artieula
785 5404 867 5466 οὗ,
901 5419 1022 5460 non.
1053 5402 1277 5457 additur
1325 5402 1502 5455 codici
1556 5422 1584 5458 ιι
1633 5403 1875 5460 secunda
1917 5417 2101 5457 manu.
2133 5402 2264 5456 Eam
2327 5420 2519 5473 reapse
2555 5421 2663 5458 non
2717 5403 2927 5472 legebat
2999 5403 3324 5462 Turn-ianus,
3370 5398 3462 5466 qui
3494 5395 3574 5448 id-

305 5473 452 5527 circo
475 5489 697 5526 sensum
725 5473 827 5526 ioci
861 5473 1020 5528 aliter
1049 5473 1368 5542 exillicavit.

377 5590 452 5650 ii)
501 5588 563 5643 Et
586 5599 705 5642 sum
735 5597 987 5656 lii-nquam
1017 5605 1077 5640 ar
1099 5589 1360 5658 fusione.
1414 5583 1536 5643 Οἴου
1569 5589 1624 5654 ἐξ
1656 5590 1882 5658 ἐπιτάγ-

309 5677 474 5729 ματος
505 5659 736 5713 συνετοί.
765 5659 1096 5714 ΊἸήΙυΛΝΓδ.

2069 5580 2350 5712 manu”
2407 5599 2583 5661 putres
2635 5587 3107 5658 ρΙεὲΙ‹π-οῃ1ιοε.(ἷι·.
3173 5575 3568 5650 Σςιπροςιιλοσόο

2069 5680 2146 5712 υς.
2210 5677 2259 5712 ο.

1994 5677 2146 5730 (ξονς.
2189 5677 2259 5714 ιιι.
