3954 6148
379 196 520 266 ηπ»

1647 194 1958 260 LEONTII
1998 167 2406 262 BYZAN‘l‘INI

3519 199 3544 257 l
3554 199 3672 264 276

377 309 540 366 vinus
558 305 645 364 vir
673 306 1141 378 ἐναντιοδοκήτας,
1171 306 1224 362 id
1257 313 1361 372 est,
1394 305 1689 366 contraria:
1717 303 1960 362 fictionis

2080 307 2207 371 ίεϊος
2228 305 2369 376 ἀνὴρ
2389 303 2534 360 οὕτω
2559 303 2829 375 κέκληκεν
2848 307 2949 378 (b),
2967 307 3507 376 Ἐναντιοδοκήτας
3532 313 3671 366 ἐκα-

373 411 632 459 auctores
652 399 962 456 contrarios
994 398 1326 470 appellavit;
1354 396 1430 452 illi
1453 396 1675 468 quidem
1699 397 1960 452 divinita-

379 505 492 552 tem
529 495 584 550 in
617 493 905 550 Salvatore
933 491 1057 547 ﬁcte
1081 490 1274 545 dicunt
1301 487 1400 562 ('5),
1437 488 1494 543 hi
1532 504 1667 543 vero
1702 487 1962 544 humani-

377 596 571 644 tatem.
618 584 908 642 Nestorius
960 582 1372 653 beneplacitum
1401 591 1459 637 et
1501 581 1825 652 dignitatem
1858 595 1961 652 pro

377 680 603 736 ﬁctione
632 677 940 734 divinitatis
963 675 1210 731 defendit
1237 691 1251 739 ;
1283 674 1563 746 Eutychos
1611 689 1833 729 carnem
1871 674 1927 729 in
1947 702 1964 716 ι

373 771 673 833 ell‘abilem,
697 784 802 840 pro
824 767 1065 822 naturali
1103 775 1160 823 et
1189 777 1400 823 nostra.
1450 766 1544 822 Sic
1575 767 1826 822 honestis
1857 757 1960 822 n6-

377 860 626 916 minibus
643 867 701 915 et
725 859 912 914 verbis
935 857 1174 919 decoris,
1201 867 1459 928 tanquam
1492 856 1635 912 fictis
1658 856 1958 921 coloribus,

379 949 688 1004 fteditatem
717 948 1016 1004 contrariae
1038 947 1262 1018 quidem
1297 947 1622 1017 impietatis,
1653 947 1750 1002 sed
1776 958 1962 1002 tamen

374 1040 629 1110 aequalis,
661 1040 963 1096 honestare
989 1039 1269 1094 nituntur.
1305 1037 1472 1105 Quasi
1519 1038 1767 1093 studium
1799 1039 1963 1094 nobis

378 1131 452 1186 sit
471 1131 748 1202 elegantia
772 1131 1059 1186 nominum
1081 1130 1295 1194 utendi,
1327 1137 1385 1185 et
1415 1145 1524 1184 non
1547 1129 1734 1198 potius
1763 1128 1960 1184 faciem

379 1221 634 1276 veritatis
661 1236 798 1282 vere
827 1235 1058 1275 auream
1111 1219 1458 1290 aspiciendi,
1514 1235 1622 1290 qua
1674 1219 1817 1274 nihil
1875 1225 1964 1274 est

381 1314 699 1379 amabilius,
729 1314 984 1384 quamvis
1032 1312 1170 1367 nihil
1217 1313 1444 1385 elegans
1499 1321 1555 1368 et
1609 1313 1960 1384 splendidum

378 1407 632 1462 accedat.
670 1408 786 1463 Nec
808 1407 958 1461 enim
987 1405 1334 1460 ornamentis
1365 1406 1573 1476 indiget
1597 1446 1610 1470 .
1643 1421 1767 1476 quae
1801 1413 1966 1460 natu-

382 1501 485 1556 rali
544 1501 968 1572 pulchritudine
1038 1498 1416 1570 splendescit;
1479 1515 1584 1555 nec
1631 1499 1960 1563 verborum,

2061 397 2256 466 τέρους
2287 393 2556 458 καλέσας·
2585 395 2634 446 oi
2677 393 2776 464 μὲν
2815 395 2925 466 γὰρ
2952 398 3054 468 τὴν
3087 397 3340 467 θεότητα.
3379 402 3431 454 oi
3462 401 3525 455 δέ
3561 401 3671 472 τὴν

2063 486 2466 559 ἀνθρωπότητα
2505 485 2725 556 δοκήσει
2756 485 3015 558 λέγουσιν
3045 484 3186 545 εἶναι
3217 491 3276 546 ἐν
3301 490 3382 563 τῷ
3415 492 3667 564 Σωτῆρι,

2063 576 2204 648 πλὴν
2243 577 2367 632 ὅσον
2415 576 2698 648 ἑκάτερος,
2745 579 2773 633 6
2825 579 2925 650 μέν
2972 580 3074 652 τὴν
3132 582 3386 636 εὐδοκίαν
3425 583 3523 638 καὶ
3560 585 3668 654 τὴν

2063 669 2248 736 ἀξίαν,
2285 668 2408 723 ἀντὶ
2445 670 2546 740 τῆς
2573 669 2715 724 κατὰ
2751 671 2852 741 τὴν
2893 671 3127 746 θεότητα
3163 677 3468 744 φαντασίας
3495 695 3510 709 ⁸
3548 679 3578 732 6
3608 678 3670 732 δὲ

2061 759 2164 830 τὴν
2203 760 2442 831 ἄρρητον
2483 759 2682 830 σάρκα,
2729 761 2853 814 ἀντὶ
2892 763 2994 833 τῆς
3043 764 3206 832 φύσει
3246 765 3344 818 καὶ
3381 765 3671 838 ἡμετέρας

2063 851 2488 923 προσίσχονται,
2527 852 2866 925 εὐπρεπέσιν
2935 854 3170 926 ὀνόμασι
3225 857 3322 912 καὶ
3392 859 3672 931 εὐφήμοις

2066 947 2344 1020 ῥήμασιν,
2399 944 2588 1018 ὥσπερ
2643 945 2934 1018 χρώμασιν
2990 949 3387 1014 ἐπιπλάστοις.
3441 953 3503 1006 τὸ
3562 951 3670 1022 τῆς

2027 1037 2314 1100 ’ἐναντίας
2349 1037 2471 1108 μὲν,
2504 1037 2628 1108 ίσης
2662 1038 2732 1092 δὲ
2764 1039 3024 1106 ἀσεϐείας
3064 1041 3306 1107 δυσειδὲς
3349 1045 3672 1115 ἀποσεμνύ-

2063 1146 2178 1183 νειν
2223 1127 2649 1200 ἐπιχειροῦντες.
2700 1131 2916 1186 Ὠσανεὶ
2973 1132 3169 1187 τούτου
3215 1135 3669 1207 ἐσπουδασμένου

2063 1221 2198 1292 ἡμῖν
2225 1218 2424 1284 κάλλος
2457 1221 2648 1274 ἀσκεῖν
2681 1221 2988 1292 ὀνομάτων,
3041 1225 3160 1279 ἀλλ’
3191 1226 3256 1280 οὐ
3290 1226 3352 1280 τδ
3387 1227 3488 1296 τῆς
3525 1227 3668 1299 ἀλη-

2064 1313 2216 1377 θείας
2240 1311 2476 1384 χρυσοῦν
2503 1311 2676 1377 ὃντως
2705 1313 3004 1385 πρόσωπον
3035 1316 3385 1384 ἐποπτεύειν,
3413 1311 3482 1390 ἧς
3507 1318 3670 1374 οὐδὲν

2065 1405 2502 1478 ἐρασμιώτερον,
2563 1404 2664 1460 κᾶν
2710 1407 2774 1459 τὸ
2819 1407 2922 1478 τῆς
2980 1407 3182 1474 λέξεως
3243 1410 3520 1480 εὐπρεπὲς
3568 1411 3668 1466 καὶ

2066 1497 2294 1568 φαιδρὸν
2326 1495 2402 1568 μὴ
2449 1499 2649 1567 προσῇ.
2689 1497 2843 1569 Μηδέ
2897 1498 3007 1572 γάρ
3062 1501 3439 1570 κομμωτικῶν
3489 1501 3668 1574 αὐτὴν

385 1593 546 1662 quasi
589 1594 1000 1664 pigmentorum
1063 1594 1245 1652 fucata
1307 1605 1364 1651 et
1412 1594 1593 1650 fallaci
1637 1592 1841 1664 specie.
1895 1592 1960 1646 Hi

2080 1589 2426 1660 προσδεῖσθαι
2453 1588 2952 1660 καλλωπισμάτων,
2984 1592 3204 1664 φυσικῷ
3243 1593 3433 1648 κάλλει
3462 1592 3669 1666 λελαμ-

2001 1652 2042 1706 Β

384 1685 556 1756 igitur
578 1701 766 1742 secum
808 1696 864 1742 et
903 1703 1031 1742 cum
1061 1690 1297 1744 veritate
1329 1695 1659 1759 pugnantes,
1682 1685 1890 1740 bellum
1911 1683 1968 1740 in

2080 1681 2420 1752 πρυσμένην,
2459 1681 2552 1734 καλ⁵
2585 1681 2753 1753 μηδὲν
2791 1683 3055 1754 δεομένην
3081 1685 3184 1754 τῆς
3217 1686 3284 1740 ἐκ
3321 1685 3435 1740 τῶν
3473 1686 3665 1758 ῥημάο

377 1791 502 1832 eam
529 1793 632 1848 per
663 1780 944 1835 contraria
975 1781 1163 1851 partiti
1195 1790 1348 1845 sunt,
1392 1779 1601 1834 eisdem
1632 1775 1970 1848 propositio-

379 1868 548 1924 nibus
581 1869 650 1924 ad
681 1885 843 1926 suum
900 1880 1139 1943 uterque
1185 1873 1351 1928 finem
1401 1871 1732 1935 abutentes,
1801 1867 1879 1923 ita
1907 1874 1970 1922 ut

379 1965 676 2021 consensio
705 1965 1006 2036 impietatis
1051 1969 1330 2024 contrarie
1362 1965 1811 2022 dissentientium
1851 1979 1966 2020 uno

380 2067 710 2129 argumento
732 2060 987 2116 veritatis
1013 2075 1043 2115 a
1082 2060 1378 2131 discipulis
1415 2059 1668 2128 ejusdem
1711 2055 1968 2114 veritatis

378 2147 762 2213 convellatur,
797 2157 856 2204 et
897 2151 1199 2208 concordia
1235 2151 1530 2222 pravitatis
1556 2149 1842 2220 cepiosam
1881 2147 1970 2202 vi-

379 2237 612 2293 ctoriam
637 2240 820 2310 pariat
851 2257 866 2295 :
893 2241 1101 2311 quibus
1144 2243 1294 2298 enim
1340 2241 1688 2314 argumentis
1731 2239 1970 2296 alterum

381 2329 618 2386 istorum
650 2332 744 2402 qui
791 2332 1080 2403 impietate
1129 2334 1366 2389 connexi
1417 2341 1586 2398 sunt,
1638 2330 1967 2394 refellimus,

378 2421 588 2479 eisdem
617 2423 784 2479 etiam
811 2425 1049 2480 alterum
1080 2426 1244 2481 simul
1278 2424 1660 2494 refutavimus.

2073 1787 2182 1824 των
2199 1769 2388 1842 ὥσπερ
2407 1773 2880 1843 προστριμμάτων
2897 1775 3182 1847 ἀπατηλῆς
3202 1777 3664 1850 ἐπιμορφὼσεως.

2074 1855 2232 1914 Οὗτοι
2263 1860 2330 1931 δὴ
2379 1858 2470 1916 οὖν
2503 1862 2720 1926 ἑαυτοῖς
2764 1881 2828 1919 τε
2877 1867 2972 1920 καὶ
3016 1868 3084 1938 τῇ
3119 1867 3350 1942 ἀληθείᾳ
3377 1871 3666 1941 ἀπομαχό-

2075 1971 2250 2026 μενοι,
2283 1954 2373 2008 διά
2417 1956 2526 2009 τῶν
2554 1956 2816 2011 ἐναντίων
2853 1958 2944 2012 τδν
2975 1959 3098 2012 κατ’
3124 1960 3299 2030 αὐτῆς
3335 1961 3667 2034 ἐμερίσαντο

2073 2048 2331 2119 πόλεμον,
2380 2051 2504 2109 ταῖς
2543 2049 2738 2114 αύταίς
2795 2052 3128 2124 προτάσσειν
3170 2055 3432 2126 ἑκάτερος
3481 2053 3666 2110 αὐτῶν

2075 2136 2212 2210 πρὸς
2235 2137 2326 2190 τὸν
2355 2137 2488 2192 ἴδιον
2535 2139 2921 2211 ἀποχρώμενοι
2953 2141 3156 2196 σκοπόν
3178 2158 3192 2174 ·
3241 2142 3385 2198 ὥστε
3429 2143 3530 2213 τὴν
3573 2143 3665 2199 διὰ

2075 2229 2186 2282 τῶν
2206 2229 2468 2284 ἐναντίων
2490 2247 2554 2283 συ
2563 2231 2836 2301 μφωνίαν,
2858 2235 2938 2287 ἐνὶ
2958 2234 3038 2307 τῷ
3053 2236 3152 2304 τῆς
3174 2235 3434 2307 ἀληθείας
3455 2236 3664 2308 ἐλέγχῳ

2079 2320 2216 2393 πρὸς
2240 2319 2352 2375 τῶν
2385 2321 2682 2394 γνωρίμων
2731 2325 2906 2420 αὐτῆς
2948 2327 3378 2398 ἀνατριίπεσθαι,
3431 2329 3527 2383 καὶ
3573 2328 3663 2398 γί-

2077 2415 2268 2471 νεσθαι
2298 2416 2618 2488 περιουσίαν
2658 2417 2844 2486 νίκης,
2868 2415 2967 2489 τῆς
3000 2421 3268 2492 πονηρίας
3301 2420 3402 2493 τὴν
3438 2436 3667 2492 συμφω-

377 2515 522 2571 νίαν.
575 2513 669 2581 Οἷς
715 2517 824 2587 γάρ
862 2519 929 2572 ἂν
975 2517 1205 2590 θάτερον
1248 2518 1358 2572 τῶν
1410 2517 1552 2572 κατὰ
1587 2517 1686 2588 τὴν
1749 2512 2005 2568 ἀσέϐειαν
2046 2510 2557 2582 συμπεπλεγμένων
2619 2511 3062 2584 ἀνατρέψαιμεν,
3109 2514 3324 2581 τούτοις
3367 2515 3664 2572 συνανατέ-

375 2621 622 2678 τραπται
650 2603 746 2657 καὶ
775 2605 804 2658 6
831 2604 917 2658 ἓτε
927 2622 1040 2676 ρος.

453 2695 554 2751 Est
587 2703 774 2749 autem
802 2693 1204 2750 advertendum
1240 2693 1388 2750 idem
1413 2694 1668 2750 evenisse
1693 2693 1840 2751 circa
1883 2692 1972 2748 in-

2161 2684 2360 2741 Ίστέον
2385 2687 2516 2758 γὰρ.
2549 2686 2626 2752 ὡς
2662 2689 2860 2744 ταύτδν
2892 2691 3129 2748 πέπονθε
3174 2695 3303 2766 περὶ
3327 2696 3430 2766 τὴν
3454 2700 3666 2758 οίκονο-

376 2785 768 2843 carnationem
804 2785 1040 2857 Eutyohi
1099 2786 1176 2853 (4)
1212 2801 1338 2841 cum
1371 2785 1660 2853 Nestorio,
1709 2785 1857 2857 quod
1887 2787 1967 2863 _in

2080 2778 2209 2848 μίαν
2243 2777 2494 2849 Εύτυχῆς
2519 2777 2658 2848 πρὸς
2681 2780 3000 2855 Νεστόριον,
3034 2783 3064 2838 ὃ
3095 2787 3225 2856 περὶ
3250 2764 3358 2857 τὴν
3381 2764 3670 2862 θεολογίαν

372 2877 663 2934 ’Τι-ἰιιίιειιε
693 2875 936 2932 Sabellio
964 2891 1091 2932 cum
1117 2875 1284 2943 Ario;
1314 2878 1394 2932 illi
1427 2877 1578 2934 enim
1619 2893 1720 2948 per
1748 2887 1970 2934 contra-

385 2971 470 3028 ria
511 2970 567 3026 in
596 2970 804 3026 malum
824 2971 1037 3041 aequale
1055 2971 1406 3028 ceciderunt.
1441 2969 1720 3030 Sabellius
1741 2971 1969 3043 quidem

387 3071 621 3135 propter
651 3063 1044 3139 substantiam,
1085 3063 1142 3118 in
1177 3079 1344 3119 unam
1376 3064 1701 3136 bypostasin
1733 3065 1971 3144 comun-

296 3145 302 3152 ’
380 3157 473 3213 dit
501 3154 864 3227 bypostases;
897 3155 1066 3210 Arius
1089 3171 1225 3211 vero
1255 3167 1480 3228 propter
1507 3157 1833 3229 bypostases
1857 3196 1875 3223 ,
1899 3157 1974 3215 si-

393 3245 508 3299 mul
535 3260 663 3301 cum
695 3244 778 3301 eis
797 3245 1165 3301 substantiam
1186 3247 1398 3302 divisit.
1427 3246 1495 3302 Hi
1511 3263 1646 3304 vero
1667 3264 1936 3306 converse
1957 3268 1970 3304 :

391 3335 686 3392 Nestorius
725 3337 952 3408 quidem
987 3337 1190 3394 dividit
1238 3348 1468 3395 naturas
1513 3340 1567 3395 in
1607 3339 1973 3412 bypostases;

391 3428 672 3500 Eutyches
695 3444 830 3485 vero
853 3431 1179 3487 commiscet
1212 3439 1440 3486 naturas
1462 3432 1519 3486 in
1543 3439 1822 3488 naturam.
1851 3431 1978 3498 Qui-

393 3521 502 3576 bus
525 3520 672 3574 enim
701 3519 1178 3591 diSputationibus
1215 3531 1274 3578 et
1295 3523 1640 3596 argumentis
1667 3539 1698 3579 a
1723 3525 1978 3594 superio-

389 3632 520 3671 rum
549 3627 864 3690 temporum
893 3619 1219 3676 hominibus
1248 3620 1494 3677 Trinitas
1519 3621 1697 3676 divisa
1734 3631 1840 3686 est,
1861 3621 1976 3678 eis-

389 3707 521 3763 dem
555 3724 586 3764 a
623 3709 1024 3779 posterioribus
1045 3713 1433 3778 meonomiam,
1480 3711 1536 3768 id
1572 3719 1677 3777 est,
1719 3713 1977 3768 incarna-

395 3801 605 3857 tionem
649 3801 938 3858 confusam
979 3818 1101 3859 esse
1153 3804 1480 3875 reperimus.
1533 3804 1746 3872 Quibus
1791 3815 1978 3861 autem

388 3907 546 3947 nunc
585 3893 952 3948 oeconomiam
1000 3893 1293 3960 dividunt,
1356 3895 1446 3950 his
1500 3895 1580 3950 illi
1629 3895 1980 3952 divinitatem

386 3979 768 4038 confundunt.
824 3982 937 4054 Age
966 3999 1121 4056 ergo,
1151 3985 1500 4054 proferamus
1527 3986 1582 4042 in
1604 3985 1848 4043 medium
1877 4005 1975 4044 eo-

2059 2871 2364 2936 ιΣαϐέλλιος
2397 2873 2536 2944 πρὸς
2558 2873 2648 2928 τὸν
2671 2875 2889 2945 Ἀρειον
2908 2891 2922 2906 ο
2959 2876 3159 2929 ἐκείνοι
3190 2893 3250 2930 τε
3281 2877 3390 2950 γάρ
3421 2881 3516 2936 διὰ
3554 2885 3670 2940 τῶν

2073 2963 2359 3030 ἐναντίων,
2388 2965 2470 3028 εἰς
2514 2965 2578 3020 τὸ
2607 2961 2726 3022 ῐσον
2771 2967 2936 3021 κακὸν
2991 2969 3514 3038 ἐμπεπτώκασινοό
3557 2978 3666 3046 μιν

2073 3055 2160 3109 διὰ
2197 3055 2296 3120 τὴν
2340 3056 2530 3111 οὐσίαν
2580 3060 2662 3123 εἰς
2719 3059 2843 3130 μίαν
2895 3059 3194 3114 ὑπόστασιν
3251 3062 3500 3134 συγχέων
3555 3065 3661 3132 τὰς

2075 3149 2425 3215 ὑποστάσεις,
2448 3152 2478 3203 6
2503 3149 2559 3204 δὲ
2583 3150 2673 3205 διὰ
2701 3150 2800 3216 τὰς
2819 3151 3140 3213 ὑποστάσεις
3168 3152 3491 3225 συνδιαιρῶν
3519 3156 3662 3210 ταύ-

2073 3257 2199 3303 ταις
2241 3239 2338 3294 καὶ
2379 3241 2478 3312 τὴν
2511 3241 2721 3298 οὐσίαν.
2764 3243 2878 3296 Καὶ
2925 3235 3070 3298 οὗτοι
3103 3241 3161 3295 δέ
3194 3242 3256 3296 τδ
3295 3244 3597 3311 ἀνάπαλιν,
3639 3244 3673 3299 6

2081 3331 2182 3404 μὲν
2209 3331 2395 3399 τέμνει
2434 3333 2534 3398 τάς
2569 3333 2764 3403 φύσεις
2805 3334 2888 3398 είς
2936 3333 3291 3399 ὑποστάσεις.
3328 3336 3359 3390 6
3396 3335 3454 3389 δέ
3506 3335 3671 3422 φύρει

2079 3423 2182 3489 τὰς
2212 3423 2404 3493 φύσεις
2433 3425 2514 3489 είς
2547 3425 2732 3495 φύσιν.
2753 3425 2906 3480 Καὶύ
2941 3425 3041 3496 μὲν
3071 3427 3338 3500 ποιεῖτὴν
3367 3425 3670 3481 ὑπόστασιν

2080 3516 2430 3584 ὑποστάσεις,
2463 3519 2491 3571 6
2519 3516 2576 3571 δὲ
2615 3517 2715 3581 τάς
2751 3516 2948 3588 φύσεις
2973 3519 3056 3582 εἰς
3083 3516 3248 3588 φύσιν
3292 3517 3539 3589 ἀναχὲει.
3575 3513 3670 3582 Οἷς

2080 3606 2190 3679 γάρ
2230 3607 2580 3680 προϐλήμασι
2625 3607 3019 3679 διαιρουμένην
3067 3607 3174 3664 ὑπὸ
3229 3607 3340 3663 τῶν
3386 3608 3670 3682 προτέρων

2081 3698 2227 3752 ἔστιν
2273 3699 2400 3754 ίδεῖν
2449 3699 2548 3773 τὴν
2598 3699 2826 3770 Τριάδα,
2865 3700 3082 3768 τούτοις
3141 3701 3518 3773 ωγχεομινην
3566 3697 3672 3756 ὑπὸ

2081 3789 2191 3845 τῶν
2243 3790 2488 3861 ὑστέρων
2546 3791 2885 3862 εὑρίσκομεν
2943 3794 3044 3864 τὴν
3092 3793 3438 3864 οἰκονομίαν·
3484 3786 3562 3856 οἷς
3611 3792 3671 3848 δέ

2081 3879 2350 3953 διαιροῦσι
2397 3879 2498 3953 τὴν
2554 3881 2876 3952 οἰκονομίαν
2915 3883 2969 3936 oi
3016 3881 3148 3948 νῦν,
3198 3883 3416 3948 τούτοις
3472 3885 3670 3938 ἐκεῖνοι

2085 3971 2375 4042 συγχέουσι
2401 3973 2502 4042 τὴν
2531 3972 2784 4046 θεότητα.
2812 3973 2950 4044 Φέρε
2991 3973 3056 4042 δὴ
3106 3969 3201 4028 οὖν
3240 3975 3342 4040 τὰς
3377 3973 3668 4046 προτάσεις

390 4088 519 4128 rum
551 4073 886 4144 sophisticas
908 4076 1360 4148 prepositiones,
1413 4088 1468 4134 et
1503 4088 1766 4149 tanquam
1802 4081 1857 4136 in
1893 4083 1975 4152 ju-

2083 4064 2263 4118 αύτῶν
2284 4067 2382 4130 τὰς
2416 4065 2738 4132 σοφιστικὰς
2777 4065 2860 4130 είς
2905 4065 3068 4137 μέσον
3100 4065 3180 4136 τῷ
3221 4066 3368 4136 λόγῳ
3414 4067 3673 4138 παραγάο

388 4163 566 4230 dicio,
607 4165 804 4224 demus
833 4167 1015 4222 locum
1051 4167 1505 4225 accusationibus
1535 4185 1766 4238 eorum;
1811 4179 1980 4241 atque

393 4258 474 4311 ita
499 4272 623 4329 quae
646 4257 852 4314 frustra
897 4269 1090 4316 contra
1131 4260 1423 4318 veritatem
1452 4275 1592 4316 vane
1633 4263 1986 4334 excogitave-

393 4359 550 4411 runt.
581 4350 795 4407 diluere
826 4353 1173 4408 conabimur.

471 4504 824 4578 Aiuntenimi
841 4523 897 4580 Si
917 4523 1056 4578 duas
1072 4532 1300 4579 naturas
1316 4523 1372 4578 in
1385 4537 1498 4578 uno
1511 4521 1734 4579 Christo
1753 4539 1875 4581 esse
1901 4523 1988 4580 di-

394 4617 549 4682 citis,
576 4625 776 4671 natura
795 4619 1111 4671 autemnon
1141 4623 1227 4670 est
1245 4615 1368 4672 sine
1387 4615 1826 4687 hypostasi,du:e
1851 4633 1985 4689 ergo

393 4718 568 4764 erunt
601 4708 946 4780 bypostases.
975 4707 1156 4765 Unum
1181 4715 1367 4763 autem
1395 4716 1480 4762 est
1507 4709 1819 4780 utriusque,
1848 4709 1984 4774 dixi,

395 4809 708 4867 certamen,
736 4800 992 4870 quamvis
1023 4799 1149 4854 finis
1181 4799 1254 4854 sit
1289 4797 1573 4854 diﬂ'erens.
1605 4799 1691 4853 llli
1721 4800 1894 4864 enim,
1927 4799 1985 4855 id

410 4897 516 4955 est,
539 4889 880 4956 Nestor-iani,
904 4898 963 4946 ut
983 4905 1109 4944 cum
1127 4888 1340 4944 naturis
1361 4888 1686 4959 bypostases
1711 4888 1986 4956 inferant;

409 4979 504 5036 alii
537 4981 760 5045 vero,id
785 4992 891 5043 cst.
927 4983 1280 5054 Eutychiani,
1313 4990 1374 5035 ut
1405 4995 1507 5052 per
1536 4980 1860 5051 bypostases
1890 4997 1990 5038 na-

410 5084 565 5128 turas
587 5071 750 5127 etiam
788 5075 1070 5134 tollerent.
1107 5075 1302 5129 eodem
1337 5083 1663 5144 argumento
1709 5063 1796 5129 usi
1837 5084 1984 5130 sunt.

403 5160 514 5218 Sed
545 5160 792 5225 audiant,
825 5163 919 5232 qui
949 5164 1218 5234 Eutychis
1240 5171 1426 5234 partes
1451 5173 1784 5231 sequuntur.
1816 5164 1989 5220 Nobis

404 5253 556 5308 enim
595 5267 766 5306 unum
805 5268 1098 5308 commune
1154 5262 1430 5308 certamen
1480 5261 1672 5308 contra
1720 5263 1987 5324 utrosque

2087 4173 2311 4226 γωμεν,
2365 4158 2461 4212 καὶ
2507 4156 2698 4229 ὥσπερ
2731 4159 2791 4212 ἐν
2821 4157 3200 4230 δικαστηρίῳ,
3253 4157 3442 4232 χώραν
3489 4158 3674 4222 αὐτοῖς

2086 4246 2196 4302 τῶν
2220 4247 2342 4302 καθ’
2375 4249 2533 4320 ἡμῶν
2562 4249 2931 4320 ἐγκλημάτων
2953 4249 3220 4315 ἐνδόντες,
3247 4250 3394 4306 οὕτω
3418 4248 3670 4304 διαλῦσαι

2088 4343 2189 4404 τὰς
2240 4343 2476 4414 ματαίας
2529 4343 2713 4398 αὐτῶν
2765 4343 2908 4398 κατά
2963 4344 3064 4416 τῆς
3119 4344 3377 4415 ἀληθείας
3429 4344 3673 4408 ἐπινοίας

2089 4435 2489 4505 πειρασόμεθα.

2155 4527 2296 4580 Φασὶ
2328 4527 2466 4600 γάρ·
2491 4527 2554 4580 El
2606 4525 2700 4580 δύο
2735 4526 2926 4596 φύσεις
2980 4527 3076 4582 ἐπὶ
3119 4526 3220 4582 τοῦ
3263 4528 3387 4592 ἐνὸς
3434 4528 3674 4604 Χριστοῦ

2087 4636 2245 4688 φατε,
2289 4619 2392 4672 ούκ
2423 4618 2536 4672 ἔστι
2579 4618 2638 4672 δέ
2675 4618 2838 4687 φύσις
2874 4619 3250 4683 ἀνυπόστατος
3272 4661 3288 4686 ,
3335 4620 3432 4674 δύο
3469 4621 3582 4691 ἀρα
3609 4620 3676 4675 ἀν

2087 4706 2196 4764 εἶεν
2224 4710 2319 4763 καὶ
2353 4712 2410 4763 αί
2441 4709 2772 4772 ὑποστάσεις
2797 4723 2812 4736 ·
2847 4704 2928 4772 είς
2949 4708 3009 4762 δέ
3037 4709 3183 4763 ἐστιν
3208 4709 3564 4780 ἀμφοτέροις.
3597 4709 3677 4774 ὡς

2093 4797 2252 4870 ἔφην,
2304 4798 2475 4866 ἁγὼν,
2521 4797 2624 4851 κᾶν
2654 4797 2683 4849 6
2727 4795 2926 4859 σκοπὸς
3021 4797 3299 4870 διάφορος.
3332 4799 3395 4853 Οί
3438 4801 3538 4869 μὶν
3566 4803 3680 4870 γὰρ

2093 4887 2182 4942 ἵνα
2209 4891 2326 4952 ταῖς
2357 4886 2556 4955 φύσεσι
2581 4888 3027 4956 συνεισαγάγωσι
3067 4887 3168 4952 τάς
3207 4888 3538 4952 ὑποστάσεις
3564 4929 3579 4948 ,
3628 4890 3678 4942 al

2093 4983 2149 5036 δὲ
2189 4983 2275 5036 ἵνα
2304 4983 2392 5036 διὰ
2420 4983 2526 5037 τῶν
2558 4983 2915 5038 ύποστάσεων
2943 4984 3036 5038 καὶ
3064 4983 3164 5047 τὰς
3199 4983 3393 5052 φύσεις
3421 4983 3676 5048 ἀνέλωσι,

2093 5073 2173 5144 τῷ
2211 5074 2358 5144 αύτῷ
2410 5073 2716 5145 κέχρηνται
2739 5073 3114 5148 προϐλήματι.
3156 5072 3298 5126 Ἀλλ’
3335 5073 3684 5126 ἀκουέτωσαν

2096 5167 2191 5220 καὶ
2220 5165 2356 5236 πρὸς
2401 5166 2560 5236 ἡμῶν
2599 5167 2649 5219 ol
2678 5167 2777 5238 τῆς
2803 5165 3079 5236 Εύτυχοῦς
3115 5164 3308 5236 μοίρας
3344 5181 3357 5195 ·
3379 5165 3409 5218 6
3445 5163 3542 5235 μὲν
3577 5164 3686 5233 γάρ

2095 5272 2178 5311 τις
2212 5256 2387 5320 κοινὸς
2425 5257 2557 5327 ἡμῖν
2585 5257 2720 5327 πρὸς
2755 5255 3078 5327 ἑκατέρους,
3109 5257 3137 5308 6
3157 5256 3216 5310 δὲ
3248 5255 3379 5318 ἴδιός
3403 5257 3519 5308 ἐστι
3550 5253 3686 5326 πρὲς

496 5433 574 5504 (6)
608 5431 795 5490 Schol.
859 5432 913 5487 in
944 5448 1116 5506 marg.
1184 5435 1313 5506 περὶ
1369 5435 1465 5488 τοῦ
1502 5435 1646 5490 ἀϐϐᾶ
1679 5436 1884 5490 Νόννου
1913 5434 2068 5504 φησί.

487 5591 564 5662 (3)
608 5589 791 5663 Alitct:
834 5589 1152 5660 depingitur
1193 5587 1594 5663 _l'i_onuusgiste
1631 5606 1660 5644 a
1708 5590 1908 5663 Cyrillo
1951 5591 2003 5645 in

416 5659 537 5718 \‘tt'a
563 5661 740 5718 sancti
761 5659 918 5718 Saba:
941 5669 996 5715 et
1014 5659 1205 5716 sancti
1230 5659 1492 5728 Quiriaci.
1523 5659 1848 5717 Tt'nmn'rs.

2121 5591 2500 5717 méltnEadvm
2550 5591 2714 5646 habet
2773 5591 2824 5644 in
2859 5590 3003 5646 libro
3033 5589 3108 5644 De
3147 5588 3318 5653 sertis,
3342 5593 3448 5642 act.
3485 5585 3536 5654 ί,
3567 5599 3694 5656 pag.

2222 5702 2232 5713 .
2307 5678 2422 5715 ass.

2110 5678 2232 5715 JUD.
2265 5678 2422 5715 BASS.
