3954 6148
219 320 354 391 1277

1277 305 1576 368 CONTRA
1616 299 1938 375 NESTQB.
1975 298 2070 358 ET
2107 291 2437 357 Hormi.

3353 267 3490 337 1278

115 477 124 488 .
215 413 438 492 τούτους
465 423 635 492 ἁγών.
678 421 746 477 Τί
767 421 824 475 δὲ
851 420 1008 490 ὑμεῖς
1039 435 1206 486 (pars;
1236 413 1383 468 Μίαν
1406 412 1592 474 ἁπλῶς
1617 405 1801 479 λέγετέ

1909 411 2028 468 est;
2058 399 2343 472 proprium
2378 409 2512 452 vero
2538 399 2732 450 contra
2765 391 2888 446 hos.
2918 387 3063 456 Quid
3086 399 3186 440 vos
3201 397 3336 440 vero
3350 382 3489 440 dici-

217 521 417 592 φύσιν;
451 517 551 583 Οὒ,
597 513 787 584 φασὶν,
816 510 953 565 ἀλλὰ
995 511 1123 580 μίαν
1153 504 1602 577 σεσαρκωμένην.
1631 503 1799 555 Οὐδὲν

215 613 271 666 δὲ
314 608 512 663 κωλύει
549 605 643 659 καὶ
697 601 1051 674 χαριέστερον
1091 599 1221 668 ὑμῖν
1261 593 1668 666 συμπλακῆναι,
1701 591 1799 662 τὴν

221 700 411 772 μὲνδὴ
468 698 597 770 μίαν
641 696 710 766 ἢν
765 708 905 762 φατε
958 689 1056 744 τοῦ
1110 689 1282 756 Λόγου
1339 686 1504 756 φύσιν
1543 684 1799 746 λαϐόντες

217 793 414 864 ἔχομεν
453 789 587 861 παρ’
611 786 784 858 ὑμῶν.
813 784 950 855 Περὶ
977 783 1036 837 δὲ
1069 781 1169 851 τῆς
1207 780 1404 851 ἑτέρας
1433 777 1574 830 ἔστω
1611 777 1644 846 ἡ
1685 775 1801 828 δια-

220 885 402 954 μάχη’
445 882 513 952 ἠν
551 878 716 948 φύσιν
753 876 853 946 μὲν
905 875 1104 944 ἑτέραν
1144 871 1296 941 παρὰ
1349 869 1448 940 τὴν
1490 867 1586 922 τοῦ
1619 865 1798 933 Λόγου

216 975 395 1046 φαμὲν
424 974 623 1044 ἡμεῖς,
658 965 798 1038 σὰρξ
835 967 892 1021 δὲ
939 965 1076 1036 πρὸς
1120 963 1274 1034 ὑμῶν
1302 959 1585 1016 καλεῖσθαι
1632 958 1796 1028 φιλεῖ.

215 1067 281 1122 Τί
315 1081 451 1134 φατε
478 1063 606 1135 περὶ
631 1061 730 1132 τῆς
755 1059 964 1130 σαρκὸς
1003 1057 1245 1128 ταύτηςς
1277 1055 1390 1125 ἔχει
1421 1053 1605 1122 φύσιν,
1636 1051 1670 1122 ἦ
1705 1052 1800 1104 οὑ-

219 1157 422 1228 σῖαν,ἢ
459 1156 630 1228 μέρος
659 1170 724 1223 γε
767 1151 1027 1220 φύσεωςς
1069 1147 1165 1202 τοῦ
1210 1149 1267 1202 δὲ
1305 1147 1496 1212 πόσου,
1537 1145 1695 1214 ὑμεῖς
1733 1143 1800 1197 ἂν

213 1254 360 1322 είητε
399 1249 601 1320 κύριοι,
654 1245 769 1299 sive
814 1245 1012 1316 ἥμισυ,
1035 1241 1150 1295 εἴτε
1189 1239 1395 1310 τρίτον,
1431 1237 1544 1291 εἴτε
1587 1254 1640 1291 τι
1672 1235 1801 1290 ἄλλο

215 1341 590 1414 ποστημόριον
619 1338 808 1392 καλεῖν
835 1335 1038 1390 θέλετε.
1081 1332 1196 1387 Καὶ
1223 1331 1313 1386 ἵνα
1345 1329 1428 1400 ,τῷ
1469 1327 1621 1399 αὑτῷ
1669 1328 1800 1395 ὑμῖν

212 1435 508 1505 χρήσωμαι
542 1431 806 1500 σχήματι,
853 1426 968 1480 ἔστι
1007 1423 1146 1496 σάρξ
1195 1419 1464 1484 ἀνούσιοςς
1504 1419 1538 1490 ἢ
1584 1417 1802 1487 φύσεως

212 1525 482 1594 ἄμοιροςς
531 1523 643 1576 Καὶ
688 1519 806 1584 πῶς
851 1520 918 1573 ἂν
968 1515 1351 1586 ὰποφεύξεσθε
1395 1511 1494 1585 τὴν
1527 1513 1800 1582 ὑμετέραν

210 1616 480 1688 ἁπορίανξ
507 1615 572 1670 Εί
603 1613 706 1682 μὲν
734 1613 846 1683 γάρ
876 1613 997 1664 ἐστι
1023 1607 1164 1679 σὰρξ
1205 1607 1479 1672 ἁνούσιος,
1511 1605 1544 1674 ἢ
1583 1603 1801 1674 φὺσεως

211 1707 401 1772 ἐκτὸς,
454 1703 667 1770 δείξατε
712 1703 798 1768 τίς
827 1702 984 1766 οὖσα,
1017 1702 1112 1756 καὶ
1149 1700 1268 1764 πῶς
1297 1699 1497 1770 ἔχουσα
1539 1695 1798 1767 τυγχάνει

1903 499 1974 552 tis
2001 511 2167 550 uitam
2203 501 2457 548 natur-im
2505 502 2629 544 esse
2651 485 2675 538 ?
2699 485 2845 548 Non,
2878 481 3160 552 inquiunt,
3195 477 3290 533 sed
3319 489 3486 530 unam

1903 584 2432 646 incarnatamﬂihil
2465 591 2650 637 autem
2701 575 2962 649 probibet
3015 572 3150 643 quin
3200 569 3488 626 vobiscum

1901 684 2324 754 coniungantur.
2357 677 2532 734 Unam
2564 675 2753 743 itaque
2784 677 3036 726 naturam
3065 663 3268 729 Verbi,
3321 677 3488 734 quam

1901 753 2108 838 dicitis,
2142 789 2172 828 a
2203 771 2364 826 vobis
2417 768 2600 824 datam
2634 775 2692 820 et
2739 773 3058 820 concessam
3102 766 3376 812 tenemus.
3408 753 3488 808 De

1902 871 2076 926 altera
2108 875 2292 924 autem
2329 873 2526 920 natura
2554 859 2974 918 contendamus.
3011 869 3176 926 quam
3230 861 3484 907 naturam

1901 963 2065 1017 aliam
2096 975 2218 1016 esse
2251 957 2491 1013 dicimus
2535 960 2736 1025 praeter
2765 960 3020 1004 naturam
3055 945 3256 1012 Verbi,
3307 959 3430 1014 qua:
3455 957 3486 997 θ

1901 1054 2060 1109 vobis
2092 1052 2202 1108 dici
2233 1051 2394 1106 solet.
2418 1045 2560 1115 Quid
2597 1045 2664 1100 de
2701 1044 2806 1097 hac
2833 1056 2999 1096 carne
3031 1035 3264 1093 dicitis?
3293 1033 3489 1089 habet-

1903 1162 1972 1202 ne
1995 1155 2276 1208 naturam,
2305 1141 2392 1197 vel
2427 1137 2814 1198 substantiam,
2874 1139 2971 1187 aut
3018 1140 3227 1200 partem
3261 1125 3488 1198 quidem

1901 1237 2154 1293 natura?
2173 1242 2442 1305 quantum
2467 1239 2650 1286 autem
2676 1227 2900 1289 habeat,
2926 1223 2984 1282 in
3007 1229 3190 1276 vestra
3213 1227 3487 1289 potestate

1901 1336 2004 1390 est,
2037 1327 2155 1382 sive
2184 1323 2492 1385 dimidiam,
2515 1323 2630 1376 sive
2659 1317 2878 1373 tertiam
2917 1323 3152 1386 partem,
3171 1310 3288 1364 sive
3318 1310 3484 1362 aliam

1900 1419 2188 1474 minimam
2219 1423 2430 1487 partem
2460 1427 2658 1468 vocare
2695 1409 2852 1464 libet.
2888 1407 2956 1460 Et
2991 1414 3051 1458 ut
3082 1401 3276 1458 eadem
3312 1399 3486 1453 forma
3545 1469 3549 1472 ἑ

1902 1508 2323 1581 argumentandi
2356 1507 2642 1562 vobiscum
2673 1512 2820 1567 utar,
2850 1509 3010 1554 estne
3054 1511 3183 1551 caro
3212 1491 3484 1552 ἀνούσιος,

1904 1603 1960 1657 id
1983 1613 2091 1668 est,
2129 1616 2327 1672 expers
2355 1597 2700 1661 substantiae,
2726 1595 2810 1647 vel
2837 1605 3036 1661 expers
3069 1585 3317 1642 natum?
3340 1583 3488 1650 Quo-

1903 1695 2068 1750 modo
2091 1705 2335 1750 nostram
2364 1691 2726 1764 quaestionem
2757 1682 3069 1754 eﬂ‘ugictis?
3089 1679 3307 1736 Etenim
3331 1676 3377 1730 si
3401 1681 3488 1730 est

208 1769 501 1870 abripuit
528 1798 690 1868 ἡμεῖς
721 1792 1037 1866 στέρξομεν.
1072 1793 1135 1845 Ei
1161 1791 1219 1844 δὲ
1249 1769 1355 1862 τῆς
1381 1790 1616 1860 ἐσχάτης
1640 1787 1789 1840 ἐστὶν

1905 1803 2022 1844 :aro
2070 1802 2268 1858 expers
2317 1783 2660 1846 substantiae,
2713 1780 2798 1834 vel
2847 1785 3004 1832 extra
3037 1784 3328 1834 naturam,
3390 1769 3487 1823 de-

209 1888 472 1961 drpaOiuc,
515 1888 698 1958 σάρκα
727 1883 1103 1947 ὑποτίθεσθαι,
1132 1882 1234 1936 οὐκ
1262 1878 1429 1935 οὖσαν
1471 1877 1618 1932 τοῦθ’
1659 1879 1800 1947 ὅπερ

209 1982 307 2034 καὶ
352 1979 595 2048 λέγεται,
637 1976 671 2047 ἦ
703 1976 765 2030 οὐ
794 1974 1097 2045 λεγομένην
1128 1974 1267 2044 ὅπερ
1299 1973 1468 2038 ἐστὶν,
1516 1971 1635 2034 πῶς
1665 1971 1798 2024 dmo-

210 2069 475 2140 φεύξεσθε
505 2071 572 2140 ἢν
620 2071 753 2140 ἡμῖν
783 2067 941 2120 αὑτοὶ
989 2064 1357 2138 προεϐάλεσθε
1393 2061 1698 2135 «potam-1;
1733 2060 1798 2114 Εἰ

211 2165 322 2234 γὰρ
377 2163 482 2217 οὑκ
528 2161 646 2215 ἔστι
678 2158 816 2232 σὰρξ
870 2157 1153 2223 ἀνούσιος,
1209 2156 1456 2210 τουτέστι
1491 2155 1655 2224 φύσιν
1699 2153 1800 2206 οὐκ

208 2259 412 2328 ἔχουσα
437 2295 452 2319 ,
486 2253 588 2307 οὐκ
639 2252 758 2305 ἔστι
801 2249 861 2304 δὲ
900 2249 1064 2320 φύσις
1100 2249 1474 2310 ἀνυπόστατος
1497 2286 1512 2310 ,
1555 2248 1654 2300 οὑκ
1692 2245 1800 2315 ἄρα

205 2349 366 2403 ἔσται
401 2343 538 2416 σὰρξ
565 2341 936 2405 ἀνυπόστατος
955 2356 970 2372 ο
1004 2339 1124 2412 ὥρα
1155 2339 1218 2411 5η
1246 2337 1340 2393 οὑν
1373 2339 1518 2410 ὑμᾶς
1548 2338 1581 2410 ἢ
1617 2338 1801 2391 τέλεον

208 2433 698 2492 ἀποσκευάσασθαι
722 2432 926 2504 σαρκὸς
953 2433 1054 2504 τὴν
1079 2431 1264 2502 φύσιν,
1291 2431 1326 2503 ἢ
1355 2431 1450 2483 δύο
1473 2431 1799 2494 ὑποστάσεις

207 2526 412 2584 διδόναι
437 2527 520 2600 τῷ
567 2527 792 2600 Κυρίῳ,
842 2527 984 2582 κατὰ
1019 2525 1116 2598 τὴν
1165 2525 1440 2596 ὑμετέραν
1477 2523 1799 2593 νομοθεσίαν

205 2623 308 2693 τὴν
332 2621 668 2690 φάσκουσαν,
693 2617 810 2675 Οὐκ
838 2619 954 2672 ἔστι
991 2619 1152 2688 φύσις
1174 2618 1562 2680 ἀνυπόστατος.
1597 2617 1662 2669 Εἰ
1691 2615 1800 2687 γὰρ

207 2717 310 2769 οὑκ
351 2715 468 2768 ἐστι
520 2713 682 2785 φύσις
727 2712 1100 2776 ἀνυπόστατος
1125 2751 1140 2777 ,
1188 2709 1353 2780 φύσιν
1389 2709 1446 2763 δὲ
1495 2709 1591 2762 τοῦ
1624 2709 1799 2777 Λόγου

205 2806 413 2876 λέγετε,
461 2807 559 2862 καὶ
610 2805 910 2861 ὑπόστασιν
956 2804 1065 2875 ἄρα
1119 2802 1197 2874 τῷ
1243 2801 1400 2872 Λόγῳ
1437 2800 1658 2854 δώσετε.
1692 2800 1802 2853 Καὶ

208 2900 328 2954 ἐστι
377 2899 567 2954 λοιπὸν
600 2899 729 2970 περὶ
767 2898 867 2968 τῆς
901 2895 1106 2968 σαρκὸς
1139 2893 1202 2948 τὸ
1235 2893 1590 2966 ζητούμενον,
1638 2893 1688 2944 εί
1723 2891 1798 2960 μὴ

209 2993 304 3046 καὶ
336 2991 476 3063 αὕτη
505 2991 605 3062 τὴν
637 2989 800 3058 φύσιν
823 2988 1027 3060 ἔχουσα
1055 2986 1154 3056 τὴν
1187 2985 1346 3050 ἰδίαν,
1403 2982 1651 3048 ἀξιοῦται
1701 2979 1800 3034 καὶ

145 3139 149 3142 ,
207 3085 313 3156 τῆς
347 3085 602 3156 κλήσεως
627 3099 644 3114 ο
667 3081 764 3136 καὶ
787 3079 995 3150 ταύτης
1033 3096 1100 3148 γε
1121 3075 1386 3148 τυχοῦσα,
1411 3074 1524 3146 ἔχοι
1559 3073 1652 3128 καὶ
1699 3073 1799 3143 τὴν

210 3179 508 3233 ὑπόστασιν
531 3194 544 3208 ο
594 3177 630 3248 ἦ
681 3176 756 3248 μὴ
815 3175 1034 3244 ἔχουσα,
1061 3175 1163 3241 τὴν
1205 3169 1503 3224 ὑπόστασιν
1559 3167 1655 3220 καὶ
1697 3164 1797 3236 τὴν

207 3270 374 3342 φύσιν
441 3267 866 3339 προσαπολέσει.
930 3264 1088 3318 Οὕτω
1149 3261 1248 3332 μὲν
1309 3255 1403 3314 οὖν
1459 3259 1618 3328 ὑμεῖς
1677 3258 1800 3318 ταῖς

208 3362 442 3424 οἰκείαις
473 3359 732 3430 ἀπορίαις
759 3355 1032 3428 ἐνέχεσθε,
1059 3354 1154 3410 καὶ
1178 3353 1332 3407 οὐδὲν
1363 3349 1519 3421 παρὰ
1548 3348 1708 3404 τοῦτο
1739 3348 1800 3403 τὸ

209 3452 522 3521 πανοῦργον
568 3451 716 3520 ὑμᾶς
766 3449 872 3516 ἔξω
921 3447 1030 3502 τῶν
1075 3443 1318 3500 εὐθυνῶν
1369 3443 1690 3512 πεποίηκεν,
1724 3431 1800 3494 ὧν

211 3546 358 3617 ἡμᾶς
382 3541 720 3615 ἐγράψασθε.
748 3543 844 3597 Ἕν
881 3541 961 3595 ἔτι
1001 3540 1112 3594 τῶν
1145 3538 1371 3608 ἀπόρων
1417 3533 1798 3601 ὲπιλύσαντες,

211 3633 410 3691 πολλοῦ
435 3651 578 3698 τινος
605 3633 746 3699 ἄξιοι
803 3633 1060 3703 φανεῖσθε
1080 3647 1094 3662 ⁸
1127 3631 1178 3684 εἰ
1207 3629 1308 3683 οὐκ
1344 3625 1460 3682 ἔστι
1496 3625 1662 3697 φύσις
1703 3625 1800 3679 ἀν·-

210 3727 534 3792 υπόστατος,
565 3727 634 3780 ἔκ
663 3725 756 3780 δύο
783 3725 844 3780 δὲ
877 3723 1092 3794 φύσεων
1119 3720 1435 3792 ὁμολογεῖτε
1457 3717 1549 3772 τὸν
1572 3715 1800 3787 Κύριον,

211 3822 278 3876 ὲκ
307 3821 402 3875 δύο
423 3821 534 3892 ἄρα
562 3819 717 3874 ἔσται
738 3819 833 3872 καὶ
861 3815 1216 3872 ὑποστάσεων
1237 3829 1254 3846 ⁸
1283 3813 1378 3868 καὶ
1408 3811 1495 3876 τίς
1527 3809 1800 3880 λοιπὸν-τῇ

213 3913 510 3986 Νεστορίου
537 3913 802 3986 διαιρέσει
835 3910 1136 3974 ὑπεύθυνος
1177 3905 1494 3978 γεγένηται,
1533 3905 1666 3976 ὑμῖν
1693 3917 1802 3956 πα-

217 4005 576 4078 ραχωροῦμεν
627 4007 874 4060 σκοπεῖν.
917 4003 1075 4059 οὕτω
1121 4005 1222 4074 μὲν
1253 3997 1350 4056 οὖν
1389 4001 1558 4071 ὑμᾶς,
1585 3997 1684 4052 καὶ
1713 3995 1804 4050 διὰ

215 4099 418 4154 τούτων
453 4097 906 4168 ἀπεπεμψάμεθα
927 4113 942 4130 ο
991 4099 1102 4162 τοῖς
1141 4096 1200 4150 δὲ
1246 4097 1312 4150 ἐκ
1346 4092 1640 4164 διαμέτρου
1671 4091 1804 4163 ὑμῖν

215 4191 580 4262 amoenis!“
611 4193 714 4262 τῆς
737 4189 1020 4261 ἀληθείας,
1057 4189 1200 4245 οὕτω
1226 4187 1587 4259 διαλεξόμεθα
1608 4203 1623 4218 ·

289 4373 364 4427 οι
399 4373 619 4439 ταύτὸν,
646 4365 692 4426 ὦ
734 4366 902 4437 οὗτοι,
941 4372 1242 4436 ὑπόστασις
1281 4372 1376 4426 καὶ
1418 4371 1800 4436 ἐνυπόστατον,

217 4464 411 4536 ὥσπερ
428 4464 614 4536 ἕτερον
639 4467 800 4520 οὐσία
820 4465 917 4520 καὶ
944 4465 1188 4520 ἐνούσιον
1207 4481 1221 4495 ·
1317 4463 1414 4534 μὲν
1434 4463 1544 4535 γὰρ
1571 4462 1806 4516 ὑπόστα-
1834 4455 1879 4511 Ι)

218 4571 304 4619 σις
332 4555 427 4610 τὸν
451 4557 576 4610 τινὰ
621 4556 794 4629 δηλοῖ,
829 4557 891 4610 τὸ
916 4555 976 4610 δὲ
1003 4554 1374 4608 ἐνυπόστατον
1427 4551 1525 4623 τὴν
1575 4551 1764 4605 οὐσίαν
1783 4566 1798 4582 ο

217 4649 315 4702 καὶ
341 4649 376 4720 ἡ
429 4649 529 4719 μὲν
567 4647 889 4714 ὑπόστασις,
931 4647 1228 4718 πρόσωπον
1255 4642 1508 4714 ἀφορίζει
1559 4643 1673 4706 τοῖς
1703 4657 1806 4712 χα-

221 4743 670 4812 ρακτηριπικοίς
701 4739 984 4810 ιδιὼμασι·
1019 4739 1082 4792 τὸ
1111 4737 1171 4792 δι
1205 4736 1590 4801 ὲνυπόστατον,
1637 4733 1700 4788 τὸ
1731 4733 1805 4805 μὴ

217 4827 357 4886 εἶναι
393 4833 527 4887 αὑτὸ
559 4831 907 4903 συμϐεϐηκὸς
961 4829 1136 4900 δηλοῖ,
1178 4828 1208 4882 ὃ
1251 4830 1310 4882 ὲν
1362 4827 1537 4900 ἑτέρῳ
1581 4825 1698 4898 ἔχει
1745 4826 1808 4880 τὸ

217 4921 360 4980 εἶναι
387 4966 402 4993 ,
458 4927 554 4979 καὶ
599 4925 700 4979 οὐκ
727 4925 790 4978 ὲν
841 4921 1026 4993 ἑαυτῷ
1076 4921 1384 4994 θεωρεῖται.
1442 4919 1704 4974 Τοιαῦται
1749 4918 1808 4972 δὲ

219 5018 393 5075 πᾶσιν.
414 5018 472 5070 αἱ
508 5017 818 5084 ποιότητες,
840 5011 902 5067 αἱ
931 5029 992 5065 τε
1020 5009 1304 5074 οὑσιώδεις
1332 5010 1426 5064 καὶ
1455 5007 1808 5070 ὲπουσιώδεις

219 5108 598 5179 καλούμεναι,
655 5100 730 5160 ὧν
781 5103 1044 5175 οὐδετέρα
1113 5103 1264 5156 ἐστὶν
1321 5102 1506 5166 οὐσία,
1560 5103 1807 5154 τουτέστι

221 5202 458 5271 πρᾶγμα
499 5196 769 5269 ὑφεστὼς,
817 5195 937 5250 ἀλλ’
963 5195 992 5248 ὃ
1029 5195 1118 5248 ἀεὶ
1147 5193 1269 5264 περὶ
1313 5193 1413 5264 τὴν
1457 5191 1645 5247 οὐσίαν
1673 5191 1808 5246 θεων

223 5294 426 5365 ρεῖται,
463 5289 540 5352 ὡς
569 5287 768 5360 χρῶμα
805 5287 865 5340 ὲν
895 5282 1131 5358 σώματι,
1183 5285 1278 5338 καὶ
1309 5283 1384 5346 ὡς
1431 5283 1712 5355 ἐπιστήμη
1751 5283 1808 5334 ἐν

219 5384 392 5453 ψυχῇ.
418 5381 478 5436 '0
501 5380 681 5434 τοίνυν
699 5379 896 5448 λέγων,
923 5377 1039 5432 Οὐκ
1059 5377 1208 5432 ἔστιν
1230 5377 1390 5448 φύσις
1406 5375 1806 5444 ἀνυπόστατος,

225 5474 420 5546 ἀληθὲς
449 5478 548 5546 μὲν
568 5474 720 5542 λέγει
744 5489 759 5504 ο
787 5473 850 5527 οὐ
887 5472 993 5544 μὴν
1017 5469 1193 5542 ὀρθῶς
1224 5469 1610 5540 συμπεραίνει,
1645 5467 1706 5520 τὸ
1733 5467 1808 5538 μὴ

224 5566 600 5624 ἀνυπόστατον
622 5568 870 5637 συνάγων
903 5569 983 5631 είς
1006 5567 1068 5620 τὸ
1093 5567 1390 5620 ὑπόστασιν
1419 5559 1558 5618 εἶναι
1583 5581 1594 5592 ·
1621 5563 1810 5634 ὥσπερ

228 5663 296 5714 ἂν
322 5663 474 5726 εἴτις
507 5661 586 5734 μὴ
624 5657 764 5715 εἶναι
786 5660 948 5728 λέγοι.
970 5659 1128 5731 σῶμα
1153 5659 1584 5729 ἀσχημάτιστον,
1612 5655 1810 5726 ἀληθὲς

228 5750 436 5823 λέγων·
473 5755 660 5808 ἔπειτα
714 5755 939 5822 συνάγοι
973 5753 1072 5808 οὐκ
1111 5751 1286 5824 ὀρθῶς
1324 5751 1384 5804 τὺ
1439 5751 1622 5820 σχῆμα
1659 5750 1811 5818 σῶμα

1902 1887 2230 1941 monstrate,
2257 1892 2378 1948 quae
2412 1884 2516 1938 est,
2549 1881 2606 1927 et
2635 1869 2912 1942 quomodo
2948 1867 3066 1921 hth
3089 1863 3274 1922 habet,
3306 1870 3363 1916 ct
3384 1873 3492 1914 nos

1901 1971 2340 2040 acquiescemus.
2362 1967 2459 2023 Sin
2490 1975 2674 2020 autem
2699 1957 3208 2018 extremaeinscitire
3235 1964 3338 2015 est,
3375 1969 3487 2022 quo

1901 2063 2066 2118 modo
2117 2061 2398 2130 eli'ugietis
2424 2099 2438 2126 ,
2498 2073 2663 2130 quam
2704 2055 2806 2126 ipsi
2841 2053 3004 2108 nobis
3048 2047 3484 2120 propositionem

1900 2155 2182 2226 objicilis?
2225 2153 2282 2210 Si
2307 2153 2455 2208 enim
2491 2167 2602 2207 non
2641 2159 2726 2205 est
2754 2163 2886 2203 caro
2915 2157 3113 2214 expers
3133 2139 3482 2204 substantiae,

1903 2248 1956 2302 id
1993 2257 2098 2310 est,
2141 2263 2252 2302 non
2298 2246 2512 2300 habens
2543 2252 2798 2298 naturam
2825 2281 2841 2306 ,
2896 2255 3007 2294 non
3039 2245 3124 2292 est
3155 2245 3350 2291 autem
3387 2248 3485 2288 na-

1901 2350 2024 2395 tura
2059 2338 2179 2394 sine
2221 2337 2498 2410 bypostasi
2525 2377 2541 2402 ,
2595 2349 2708 2390 non
2739 2341 2826 2389 est
2863 2331 3032 2403 igitur
3069 2342 3200 2384 caro
3230 2326 3350 2381 sine
3380 2325 3484 2394 by-

1901 2431 2127 2502 postasi.
2155 2430 2386 2500 Oportet
2417 2443 2547 2498 ergo
2593 2442 2730 2490 vos,
2785 2432 2880 2478 aut
2930 2433 3185 2476 naturam
3232 2435 3264 2474 a
3315 2431 3484 2472 carne

1901 2523 2122 2592 penitus
2151 2535 2458 2582 removere,
2487 2527 2584 2574 aut
2609 2517 2747 2572 duas
2773 2515 3097 2586 hypostases
3117 2507 3354 2564 Domino
3387 2505 3486 2560 tri-

1899 2613 2072 2670 buere
2102 2612 2404 2669 secundum
2435 2611 2612 2681 legem
2640 2613 2900 2666 vestram.
2928 2617 3052 2672 quae
3071 2599 3206 2655 dicit
3223 2613 3332 2652 non
3363 2609 3485 2650 esse

1903 2717 2158 2762 naturam
2205 2705 2324 2760 sine
2353 2699 2656 2775 hypostasi.
2686 2695 2904 2754 Etenim
2940 2695 2984 2749 si
3025 2708 3134 2747 non
3165 2697 3252 2746 est
3284 2697 3486 2744 natura

1901 2803 2018 2857 sine
2051 2799 2353 2872 bypostasi,
2385 2803 2642 2852 naturam
2672 2801 2860 2848 autem
2885 2788 3053 2845 Verbi
3083 2785 3290 2849 dicitis,
3313 2783 3486 2853 hypo-

1902 2894 2092 2949 stasim
2142 2907 2275 2962 ergo
2303 2889 2484 2946 Verbo
2527 2885 2756 2942 dabitis.
2799 2883 2871 2940 Et
2897 2878 3232 2950 relinquitur
3253 2873 3486 2946 quaestio

1902 2987 1970 3043 de
1997 3001 2186 3042 carne.
2221 2983 2420 3040 Utrum
2467 2983 2514 3037 si
2545 2996 2658 3036 non
2687 2977 2858 3034 habet
2889 2974 3173 3047 propriam
3201 2977 3483 3030 naturam,

1903 3088 2134 3135 vocetur
2163 3091 2312 3141 caro,
2336 3083 2394 3130 et
2414 3084 2630 3136 vocata,
2661 3071 2864 3126 habeat
2891 3067 3058 3124 etiam
3105 3061 3483 3136 bypostasim;

1902 3179 1997 3226 aut
2017 3185 2128 3225 non
2148 3169 2359 3224 habens
2385 3163 2932 3238 hypostasim,etiam
2964 3165 3215 3214 naturam
3245 3153 3482 3208 amittat.

1903 3261 1995 3316 Sic
2022 3261 2193 3331 igitur
2227 3273 2328 3312 vos
2349 3257 2552 3312 vestris
2587 3250 3030 3310 dubitatibnibus
3055 3246 3294 3304 convicti
3324 3243 3480 3299 estis.

1901 3358 1972 3414 Et
2000 3355 2151 3411 nulla
2175 3352 2418 3408 versutia
2446 3365 2546 3406 vos
2565 3357 2723 3406 extra
2751 3360 2946 3418 poenas
2965 3357 3160 3400 eorum
3186 3339 3482 3397 criminum

1901 3447 1970 3503 de
1995 3445 2199 3517 quibus
2231 3459 2332 3498 nos
2381 3439 2716 3504 accusastis,
2759 3452 2882 3493 esse
2923 3435 3108 3492 faciet.
3142 3433 3210 3488 Et
3243 3431 3288 3487 si
3320 3443 3484 3486 unam

1902 3539 2266 3612 quaestionem
2295 3535 2591 3601 solveritis,
2617 3546 2818 3602 magno
2847 3529 3059 3584 honore
3081 3525 3232 3598 digni
3257 3535 3486 3594 appare-

1903 3631 2056 3688 bitis.
2089 3629 2146 3686 Si
2185 3645 2294 3684 non
2325 3635 2411 3683 est
2439 3633 2636 3680 natura
2672 3623 2792 3678 sine
2816 3618 3098 3692 hypostasi
3123 3660 3140 3683 ,
3171 3633 3241 3673 ex
3269 3614 3487 3671 duabus

1903 3733 2086 3781 autem
2120 3721 2336 3778 naturis
2355 3734 2478 3774 esse
2508 3715 2806 3772 Dominum
2839 3709 3179 3774 conceditis,
3206 3717 3290 3763 est
3317 3703 3489 3776 igitur

1901 3835 1972 3875 ex
2001 3817 2218 3874 duabus
2248 3811 2658 3886 hypostasibus.
2683 3808 2818 3876 Quis
2841 3806 3008 3876 igitur
3037 3808 3267 3874 propter
3287 3799 3494 3854 Nesto-

1904 3909 1972 3966 rii
2004 3908 2333 3964 divisionem
2375 3905 2745 3977 hypostaseon
2774 3915 2902 3954 reus
2935 3894 3125 3958 fuerit,
3175 3890 3336 3947 vobis
3363 3903 3497 3960 per:

1905 3997 2490 4070 mittimusjudicium.
2519 3994 2611 4050 Sic
2636 4007 2768 4064 ergo
2791 4005 2890 4046 vos
2912 3988 3003 4044 his
3036 3983 3377 4058 argumentis
3399 3995 3492 4034 re-

1903 4098 2080 4152 victos
2119 4093 2468 4150 dimittimus.
2522 4089 2662 4145 Cum
2723 4087 2791 4142 iis
2839 4093 3022 4139 autem
3064 4081 3158 4151 qui
3209 4075 3494 4134 contrario

1905 4189 2071 4245 modo
2102 4197 2268 4258 atque
2320 4199 2420 4240 nos
2470 4199 2500 4237 a
2553 4181 2784 4236 veritate
2813 4177 3098 4238 aberrant,
3121 4171 3204 4227 sic
3233 4169 3489 4238 disputa-

1908 4283 2110 4340 bimus.

1976 4375 2099 4430 Non
2121 4379 2209 4426 est
2239 4368 2382 4424 idem
2419 4357 3254 4438 hypostasis,etenhypostaton,
3288 4353 3342 4408 id
3378 4359 3494 4417 est,

1907 4467 2056 4541 quod
2079 4475 2164 4522 est
2190 4465 2246 4520 in
2279 4461 2648 4522 subsistente;
2685 4456 2832 4511 sicut
2861 4452 3010 4508 aliud
3035 4459 3122 4506 est
3151 4446 3492 4506 substantia,

1906 4531 1964 4612 et
1999 4553 2150 4610 aliud
2193 4566 2314 4606 esse
2361 4549 2416 4602 in
2449 4543 2787 4605 substantia,
2821 4541 2868 4596 si
2904 4539 3132 4612 quidem
3172 4531 3493 4607 bypostasis

1909 4645 2148 4714 aliquem
2207 4653 2378 4694 unum
2422 4635 2701 4697 declarat;
2737 4646 2858 4686 esse
2888 4627 3487 4698 autemenbypostatou

1909 4733 2156 4790 declarat
2205 4727 2592 4791 substantiam,
2624 4722 2720 4779 sed
2752 4735 2862 4776 non
2901 4719 3142 4789 aliquem
3175 4729 3386 4770 unum:
3427 4721 3500 4780 et~

1910 4824 2220 4900 hypostasis
2250 4821 2474 4893 quidem
2509 4829 2798 4890 personam
2833 4810 3026 4868 deﬁnit
3053 4803 3495 4880 proprietatibus

1909 4915 2348 4991 designautibus:
2363 4916 2762 4987 enlnypostaton
2777 4921 2913 4960 vero
2934 4901 3209 4974 significat
3229 4912 3338 4953 non
3364 4911 3486 4951 esse

1909 4989 2186 5075 accidens,
2233 5007 2378 5080 quod
2419 5006 2476 5060 in
2509 5005 2618 5059 alio
2669 5002 2833 5057 habet
2879 5006 2940 5052 ut
2973 4997 3068 5062 sit,
3103 5002 3159 5049 et
3194 5007 3302 5047 non
3335 4989 3389 5044 in
3429 5003 3493 5043 se

1911 5105 2176 5160 cernitur.
2211 5096 2530 5171 Cuiusmodi
2563 5103 2693 5152 sunt
2719 5106 2910 5146 omnes
2936 5087 3250 5159 qualitates,
3278 5093 3334 5138 et
3367 5097 3492 5152 quae

1911 5197 2302 5256 substantiales
2337 5197 2504 5248 etiam
2544 5190 2832 5252 dicuntur,
2878 5201 2945 5241 ex
2989 5183 3194 5254 quibus
3225 5179 3374 5234 nulla
3405 5186 3491 5230 est

1911 5289 2240 5352 substantia,
2277 5287 2330 5342 id
2371 5293 2478 5352 est,
2523 5299 2612 5338 res
2657 5297 2753 5352 per
2798 5294 2856 5333 se
2902 5276 3194 5339 exsistens,
3230 5270 3324 5326 sed
3369 5281 3492 5338 quia:

1911 5397 2130 5452 semper
2177 5381 2326 5435 circa
2379 5375 2744 5432 substantiam
2795 5369 3074 5431 cernitur,
3127 5375 3187 5419 ut
3232 5361 3383 5416 color
3433 5357 3490 5409 in

1912 5489 2162 5543 corpore,
2207 5479 2265 5525 et
2310 5467 2540 5524 scientia
2595 5465 2652 5520 in
2701 5464 2901 5518 anima.
2953 5459 3056 5526 Qui
3109 5456 3274 5525 igitur
3314 5448 3485 5502 dicit:

1913 5567 2030 5620 Non
2069 5573 2153 5619 est
2191 5573 2389 5616 natura
2423 5561 2540 5615 sine
2589 5555 2900 5629 hypostasi,
2939 5564 3132 5606 verum
3177 5541 3341 5606 dicit;
3383 5555 3489 5594 oon

1913 5651 2100 5713 tamen
2137 5663 2284 5710 recte
2328 5651 2630 5713 concludit,
2675 5664 2799 5704 cum
2845 5640 3130 5702 concludit
3195 5634 3340 5694 stand
3381 5647 3486 5687 non

1913 5757 1998 5805 est
2029 5749 2146 5805 sine
2180 5744 2454 5818 hypostasi
2489 5740 2808 5813 hypostasin
2848 5751 3000 5792 esse:
3031 5741 3089 5786 ut
3120 5731 3164 5786 si
3201 5744 3324 5798 ιιιιιδ
3345 5723 3491 5780 dicat
