  <div class='ocr_page' id='page_1' title='image "/cluster/home/n/w/nwhite01/storage/ocr_20150623/86 pt.1/mdp.39015028803867/647.png"; bbox 0 0 3954 6148; ppageno 0'>
   <div class='ocr_carea' id='block_1_1' title="bbox 411 245 2007 350">
    <p class='ocr_par' dir='ltr' id='par_1_1' title="bbox 411 262 1986 350">
     <span class='ocr_line' id='line_1_1' title="bbox 411 262 1986 350; baseline -0.008 -18"><span class='ocrx_word' id='word_1_1' title='bbox 411 285 550 350; x_wconf 64' lang='lat' dir='ltr'><strong>mg</strong></span> <span class='ocrx_word' id='word_1_2' title='bbox 1370 301 1383 314; x_wconf 67' lang='lat'><em>.</em></span> <span class='ocrx_word' id='word_1_3' title='bbox 1674 262 1986 328; x_wconf 75' lang='lat' dir='ltr'><strong>LEONTII</strong></span> 
     </span>
    </p>
   </div>
   <div class='ocr_carea' id='block_1_2' title="bbox 2116 245 3689 350">
    <p class='ocr_par' dir='ltr' id='par_1_2' title="bbox 2117 245 3689 319">
     <span class='ocr_line' id='line_1_2' title="bbox 2117 245 3689 319; baseline -0.006 0"><span class='ocrx_word' id='word_1_4' title='bbox 2117 256 2432 319; x_wconf 74' lang='lat' dir='ltr'><strong>ZANTINI</strong></span> <span class='ocrx_word' id='word_1_5' title='bbox 3541 245 3689 309; x_wconf 64' lang='lat'><strong>1280</strong></span> 
     </span>
    </p>
   </div>
   <div class='ocr_carea' id='block_1_3' title="bbox 401 356 2007 464">
    <p class='ocr_par' dir='ltr' id='par_1_3' title="bbox 401 380 1984 464">
     <span class='ocr_line' id='line_1_3' title="bbox 401 380 1984 464; baseline -0.013 -8"><span class='ocrx_word' id='word_1_6' title='bbox 401 416 517 461; x_wconf 80' lang='lat' dir='ltr'><strong>non</strong></span> <span class='ocrx_word' id='word_1_7' title='bbox 558 409 749 453; x_wconf 85' lang='lat' dir='ltr'><strong>carere</strong></span> <span class='ocrx_word' id='word_1_8' title='bbox 777 408 983 463; x_wconf 89' lang='lat' dir='ltr'><strong>corpus</strong></span> <span class='ocrx_word' id='word_1_9' title='bbox 1008 392 1202 464; x_wconf 72' lang='lat' dir='ltr'><strong>ﬁgura,</strong></span> <span class='ocrx_word' id='word_1_10' title='bbox 1234 386 1383 459; x_wconf 90' lang='lat' dir='ltr'><strong>quod</strong></span> <span class='ocrx_word' id='word_1_11' title='bbox 1414 401 1606 442; x_wconf 87' lang='lat' dir='ltr'><strong>verum</strong></span> <span class='ocrx_word' id='word_1_12' title='bbox 1631 396 1750 449; x_wconf 83' lang='lat' dir='ltr'><strong>est;</strong></span> <span class='ocrx_word' id='word_1_13' title='bbox 1784 380 1984 439; x_wconf 80' lang='lat' dir='ltr'><strong>deinde</strong></span> 
     </span>
    </p>
   </div>
   <div class='ocr_carea' id='block_1_4' title="bbox 2116 356 3690 464">
    <p class='ocr_par' dir='ltr' id='par_1_4' title="bbox 2116 356 3690 435">
     <span class='ocr_line' id='line_1_4' title="bbox 2116 356 3690 435; baseline -0.01 -11"><span class='ocrx_word' id='word_1_14' title='bbox 2116 368 2246 435; x_wconf 77' lang='grc' dir='ltr'>ἴναι,</span> <span class='ocrx_word' id='word_1_15' title='bbox 2272 367 2391 422; x_wconf 85' lang='grc' dir='ltr'>ἀλλ’</span> <span class='ocrx_word' id='word_1_16' title='bbox 2418 366 2518 420; x_wconf 88' lang='grc' dir='ltr'><strong>οὑκ</strong></span> <span class='ocrx_word' id='word_1_17' title='bbox 2545 365 2604 420; x_wconf 67' lang='grc' dir='ltr'>ιν</span> <span class='ocrx_word' id='word_1_18' title='bbox 2621 362 2699 435; x_wconf 82' lang='grc' dir='ltr'>τῷ</span> <span class='ocrx_word' id='word_1_19' title='bbox 2733 362 2945 434; x_wconf 77' lang='grc' dir='ltr'>σώματι</span> <span class='ocrx_word' id='word_1_20' title='bbox 2970 360 3314 433; x_wconf 78' lang='grc' dir='ltr'>θεωρεῖσθαι.</span> <span class='ocrx_word' id='word_1_21' title='bbox 3342 356 3690 411; x_wconf 73' lang='grc' dir='ltr'>Ἀνυπόστι-</span> 
     </span>
    </p>
   </div>
   <div class='ocr_carea' id='block_1_5' title="bbox 417 453 2007 553">
    <p class='ocr_par' dir='ltr' id='par_1_5' title="bbox 417 476 1989 553">
     <span class='ocr_line' id='line_1_5' title="bbox 417 476 1989 553; baseline -0.01 -8"><span class='ocrx_word' id='word_1_22' title='bbox 417 504 527 545; x_wconf 73' lang='lat' dir='ltr'><strong>non</strong></span> <span class='ocrx_word' id='word_1_23' title='bbox 560 494 711 543; x_wconf 89' lang='lat' dir='ltr'><strong>recte</strong></span> <span class='ocrx_word' id='word_1_24' title='bbox 744 476 1037 541; x_wconf 78' lang='lat' dir='ltr'><strong>concludat</strong></span> <span class='ocrx_word' id='word_1_25' title='bbox 1068 481 1297 553; x_wconf 78' lang='lat' dir='ltr'><strong>ﬁguram</strong></span> <span class='ocrx_word' id='word_1_26' title='bbox 1337 494 1471 550; x_wconf 82' lang='lat' dir='ltr'><strong>ergo</strong></span> <span class='ocrx_word' id='word_1_27' title='bbox 1514 494 1638 533; x_wconf 84' lang='lat' dir='ltr'><strong>esse</strong></span> <span class='ocrx_word' id='word_1_28' title='bbox 1673 492 1895 546; x_wconf 89' lang='lat' dir='ltr'><strong>corpus,</strong></span> <span class='ocrx_word' id='word_1_29' title='bbox 1933 482 1989 529; x_wconf 89' lang='lat' dir='ltr'><strong>et</strong></span> 
     </span>
    </p>
   </div>
   <div class='ocr_carea' id='block_1_6' title="bbox 2116 453 3685 553">
    <p class='ocr_par' dir='ltr' id='par_1_6' title="bbox 2116 453 3685 533">
     <span class='ocr_line' id='line_1_6' title="bbox 2116 453 3685 533; baseline -0.007 -16"><span class='ocrx_word' id='word_1_30' title='bbox 2116 481 2179 527; x_wconf 76' lang='lat' dir='ltr'><strong>ro;</strong></span> <span class='ocrx_word' id='word_1_31' title='bbox 2240 462 2338 533; x_wconf 75' lang='grc' dir='ltr'>μὲν</span> <span class='ocrx_word' id='word_1_32' title='bbox 2368 458 2462 515; x_wconf 78' lang='grc' dir='ltr'><strong>οὖν</strong></span> <span class='ocrx_word' id='word_1_33' title='bbox 2512 458 2704 529; x_wconf 83' lang='grc' dir='ltr'><strong>φύσις,</strong></span> <span class='ocrx_word' id='word_1_34' title='bbox 2756 460 3037 512; x_wconf 75' lang='grc' dir='ltr'><strong>τουτέστιν</strong></span> <span class='ocrx_word' id='word_1_35' title='bbox 3083 455 3278 517; x_wconf 70' lang='grc' dir='ltr'>οὐσία,</span> <span class='ocrx_word' id='word_1_36' title='bbox 3337 453 3440 508; x_wconf 85' lang='grc' dir='ltr'><strong>οὐκ</strong></span> <span class='ocrx_word' id='word_1_37' title='bbox 3488 455 3555 506; x_wconf 81' lang='grc' dir='ltr'>ἂν</span> <span class='ocrx_word' id='word_1_38' title='bbox 3592 454 3685 523; x_wconf 73' lang='grc' dir='ltr'><strong>ειη</strong></span> 
     </span>
    </p>
   </div>
   <div class='ocr_carea' id='block_1_7' title="bbox 407 546 2007 653">
    <p class='ocr_par' dir='ltr' id='par_1_7' title="bbox 407 568 1987 651">
     <span class='ocr_line' id='line_1_7' title="bbox 407 568 1987 651; baseline -0.008 -15"><span class='ocrx_word' id='word_1_39' title='bbox 407 595 529 636; x_wconf 69' lang='lat' dir='ltr'><strong>non</strong></span> <span class='ocrx_word' id='word_1_40' title='bbox 558 579 744 651; x_wconf 90' lang='lat' dir='ltr'><strong>potius</strong></span> <span class='ocrx_word' id='word_1_41' title='bbox 770 576 923 633; x_wconf 89' lang='lat' dir='ltr'><strong>cerni</strong></span> <span class='ocrx_word' id='word_1_42' title='bbox 955 574 1011 629; x_wconf 90' lang='lat' dir='ltr'><strong>in</strong></span> <span class='ocrx_word' id='word_1_43' title='bbox 1046 588 1302 643; x_wconf 88' lang='lat' dir='ltr'><strong>corpore.</strong></span> <span class='ocrx_word' id='word_1_44' title='bbox 1339 572 1537 626; x_wconf 81' lang='lat' dir='ltr'><strong>Natura</strong></span> <span class='ocrx_word' id='word_1_45' title='bbox 1575 569 1763 639; x_wconf 69' lang='lat' dir='ltr'><strong>igitur,</strong></span> <span class='ocrx_word' id='word_1_46' title='bbox 1794 568 1847 622; x_wconf 91' lang='lat' dir='ltr'><strong>id</strong></span> <span class='ocrx_word' id='word_1_47' title='bbox 1881 576 1987 632; x_wconf 85' lang='lat' dir='ltr'><strong>est,</strong></span> 
     </span>
    </p>
   </div>
   <div class='ocr_carea' id='block_1_8' title="bbox 2116 546 3688 653">
    <p class='ocr_par' dir='ltr' id='par_1_8' title="bbox 2116 546 3688 623">
     <span class='ocr_line' id='line_1_8' title="bbox 2116 546 3688 623; baseline -0.006 -14"><span class='ocrx_word' id='word_1_48' title='bbox 2116 553 2244 610; x_wconf 66' lang='grc' dir='ltr'>ποτέ.</span> <span class='ocrx_word' id='word_1_49' title='bbox 2275 553 2348 606; x_wconf 85' lang='grc' dir='ltr'><strong>Οὐ</strong></span> <span class='ocrx_word' id='word_1_50' title='bbox 2380 551 2537 623; x_wconf 78' lang='grc' dir='ltr'>μὴνή</span> <span class='ocrx_word' id='word_1_51' title='bbox 2565 549 2725 619; x_wconf 87' lang='grc' dir='ltr'>φύσις</span> <span class='ocrx_word' id='word_1_52' title='bbox 2755 548 3052 611; x_wconf 76' lang='grc' dir='ltr'><strong>ὑπόστασις</strong></span> <span class='ocrx_word' id='word_1_53' title='bbox 3073 591 3087 607; x_wconf 87' lang='grc'><strong>,</strong></span> <span class='ocrx_word' id='word_1_54' title='bbox 3109 547 3193 601; x_wconf 84' lang='grc' dir='ltr'>ὅτι</span> <span class='ocrx_word' id='word_1_55' title='bbox 3233 547 3371 617; x_wconf 79' lang='grc' dir='ltr'>μηδὲ</span> <span class='ocrx_word' id='word_1_56' title='bbox 3392 546 3688 617; x_wconf 79' lang='grc' dir='ltr'>ἀντιστρέ-</span> 
     </span>
    </p>
   </div>
   <div class='ocr_carea' id='block_1_9' title="bbox 408 637 2007 741">
    <p class='ocr_par' dir='ltr' id='par_1_9' title="bbox 408 637 1988 737">
     <span class='ocr_line' id='line_1_9' title="bbox 408 637 1988 737; baseline -0.009 -10"><span class='ocrx_word' id='word_1_57' title='bbox 408 637 724 727; x_wconf 66' lang='lat' dir='ltr'><strong>substantia</strong></span> <span class='ocrx_word' id='word_1_58' title='bbox 791 681 1072 737; x_wconf 84' lang='lat' dir='ltr'><strong>nunquam</strong></span> <span class='ocrx_word' id='word_1_59' title='bbox 1122 637 1242 720; x_wconf 79' lang='lat' dir='ltr'><strong>sine</strong></span> <span class='ocrx_word' id='word_1_60' title='bbox 1268 662 1547 736; x_wconf 79' lang='lat' dir='ltr'><strong>hypostasi</strong></span> <span class='ocrx_word' id='word_1_61' title='bbox 1583 637 1704 717; x_wconf 86' lang='lat' dir='ltr'><strong>esse</strong></span> <span class='ocrx_word' id='word_1_62' title='bbox 1755 660 1988 731; x_wconf 89' lang='lat' dir='ltr'><strong>poterit;</strong></span> 
     </span>
    </p>
   </div>
   <div class='ocr_carea' id='block_1_10' title="bbox 2116 637 3688 741">
    <p class='ocr_par' dir='ltr' id='par_1_10' title="bbox 2116 637 3688 715">
     <span class='ocr_line' id='line_1_10' title="bbox 2116 637 3688 715; baseline -0.006 -16"><span class='ocrx_word' id='word_1_63' title='bbox 2116 664 2184 712; x_wconf 71' lang='lat' dir='ltr'><strong>pst</strong></span> <span class='ocrx_word' id='word_1_64' title='bbox 2203 647 2266 713; x_wconf 77' lang='grc' dir='ltr'><strong>’ἡ</strong></span> <span class='ocrx_word' id='word_1_65' title='bbox 2300 643 2396 715; x_wconf 79' lang='grc' dir='ltr'>μὲν</span> <span class='ocrx_word' id='word_1_66' title='bbox 2424 641 2535 713; x_wconf 75' lang='grc' dir='ltr'><strong>γὰρ</strong></span> <span class='ocrx_word' id='word_1_67' title='bbox 2565 639 2862 703; x_wconf 78' lang='grc' dir='ltr'>ὑπόστασις</span> <span class='ocrx_word' id='word_1_68' title='bbox 2887 639 2980 693; x_wconf 77' lang='grc' dir='ltr'>κα).</span> <span class='ocrx_word' id='word_1_69' title='bbox 3009 638 3243 710; x_wconf 78' lang='grc' dir='ltr'>φύσις,ή</span> <span class='ocrx_word' id='word_1_70' title='bbox 3269 637 3326 690; x_wconf 70' lang='grc' dir='ltr'>δὲ</span> <span class='ocrx_word' id='word_1_71' title='bbox 3356 637 3521 707; x_wconf 88' lang='grc' dir='ltr'>φύσις</span> <span class='ocrx_word' id='word_1_72' title='bbox 3549 639 3688 691; x_wconf 82' lang='grc' dir='ltr'>οὑκ-</span> 
     </span>
    </p>
   </div>
   <div class='ocr_carea' id='block_1_11' title="bbox 412 725 2007 833">
    <p class='ocr_par' dir='ltr' id='par_1_11' title="bbox 412 756 1989 829">
     <span class='ocr_line' id='line_1_11' title="bbox 412 756 1989 829; baseline -0.007 -13"><span class='ocrx_word' id='word_1_73' title='bbox 412 777 527 816; x_wconf 79' lang='lat' dir='ltr'><strong>non</strong></span> <span class='ocrx_word' id='word_1_74' title='bbox 546 767 727 815; x_wconf 88' lang='lat' dir='ltr'><strong>tamen</strong></span> <span class='ocrx_word' id='word_1_75' title='bbox 744 767 942 813; x_wconf 90' lang='lat' dir='ltr'><strong>natura</strong></span> <span class='ocrx_word' id='word_1_76' title='bbox 957 766 1042 813; x_wconf 92' lang='lat' dir='ltr'><strong>est</strong></span> <span class='ocrx_word' id='word_1_77' title='bbox 1059 756 1390 829; x_wconf 86' lang='lat' dir='ltr'><strong>hypostasis,</strong></span> <span class='ocrx_word' id='word_1_78' title='bbox 1405 756 1533 826; x_wconf 86' lang='lat' dir='ltr'><strong>quia</strong></span> <span class='ocrx_word' id='word_1_79' title='bbox 1554 770 1734 824; x_wconf 89' lang='lat' dir='ltr'><strong>neque</strong></span> <span class='ocrx_word' id='word_1_80' title='bbox 1756 760 1989 808; x_wconf 78' lang='lat' dir='ltr'><strong>remeat.</strong></span> 
     </span>
    </p>
   </div>
   <div class='ocr_carea' id='block_1_12' title="bbox 2116 725 3688 833">
    <p class='ocr_par' dir='ltr' id='par_1_12' title="bbox 2116 725 3688 805">
     <span class='ocr_line' id='line_1_12' title="bbox 2116 725 3688 805; baseline -0.004 -16"><span class='ocrx_word' id='word_1_81' title='bbox 2116 736 2189 805; x_wconf 68' lang='grc' dir='ltr'>ἱτιξ</span> <span class='ocrx_word' id='word_1_82' title='bbox 2212 736 2308 789; x_wconf 73' lang='grc' dir='ltr'>καὶ</span> <span class='ocrx_word' id='word_1_83' title='bbox 2342 734 2640 796; x_wconf 77' lang='grc' dir='ltr'>ὑπόστασις</span> <span class='ocrx_word' id='word_1_84' title='bbox 2660 748 2674 763; x_wconf 80' lang='grc'><strong><em>⁸</em></strong></span> <span class='ocrx_word' id='word_1_85' title='bbox 2713 732 2747 800; x_wconf 77' lang='grc' dir='ltr'><strong>ἡ</strong></span> <span class='ocrx_word' id='word_1_86' title='bbox 2776 730 2877 800; x_wconf 77' lang='grc' dir='ltr'>μὲν</span> <span class='ocrx_word' id='word_1_87' title='bbox 2931 730 3042 801; x_wconf 78' lang='grc' dir='ltr'>γὰρ</span> <span class='ocrx_word' id='word_1_88' title='bbox 3069 730 3256 799; x_wconf 83' lang='grc' dir='ltr'>φύσις,</span> <span class='ocrx_word' id='word_1_89' title='bbox 3292 730 3383 784; x_wconf 73' lang='grc' dir='ltr'><strong>τὸν</strong></span> <span class='ocrx_word' id='word_1_90' title='bbox 3411 729 3508 801; x_wconf 76' lang='grc' dir='ltr'>τοῦ</span> <span class='ocrx_word' id='word_1_91' title='bbox 3540 725 3688 783; x_wconf 79' lang='grc' dir='ltr'>εἶναι</span> 
     </span>
    </p>
   </div>
   <div class='ocr_carea' id='block_1_13' title="bbox 414 822 2007 923">
    <p class='ocr_par' dir='ltr' id='par_1_13' title="bbox 414 844 1993 923">
     <span class='ocr_line' id='line_1_13' title="bbox 414 844 1993 923; baseline -0.005 -18"><span class='ocrx_word' id='word_1_92' title='bbox 414 850 737 923; x_wconf 81' lang='lat' dir='ltr'><strong>ilypostasis</strong></span> <span class='ocrx_word' id='word_1_93' title='bbox 757 850 905 904; x_wconf 91' lang='lat' dir='ltr'><strong>enim</strong></span> <span class='ocrx_word' id='word_1_94' title='bbox 935 856 1020 904; x_wconf 88' lang='lat' dir='ltr'><strong>est</strong></span> <span class='ocrx_word' id='word_1_95' title='bbox 1049 857 1271 910; x_wconf 83' lang='lat' dir='ltr'><strong>natura,</strong></span> <span class='ocrx_word' id='word_1_96' title='bbox 1305 856 1501 900; x_wconf 87' lang='lat' dir='ltr'><strong>natura</strong></span> <span class='ocrx_word' id='word_1_97' title='bbox 1534 854 1718 901; x_wconf 89' lang='lat' dir='ltr'><strong>autem</strong></span> <span class='ocrx_word' id='word_1_98' title='bbox 1747 859 1858 898; x_wconf 88' lang='lat' dir='ltr'><strong>non</strong></span> <span class='ocrx_word' id='word_1_99' title='bbox 1883 844 1993 914; x_wconf 80' lang='lat' dir='ltr'><strong>iam</strong></span> 
     </span>
    </p>
   </div>
   <div class='ocr_carea' id='block_1_14' title="bbox 2116 822 3686 923">
    <p class='ocr_par' dir='ltr' id='par_1_14' title="bbox 2116 822 3686 897">
     <span class='ocr_line' id='line_1_14' title="bbox 2116 822 3686 897; baseline -0.004 -15"><span class='ocrx_word' id='word_1_100' title='bbox 2116 829 2251 897; x_wconf 56' lang='grc' dir='ltr'>λόγον</span> <span class='ocrx_word' id='word_1_101' title='bbox 2273 826 2615 896; x_wconf 73' lang='grc' dir='ltr'>ἐπιδέχεται·</span> <span class='ocrx_word' id='word_1_102' title='bbox 2649 824 2683 895; x_wconf 83' lang='grc' dir='ltr'>ἡ</span> <span class='ocrx_word' id='word_1_103' title='bbox 2726 824 2781 877; x_wconf 83' lang='grc' dir='ltr'>δὲ</span> <span class='ocrx_word' id='word_1_104' title='bbox 2817 822 3138 888; x_wconf 80' lang='grc' dir='ltr'>ὑπόστασις,</span> <span class='ocrx_word' id='word_1_105' title='bbox 3169 822 3264 876; x_wconf 73' lang='grc' dir='ltr'>καὶ</span> <span class='ocrx_word' id='word_1_106' title='bbox 3298 822 3388 876; x_wconf 79' lang='grc' dir='ltr'>τὸν</span> <span class='ocrx_word' id='word_1_107' title='bbox 3422 822 3519 876; x_wconf 81' lang='grc' dir='ltr'>τοῦ</span> <span class='ocrx_word' id='word_1_108' title='bbox 3557 824 3686 877; x_wconf 76' lang='grc' dir='ltr'>καθ’</span> 
     </span>
    </p>
   </div>
   <div class='ocr_carea' id='block_1_15' title="bbox 413 913 2007 1010">
    <p class='ocr_par' dir='ltr' id='par_1_15' title="bbox 413 913 1996 1010">
     <span class='ocr_line' id='line_1_15' title="bbox 413 913 1996 1010; baseline -0.004 -18"><span class='ocrx_word' id='word_1_109' title='bbox 413 913 516 992; x_wconf 45' lang='lat' dir='ltr'><strong>est.</strong></span> <span class='ocrx_word' id='word_1_110' title='bbox 559 936 888 1010; x_wconf 87' lang='lat' dir='ltr'><strong>hypostasis.</strong></span> <span class='ocrx_word' id='word_1_111' title='bbox 946 935 1153 990; x_wconf 83' lang='lat' dir='ltr'><strong>Natura</strong></span> <span class='ocrx_word' id='word_1_112' title='bbox 1206 934 1353 988; x_wconf 88' lang='lat' dir='ltr'><strong>enim</strong></span> <span class='ocrx_word' id='word_1_113' title='bbox 1414 932 1682 987; x_wconf 85' lang='lat' dir='ltr'><strong>rationem</strong></span> <span class='ocrx_word' id='word_1_114' title='bbox 1741 913 1996 987; x_wconf 66' lang='lat' dir='ltr'><strong>essentia:</strong></span> 
     </span>
    </p>
   </div>
   <div class='ocr_carea' id='block_1_16' title="bbox 2116 913 3688 1010">
    <p class='ocr_par' dir='ltr' id='par_1_16' title="bbox 2116 913 3688 991">
     <span class='ocr_line' id='line_1_16' title="bbox 2116 913 3688 991; baseline -0.003 -18"><span class='ocrx_word' id='word_1_115' title='bbox 2116 920 2288 974; x_wconf 75' lang='grc' dir='ltr'>εαυτὸν</span> <span class='ocrx_word' id='word_1_116' title='bbox 2316 916 2453 973; x_wconf 74' lang='grc' dir='ltr'>εἶναι</span> <span class='ocrx_word' id='word_1_117' title='bbox 2478 935 2491 948; x_wconf 66' lang='grc'>⁸</span> <span class='ocrx_word' id='word_1_118' title='bbox 2517 918 2666 991; x_wconf 76' lang='grc' dir='ltr'>καὶὴ</span> <span class='ocrx_word' id='word_1_119' title='bbox 2696 916 2793 986; x_wconf 76' lang='grc' dir='ltr'>μὲν</span> <span class='ocrx_word' id='word_1_120' title='bbox 2822 914 2995 977; x_wconf 76' lang='grc' dir='ltr'>εἴδους</span> <span class='ocrx_word' id='word_1_121' title='bbox 3025 913 3183 980; x_wconf 87' lang='grc' dir='ltr'>λόγον</span> <span class='ocrx_word' id='word_1_122' title='bbox 3215 914 3424 985; x_wconf 75' lang='grc' dir='ltr'>ἐπέχει,</span> <span class='ocrx_word' id='word_1_123' title='bbox 3442 916 3477 982; x_wconf 79' lang='grc' dir='ltr'><strong>ἡ</strong></span> <span class='ocrx_word' id='word_1_124' title='bbox 3500 915 3559 968; x_wconf 76' lang='grc' dir='ltr'>δὲ</span> <span class='ocrx_word' id='word_1_125' title='bbox 3587 915 3688 968; x_wconf 77' lang='grc' dir='ltr'>τοῦ</span> 
     </span>
    </p>
   </div>
   <div class='ocr_carea' id='block_1_17' title="bbox 418 1004 2007 1099">
    <p class='ocr_par' dir='ltr' id='par_1_17' title="bbox 418 1004 1996 1099">
     <span class='ocr_line' id='line_1_17' title="bbox 418 1004 1996 1099; baseline -0.005 -15"><span class='ocrx_word' id='word_1_126' title='bbox 418 1004 617 1099; x_wconf 74' lang='lat' dir='ltr'><strong>recipit</strong></span> <span class='ocrx_word' id='word_1_127' title='bbox 637 1004 753 1099; x_wconf 44' lang='grc'><strong>’(5).</strong></span> <span class='ocrx_word' id='word_1_128' title='bbox 788 1025 1110 1097; x_wconf 82' lang='lat' dir='ltr'><strong>Hypostasis</strong></span> <span class='ocrx_word' id='word_1_129' title='bbox 1166 1038 1301 1079; x_wconf 86' lang='lat' dir='ltr'><strong>vero</strong></span> <span class='ocrx_word' id='word_1_130' title='bbox 1346 1023 1617 1078; x_wconf 89' lang='lat' dir='ltr'><strong>rationem</strong></span> <span class='ocrx_word' id='word_1_131' title='bbox 1670 1037 1771 1090; x_wconf 91' lang='lat' dir='ltr'><strong>per</strong></span> <span class='ocrx_word' id='word_1_132' title='bbox 1813 1036 1872 1077; x_wconf 90' lang='lat' dir='ltr'><strong>se</strong></span> <span class='ocrx_word' id='word_1_133' title='bbox 1905 1036 1996 1076; x_wconf 85' lang='lat' dir='ltr'><strong>es-</strong></span> 
     </span>
    </p>
   </div>
   <div class='ocr_carea' id='block_1_18' title="bbox 2116 1004 3690 1099">
    <p class='ocr_par' dir='ltr' id='par_1_18' title="bbox 2116 1004 3690 1079">
     <span class='ocr_line' id='line_1_18' title="bbox 2116 1004 3690 1079; baseline -0.003 -14"><span class='ocrx_word' id='word_1_134' title='bbox 2116 1011 2243 1075; x_wconf 75' lang='grc' dir='ltr'>τινός</span> <span class='ocrx_word' id='word_1_135' title='bbox 2280 1012 2429 1063; x_wconf 80' lang='grc' dir='ltr'>ἐστιν</span> <span class='ocrx_word' id='word_1_136' title='bbox 2453 1008 2753 1079; x_wconf 80' lang='grc' dir='ltr'>δηλωτική.</span> <span class='ocrx_word' id='word_1_137' title='bbox 2807 1007 2916 1061; x_wconf 78' lang='grc' dir='ltr'>Καὶ</span> <span class='ocrx_word' id='word_1_138' title='bbox 2950 1008 2985 1076; x_wconf 79' lang='grc' dir='ltr'>ἡ</span> <span class='ocrx_word' id='word_1_139' title='bbox 3019 1006 3119 1074; x_wconf 83' lang='grc' dir='ltr'>μὲν</span> <span class='ocrx_word' id='word_1_140' title='bbox 3159 1004 3450 1060; x_wconf 80' lang='grc' dir='ltr'><strong>καθολικοῦ</strong></span> <span class='ocrx_word' id='word_1_141' title='bbox 3500 1007 3690 1078; x_wconf 78' lang='grc' dir='ltr'>πράγ-</span> 
     </span>
    </p>
   </div>
   <div class='ocr_carea' id='block_1_19' title="bbox 414 1097 2007 1193">
    <p class='ocr_par' dir='ltr' id='par_1_19' title="bbox 414 1097 1998 1193">
     <span class='ocr_line' id='line_1_19' title="bbox 414 1097 1998 1193; baseline -0.006 -16"><span class='ocrx_word' id='word_1_142' title='bbox 414 1097 610 1176; x_wconf 72' lang='lat' dir='ltr'><strong>sentize</strong></span> <span class='ocrx_word' id='word_1_143' title='bbox 644 1097 720 1193; x_wconf 69' lang='grc' dir='ltr'><strong>(θ)</strong></span> <span class='ocrx_word' id='word_1_144' title='bbox 743 1161 758 1184; x_wconf 96' lang='grc'><strong>,</strong></span> <span class='ocrx_word' id='word_1_145' title='bbox 795 1128 993 1174; x_wconf 77' lang='lat' dir='ltr'><strong>natura</strong></span> <span class='ocrx_word' id='word_1_146' title='bbox 1022 1118 1292 1172; x_wconf 82' lang='lat' dir='ltr'><strong>rationem</strong></span> <span class='ocrx_word' id='word_1_147' title='bbox 1325 1116 1528 1186; x_wconf 85' lang='lat' dir='ltr'><strong>speciei</strong></span> <span class='ocrx_word' id='word_1_148' title='bbox 1571 1116 1848 1175; x_wconf 85' lang='lat' dir='ltr'><strong>continet;</strong></span> <span class='ocrx_word' id='word_1_149' title='bbox 1896 1115 1998 1186; x_wconf 83' lang='lat' dir='ltr'><strong>hy-</strong></span> 
     </span>
    </p>
   </div>
   <div class='ocr_carea' id='block_1_20' title="bbox 2116 1097 3693 1193">
    <p class='ocr_par' dir='ltr' id='par_1_20' title="bbox 2116 1097 3693 1173">
     <span class='ocr_line' id='line_1_20' title="bbox 2116 1097 3693 1173; baseline -0.003 -16"><span class='ocrx_word' id='word_1_150' title='bbox 2116 1120 2273 1166; x_wconf 72' lang='grc' dir='ltr'>ιατος</span> <span class='ocrx_word' id='word_1_151' title='bbox 2323 1099 2652 1173; x_wconf 84' lang='grc' dir='ltr'>χαρακτῆρα</span> <span class='ocrx_word' id='word_1_152' title='bbox 2699 1097 2871 1169; x_wconf 80' lang='grc' dir='ltr'>δηλοῖ,</span> <span class='ocrx_word' id='word_1_153' title='bbox 2924 1099 2959 1168; x_wconf 81' lang='grc' dir='ltr'>ἠ</span> <span class='ocrx_word' id='word_1_154' title='bbox 2988 1097 3045 1151; x_wconf 69' lang='grc' dir='ltr'>δι</span> <span class='ocrx_word' id='word_1_155' title='bbox 3076 1097 3171 1152; x_wconf 76' lang='grc' dir='ltr'>τοῦ</span> <span class='ocrx_word' id='word_1_156' title='bbox 3220 1097 3400 1151; x_wconf 81' lang='grc' dir='ltr'>κοινοῦ</span> <span class='ocrx_word' id='word_1_157' title='bbox 3450 1097 3513 1152; x_wconf 78' lang='grc' dir='ltr'>τὸ</span> <span class='ocrx_word' id='word_1_158' title='bbox 3552 1098 3693 1152; x_wconf 77' lang='grc' dir='ltr'>εδιον</span> 
     </span>
    </p>
   </div>
   <div class='ocr_carea' id='block_1_21' title="bbox 416 1190 2007 1279">
    <p class='ocr_par' dir='ltr' id='par_1_21' title="bbox 416 1190 1997 1279">
     <span class='ocr_line' id='line_1_21' title="bbox 416 1190 1997 1279; baseline -0.003 -18"><span class='ocrx_word' id='word_1_159' title='bbox 416 1190 664 1279; x_wconf 82' lang='lat' dir='ltr'><strong>postasis</strong></span> <span class='ocrx_word' id='word_1_160' title='bbox 712 1207 960 1262; x_wconf 80' lang='lat' dir='ltr'><strong>declarat</strong></span> <span class='ocrx_word' id='word_1_161' title='bbox 1000 1205 1242 1272; x_wconf 85' lang='lat' dir='ltr'><strong>aliquem</strong></span> <span class='ocrx_word' id='word_1_162' title='bbox 1294 1218 1467 1273; x_wconf 80' lang='lat' dir='ltr'><strong>upum</strong></span> <span class='ocrx_word' id='word_1_163' title='bbox 1497 1201 1573 1272; x_wconf 84' lang='lat'><strong>(7)</strong></span> <span class='ocrx_word' id='word_1_164' title='bbox 1612 1242 1627 1266; x_wconf 94' lang='lat'><strong>,</strong></span> <span class='ocrx_word' id='word_1_165' title='bbox 1670 1213 1867 1257; x_wconf 86' lang='lat' dir='ltr'><strong>natura</strong></span> <span class='ocrx_word' id='word_1_166' title='bbox 1916 1202 1997 1257; x_wconf 89' lang='lat' dir='ltr'><strong>rei</strong></span> 
     </span>
    </p>
   </div>
   <div class='ocr_carea' id='block_1_22' title="bbox 2116 1190 3693 1279">
    <p class='ocr_par' dir='ltr' id='par_1_22' title="bbox 2116 1190 3693 1279">
     <span class='ocr_line' id='line_1_22' title="bbox 2116 1190 3693 1279; baseline -0.004 -31"><span class='ocrx_word' id='word_1_167' title='bbox 2116 1194 2601 1248; x_wconf 80' lang='grc' dir='ltr'>ίιποδιαστέλλεται.</span> <span class='ocrx_word' id='word_1_168' title='bbox 2633 1192 2745 1245; x_wconf 72' lang='grc' dir='ltr'><strong>Καὶ</strong></span> <span class='ocrx_word' id='word_1_169' title='bbox 2776 1190 3059 1260; x_wconf 85' lang='grc' dir='ltr'>συντόμως</span> <span class='ocrx_word' id='word_1_170' title='bbox 3086 1191 3282 1254; x_wconf 76' lang='grc' dir='ltr'>εἰπεῖν,</span> <span class='ocrx_word' id='word_1_171' title='bbox 3332 1190 3550 1279; x_wconf 66' lang='grc' dir='ltr'>φύσεως</span> <span class='ocrx_word' id='word_1_172' title='bbox 3587 1193 3693 1262; x_wconf 76' lang='grc' dir='ltr'>μὲν</span> 
     </span>
    </p>
   </div>
   <div class='ocr_carea' id='block_1_23' title="bbox 415 1273 2007 1366">
    <p class='ocr_par' dir='ltr' id='par_1_23' title="bbox 415 1273 1996 1366">
     <span class='ocr_line' id='line_1_23' title="bbox 415 1273 1996 1366; baseline -0.003 -12"><span class='ocrx_word' id='word_1_173' title='bbox 415 1273 751 1354; x_wconf 73' lang='lat' dir='ltr'><strong>universalis</strong></span> <span class='ocrx_word' id='word_1_174' title='bbox 789 1296 1164 1352; x_wconf 72' lang='lat' dir='ltr'><strong>characterem</strong></span> <span class='ocrx_word' id='word_1_175' title='bbox 1195 1294 1272 1366; x_wconf 93' lang='lat' dir='ltr'><strong>(id</strong></span> <span class='ocrx_word' id='word_1_176' title='bbox 1300 1302 1386 1349; x_wconf 89' lang='lat' dir='ltr'><strong>est</strong></span> <span class='ocrx_word' id='word_1_177' title='bbox 1414 1292 1670 1365; x_wconf 78' lang='lat' dir='ltr'><strong>formam)</strong></span> <span class='ocrx_word' id='word_1_178' title='bbox 1717 1293 1996 1360; x_wconf 88' lang='lat' dir='ltr'><strong>declarat;</strong></span> 
     </span>
    </p>
   </div>
   <div class='ocr_carea' id='block_1_24' title="bbox 2116 1273 3691 1366">
    <p class='ocr_par' dir='ltr' id='par_1_24' title="bbox 2116 1273 3691 1356">
     <span class='ocr_line' id='line_1_24' title="bbox 2116 1273 3691 1356; baseline -0.004 -17"><span class='ocrx_word' id='word_1_179' title='bbox 2116 1287 2242 1356; x_wconf 82' lang='grc' dir='ltr'>μιᾶς</span> <span class='ocrx_word' id='word_1_180' title='bbox 2280 1285 2487 1356; x_wconf 84' lang='grc' dir='ltr'>κυρίως</span> <span class='ocrx_word' id='word_1_181' title='bbox 2512 1283 2735 1352; x_wconf 82' lang='grc' dir='ltr'>λέγεται</span> <span class='ocrx_word' id='word_1_182' title='bbox 2780 1279 2851 1335; x_wconf 78' lang='grc' dir='ltr'>τὰ</span> <span class='ocrx_word' id='word_1_183' title='bbox 2890 1278 3176 1351; x_wconf 88' lang='grc' dir='ltr'>όμοούσια,</span> <span class='ocrx_word' id='word_1_184' title='bbox 3218 1279 3315 1332; x_wconf 80' lang='grc' dir='ltr'>καὶ</span> <span class='ocrx_word' id='word_1_185' title='bbox 3346 1273 3422 1333; x_wconf 83' lang='grc' dir='ltr'><strong>ὧν</strong></span> <span class='ocrx_word' id='word_1_186' title='bbox 3448 1280 3479 1334; x_wconf 97' lang='lat'><strong>6</strong></span> <span class='ocrx_word' id='word_1_187' title='bbox 3525 1279 3691 1349; x_wconf 81' lang='grc' dir='ltr'>λόγος</span> 
     </span>
    </p>
   </div>
   <div class='ocr_carea' id='block_1_25' title="bbox 416 1370 2007 1464">
    <p class='ocr_par' dir='ltr' id='par_1_25' title="bbox 416 1385 2001 1464">
     <span class='ocr_line' id='line_1_25' title="bbox 416 1385 2001 1464; baseline -0.004 -18"><span class='ocrx_word' id='word_1_188' title='bbox 416 1390 737 1464; x_wconf 81' lang='lat' dir='ltr'><strong>&#39;hypostasis</strong></span> <span class='ocrx_word' id='word_1_189' title='bbox 765 1390 1053 1460; x_wconf 88' lang='lat' dir='ltr'><strong>proprium</strong></span> <span class='ocrx_word' id='word_1_190' title='bbox 1085 1406 1116 1444; x_wconf 93' lang='lat' dir='ltr'><strong>a</strong></span> <span class='ocrx_word' id='word_1_191' title='bbox 1142 1386 1422 1444; x_wconf 89' lang='lat' dir='ltr'><strong>communi</strong></span> <span class='ocrx_word' id='word_1_192' title='bbox 1446 1387 1707 1442; x_wconf 74' lang='lat' dir='ltr'><strong>secernit.</strong></span> <span class='ocrx_word' id='word_1_193' title='bbox 1751 1386 1819 1441; x_wconf 84' lang='lat' dir='ltr'><strong>Et</strong></span> <span class='ocrx_word' id='word_1_194' title='bbox 1855 1396 1915 1441; x_wconf 88' lang='lat' dir='ltr'><strong>ut</strong></span> <span class='ocrx_word' id='word_1_195' title='bbox 1942 1385 2001 1440; x_wconf 89' lang='lat' dir='ltr'><strong>in</strong></span> 
     </span>
    </p>
   </div>
   <div class='ocr_carea' id='block_1_26' title="bbox 2116 1370 3691 1464">
    <p class='ocr_par' dir='ltr' id='par_1_26' title="bbox 2116 1370 3691 1441">
     <span class='ocr_line' id='line_1_26' title="bbox 2116 1370 3691 1441; baseline -0.005 -10"><span class='ocrx_word' id='word_1_196' title='bbox 2116 1377 2199 1431; x_wconf 74' lang='grc' dir='ltr'>τοῦ</span> <span class='ocrx_word' id='word_1_197' title='bbox 2250 1372 2393 1431; x_wconf 75' lang='grc' dir='ltr'>εἶναι</span> <span class='ocrx_word' id='word_1_198' title='bbox 2442 1375 2648 1438; x_wconf 86' lang='grc' dir='ltr'>κοινός·</span> <span class='ocrx_word' id='word_1_199' title='bbox 2680 1373 3033 1436; x_wconf 78' lang='grc' dir='ltr'>ὑποστάσεως</span> <span class='ocrx_word' id='word_1_200' title='bbox 3070 1373 3128 1426; x_wconf 78' lang='grc' dir='ltr'>δὲ</span> <span class='ocrx_word' id='word_1_201' title='bbox 3165 1373 3290 1441; x_wconf 87' lang='grc' dir='ltr'>ὅρος</span> <span class='ocrx_word' id='word_1_202' title='bbox 3316 1387 3332 1402; x_wconf 89' lang='grc'><strong>·</strong></span> <span class='ocrx_word' id='word_1_203' title='bbox 3366 1372 3400 1441; x_wconf 83' lang='grc' dir='ltr'>ἢ</span> <span class='ocrx_word' id='word_1_204' title='bbox 3437 1370 3509 1425; x_wconf 76' lang='grc' dir='ltr'>τὰ</span> <span class='ocrx_word' id='word_1_205' title='bbox 3540 1372 3691 1426; x_wconf 70' lang='grc' dir='ltr'>κατὰ</span> 
     </span>
    </p>
   </div>
   <div class='ocr_carea' id='block_1_27' title="bbox 416 1462 2007 1548">
    <p class='ocr_par' dir='ltr' id='par_1_27' title="bbox 416 1462 2005 1548">
     <span class='ocr_line' id='line_1_27' title="bbox 416 1462 2005 1548; baseline -0.004 -11"><span class='ocrx_word' id='word_1_206' title='bbox 416 1462 637 1537; x_wconf 82' lang='lat' dir='ltr'><strong>summa</strong></span> <span class='ocrx_word' id='word_1_207' title='bbox 667 1481 869 1542; x_wconf 89' lang='lat' dir='ltr'><strong>dicam,</strong></span> <span class='ocrx_word' id='word_1_208' title='bbox 897 1480 1063 1534; x_wconf 88' lang='lat' dir='ltr'><strong>unius</strong></span> <span class='ocrx_word' id='word_1_209' title='bbox 1096 1487 1308 1534; x_wconf 71' lang='lat' dir='ltr'><strong>natura:</strong></span> <span class='ocrx_word' id='word_1_210' title='bbox 1338 1480 1561 1548; x_wconf 83' lang='lat' dir='ltr'><strong>praprie</strong></span> <span class='ocrx_word' id='word_1_211' title='bbox 1586 1477 1848 1532; x_wconf 87' lang='lat' dir='ltr'><strong>dicuntur</strong></span> <span class='ocrx_word' id='word_1_212' title='bbox 1869 1493 2005 1535; x_wconf 87' lang='lat' dir='ltr'><strong>con-</strong></span> 
     </span>
    </p>
   </div>
   <div class='ocr_carea' id='block_1_28' title="bbox 2116 1462 3693 1548">
    <p class='ocr_par' dir='ltr' id='par_1_28' title="bbox 2116 1462 3693 1541">
     <span class='ocr_line' id='line_1_28' title="bbox 2116 1462 3693 1541; baseline -0.005 -18"><span class='ocrx_word' id='word_1_213' title='bbox 2116 1469 2199 1541; x_wconf 82' lang='grc' dir='ltr'>ιὴν</span> <span class='ocrx_word' id='word_1_214' title='bbox 2238 1468 2399 1537; x_wconf 85' lang='grc' dir='ltr'>φύσιν</span> <span class='ocrx_word' id='word_1_215' title='bbox 2444 1466 2544 1537; x_wconf 76' lang='grc' dir='ltr'>μὲν</span> <span class='ocrx_word' id='word_1_216' title='bbox 2573 1464 2768 1529; x_wconf 74' lang='grc' dir='ltr'>ταύτὰ,</span> <span class='ocrx_word' id='word_1_217' title='bbox 2798 1463 3019 1534; x_wconf 81' lang='grc' dir='ltr'>ἀριθμῷ</span> <span class='ocrx_word' id='word_1_218' title='bbox 3066 1463 3124 1517; x_wconf 76' lang='grc' dir='ltr'>δὲ</span> <span class='ocrx_word' id='word_1_219' title='bbox 3151 1462 3509 1532; x_wconf 79' lang='grc' dir='ltr'>διαφέροντα·</span> <span class='ocrx_word' id='word_1_220' title='bbox 3544 1463 3579 1534; x_wconf 75' lang='grc' dir='ltr'>ἢ</span> <span class='ocrx_word' id='word_1_221' title='bbox 3618 1465 3693 1515; x_wconf 65' lang='lat' dir='ltr'><strong>ti</strong></span> 
     </span>
    </p>
   </div>
   <div class='ocr_carea' id='block_1_29' title="bbox 414 1548 2007 1641">
    <p class='ocr_par' dir='ltr' id='par_1_29' title="bbox 414 1569 2002 1641">
     <span class='ocr_line' id='line_1_29' title="bbox 414 1569 2002 1641; baseline -0.003 -12"><span class='ocrx_word' id='word_1_222' title='bbox 414 1572 827 1636; x_wconf 75' lang='lat' dir='ltr'><strong>substantialia,</strong></span> <span class='ocrx_word' id='word_1_223' title='bbox 868 1582 925 1628; x_wconf 92' lang='lat' dir='ltr'><strong>et</strong></span> <span class='ocrx_word' id='word_1_224' title='bbox 967 1586 1204 1641; x_wconf 88' lang='lat' dir='ltr'><strong>quorum</strong></span> <span class='ocrx_word' id='word_1_225' title='bbox 1238 1579 1321 1626; x_wconf 92' lang='lat' dir='ltr'><strong>est</strong></span> <span class='ocrx_word' id='word_1_226' title='bbox 1375 1569 1516 1624; x_wconf 87' lang='lat' dir='ltr'><strong>ratio</strong></span> <span class='ocrx_word' id='word_1_227' title='bbox 1545 1569 1801 1625; x_wconf 62' lang='lat' dir='ltr'><strong>essentia</strong></span> <span class='ocrx_word' id='word_1_228' title='bbox 1848 1585 2002 1625; x_wconf 86' lang='lat' dir='ltr'><strong>com-</strong></span> 
     </span>
    </p>
   </div>
   <div class='ocr_carea' id='block_1_30' title="bbox 2116 1548 3691 1641">
    <p class='ocr_par' dir='ltr' id='par_1_30' title="bbox 2116 1548 3691 1631">
     <span class='ocr_line' id='line_1_30' title="bbox 2116 1548 3691 1631; baseline -0.004 -18"><span class='ocrx_word' id='word_1_229' title='bbox 2116 1562 2169 1613; x_wconf 71' lang='grc' dir='ltr'><strong>ὲκ</strong></span> <span class='ocrx_word' id='word_1_230' title='bbox 2203 1558 2478 1631; x_wconf 88' lang='grc' dir='ltr'>διαφόρων</span> <span class='ocrx_word' id='word_1_231' title='bbox 2515 1556 2730 1627; x_wconf 85' lang='grc' dir='ltr'>φύσεων</span> <span class='ocrx_word' id='word_1_232' title='bbox 2781 1554 3126 1618; x_wconf 81' lang='grc' dir='ltr'>συνεστῶτα,</span> <span class='ocrx_word' id='word_1_233' title='bbox 3177 1552 3278 1625; x_wconf 80' lang='grc' dir='ltr'>τὴν</span> <span class='ocrx_word' id='word_1_234' title='bbox 3318 1553 3376 1607; x_wconf 75' lang='grc' dir='ltr'>δὲ</span> <span class='ocrx_word' id='word_1_235' title='bbox 3420 1552 3514 1608; x_wconf 78' lang='grc' dir='ltr'>τοῦ</span> <span class='ocrx_word' id='word_1_236' title='bbox 3547 1548 3691 1607; x_wconf 69' lang='grc' dir='ltr'>εἶναι</span> 
     </span>
    </p>
   </div>
   <div class='ocr_carea' id='block_1_31' title="bbox 426 1642 2007 1734">
    <p class='ocr_par' dir='ltr' id='par_1_31' title="bbox 426 1660 2002 1734">
     <span class='ocr_line' id='line_1_31' title="bbox 426 1660 2002 1734; baseline -0.001 -15"><span class='ocrx_word' id='word_1_237' title='bbox 426 1665 630 1719; x_wconf 88' lang='lat' dir='ltr'><strong>munis.</strong></span> <span class='ocrx_word' id='word_1_238' title='bbox 668 1663 926 1719; x_wconf 83' lang='lat' dir='ltr'><strong>Deﬁnitio</strong></span> <span class='ocrx_word' id='word_1_239' title='bbox 956 1679 1088 1718; x_wconf 89' lang='lat' dir='ltr'><strong>vero</strong></span> <span class='ocrx_word' id='word_1_240' title='bbox 1113 1662 1423 1734; x_wconf 79' lang='lat' dir='ltr'><strong>liypostasis</strong></span> <span class='ocrx_word' id='word_1_241' title='bbox 1448 1668 1535 1716; x_wconf 90' lang='lat' dir='ltr'><strong>est</strong></span> <span class='ocrx_word' id='word_1_242' title='bbox 1563 1660 1665 1732; x_wconf 89' lang='lat'><strong>(8),</strong></span> <span class='ocrx_word' id='word_1_243' title='bbox 1687 1662 1775 1717; x_wconf 92' lang='lat' dir='ltr'><strong>vel</strong></span> <span class='ocrx_word' id='word_1_244' title='bbox 1804 1670 2002 1717; x_wconf 89' lang='lat' dir='ltr'><strong>natura</strong></span> 
     </span>
    </p>
   </div>
   <div class='ocr_carea' id='block_1_32' title="bbox 2116 1642 3692 1734">
    <p class='ocr_par' dir='ltr' id='par_1_32' title="bbox 2116 1642 3692 1720">
     <span class='ocr_line' id='line_1_32' title="bbox 2116 1642 3692 1720; baseline -0.006 -13"><span class='ocrx_word' id='word_1_245' title='bbox 2116 1651 2391 1707; x_wconf 75' lang='grc' dir='ltr'>κοινωνίαν</span> <span class='ocrx_word' id='word_1_246' title='bbox 2420 1650 2540 1720; x_wconf 72' lang='grc' dir='ltr'><strong>ἅμα</strong></span> <span class='ocrx_word' id='word_1_247' title='bbox 2569 1665 2631 1701; x_wconf 89' lang='grc' dir='ltr'><strong>τε</strong></span> <span class='ocrx_word' id='word_1_248' title='bbox 2658 1646 2754 1701; x_wconf 74' lang='grc' dir='ltr'>καὶ</span> <span class='ocrx_word' id='word_1_249' title='bbox 2778 1648 2835 1700; x_wconf 76' lang='grc' dir='ltr'>ὲν</span> <span class='ocrx_word' id='word_1_250' title='bbox 2864 1645 3118 1714; x_wconf 81' lang='grc' dir='ltr'>ἀλλήλοις</span> <span class='ocrx_word' id='word_1_251' title='bbox 3159 1644 3475 1714; x_wconf 78' lang='grc' dir='ltr'>κεκτημένα</span> <span class='ocrx_word' id='word_1_252' title='bbox 3498 1662 3513 1675; x_wconf 88' lang='grc'><strong>·</strong></span> <span class='ocrx_word' id='word_1_253' title='bbox 3541 1642 3692 1698; x_wconf 71' lang='grc' dir='ltr'>οὕτω</span> 
     </span>
    </p>
   </div>
   <div class='ocr_carea' id='block_1_33' title="bbox 424 1717 2007 1825">
    <p class='ocr_par' dir='ltr' id='par_1_33' title="bbox 424 1754 2002 1825">
     <span class='ocr_line' id='line_1_33' title="bbox 424 1754 2002 1825; baseline 0 -17"><span class='ocrx_word' id='word_1_254' title='bbox 424 1755 648 1825; x_wconf 86' lang='lat' dir='ltr'><strong>quidem</strong></span> <span class='ocrx_word' id='word_1_255' title='bbox 687 1755 905 1818; x_wconf 88' lang='lat' dir='ltr'><strong>eadem,</strong></span> <span class='ocrx_word' id='word_1_256' title='bbox 958 1769 1191 1809; x_wconf 82' lang='lat' dir='ltr'><strong>numero</strong></span> <span class='ocrx_word' id='word_1_257' title='bbox 1234 1771 1366 1809; x_wconf 88' lang='lat' dir='ltr'><strong>vero</strong></span> <span class='ocrx_word' id='word_1_258' title='bbox 1402 1755 1751 1821; x_wconf 69' lang='lat' dir='ltr'><strong>differentia;</strong></span> <span class='ocrx_word' id='word_1_259' title='bbox 1804 1754 1887 1809; x_wconf 85' lang='lat' dir='ltr'><strong>vel</strong></span> <span class='ocrx_word' id='word_1_260' title='bbox 1932 1769 2002 1809; x_wconf 77' lang='lat' dir='ltr'><strong>ex</strong></span> 
     </span>
    </p>
   </div>
   <div class='ocr_carea' id='block_1_34' title="bbox 2116 1717 3694 1825">
    <p class='ocr_par' dir='ltr' id='par_1_34' title="bbox 2116 1717 3694 1809">
     <span class='ocr_line' id='line_1_34' title="bbox 2116 1717 3694 1809; baseline -0.003 -16"><span class='ocrx_word' id='word_1_261' title='bbox 2116 1740 2169 1809; x_wconf 75' lang='grc' dir='ltr'>γέ</span> <span class='ocrx_word' id='word_1_262' title='bbox 2192 1739 2276 1793; x_wconf 89' lang='grc' dir='ltr'><strong>τοί</strong></span> <span class='ocrx_word' id='word_1_263' title='bbox 2316 1717 2846 1809; x_wconf 26' lang='grc' dir='ltr'>φημινκοινωνοῦντα</span> <span class='ocrx_word' id='word_1_264' title='bbox 2889 1733 2983 1788; x_wconf 83' lang='grc' dir='ltr'>τοῦ</span> <span class='ocrx_word' id='word_1_265' title='bbox 3025 1730 3187 1799; x_wconf 82' lang='grc' dir='ltr'>εἶναι,</span> <span class='ocrx_word' id='word_1_266' title='bbox 3212 1735 3314 1804; x_wconf 80' lang='grc' dir='ltr'><strong>οὐχ</strong></span> <span class='ocrx_word' id='word_1_267' title='bbox 3334 1735 3410 1796; x_wconf 81' lang='grc' dir='ltr'>ὡς</span> <span class='ocrx_word' id='word_1_268' title='bbox 3445 1735 3694 1805; x_wconf 66' lang='grc' dir='ltr'>συμπληο</span> 
     </span>
    </p>
   </div>
   <div class='ocr_carea' id='block_1_35' title="bbox 423 1826 2007 1916">
    <p class='ocr_par' dir='ltr' id='par_1_35' title="bbox 423 1844 2004 1916">
     <span class='ocr_line' id='line_1_35' title="bbox 423 1844 2004 1916; baseline 0.001 -16"><span class='ocrx_word' id='word_1_269' title='bbox 423 1844 815 1901; x_wconf 77' lang='lat' dir='ltr'><strong>diﬂerentibus</strong></span> <span class='ocrx_word' id='word_1_270' title='bbox 834 1845 1050 1899; x_wconf 87' lang='lat' dir='ltr'><strong>naturis</strong></span> <span class='ocrx_word' id='word_1_271' title='bbox 1071 1845 1395 1916; x_wconf 88' lang='lat' dir='ltr'><strong>composita,</strong></span> <span class='ocrx_word' id='word_1_272' title='bbox 1414 1845 1857 1902; x_wconf 87' lang='lat' dir='ltr'><strong>communionem</strong></span> <span class='ocrx_word' id='word_1_273' title='bbox 1871 1860 2004 1901; x_wconf 90' lang='lat' dir='ltr'><strong>vero</strong></span> 
     </span>
    </p>
   </div>
   <div class='ocr_carea' id='block_1_36' title="bbox 2116 1826 3696 1916">
    <p class='ocr_par' dir='ltr' id='par_1_36' title="bbox 2116 1826 3696 1904">
     <span class='ocr_line' id='line_1_36' title="bbox 2116 1826 3696 1904; baseline -0.003 -18"><span class='ocrx_word' id='word_1_274' title='bbox 2116 1831 2316 1904; x_wconf 80' lang='grc' dir='ltr'>ρωτικὰ</span> <span class='ocrx_word' id='word_1_275' title='bbox 2348 1832 2448 1900; x_wconf 83' lang='grc' dir='ltr'><strong>τῆς</strong></span> <span class='ocrx_word' id='word_1_276' title='bbox 2478 1828 2725 1901; x_wconf 82' lang='grc' dir='ltr'>ἀλλήλων</span> <span class='ocrx_word' id='word_1_277' title='bbox 2777 1827 2986 1891; x_wconf 77' lang='grc' dir='ltr'>οὐσίας,</span> <span class='ocrx_word' id='word_1_278' title='bbox 3040 1827 3176 1899; x_wconf 80' lang='grc' dir='ltr'>ὅπερ</span> <span class='ocrx_word' id='word_1_279' title='bbox 3209 1826 3358 1880; x_wconf 73' lang='grc' dir='ltr'>ἔστιν</span> <span class='ocrx_word' id='word_1_280' title='bbox 3417 1827 3543 1881; x_wconf 76' lang='grc' dir='ltr'><strong>ἰδεῖν</strong></span> <span class='ocrx_word' id='word_1_281' title='bbox 3592 1828 3696 1883; x_wconf 75' lang='grc' dir='ltr'><strong>ἐπὶ</strong></span> 
     </span>
    </p>
   </div>
   <div class='ocr_carea' id='block_1_37' title="bbox 423 1917 2007 2009">
    <p class='ocr_par' dir='ltr' id='par_1_37' title="bbox 423 1935 2001 2009">
     <span class='ocr_line' id='line_1_37' title="bbox 423 1935 2001 2009; baseline 0.001 -19"><span class='ocrx_word' id='word_1_282' title='bbox 423 1935 680 1991; x_wconf 58' lang='lat' dir='ltr'><strong>essentia</strong></span> <span class='ocrx_word' id='word_1_283' title='bbox 712 1935 788 2007; x_wconf 84' lang='lat'><strong>(9)</strong></span> <span class='ocrx_word' id='word_1_284' title='bbox 821 1936 986 1992; x_wconf 86' lang='lat' dir='ltr'><strong>simul</strong></span> <span class='ocrx_word' id='word_1_285' title='bbox 1031 1936 1199 1993; x_wconf 90' lang='lat' dir='ltr'><strong>etiam</strong></span> <span class='ocrx_word' id='word_1_286' title='bbox 1250 1935 1393 1992; x_wconf 87' lang='lat' dir='ltr'><strong>inter</strong></span> <span class='ocrx_word' id='word_1_287' title='bbox 1436 1952 1494 1992; x_wconf 90' lang='lat' dir='ltr'><strong>se</strong></span> <span class='ocrx_word' id='word_1_288' title='bbox 1547 1936 1659 2009; x_wconf 75' lang='lat'><strong>(10)</strong></span> <span class='ocrx_word' id='word_1_289' title='bbox 1707 1936 2001 2001; x_wconf 87' lang='lat' dir='ltr'><strong>habentia,</strong></span> 
     </span>
    </p>
   </div>
   <div class='ocr_carea' id='block_1_38' title="bbox 2116 1917 3696 2009">
    <p class='ocr_par' dir='ltr' id='par_1_38' title="bbox 2116 1917 3696 1989">
     <span class='ocr_line' id='line_1_38' title="bbox 2116 1917 3696 1989; baseline -0.003 -13"><span class='ocrx_word' id='word_1_290' title='bbox 2116 1922 2214 1977; x_wconf 75' lang='grc' dir='ltr'><strong>τῶν</strong></span> <span class='ocrx_word' id='word_1_291' title='bbox 2250 1919 2450 1976; x_wconf 77' lang='grc' dir='ltr'>οὐσιῶν</span> <span class='ocrx_word' id='word_1_292' title='bbox 2485 1919 2582 1974; x_wconf 75' lang='grc' dir='ltr'>καὶ</span> <span class='ocrx_word' id='word_1_293' title='bbox 2626 1918 2736 1973; x_wconf 86' lang='grc' dir='ltr'><strong>τῶν</strong></span> <span class='ocrx_word' id='word_1_294' title='bbox 2761 1917 3036 1982; x_wconf 81' lang='grc' dir='ltr'>οὑσιωδῶς</span> <span class='ocrx_word' id='word_1_295' title='bbox 3073 1918 3194 1971; x_wconf 84' lang='grc' dir='ltr'>κατ’</span> <span class='ocrx_word' id='word_1_296' title='bbox 3225 1918 3405 1971; x_wconf 84' lang='grc' dir='ltr'>αὑτῶν</span> <span class='ocrx_word' id='word_1_297' title='bbox 3452 1935 3696 1989; x_wconf 58' lang='grc' dir='ltr'>κατηγο.</span> 
     </span>
    </p>
   </div>
   <div class='ocr_carea' id='block_1_39' title="bbox 425 2004 2007 2098">
    <p class='ocr_par' dir='ltr' id='par_1_39' title="bbox 425 2004 2001 2098">
     <span class='ocr_line' id='line_1_39' title="bbox 425 2004 2001 2098; baseline 0.001 -18"><span class='ocrx_word' id='word_1_298' title='bbox 425 2040 536 2082; x_wconf 89' lang='lat' dir='ltr'><strong>non</strong></span> <span class='ocrx_word' id='word_1_299' title='bbox 592 2004 855 2097; x_wconf 82' lang='lat' dir='ltr'><strong>tanquam</strong></span> <span class='ocrx_word' id='word_1_300' title='bbox 906 2028 1240 2098; x_wconf 89' lang='lat' dir='ltr'><strong>complentia</strong></span> <span class='ocrx_word' id='word_1_301' title='bbox 1293 2004 1658 2083; x_wconf 84' lang='lat' dir='ltr'><strong>substantiam</strong></span> <span class='ocrx_word' id='word_1_302' title='bbox 1710 2028 1857 2083; x_wconf 87' lang='lat' dir='ltr'><strong>inter</strong></span> <span class='ocrx_word' id='word_1_303' title='bbox 1921 2042 2001 2082; x_wconf 88' lang='lat' dir='ltr'><strong>se.</strong></span> 
     </span>
    </p>
   </div>
   <div class='ocr_carea' id='block_1_40' title="bbox 2116 2004 3694 2098">
    <p class='ocr_par' dir='ltr' id='par_1_40' title="bbox 2116 2004 3694 2086">
     <span class='ocr_line' id='line_1_40' title="bbox 2116 2004 3694 2086; baseline -0.003 -17"><span class='ocrx_word' id='word_1_304' title='bbox 2116 2032 2200 2086; x_wconf 79' lang='grc' dir='ltr'><strong>ρου</strong></span> <span class='ocrx_word' id='word_1_305' title='bbox 2208 2015 2406 2086; x_wconf 86' lang='grc' dir='ltr'>μένων,</span> <span class='ocrx_word' id='word_1_306' title='bbox 2443 2014 2728 2083; x_wconf 83' lang='grc' dir='ltr'>ποιότητες</span> <span class='ocrx_word' id='word_1_307' title='bbox 2743 2010 2802 2064; x_wconf 73' lang='grc' dir='ltr'>δὲ</span> <span class='ocrx_word' id='word_1_308' title='bbox 2825 2004 2991 2066; x_wconf 75' lang='grc' dir='ltr'>αὗται</span> <span class='ocrx_word' id='word_1_309' title='bbox 3019 2010 3333 2073; x_wconf 80' lang='grc' dir='ltr'>καλοῦνται,</span> <span class='ocrx_word' id='word_1_310' title='bbox 3352 2009 3466 2064; x_wconf 82' lang='grc' dir='ltr'>ἀλλ’</span> <span class='ocrx_word' id='word_1_311' title='bbox 3491 2011 3567 2077; x_wconf 82' lang='grc' dir='ltr'>ὡς</span> <span class='ocrx_word' id='word_1_312' title='bbox 3589 2011 3694 2082; x_wconf 80' lang='grc' dir='ltr'>τῆς</span> 
     </span>
    </p>
   </div>
   <div class='ocr_carea' id='block_1_41' title="bbox 420 2116 2007 2189">
    <p class='ocr_par' dir='ltr' id='par_1_41' title="bbox 420 2116 2007 2189">
     <span class='ocr_line' id='line_1_41' title="bbox 420 2116 2007 2189; baseline 0.001 -18"><span class='ocrx_word' id='word_1_313' title='bbox 420 2116 581 2184; x_wconf 86' lang='lat' dir='ltr'><strong>Quod</strong></span> <span class='ocrx_word' id='word_1_314' title='bbox 607 2118 832 2188; x_wconf 85' lang='lat' dir='ltr'><strong>quidem</strong></span> <span class='ocrx_word' id='word_1_315' title='bbox 861 2118 923 2173; x_wconf 84' lang='lat' dir='ltr'><strong>ﬁt</strong></span> <span class='ocrx_word' id='word_1_316' title='bbox 953 2119 1009 2174; x_wconf 92' lang='lat' dir='ltr'><strong>in</strong></span> <span class='ocrx_word' id='word_1_317' title='bbox 1039 2119 1387 2185; x_wconf 88' lang='lat' dir='ltr'><strong>substantiis,</strong></span> <span class='ocrx_word' id='word_1_318' title='bbox 1417 2129 1474 2173; x_wconf 89' lang='lat' dir='ltr'><strong>et</strong></span> <span class='ocrx_word' id='word_1_319' title='bbox 1502 2118 1571 2174; x_wconf 93' lang='lat' dir='ltr'><strong>iis</strong></span> <span class='ocrx_word' id='word_1_320' title='bbox 1603 2133 1726 2189; x_wconf 63' lang='lat' dir='ltr'><strong>quae</strong></span> <span class='ocrx_word' id='word_1_321' title='bbox 1751 2119 2007 2173; x_wconf 89' lang='lat' dir='ltr'><strong>substan-</strong></span> 
     </span>
    </p>
   </div>
   <div class='ocr_carea' id='block_1_42' title="bbox 425 2208 2005 2282">
    <p class='ocr_par' dir='ltr' id='par_1_42' title="bbox 425 2208 2005 2282">
     <span class='ocr_line' id='line_1_42' title="bbox 425 2208 2005 2282; baseline 0.002 -20"><span class='ocrx_word' id='word_1_322' title='bbox 425 2208 634 2265; x_wconf 88' lang='lat' dir='ltr'><strong>tialiter</strong></span> <span class='ocrx_word' id='word_1_323' title='bbox 665 2210 734 2266; x_wconf 89' lang='lat' dir='ltr'><strong>de</strong></span> <span class='ocrx_word' id='word_1_324' title='bbox 765 2211 901 2280; x_wconf 87' lang='lat' dir='ltr'><strong>ipsis</strong></span> <span class='ocrx_word' id='word_1_325' title='bbox 936 2211 1329 2282; x_wconf 64' lang='lat' dir='ltr'><strong>praedicantur,</strong></span> <span class='ocrx_word' id='word_1_326' title='bbox 1375 2227 1498 2281; x_wconf 60' lang='lat' dir='ltr'><strong>qua</strong></span> <span class='ocrx_word' id='word_1_327' title='bbox 1530 2210 1793 2266; x_wconf 88' lang='lat' dir='ltr'><strong>dicuntur</strong></span> <span class='ocrx_word' id='word_1_328' title='bbox 1823 2211 2005 2281; x_wconf 90' lang='lat' dir='ltr'><strong>quali-</strong></span> 
     </span>
    </p>
   </div>
   <div class='ocr_carea' id='block_1_43' title="bbox 426 2301 2005 2373">
    <p class='ocr_par' dir='ltr' id='par_1_43' title="bbox 426 2301 2005 2373">
     <span class='ocr_line' id='line_1_43' title="bbox 426 2301 2005 2373; baseline 0.002 -18"><span class='ocrx_word' id='word_1_329' title='bbox 426 2308 589 2368; x_wconf 88' lang='lat' dir='ltr'><strong>tates,</strong></span> <span class='ocrx_word' id='word_1_330' title='bbox 609 2301 704 2357; x_wconf 89' lang='lat' dir='ltr'><strong>sed</strong></span> <span class='ocrx_word' id='word_1_331' title='bbox 732 2309 993 2373; x_wconf 89' lang='lat' dir='ltr'><strong>tanquam</strong></span> <span class='ocrx_word' id='word_1_332' title='bbox 1033 2304 1361 2359; x_wconf 91' lang='lat' dir='ltr'><strong>alterutrius</strong></span> <span class='ocrx_word' id='word_1_333' title='bbox 1380 2314 1596 2368; x_wconf 89' lang='lat' dir='ltr'><strong>natura,</strong></span> <span class='ocrx_word' id='word_1_334' title='bbox 1620 2312 1677 2358; x_wconf 92' lang='lat' dir='ltr'><strong>et</strong></span> <span class='ocrx_word' id='word_1_335' title='bbox 1696 2302 2005 2358; x_wconf 87' lang='lat' dir='ltr'><strong>substantia</strong></span> 
     </span>
    </p>
   </div>
   <div class='ocr_carea' id='block_1_44' title="bbox 428 2392 2008 2463">
    <p class='ocr_par' dir='ltr' id='par_1_44' title="bbox 428 2392 2008 2463">
     <span class='ocr_line' id='line_1_44' title="bbox 428 2392 2008 2463; baseline 0.001 -19"><span class='ocrx_word' id='word_1_336' title='bbox 428 2406 539 2445; x_wconf 87' lang='lat' dir='ltr'><strong>non</strong></span> <span class='ocrx_word' id='word_1_337' title='bbox 590 2399 853 2448; x_wconf 89' lang='lat' dir='ltr'><strong>cernatur</strong></span> <span class='ocrx_word' id='word_1_338' title='bbox 903 2407 1005 2463; x_wconf 91' lang='lat' dir='ltr'><strong>per</strong></span> <span class='ocrx_word' id='word_1_339' title='bbox 1053 2407 1150 2458; x_wconf 91' lang='lat' dir='ltr'><strong>se,</strong></span> <span class='ocrx_word' id='word_1_340' title='bbox 1204 2392 1301 2448; x_wconf 89' lang='lat' dir='ltr'><strong>sed</strong></span> <span class='ocrx_word' id='word_1_341' title='bbox 1363 2407 1489 2449; x_wconf 92' lang='lat' dir='ltr'><strong>cum</strong></span> <span class='ocrx_word' id='word_1_342' title='bbox 1547 2392 1885 2463; x_wconf 88' lang='lat' dir='ltr'><strong>composita,</strong></span> <span class='ocrx_word' id='word_1_343' title='bbox 1948 2399 2008 2447; x_wconf 88' lang='lat' dir='ltr'><strong>et</strong></span> 
     </span>
    </p>
   </div>
   <div class='ocr_carea' id='block_1_45' title="bbox 424 2482 2008 2557">
    <p class='ocr_par' dir='ltr' id='par_1_45' title="bbox 424 2482 2008 2557">
     <span class='ocr_line' id='line_1_45' title="bbox 424 2482 2008 2557; baseline 0.003 -21"><span class='ocrx_word' id='word_1_344' title='bbox 424 2482 663 2539; x_wconf 86' lang='lat' dir='ltr'><strong>coinsita</strong></span> <span class='ocrx_word' id='word_1_345' title='bbox 690 2482 824 2557; x_wconf 78' lang='lat' dir='ltr'><strong>(li).</strong></span> <span class='ocrx_word' id='word_1_346' title='bbox 855 2482 1012 2550; x_wconf 87' lang='lat' dir='ltr'><strong>Quod</strong></span> <span class='ocrx_word' id='word_1_347' title='bbox 1043 2484 1267 2555; x_wconf 90' lang='lat' dir='ltr'><strong>quidem</strong></span> <span class='ocrx_word' id='word_1_348' title='bbox 1297 2492 1354 2540; x_wconf 91' lang='lat' dir='ltr'><strong>et</strong></span> <span class='ocrx_word' id='word_1_349' title='bbox 1387 2484 1443 2539; x_wconf 90' lang='lat' dir='ltr'><strong>in</strong></span> <span class='ocrx_word' id='word_1_350' title='bbox 1472 2483 1597 2540; x_wconf 87' lang='lat' dir='ltr'><strong>aliis</strong></span> <span class='ocrx_word' id='word_1_351' title='bbox 1639 2484 1808 2540; x_wconf 87' lang='lat' dir='ltr'><strong>rebus</strong></span> <span class='ocrx_word' id='word_1_352' title='bbox 1849 2499 2008 2555; x_wconf 83' lang='lat' dir='ltr'><strong>repe-</strong></span> 
     </span>
    </p>
   </div>
   <div class='ocr_carea' id='block_1_46' title="bbox 428 2575 2006 2647">
    <p class='ocr_par' dir='ltr' id='par_1_46' title="bbox 428 2575 2006 2647">
     <span class='ocr_line' id='line_1_46' title="bbox 428 2575 2006 2647; baseline 0.003 -19"><span class='ocrx_word' id='word_1_353' title='bbox 428 2575 572 2629; x_wconf 85' lang='lat' dir='ltr'><strong>ritur</strong></span> <span class='ocrx_word' id='word_1_354' title='bbox 594 2615 609 2641; x_wconf 92' lang='lat'><strong>,</strong></span> <span class='ocrx_word' id='word_1_355' title='bbox 648 2583 706 2630; x_wconf 90' lang='lat' dir='ltr'><strong>et</strong></span> <span class='ocrx_word' id='word_1_356' title='bbox 735 2591 845 2631; x_wconf 91' lang='lat' dir='ltr'><strong>non</strong></span> <span class='ocrx_word' id='word_1_357' title='bbox 878 2577 1061 2632; x_wconf 89' lang='lat' dir='ltr'><strong>minus</strong></span> <span class='ocrx_word' id='word_1_358' title='bbox 1088 2577 1144 2630; x_wconf 89' lang='lat' dir='ltr'><strong>in</strong></span> <span class='ocrx_word' id='word_1_359' title='bbox 1182 2576 1363 2631; x_wconf 89' lang='lat' dir='ltr'><strong>anima</strong></span> <span class='ocrx_word' id='word_1_360' title='bbox 1397 2588 1453 2631; x_wconf 89' lang='lat' dir='ltr'><strong>et</strong></span> <span class='ocrx_word' id='word_1_361' title='bbox 1492 2591 1743 2647; x_wconf 88' lang='lat' dir='ltr'><strong>corpore,</strong></span> <span class='ocrx_word' id='word_1_362' title='bbox 1770 2592 2006 2647; x_wconf 88' lang='lat' dir='ltr'><strong>quorum</strong></span> 
     </span>
    </p>
   </div>
   <div class='ocr_carea' id='block_1_47' title="bbox 427 2665 2008 2739">
    <p class='ocr_par' dir='ltr' id='par_1_47' title="bbox 427 2665 2008 2739">
     <span class='ocr_line' id='line_1_47' title="bbox 427 2665 2008 2739; baseline 0.003 -19"><span class='ocrx_word' id='word_1_363' title='bbox 427 2665 738 2721; x_wconf 90' lang='lat' dir='ltr'><strong>communis</strong></span> <span class='ocrx_word' id='word_1_364' title='bbox 769 2667 997 2737; x_wconf 90' lang='lat' dir='ltr'><strong>quidem</strong></span> <span class='ocrx_word' id='word_1_365' title='bbox 1027 2667 1360 2739; x_wconf 77' lang='lat' dir='ltr'><strong>hypostasis,</strong></span> <span class='ocrx_word' id='word_1_366' title='bbox 1388 2667 1613 2738; x_wconf 87' lang='lat' dir='ltr'><strong>propria</strong></span> <span class='ocrx_word' id='word_1_367' title='bbox 1641 2682 1775 2724; x_wconf 70' lang='lat' dir='ltr'><strong>vero</strong></span> <span class='ocrx_word' id='word_1_368' title='bbox 1807 2676 2008 2725; x_wconf 84' lang='lat' dir='ltr'><strong>natura</strong></span> 
     </span>
    </p>
   </div>
   <div class='ocr_carea' id='block_1_48' title="bbox 428 2757 963 2814">
    <p class='ocr_par' dir='ltr' id='par_1_48' title="bbox 428 2757 963 2814">
     <span class='ocr_line' id='line_1_48' title="bbox 428 2757 963 2814; baseline 0 -1"><span class='ocrx_word' id='word_1_369' title='bbox 428 2771 485 2813; x_wconf 83' lang='lat' dir='ltr'><strong>et</strong></span> <span class='ocrx_word' id='word_1_370' title='bbox 511 2757 655 2813; x_wconf 89' lang='lat' dir='ltr'><strong>ratio</strong></span> <span class='ocrx_word' id='word_1_371' title='bbox 680 2757 963 2814; x_wconf 77' lang='lat' dir='ltr'><strong>differens.</strong></span> 
     </span>
    </p>
   </div>
   <div class='ocr_carea' id='block_1_49' title="bbox 500 2849 2008 2924">
    <p class='ocr_par' dir='ltr' id='par_1_49' title="bbox 500 2849 2008 2924">
     <span class='ocr_line' id='line_1_49' title="bbox 500 2849 2008 2924; baseline 0.001 -19"><span class='ocrx_word' id='word_1_372' title='bbox 500 2849 586 2916; x_wconf 83' lang='lat' dir='ltr'><strong>At,</strong></span> <span class='ocrx_word' id='word_1_373' title='bbox 631 2850 913 2920; x_wconf 90' lang='lat' dir='ltr'><strong>inquiunt,</strong></span> <span class='ocrx_word' id='word_1_374' title='bbox 955 2850 1124 2905; x_wconf 91' lang='lat' dir='ltr'><strong>homo</strong></span> <span class='ocrx_word' id='word_1_375' title='bbox 1158 2849 1261 2906; x_wconf 85' lang='lat' dir='ltr'><strong>etsi</strong></span> <span class='ocrx_word' id='word_1_376' title='bbox 1296 2865 1366 2907; x_wconf 79' lang='lat' dir='ltr'><strong>ex</strong></span> <span class='ocrx_word' id='word_1_377' title='bbox 1401 2850 1787 2909; x_wconf 66' lang='lat' dir='ltr'><strong>diﬂ‘erentihus</strong></span> <span class='ocrx_word' id='word_1_378' title='bbox 1824 2853 2008 2924; x_wconf 88' lang='lat' dir='ltr'><strong>specie</strong></span> 
     </span>
    </p>
   </div>
   <div class='ocr_carea' id='block_1_50' title="bbox 427 2941 2008 3010">
    <p class='ocr_par' dir='ltr' id='par_1_50' title="bbox 427 2941 2008 3010">
     <span class='ocr_line' id='line_1_50' title="bbox 427 2941 2008 3010; baseline 0.004 -16"><span class='ocrx_word' id='word_1_379' title='bbox 427 2941 771 3010; x_wconf 89' lang='lat' dir='ltr'><strong>compositus</strong></span> <span class='ocrx_word' id='word_1_380' title='bbox 800 2949 904 3006; x_wconf 91' lang='lat' dir='ltr'><strong>est,</strong></span> <span class='ocrx_word' id='word_1_381' title='bbox 935 2950 1195 2997; x_wconf 91' lang='lat' dir='ltr'><strong>neutrum</strong></span> <span class='ocrx_word' id='word_1_382' title='bbox 1234 2950 1421 2998; x_wconf 87' lang='lat' dir='ltr'><strong>tamen</strong></span> <span class='ocrx_word' id='word_1_383' title='bbox 1449 2959 1644 2999; x_wconf 90' lang='lat' dir='ltr'><strong>eorum</strong></span> <span class='ocrx_word' id='word_1_384' title='bbox 1670 2944 1792 3001; x_wconf 89' lang='lat' dir='ltr'><strong>sine</strong></span> <span class='ocrx_word' id='word_1_385' title='bbox 1831 2945 2008 3001; x_wconf 88' lang='lat' dir='ltr'><strong>altero</strong></span> 
     </span>
    </p>
   </div>
   <div class='ocr_carea' id='block_1_51' title="bbox 2105 2102 3695 2180">
    <p class='ocr_par' dir='ltr' id='par_1_51' title="bbox 2105 2102 3695 2180">
     <span class='ocr_line' id='line_1_51' title="bbox 2105 2102 3695 2180; baseline -0.002 -18"><span class='ocrx_word' id='word_1_386' title='bbox 2105 2108 2338 2180; x_wconf 81' lang='grc' dir='ltr'>θατέρου</span> <span class='ocrx_word' id='word_1_387' title='bbox 2368 2106 2583 2176; x_wconf 84' lang='grc' dir='ltr'>φύσεως</span> <span class='ocrx_word' id='word_1_388' title='bbox 2610 2104 2704 2160; x_wconf 71' lang='grc' dir='ltr'><strong>καὶ</strong></span> <span class='ocrx_word' id='word_1_389' title='bbox 2730 2103 2940 2171; x_wconf 77' lang='grc' dir='ltr'>οὐσίας,</span> <span class='ocrx_word' id='word_1_390' title='bbox 2980 2102 3055 2174; x_wconf 81' lang='grc' dir='ltr'>μὴ</span> <span class='ocrx_word' id='word_1_391' title='bbox 3081 2103 3203 2159; x_wconf 78' lang='grc' dir='ltr'>καθ’</span> <span class='ocrx_word' id='word_1_392' title='bbox 3226 2103 3429 2177; x_wconf 77' lang='grc' dir='ltr'>ἑαυτὴν</span> <span class='ocrx_word' id='word_1_393' title='bbox 3451 2104 3695 2176; x_wconf 79' lang='grc' dir='ltr'>θεωρου-</span> 
     </span>
    </p>
   </div>
   <div class='ocr_carea' id='block_1_52' title="bbox 2108 2197 3691 2273">
    <p class='ocr_par' dir='ltr' id='par_1_52' title="bbox 2108 2197 3691 2273">
     <span class='ocr_line' id='line_1_52' title="bbox 2108 2197 3691 2273; baseline -0.001 -19"><span class='ocrx_word' id='word_1_394' title='bbox 2108 2202 2298 2273; x_wconf 79' lang='grc' dir='ltr'>μένης,</span> <span class='ocrx_word' id='word_1_395' title='bbox 2334 2199 2471 2254; x_wconf 76' lang='grc' dir='ltr'>ἀλλὰ</span> <span class='ocrx_word' id='word_1_396' title='bbox 2512 2197 2651 2270; x_wconf 80' lang='grc' dir='ltr'>μετὰ</span> <span class='ocrx_word' id='word_1_397' title='bbox 2689 2198 2789 2268; x_wconf 78' lang='grc' dir='ltr'>τῆς</span> <span class='ocrx_word' id='word_1_398' title='bbox 2837 2197 3206 2269; x_wconf 78' lang='grc' dir='ltr'>συγκειμένης</span> <span class='ocrx_word' id='word_1_399' title='bbox 3247 2197 3344 2252; x_wconf 67' lang='grc' dir='ltr'>καὶ</span> <span class='ocrx_word' id='word_1_400' title='bbox 3393 2215 3691 2269; x_wconf 75' lang='grc' dir='ltr'>συμπεφυο</span> 
     </span>
    </p>
   </div>
   <div class='ocr_carea' id='block_1_53' title="bbox 2106 2289 3694 2362">
    <p class='ocr_par' dir='ltr' id='par_1_53' title="bbox 2106 2289 3694 2362">
     <span class='ocr_line' id='line_1_53' title="bbox 2106 2289 3694 2362; baseline -0.001 -16"><span class='ocrx_word' id='word_1_401' title='bbox 2106 2293 2287 2355; x_wconf 84' lang='grc' dir='ltr'>κυίας.</span> <span class='ocrx_word' id='word_1_402' title='bbox 2319 2292 2497 2362; x_wconf 84' lang='grc' dir='ltr'>Ὅπερ</span> <span class='ocrx_word' id='word_1_403' title='bbox 2527 2290 2593 2344; x_wconf 74' lang='grc' dir='ltr'>ἄν</span> <span class='ocrx_word' id='word_1_404' title='bbox 2612 2307 2697 2354; x_wconf 87' lang='grc' dir='ltr'><strong>τις</strong></span> <span class='ocrx_word' id='word_1_405' title='bbox 2722 2289 2874 2360; x_wconf 74' lang='grc' dir='ltr'>εὖροι</span> <span class='ocrx_word' id='word_1_406' title='bbox 2899 2290 2996 2344; x_wconf 74' lang='grc' dir='ltr'><strong>κα)⁵</strong></span> <span class='ocrx_word' id='word_1_407' title='bbox 3017 2291 3103 2360; x_wconf 69' lang='grc' dir='ltr'><strong>ἐφ’</strong></span> <span class='ocrx_word' id='word_1_408' title='bbox 3132 2290 3341 2361; x_wconf 77' lang='grc' dir='ltr'>ἐτέρων</span> <span class='ocrx_word' id='word_1_409' title='bbox 3378 2291 3478 2360; x_wconf 65' lang='grc' dir='ltr'><strong>μὲν</strong></span> <span class='ocrx_word' id='word_1_410' title='bbox 3504 2307 3694 2362; x_wconf 83' lang='grc' dir='ltr'>πραγ-</span> 
     </span>
    </p>
   </div>
   <div class='ocr_carea' id='block_1_54' title="bbox 2109 2375 3696 2454">
    <p class='ocr_par' dir='ltr' id='par_1_54' title="bbox 2109 2375 3696 2454">
     <span class='ocr_line' id='line_1_54' title="bbox 2109 2375 3696 2454; baseline 0 -17"><span class='ocrx_word' id='word_1_411' title='bbox 2109 2383 2315 2454; x_wconf 79' lang='grc' dir='ltr'>μάτων,</span> <span class='ocrx_word' id='word_1_412' title='bbox 2351 2382 2449 2452; x_wconf 83' lang='grc' dir='ltr'><strong>οὑχ</strong></span> <span class='ocrx_word' id='word_1_413' title='bbox 2480 2380 2684 2451; x_wconf 75' lang='grc' dir='ltr'>ἥκιστα</span> <span class='ocrx_word' id='word_1_414' title='bbox 2734 2380 2794 2435; x_wconf 69' lang='grc' dir='ltr'>δὲ</span> <span class='ocrx_word' id='word_1_415' title='bbox 2843 2383 2937 2435; x_wconf 67' lang='grc' dir='ltr'><strong>ἐπὶ</strong></span> <span class='ocrx_word' id='word_1_416' title='bbox 2969 2382 3148 2453; x_wconf 78' lang='grc' dir='ltr'>ψυχῆς</span> <span class='ocrx_word' id='word_1_417' title='bbox 3177 2382 3275 2437; x_wconf 75' lang='grc' dir='ltr'>καὶ</span> <span class='ocrx_word' id='word_1_418' title='bbox 3316 2382 3587 2453; x_wconf 82' lang='grc' dir='ltr'>σώματος,</span> <span class='ocrx_word' id='word_1_419' title='bbox 3613 2375 3696 2438; x_wconf 75' lang='grc' dir='ltr'>ὧν</span> 
     </span>
    </p>
   </div>
   <div class='ocr_carea' id='block_1_55' title="bbox 2107 2473 3693 2547">
    <p class='ocr_par' dir='ltr' id='par_1_55' title="bbox 2107 2473 3693 2547">
     <span class='ocr_line' id='line_1_55' title="bbox 2107 2473 3693 2547; baseline 0.002 -18"><span class='ocrx_word' id='word_1_420' title='bbox 2107 2474 2262 2547; x_wconf 82' lang='grc' dir='ltr'>κοινὴ</span> <span class='ocrx_word' id='word_1_421' title='bbox 2296 2474 2397 2545; x_wconf 75' lang='grc' dir='ltr'>μὲν</span> <span class='ocrx_word' id='word_1_422' title='bbox 2424 2477 2458 2546; x_wconf 80' lang='grc' dir='ltr'>ἠ</span> <span class='ocrx_word' id='word_1_423' title='bbox 2494 2473 2813 2544; x_wconf 84' lang='grc' dir='ltr'>ὑπόστασις,</span> <span class='ocrx_word' id='word_1_424' title='bbox 2852 2473 2959 2530; x_wconf 81' lang='grc' dir='ltr'>ίδία</span> <span class='ocrx_word' id='word_1_425' title='bbox 2993 2475 3053 2531; x_wconf 73' lang='grc' dir='ltr'><strong>δδ</strong></span> <span class='ocrx_word' id='word_1_426' title='bbox 3078 2477 3112 2547; x_wconf 84' lang='grc' dir='ltr'><strong>ή</strong></span> <span class='ocrx_word' id='word_1_427' title='bbox 3144 2475 3330 2545; x_wconf 80' lang='grc' dir='ltr'>φύσις,</span> <span class='ocrx_word' id='word_1_428' title='bbox 3361 2476 3459 2532; x_wconf 73' lang='grc' dir='ltr'><strong>κα)⁵</strong></span> <span class='ocrx_word' id='word_1_429' title='bbox 3478 2478 3507 2531; x_wconf 87' lang='lat'><strong>6</strong></span> <span class='ocrx_word' id='word_1_430' title='bbox 3531 2475 3693 2544; x_wconf 88' lang='grc' dir='ltr'>λόγος</span> 
     </span>
    </p>
   </div>
   <div class='ocr_carea' id='block_1_56' title="bbox 2105 2568 2380 2640">
    <p class='ocr_par' dir='ltr' id='par_1_56' title="bbox 2105 2568 2380 2640">
     <span class='ocr_line' id='line_1_56' title="bbox 2105 2568 2380 2640; baseline -0.004 -16"><span class='ocrx_word' id='word_1_431' title='bbox 2105 2568 2380 2640; x_wconf 79' lang='grc' dir='ltr'>διάφορος.</span> 
     </span>
    </p>
   </div>
   <div class='ocr_carea' id='block_1_57' title="bbox 2192 2852 3694 2926">
    <p class='ocr_par' dir='ltr' id='par_1_57' title="bbox 2192 2852 3694 2926">
     <span class='ocr_line' id='line_1_57' title="bbox 2192 2852 3694 2926; baseline 0.003 -19"><span class='ocrx_word' id='word_1_432' title='bbox 2192 2852 2332 2907; x_wconf 79' lang='grc' dir='ltr'>Ἀλλ’</span> <span class='ocrx_word' id='word_1_433' title='bbox 2375 2854 2405 2907; x_wconf 92' lang='lat'><strong>6</strong></span> <span class='ocrx_word' id='word_1_434' title='bbox 2444 2853 2769 2922; x_wconf 74' lang='grc' dir='ltr'>ἄνθρωπος,</span> <span class='ocrx_word' id='word_1_435' title='bbox 2814 2854 2993 2922; x_wconf 76' lang='grc' dir='ltr'>φασὶν,</span> <span class='ocrx_word' id='word_1_436' title='bbox 3028 2856 3078 2907; x_wconf 81' lang='grc' dir='ltr'><strong>εί</strong></span> <span class='ocrx_word' id='word_1_437' title='bbox 3124 2858 3220 2909; x_wconf 76' lang='grc' dir='ltr'>καὶ</span> <span class='ocrx_word' id='word_1_438' title='bbox 3263 2856 3327 2922; x_wconf 65' lang='grc' dir='ltr'>ἐξ</span> <span class='ocrx_word' id='word_1_439' title='bbox 3369 2856 3694 2926; x_wconf 73' lang='grc' dir='ltr'>ἑτεροειδῶθ</span> 
     </span>
    </p>
   </div>
   <div class='ocr_carea' id='block_1_58' title="bbox 2110 2940 3686 3016">
    <p class='ocr_par' dir='ltr' id='par_1_58' title="bbox 2110 2940 3686 3016">
     <span class='ocr_line' id='line_1_58' title="bbox 2110 2940 3686 3016; baseline 0.001 -16"><span class='ocrx_word' id='word_1_440' title='bbox 2110 2946 2463 3016; x_wconf 84' lang='grc' dir='ltr'>συνέστηκεν,</span> <span class='ocrx_word' id='word_1_441' title='bbox 2500 2943 2615 2998; x_wconf 82' lang='grc' dir='ltr'>ἀλλ’</span> <span class='ocrx_word' id='word_1_442' title='bbox 2638 2940 2732 2999; x_wconf 82' lang='grc' dir='ltr'><strong>οὖν</strong></span> <span class='ocrx_word' id='word_1_443' title='bbox 2753 2945 2865 2999; x_wconf 79' lang='grc' dir='ltr'>οὐδ’</span> <span class='ocrx_word' id='word_1_444' title='bbox 2890 2944 3149 3015; x_wconf 79' lang='grc' dir='ltr'>ὁπότερον</span> <span class='ocrx_word' id='word_1_445' title='bbox 3167 2945 3351 2999; x_wconf 82' lang='grc' dir='ltr'>αὐτῶν</span> <span class='ocrx_word' id='word_1_446' title='bbox 3377 2946 3499 3016; x_wconf 87' lang='grc' dir='ltr'>δίχα</span> <span class='ocrx_word' id='word_1_447' title='bbox 3522 2947 3686 3001; x_wconf 78' lang='grc' dir='ltr'>θατέ-</span> 
     </span>
    </p>
   </div>
   <div class='ocr_carea' id='block_1_59' title="bbox 431 3029 2007 3110">
    <p class='ocr_par' dir='ltr' id='par_1_59' title="bbox 431 3032 2005 3093">
     <span class='ocr_line' id='line_1_59' title="bbox 431 3032 2005 3093; baseline 0.005 -8"><span class='ocrx_word' id='word_1_448' title='bbox 431 3032 597 3087; x_wconf 84' lang='lat' dir='ltr'><strong>habet</strong></span> <span class='ocrx_word' id='word_1_449' title='bbox 638 3034 960 3089; x_wconf 80' lang='lat' dir='ltr'><strong>essentiam.</strong></span> <span class='ocrx_word' id='word_1_450' title='bbox 1026 3033 1271 3090; x_wconf 83' lang='lat' dir='ltr'><strong>Verbum</strong></span> <span class='ocrx_word' id='word_1_451' title='bbox 1322 3042 1506 3091; x_wconf 89' lang='lat' dir='ltr'><strong>autem</strong></span> <span class='ocrx_word' id='word_1_452' title='bbox 1573 3045 1702 3092; x_wconf 90' lang='lat' dir='ltr'><strong>ante</strong></span> <span class='ocrx_word' id='word_1_453' title='bbox 1745 3037 2005 3093; x_wconf 88' lang='lat' dir='ltr'><strong>humani-</strong></span> 
     </span>
    </p>
   </div>
   <div class='ocr_carea' id='block_1_60' title="bbox 2116 3029 3682 3110">
    <p class='ocr_par' dir='ltr' id='par_1_60' title="bbox 2116 3029 3682 3109">
     <span class='ocr_line' id='line_1_60' title="bbox 2116 3029 3682 3109; baseline -0.001 -19"><span class='ocrx_word' id='word_1_454' title='bbox 2116 3053 2204 3109; x_wconf 87' lang='grc' dir='ltr'><strong>ρου</strong></span> <span class='ocrx_word' id='word_1_455' title='bbox 2223 3035 2284 3090; x_wconf 86' lang='grc' dir='ltr'><strong>τὸ</strong></span> <span class='ocrx_word' id='word_1_456' title='bbox 2309 3029 2450 3090; x_wconf 75' lang='grc' dir='ltr'>εἶναι</span> <span class='ocrx_word' id='word_1_457' title='bbox 2484 3034 2741 3107; x_wconf 74' lang='grc' dir='ltr'>ἔσχηκεν.</span> <span class='ocrx_word' id='word_1_458' title='bbox 2792 3035 2850 3088; x_wconf 89' lang='lat'><strong>&#39;0</strong></span> <span class='ocrx_word' id='word_1_459' title='bbox 2874 3034 2929 3088; x_wconf 75' lang='grc' dir='ltr'>δὲ</span> <span class='ocrx_word' id='word_1_460' title='bbox 2960 3034 3129 3102; x_wconf 80' lang='grc' dir='ltr'>Λόγος</span> <span class='ocrx_word' id='word_1_461' title='bbox 3154 3033 3271 3088; x_wconf 78' lang='grc' dir='ltr'>εστι</span> <span class='ocrx_word' id='word_1_462' title='bbox 3309 3036 3403 3090; x_wconf 73' lang='grc' dir='ltr'><strong>καὶ</strong></span> <span class='ocrx_word' id='word_1_463' title='bbox 3440 3035 3548 3107; x_wconf 80' lang='grc' dir='ltr'>πρὸ</span> <span class='ocrx_word' id='word_1_464' title='bbox 3577 3037 3682 3104; x_wconf 74' lang='grc' dir='ltr'>τῆς</span> 
     </span>
    </p>
   </div>
   <div class='ocr_carea' id='block_1_61' title="bbox 431 3127 2008 3200">
    <p class='ocr_par' dir='ltr' id='par_1_61' title="bbox 431 3127 2008 3200">
     <span class='ocr_line' id='line_1_61' title="bbox 431 3127 2008 3200; baseline 0.005 -21"><span class='ocrx_word' id='word_1_465' title='bbox 431 3135 597 3181; x_wconf 81' lang='lat' dir='ltr'><strong>tatem</strong></span> <span class='ocrx_word' id='word_1_466' title='bbox 630 3136 733 3187; x_wconf 89' lang='lat' dir='ltr'><strong>est,</strong></span> <span class='ocrx_word' id='word_1_467' title='bbox 763 3135 820 3181; x_wconf 91' lang='lat' dir='ltr'><strong>et</strong></span> <span class='ocrx_word' id='word_1_468' title='bbox 843 3127 1010 3182; x_wconf 90' lang='lat' dir='ltr'><strong>homo</strong></span> <span class='ocrx_word' id='word_1_469' title='bbox 1044 3127 1268 3198; x_wconf 88' lang='lat' dir='ltr'><strong>quidem</strong></span> <span class='ocrx_word' id='word_1_470' title='bbox 1296 3142 1364 3183; x_wconf 85' lang='lat' dir='ltr'><strong>ex</strong></span> <span class='ocrx_word' id='word_1_471' title='bbox 1393 3128 1731 3199; x_wconf 82' lang='lat' dir='ltr'><strong>imperfectis</strong></span> <span class='ocrx_word' id='word_1_472' title='bbox 1757 3130 2008 3200; x_wconf 88' lang='lat' dir='ltr'><strong>partibus</strong></span> 
     </span>
    </p>
   </div>
   <div class='ocr_carea' id='block_1_62' title="bbox 425 3217 2008 3291">
    <p class='ocr_par' dir='ltr' id='par_1_62' title="bbox 425 3217 2008 3291">
     <span class='ocr_line' id='line_1_62' title="bbox 425 3217 2008 3291; baseline 0.004 -20"><span class='ocrx_word' id='word_1_473' title='bbox 425 3227 679 3272; x_wconf 88' lang='lat' dir='ltr'><strong>constat:</strong></span> <span class='ocrx_word' id='word_1_474' title='bbox 715 3217 973 3273; x_wconf 89' lang='lat' dir='ltr'><strong>Christus</strong></span> <span class='ocrx_word' id='word_1_475' title='bbox 997 3234 1133 3273; x_wconf 86' lang='lat' dir='ltr'><strong>vero</strong></span> <span class='ocrx_word' id='word_1_476' title='bbox 1162 3219 1437 3290; x_wconf 81' lang='lat' dir='ltr'><strong>perfectas</strong></span> <span class='ocrx_word' id='word_1_477' title='bbox 1480 3220 1647 3275; x_wconf 89' lang='lat' dir='ltr'><strong>habet</strong></span> <span class='ocrx_word' id='word_1_478' title='bbox 1684 3229 1907 3291; x_wconf 87' lang='lat' dir='ltr'><strong>partes;</strong></span> <span class='ocrx_word' id='word_1_479' title='bbox 1950 3231 2008 3277; x_wconf 87' lang='lat' dir='ltr'><strong>et</strong></span> 
     </span>
    </p>
   </div>
   <div class='ocr_carea' id='block_1_63' title="bbox 428 3309 2007 3384">
    <p class='ocr_par' dir='ltr' id='par_1_63' title="bbox 428 3309 2007 3384">
     <span class='ocr_line' id='line_1_63' title="bbox 428 3309 2007 3384; baseline 0.004 -21"><span class='ocrx_word' id='word_1_480' title='bbox 428 3309 534 3365; x_wconf 87' lang='lat' dir='ltr'><strong>hac</strong></span> <span class='ocrx_word' id='word_1_481' title='bbox 569 3310 783 3364; x_wconf 86' lang='lat' dir='ltr'><strong>ratione</strong></span> <span class='ocrx_word' id='word_1_482' title='bbox 817 3326 886 3365; x_wconf 90' lang='lat' dir='ltr'><strong>ne</strong></span> <span class='ocrx_word' id='word_1_483' title='bbox 932 3316 1124 3380; x_wconf 84' lang='lat' dir='ltr'><strong>partes</strong></span> <span class='ocrx_word' id='word_1_484' title='bbox 1147 3310 1370 3381; x_wconf 90' lang='lat' dir='ltr'><strong>quidem</strong></span> <span class='ocrx_word' id='word_1_485' title='bbox 1410 3312 1608 3367; x_wconf 90' lang='lat' dir='ltr'><strong>merito</strong></span> <span class='ocrx_word' id='word_1_486' title='bbox 1642 3312 1827 3368; x_wconf 86' lang='lat' dir='ltr'><strong>vocari</strong></span> <span class='ocrx_word' id='word_1_487' title='bbox 1875 3328 2007 3384; x_wconf 93' lang='lat' dir='ltr'><strong>pos-</strong></span> 
     </span>
    </p>
   </div>
   <div class='ocr_carea' id='block_1_64' title="bbox 429 3401 2008 3473">
    <p class='ocr_par' dir='ltr' id='par_1_64' title="bbox 429 3401 2008 3473">
     <span class='ocr_line' id='line_1_64' title="bbox 429 3401 2008 3473; baseline 0.003 -17"><span class='ocrx_word' id='word_1_488' title='bbox 429 3411 579 3457; x_wconf 88' lang='lat' dir='ltr'><strong>sunt.</strong></span> <span class='ocrx_word' id='word_1_489' title='bbox 656 3401 950 3467; x_wconf 85' lang='lat' dir='ltr'><strong>Quomodo</strong></span> <span class='ocrx_word' id='word_1_490' title='bbox 1022 3402 1192 3472; x_wconf 83' lang='lat' dir='ltr'><strong>igitur</strong></span> <span class='ocrx_word' id='word_1_491' title='bbox 1248 3403 1708 3473; x_wconf 89' lang='lat' dir='ltr'><strong>compositionem</strong></span> <span class='ocrx_word' id='word_1_492' title='bbox 1763 3404 2008 3461; x_wconf 89' lang='lat' dir='ltr'><strong>hominis</strong></span> 
     </span>
    </p>
   </div>
   <div class='ocr_carea' id='block_1_65' title="bbox 430 3493 2007 3567">
    <p class='ocr_par' dir='ltr' id='par_1_65' title="bbox 430 3493 2007 3567">
     <span class='ocr_line' id='line_1_65' title="bbox 430 3493 2007 3567; baseline 0.004 -19"><span class='ocrx_word' id='word_1_493' title='bbox 430 3502 690 3563; x_wconf 90' lang='lat' dir='ltr'><strong>tanquam</strong></span> <span class='ocrx_word' id='word_1_494' title='bbox 723 3493 958 3548; x_wconf 88' lang='lat' dir='ltr'><strong>similem</strong></span> <span class='ocrx_word' id='word_1_495' title='bbox 992 3494 1044 3548; x_wconf 92' lang='lat' dir='ltr'><strong>in</strong></span> <span class='ocrx_word' id='word_1_496' title='bbox 1080 3494 1265 3549; x_wconf 81' lang='lat' dir='ltr'><strong>Verbo</strong></span> <span class='ocrx_word' id='word_1_497' title='bbox 1305 3501 1362 3549; x_wconf 92' lang='lat' dir='ltr'><strong>et</strong></span> <span class='ocrx_word' id='word_1_498' title='bbox 1394 3494 1774 3552; x_wconf 81' lang='lat' dir='ltr'><strong>incarnatione</strong></span> <span class='ocrx_word' id='word_1_499' title='bbox 1800 3497 2007 3567; x_wconf 84' lang='lat' dir='ltr'><strong>accipis</strong></span> 
     </span>
    </p>
   </div>
   <div class='ocr_carea' id='block_1_66' title="bbox 429 3582 2005 3654">
    <p class='ocr_par' dir='ltr' id='par_1_66' title="bbox 429 3582 2005 3654">
     <span class='ocr_line' id='line_1_66' title="bbox 429 3582 2005 3654; baseline 0.001 -16"><span class='ocrx_word' id='word_1_500' title='bbox 429 3584 567 3639; x_wconf 88' lang='lat' dir='ltr'><strong>nihil</strong></span> <span class='ocrx_word' id='word_1_501' title='bbox 621 3584 799 3639; x_wconf 89' lang='lat' dir='ltr'><strong>simile</strong></span> <span class='ocrx_word' id='word_1_502' title='bbox 842 3583 1171 3639; x_wconf 85' lang='lat' dir='ltr'><strong>habentem?</strong></span> <span class='ocrx_word' id='word_1_503' title='bbox 1206 3582 1333 3639; x_wconf 66' lang='lat' dir='ltr'><strong>Haec</strong></span> <span class='ocrx_word' id='word_1_504' title='bbox 1380 3583 1609 3654; x_wconf 88' lang='lat' dir='ltr'><strong>quidem</strong></span> <span class='ocrx_word' id='word_1_505' title='bbox 1655 3583 2005 3651; x_wconf 88' lang='lat' dir='ltr'><strong>Nestoriani,</strong></span> 
     </span>
    </p>
   </div>
   <div class='ocr_carea' id='block_1_67' title="bbox 431 3675 2007 3749">
    <p class='ocr_par' dir='ltr' id='par_1_67' title="bbox 431 3675 2007 3749">
     <span class='ocr_line' id='line_1_67' title="bbox 431 3675 2007 3749; baseline 0.001 -17"><span class='ocrx_word' id='word_1_506' title='bbox 431 3678 644 3734; x_wconf 84' lang='lat' dir='ltr'><strong>scilicet</strong></span> <span class='ocrx_word' id='word_1_507' title='bbox 680 3676 971 3733; x_wconf 68' lang='lat' dir='ltr'><strong>sententia:</strong></span> <span class='ocrx_word' id='word_1_508' title='bbox 1009 3677 1321 3737; x_wconf 70' lang='lat' dir='ltr'><strong>contrariae,</strong></span> <span class='ocrx_word' id='word_1_509' title='bbox 1355 3684 1413 3731; x_wconf 89' lang='lat' dir='ltr'><strong>et</strong></span> <span class='ocrx_word' id='word_1_510' title='bbox 1454 3675 1743 3733; x_wconf 89' lang='lat' dir='ltr'><strong>divisionis</strong></span> <span class='ocrx_word' id='word_1_511' title='bbox 1788 3680 2007 3749; x_wconf 87' lang='lat' dir='ltr'><strong>patroni</strong></span> 
     </span>
    </p>
   </div>
   <div class='ocr_carea' id='block_1_68' title="bbox 429 3767 2009 3841">
    <p class='ocr_par' dir='ltr' id='par_1_68' title="bbox 429 3767 2009 3841">
     <span class='ocr_line' id='line_1_68' title="bbox 429 3767 2009 3841; baseline 0.001 -16"><span class='ocrx_word' id='word_1_512' title='bbox 429 3770 720 3841; x_wconf 86' lang='lat' dir='ltr'><strong>objiciunt.</strong></span> <span class='ocrx_word' id='word_1_513' title='bbox 767 3768 901 3824; x_wconf 88' lang='lat' dir='ltr'><strong>Aliis</strong></span> <span class='ocrx_word' id='word_1_514' title='bbox 941 3769 1113 3835; x_wconf 85' lang='lat' dir='ltr'><strong>enim,</strong></span> <span class='ocrx_word' id='word_1_515' title='bbox 1140 3767 1791 3839; x_wconf 84' lang='lat' dir='ltr'><strong>Eutychianis,inquam,</strong></span> <span class='ocrx_word' id='word_1_516' title='bbox 1829 3770 2009 3840; x_wconf 86' lang='lat' dir='ltr'><strong>placet</strong></span> 
     </span>
    </p>
   </div>
   <div class='ocr_carea' id='block_1_69' title="bbox 428 3859 2007 3931">
    <p class='ocr_par' dir='ltr' id='par_1_69' title="bbox 428 3859 2007 3931">
     <span class='ocr_line' id='line_1_69' title="bbox 428 3859 2007 3931; baseline -0.002 -12"><span class='ocrx_word' id='word_1_517' title='bbox 428 3864 736 3931; x_wconf 76' lang='lat' dir='ltr'><strong>exemplum</strong></span> <span class='ocrx_word' id='word_1_518' title='bbox 761 3877 871 3916; x_wconf 91' lang='lat' dir='ltr'><strong>non</strong></span> <span class='ocrx_word' id='word_1_519' title='bbox 911 3868 1191 3930; x_wconf 89' lang='lat' dir='ltr'><strong>sumptum</strong></span> <span class='ocrx_word' id='word_1_520' title='bbox 1223 3869 1348 3929; x_wconf 90' lang='lat' dir='ltr'><strong>apte</strong></span> <span class='ocrx_word' id='word_1_521' title='bbox 1377 3868 1434 3914; x_wconf 88' lang='lat' dir='ltr'><strong>et</strong></span> <span class='ocrx_word' id='word_1_522' title='bbox 1462 3859 1878 3927; x_wconf 89' lang='lat' dir='ltr'><strong>convenienter,</strong></span> <span class='ocrx_word' id='word_1_523' title='bbox 1908 3861 2007 3917; x_wconf 88' lang='lat' dir='ltr'><strong>sed</strong></span> 
     </span>
    </p>
   </div>
   <div class='ocr_carea' id='block_1_70' title="bbox 426 3951 2009 4024">
    <p class='ocr_par' dir='ltr' id='par_1_70' title="bbox 426 3951 2009 4024">
     <span class='ocr_line' id='line_1_70' title="bbox 426 3951 2009 4024; baseline 0.001 -15"><span class='ocrx_word' id='word_1_524' title='bbox 426 3954 587 4011; x_wconf 83' lang='lat' dir='ltr'><strong>valde</strong></span> <span class='ocrx_word' id='word_1_525' title='bbox 626 3953 844 4017; x_wconf 81' lang='lat' dir='ltr'><strong>inscite,</strong></span> <span class='ocrx_word' id='word_1_526' title='bbox 872 3963 928 4008; x_wconf 87' lang='lat' dir='ltr'><strong>et</strong></span> <span class='ocrx_word' id='word_1_527' title='bbox 978 3961 1041 4007; x_wconf 90' lang='lat' dir='ltr'><strong>ut</strong></span> <span class='ocrx_word' id='word_1_528' title='bbox 1085 3951 1338 4007; x_wconf 78' lang='lat' dir='ltr'><strong>confusio</strong></span> <span class='ocrx_word' id='word_1_529' title='bbox 1381 3952 1655 4023; x_wconf 82' lang='lat' dir='ltr'><strong>prototypi</strong></span> <span class='ocrx_word' id='word_1_530' title='bbox 1707 3955 1905 4024; x_wconf 82' lang='lat' dir='ltr'><strong>poscit,</strong></span> <span class='ocrx_word' id='word_1_531' title='bbox 1950 3964 2009 4011; x_wconf 87' lang='lat' dir='ltr'><strong>et</strong></span> 
     </span>
    </p>
   </div>
   <div class='ocr_carea' id='block_1_71' title="bbox 431 4043 2007 4118">
    <p class='ocr_par' dir='ltr' id='par_1_71' title="bbox 431 4043 2007 4118">
     <span class='ocr_line' id='line_1_71' title="bbox 431 4043 2007 4118; baseline -0.001 -13"><span class='ocrx_word' id='word_1_532' title='bbox 431 4060 693 4118; x_wconf 90' lang='lat' dir='ltr'><strong>tanquam</strong></span> <span class='ocrx_word' id='word_1_533' title='bbox 746 4060 1005 4115; x_wconf 81' lang='lat' dir='ltr'><strong>expressa</strong></span> <span class='ocrx_word' id='word_1_534' title='bbox 1047 4045 1225 4115; x_wconf 76' lang='lat' dir='ltr'><strong>imago</strong></span> <span class='ocrx_word' id='word_1_535' title='bbox 1269 4045 1437 4099; x_wconf 88' lang='lat' dir='ltr'><strong>illius.</strong></span> <span class='ocrx_word' id='word_1_536' title='bbox 1469 4043 1625 4111; x_wconf 85' lang='lat' dir='ltr'><strong>Quod</strong></span> <span class='ocrx_word' id='word_1_537' title='bbox 1670 4054 1853 4101; x_wconf 88' lang='lat' dir='ltr'><strong>autem</strong></span> <span class='ocrx_word' id='word_1_538' title='bbox 1894 4062 2007 4103; x_wconf 88' lang='lat' dir='ltr'><strong>non</strong></span> 
     </span>
    </p>
   </div>
   <div class='ocr_carea' id='block_1_72' title="bbox 427 4126 2009 4208">
    <p class='ocr_par' dir='ltr' id='par_1_72' title="bbox 427 4126 2009 4208">
     <span class='ocr_line' id='line_1_72' title="bbox 427 4126 2009 4208; baseline -0.001 -12"><span class='ocrx_word' id='word_1_539' title='bbox 427 4152 514 4198; x_wconf 87' lang='lat' dir='ltr'><strong>est</strong></span> <span class='ocrx_word' id='word_1_540' title='bbox 556 4148 808 4195; x_wconf 90' lang='lat' dir='ltr'><strong>nostrum</strong></span> <span class='ocrx_word' id='word_1_541' title='bbox 856 4138 1142 4193; x_wconf 87' lang='lat' dir='ltr'><strong>inventum</strong></span> <span class='ocrx_word' id='word_1_542' title='bbox 1190 4136 1315 4203; x_wconf 87' lang='lat' dir='ltr'><strong>hoc,</strong></span> <span class='ocrx_word' id='word_1_543' title='bbox 1365 4136 1459 4192; x_wconf 84' lang='lat' dir='ltr'><strong>sed</strong></span> <span class='ocrx_word' id='word_1_544' title='bbox 1508 4154 1538 4192; x_wconf 88' lang='lat' dir='ltr'><strong>a</strong></span> <span class='ocrx_word' id='word_1_545' title='bbox 1587 4126 1909 4208; x_wconf 62' lang='lat' dir='ltr'><strong>majoribus,</strong></span> <span class='ocrx_word' id='word_1_546' title='bbox 1945 4147 2009 4194; x_wconf 86' lang='lat' dir='ltr'><strong>ut</strong></span> 
     </span>
    </p>
   </div>
   <div class='ocr_carea' id='block_1_73' title="bbox 423 4228 2007 4304">
    <p class='ocr_par' dir='ltr' id='par_1_73' title="bbox 423 4228 2007 4304">
     <span class='ocr_line' id='line_1_73' title="bbox 423 4228 2007 4304; baseline -0.003 -14"><span class='ocrx_word' id='word_1_547' title='bbox 423 4237 480 4290; x_wconf 91' lang='lat' dir='ltr'><strong>in</strong></span> <span class='ocrx_word' id='word_1_548' title='bbox 525 4229 822 4304; x_wconf 87' lang='lat' dir='ltr'><strong>proverbio</strong></span> <span class='ocrx_word' id='word_1_549' title='bbox 865 4236 980 4294; x_wconf 85' lang='lat' dir='ltr'><strong>est,</strong></span> <span class='ocrx_word' id='word_1_550' title='bbox 1033 4228 1179 4285; x_wconf 75' lang='lat' dir='ltr'><strong>illius</strong></span> <span class='ocrx_word' id='word_1_551' title='bbox 1230 4243 1262 4283; x_wconf 85' lang='lat' dir='ltr'><strong>a</strong></span> <span class='ocrx_word' id='word_1_552' title='bbox 1312 4237 1491 4298; x_wconf 86' lang='lat' dir='ltr'><strong>patre,</strong></span> <span class='ocrx_word' id='word_1_553' title='bbox 1536 4229 1871 4299; x_wconf 87' lang='lat' dir='ltr'><strong>accepimus,</strong></span> <span class='ocrx_word' id='word_1_554' title='bbox 1922 4239 2007 4287; x_wconf 87' lang='lat' dir='ltr'><strong>te-</strong></span> 
     </span>
    </p>
   </div>
   <div class='ocr_carea' id='block_1_74' title="bbox 426 4317 2007 4393">
    <p class='ocr_par' dir='ltr' id='par_1_74' title="bbox 426 4317 2007 4393">
     <span class='ocr_line' id='line_1_74' title="bbox 426 4317 2007 4393; baseline 0.001 -16"><span class='ocrx_word' id='word_1_555' title='bbox 426 4331 642 4378; x_wconf 83' lang='lat' dir='ltr'><strong>stantur</strong></span> <span class='ocrx_word' id='word_1_556' title='bbox 665 4320 868 4390; x_wconf 87' lang='lat' dir='ltr'><strong>scripta</strong></span> <span class='ocrx_word' id='word_1_557' title='bbox 893 4320 1296 4389; x_wconf 76' lang='lat' dir='ltr'><strong>theologorum,</strong></span> <span class='ocrx_word' id='word_1_558' title='bbox 1320 4317 1377 4372; x_wconf 88' lang='lat' dir='ltr'><strong>in</strong></span> <span class='ocrx_word' id='word_1_559' title='bbox 1396 4317 1603 4388; x_wconf 85' lang='lat' dir='ltr'><strong>quibus</strong></span> <span class='ocrx_word' id='word_1_560' title='bbox 1626 4317 1734 4375; x_wconf 91' lang='lat' dir='ltr'><strong>hoc</strong></span> <span class='ocrx_word' id='word_1_561' title='bbox 1753 4322 2007 4393; x_wconf 79' lang='lat' dir='ltr'><strong>exemplo</strong></span> 
     </span>
    </p>
   </div>
   <div class='ocr_carea' id='block_1_75' title="bbox 2108 3127 3684 3200">
    <p class='ocr_par' dir='ltr' id='par_1_75' title="bbox 2108 3127 3684 3200">
     <span class='ocr_line' id='line_1_75' title="bbox 2108 3127 3684 3200; baseline 0 -17"><span class='ocrx_word' id='word_1_562' title='bbox 2108 3128 2527 3200; x_wconf 86' lang='grc' dir='ltr'>ἁνθρωπότητος</span> <span class='ocrx_word' id='word_1_563' title='bbox 2557 3146 2572 3162; x_wconf 87' lang='grc'><strong>·</strong></span> <span class='ocrx_word' id='word_1_564' title='bbox 2618 3129 2714 3184; x_wconf 73' lang='grc' dir='ltr'>καὶ</span> <span class='ocrx_word' id='word_1_565' title='bbox 2766 3131 2794 3183; x_wconf 91' lang='lat'><strong>6</strong></span> <span class='ocrx_word' id='word_1_566' title='bbox 2856 3128 2951 3199; x_wconf 71' lang='grc' dir='ltr'><strong>μὲν</strong></span> <span class='ocrx_word' id='word_1_567' title='bbox 3002 3127 3064 3193; x_wconf 71' lang='grc' dir='ltr'><strong>ἒξ</strong></span> <span class='ocrx_word' id='word_1_568' title='bbox 3124 3127 3331 3181; x_wconf 83' lang='grc' dir='ltr'>ἀτελῶν</span> <span class='ocrx_word' id='word_1_569' title='bbox 3384 3128 3684 3198; x_wconf 71' lang='grc' dir='ltr'>συνέστηκε</span> 
     </span>
    </p>
   </div>
   <div class='ocr_carea' id='block_1_76' title="bbox 2112 3220 3692 3294">
    <p class='ocr_par' dir='ltr' id='par_1_76' title="bbox 2112 3220 3692 3294">
     <span class='ocr_line' id='line_1_76' title="bbox 2112 3220 3692 3294; baseline -0.001 -19"><span class='ocrx_word' id='word_1_570' title='bbox 2112 3223 2314 3293; x_wconf 86' lang='grc' dir='ltr'>μερῶν,</span> <span class='ocrx_word' id='word_1_571' title='bbox 2346 3225 2375 3276; x_wconf 91' lang='lat'><strong>6</strong></span> <span class='ocrx_word' id='word_1_572' title='bbox 2402 3222 2460 3276; x_wconf 83' lang='grc' dir='ltr'>δὲ</span> <span class='ocrx_word' id='word_1_573' title='bbox 2481 3223 2714 3294; x_wconf 72' lang='grc' dir='ltr'>Χριστὸς</span> <span class='ocrx_word' id='word_1_574' title='bbox 2733 3223 2913 3276; x_wconf 78' lang='grc' dir='ltr'>τέλεια</span> <span class='ocrx_word' id='word_1_575' title='bbox 2947 3220 3059 3291; x_wconf 76' lang='grc' dir='ltr'>ἔχει</span> <span class='ocrx_word' id='word_1_576' title='bbox 3090 3221 3160 3275; x_wconf 82' lang='grc' dir='ltr'>τὰ</span> <span class='ocrx_word' id='word_1_577' title='bbox 3185 3223 3332 3293; x_wconf 75' lang='grc' dir='ltr'>μέρη</span> <span class='ocrx_word' id='word_1_578' title='bbox 3352 3240 3365 3253; x_wconf 89' lang='grc'><strong>·</strong></span> <span class='ocrx_word' id='word_1_579' title='bbox 3391 3222 3487 3276; x_wconf 74' lang='grc' dir='ltr'><strong>καὶ</strong></span> <span class='ocrx_word' id='word_1_580' title='bbox 3510 3223 3692 3294; x_wconf 78' lang='grc' dir='ltr'>ταύτῃ</span> 
     </span>
    </p>
   </div>
   <div class='ocr_carea' id='block_1_77' title="bbox 2109 3312 3695 3385">
    <p class='ocr_par' dir='ltr' id='par_1_77' title="bbox 2109 3312 3695 3385">
     <span class='ocr_line' id='line_1_77' title="bbox 2109 3312 3695 3385; baseline -0.001 -17"><span class='ocrx_word' id='word_1_581' title='bbox 2109 3315 2230 3369; x_wconf 80' lang='grc' dir='ltr'>οὐδὲ</span> <span class='ocrx_word' id='word_1_582' title='bbox 2257 3314 2399 3385; x_wconf 83' lang='grc' dir='ltr'>μέρη</span> <span class='ocrx_word' id='word_1_583' title='bbox 2423 3312 2491 3367; x_wconf 78' lang='grc' dir='ltr'>ἂν</span> <span class='ocrx_word' id='word_1_584' title='bbox 2527 3315 2755 3377; x_wconf 82' lang='grc' dir='ltr'>εἰκότως</span> <span class='ocrx_word' id='word_1_585' title='bbox 2816 3312 3083 3367; x_wconf 79' lang='grc' dir='ltr'>καλοῖντο.</span> <span class='ocrx_word' id='word_1_586' title='bbox 3136 3313 3260 3376; x_wconf 85' lang='grc' dir='ltr'>Πῶς</span> <span class='ocrx_word' id='word_1_587' title='bbox 3288 3313 3466 3367; x_wconf 86' lang='grc' dir='ltr'>τοίνυν</span> <span class='ocrx_word' id='word_1_588' title='bbox 3506 3314 3566 3367; x_wconf 85' lang='grc' dir='ltr'><strong>τδ</strong></span> <span class='ocrx_word' id='word_1_589' title='bbox 3596 3316 3695 3367; x_wconf 82' lang='grc' dir='ltr'>τοῦ</span> 
     </span>
    </p>
   </div>
   <div class='ocr_carea' id='block_1_78' title="bbox 2108 3404 3698 3481">
    <p class='ocr_par' dir='ltr' id='par_1_78' title="bbox 2108 3404 3698 3481">
     <span class='ocr_line' id='line_1_78' title="bbox 2108 3404 3698 3481; baseline -0.004 -17"><span class='ocrx_word' id='word_1_590' title='bbox 2108 3406 2396 3481; x_wconf 82' lang='grc' dir='ltr'>ἀνθρώπου</span> <span class='ocrx_word' id='word_1_591' title='bbox 2439 3408 2633 3477; x_wconf 85' lang='grc' dir='ltr'>κρᾶμα</span> <span class='ocrx_word' id='word_1_592' title='bbox 2678 3406 2770 3460; x_wconf 73' lang='grc' dir='ltr'>ἐπί</span> <span class='ocrx_word' id='word_1_593' title='bbox 2811 3423 2871 3459; x_wconf 85' lang='grc' dir='ltr'><strong>τε</strong></span> <span class='ocrx_word' id='word_1_594' title='bbox 2917 3404 3012 3458; x_wconf 80' lang='grc' dir='ltr'>τοῦ</span> <span class='ocrx_word' id='word_1_595' title='bbox 3057 3404 3233 3473; x_wconf 81' lang='grc' dir='ltr'>Λόγου</span> <span class='ocrx_word' id='word_1_596' title='bbox 3280 3405 3375 3458; x_wconf 69' lang='grc' dir='ltr'><strong>κα)⁵</strong></span> <span class='ocrx_word' id='word_1_597' title='bbox 3420 3405 3518 3474; x_wconf 84' lang='grc' dir='ltr'><strong>τῆς</strong></span> <span class='ocrx_word' id='word_1_598' title='bbox 3560 3422 3698 3474; x_wconf 70' lang='grc' dir='ltr'>σαρ-</span> 
     </span>
    </p>
   </div>
   <div class='ocr_carea' id='block_1_79' title="bbox 2109 3494 3698 3569">
    <p class='ocr_par' dir='ltr' id='par_1_79' title="bbox 2109 3494 3698 3569">
     <span class='ocr_line' id='line_1_79' title="bbox 2109 3494 3698 3569; baseline -0.002 -17"><span class='ocrx_word' id='word_1_599' title='bbox 2109 3498 2335 3562; x_wconf 85' lang='grc' dir='ltr'>κώσεως</span> <span class='ocrx_word' id='word_1_600' title='bbox 2374 3498 2670 3569; x_wconf 70' lang='grc' dir='ltr'>λαμϐάνεις</span> <span class='ocrx_word' id='word_1_601' title='bbox 2720 3498 2886 3568; x_wconf 85' lang='grc' dir='ltr'>μηδὲν</span> <span class='ocrx_word' id='word_1_602' title='bbox 2916 3496 3159 3558; x_wconf 78' lang='grc' dir='ltr'>ἐοικότα;</span> <span class='ocrx_word' id='word_1_603' title='bbox 3200 3494 3386 3551; x_wconf 77' lang='grc' dir='ltr'>Ταῦτά</span> <span class='ocrx_word' id='word_1_604' title='bbox 3421 3512 3597 3560; x_wconf 86' lang='grc' dir='ltr'>τινες,</span> <span class='ocrx_word' id='word_1_605' title='bbox 3643 3498 3698 3549; x_wconf 74' lang='grc' dir='ltr'>οἱ</span> 
     </span>
    </p>
   </div>
   <div class='ocr_carea' id='block_1_80' title="bbox 2107 3574 3696 3659">
    <p class='ocr_par' dir='ltr' id='par_1_80' title="bbox 2107 3574 3696 3659">
     <span class='ocr_line' id='line_1_80' title="bbox 2107 3574 3696 3659; baseline -0.003 -14"><span class='ocrx_word' id='word_1_606' title='bbox 2107 3589 2204 3645; x_wconf 78' lang='grc' dir='ltr'><strong>τοῦ</strong></span> <span class='ocrx_word' id='word_1_607' title='bbox 2250 3591 2496 3644; x_wconf 76' lang='grc' dir='ltr'>ἐναντίου</span> <span class='ocrx_word' id='word_1_608' title='bbox 2530 3589 2690 3659; x_wconf 88' lang='grc' dir='ltr'>λόγου</span> <span class='ocrx_word' id='word_1_609' title='bbox 2724 3591 2819 3643; x_wconf 75' lang='grc' dir='ltr'><strong>καὶ</strong></span> <span class='ocrx_word' id='word_1_610' title='bbox 2866 3574 2968 3658; x_wconf 82' lang='grc' dir='ltr'>τῆς</span> <span class='ocrx_word' id='word_1_611' title='bbox 3003 3588 3326 3657; x_wconf 81' lang='grc' dir='ltr'>διαιρέσεως</span> <span class='ocrx_word' id='word_1_612' title='bbox 3382 3589 3696 3659; x_wconf 85' lang='grc' dir='ltr'>συνήγοροι.</span> 
     </span>
    </p>
   </div>
   <div class='ocr_carea' id='block_1_81' title="bbox 2109 3679 3698 3755">
    <p class='ocr_par' dir='ltr' id='par_1_81' title="bbox 2109 3679 3698 3755">
     <span class='ocr_line' id='line_1_81' title="bbox 2109 3679 3698 3755; baseline -0.003 -18"><span class='ocrx_word' id='word_1_613' title='bbox 2109 3684 2236 3748; x_wconf 84' lang='grc' dir='ltr'>Τοῖς</span> <span class='ocrx_word' id='word_1_614' title='bbox 2272 3684 2381 3754; x_wconf 78' lang='grc' dir='ltr'>γὰρ</span> <span class='ocrx_word' id='word_1_615' title='bbox 2424 3683 2634 3755; x_wconf 78' lang='grc' dir='ltr'>ἑτέροις</span> <span class='ocrx_word' id='word_1_616' title='bbox 2667 3682 2819 3751; x_wconf 88' lang='grc' dir='ltr'>φίλον</span> <span class='ocrx_word' id='word_1_617' title='bbox 2853 3682 2916 3735; x_wconf 75' lang='grc' dir='ltr'>τὸ</span> <span class='ocrx_word' id='word_1_618' title='bbox 2953 3680 3310 3750; x_wconf 77' lang='grc' dir='ltr'>παράδειγμα</span> <span class='ocrx_word' id='word_1_619' title='bbox 3348 3680 3448 3733; x_wconf 79' lang='grc' dir='ltr'><strong>οὐκ</strong></span> <span class='ocrx_word' id='word_1_620' title='bbox 3477 3679 3698 3742; x_wconf 68' lang='grc' dir='ltr'>οἰκείως</span> 
     </span>
    </p>
   </div>
   <div class='ocr_carea' id='block_1_82' title="bbox 2108 3769 3696 3846">
    <p class='ocr_par' dir='ltr' id='par_1_82' title="bbox 2108 3769 3696 3846">
     <span class='ocr_line' id='line_1_82' title="bbox 2108 3769 3696 3846; baseline -0.004 -18"><span class='ocrx_word' id='word_1_621' title='bbox 2108 3775 2541 3846; x_wconf 75' lang='grc' dir='ltr'>λαμὸανόμενον,</span> <span class='ocrx_word' id='word_1_622' title='bbox 2568 3773 2704 3827; x_wconf 81' lang='grc' dir='ltr'>ἀλλὰ</span> <span class='ocrx_word' id='word_1_623' title='bbox 2736 3774 2832 3827; x_wconf 75' lang='grc' dir='ltr'>κα).</span> <span class='ocrx_word' id='word_1_624' title='bbox 2866 3771 2988 3825; x_wconf 88' lang='grc' dir='ltr'>λίαν</span> <span class='ocrx_word' id='word_1_625' title='bbox 3018 3770 3269 3841; x_wconf 81' lang='grc' dir='ltr'>ἀμαθῶς,</span> <span class='ocrx_word' id='word_1_626' title='bbox 3302 3769 3520 3839; x_wconf 78' lang='grc' dir='ltr'>καὶτῆς</span> <span class='ocrx_word' id='word_1_627' title='bbox 3545 3786 3696 3840; x_wconf 85' lang='grc' dir='ltr'>πρω-</span> 
     </span>
    </p>
   </div>
   <div class='ocr_carea' id='block_1_83' title="bbox 2108 3864 3699 3936">
    <p class='ocr_par' dir='ltr' id='par_1_83' title="bbox 2108 3864 3699 3936">
     <span class='ocr_line' id='line_1_83' title="bbox 2108 3864 3699 3936; baseline -0.002 -17"><span class='ocrx_word' id='word_1_628' title='bbox 2108 3867 2342 3921; x_wconf 87' lang='grc' dir='ltr'>τοτύπου</span> <span class='ocrx_word' id='word_1_629' title='bbox 2390 3864 2707 3936; x_wconf 85' lang='grc' dir='ltr'>συγχύσεως</span> <span class='ocrx_word' id='word_1_630' title='bbox 2763 3864 3041 3929; x_wconf 76' lang='grc' dir='ltr'>ἐπαξίως,</span> <span class='ocrx_word' id='word_1_631' title='bbox 3087 3865 3163 3928; x_wconf 86' lang='grc' dir='ltr'>ὼς</span> <span class='ocrx_word' id='word_1_632' title='bbox 3200 3864 3431 3935; x_wconf 71' lang='grc' dir='ltr'>ἐναργὲς</span> <span class='ocrx_word' id='word_1_633' title='bbox 3483 3864 3699 3933; x_wconf 69' lang='grc' dir='ltr'>ἐκείνης</span> 
     </span>
    </p>
   </div>
   <div class='ocr_carea' id='block_1_84' title="bbox 2109 3952 3697 4028">
    <p class='ocr_par' dir='ltr' id='par_1_84' title="bbox 2109 3952 3697 4028">
     <span class='ocr_line' id='line_1_84' title="bbox 2109 3952 3697 4028; baseline -0.003 -17"><span class='ocrx_word' id='word_1_634' title='bbox 2109 3958 2501 4028; x_wconf 85' lang='grc' dir='ltr'>ἁπεικόνισμα.</span> <span class='ocrx_word' id='word_1_635' title='bbox 2529 3958 2651 4010; x_wconf 84' lang='grc' dir='ltr'><strong>Ὅτι</strong></span> <span class='ocrx_word' id='word_1_636' title='bbox 2684 3956 2783 4027; x_wconf 80' lang='grc' dir='ltr'>μὲν</span> <span class='ocrx_word' id='word_1_637' title='bbox 2807 3952 2901 4010; x_wconf 81' lang='grc' dir='ltr'><strong>οὖν</strong></span> <span class='ocrx_word' id='word_1_638' title='bbox 2924 3957 3023 4026; x_wconf 87' lang='grc' dir='ltr'><strong>οὑχ</strong></span> <span class='ocrx_word' id='word_1_639' title='bbox 3048 3956 3320 4027; x_wconf 75' lang='grc' dir='ltr'>ἡμέτερον</span> <span class='ocrx_word' id='word_1_640' title='bbox 3349 3956 3505 4009; x_wconf 83' lang='grc' dir='ltr'>τοῦτο</span> <span class='ocrx_word' id='word_1_641' title='bbox 3529 3953 3697 4023; x_wconf 75' lang='grc' dir='ltr'>εὓρη-</span> 
     </span>
    </p>
   </div>
   <div class='ocr_carea' id='block_1_85' title="bbox 2111 4043 3695 4123">
    <p class='ocr_par' dir='ltr' id='par_1_85' title="bbox 2111 4043 3695 4123">
     <span class='ocr_line' id='line_1_85' title="bbox 2111 4043 3695 4123; baseline -0.001 -21"><span class='ocrx_word' id='word_1_642' title='bbox 2111 4068 2205 4121; x_wconf 84' lang='grc' dir='ltr'><strong>μα,</strong></span> <span class='ocrx_word' id='word_1_643' title='bbox 2233 4048 2347 4103; x_wconf 76' lang='grc' dir='ltr'>ἀλλ’</span> <span class='ocrx_word' id='word_1_644' title='bbox 2371 4048 2578 4103; x_wconf 74' lang='grc' dir='ltr'>ἄνωθεν</span> <span class='ocrx_word' id='word_1_645' title='bbox 2612 4050 2763 4111; x_wconf 76' lang='grc' dir='ltr'>παῖς,</span> <span class='ocrx_word' id='word_1_646' title='bbox 2795 4043 3004 4123; x_wconf 81' lang='grc' dir='ltr'>ᾖφασι.</span> <span class='ocrx_word' id='word_1_647' title='bbox 3036 4047 3190 4118; x_wconf 75' lang='grc' dir='ltr'>παρὰ</span> <span class='ocrx_word' id='word_1_648' title='bbox 3214 4047 3421 4115; x_wconf 80' lang='grc' dir='ltr'>πατρὸς</span> <span class='ocrx_word' id='word_1_649' title='bbox 3453 4044 3695 4111; x_wconf 81' lang='grc' dir='ltr'>διεδεξά-</span> 
     </span>
    </p>
   </div>
   <div class='ocr_carea' id='block_1_86' title="bbox 2112 4138 3701 4211">
    <p class='ocr_par' dir='ltr' id='par_1_86' title="bbox 2112 4138 3701 4211">
     <span class='ocr_line' id='line_1_86' title="bbox 2112 4138 3701 4211; baseline -0.001 -20"><span class='ocrx_word' id='word_1_650' title='bbox 2112 4138 2285 4211; x_wconf 87' lang='grc' dir='ltr'>μεθα,</span> <span class='ocrx_word' id='word_1_651' title='bbox 2328 4141 2599 4211; x_wconf 87' lang='grc' dir='ltr'>μαρτυρεῖ</span> <span class='ocrx_word' id='word_1_652' title='bbox 2636 4138 2707 4192; x_wconf 72' lang='grc' dir='ltr'>τὰ</span> <span class='ocrx_word' id='word_1_653' title='bbox 2743 4138 2855 4192; x_wconf 88' lang='grc' dir='ltr'><strong>τῶν</strong></span> <span class='ocrx_word' id='word_1_654' title='bbox 2904 4138 3186 4207; x_wconf 83' lang='grc' dir='ltr'>θεοσόφων</span> <span class='ocrx_word' id='word_1_655' title='bbox 3220 4139 3600 4206; x_wconf 81' lang='grc' dir='ltr'>συντάγματα,</span> <span class='ocrx_word' id='word_1_656' title='bbox 3636 4138 3701 4190; x_wconf 67' lang='grc' dir='ltr'>ἄν</span> 
     </span>
    </p>
   </div>
   <div class='ocr_carea' id='block_1_87' title="bbox 2107 4229 3701 4301">
    <p class='ocr_par' dir='ltr' id='par_1_87' title="bbox 2107 4229 3701 4301">
     <span class='ocr_line' id='line_1_87' title="bbox 2107 4229 3701 4301; baseline -0.004 -14"><span class='ocrx_word' id='word_1_657' title='bbox 2107 4230 2189 4298; x_wconf 76' lang='grc' dir='ltr'>οἷς</span> <span class='ocrx_word' id='word_1_658' title='bbox 2234 4233 2327 4287; x_wconf 73' lang='grc' dir='ltr'>ἐπὶ</span> <span class='ocrx_word' id='word_1_659' title='bbox 2374 4232 2473 4301; x_wconf 82' lang='grc' dir='ltr'>τῆς</span> <span class='ocrx_word' id='word_1_660' title='bbox 2504 4230 2753 4296; x_wconf 76' lang='grc' dir='ltr'>ἑνώσεως</span> <span class='ocrx_word' id='word_1_661' title='bbox 2796 4229 2875 4301; x_wconf 84' lang='grc' dir='ltr'><strong>τῷ</strong></span> <span class='ocrx_word' id='word_1_662' title='bbox 2919 4230 3060 4286; x_wconf 78' lang='grc' dir='ltr'>κατὰ</span> <span class='ocrx_word' id='word_1_663' title='bbox 3096 4233 3187 4284; x_wconf 80' lang='grc' dir='ltr'><strong>τὸν</strong></span> <span class='ocrx_word' id='word_1_664' title='bbox 3214 4230 3500 4301; x_wconf 78' lang='grc' dir='ltr'>ἄνθρωπον</span> <span class='ocrx_word' id='word_1_665' title='bbox 3533 4230 3701 4300; x_wconf 67' lang='grc' dir='ltr'>ἔχρήο</span> 
     </span>
    </p>
   </div>
   <div class='ocr_carea' id='block_1_88' title="bbox 2111 4319 3681 4394">
    <p class='ocr_par' dir='ltr' id='par_1_88' title="bbox 2111 4319 3681 4394">
     <span class='ocr_line' id='line_1_88' title="bbox 2111 4319 3681 4394; baseline -0.003 -17"><span class='ocrx_word' id='word_1_666' title='bbox 2111 4342 2272 4379; x_wconf 87' lang='grc' dir='ltr'>σαντο</span> <span class='ocrx_word' id='word_1_667' title='bbox 2332 4323 2759 4394; x_wconf 85' lang='grc' dir='ltr'>παραδείγματι.</span> <span class='ocrx_word' id='word_1_668' title='bbox 2794 4320 2869 4377; x_wconf 86' lang='grc' dir='ltr'>Ού</span> <span class='ocrx_word' id='word_1_669' title='bbox 2903 4321 3010 4393; x_wconf 83' lang='grc' dir='ltr'>μὴν</span> <span class='ocrx_word' id='word_1_670' title='bbox 3038 4321 3101 4375; x_wconf 73' lang='grc' dir='ltr'>τὸ</span> <span class='ocrx_word' id='word_1_671' title='bbox 3129 4321 3480 4392; x_wconf 82' lang='grc' dir='ltr'>παράδειγμα</span> <span class='ocrx_word' id='word_1_672' title='bbox 3502 4319 3681 4384; x_wconf 85' lang='grc' dir='ltr'>καλῶς</span> 
     </span>
    </p>
   </div>
   <div class='ocr_carea' id='block_1_89' title="bbox 428 4392 2007 4484">
    <p class='ocr_par' dir='ltr' id='par_1_89' title="bbox 428 4409 2002 4481">
     <span class='ocr_line' id='line_1_89' title="bbox 428 4409 2002 4481; baseline 0.002 -14"><span class='ocrx_word' id='word_1_673' title='bbox 428 4414 672 4467; x_wconf 89' lang='lat' dir='ltr'><strong>hominis</strong></span> <span class='ocrx_word' id='word_1_674' title='bbox 690 4428 760 4467; x_wconf 76' lang='lat' dir='ltr'><strong>ex</strong></span> <span class='ocrx_word' id='word_1_675' title='bbox 791 4412 975 4467; x_wconf 89' lang='lat' dir='ltr'><strong>anima</strong></span> <span class='ocrx_word' id='word_1_676' title='bbox 1003 4421 1060 4467; x_wconf 89' lang='lat' dir='ltr'><strong>et</strong></span> <span class='ocrx_word' id='word_1_677' title='bbox 1090 4427 1324 4480; x_wconf 68' lang='lat' dir='ltr'><strong>corpore</strong></span> <span class='ocrx_word' id='word_1_678' title='bbox 1357 4409 1673 4481; x_wconf 90' lang='lat' dir='ltr'><strong>compositi,</strong></span> <span class='ocrx_word' id='word_1_679' title='bbox 1702 4410 1759 4465; x_wconf 90' lang='lat' dir='ltr'><strong>in</strong></span> <span class='ocrx_word' id='word_1_680' title='bbox 1795 4413 2002 4470; x_wconf 85' lang='lat' dir='ltr'><strong>unione</strong></span> 
     </span>
    </p>
   </div>
   <div class='ocr_carea' id='block_1_90' title="bbox 2116 4392 3677 4484">
    <p class='ocr_par' dir='ltr' id='par_1_90' title="bbox 2116 4392 3677 4484">
     <span class='ocr_line' id='line_1_90' title="bbox 2116 4392 3677 4484; baseline -0.003 -15"><span class='ocrx_word' id='word_1_681' title='bbox 2116 4434 2173 4484; x_wconf 81' lang='grc' dir='ltr'><strong>γε</strong></span> <span class='ocrx_word' id='word_1_682' title='bbox 2205 4392 2475 4478; x_wconf 80' lang='grc' dir='ltr'>ποιοῦσιν,</span> <span class='ocrx_word' id='word_1_683' title='bbox 2504 4392 2852 4480; x_wconf 72' lang='grc' dir='ltr'>ἐκϐιάζοντες</span> <span class='ocrx_word' id='word_1_684' title='bbox 2889 4392 3062 4477; x_wconf 76' lang='grc' dir='ltr'>οὕτως</span> <span class='ocrx_word' id='word_1_685' title='bbox 3088 4412 3233 4483; x_wconf 69' lang='grc' dir='ltr'>ἔχειν</span> <span class='ocrx_word' id='word_1_686' title='bbox 3258 4413 3332 4476; x_wconf 83' lang='grc' dir='ltr'>ὡς</span> <span class='ocrx_word' id='word_1_687' title='bbox 3362 4410 3423 4466; x_wconf 77' lang='grc' dir='ltr'>τὸ</span> <span class='ocrx_word' id='word_1_688' title='bbox 3462 4412 3677 4481; x_wconf 83' lang='grc' dir='ltr'>πρωτό-</span> 
     </span>
    </p>
   </div>
   <div class='ocr_carea' id='block_1_91' title="bbox 427 4503 2008 4573">
    <p class='ocr_par' dir='ltr' id='par_1_91' title="bbox 427 4503 2008 4573">
     <span class='ocr_line' id='line_1_91' title="bbox 427 4503 2008 4573; baseline -0.002 -10"><span class='ocrx_word' id='word_1_689' title='bbox 427 4508 511 4563; x_wconf 86' lang='lat' dir='ltr'><strong>usi</strong></span> <span class='ocrx_word' id='word_1_690' title='bbox 535 4516 686 4563; x_wconf 88' lang='lat' dir='ltr'><strong>sunt.</strong></span> <span class='ocrx_word' id='word_1_691' title='bbox 706 4507 826 4563; x_wconf 87' lang='lat' dir='ltr'><strong>Non</strong></span> <span class='ocrx_word' id='word_1_692' title='bbox 848 4515 1030 4563; x_wconf 87' lang='lat' dir='ltr'><strong>tamen</strong></span> <span class='ocrx_word' id='word_1_693' title='bbox 1052 4515 1206 4562; x_wconf 91' lang='lat' dir='ltr'><strong>recte</strong></span> <span class='ocrx_word' id='word_1_694' title='bbox 1222 4506 1433 4561; x_wconf 80' lang='lat' dir='ltr'><strong>faciunt</strong></span> <span class='ocrx_word' id='word_1_695' title='bbox 1460 4503 1555 4573; x_wconf 87' lang='lat' dir='ltr'><strong>qui</strong></span> <span class='ocrx_word' id='word_1_696' title='bbox 1580 4503 1690 4558; x_wconf 89' lang='lat' dir='ltr'><strong>vim</strong></span> <span class='ocrx_word' id='word_1_697' title='bbox 1716 4503 2008 4573; x_wconf 85' lang='lat' dir='ltr'><strong>adhibent,</strong></span> 
     </span>
    </p>
   </div>
   <div class='ocr_carea' id='block_1_92' title="bbox 428 4597 2008 4670">
    <p class='ocr_par' dir='ltr' id='par_1_92' title="bbox 428 4597 2008 4670">
     <span class='ocr_line' id='line_1_92' title="bbox 428 4597 2008 4670; baseline -0.002 -14"><span class='ocrx_word' id='word_1_698' title='bbox 428 4610 489 4655; x_wconf 86' lang='lat' dir='ltr'><strong>ut</strong></span> <span class='ocrx_word' id='word_1_699' title='bbox 534 4601 615 4656; x_wconf 93' lang='lat' dir='ltr'><strong>sic</strong></span> <span class='ocrx_word' id='word_1_700' title='bbox 655 4616 715 4656; x_wconf 86' lang='lat' dir='ltr'><strong>se</strong></span> <span class='ocrx_word' id='word_1_701' title='bbox 744 4600 946 4655; x_wconf 88' lang='lat' dir='ltr'><strong>habeat</strong></span> <span class='ocrx_word' id='word_1_702' title='bbox 976 4599 1311 4669; x_wconf 76' lang='lat' dir='ltr'><strong>exemplum,</strong></span> <span class='ocrx_word' id='word_1_703' title='bbox 1360 4608 1423 4653; x_wconf 93' lang='lat' dir='ltr'><strong>ut</strong></span> <span class='ocrx_word' id='word_1_704' title='bbox 1466 4608 1843 4670; x_wconf 81' lang='lat' dir='ltr'><strong>prototypum.</strong></span> <span class='ocrx_word' id='word_1_705' title='bbox 1884 4597 2008 4653; x_wconf 86' lang='lat' dir='ltr'><strong>Non</strong></span> 
     </span>
    </p>
   </div>
   <div class='ocr_carea' id='block_1_93' title="bbox 422 4690 2007 4764">
    <p class='ocr_par' dir='ltr' id='par_1_93' title="bbox 422 4690 2007 4764">
     <span class='ocr_line' id='line_1_93' title="bbox 422 4690 2007 4764; baseline -0.002 -15"><span class='ocrx_word' id='word_1_706' title='bbox 422 4692 574 4749; x_wconf 89' lang='lat' dir='ltr'><strong>enim</strong></span> <span class='ocrx_word' id='word_1_707' title='bbox 615 4701 764 4750; x_wconf 91' lang='lat' dir='ltr'><strong>esset</strong></span> <span class='ocrx_word' id='word_1_708' title='bbox 806 4694 916 4764; x_wconf 82' lang='lat' dir='ltr'><strong>iam</strong></span> <span class='ocrx_word' id='word_1_709' title='bbox 961 4692 1311 4763; x_wconf 78' lang='lat' dir='ltr'><strong>exemplum,</strong></span> <span class='ocrx_word' id='word_1_710' title='bbox 1361 4691 1471 4747; x_wconf 87' lang='lat' dir='ltr'><strong>nisi</strong></span> <span class='ocrx_word' id='word_1_711' title='bbox 1519 4691 1754 4747; x_wconf 88' lang='lat' dir='ltr'><strong>haberet</strong></span> <span class='ocrx_word' id='word_1_712' title='bbox 1796 4690 2007 4761; x_wconf 88' lang='lat' dir='ltr'><strong>aliquid</strong></span> 
     </span>
    </p>
   </div>
   <div class='ocr_carea' id='block_1_94' title="bbox 424 4781 2007 4863">
    <p class='ocr_par' dir='ltr' id='par_1_94' title="bbox 424 4781 2007 4863">
     <span class='ocr_line' id='line_1_94' title="bbox 424 4781 2007 4863; baseline -0.003 -22"><span class='ocrx_word' id='word_1_713' title='bbox 424 4787 714 4843; x_wconf 87' lang='lat' dir='ltr'><strong>dissimile.</strong></span> <span class='ocrx_word' id='word_1_714' title='bbox 774 4786 885 4842; x_wconf 87' lang='lat' dir='ltr'><strong>Nos</strong></span> <span class='ocrx_word' id='word_1_715' title='bbox 949 4784 1095 4840; x_wconf 78' lang='lat' dir='ltr'><strong>enim</strong></span> <span class='ocrx_word' id='word_1_716' title='bbox 1142 4800 1267 4863; x_wconf 77' lang='grc' dir='ltr'><strong>⁸ιιοη</strong></span> <span class='ocrx_word' id='word_1_717' title='bbox 1333 4782 1668 4852; x_wconf 88' lang='lat' dir='ltr'><strong>sumpsimus</strong></span> <span class='ocrx_word' id='word_1_718' title='bbox 1726 4781 2007 4838; x_wconf 89' lang='lat' dir='ltr'><strong>hominem</strong></span> 
     </span>
    </p>
   </div>
   <div class='ocr_carea' id='block_1_95' title="bbox 422 4874 2007 4949">
    <p class='ocr_par' dir='ltr' id='par_1_95' title="bbox 422 4874 2007 4949">
     <span class='ocr_line' id='line_1_95' title="bbox 422 4874 2007 4949; baseline -0.002 -17"><span class='ocrx_word' id='word_1_719' title='bbox 422 4879 661 4949; x_wconf 84' lang='lat' dir='ltr'><strong>exempli</strong></span> <span class='ocrx_word' id='word_1_720' title='bbox 680 4892 865 4940; x_wconf 87' lang='lat' dir='ltr'><strong>causa,</strong></span> <span class='ocrx_word' id='word_1_721' title='bbox 891 4876 1024 4948; x_wconf 72' lang='lat' dir='ltr'><strong>quia.</strong></span> <span class='ocrx_word' id='word_1_722' title='bbox 1045 4876 1203 4947; x_wconf 86' lang='lat' dir='ltr'><strong>prius</strong></span> <span class='ocrx_word' id='word_1_723' title='bbox 1233 4884 1419 4932; x_wconf 86' lang='lat' dir='ltr'><strong>essent</strong></span> <span class='ocrx_word' id='word_1_724' title='bbox 1449 4884 1844 4945; x_wconf 88' lang='lat' dir='ltr'><strong>partes,neque</strong></span> <span class='ocrx_word' id='word_1_725' title='bbox 1874 4874 2007 4944; x_wconf 89' lang='lat' dir='ltr'><strong>quia</strong></span> 
     </span>
    </p>
   </div>
   <div class='ocr_carea' id='block_1_96' title="bbox 427 4966 2005 5043">
    <p class='ocr_par' dir='ltr' id='par_1_96' title="bbox 427 4966 2005 5043">
     <span class='ocr_line' id='line_1_96' title="bbox 427 4966 2005 5043; baseline -0.004 -15"><span class='ocrx_word' id='word_1_726' title='bbox 427 4971 613 5039; x_wconf 90' lang='lat' dir='ltr'><strong>simul,</strong></span> <span class='ocrx_word' id='word_1_727' title='bbox 645 4986 826 5042; x_wconf 86' lang='lat' dir='ltr'><strong>neque</strong></span> <span class='ocrx_word' id='word_1_728' title='bbox 866 4971 997 5043; x_wconf 77' lang='lat' dir='ltr'><strong>quia</strong></span> <span class='ocrx_word' id='word_1_729' title='bbox 1046 4969 1406 5041; x_wconf 66' lang='lat' dir='ltr'><strong>imperfectae.</strong></span> <span class='ocrx_word' id='word_1_730' title='bbox 1445 4966 1816 5025; x_wconf 86' lang='lat' dir='ltr'><strong>Concedimus</strong></span> <span class='ocrx_word' id='word_1_731' title='bbox 1856 4967 2005 5022; x_wconf 90' lang='lat' dir='ltr'><strong>enim</strong></span> 
     </span>
    </p>
   </div>
   <div class='ocr_carea' id='block_1_97' title="bbox 499 5140 2013 5221">
    <p class='ocr_par' dir='ltr' id='par_1_97' title="bbox 499 5140 2013 5221">
     <span class='ocr_line' id='line_1_97' title="bbox 499 5140 2013 5221; baseline -0.001 -19"><span class='ocrx_word' id='word_1_732' title='bbox 499 5149 577 5221; x_wconf 69' lang='grc' dir='ltr'><strong>(ες)</strong></span> <span class='ocrx_word' id='word_1_733' title='bbox 600 5148 879 5204; x_wconf 80' lang='lat' dir='ltr'><strong>Rationem</strong></span> <span class='ocrx_word' id='word_1_734' title='bbox 896 5148 1138 5202; x_wconf 56' lang='lat' dir='ltr'><strong>essentia;</strong></span> <span class='ocrx_word' id='word_1_735' title='bbox 1165 5148 1371 5216; x_wconf 80' lang='lat' dir='ltr'><strong>recipit,</strong></span> <span class='ocrx_word' id='word_1_736' title='bbox 1401 5146 1506 5198; x_wconf 77' lang='grc' dir='ltr'>Τὸν</span> <span class='ocrx_word' id='word_1_737' title='bbox 1534 5144 1630 5198; x_wconf 75' lang='grc' dir='ltr'>τοῦ</span> <span class='ocrx_word' id='word_1_738' title='bbox 1661 5140 1804 5198; x_wconf 75' lang='grc' dir='ltr'>εἶναι</span> <span class='ocrx_word' id='word_1_739' title='bbox 1833 5144 2013 5213; x_wconf 88' lang='grc' dir='ltr'>λόγον.</span> 
     </span>
    </p>
   </div>
   <div class='ocr_carea' id='block_1_98' title="bbox 430 5221 566 5275">
    <p class='ocr_par' dir='ltr' id='par_1_98' title="bbox 430 5221 566 5275">
     <span class='ocr_line' id='line_1_98' title="bbox 430 5221 566 5275; baseline -0.015 0"><span class='ocrx_word' id='word_1_740' title='bbox 430 5221 566 5275; x_wconf 81' lang='lat' dir='ltr'><strong>Tun.</strong></span> 
     </span>
    </p>
   </div>
   <div class='ocr_carea' id='block_1_99' title="bbox 491 5285 2014 5374">
    <p class='ocr_par' dir='ltr' id='par_1_99' title="bbox 491 5285 2014 5374">
     <span class='ocr_line' id='line_1_99' title="bbox 491 5285 2014 5374; baseline -0.005 -30"><span class='ocrx_word' id='word_1_741' title='bbox 491 5289 578 5374; x_wconf 55' lang='lat'><strong>$6)</strong></span> <span class='ocrx_word' id='word_1_742' title='bbox 605 5287 911 5374; x_wconf 63' lang='grc' dir='ltr'>ιξείηοειαξὶε</span> <span class='ocrx_word' id='word_1_743' title='bbox 937 5303 1057 5373; x_wconf 58' lang='grc' dir='ltr'>εει-ο</span> <span class='ocrx_word' id='word_1_744' title='bbox 1088 5285 1354 5374; x_wconf 53' lang='lat' dir='ltr'><strong>rationem</strong></span> <span class='ocrx_word' id='word_1_745' title='bbox 1402 5302 1515 5357; x_wconf 46' lang='lat' dir='ltr'><strong>per!</strong></span> <span class='ocrx_word' id='word_1_746' title='bbox 1540 5302 1594 5339; x_wconf 73' lang='lat' dir='ltr'><strong>se</strong></span> <span class='ocrx_word' id='word_1_747' title='bbox 1628 5287 1886 5341; x_wconf 69' lang='lat' dir='ltr'><strong>essentiw.</strong></span> <span class='ocrx_word' id='word_1_748' title='bbox 1909 5285 2014 5338; x_wconf 71' lang='grc' dir='ltr'><strong>Τὸν</strong></span> 
     </span>
    </p>
   </div>
   <div class='ocr_carea' id='block_1_100' title="bbox 426 5353 1160 5415">
    <p class='ocr_par' dir='ltr' id='par_1_100' title="bbox 426 5353 1160 5415">
     <span class='ocr_line' id='line_1_100' title="bbox 426 5353 1160 5415; baseline 0.007 -8"><span class='ocrx_word' id='word_1_749' title='bbox 426 5353 520 5415; x_wconf 62' lang='grc' dir='ltr'><strong>της</strong></span> <span class='ocrx_word' id='word_1_750' title='bbox 552 5353 899 5415; x_wconf 65' lang='grc' dir='ltr'>καθ’⁹’ὲαυτδν</span> <span class='ocrx_word' id='word_1_751' title='bbox 912 5353 1069 5411; x_wconf 76' lang='grc' dir='ltr'>εἶναι.</span> <span class='ocrx_word' id='word_1_752' title='bbox 1088 5357 1160 5412; x_wconf 85' lang='lat' dir='ltr'><strong>lo.</strong></span> 
     </span>
    </p>
   </div>
   <div class='ocr_carea' id='block_1_101' title="bbox 499 5422 2001 5499">
    <p class='ocr_par' dir='ltr' id='par_1_101' title="bbox 499 5422 2001 5499">
     <span class='ocr_line' id='line_1_101' title="bbox 499 5422 2001 5499; baseline -0.004 -14"><span class='ocrx_word' id='word_1_753' title='bbox 499 5431 575 5499; x_wconf 87' lang='lat'><strong>(7)</strong></span> <span class='ocrx_word' id='word_1_754' title='bbox 592 5429 838 5486; x_wconf 72' lang='lat' dir='ltr'><strong>Declarat</strong></span> <span class='ocrx_word' id='word_1_755' title='bbox 859 5429 1089 5499; x_wconf 70' lang='lat' dir='ltr'><strong>aliquem</strong></span> <span class='ocrx_word' id='word_1_756' title='bbox 1114 5444 1300 5481; x_wconf 83' lang='lat' dir='ltr'><strong>unum.</strong></span> <span class='ocrx_word' id='word_1_757' title='bbox 1327 5422 1415 5492; x_wconf 83' lang='grc' dir='ltr'><strong>Τῷ</strong></span> <span class='ocrx_word' id='word_1_758' title='bbox 1438 5445 1487 5480; x_wconf 79' lang='grc' dir='ltr'><strong>τι</strong></span> <span class='ocrx_word' id='word_1_759' title='bbox 1521 5427 1578 5488; x_wconf 82' lang='grc' dir='ltr'>ὸς</span> <span class='ocrx_word' id='word_1_760' title='bbox 1598 5427 1906 5499; x_wconf 38' lang='grc' dir='ltr'>δηλωτικήη</span> <span class='ocrx_word' id='word_1_761' title='bbox 1926 5426 2001 5480; x_wconf 83' lang='lat' dir='ltr'><strong>In.</strong></span> 
     </span>
    </p>
   </div>
   <div class='ocr_carea' id='block_1_102' title="bbox 499 5496 2007 5570">
    <p class='ocr_par' dir='ltr' id='par_1_102' title="bbox 499 5496 2007 5570">
     <span class='ocr_line' id='line_1_102' title="bbox 499 5496 2007 5570; baseline -0.004 -13"><span class='ocrx_word' id='word_1_762' title='bbox 499 5496 575 5569; x_wconf 77' lang='lat'><strong>(8)</strong></span> <span class='ocrx_word' id='word_1_763' title='bbox 610 5500 853 5570; x_wconf 75' lang='lat' dir='ltr'><strong>Deﬁnitio</strong></span> <span class='ocrx_word' id='word_1_764' title='bbox 892 5496 1012 5554; x_wconf 68' lang='lat' dir='ltr'><strong>vero</strong></span> <span class='ocrx_word' id='word_1_765' title='bbox 1035 5499 1347 5569; x_wconf 72' lang='grc' dir='ltr'>Ιιῃροειαεὶε.</span> <span class='ocrx_word' id='word_1_766' title='bbox 1384 5498 1704 5569; x_wconf 77' lang='lat' dir='ltr'><strong>llypostasis</strong></span> <span class='ocrx_word' id='word_1_767' title='bbox 1735 5496 2007 5570; x_wconf 69' lang='lat' dir='ltr'><strong>signiﬁcat</strong></span> 
     </span>
    </p>
   </div>
   <div class='ocr_carea' id='block_1_103' title="bbox 429 5568 2000 5641">
    <p class='ocr_par' dir='ltr' id='par_1_103' title="bbox 429 5568 2000 5641">
     <span class='ocr_line' id='line_1_103' title="bbox 429 5568 2000 5641; baseline -0.006 -14"><span class='ocrx_word' id='word_1_768' title='bbox 429 5568 790 5628; x_wconf 70' lang='lat' dir='ltr'><strong>substantiam</strong></span> <span class='ocrx_word' id='word_1_769' title='bbox 849 5568 1234 5641; x_wconf 71' lang='lat' dir='ltr'><strong>partimlurrm</strong></span> <span class='ocrx_word' id='word_1_770' title='bbox 1296 5585 1403 5623; x_wconf 85' lang='lat' dir='ltr'><strong>non</strong></span> <span class='ocrx_word' id='word_1_771' title='bbox 1438 5568 1770 5641; x_wconf 75' lang='lat' dir='ltr'><strong>quocunque</strong></span> <span class='ocrx_word' id='word_1_772' title='bbox 1818 5568 2000 5629; x_wconf 68' lang='lat' dir='ltr'><strong>modo,</strong></span> 
     </span>
    </p>
   </div>
   <div class='ocr_carea' id='block_1_104' title="bbox 425 5639 2003 5714">
    <p class='ocr_par' dir='ltr' id='par_1_104' title="bbox 425 5639 2003 5714">
     <span class='ocr_line' id='line_1_104' title="bbox 425 5639 2003 5714; baseline -0.003 -19"><span class='ocrx_word' id='word_1_773' title='bbox 425 5644 520 5696; x_wconf 64' lang='lat' dir='ltr'><strong>sed</strong></span> <span class='ocrx_word' id='word_1_774' title='bbox 550 5656 823 5714; x_wconf 67' lang='lat' dir='ltr'><strong>quatenus</strong></span> <span class='ocrx_word' id='word_1_775' title='bbox 851 5639 934 5714; x_wconf 74' lang='lat' dir='ltr'><strong>est</strong></span> <span class='ocrx_word' id='word_1_776' title='bbox 961 5642 1014 5695; x_wconf 87' lang='lat' dir='ltr'><strong>in</strong></span> <span class='ocrx_word' id='word_1_777' title='bbox 1052 5658 1151 5695; x_wconf 83' lang='lat' dir='ltr'><strong>suo</strong></span> <span class='ocrx_word' id='word_1_778' title='bbox 1200 5639 1714 5714; x_wconf 70' lang='lat' dir='ltr'><strong>cont_p_l_eniento,_id</strong></span> <span class='ocrx_word' id='word_1_779' title='bbox 1766 5648 2003 5714; x_wconf 69' lang='lat' dir='ltr'><strong>est,_uer</strong></span> 
     </span>
    </p>
   </div>
   <div class='ocr_carea' id='block_1_105' title="bbox 334 5709 2007 5785">
    <p class='ocr_par' dir='ltr' id='par_1_105' title="bbox 334 5709 2007 5785">
     <span class='ocr_line' id='line_1_105' title="bbox 334 5709 2007 5785; baseline -0.002 -18"><span class='ocrx_word' id='word_1_780' title='bbox 334 5774 341 5779; x_wconf 51' lang='grc'><strong>,</strong></span> <span class='ocrx_word' id='word_1_781' title='bbox 424 5727 484 5768; x_wconf 70' lang='lat' dir='ltr'><strong>se</strong></span> <span class='ocrx_word' id='word_1_782' title='bbox 509 5709 801 5785; x_wconf 74' lang='lat' dir='ltr'><strong>separatim</strong></span> <span class='ocrx_word' id='word_1_783' title='bbox 827 5723 881 5768; x_wconf 80' lang='lat' dir='ltr'><strong>et</strong></span> <span class='ocrx_word' id='word_1_784' title='bbox 904 5711 1504 5769; x_wconf 69' lang='lat' dir='ltr'><strong>incommunivahiliter</strong></span> <span class='ocrx_word' id='word_1_785' title='bbox 1533 5710 1825 5766; x_wconf 80' lang='lat' dir='ltr'><strong>exsistens.</strong></span> <span class='ocrx_word' id='word_1_786' title='bbox 1852 5709 2007 5774; x_wconf 77' lang='lat' dir='ltr'><strong>Qua-</strong></span> 
     </span>
    </p>
   </div>
   <div class='ocr_carea' id='block_1_106' title="bbox 2103 4501 3685 4576">
    <p class='ocr_par' dir='ltr' id='par_1_106' title="bbox 2103 4501 3685 4576">
     <span class='ocr_line' id='line_1_106' title="bbox 2103 4501 3685 4576; baseline -0.006 -15"><span class='ocrx_word' id='word_1_787' title='bbox 2103 4523 2296 4561; x_wconf 88' lang='grc' dir='ltr'>τυπον.</span> <span class='ocrx_word' id='word_1_788' title='bbox 2328 4506 2402 4560; x_wconf 87' lang='grc' dir='ltr'>Οὑ</span> <span class='ocrx_word' id='word_1_789' title='bbox 2430 4504 2540 4576; x_wconf 78' lang='grc' dir='ltr'>γὰρ</span> <span class='ocrx_word' id='word_1_790' title='bbox 2569 4505 2650 4559; x_wconf 75' lang='grc' dir='ltr'><strong>ετι</strong></span> <span class='ocrx_word' id='word_1_791' title='bbox 2674 4505 2740 4559; x_wconf 80' lang='grc' dir='ltr'>ἂν</span> <span class='ocrx_word' id='word_1_792' title='bbox 2765 4505 2848 4574; x_wconf 72' lang='grc' dir='ltr'>εἴη</span> <span class='ocrx_word' id='word_1_793' title='bbox 2878 4504 3256 4573; x_wconf 82' lang='grc' dir='ltr'>παράδειγμα,</span> <span class='ocrx_word' id='word_1_794' title='bbox 3298 4504 3347 4556; x_wconf 81' lang='grc' dir='ltr'><strong>εί</strong></span> <span class='ocrx_word' id='word_1_795' title='bbox 3387 4501 3463 4573; x_wconf 81' lang='grc' dir='ltr'>μὴ</span> <span class='ocrx_word' id='word_1_796' title='bbox 3495 4503 3590 4554; x_wconf 80' lang='grc' dir='ltr'>καὶ</span> <span class='ocrx_word' id='word_1_797' title='bbox 3624 4501 3685 4555; x_wconf 58' lang='grc' dir='ltr'>τὸ</span> 
     </span>
    </p>
   </div>
   <div class='ocr_carea' id='block_1_107' title="bbox 2109 4592 3699 4668">
    <p class='ocr_par' dir='ltr' id='par_1_107' title="bbox 2109 4592 3699 4668">
     <span class='ocr_line' id='line_1_107' title="bbox 2109 4592 3699 4668; baseline -0.005 -15"><span class='ocrx_word' id='word_1_798' title='bbox 2109 4599 2371 4661; x_wconf 70' lang='grc' dir='ltr'>ἀπεοικὸς</span> <span class='ocrx_word' id='word_1_799' title='bbox 2403 4597 2537 4668; x_wconf 70' lang='grc' dir='ltr'>ἔχοι.</span> <span class='ocrx_word' id='word_1_800' title='bbox 2568 4596 2761 4667; x_wconf 81' lang='grc' dir='ltr'>Ἡμεῖς</span> <span class='ocrx_word' id='word_1_801' title='bbox 2787 4594 2899 4666; x_wconf 84' lang='grc' dir='ltr'>γὰρ</span> <span class='ocrx_word' id='word_1_802' title='bbox 2922 4595 3013 4651; x_wconf 73' lang='grc' dir='ltr'>τὸν</span> <span class='ocrx_word' id='word_1_803' title='bbox 3044 4593 3331 4664; x_wconf 78' lang='grc' dir='ltr'>ἄνθρωπον</span> <span class='ocrx_word' id='word_1_804' title='bbox 3367 4592 3493 4648; x_wconf 75' lang='grc' dir='ltr'>οὔτε</span> <span class='ocrx_word' id='word_1_805' title='bbox 3517 4592 3604 4646; x_wconf 78' lang='grc' dir='ltr'>διὰ</span> <span class='ocrx_word' id='word_1_806' title='bbox 3633 4592 3699 4645; x_wconf 79' lang='grc' dir='ltr'><strong>τδ</strong></span> 
     </span>
    </p>
   </div>
   <div class='ocr_carea' id='block_1_108' title="bbox 2113 4682 3701 4762">
    <p class='ocr_par' dir='ltr' id='par_1_108' title="bbox 2113 4682 3701 4762">
     <span class='ocr_line' id='line_1_108' title="bbox 2113 4682 3701 4762; baseline -0.006 -17"><span class='ocrx_word' id='word_1_807' title='bbox 2113 4689 2549 4762; x_wconf 84' lang='grc' dir='ltr'>προῦπάρχεινῆ</span> <span class='ocrx_word' id='word_1_808' title='bbox 2581 4688 2972 4758; x_wconf 80' lang='grc' dir='ltr'>συνυπάρχειν,</span> <span class='ocrx_word' id='word_1_809' title='bbox 3010 4683 3136 4740; x_wconf 79' lang='grc' dir='ltr'>οὔτε</span> <span class='ocrx_word' id='word_1_810' title='bbox 3166 4685 3254 4739; x_wconf 75' lang='grc' dir='ltr'>διὰ</span> <span class='ocrx_word' id='word_1_811' title='bbox 3282 4684 3343 4738; x_wconf 83' lang='grc' dir='ltr'><strong>τδ</strong></span> <span class='ocrx_word' id='word_1_812' title='bbox 3370 4683 3563 4748; x_wconf 71' lang='grc' dir='ltr'>ἀτελὲς</span> <span class='ocrx_word' id='word_1_813' title='bbox 3586 4682 3701 4737; x_wconf 82' lang='grc' dir='ltr'><strong>τῶν</strong></span> 
     </span>
    </p>
   </div>
   <div class='ocr_carea' id='block_1_109' title="bbox 2119 4774 3699 4853">
    <p class='ocr_par' dir='ltr' id='par_1_109' title="bbox 2119 4774 3699 4853">
     <span class='ocr_line' id='line_1_109' title="bbox 2119 4774 3699 4853; baseline -0.006 -17"><span class='ocrx_word' id='word_1_814' title='bbox 2119 4781 2335 4853; x_wconf 72' lang='grc' dir='ltr'>μερῶνο</span> <span class='ocrx_word' id='word_1_815' title='bbox 2366 4778 2824 4851; x_wconf 78' lang='grc' dir='ltr'>συγκεχωρείσθω</span> <span class='ocrx_word' id='word_1_816' title='bbox 2854 4779 2963 4849; x_wconf 81' lang='grc' dir='ltr'><strong>γὰρ</strong></span> <span class='ocrx_word' id='word_1_817' title='bbox 2988 4780 3100 4842; x_wconf 82' lang='grc' dir='ltr'>τοῖς</span> <span class='ocrx_word' id='word_1_818' title='bbox 3137 4774 3489 4847; x_wconf 78' lang='grc' dir='ltr'>κακοσχόλοις</span> <span class='ocrx_word' id='word_1_819' title='bbox 3531 4774 3699 4843; x_wconf 79' lang='grc' dir='ltr'>ἀτελῆ</span> 
     </span>
    </p>
   </div>
   <div class='ocr_carea' id='block_1_110' title="bbox 2114 4864 3699 4943">
    <p class='ocr_par' dir='ltr' id='par_1_110' title="bbox 2114 4864 3699 4943">
     <span class='ocr_line' id='line_1_110' title="bbox 2114 4864 3699 4943; baseline -0.006 -14"><span class='ocrx_word' id='word_1_820' title='bbox 2114 4875 2313 4943; x_wconf 82' lang='grc' dir='ltr'>λέγειν,</span> <span class='ocrx_word' id='word_1_821' title='bbox 2336 4872 2538 4943; x_wconf 89' lang='grc' dir='ltr'>καίπερ</span> <span class='ocrx_word' id='word_1_822' title='bbox 2582 4873 2681 4926; x_wconf 82' lang='grc' dir='ltr'><strong>οὐκ</strong></span> <span class='ocrx_word' id='word_1_823' title='bbox 2736 4872 2868 4926; x_wconf 77' lang='grc' dir='ltr'>ὄντα</span> <span class='ocrx_word' id='word_1_824' title='bbox 2902 4870 3043 4924; x_wconf 83' lang='grc' dir='ltr'>κατὰ</span> <span class='ocrx_word' id='word_1_825' title='bbox 3068 4870 3159 4924; x_wconf 74' lang='grc' dir='ltr'>τὸν</span> <span class='ocrx_word' id='word_1_826' title='bbox 3197 4867 3293 4924; x_wconf 82' lang='grc' dir='ltr'>τοῦ</span> <span class='ocrx_word' id='word_1_827' title='bbox 3321 4864 3464 4923; x_wconf 75' lang='grc' dir='ltr'>εἶναι</span> <span class='ocrx_word' id='word_1_828' title='bbox 3513 4867 3699 4935; x_wconf 72' lang='grc' dir='ltr'>λόγον,</span> 
     </span>
    </p>
   </div>
   <div class='ocr_carea' id='block_1_111' title="bbox 2114 4959 3703 5039">
    <p class='ocr_par' dir='ltr' id='par_1_111' title="bbox 2114 4959 3703 5039">
     <span class='ocr_line' id='line_1_111' title="bbox 2114 4959 3703 5039; baseline -0.006 -17"><span class='ocrx_word' id='word_1_829' title='bbox 2114 4969 2190 5031; x_wconf 83' lang='grc' dir='ltr'><strong>ὡς</strong></span> <span class='ocrx_word' id='word_1_830' title='bbox 2225 4967 2451 5039; x_wconf 77' lang='grc' dir='ltr'>ὕστερον</span> <span class='ocrx_word' id='word_1_831' title='bbox 2483 4964 2732 5036; x_wconf 81' lang='grc' dir='ltr'>δείξομεν</span> <span class='ocrx_word' id='word_1_832' title='bbox 2751 4982 2767 4997; x_wconf 88' lang='grc'><strong>·</strong></span> <span class='ocrx_word' id='word_1_833' title='bbox 2795 4962 2935 5018; x_wconf 82' lang='grc' dir='ltr'>ἀλλὰ</span> <span class='ocrx_word' id='word_1_834' title='bbox 2964 4960 3101 5033; x_wconf 73' lang='grc' dir='ltr'>πρὸς</span> <span class='ocrx_word' id='word_1_835' title='bbox 3132 4960 3366 5032; x_wconf 83' lang='grc' dir='ltr'>δήλωσιν</span> <span class='ocrx_word' id='word_1_836' title='bbox 3392 4959 3703 5030; x_wconf 73' lang='grc' dir='ltr'>εἰλήφαμεν</span> 
     </span>
    </p>
   </div>
   <div class='ocr_carea' id='block_1_112' title="bbox 2125 5135 3697 5217">
    <p class='ocr_par' dir='ltr' id='par_1_112' title="bbox 2125 5135 3697 5217">
     <span class='ocr_line' id='line_1_112' title="bbox 2125 5135 3697 5217; baseline -0.006 -18"><span class='ocrx_word' id='word_1_837' title='bbox 2125 5155 2293 5217; x_wconf 83' lang='lat' dir='ltr'><strong>tenus</strong></span> <span class='ocrx_word' id='word_1_838' title='bbox 2306 5158 2455 5217; x_wconf 79' lang='lat' dir='ltr'><strong>vero</strong></span> <span class='ocrx_word' id='word_1_839' title='bbox 2492 5143 2546 5217; x_wconf 91' lang='lat' dir='ltr'><strong>i_n</strong></span> <span class='ocrx_word' id='word_1_840' title='bbox 2591 5142 2883 5217; x_wconf 74' lang='lat' dir='ltr'><strong>unionem_</strong></span> <span class='ocrx_word' id='word_1_841' title='bbox 2910 5139 3145 5217; x_wconf 80' lang='lat' dir='ltr'><strong>alicujus</strong></span> <span class='ocrx_word' id='word_1_842' title='bbox 3183 5136 3357 5205; x_wconf 71' lang='lat' dir='ltr'><strong>magis</strong></span> <span class='ocrx_word' id='word_1_843' title='bbox 3410 5135 3697 5217; x_wconf 77' lang='lat' dir='ltr'><strong>completi,</strong></span> 
     </span>
    </p>
   </div>
   <div class='ocr_carea' id='block_1_113' title="bbox 2123 5209 3703 5284">
    <p class='ocr_par' dir='ltr' id='par_1_113' title="bbox 2123 5209 3703 5284">
     <span class='ocr_line' id='line_1_113' title="bbox 2123 5209 3703 5284; baseline -0.006 -15"><span class='ocrx_word' id='word_1_844' title='bbox 2123 5231 2231 5269; x_wconf 89' lang='lat' dir='ltr'><strong>non</strong></span> <span class='ocrx_word' id='word_1_845' title='bbox 2264 5214 2473 5270; x_wconf 89' lang='lat' dir='ltr'><strong>dicitur</strong></span> <span class='ocrx_word' id='word_1_846' title='bbox 2499 5212 2835 5284; x_wconf 78' lang='lat' dir='ltr'><strong>hypostasis.</strong></span> <span class='ocrx_word' id='word_1_847' title='bbox 2859 5210 3053 5284; x_wconf 82' lang='lat' dir='ltr'><strong>Anima</strong></span> <span class='ocrx_word' id='word_1_848' title='bbox 3084 5217 3377 5284; x_wconf 65' lang='lat' dir='ltr'><strong>eteorpus,</strong></span> <span class='ocrx_word' id='word_1_849' title='bbox 3409 5222 3474 5259; x_wconf 76' lang='lat' dir='ltr'><strong>ex</strong></span> <span class='ocrx_word' id='word_1_850' title='bbox 3496 5209 3703 5275; x_wconf 73' lang='lat' dir='ltr'><strong>quibus</strong></span> 
     </span>
    </p>
   </div>
   <div class='ocr_carea' id='block_1_114' title="bbox 2123 5278 3704 5354">
    <p class='ocr_par' dir='ltr' id='par_1_114' title="bbox 2123 5278 3704 5354">
     <span class='ocr_line' id='line_1_114' title="bbox 2123 5278 3704 5354; baseline -0.007 -15"><span class='ocrx_word' id='word_1_851' title='bbox 2123 5285 2288 5340; x_wconf 92' lang='lat' dir='ltr'><strong>homo</strong></span> <span class='ocrx_word' id='word_1_852' title='bbox 2321 5278 2671 5354; x_wconf 68' lang='lat' dir='ltr'><strong>componitur</strong></span> <span class='ocrx_word' id='word_1_853' title='bbox 2704 5290 2760 5336; x_wconf 89' lang='lat' dir='ltr'><strong>et</strong></span> <span class='ocrx_word' id='word_1_854' title='bbox 2783 5281 3092 5354; x_wconf 83' lang='lat' dir='ltr'><strong>completur</strong></span> <span class='ocrx_word' id='word_1_855' title='bbox 3135 5279 3189 5354; x_wconf 78' lang='lat' dir='ltr'><strong>i_n</strong></span> <span class='ocrx_word' id='word_1_856' title='bbox 3221 5278 3403 5354; x_wconf 73' lang='lat' dir='ltr'><strong>specie</strong></span> <span class='ocrx_word' id='word_1_857' title='bbox 3449 5291 3545 5330; x_wconf 88' lang='lat' dir='ltr'><strong>seu</strong></span> <span class='ocrx_word' id='word_1_858' title='bbox 3599 5291 3704 5354; x_wconf 58' lang='lat' dir='ltr'><strong>na-</strong></span> 
     </span>
    </p>
   </div>
   <div class='ocr_carea' id='block_1_115' title="bbox 2124 5344 3703 5416">
    <p class='ocr_par' dir='ltr' id='par_1_115' title="bbox 2124 5344 3703 5416">
     <span class='ocr_line' id='line_1_115' title="bbox 2124 5344 3703 5416; baseline -0.006 -7"><span class='ocrx_word' id='word_1_859' title='bbox 2124 5365 2245 5410; x_wconf 83' lang='lat' dir='ltr'><strong>tura</strong></span> <span class='ocrx_word' id='word_1_860' title='bbox 2298 5344 2560 5416; x_wconf 74' lang='lat' dir='ltr'><strong>humana,</strong></span> <span class='ocrx_word' id='word_1_861' title='bbox 2587 5361 2719 5409; x_wconf 82' lang='lat' dir='ltr'><strong>sum</strong></span> <span class='ocrx_word' id='word_1_862' title='bbox 2743 5344 3103 5404; x_wconf 74' lang='grc' dir='ltr'>ἑνυπόστατα.</span> <span class='ocrx_word' id='word_1_863' title='bbox 3133 5344 3406 5402; x_wconf 65' lang='lat' dir='ltr'><strong>Convenit</strong></span> <span class='ocrx_word' id='word_1_864' title='bbox 3439 5361 3565 5402; x_wconf 88' lang='lat' dir='ltr'><strong>cum</strong></span> <span class='ocrx_word' id='word_1_865' title='bbox 3612 5344 3703 5400; x_wconf 82' lang='lat' dir='ltr'><strong>his</strong></span> 
     </span>
    </p>
   </div>
   <div class='ocr_carea' id='block_1_116' title="bbox 2120 5416 3445 5497">
    <p class='ocr_par' dir='ltr' id='par_1_116' title="bbox 2120 5416 3445 5497">
     <span class='ocr_line' id='line_1_116' title="bbox 2120 5416 3445 5497; baseline -0.006 -17"><span class='ocrx_word' id='word_1_866' title='bbox 2120 5424 2370 5497; x_wconf 76' lang='lat' dir='ltr'><strong>delinith</strong></span> <span class='ocrx_word' id='word_1_867' title='bbox 2390 5423 2712 5479; x_wconf 84' lang='lat' dir='ltr'><strong>Damasceui</strong></span> <span class='ocrx_word' id='word_1_868' title='bbox 2748 5422 2801 5477; x_wconf 85' lang='lat' dir='ltr'><strong>in</strong></span> <span class='ocrx_word' id='word_1_869' title='bbox 2840 5419 3062 5490; x_wconf 74' lang='lat' dir='ltr'><strong>[.ogica,</strong></span> <span class='ocrx_word' id='word_1_870' title='bbox 3090 5419 3338 5497; x_wconf 41' lang='grc' dir='ltr'><strong>ρλβ’-ὀί.</strong></span> <span class='ocrx_word' id='word_1_871' title='bbox 3370 5416 3445 5497; x_wconf 67' lang='lat' dir='ltr'><strong>lo.</strong></span> 
     </span>
    </p>
   </div>
   <div class='ocr_carea' id='block_1_117' title="bbox 2186 5482 3610 5565">
    <p class='ocr_par' dir='ltr' id='par_1_117' title="bbox 2186 5482 3610 5565">
     <span class='ocr_line' id='line_1_117' title="bbox 2186 5482 3610 5565; baseline -0.008 -14"><span class='ocrx_word' id='word_1_872' title='bbox 2186 5495 2262 5565; x_wconf 83' lang='grc'><strong>(9)</strong></span> <span class='ocrx_word' id='word_1_873' title='bbox 2290 5493 2726 5565; x_wconf 66' lang='lat' dir='ltr'><strong>communionem</strong></span> <span class='ocrx_word' id='word_1_874' title='bbox 2759 5507 2881 5546; x_wconf 78' lang='lat' dir='ltr'><strong>rem</strong></span> <span class='ocrx_word' id='word_1_875' title='bbox 2911 5482 3171 5565; x_wconf 43' lang='lat' dir='ltr'><strong>essentne:</strong></span> <span class='ocrx_word' id='word_1_876' title='bbox 3206 5484 3314 5565; x_wconf 59' lang='grc' dir='ltr'>ξῐςιῦ</span> <span class='ocrx_word' id='word_1_877' title='bbox 3342 5482 3507 5565; x_wconf 45' lang='lat' dir='ltr'><strong>eligat.</strong></span> <span class='ocrx_word' id='word_1_878' title='bbox 3535 5485 3610 5542; x_wconf 78' lang='lat' dir='ltr'><strong>lo.</strong></span> 
     </span>
    </p>
   </div>
   <div class='ocr_carea' id='block_1_118' title="bbox 2183 5555 3700 5633">
    <p class='ocr_par' dir='ltr' id='par_1_118' title="bbox 2183 5555 3700 5633">
     <span class='ocr_line' id='line_1_118' title="bbox 2183 5555 3700 5633; baseline -0.007 -12"><span class='ocrx_word' id='word_1_879' title='bbox 2183 5555 2199 5631; x_wconf 79' lang='grc'><em>(</em></span> <span class='ocrx_word' id='word_1_880' title='bbox 2213 5555 2293 5633; x_wconf 73' lang='grc'><strong>10)</strong></span> <span class='ocrx_word' id='word_1_881' title='bbox 2322 5563 2668 5621; x_wconf 69' lang='grc' dir='ltr'>δὶηιιιεειὶσηι</span> <span class='ocrx_word' id='word_1_882' title='bbox 2685 5564 2825 5617; x_wconf 81' lang='lat' dir='ltr'><strong>inter</strong></span> <span class='ocrx_word' id='word_1_883' title='bbox 2852 5575 2926 5617; x_wconf 73' lang='lat' dir='ltr'><strong>se.</strong></span> <span class='ocrx_word' id='word_1_884' title='bbox 2954 5560 3107 5633; x_wconf 68' lang='grc' dir='ltr'>’Ἅμα</span> <span class='ocrx_word' id='word_1_885' title='bbox 3141 5559 3230 5613; x_wconf 73' lang='grc' dir='ltr'><strong>καὶ</strong></span> <span class='ocrx_word' id='word_1_886' title='bbox 3250 5561 3307 5613; x_wconf 77' lang='grc' dir='ltr'>ἐν</span> <span class='ocrx_word' id='word_1_887' title='bbox 3338 5556 3501 5628; x_wconf 65' lang='grc' dir='ltr'>,ἄλλήλ</span> <span class='ocrx_word' id='word_1_888' title='bbox 3516 5555 3700 5620; x_wconf 67' lang='lat' dir='ltr'><strong>11;.lr.</strong></span> 
     </span>
    </p>
   </div>
   <div class='ocr_carea' id='block_1_119' title="bbox 2184 5632 3070 5708">
    <p class='ocr_par' dir='ltr' id='par_1_119' title="bbox 2184 5632 3070 5708">
     <span class='ocr_line' id='line_1_119' title="bbox 2184 5632 3070 5708; baseline -0.01 -18"><span class='ocrx_word' id='word_1_889' title='bbox 2184 5632 2293 5708; x_wconf 79' lang='grc' dir='ltr'><strong>(Η)</strong></span> <span class='ocrx_word' id='word_1_890' title='bbox 2326 5635 2582 5689; x_wconf 66' lang='lat' dir='ltr'><strong>Coinsim.</strong></span> <span class='ocrx_word' id='word_1_891' title='bbox 2617 5632 3070 5703; x_wconf 68' lang='grc' dir='ltr'>Σνμπεφυκυίας.</span> 
     </span>
    </p>
   </div>
  </div>
