3954 6148
246 335 374 403 ιςδι

1308 342 1602 402 CONTRA
1647 344 1967 407 NESTOR.
2007 349 2103 409 ΕΤ
2144 351 2466 411 EU'I‘YCII.

3360 348 3495 415 1282

239 452 611 524 παράδλγμα,
645 449 739 503 τοῦ
788 450 926 521 αὐτῇ
961 451 1022 519 τῇ
1056 449 1212 521 οὐσίᾳ
1255 451 1344 503 τὸν
1370 451 1543 519 Λόγον
1575 452 1792 523 ἡνὼσθα

1920 457 2038 512 istis
2088 458 2230 514 male
2280 459 2524 524 feriatis,
2580 469 2640 514 ut
2684 459 3034 529 imperfectas
3082 471 3315 529 vocent,
3368 480 3495 523 cum

236 544 315 615 τῷ
363 542 423 609 ἐξ
454 542 612 614 ἡμῶν
653 540 865 613 σώματι
897 540 991 595 καὶ
1033 540 1157 610 μηδ’
1186 541 1250 594 ἄν
1288 558 1423 594 ποτε
1452 543 1621 614 χωρὶς
1651 543 1819 597 αὐτοῦ

235 634 633 706 τεθεωρῆσθαι,
670 635 719 686 εἰ
749 635 842 687 καὶ
874 631 1037 695 σώζοι
1080 632 1183 686 κάν
1210 635 1275 704 τῇ
1305 630 1497 686 ἑνώσει
1531 633 1592 687 τὸ
1634 635 1820 703 διάφο-

237 744 352 798 ρον,
376 726 567 796 ὥσπερ
601 725 793 797 ἀμέλει
826 725 921 778 καί⁵
948 726 977 778 6
1006 723 1185 788 κοινὸς
1212 724 1520 797 ἄνθρωπος.
1558 725 1648 779 Ἐν
1677 727 1819 780 οὐδε-

237 824 458 891 πτέρῳ
487 820 596 892 7&9
629 818 967 890 συγχυθέντα
992 819 1240 887 φαίνεται
1267 817 1339 872 τά
1370 818 1652 889 ἰδιώματα.
1679 819 1817 873 Οὔτε

235 910 343 983 γάρ
374 908 435 975 ἐξ
479 910 710 981 ἀοράτου
761 909 795 981 ἢ
845 907 1139 975 ἀθανάτου,
1179 909 1355 980 ὁρατὴ
1383 909 1477 963 καὶ
1523 909 1693 981 θνητὴ
1724 910 1818 980 γέε-

237 1014 394 1068 γονεν
422 999 458 1069 ἡ
501 998 745 1069 ἡμετέρα
782 997 952 1069 ψυχὴ,
983 996 1106 1052 οὔτε
1145 1000 1251 1069 μὴν
1279 1001 1308 1052 6
1334 999 1509 1067 Λόγος
1554 1000 1747 1072 ὁρατὸς
1778 1001 1812 1072 ἢ

236 1088 451 1161 θνητὸς,
483 1089 685 1160 καίπερ
716 1090 776 1143 ὲν
799 1089 1001 1160 ὁρατῷ
1027 1091 1121 1144 καὶ
1165 1088 1347 1161 θνητῷ
1376 1089 1590 1162 σώματι
1621 1093 1720 1163 τῆς
1754 1110 1815 1145 τε

238 1184 507 1252 ἡμετέρας
537 1180 718 1251 ψυχῆς
750 1183 843 1234 καὶ
873 1180 965 1234 τοῦ
995 1181 1169 1249 Λόγου
1207 1182 1611 1252 γεγενημένων.
1642 1182 1814 1248 Σὼζει

233 1273 341 1343 γὰρ
364 1272 700 1338 ἀνελλειπῶς
721 1274 829 1327 τῶν
850 1272 1157 1344 εἰρημένων
1190 1273 1469 1344 ἑκάτερον,
1504 1275 1532 1328 ὅ
1557 1292 1614 1327 τε
1634 1275 1813 1339 κοινὸς

231 1365 518 1438 ἄνθρωπος
541 1368 570 1419 ό
615 1368 681 1419 ὲκ
718 1367 898 1436 ψυχῆς
928 1367 1023 1419 καὶ
1064 1365 1337 1437 σώματος,
1372 1366 1400 1419 ὅ
1432 1383 1491 1420 τε
1525 1367 1719 1437 Σωτὴρ
1749 1368 1813 1421 ἐκ

232 1459 486 1528 θεότητος
507 1460 602 1514 καὶ
626 1459 1047 1530 ἀνθρωπότητος
1080 1459 1340 1522 ὑποστάς.
1369 1459 1432 1512 Oi
1458 1460 1516 1513 δὲ
1546 1460 1606 1512 οὐ
1641 1459 1762 1513 καθ’
1784 1459 1813 1511 ὅ

231 1550 431 1615 ἔοικεν,
470 1549 606 1604 ἀλλά
651 1549 774 1603 καθ’
802 1549 832 1601 6
879 1550 1106 1604 ἀπέοικε
1144 1548 1483 1619 λαμϐάνουσι
1526 1549 1588 1603 τὸ
1626 1549 1810 1620 παρά-

231 1641 450 1712 δειγμα,
482 1643 577 1695 καὶ
605 1642 994 1714 κακοσχολοῶι
1031 1642 1161 1713 περί
1197 1643 1296 1707 τάς
1334 1642 1593 1706 πεύσειςο
1622 1641 1810 1714 ὥσπερ

230 1732 296 1784 ἂν
317 1733 367 1785 εἰ
399 1733 492 1785 καὶ
519 1731 579 1785 τὸ
600 1733 825 1801 ἡλιακὸν
856 1735 1205 1803 ἀπαύγασμα
1248 1732 1406 1804 ἡμῶν
1434 1732 1809 1804 παραλαμϐα-

1921 546 2126 617 alioqui
2160 563 2272 603 non
2306 548 2438 614 sint,
2469 548 2775 604 secundum
2822 549 3093 605 rationem
3128 552 3403 620 essentia,
3438 565 3498 610 ut

1919 647 2110 708 postea
2129 638 2671 706 demonstrabimus;
2703 639 2798 694 sed
2826 637 3160 710 sumpsimus
3186 648 3496 712 exemplum

1917 729 1985 783 ad
2031 729 2425 785 declarandum
2456 746 2580 785 esse
2607 731 2849 786 Verbum
2891 730 2994 801 ipsi
3027 732 3350 789 substantiae
3376 735 3497 789 uni-

1919 829 2037 874 tum
2064 859 2079 886 ,
2124 821 2341 890 corpori
2392 822 2606 877 scilicet
2643 837 2710 876 ex
2755 822 2917 876 nobis
2945 834 3203 893 sumpto,
3249 832 3306 878 et
3348 841 3494 880 nun-

1916 926 2079 982 quam
2145 912 2266 967 sine
2330 928 2398 967 eo
2451 913 2640 976 cerni,
2691 915 2946 983 quamvis
2994 925 3181 971 servet
3221 916 3387 972 etiam
3437 918 3492 972 in

1916 1006 2125 1058 unione
2183 1001 2597 1069 differentiam;
2652 1003 2798 1057 sicut
2860 1004 3028 1058 etiam
3094 1014 3281 1061 servat
3339 1021 3493 1061 com-

1914 1094 2101 1148 munis
2132 1092 2319 1147 homo.
2367 1091 2428 1147 In
2470 1100 2671 1147 neutro
2713 1092 2863 1147 enim
2911 1103 3217 1149 cernuntur
3265 1095 3493 1151 confuso

1913 1184 2303 1255 proprietates.
2338 1183 2452 1238 Nec
2489 1183 2639 1238 enim
2685 1198 2756 1238 ex
2798 1182 3064 1238 invisibili
3106 1193 3163 1240 et
3194 1186 3493 1240 immortali

1913 1274 2057 1330 facta
2099 1282 2186 1330 est
2237 1274 2421 1330 anima
2497 1285 2686 1329 nostra
2737 1272 3039 1329 invisibilis
3098 1284 3155 1328 et
3217 1275 3487 1329 mortalis.

1911 1365 2101 1436 Neque
2150 1365 2393 1420 Verbum
2441 1364 2646 1421 factum
2690 1374 2777 1420 est
2821 1364 3041 1420 visibile
3097 1372 3156 1420 et
3231 1366 3484 1430 mortale.

1911 1458 2163 1529 quamvis
2194 1458 2249 1512 in
2290 1472 2525 1528 corpore
2558 1457 2762 1512 visibili
2808 1467 2866 1512 et
2907 1458 3145 1512 mortali.
3185 1457 3491 1528 Utrumque

1910 1550 2059 1603 enim
2091 1548 2365 1603 dictorum
2407 1557 2587 1603 servat
2626 1549 2838 1619 integre
2878 1564 3033 1602 suam
3075 1548 3488 1618 proprietatem,

1911 1638 2059 1694 sicut
2112 1638 2403 1707 utriusque
2450 1641 2675 1707 inatura
2729 1639 2997 1708 postulat;
3061 1637 3229 1692 homo
3278 1638 3491 1692 scilicet

1910 1729 2223 1785 communis
2263 1744 2331 1783 ex
2367 1729 2550 1783 anima
2592 1736 2648 1783 et
2684 1743 2917 1797 corpore
2963 1738 3244 1792 constans,
3278 1736 3335 1782 et
3378 1726 3491 1782 Sal-

229 1824 428 1876 νόντων
468 1823 560 1876 ἐπὶ
602 1824 696 1877 τοῦ
730 1823 904 1891 Λόγου
935 1825 1028 1877 καί
1072 1824 1168 1877 τοῦ
1216 1824 1454 1893 Πατρὸς,
1486 1823 1574 1877 διὰ
1598 1827 1659 1876 τὸ
1694 1839 1791 1874 συν

1913 1827 2072 1874 vator
2110 1819 2169 1873 in
2213 1818 2502 1873 divinitate
2534 1828 2591 1872 et
2636 1808 2980 1873 humanitate
3022 1818 3353 1875 subsistens.
3394 1816 3486 1871 Isti

231 1917 367 1982 αφές
420 1932 481 1969 τε
534 1916 627 1970 καὶ
666 1916 953 1982 συνατδιον,
1002 1916 1401 1987 ἐπηρεάζουσιν
1446 1918 1576 1987 ἡμῖν
1607 1915 1684 1979 ὡς
1739 1914 1793 1967 τὸ

1908 1923 2042 1965 vero
2088 1908 2403 1978 exemplum
2449 1908 2770 1985 accipiunt,
2822 1914 2935 1963 non
2983 1918 3260 1978 quatenus
3306 1908 3485 1963 simile

230 2007 601 2061 ἀνυπόστατον
639 2007 813 2078 ταύτῃ
840 2009 1366 2072 κατασκευάζουσιν.

1908 2008 2017 2065 est,
2056 2000 2154 2055 sed
2192 2008 2469 2070 quatenus
2506 1998 2793 2055 dissimile.
2838 2000 2906 2055 Et
2942 2000 3086 2055 male
3122 1999 3391 2055 feriantur
3429 2000 3485 2054 in

228 2100 344 2153 suis
391 2098 940 2170 percontationibus,
983 2106 1044 2153 ut
1087 2114 1215 2154 cum
1262 2113 1365 2154 nos
1414 2096 1768 2168 splendorem
1827 2093 1961 2149 solis
2010 2091 2249 2161 exempli
2294 2104 2460 2145 causa
2506 2090 2561 2144 in
2626 2089 2808 2145 Verbo
2842 2100 2901 2146 et
2942 2090 3100 2146 Patre
3155 2093 3487 2147 assumimus

227 2200 455 2262 propter
490 2193 939 2263 coniunctionem
987 2200 1143 2246 ortus
1178 2190 1491 2261 splendoris
1537 2205 1667 2245 cum
1738 2186 1875 2253 sole,
1915 2200 2020 2241 nos
2056 2191 2280 2249 vexant,
2325 2182 2486 2254 quasi
2537 2182 2643 2239 hac
2686 2184 2900 2240 ratione
2930 2184 3196 2241 faciamus
3240 2184 3484 2240 Verbum

225 2299 335 2337 non
364 2283 666 2339 subsistere
701 2299 800 2354 per
832 2299 913 2339 se.

295 2377 419 2430 Ὅτι
448 2375 506 2429 δὲ
552 2375 661 2429 οὐδ’
695 2378 725 2430 6
767 2375 1055 2447 ἅνθρωπος
1092 2375 1153 2441 ἐξ
1184 2374 1391 2430 ἀτελῶν
1430 2377 1546 2430 ἐστι
1592 2374 1795 2447 μερῶν,

223 2467 366 2521 κατά
386 2483 449 2535 γε
481 2467 574 2521 τὸν
604 2466 696 2522 τοῦ
725 2466 842 2531 πῶς
879 2462 1019 2520 εἶναι
1055 2466 1287 2539 θατέρου
1312 2468 1491 2535 λόγον,
1522 2468 1696 2523 εἰκαὶ
1722 2466 1799 2530 ὡς

1975 2365 2133 2435 Quod
2175 2374 2360 2420 autem
2407 2382 2589 2443 neque
2646 2367 2813 2423 homo
2859 2384 2928 2424 ex
2973 2368 3314 2439 imperfectis
3359 2387 3487 2441 par-

1908 2459 2055 2514 tibus
2081 2458 2421 2529 compositus
2441 2468 2526 2517 est
2554 2460 2859 2516 secundum
2891 2462 3161 2516 rationem
3196 2463 3484 2534 cujusdam

221 2559 358 2629 πρὸς
391 2560 516 2629 ὅρον
549 2558 643 2612 τοῦ
664 2560 787 2612 ὅλου
820 2558 1134 2630 ἀνθρώπου,
1167 2558 1257 2612 τὸν
1276 2558 1371 2612 τοῦ
1399 2556 1521 2612 ὅλου
1556 2557 1625 2611 τά
1655 2559 1798 2629 μέρη

220 2651 398 2719 λόγον,
421 2650 501 2714 ὡς
528 2651 652 2704 ὅλου
693 2652 795 2704 οὐκ
826 2650 1155 2722 ιπιὸέχεται,
1203 2644 1307 2704 ὦδε
1359 2650 1425 2704 ἂν
1478 2650 1694 2719 μάθοις.
1730 2648 1799 2703 Τί

218 2743 329 2812 γὰρ
350 2741 522 2795 λείποι
544 2744 609 2813 τῇ
630 2742 798 2813 ψυχῇ,
820 2742 1094 2814 χωριστὴν
1120 2741 1319 2814 ἐχούσῃ
1346 2743 1440 2796 καὶ
1466 2742 1602 2796 ἰδίαν
1627 2740 1797 2812 ζωὴν,

220 2833 358 2904 πρὸς
386 2833 448 2887 τὸ
479 2830 618 2888 εἶναι
648 2835 837 2887 οὐσίαν
877 2833 1169 2904 ἀσώματον
1208 2832 1595 2906 αὑτοκίνητον;
1638 2833 1799 2887 τοῦτο

218 2928 326 2994 γὰρ
348 2924 519 2995 αὐτῆς
548 2924 699 2995 δηλοί
725 2926 816 2978 καί
842 2925 905 2978 τὸ
934 2924 1203 2978 ἀθάνατον
1240 2924 1337 2977 καὶ
1373 2921 1436 2976 τὸ
1468 2921 1793 2995 ἀνώλεθρον.

219 3017 283 3068 Τί
319 3017 375 3070 δὲ
420 3017 499 3088 τῷ
550 3015 764 3088 σώματι
803 3016 943 3088 πρὸς
979 3015 1039 3069 τὸ
1062 3012 1202 3069 εἶναι
1251 3014 1447 3086 σῶμα;
1503 3009 1564 3069 οὖ
1596 3015 1660 3084 δὴ
1701 3014 1797 3068 καὶ

1904 2549 2158 2606 essentia:
2189 2550 2514 2606 alterutrius
2557 2552 2754 2621 partis,
2804 2554 3058 2622 quamvis
3113 2554 3293 2623 quoad
3351 2554 3486 2609 deli-

1906 2644 2173 2700 nitionem
2215 2643 2385 2700 totius
2432 2643 2675 2699 hominis
2705 2660 2816 2699 non
2859 2645 3137 2714 recipiunt
3185 2654 3371 2715 partes
3401 2661 3485 2700 ra-

1908 2734 2114 2791 tionem
2150 2736 2319 2793 totius
2347 2745 2608 2807 tanquam
2646 2736 2838 2801 totius,
2886 2736 2966 2791 sic
3009 2736 3307 2808 intelliges.
3339 2737 3483 2805 Quid

1899 2828 2046 2883 enim
2077 2828 2235 2884 deest
2262 2829 2462 2885 anima:
2492 2828 2720 2884 habenti
2765 2838 3074 2899 separatam
3116 2838 3172 2885 et
3198 2832 3480 2902 prapriam

1898 2918 2092 2985 vitam,
2122 2918 2194 2975 ad
2226 2920 2353 2986 hoc,
2384 2928 2443 2976 ut
2465 2921 2537 2977 sit
2564 2922 2871 2977 substantia
2890 2923 3237 2993 incorporea.
3264 2940 3483 2997 semper

1898 3011 2163 3067 mobilis?
2195 3010 2314 3068 Hoc
2340 3013 2490 3068 enim
2521 3013 2766 3068 declarat
2789 3014 3157 3070 immortalem
3190 3032 3311 3073 esse
3332 3033 3478 3085 eam,

215 3110 559 3173 ἀποδιδόντες
607 3110 699 3163 τὸν
743 3110 866 3181 ὅρον
924 3109 1077 3177 φασὶ,
1129 3107 1290 3176 σῶμα
1327 3102 1468 3162 εἶναι
1514 3107 1576 3161 τὸ
1629 3108 1791 3178 τριχῇ

1899 3109 1954 3158 et
1992 3102 2224 3159 interire
2253 3119 2363 3159 non
2408 3119 2590 3174 posse.
2630 3104 2772 3170 Quid
2804 3121 2999 3161 rursus
3041 3107 3194 3163 deest
3236 3113 3477 3181 corpori,

213 3202 518 3266 διαστατὸν,
557 3202 591 3273 ἢ
619 3200 779 3272 σῶμα
805 3200 1034 3269 φυσικὸν
1055 3199 1349 3270 ὀργανικὸν
1377 3198 1608 3268 δυνάμει
1644 3198 1792 3269 ζωὴν

1899 3200 1958 3246 ιιι
1994 3192 2070 3247 sit
2120 3192 2357 3263 corpus?
2405 3193 2555 3263 quod
2607 3194 2834 3263 quidem
2865 3196 2976 3264 qui
3003 3196 3295 3262 definiunt.
3322 3201 3480 3259 aiunt

212 3290 337 3361 ἔχον
359 3304 372 3320 ’
419 3290 669 3360 ικάτεροι
718 3287 828 3359 7&9
872 3287 982 3341 τῶν
1025 3289 1169 3355 ὅρων
1217 3288 1313 3341 ἐπὶ
1369 3286 1462 3341 τοῦ
1519 3288 1790 3358 ἡμετέρου

1899 3298 2018 3340 esse
2079 3299 2283 3354 corpus
2332 3283 2535 3354 triplici
2573 3285 2961 3351 dimensione;
3006 3297 3104 3343 aut
3143 3298 3347 3360 corpus
3377 3309 3475 3349 na-

214 3380 466 3450 σώματος
519 3379 738 3441 οἰκείως
797 3377 1134 3447 ἀρμόσουσιν
1169 3395 1183 3409 ·
1241 3380 1343 3433 οὐκ
1396 3377 1561 3450 ἀτελῆ
1612 3379 1793 3433 τοίνυν

1899 3378 2072 3433 turale
2124 3378 2443 3449 organicum
2490 3387 2762 3449 potestate
2799 3380 2969 3436 vitam
3021 3382 3264 3450 habens;
3319 3394 3477 3443 utra-

209 3468 385 3524 ταῦτα
416 3469 537 3524 καθ’
567 3470 736 3525 ἑαυτά
769 3469 1181 3541 λαμϐανόμενα,
1214 3472 1264 3525 εἰ
1296 3471 1390 3526 καὶ
1420 3470 1588 3541 ἀτελῆ
1630 3471 1793 3526 πάλιν

1899 3485 2001 3540 que
2052 3469 2201 3526 enim
2260 3469 2513 3527 definitio
2571 3480 2700 3541 apte
2760 3474 3054 3529 conveniet
3100 3478 3319 3547 corpori
3381 3494 3477 3535 no-

202 3565 495 3639 }:‘7ov1at,
538 3563 616 3628 ὼς
667 3563 807 3635 πρὸς
849 3562 949 3635 τὴν
999 3561 1095 3617 τοῦ
1150 3565 1274 3619 ὅλου
1332 3566 1392 3619 ἐν
1429 3558 1474 3633 ᾧ
1523 3564 1595 3619 τὰ
1647 3565 1788 3636 μέρη

214 3658 535 3718 ὑπόστασιν·
568 3657 743 3728 τούτῳ
778 3657 890 3729 γὰρ
913 3658 993 3730 τῷ
1021 3658 1186 3729 λόγῳ.
1210 3660 1311 3713 οὐκ
1334 3659 1398 3713 ἂν
1420 3659 1656 3729 ἁμάρτοι
1681 3677 1787 3722 τιῗν

210 3749 301 3800 καὶ
332 3748 389 3799 τὸ
419 3746 560 3800 κατά
584 3747 819 3817 Χριστὸν
849 3747 1195 3819 ἑρμηνεύσας
1227 3750 1546 3820 μυστήριον.
1574 3748 1789 3813 Ἀτελις

206 3840 339 3911 γὰρ,
369 3839 475 3893 κᾶν
504 3841 579 3902 ὡς
607 3839 742 3904 θεὸς
805 3840 1031 3910 γυμνὸς,
1061 3841 1095 3913 ἢ
1143 3840 1432 3912 ἄνθρωπος
1460 3841 1618 3910 ψιλὸς
1647 3843 1788 3913 λαμ-

207 3932 441 4000 ϐάνηται
463 3946 477 3959 ’
501 3930 574 3993 ὼς
608 3929 858 3984 ἐντεῦθεν
879 3931 1056 3985 διττὸν
1090 3928 1233 3986 εἶναι
1261 3931 1353 3986 τὸν
1383 3932 1484 4002 τῆς
1511 3933 1786 4004 τελειότη-

207 4036 297 4081 τος
326 4020 471 4089 ὅρον,
517 4019 613 4073 καὶ
662 4022 754 4074 τὸν
803 4020 903 4092 μὲν
952 4021 1142 4085 ἀπλῶς
1181 4022 1461 4092 λέγεσθαι,
1498 4023 1592 4076 τὸν
1622 4023 1680 4076 δὲ
1727 4025 1787 4076 ἰν

208 4112 390 4181 σχέσει
419 4111 765 4184 θεωρεῖσθαι,
802 4113 943 4166 κατά
983 4115 1075 4168 τὸν
1107 4114 1281 4184 μέγαν
1320 4115 1643 4187 Γρηγόριον.
1685 4117 1788 4170 Τέ-

205 4202 343 4267 λειος
389 4205 487 4272 μὲν
516 4205 625 4275 γάρ
657 4207 804 4261 ἐστιν
834 4207 864 4259 6
887 4205 1065 4276 λόγος,
1104 4208 1199 4262 καὶ
1239 4207 1482 4279 πλήρης,
1514 4209 1607 4263 καί
1642 4227 1785 4281 παρ-

204 4296 424 4360 εκτικὸς
460 4297 800 4368 τελειότητος
824 4314 839 4330 ο
880 4298 1065 4352 τελεὲα
1089 4298 1146 4351 δὲ
1171 4299 1265 4352 καὶ
1300 4302 1334 4369 ἡ
1362 4299 1456 4353 τοῦ
1493 4299 1783 4371 ἀνθρώπου

201 4384 369 4458 ψυχὴ.
402 4388 475 4451 ὡς
508 4389 645 4458 πρὸς
673 4390 767 4443 τὸν
799 4389 926 4461 ὅρον
954 4390 1055 4459 τῆς
1083 4390 1390 4462 ὑπάρξεως.
1425 4392 1566 4446 Ἀλλ’
1610 4393 1731 4447 οὐδὲ
1756 4396 1785 4448 6

202 4478 374 4546 Λόγος
427 4479 632 4543 τέλειος
670 4482 927 4551 Χριστὸς,
978 4482 1084 4536 κᾶν
1132 4482 1335 4547 τέλειος
1382 4484 1469 4554 εἴη
1498 4483 1651 4549 Θεὸς,
1705 4485 1781 4555 μὴ

202 4568 303 4638 τῆς
352 4566 797 4642 ἀνθρωπότητος’
835 4572 986 4644 αὑτῷ
1038 4575 1514 4645 συντεταγμένης
1566 4574 1690 4630 οὔτε
1747 4579 1781 4646 ἡ

205 4659 348 4731 ψυχὴ
376 4660 579 4727 τέλειος
605 4662 910 4735 ἄνθρωπος,
944 4664 1045 4719 κάν
1076 4666 1290 4720 τελείαν
1322 4666 1437 4738 ἔχει
1464 4668 1673 4734 οὐσίαν,
1705 4670 1780 4741 μὴ

200 4749 293 4804 τοῦ
327 4752 578 4826 σώματος
619 4753 756 4828 αὐτῇ
805 4760 1316 4829 συνεπινοουμένου.
1376 4760 1489 4815 Καὶ
1537 4761 1695 4815 τοῦτο
1720 4761 1780 4816 δὲ

199 4848 701 4919 παρασημήνασθαι
725 4849 851 4921 χρὴ,
882 4852 965 4905 ὅτι
991 4852 1236 4915 τοίς¹τῶν
1267 4854 1607 4925 πραγμάτων
1632 4855 1779 4926 ὅροις

195 4938 248 4991 οἰ
276 4942 458 5010 χρόνοι
506 4940 570 4994 οὔ
611 4943 1280 5015 συμπαραλαμϐάνονται,
1316 4944 1506 5018 ὥσπερ
1551 4946 1675 5001 οὐδὲ
1725 4947 1778 5000 οἰ

196 5033 373 5088 τόποι.
406 5033 530 5088 Τῶν
557 5036 669 5105 7&9
694 5027 769 5087 ὧν
791 5035 891 5088 οὐκ
938 5034 1066 5089 ἀνευ
1112 5037 1208 5089 καὶ
1251 5037 1413 5106 μόνον
1459 5037 1619 5105 λόγον
1679 5036 1777 5088 ὲπ-

196 5129 439 5196 έχουσιν.
476 5125 599 5179 ¹Ἰἰτι
649 5128 755 5193 πᾶς
803 5129 928 5200 ὅρος
978 5127 1074 5181 τοῦ
1123 5127 1221 5182 νῦν
1263 5128 1587 5201 πράγματός
1632 5128 1779 5180 ἐστιν

266 5286 381 5353 (12)
415 5283 689 5356 Dupfioem
708 5301 836 5342 esse.
861 5285 1074 5356 Duplex
1101 5284 1354 5341 definitio
1414 5285 1769 5356 perfectionis

196 5358 253 5411 in
290 5355 534 5414 Christo.
563 5357 737 5411 altera
770 5355 1002 5425 simplex
1036 5356 1221 5414 dicta;
1258 5358 1430 5410 altera
1467 5355 1522 5409 in
1550 5355 1772 5409 ltahitn-

194 5428 325 5482 dinc
354 5426 587 5496 simplex
623 5427 690 5481 ad
755 5426 1101 5482 divinitatem
1159 5425 1321 5481 Verbi
1374 5435 1621 5496 spectat;
1681 5425 1771 5479 illa

193 5512 316 5567 qum
343 5497 396 5567 in
433 5494 757 5552 habitudine
809 5496 1085 5567 consistit,
1118 5497 1362 5567 pertinet
1397 5496 1464 5549 ad
1512 5494 1775 5549 unionem

194 5566 358 5621 \‘erbi
383 5582 509 5621 cum
533 5566 895 5622 humanitate.
931 5566 1067 5621 Tun.

268 5638 379 5699 (15)
406 5637 517 5692 Hoc
546 5646 723 5691 autem
780 5637 1144 5691 adnotandum
1200 5646 1294 5691 est.
1337 5636 1576 5690 Advorte
1628 5636 1776 5706 quod

193 5706 544 5763 deﬁnitiones
578 5723 687 5762 non
710 5708 957 5763 inferunt
999 5708 1164 5761 simul
1200 5723 1325 5761 cum
1382 5706 1628 5761 deﬁnitis
1652 5708 1770 5760 loca

198 5785 250 5833 et
285 5789 564 5847 tempora;
596 5793 699 5833 nec
753 5779 900 5834 enim
932 5793 1054 5847 qua:
1101 5777 1462 5841 definiuntur,
1513 5781 1767 5832 constant

1891 3570 2033 3629 stro;
2081 3578 2193 3617 non
2238 3573 2371 3619 sunt
2408 3563 2579 3634 igitur
2619 3563 2942 3634 imperfecta
2973 3576 3192 3638 sumpta
3242 3585 3343 3640 per
3390 3587 3472 3635 se,

1893 3655 2112 3710 tametsi
2170 3654 2497 3725 imperfecta
2552 3656 2853 3732 dicuntur,
2903 3660 3085 3730 quoad
3139 3661 3475 3733 hypostasim

1894 3746 2083 3812 totius,
2140 3745 2195 3801 in
2254 3762 2365 3817 quo
2410 3756 2542 3802 sunt
2574 3757 2805 3818 partes;
2864 3748 2971 3805 hac
3026 3751 3176 3805 enim
3237 3754 3472 3818 ratione,

1889 3852 2001 3892 non
2030 3838 2331 3905 aberrabit,
2361 3836 2457 3910 qui
2492 3841 2658 3896 etiam
2699 3843 3023 3914 mysterium
3056 3843 3266 3901 Christi
3300 3844 3477 3900 inter-

1890 3928 2230 3997 pretabitur.
2282 3929 2676 4000 Imperfectum
2712 3932 2861 3986 enim
2908 3941 3029 3998 est,
3087 3934 3132 3988 si
3181 3935 3267 3989 vel
3330 3935 3475 3990 Deus

1887 4019 2077 4081 nudus
2129 4020 2252 4076 sine
2302 4020 2681 4088 humanitate,
2745 4024 2831 4078 vel
2882 4023 3050 4080 homo
3110 4026 3241 4081 item
3289 4027 3474 4084 nudus

1888 4112 2009 4168 sine
2036 4113 2325 4169 divinitate
2349 4124 2623 4181 sumatur,
2659 4124 2721 4171 ut
2749 4116 2881 4172 hinc
2908 4126 3175 4187 appareat
3196 4118 3472 4188 duplicem

1888 4218 2011 4259 esse
2066 4205 2177 4276 (l2)
2230 4205 2591 4275 perfectionis
2648 4206 3031 4264 definitionem
3086 4209 3143 4264 in
3204 4209 3469 4277 Christo;

1888 4311 2081 4361 unam,
2118 4310 2243 4365 qua:
2273 4296 2599 4365 simpliciter
2638 4297 2886 4365 dicitur;
2938 4300 3191 4363 alteram,
3233 4315 3357 4371 quae
3410 4301 3469 4355 in

1888 4386 2215 4443 habitudine
2236 4389 2822 4453 cernitur,secundum
2846 4405 3101 4461 magnum
3123 4390 3468 4462 Gregorium.

1891 4479 2204 4535 Perfectum
2243 4495 2484 4550 namque
2527 4490 2611 4536 est
2656 4480 2935 4547 Verbum,
2982 4493 3039 4538 et
3100 4484 3360 4553 plenum,
3415 4495 3471 4539 et

1890 4572 2144 4642 praebens
2173 4573 2602 4643 perfectionem:
2656 4575 2900 4645 perfecta
2946 4584 3131 4629 autem
3167 4585 3253 4630 est
3279 4576 3466 4631 anima

1890 4666 2154 4732 hominis,
2191 4676 2456 4738 quantum
2489 4667 2556 4722 ad
2605 4667 2984 4723 definitionem
3029 4668 3288 4725 essentia:
3330 4684 3462 4726 suae.

1888 4758 1996 4817 Sed
2036 4768 2221 4815 tamen
2248 4774 2430 4829 neque
2457 4760 2702 4816 Verbum
2738 4768 2826 4816 est
2862 4760 3143 4830 perfectus
3187 4760 3463 4827 Christus,

1885 4866 1998 4907 non
2050 4852 2204 4906 unita
2250 4850 2624 4919 humanitate,
2685 4851 2940 4921 quamvis
2984 4851 3266 4921 perfectus
3319 4853 3467 4909 Deus

1884 4943 1983 5006 sit;
2017 4957 2121 5000 nec
2148 4944 2331 4998 anima
2361 4943 2640 5014 perfectus
2665 4943 2831 4998 homo
2858 4951 2965 5007 est,
2991 4943 3124 4999 licet
3159 4943 3464 5014 perfectam

1886 5035 2255 5092 substantiam
2307 5035 2529 5102 habeat,
2572 5049 2802 5105 corpore
2852 5050 2964 5090 non
3008 5034 3175 5090 simul
3216 5050 3358 5093 cum
3401 5051 3465 5091 ea

1887 5128 2146 5200 cogitato.
2195 5126 2310 5184 Hoc
2356 5136 2542 5183 autem
2593 5127 2967 5184 adnotandum
3001 5135 3089 5184 est
3133 5125 3268 5201 “5),
3317 5129 3465 5197 quod

1875 5301 1941 5341 ex
1978 5287 2090 5353 his,
2118 5288 2372 5357 quamvis
2408 5288 2462 5343 in
2488 5288 2606 5344 bis:
2629 5285 2908 5357 hominem
2934 5285 3081 5342 enim
3107 5284 3458 5357 definientes,

1878 5357 2082 5412 animal
2115 5355 2384 5412 rationale
2441 5358 2673 5413 mortale
2700 5356 2971 5422 dicimus;
3008 5355 3232 5426 quando
3273 5362 3461 5408 autem

1879 5435 2070 5503 natum
2122 5427 2231 5503 sit._
2253 5432 2348 5480 ant
2380 5429 2472 5503 ubi
2512 5430 2771 5503 exsistat,
2822 5444 2935 5503 non
2961 5425 3352 5503 _§ubjicimtts_;
3373 5439 3464 5503 es-

1883 5498 2117 5568 sentiam
2146 5498 2292 5568 enim
2324 5498 2577 5568 animalis
2602 5499 2782 5553 solum
2835 5492 3229 5568 significamus,
3255 5492 3463 5546 relictis

1887 5565 1998 5620 illis
2020 5581 2142 5635 qua:
2166 5567 2221 5620 in
2251 5566 2399 5620 omni
2424 5584 2482 5622 re
2517 5578 2707 5623 creata
2738 5562 3030 5636 conjtfncte
3053 5562 3459 5636 intelliguntur;

1886 5651 2008 5704 quae
2029 5628 2158 5690 sunt
2187 5644 2402 5705 tempus
2426 5645 2484 5705 e_t
2532 5639 2724 5694 locus:
2765 5628 2886 5693 sine
2942 5645 3188 5705 tempore
3237 5628 3295 5686 et
3338 5628 3461 5683 loco

1881 5698 2019 5758 nihil
2048 5721 2231 5829 tl-erum
2251 5698 2560 5762 creatai-um
2582 5709 2769 5764 dicere
2798 5714 2892 5762 ant
2926 5698 3235 5771 intelligere
3268 5714 3460 5766 possu-

1881 5790 2019 5829 mus.
2074 5792 2122 5829 ι).
2852 5794 2856 5799 '

1876 5790 2019 5831 "IIIS.
2050 5790 2122 5831 ID.
2852 5794 2856 5799 ’

3150 5888 3213 5897 ,__
3289 5882 3383 5893 ,ου
