3954 6148
461 356 600 420 ηδτ
1685 337 1995 400 LEONTII
2037 338 2405 400 BYZANTIN
2419 341 2442 400 Ι
3590 349 3740 411 32.53

451 463 656 524 nicatio
687 458 1074 518 habitudinum
1108 465 1274 507 :nam
1317 464 1439 520 quae
1477 449 1685 502 habent
1727 447 2043 502 communia

2166 448 2329 518 εὑρεῖν
2357 450 2455 520 τὴν
2489 451 2778 503 κοινωνίαν
2805 450 2916 504 τῶν
2959 453 3204 526 σχέσεων
3234 470 3248 484 ·
3280 449 3362 518 οἷς
3387 456 3498 528 γὰρ
3520 457 3590 512 ἂν
3617 479 3746 514 κοι-

451 556 679 630 speciei,
725 552 937 610 scilicet
981 548 1338 618 hypostases,
1391 541 1480 595 his
1531 539 1920 594 communibus
1975 555 2041 594 ea

2166 539 2376 594 ιωνοῦσι
2417 542 2531 604 τοῖς
2572 541 2898 612 ἑτεροειδέσι
2952 543 3020 598 τὰ
3063 543 3310 614 ὁμοειδῆ,
3338 547 3551 614 τούτοις
3592 551 3742 606 διαι-

451 629 575 719 quae
605 652 738 700 sunt
758 639 1006 712 ejusdem
1043 633 1275 704 speciei,
1307 646 1508 700 nempe
1537 630 1772 694 naturis,
1810 629 1899 684 his
1942 645 2040 684 co-

2166 631 2362 685 μοῦνται
2411 633 2549 704 πρὸς
2597 634 2806 688 ἑαυτά·
2836 635 2932 688 καὶ
2971 632 3053 700 οἷς
3099 635 3442 710 διαιροῦνται
3482 633 3623 712 πρὸς
3669 647 3746 698 τὰ

451 736 715 806 pulantur
755 729 903 783 inter
933 741 994 780 se
1034 731 1137 778 :et
1168 721 1376 792 quibus
1425 721 1756 775 dividuntur
1810 735 1873 776 ea
1919 737 2042 790 qua:

2172 723 2438 793 τεροειδῆ,
2469 723 2684 789 τούτοις
2735 727 3068 782 συνάπτεται
3099 729 3239 798 πρὸς
3267 731 3460 786 ἑαυτά.
3493 734 3587 804 Τῷ
3632 737 3744 804 μὲν

451 835 580 883 sunt
620 823 853 878 diversae
903 816 1135 888 speciei,
1192 829 1395 884 nempe
1443 814 1680 879 naturis,
1734 813 1821 868 his
1871 829 2043 882 copu-

2166 815 2255 886 γὰρ
2304 813 2523 886 ἀριθμῷ
2563 816 2700 886 πρὸς
2740 817 2912 870 ἑαυτὰ
2953 817 3370 891 διακρινόμενα,
3401 823 3480 893 τῷ
3524 825 3585 878 δὲ
3619 825 3746 896 ὅρῳ

449 918 635 972 lantur
663 914 810 968 inter
837 927 896 966 se
927 924 1050 980 quae
1072 916 1205 964 sunt
1236 905 1486 978 ejusdem
1530 904 1737 975 speciei
1765 921 1779 958 :
1805 919 2041 959 numero

2166 905 2284 977 πρὸς
2339 908 2506 960 ἑαυτὰ
2551 909 2960 980 συναπτόμενα,
3017 911 3129 965 τῶν
3175 912 3494 981 έτεροειδῶν
3547 915 3746 970 διακέ-

449 1010 598 1063 enim
643 1005 885 1061 discreta
925 1007 1074 1056 inter
1097 1014 1178 1064 se,
1209 1013 1336 1052 cum
1364 997 1431 1050 iis
1455 1010 1579 1065 quae
1613 1004 1746 1050 sunt
1793 993 2041 1063 ejusdem

2145 1014 2354 1068 κριται.

450 1099 659 1171 speciei
702 1096 1058 1166 c0pulantur,
1096 1093 1154 1145 in
1201 1098 1402 1144 natura
1443 1087 1677 1142 scilicet.
1709 1085 2042 1140 Definitione
2077 1096 2266 1142 autem
2317 1090 2570 1160 copulata
2629 1091 2774 1148 inter
2819 1109 2900 1161 se,
2958 1095 3030 1152 ab
3061 1094 3133 1152 iis
3187 1111 3310 1168 quae
3343 1105 3472 1153 sunt
3498 1098 3744 1156 diversa

453 1207 664 1254 natura:
717 1195 980 1250 distincta
1011 1197 1162 1245 sunt.

521 1315 662 1372 Cum
687 1327 819 1384 ergo
851 1311 973 1365 duae
1000 1306 1358 1364 habitudines
1383 1305 1687 1362 secundum
1733 1305 1877 1359 idem
1907 1303 2044 1359 Ver-

450 1411 584 1466 bum
625 1412 952 1467 cernantur,
985 1417 1093 1455 una
1120 1398 1373 1470 quidem,
1415 1397 1723 1453 secundum
1758 1411 1925 1466 quam
1959 1394 2048 1448 Fi-

452 1503 564 1558 lius
609 1508 697 1555 est
741 1497 888 1552 idem
925 1509 1050 1549 cum
1088 1493 1295 1557 Patre;
1323 1491 1517 1555 altera,
1543 1487 1850 1544 secundum
1879 1501 2045 1556 quam

453 1595 632 1650 Filius
665 1600 752 1645 est
779 1589 848 1643 ab
875 1603 942 1641 eo
977 1584 1296 1648 distinctus,
1325 1591 1382 1636 et
1405 1597 1515 1636 una
1541 1579 1768 1650 quidem
1792 1577 2046 1634 declare-

2219 1305 2324 1360 Δύο
2349 1301 2444 1360 οὗν
2473 1306 2711 1377 σχέσεων
2739 1308 2879 1361 κατ-ἂι
2907 1307 3000 1361 τὸν
3027 1309 3189 1364 αὐτὸν
3215 1310 3390 1380 Λόγον
3421 1311 3747 1383 θεωρουμέ-

2148 1412 2274 1460 νων,
2311 1396 2440 1466 μιᾶς
2497 1396 2596 1466 μὲν
2633 1395 2756 1450 καθ’
2789 1397 2858 1466 ἢν
2885 1397 2988 1468 τήν
3037 1399 3346 1470 ταυτότητα
3395 1401 3509 1471 ἔχει
3543 1403 3572 1454 ό
3605 1403 3741 1468 Υἱὸς

2148 1487 2286 1557 πρὸς
2307 1487 2397 1541 τὸν
2419 1487 2659 1558 Πατέρα,
2679 1489 2872 1558 ἑτέρας
2889 1488 2947 1542 δὲ
2974 1489 3098 1542 καθ’
3126 1490 3196 1562 ἦν
3226 1493 3254 1544 ό
3282 1491 3410 1556 Υἱὸς
3437 1495 3536 1546 ἀπ’
3563 1494 3740 1548 αὑτοῦ

2149 1579 2491 1651 διακέκριται
2515 1595 2529 1609 ⁸
2555 1581 2650 1634 καὶ
2681 1581 2780 1652 τῆς
2813 1581 2911 1650 μὲν
2933 1583 3000 1652 τῇ
3027 1582 3124 1652 τῆς
3151 1582 3369 1651 φύσεως
3391 1587 3742 1659 προσηγορίᾳ

455 1695 549 1742 tur
589 1680 962 1754 appellatione
983 1685 1241 1741 naturae;
1285 1674 1460 1728 altera
1504 1687 1642 1728 vero
1679 1670 2049 1742 appellatione

2166 1670 2513 1743 ἴηλουμένης,
2547 1672 2648 1742 τῆς
2706 1671 2765 1724 δὲ
2823 1675 2891 1744 τῇ
2955 1673 3059 1744 τῆς
3118 1675 3474 1740 ὑποστάσεως
3540 1677 3740 1749 κλήσει

456 1773 814 1848 hypostasis:
853 1777 1262 1826 commutantes
1317 1766 1405 1820 isti
1469 1763 1856 1829 habitudines,
1885 1761 2048 1816 habi-

456 1868 709 1924 tudinem
762 1864 1196 1934 distinguentem
1243 1875 1274 1914 a
1320 1861 1484 1914 Patre
1523 1857 1678 1912 carni
1709 1855 1864 1916 dant,
1895 1854 2052 1924 igno-

459 1967 646 2016 rantes
689 1967 950 2013 naturam
1011 1951 1238 2024 quidem
1286 1958 1459 2006 totam
1509 1963 1630 2004 esse
1661 1947 1782 2010 Dei,
1818 1960 1942 2016 quas
1968 1953 2052 1999 est

455 2049 774 2109 substantia
819 2045 1011 2110 Verbi,
1045 2043 1276 2116 perfecti
1323 2042 1605 2112 perfecta;
1653 2038 2049 2110 proprietatem

455 2161 592 2201 vero
617 2139 993 2216 generationis
1021 2137 1240 2201 fecisse,
1277 2143 1340 2190 ut
1371 2141 1670 2188 vocaretur
1716 2129 2049 2203 hypostasis,

457 2245 516 2292 et
554 2236 771 2302 Filius;
807 2230 973 2288 sicuti
1005 2243 1200 2284 rursus
1244 2227 1302 2281 in
1341 2225 1502 2280 Patre
1551 2222 1866 2294 proprietas
1894 2221 2054 2276 inna-

457 2327 796 2392 scibilitatis,
827 2337 884 2380 et
913 2339 1094 2379 causae
1148 2321 1512 2394 hypostasim,
1540 2328 1598 2374 et
1616 2319 1834 2374 Patrem
1860 2326 2052 2373 osten-

459 2423 563 2478 dit.
587 2420 740 2476 ldem
779 2415 1199 2488 intelligendum
1226 2423 1313 2470 est
1346 2413 1404 2468 in
1439 2412 1652 2482 Spiritu
1678 2419 1872 2466 sancto
1901 2424 2053 2464 :non

459 2513 611 2569 enim
638 2521 835 2566 natura
869 2508 1069 2570 Patris,
1091 2515 1150 2562 et
1190 2505 1338 2569 Filii,
1367 2515 1426 2560 et
1453 2502 1699 2574 Spiritus
1728 2502 1906 2557 sancti
1939 2501 2053 2554 vim

463 2601 632 2657 habet
660 2593 998 2668 complendi,
1027 2606 1287 2666 tanquam
1329 2593 1517 2648 minus
1541 2592 1614 2647 sit
1651 2591 1707 2645 in
1738 2605 1850 2645 una
1885 2603 2054 2660 quam

465 2697 523 2750 in
545 2693 744 2748 tribus.
772 2690 842 2746 Et
867 2689 974 2744 hoc
991 2697 1078 2743 est
1101 2695 1302 2741 natura
1321 2684 1588 2747 Trinitas,
1611 2682 1761 2752 quod
1778 2689 1862 2738 est
1881 2697 2055 2736 unum

463 2783 601 2856 quid
634 2797 828 2838 eorum
871 2779 990 2856 \qui
1037 2785 1347 2832 cernuntur
1381 2776 1438 2829 in
1469 2775 1764 2840 Trinitate,
1791 2772 2055 2844 quoniam

465 2893 577 2932 non
608 2883 696 2931 est
721 2889 790 2930 ex
813 2872 996 2927 tribus
1022 2867 1361 2941 imperfectis
1401 2882 1573 2922 unum
1605 2863 2055 2937 perfectum,sed

464 2985 534 3023 cx
565 2965 746 3020 tribus
774 2962 1037 3035 perfectis
1074 2975 1246 3015 unum
1277 2956 1755 3030 supraperfectum
1809 2963 1867 3011 et
1901 2961 2050 3010 ante-

2152 1765 2586 1836 γνωριζομένης,
2613 1763 2716 1829 τὰς
2749 1765 2966 1836 σχέσεις
2993 1767 3226 1832 ἐναλλὰξ
3252 1771 3603 1839 ποιήσαντες,
3632 1772 3741 1843 τὴν

2149 1857 2257 1910 ἀπὸ
2278 1856 2372 1910 τοῦ
2403 1857 2618 1928 Πατρὸς
2638 1856 3023 1924 διακρίνουσαν
3053 1859 3242 1926 σχέσιν
3271 1861 3408 1932 πρὸς
3425 1863 3524 1934 τὴν
3554 1864 3742 1934 σάρκα

2151 1947 2412 2014 διδόασιν,
2444 1947 2770 2017 ἀγνοοῦντες
2809 1948 3021 2022 τήνξώς
3070 1952 3402 2019 ὑπόστασιν,
3426 1955 3508 2008 ὅτι
3570 1955 3741 2025 φύσις

2153 2039 2254 2110 μὲν
2289 2039 2382 2112 ὅλη
2417 2040 2553 2094 Θεοῦ
2580 2043 2614 2112 ή
2637 2041 2800 2096 οὐσία
2828 2041 2925 2095 τοῦ
2961 2042 3160 2112 Λόγου,
3183 2043 3390 2098 τελείου
3420 2045 3605 2099 τελεία
3627 2062 3643 2076 ο
3677 2047 3742 2100 τὸ

2151 2129 2208 2184 δὲ
2265 2130 2466 2202 ἰδίωμα
2511 2133 2610 2202 τῆς
2653 2134 2986 2205 γεννήσεως,
3036 2134 3336 2190 ὐπόστασίν
3363 2153 3422 2192 τε
3467 2139 3562 2192 καὶ
3605 2139 3736 2192 Tib»

2156 2222 2457 2293 κεκλῆσθαι
2490 2224 2794 2296 πεποίηκεν
2819 2242 2834 2256 ·
2865 2225 3055 2298 ὥσπερ
3079 2224 3146 2282 αὖ
3176 2230 3272 2284 ἰπὶ
3299 2229 3394 2284 τοῦ
3419 2231 3650 2302 Πατρδς,
3677 2231 3742 2286 τδ

2158 2312 2353 2383 ἰδίωμα
2381 2313 2479 2384 τῆς
2505 2317 2834 2385 ἁγεννησίας
2854 2319 2949 2372 καὶ
2976 2319 3074 2373 τοῦ
3113 2321 3313 2387 αἰτίου,
3344 2322 3644 2377 ύπόστασίν
3674 2340 3738 2377 τε

2153 2405 2248 2459 καὶ
2278 2405 2497 2476 Πατέρα
2522 2406 2792 2478 ἀπέφηνε.
2812 2411 2886 2462 Τὸ
2914 2409 2960 2463 δ’
2989 2411 3122 2465 αὐτὸ
3159 2413 3254 2468 καὶ
3287 2417 3418 2487 περὶ
3447 2413 3538 2469 τοῦ
3573 2415 3736 2480 ἁγίου

2157 2497 2482 2568 Πνεύματος
2530 2499 2733 2553 ἐννοεῖν
2787 2504 2896 2572 χρή
2921 2517 2937 2533 ⁸
2975 2503 3040 2556 ού
3083 2504 3194 2576 γὰρ
3237 2507 3735 2578 συμπληρωτικὴή

2154 2587 2250 2642 τοῦ
2292 2589 2506 2660 Πατρδς
2554 2590 2650 2643 καὶ
2694 2590 2826 2645 Υίοῦ
2870 2593 2968 2647 καὶ
3009 2593 3173 2664 ἁγίου
3204 2597 3525 2668 Πνεύματος
3550 2597 3736 2667 φύσις,

2155 2679 2232 2740 ὡς
2261 2674 2355 2734 οὖν
2393 2679 2596 2750 μᾶλλον
2629 2684 2688 2736 ἐν
2718 2681 2796 2752 τῷ
2825 2685 2908 2737 ἑνὶ
2937 2685 2972 2756 ἢ
3000 2687 3060 2740 ὲν
3093 2689 3206 2751 τοῖς
3233 2689 3400 2757 τρισί.
3430 2689 3540 2744 Καὶ
3575 2687 3739 2742 τοῦτο

2154 2772 2222 2842 τῇ
2255 2770 2412 2840 φύσει
2433 2773 2468 2843 ή
2497 2771 2689 2844 Τριὰς,
2723 2774 2864 2846 ὅπερ
2893 2775 2962 2830 ἂν
2987 2777 3046 2830 ἓν
3067 2793 3117 2830 τι
3149 2778 3257 2832 τῶν
3287 2779 3346 2831 ἐν
3369 2779 3564 2849 Τριάδι
3597 2779 3739 2833 θεω-

2159 2860 2438 2934 ρουμένων
2465 2863 2757 2934 τυγχάνοι·
2787 2865 2870 2919 ὅτι
2902 2867 2976 2936 μή
3007 2865 3067 2930 ἐξ
3091 2866 3296 2920 ἀτελῶν
3335 2867 3508 2938 τριῶν
3540 2868 3601 2921 ἓν
3640 2867 3738 2920 τέ-

2157 2953 2320 3020 λειον,
2348 2955 2462 3008 ἀλλ’
2495 2957 2559 3008 ὲκ
2588 2955 2755 3026 τριῶν
2776 2957 2991 3010 τελείων
3022 2955 3081 3008 ἔν
3109 2955 3408 3023 ύπερτελὲς
3455 2958 3553 3012 καὶ
3591 2974 3735 3029 προ-

467 3058 802 3131 perfectum,
837 3065 898 3111 ut
925 3053 1129 3109 alicubi
1151 3051 1289 3107 dicit
1319 3065 1551 3121 magnus
1570 3049 1886 3122 Dionysius.
1913 3048 2052 3104 Cum

2166 3044 2388 3108 τέλειον,
2427 3043 2502 3108 ὥς
2523 3061 2624 3098 που
2653 3046 2682 3098 ὁ
2711 3045 2876 3115 μέγας
2925 3043 3030 3114 ἔφη
3073 3043 3366 3107 Διονύσιος.
3399 3045 3500 3110 Ἐξ
3539 3047 3728 3098 τοίνυν

468 3151 636 3222 igitur
655 3164 752 3204 se:
775 3145 1132 3202 habitudines
1153 3141 1581 3214 contempletur,
1605 3141 1746 3198 duas
1777 3142 1956 3198 Patris
1982 3143 2050 3197 ad

467 3241 732 3304 Verbum,
752 3247 808 3295 et
836 3236 1003 3293 Verbi
1037 3235 1105 3290 ad
1136 3235 1355 3290 Patrem
1396 3251 1409 3288 :
1441 3232 1584 3289 duas
1626 3233 1828 3288 deinde
1879 3233 2051 3290 Verbi

466 3333 536 3388 'ad
572 3346 820 3396 carnem,
847 3337 904 3384 et
953 3327 1140 3383 carnis
1181 3325 1249 3380 ad
1291 3325 1536 3382 Verbum
1573 3343 1588 3379 :
1618 3325 1758 3381 duas
1786 3335 2054 3396 praeterea

467 3423 677 3482 Christi
729 3420 798 3477 ad
855 3435 981 3486 nos,
1036 3429 1094 3474 et
1134 3425 1356 3473 nostras
1404 3417 1472 3472 ad
1515 3417 1730 3488 ipsum;
1766 3426 1880 3472 tres
1916 3416 2054 3471 ﬁunt

471 3512 754 3587 generales
811 3509 1249 3582 coniugationes.
1291 3508 1371 3562 Ac
1415 3507 1594 3578 prima
1641 3507 1865 3578 quidem
1899 3507 2056 3562 habi-

473 3603 606 3662 tudo
634 3601 1084 3674 coniugationum
1119 3600 1202 3654 sic
1243 3597 1431 3664 habet,
1462 3597 1608 3652 sicut
1635 3596 1798 3652 tertia
1830 3596 2055 3666 quidem

471 3710 502 3749 a
537 3693 752 3764 prima:
783 3689 1026 3747 secunda
1066 3702 1202 3742 vero
1252 3703 1283 3742 a
1308 3686 1511 3753 media,
1547 3686 1639 3740 illa
1675 3686 1827 3740 enim
1851 3686 2056 3756 quibus

470 3795 720 3851 extrema
767 3783 914 3838 inter
957 3796 1016 3836 se
1057 3779 1432 3843 conveniunt,
1473 3777 1754 3833 contrario
1790 3775 1956 3832 modo
1997 3791 2057 3832 se

475 3875 704 3939 habent,
745 3879 914 3942 atque
946 3871 1004 3925 in
1031 3869 1251 3936 media;
1283 3868 1429 3924 sicut
1455 3879 1674 3933 contra,
1701 3867 2060 3935 media.Qui-

477 3968 582 4021 bus
599 3965 748 4020 enim
777 3960 1058 4018 contrarie
1077 3961 1242 4040 habet
1269 3959 1338 4014 ad
1365 3974 1423 4015 se
1450 3960 1646 4030 ipsam,
1664 3964 2062 4018 convenienter

477 4057 648 4112 habet
691 4052 761 4108 ad
804 4057 1165 4114 extrema,et
1205 4049 1413 4121 quibus
1463 4064 1657 4105 rursus
1722 4053 2062 4106 convenien-

480 4134 563 4203 ter
618 4145 784 4201 habet
831 4142 902 4199 ad
953 4157 1013 4198 se
1058 4143 1270 4213 ipsam,
1311 4141 1592 4198 contrarie
1641 4143 1810 4200 habet
1866 4143 1935 4199 ad
1963 4159 2062 4200 ex-

481 4251 678 4295 trema.

546 4329 646 4385 llis
668 4327 913 4384 breviter
935 4327 1102 4384 dictis
1121 4368 1136 4393 ,
1158 4326 1404 4382 conabor
1441 4327 1737 4398 explanare
1785 4328 2060 4398 exemplo.

2163 3139 2398 3206 σχέσεων
2450 3136 2583 3206 ἡμῖν
2623 3135 3030 3207 θεωρουμένων,
3057 3135 3200 3189 δυεῖν
3229 3135 3329 3206 μὶν
3367 3135 3463 3190 τοῦ
3509 3135 3723 3208 [ἰατρὸς

2161 3226 2298 3297 πρὸς
2341 3225 2432 3280 τὸν
2451 3226 2642 3295 Λόγον,
2673 3229 2768 3280 καὶ
2809 3225 2905 3280 τοῦ
2945 3227 3117 3295 Λόγου
3151 3227 3287 3298 πρὸς
3324 3227 3418 3280 τὸν
3465 3227 3733 3298 Πατέρα·

2159 3317 2304 3371 δυεῖν
2331 3317 2388 3371 δὲ
2415 3317 2510 3371 τοῦ
2549 3319 2721 3387 Λόγου
2753 3319 2890 3389 πρὸς
2919 3319 3020 3391 τὴν
3047 3319 3248 3386 σάρκα,
3275 3320 3371 3373 καὶ
3391 3320 3490 3390 τῆς
3537 3320 3739 3388 σαρκὸς

2164 3412 2300 3484 πρὸς
2341 3412 2433 3465 τὸν
2473 3412 2645 3481 Λόγον
2672 3453 2687 3478 ,
2717 3411 2863 3465 δυεῖν
2898 3411 2958 3465 δὲ
2995 3409 3090 3466 τοῦ
3133 3409 3373 3484 Χριστοῦ
3405 3412 3541 3482 πρδς
3569 3413 3742 3482 ἡμᾶς’

2163 3503 2258 3555 καὶ
2289 3502 2446 3573 ήμῶν
2477 3502 2612 3574 πρὸς
2629 3500 2815 3567 αὑτὸν,
2847 3502 2998 3570 τρεῖς
3039 3500 3282 3568 γίνονται
3320 3498 3610 3553 καθολικαὶ
3647 3515 3746 3552 συ-

2163 3593 2372 3663 ζυγίαι.
2403 3593 2514 3647 Καὶ
2557 3594 2591 3664 ή
2645 3593 2744 3664 μὲν
2800 3591 2995 3664 πρώτη
3050 3590 3163 3644 τῶν
3229 3589 3504 3655 συζυγιῶν
3557 3591 3742 3660 σχέσις

2161 3685 2337 3750 οὕτως
2363 3685 2586 3756 έχει,ὡς
2619 3687 2652 3756 ή
2680 3685 2837 3757 τρίτη
2868 3683 2968 3754 μὲν
2994 3683 3102 3736 ἀπδ
3116 3683 3216 3754 τῆς
3247 3681 3438 3753 πρώτη
3450 3701 3492 3747 ι,
3515 3682 3742 3751 δευτέρα

2163 3778 2220 3831 δὲ
2251 3777 2359 3831 ἀπὸ
2391 3778 2490 3846 τῆς
2523 3777 2694 3848 μέσης
2715 3792 2730 3806 ο
2767 3771 2849 3839 οἷς
2876 3775 2986 3844 γὰρ
3013 3773 3318 3845 ᾠκείωνται
3354 3775 3412 3828 αἱ
3438 3775 3743 3845 ἀκρότητες

2165 3872 2301 3940 πρὸς
2331 3870 2553 3936 ἑαυτὰς,
2581 3869 2842 3932 ἐναντίως
2873 3868 3095 3938 ἔχουσαι
3126 3866 3265 3938 πρὸς
3290 3865 3390 3937 τὴν
3423 3866 3596 3936 μέσην
3621 3882 3637 3897 ο
3668 3867 3743 3928 ὡς

2165 3962 2402 4035 ἔμπαλιν
2425 3963 2458 4031 ή
2488 3962 2650 4032 μέση.
2688 3957 2786 4023 οἷς
2816 3959 2928 4030 γὰρ
2967 3958 3232 4021 ἐναντίως
3272 3957 3387 4028 ἔχει
3437 3957 3575 4026 πρὸς
3621 3959 3747 4012 ἑαυ-

2165 4053 2286 4126 τὴν,
2307 4051 2532 4117 οἰκείως
2578 4050 2695 4121 εχει
2732 4048 2874 4119 πρὸς
2921 4047 3019 4111 τὰς
3054 4047 3396 4118 ἀκρότητας·
3432 4047 3528 4101 καὶ
3583 4046 3746 4102 πάλιν

2168 4139 2248 4209 οἷς
2279 4145 2498 4208 οἰκείως
2537 4141 2828 4216 έχειπρδς
2873 4139 3100 4212 ἑαυτὴν,
3146 4139 3412 4204 ἐναντίως
3443 4138 3558 4210 ἔχει
3605 4139 3749 4208 πρὸς

2168 4240 2267 4298 τὰς
2289 4236 2618 4308 ἀκρότητας.

2243 4326 2462 4381 Τούτων
2502 4327 2790 4398 συντόμως
2820 4323 3133 4396 εἰρημένων
3162 4311 3460 4394 σαφηνίσαι
3485 4323 3628 4378 αύτᾶ
3658 4325 3752 4377 ὲπὶ

480 4420 606 4476 Sint
655 4419 850 4492 positae
897 4428 1010 4474 tres
1057 4434 1188 4486 res,
1237 4419 1419 4474 anima
1461 4415 1809 4490 simpliciter,
1860 4435 2057 4490 corpus

2173 4419 2616 4491 παραδείγματος
2659 4419 3013 4490 πειράσομαι.
3045 4415 3267 4470 Κείσθω
3309 4416 3368 4469 δὲ
3410 4415 3752 4486 τρίαπρὰγ-

481 4511 830 4583 simpliciter,
866 4511 1033 4566 homo
1057 4525 1125 4566 ex
1148 4510 1332 4565 anima
1351 4520 1408 4566 et
1434 4526 1666 4581 corpore
1701 4513 2062 4583 compositus,

481 4615 538 4659 et
579 4603 778 4658 borum
811 4603 956 4658 inter
995 4617 1052 4657 sc
1077 4593 1455 4667 habitudines,
1503 4611 1565 4656 ut
1604 4604 1802 4659 animat
1839 4605 1907 4660 ad
1947 4606 2070 4660 ani-

485 4712 650 4762 mam,
675 4696 873 4752 animae
924 4693 994 4750 ad
1034 4708 1240 4764 corpus
1275 4709 1478 4761 suum;
1498 4695 1742 4752 hominis
1768 4698 1836 4754 ad
1865 4713 2070 4770 corpus

484 4785 838 4857 simpliciter,
865 4795 921 4840 et
951 4783 1019 4839 ad
1056 4783 1296 4840 animam
1334 4784 1677 4855 simpliciter.
1713 4787 1911 4844 Anima
1939 4789 2068 4858 qui-

485 4878 612 4932 dem
645 4876 714 4932 ad
738 4876 978 4931 animam
1009 4875 1090 4932 sic
1121 4890 1178 4930 se
1208 4874 1396 4939 habet,
1427 4883 1487 4930 ut
1508 4875 1832 4933 diversitate
1853 4889 2066 4935 natura:

487 4968 726 5024 discreta
770 4967 871 5034 sit;
923 4967 1078 5022 unita
1113 4981 1250 5022 vero
1296 4967 1515 5023 ratione
1544 4967 1876 5039 bypostasis,
1897 4987 2065 5040 quam

470 5059 600 5135 _vita
631 5055 980 5129 ἀλληλοῦχος,
1006 5056 1062 5113 id
1098 5066 1205 5124 est,
1239 5067 1432 5115 mutuo
1469 5067 1696 5130 accepta
1755 5069 1812 5116 et
1851 5061 2066 5117 reddita

491 5147 726 5222 perfecit
771 5165 786 5202 :
829 5147 937 5202 hoc
967 5147 1210 5204 secunda
1251 5145 1558 5218 eademque
1591 5149 1770 5204 media
1804 5150 2069 5206 habitudo

491 5246 676 5294 servat
709 5252 726 5292 :
763 5236 931 5292 homo
962 5253 1099 5294 vero
1133 5237 1202 5293 ad
1246 5253 1452 5308 corpus
1499 5237 1848 5310 simpliciter,
1898 5251 1955 5297 et
2003 5243 2072 5297 ad

493 5328 731 5384 animam
769 5327 1097 5400 simpliciter
1128 5327 1358 5393 relatus,
1387 5336 1648 5398 tanquam
1671 5337 1821 5386 totus
1843 5333 2072 5387 omnino

493 5418 564 5474 ab
591 5417 715 5474 istis
747 5419 1046 5486 discretus,
1081 5428 1311 5488 propter
1355 5417 1738 5474 habitudinem
1773 5421 1841 5475 ad
1888 5433 2074 5492 partes

474 5526 659 5575 snas,
718 5509 1019 5566 secundam
1069 5508 1517 5565 communionem
1562 5527 1686 5566 cum
1740 5512 1874 5584 ipsis
1921 5513 2070 5570 facit.

495 5604 673 5669 Quare
724 5603 978 5658 Christus
1021 5599 1089 5654 ad
1135 5614 1236 5655 nos
1259 5610 1315 5656 et
1339 5600 1408 5655 ad
1445 5602 1662 5658 Patrem
1701 5605 1927 5669 relatus,
1955 5619 2078 5660 tan-

2171 4527 2339 4577 ματα,
2393 4509 2542 4580 ψυχὴ
2599 4508 2808 4572 ἁπλῶς,
2861 4507 3022 4576 σῶμα
3065 4505 3274 4571 ἁπλῶς,
3333 4504 3626 4580 ᾇνθρωπος
3687 4509 3753 4559 ὲκ

2167 4601 2350 4672 ψυχῆς
2377 4602 2472 4656 καὶ
2501 4599 2752 4671 σώματος
2784 4597 3058 4660 συνεστώς
3082 4613 3096 4628 ο
3130 4599 3225 4650 καὶ
3269 4578 3474 4650 ⁴τ’ἷύτων
3507 4599 3566 4650 αί
3614 4598 3753 4666 πρὶς

2169 4692 2428 4762 ἀλλήλαις
2478 4693 2713 4762 σχέσεις,
2740 4687 2852 4746 οἷον
2898 4691 3080 4762 ψυχῆς
3141 4691 3277 4761 πρὸς
3335 4690 3756 4761 ψυχὴν.ψυχῆς

2171 4784 2308 4856 πρὸς
2357 4785 2419 4839 τὸ
2459 4785 2661 4856 ἑαυτῆς
2706 4785 2886 4855 σῶμα,
2925 4783 3214 4856 ἀνθρώπου
3271 4783 3408 4854 πρὸς
3450 4783 3511 4836 τὸ
3563 4785 3756 4847 ἁπλῶς

2169 4876 2372 4948 ψυχήν.
2399 4876 2560 4948 Ψυχή
2621 4875 2724 4946 μὲν
2784 4875 2894 4946 γὰρ
2936 4874 3076 4945 πρὸς
3111 4873 3288 4946 ψυχὴν
3320 4873 3398 4943 τῷ
3442 4875 3624 4945 ταυτῷ
3657 4876 3759 4942 τῆς

2174 4969 2362 5033 οὐσίας
2396 4969 2675 5040 ἡνωμένη,
2715 4967 2794 5036 τῷ
2831 4967 3075 5038 διαφόρῳ
3111 4967 3210 5035 τῆς
3251 4966 3603 5029 ὑποστάσεως
3638 4966 3760 5019 δια-

2177 5063 2432 5132 κέκριται
2455 5077 2469 5091 ·
2501 5059 2662 5114 τοῦτο
2695 5060 2728 5129 ή
2761 5056 2956 5130 πρώτη
3010 5059 3105 5110 καὶ
3153 5057 3188 5122 ή
3227 5055 3515 5109 τελευταία
3571 5057 3763 5125 σχέσις

2177 5149 2288 5203 τῶν
2354 5149 2626 5220 συζυγιῶν
2653 5167 2667 5182 ο
2710 5149 2860 5221 ψυχὴ
2892 5149 2950 5202 δὲ
2987 5147 3127 5218 πρὸς
3163 5147 3222 5200 τὸ
3251 5145 3425 5215 αὐτῆς
3466 5146 3652 5216 σῶμα,
3677 5145 3766 5215 τῷ

2183 5241 2286 5308 μὲν
2341 5241 2570 5312 ἑτεροίῳ
2627 5239 2731 5310 τῆς
2806 5239 3027 5308 φύσεως
3097 5235 3481 5308 διακέκριται,
3549 5236 3764 5306 ἥνωται

2178 5333 2236 5388 δὲ
2292 5331 2371 5403 τῷ
2427 5332 2573 5404 λόγῳ
2635 5333 2735 5404 τῆς
2797 5331 3170 5393 ὑποστάσεως.
3223 5330 3293 5400 ἢν
3349 5331 3384 5398 ή
3423 5328 3764 5398 suntcap;

2180 5425 2296 5494 ζωὴ
2355 5424 2691 5478 ἀπετέλεσε·
2751 5424 2914 5478 τοῦτο
2975 5426 3010 5494 ή
3064 5423 3297 5494 δευτέρα
3358 5422 3453 5476 καὶ
3509 5424 3543 5492 ἡ
3609 5423 3754 5490 μέση

2180 5515 2438 5580 διασώζει
2499 5517 2726 5587 σχέσιςο
2790 5517 3082 5587 ἄνθρωπος
3134 5515 3192 5568 δὲ
3245 5516 3382 5586 πρὸς
3443 5516 3505 5568 τὸ
3571 5513 3769 5576 ἁπλῶς

2187 5608 2368 5679 σῶμα,
2419 5610 2517 5663 καὶ
2550 5610 2650 5680 τὴν
2690 5610 2878 5673 ἁπλῶς
2917 5606 3097 5680 ψυχὴν
3118 5648 3132 5672 ,
3161 5607 3283 5670 ὅλος
3331 5607 3508 5684 πάντη
3556 5606 3766 5662 τούτων

565 5783 678 5837 tl8l
736 5782 924 5835 Causa
982 5783 1314 5852 hypostasin.
1347 5782 1533 5841 Utitur
1580 5787 1848 5844 vocabulo
1881 5805 2057 5844 cauete
2094 5807 2193 5861 pro
2225 5791 2518 5862 principio,
2545 5808 2698 5850 more
2723 5791 3060 5849 Graecorum.
3093 5791 3230 5846 Tuti.
