3954 6148
283 303 420 375 1289

1347 314 1646 376 CONTRA
1685 313 2006 376 NESTOR.
2041 315 2136 375 ET
2175 315 2498 377 EUTYCH.

3320 399 3324 404 λ
3389 315 3537 387 ’1290

279 422 728 496 διακεκριμένος,
759 423 848 478 διὰ
877 423 976 496 τὴν
1008 424 1142 494 πρὸς
1176 423 1246 478 τά
1274 426 1474 480 ἑαυτοῦ
1511 427 1651 499 μέρη
1702 425 1853 498 πρώ-

1957 419 2122 496 quam
2143 434 2295 482 totus
2323 441 2390 482 ex
2425 427 2693 497 partibus,
2721 435 2948 500 prepter
2967 437 3155 513 partes
3173 404 3541 518 sussilit-editis
3641 461 3644 464 ~

278 531 377 584 την
405 515 611 586 σχέσιν,
641 515 901 588 δευτέραν
933 519 1168 570 ποιεῖται
1197 517 1334 590 πρὸς
1364 519 1506 573 αὐτὰ
1541 518 1851 574 κοινωνίαν.

283 608 444 660 Ὥστε
475 609 571 661 καὶ
603 611 632 662 ὁ
660 609 895 680 Χριστὸς
925 609 1063 680 πρὸς
1095 610 1244 680 ἡμᾶς
1266 610 1358 663 καὶ
1387 611 1526 680 πρὸς
1553 609 1642 663 τὸν
1675 609 1854 668 Πατέ-

285 715 374 768 ρα,
403 698 480 762 ὡς
508 699 628 762 ὅλος
650 697 726 751 ὢν
747 701 812 752 ὲκ
839 698 1044 770 μερῶν,
1080 698 1168 752 διὰ
1193 701 1261 754 τὰ
1283 700 1479 754 ἑαυτοῦ
1521 699 1661 771 μέρη
1696 717 1852 770 μεσι-

281 787 427 842 τεύει
476 791 590 852 τοῖς
637 787 848 859 ἄκροις,
882 789 1022 854 ὅλως
1075 790 1174 862 μὲν
1228 791 1530 854 ὑπόστασις
1581 791 1656 844 ὢν
1716 789 1855 861 πρὸς

281 883 449 952 ἡμᾶς,
495 881 634 952 μετά
682 881 781 950 τῆς
842 881 1101 954 θεότητος
1149 883 1238 936 διὰ
1275 885 1376 954 τὴν
1429 883 1852 955 ἀνθρωπότητα,

279 973 768 1044 ὲπαλλαττομένων
811 973 921 1027 τῶν
974 974 1118 1027 κατὰ
1173 975 1275 1046 τὴν
1329 974 1603 1046 διάκρισίν
1647 991 1706 1028 τε
1759 973 1856 1028 καὶ

277 1065 468 1119 ἕνωσιν
508 1066 766 1134 σχέσεων,
799 1051 963 1119 (τιν’τε
999 1067 1136 1136 πρὸς
1180 1067 1376 1120 ἑαυτὸν
1422 1066 1510 1121 διὰ
1541 1069 1610 1120 τὰ
1657 1065 1852 1121 ἑαυτοῦ

283 1150 421 1227 μέρη
453 1155 591 1226 ἔχων
620 1155 948 1228 γνωρίζεται
969 1197 984 1221 ,
1020 1159 1114 1210 καὶ
1143 1150 1220 1210 ὧν
1247 1157 1386 1228 πρός
1412 1175 1474 1210 τε
1509 1157 1601 1210 τὸν
1634 1157 1855 1229 Πατέρα

279 1249 374 1301 καὶ
401 1248 569 1317 ἡμᾶς,
597 1246 686 1300 διὰ
711 1247 808 1318 τὴν
836 1247 946 1300 τῶν
976 1248 1159 1319 μερῶν
1190 1249 1328 1319 πρὸς
1358 1248 1428 1302 τά
1465 1247 1606 1320 ἄκρα
1659 1249 1854 1312 οἰκειό-

277 1355 414 1409 τητα
433 1339 718 1410 κέκτηται.
738 1339 928 1408 Εὑγνω
935 1339 1111 1409 μόνως
1127 1340 1182 1393 δὲ
1197 1340 1308 1392 τῶν
1333 1341 1516 1411 μερῶν
1531 1343 1850 1396 ἀκουστέον·

276 1431 337 1482 ού
372 1429 480 1498 γὰρ
513 1431 590 1492 ὡς
627 1431 694 1498 τῇ
736 1430 898 1498 φύσει
923 1430 1101 1500 ἀτελῆ
1133 1430 1284 1495 ὅντα,
1317 1428 1663 1502 μέρηταῦτά
1686 1449 1852 1502 φημι,

276 1521 392 1574 ἀλλ’
425 1521 501 1583 ὡς
534 1507 992 1591 ’συμπληρωτικὰ
1066 1522 1162 1576 τοῦ
1210 1521 1506 1594 προσώπου
1561 1524 1661 1594 τῆς
1713 1527 1856 1578 κατά

277 1613 510 1684 Χριστδν
557 1613 934 1676 ὑποστάσεως.
970 1613 1128 1667 Οὕτω
1177 1613 1289 1686 γὰρ
1339 1615 1628 1686 Γρηγορίῳ
1669 1633 1728 1669 τε
1762 1617 1856 1669 καὶ

275 1704 548 1774 Ιὶυρίλλῳ,
581 1691 677 1758 καὶ
727 1703 786 1756 τὸ
833 1705 955 1757 ὅλον
993 1705 1052 1758 οὗ
1093 1705 1194 1774 μία
1220 1704 1402 1772 φύσις,
1427 1706 1522 1760 καὶ
1544 1705 1730 1770 ἁπλῶς
1760 1707 1854 1760 καὶ

273 1795 412 1867 πρός
437 1811 510 1858 τι,
533 1793 596 1846 τό
616 1810 674 1845 τε
700 1793 886 1856 ἀτελὲς
917 1793 1092 1847 καὶτὸ
1121 1794 1329 1848 τέλειον
1353 1795 1588 1865 εἴρηται.

349 1901 369 1935 ι
398 1883 463 1936 Τί
489 1878 584 1936 οὖν
607 1900 770 1952 φασιν
792 1901 806 1950 ;
831 1883 906 1936 Ού
934 1883 1166 1954 λέγομεν
1195 1884 1324 1954 μίαν
1349 1885 1513 1954 φύσιν
1537 1886 1851 1958 ἀνθρώπου,

275 1973 482 2042 καίπερ
516 1973 746 2051 διάφορα
783 1974 851 2026 τὰ
899 1973 1224 2028 συνελθόντα
1269 1975 1668 2046 γινώσκοντες;
1699 1979 1766 2032 Τί
1791 1979 1855 2051 δὴ

274 2060 370 2120 οῦν
397 2065 578 2132 λυπεῖ,
605 2049 798 2136 ῶσπερ
833 2059 934 2119 ὧδε
960 2066 1062 2118 οὐκ
1093 2067 1182 2119 ἐπ’
1216 2068 1498 2139 ἀναιρέσει
1526 2069 1626 2140 τῆς
1663 2049 1856 2140 ram-m4

273 2174 368 2222 τος
401 2157 510 2211 τῶν
544 2157 749 2228 μερῶν,
788 2154 948 2226 φύσιν
976 2157 1252 2228 καλοῦμεν
1294 2156 1395 2224 τὰς
1425 2161 1638 2230 φύσεις,
1669 2163 1719 2216 εἰ
1757 2165 1855 2216 καὶ

275 2250 368 2304 ἐπὶ
395 2248 631 2320 Χριστοῦ
673 2249 734 2302 τὸ
773 2249 960 2320 ὅμοιον
989 2249 1274 2316 ποιοῦντες
1299 2252 1604 2322 φαινόμεθα
1631 2269 1646 2319 ;
1689 2253 1852 2308 Ἀλλά

273 2339 598 2410 λοιδορεῖσθε
639 2341 770 2410 ἡμῖν
822 2341 918 2392 καὶ
949 2339 1262 2414 διασύρετε,
1292 2343 1370 2405 ὠς
1417 2343 1684 2414 σύγχυσιν
1731 2344 1854 2397 ἐπι-

273 2431 485 2486 νοοῦσιν
533 2433 627 2486 ὲπὶ
678 2431 942 2503 Χριστοῦ,
975 2432 1166 2505 ἐπειδὴ
1212 2432 1284 2487 τὰ
1319 2436 1461 2506 μέρη
1503 2437 1570 2507 τῇ
1602 2435 1696 2490 τοῦ
1727 2436 1850 2489 ὅλου

276 2521 616 2594 σημαίνομεν
641 2523 928 2598 ὀνομασίᾳ.
967 2541 986 2575 ι
1017 2523 1080 2576 Εί
1110 2524 1210 2594 μὲν
1239 2523 1308 2578 τὰ
1330 2525 1476 2596 μέρη
1493 2529 1559 2598 τῇ
1589 2525 1686 2580 τοῦ
1727 2527 1852 2581 ὅλου

273 2613 460 2666 καλεῖν
486 2595 772 2667 ἐϐούλεσθε
803 2614 1169 2687 προσηγορίᾳ,
1198 2614 1306 2668 ἔδει
1332 2595 1558 2682 πάντως
1581 2618 1726 2688 ὑμᾶς
1753 2621 1852 2672 καὶ

273 2704 336 2758 τὸ
357 2705 476 2758 ὅλον
504 2707 570 2777 τῇ
602 2705 712 2758 τῶν
735 2705 916 2777 μερῶν
934 2706 1223 2779 γνωρίζειν
1250 2709 1536 2780 ὀνομασίᾳ,
1565 2711 1662 2764 καὶ
1677 2711 1854 2777 οὕτως

273 2796 451 2860 οὐδεὶς
512 2797 578 2850 ἂν
642 2793 711 2868 ἦν
755 2798 947 2866 φθόνος
1004 2801 1159 2870 ἡμῖν.
1212 2801 1401 2873 Σάρκα
1449 2801 1508 2856 δὲ
1546 2801 1580 2872 ἢ
1641 2803 1860 2871 ἄνθρωά

273 2905 377 2944 πον
398 2887 691 2950 καλοῦντες
723 2887 922 2958 μᾶλλον
949 2889 1042 2942 τὸν
1068 2890 1294 2960 Κύριον,
1323 2891 1386 2944 τὸ
1413 2890 1533 2945 ὅλον
1557 2893 1624 2946 ὲκ
1655 2893 1856 2964 μέρους

275 2979 606 3050 ὲσημαίνετε
636 2977 722 3044 ἂν,
757 2976 874 3030 ἀλλ’
909 2978 971 3032 οὐ
1021 2977 1184 3048 φύσιν
1245 2977 1374 3048 μίαν
1422 2979 1521 3042 τὰς
1553 2979 1648 3032 δύο
1689 2996 1858 3052 προσ-

279 3071 666 3143 αγορεύοντες.
693 3071 962 3135 Πολλάκις
993 3072 1105 3142 γὰρ
1131 3071 1193 3124 τὺ
1225 3073 1299 3142 μὴ
1337 3073 1732 3143 κυριολεκτεῖν,
1761 3075 1854 3127 καὶ

275 3163 544 3235 δόγματος
567 3161 861 3234 ἐργάζεται
888 3163 1216 3230 διαφωνίανο
1245 3163 1368 3216 ὅθεν
1398 3165 1560 3232 ἡμεῖς
1589 3164 1732 3216 κατὰ
1752 3163 1852 3228 τὰς

277 3255 430 3318 θείας
469 3256 508 3306 Γ
513 3253 716 3324 Ραφάς,
757 3253 850 3305 καὶ
895 3253 995 3314 τὰς
1033 3244 1549 3322 πατροπαραδότους
1597 3252 1851 3326 θεωρίας,

277 3344 538 3406 πολλάκις
587 3345 648 3396 τὸ
685 3342 804 3398 ὅλον
835 3343 902 3395 ἐκ
949 3343 1170 3413 μέρους,
1205 3343 1300 3396 καὶ
1347 3343 1416 3396 τὰ
1455 3343 1596 3415 μέρη
1642 3347 1708 3416 τῇ
1757 3344 1853 3398 τοῦ

275 3436 399 3491 ὅλου
447 3435 642 3506 κλήσει
700 3433 1204 3506 προσαγορεύομεν,
1240 3433 1368 3489 Υίὸν
1419 3434 1708 3506 ἀνθρώπου
1762 3435 1854 3489 τδν

277 3528 448 3598 Λόγον
477 3527 854 3598 ὀνομάζοντες,
881 3527 978 3580 καὶ
1009 3525 1219 3598 Κύριον
1247 3527 1350 3597 τῆς
1385 3526 1548 3598 δόξης
1573 3527 1852 3594 ἐσταυρῶ-

277 3618 406 3674 σθαι
422 3615 990 3691 ὀμολογοῦντες.⁹Δλλ’
1005 3617 1066 3670 οὺ
1096 3617 1249 3688 παρὰ
1277 3615 1434 3670 τοῦτο
1481 3619 1547 3688 τῇ
1587 3608 1854 3670 ἀντιδόσει

275 3710 386 3764 τῶν
425 3708 1093 3780 ίδιωμάτων,ἀναιροῦμεν
1111 3709 1205 3761 τὸν
1237 3707 1366 3760 ίδιον
1395 3707 1550 3776 λόγον
1569 3709 1667 3776 τῆς
1698 3705 1855 3760 θατέ-

279 3801 375 3856 δου
403 3781 462 3855 ὲν
493 3799 675 3872 ταυτῷ
705 3801 985 3872 ἰδιότητος.
1005 3799 1148 3868 Πρὸς
1167 3797 1226 3852 δὲ
1261 3797 1356 3852 καὶ
1385 3797 1474 3852 διὰ
1495 3799 1698 3869 κυρίων
1718 3799 1854 3869 ἡμῖν

274 3893 451 3950 ταῦτα
481 3894 590 3948 τῶν
617 3893 903 3964 ὀνομάτων
933 3892 1296 3961 γνωρίζεται,
1317 3889 1418 3960 τῆν
1447 3891 1546 3960 μὲν
1583 3890 1852 3944 ἀντίδοσιν

273 3985 386 4041 τῶν
420 3984 726 4054 ιδιωμάτων
750 3987 806 4037 ἐν
848 3986 916 4055 τῇ
962 3984 1060 4054 μιᾷ
1105 3981 1404 4034 ὑποστάσει
1436 3979 1725 4056 θεωροῦσι,
1751 3982 1854 4051 τὴν

273 4079 334 4133 ὠ
365 4077 604 4148 ἰδιότητα
635 4077 734 4148 τὴν
767 4077 826 4130 ὲν
861 4078 928 4146 τῇ
975 4073 1246 4145 κοινότητι
1283 4075 1342 4126 ὲν
1373 4075 1438 4144 τῇ
1481 4073 1713 4143 διαφορᾷ
1743 4071 1853 4128 τῶν

274 4169 492 4240 φύσεων
525 4168 1002 4240 ἐπιγινώσκουσιν.
1037 4167 1228 4238 Ὑμεῖς
1255 4165 1315 4220 δὲ
1335 4165 1414 4237 τῷ
1443 4165 1851 4237 παραδείγματι

275 4261 609 4332 κεχρημένοι
655 4259 752 4332 τοῦ
775 4256 1092 4329 ἀνθρώπου,
1121 4256 1218 4310 καὶ
1251 4254 1402 4326 αύτῷ
1434 4254 1514 4325 τῷ
1564 4255 1850 4326 πρωτοτύ-

274 4367 364 4423 sup
416 4349 864 4422 συνδιαφθείρετε
907 4349 970 4403 τὺ
1008 4347 1385 4427 παράδειγμα.
1413 4348 1562 4402 Μίαν
1605 4346 1706 4418 μὲν
1740 4348 1852 4420 γάρ

1955 527 2041 572 "est
2073 517 2224 574 inter
2253 528 2538 588 extrema;
2574 536 2643 578 ex
2693 530 2812 577 toto
2858 508 3440 604 hypostas‘is,_7félat'us
3467 511 3537 596 ad

1953 609 2197 680 Patrem,
2240 622 2472 684 propter
2514 613 2866 670 divinitatem
2909 633 3039 673 cum
3081 600 3456 688 humanitate;
3482 633 3538 678 et

1954 715 2024 755 ex
2052 709 2167 756 toto
2227 703 2540 777 hypostasis
2567 706 2778 762 relatus
2809 695 2878 762 ad
2909 707 3292 780 nos','~proptcr
3338 713 3538 768 huma-

1954 791 2188 848 nitatem
2220 809 2345 852 cum
2389 795 2699 862 divinitate,
2735 784 3066 870 permutatis
3113 801 3539 861 liabitudinibus

1955 882 2260 938 secundum
2309 877 2721 942 distinctionem
2755 898 2814 943 et
2850 890 3113 944 unionem
3165 907 3303 962 quas
3349 881 3539 949 secum

1955 968 2188 1044 propter
2230 984 2418 1046 partes
2454 992 2582 1032 suas
2639 979 2838 1046 habet;
2863 991 2918 1035 et
2959 997 3098 1052 quas
3135 999 3260 1038 cum
3286 985 3446 1040 Patre
3481 991 3540 1041 et

1955 1065 2244 1122 nobiscum
2299 1067 2486 1133 habet,
2540 1079 2766 1140 propter
2827 1073 3275 1136 convenientiam
3296 1077 3540 1146 partium

1957 1169 2084 1230 cum
2129 1157 2413 1213 extremis.
2442 1157 2580 1214 Cum
2623 1170 2808 1216 autem
2843 1168 3028 1230 partes
3057 1163 3312 1230 dicimus,
3345 1166 3540 1221 audire

1955 1255 2173 1316 oportet
2201 1249 2504 1318 prudenter
2533 1266 2680 1306 :non
2709 1253 2856 1306 enim
2889 1262 3074 1322 partes
3111 1253 3364 1320 dicimus,
3411 1264 3539 1311 tan-

1956 1339 2120 1406 quam
2152 1337 2503 1408 imperfectas
2533 1349 2753 1406 natura,
2785 1343 2880 1396 sed
2913 1351 3172 1413 tanquam
3199 1345 3540 1414 complentes

1955 1441 2246 1494 personam
2297 1428 2608 1499 hypostasis
2649 1429 2877 1486 Christi.
2920 1429 3011 1488 Sic
3038 1433 3188 1488 enim
3212 1449 3244 1488 a
3272 1427 3541 1506 Gregorio

1955 1525 2012 1570 et
2033 1517 2238 1588 Cyrillo
2271 1519 2480 1574 dictum
2511 1530 2596 1576 est
2613 1531 2792 1578 totum
2819 1539 2931 1578 non
2956 1541 3064 1580 una
3090 1533 3307 1594 natura,
3334 1535 3390 1582 et
3407 1529 3540 1583 sim-

1955 1607 2194 1678 pliciter,
2220 1619 2276 1666 et
2303 1612 2370 1666 ad
2423 1613 2654 1684 aliquid,
2687 1623 2746 1670 et
2783 1615 3196 1687 imperfectum,
3252 1629 3309 1690 et
3363 1620 3541 1692 perfe-

1958 1707 2127 1754 ctum.

2032 1875 2052 1906 ‹
2079 1855 2221 1922 Quid
2251 1859 2420 1929 igitur
2450 1860 2644 1915 aiunt?
2674 1861 2870 1918 Nonne
2900 1863 3140 1919 dicimus
3170 1879 3336 1920 unam
3377 1871 3539 1920 natu-

1957 1963 2076 2004 ram
2128 1951 2390 2018 hominis,
2445 1954 2697 2024 quamvis
2743 1971 3142 2027 cognoscamus
3223 1957 3540 2014 differentia

1956 2057 2099 2107 esse,
2131 2058 2254 2113 qua;
2283 2055 2488 2100 coeunt
2514 2046 2572 2100 in
2601 2049 2813 2102 unum?
2841 2047 2986 2115 Quid
3011 2064 3143 2120 ergo
3176 2049 3380 2114 obstat,
3401 2051 3539 2121 quin

1955 2132 2100 2187 sicut
2137 2131 2230 2190 hic
2265 2149 2379 2189 non
2411 2136 2480 2191 ad
2523 2137 2830 2192 tollendum
2861 2139 3260 2209 proprietatem
3291 2141 3538 2210 partium

1954 2233 2182 2280 naturas
2203 2239 2465 2282 vocamus
2481 2235 2755 2296 naturam,
2781 2229 2991 2299 aliquid
3019 2229 3200 2284 simile
3230 2231 3287 2284 in
3311 2229 3538 2287 Christo

1955 2314 2136 2371 facere
2175 2317 2499 2392 videamur?
2555 2319 2698 2387 Quin
2746 2321 2933 2392 potius
2969 2321 3220 2378 convicia
3244 2322 3448 2390 facitis,
3479 2331 3540 2378 et

1955 2403 2190 2461 illuditis
2223 2407 2379 2476 quasi
2404 2407 2790 2464 confusionem
2817 2409 2872 2464 in
2894 2409 3115 2466 Christo
3138 2413 3536 2482 excogitemus,

1955 2495 2084 2565 quia
2129 2483 2312 2567 partas
2355 2499 2724 2569 appellatione
2777 2503 2949 2557 totius
2991 2503 3386 2574 signiﬁcamus.
3415 2523 3436 2556 ι
3475 2501 3536 2560 Si

1953 2586 2225 2642 volebatis
2271 2603 2468 2643 vocare
2520 2600 2704 2660 partes
2752 2592 2980 2646 nomine
3019 2592 3208 2658 totius,
3243 2594 3570 2664 oportebat.

1954 2679 2224 2748 profecto,
2237 2689 2300 2736 ut
2319 2689 2492 2736 totum
2505 2682 2672 2738 etiam
2691 2683 3070 2740 nominatione
3081 2684 3326 2754 partium
3347 2685 3536 2742 decla-

1955 2771 2176 2835 raretis,
2211 2781 2376 2842 atque
2406 2771 2481 2828 ita
2505 2773 2662 2828 nulla
2687 2773 2845 2829 vobis
2864 2773 3071 2828 invidia
3099 2782 3266 2830 esset.
3298 2775 3537 2832 Carnem

1955 2870 2162 2925 autem,
2202 2863 2290 2918 vel
2334 2863 2617 2920 hominem
2671 2873 2932 2921 vocantes
2980 2866 3167 2935 potius
3215 2867 3552 2934 Dominum,

1955 2964 2133 3011 totum
2177 2971 2246 3010 ex
2282 2964 2437 3026 parte
2474 2955 2883 3027 signiﬁcaretis,
2914 2966 2973 3012 et
2995 2973 3109 3013 non
3141 2957 3280 3014 duas
3309 2956 3538 3016 naturas

1955 3053 2216 3101 vocantes
2253 3048 2441 3102 unam.
2472 3047 2627 3118 Saepe
2657 3048 2806 3104 enim
2839 3064 2952 3104 non
2977 3052 3203 3120 praprie
3235 3050 3390 3122 loqui
3417 3052 3536 3110 dis-

1956 3137 2296 3206 crepantiam
2346 3137 2619 3208 dogmatis
2661 3137 2848 3194 efﬁcit.
2885 3139 3042 3196 Unde
3079 3157 3184 3196 nos
3229 3143 3536 3199 secundum

1957 3226 2288 3296 Scripturas,
2307 3235 2364 3282 et
2378 3229 2786 3298 speculationes
2805 3245 2836 3284 a
2851 3231 3109 3287 Patribus
3125 3215 3539 3306 traditasIsamc

1934 3325 2135 3374 .totum
2161 3333 2229 3372 ex
2255 3326 2434 3388 parte,
2470 3328 2527 3374 et
2551 3329 2764 3389 partem
2789 3321 3016 3377 nomine
3039 3323 3210 3379 totius
3244 3323 3536 3392 allicimus,

1955 3425 2083 3464 cum
2132 3409 2375 3466 Verbum
2407 3411 2606 3466 Filium
2642 3411 2886 3468 hominis
2909 3412 3290 3483 nominamus;
3318 3425 3374 3473 et
3419 3417 3536 3478 Do-

1955 3501 2168 3554 minum
2228 3501 2418 3572 glorias
2465 3503 2792 3573 crucifixum
2853 3505 3202 3562 conﬁtemur.
3257 3508 3366 3565 Sed
3421 3527 3539 3569 non

1954 3577 2251 3662 propterea
2275 3596 2775 3652 communicatione
2801 3595 3124 3652 idiomatum
3143 3584 3389 3670 tollimus
3409 3619 3540 3674 pro-

1954 3684 2132 3756 priam
2165 3686 2437 3742 rationem
2480 3689 2835 3758 proprietatis
2875 3691 3198 3746 alterutrius
3228 3691 3284 3747 in
3311 3693 3532 3752 codem.

1953 3775 2186 3846 Deinde,
2227 3778 2346 3834 haec
2375 3775 2542 3834 etiam
2575 3779 2738 3836 nobis
2767 3796 2868 3852 per
2911 3783 3134 3854 pr0pria
3175 3783 3401 3842 nomina
3433 3785 3535 3842 de-

1954 3867 2255 3934 clarantur,
2286 3883 2411 3924 cum
2446 3870 3004 3936 communicationem
3033 3873 3256 3945 quidem
3295 3875 3534 3933 idioma-

1954 3969 2072 4015 tum
2102 3961 2158 4015 in
2185 3977 2296 4016 una
2315 3962 2596 4034 hypostasi
2627 3965 3099 4035 contemplamur;
3137 3967 3537 4038 proprietatem

1953 4067 2089 4107 vero
2118 4068 2242 4124 quae
2267 4061 2354 4109 est
2398 4054 2456 4108 in
2497 4054 2916 4122 communitate,
2943 4057 2999 4110 in
3024 4055 3341 4114 differentia
3369 4071 3536 4117 natu-

1953 4159 2142 4200 rarum
2187 4147 2559 4218 agnoscimus.
2599 4148 2712 4203 Vos
2761 4157 2968 4214 autem,
3000 4157 3220 4205 utentes
3277 4152 3531 4228 exemplo

1953 4236 2216 4303 hominis,
2249 4253 2376 4294 cum
2402 4238 2522 4308 ipso
2543 4245 2840 4309 prototypo
2867 4239 3179 4308 exemplum
3209 4241 3374 4296 simul
3407 4257 3533 4298 cor-

1952 4329 2232 4400 rumpitis.
2279 4313 2453 4385 Unani
2479 4329 2630 4386 enim
2667 4339 2924 4384 naturam
2970 4329 3212 4386 hominis
3253 4332 3526 4401 dicimus;

274 4419 567 4514 ἀνθρώπου
602 4419 764 4510 φύσιν
791 4439 1024 4508 λέγομεν
1045 4419 1183 4509 [οὐχ
1205 4438 1293 4502 ,ὡς
1327 4437 1396 4492 ἂν
1424 4437 1584 4506 ὑμεῖς
1613 4419 1848 4508 φαίητε,

1957 4436 2066 4476 non
2100 4427 2164 4475 ut
2189 4434 2290 4476 vos
2316 4421 2522 4483 dicitis,
2563 4419 2658 4491 qui
2685 4429 2942 4476 naturam
2968 4419 3152 4477 carnis
3187 4423 3243 4478 in
3275 4422 3533 4480 substan-

273 4533 354 4594 είς
387 4532 585 4586 ταυτὸν
614 4531 842 4600 ἄγοντες
872 4531 972 4602 τὴν
1003 4529 1166 4598 φύσιν
1198 4529 1302 4601 τῆς
1351 4529 1557 4600 σαρκὸς
1587 4531 1653 4600 τῇ
1685 4528 1846 4599 οὐσίᾳ

272 4625 374 4696 τῆς
404 4623 601 4696 ψυχῆς,
630 4623 666 4695 ἢ
695 4623 761 4678 τὸ
788 4621 1062 4683 ἀνάπαλιν
1087 4640 1101 4652 ·
1131 4621 1278 4675 οὔτε.
1304 4623 1411 4693 μὴν
1453 4620 1513 4687 ἐξ
1565 4619 1850 4692 ἑκατέρων

273 4717 384 4771 οὐδ’
409 4717 680 4788 ὁποτέραν
697 4716 1126 4771 ἀποτετελέσθαι
1149 4715 1354 4786 φαμέν.

345 4808 511 4863 Φύσιν
549 4809 606 4862 δὲ
643 4808 848 4880 ταύτην
889 4808 1191 4880 καλοῦμεν,
1218 4809 1280 4861 οὐ
1309 4805 1446 4878 πρὸς
1475 4803 1577 4876 τὴν
1607 4801 1718 4857 τῶν
1749 4819 1849 4874 με-

275 4901 390 4974 ρῶν
429 4903 614 4974 σχέσιν
641 4901 1053 4964 ἀποϐλέποντες
1083 4899 1278 4970 (οὐδεὶς
1310 4897 1421 4970 γάρ
1470 4898 1590 4950 ἑστι
1633 4894 1793 4964 λόγος
1823 4895 1852 4948 ό

275 4995 338 5048 τὸ
384 4993 678 5064 έτεροφυὲς
718 4993 898 5047 αὐτῶν
923 4993 1028 5046 κάν
1069 4994 1136 5062 τῇ
1167 4989 1358 5044 ἐνώσει
1397 4985 1848 5060 λυμαινόμενος),

275 5085 416 5140 ἀλλά
457 5086 559 5154 τὴν
599 5083 696 5138 τοῦ
738 5083 974 5138 καθόλου
1009 5083 1105 5136 καὶ
1143 5081 1317 5145 εἴδους
1352 5079 1632 5156 σημασίαν
1655 5118 1672 5142 ,
1709 5076 1853 5131 κατά

273 5176 373 5232 τοῦ
403 5173 632 5247 μερικοῦ
665 5174 763 5228 καὶ
810 5174 942 5228 ἰδίου
985 5171 1430 5244 κατηγοροῦμεν.
1471 5168 1692 5241 Ἐπειδὴ
1717 5167 1852 5240 γὰρ,

277 5266 464 5330 καθὼς
497 5266 548 5320 οἱ
572 5265 642 5321 τὰ
667 5265 864 5334 λογικά
885 5265 1184 5336 σκέμματα
1212 5261 1588 5332 διακρίνοντες
1615 5258 1853 5331 παραδι-
1916 5303 1946 5326 ,,

255 5357 453 5422 οὸόασι,
482 5355 552 5410 τά
581 5354 689 5432 μιν
702 5355 797 5408 ἐπὶ
829 5353 1030 5426 μέρους
1050 5353 1304 5408 κοινωνεῖ
1329 5352 1444 5415 τοῖς
1468 5348 1593 5404 καθ’
1604 5349 1752 5414 ὅλου,
1787 5345 1856 5402 τὰ

275 5449 340 5504 δὲ
367 5446 491 5504 καθ’
523 5447 646 5500 ὅλου
671 5447 1062 5518 κατηγορεῖται
1087 5442 1229 5498 κατὰ
1247 5441 1358 5496 τῶν
1381 5441 1474 5494 ἰπὶ
1499 5439 1700 5512 μέρους
1721 5452 1738 5468 ·
1761 5438 1857 5493 καὶ

276 5538 390 5595 σιῶν
418 5539 516 5604 μὲν
543 5535 781 5606 ἀτόμων,
814 5534 1072 5590 κοινωνία
1099 5535 1220 5588 ἐστὶ
1263 5534 1399 5606 πρὸς
1439 5533 1500 5587 τὸ
1531 5527 1671 5594 εἶδος
1715 5528 1858 5583 κατά

353 5624 443 5694 (l9
475 5623 568 5694 20)
588 5620 1016 5694 Communicatio
1033 5622 1241 5694 quidem
1255 5623 1668 5694 individuorum.
1684 5625 1850 5680 Com-

277 5693 1000 5749 municatioindividuorum
1016 5694 1084 5747 ad
1096 5693 1335 5762 speciem
1347 5693 1745 5751 estsecundum
1765 5708 1852 5749 na-

597 5786 870 5850 Ρλτιιοι..
909 5786 1026 5850 Gn.
1059 5785 1398 5850 LXXXVI.

1952 4515 2086 4570 tiam
2133 4515 2333 4572 animae
2379 4514 2619 4580 trahitis,
2652 4523 2716 4570 ut
2761 4515 2899 4570 liant
2962 4515 3144 4581 idem;
3190 4523 3288 4570 aut
3335 4531 3531 4573 rursus

1951 4613 2202 4661 naturam
2224 4605 2420 4660 animae
2441 4605 2500 4670 in
2529 4605 2891 4662 substantiam
2914 4605 3117 4671 carnis,
3145 4620 3250 4661 nec
3280 4607 3531 4663 exalter‘-
3591 4617 3603 4674 ,-‘

1953 4703 2078 4751 utra
2111 4704 2515 4765 utramcunque
2552 4693 2673 4756 ﬁeri
2699 4693 2958 4750 dicimus.
3584 4688 3593 4722 ί

2021 4786 2288 4842 Naturam
2314 4795 2501 4842 autem
2533 4801 2796 4842 vocamus
2827 4785 2993 4852 hanc,
3025 4799 3138 4850 non
3163 4783 3452 4865 intuentes.
3469 4780 3528 4841 in

1953 4881 2335 4940 habitudinem
2388 4883 2628 4953 partium
2673 4899 2689 4936 ι
2728 4881 2879 4936 nulla
2914 4880 3064 4936 enim
3092 4886 3179 4936 est
3209 4880 3374 4945 ratio,
3404 4893 3528 4952 qua:

1953 4976 2330 5032 diversitatem
2349 4981 2561 5030 naturae
2578 4973 2820 5048 partium
2847 4971 3014 5027 etiam
3039 4969 3092 5026 in
3119 4969 3326 5026 unione
3341 4967 3532 5026 ladat.

1959 5061 2070 5119 Sed
2115 5061 2305 5128 potius
2351 5056 2812 5130 signiﬁcationem
2854 5056 3183 5114 universalis
3233 5065 3290 5112 et
3321 5057 3530 5126 speciei

1957 5153 2028 5209 de
2078 5150 2400 5222 psrticulari
2429 5159 2480 5204 et
2521 5148 2745 5220 proprio
2782 5146 3142 5218 praedicamus
3172 5145 3344 5218 :quia
3383 5145 3532 5232 sicut

1957 5243 2183 5299 tradunt
2209 5243 2302 5313 qui
2327 5240 2544 5310 regulas
2576 5238 2882 5296 disserendi
2907 5234 3248 5305 discernunt,
3281 5237 3530 5308 particu-

1957 5333 2092 5388 laria
2119 5328 2342 5402 quidem
2364 5320 2774 5384 communicant
2790 5323 3212 5392 unlversallbus';
3233 5324 3530 5380 universa-

1955 5422 2028 5478 lia
2051 5436 2185 5478 vero
2201 5419 2566 5492 medicantur
2583 5417 2655 5474 dc
2671 5415 3118 5490 particularibus;
3143 5426 3197 5473 et
3223 5414 3531 5472 communi-

1957 5510 2102 5566 catio
2120 5508 2343 5576 quidem
2357 5502 3054 5576 individuorum(l9-20)ad
3071 5503 3312 5574 speciem
3331 5499 3527 5566 relata,

1958 5633 2234 5697 turam,et
2249 5637 2356 5677 non
2389 5619 2688 5697 secundum
2714 5617 3134 5697 appellationem
3165 5631 3180 5672 :
3221 5612 3354 5697 quia
3375 5608 3530 5697 indi:-

1959 5688 2185 5750 viduum
2229 5691 2552 5746 naturaliter
2606 5688 2899 5758 participat
2933 5688 3195 5756 speciem,
3238 5695 3362 5752 quae
3397 5693 3524 5735 cum

3089 5774 3166 5842 41
