  <div class='ocr_page' id='page_1' title='image "/cluster/home/n/w/nwhite01/storage/ocr_20150623/86 pt.1/mdp.39015028803867/653.png"; bbox 0 0 3954 6148; ppageno 0'>
   <div class='ocr_carea' id='block_1_1' title="bbox 463 283 594 351">
    <p class='ocr_par' dir='ltr' id='par_1_1' title="bbox 463 283 594 351">
     <span class='ocr_line' id='line_1_1' title="bbox 463 283 594 351; baseline -0.031 1"><span class='ocrx_word' id='word_1_1' title='bbox 463 283 594 351; x_wconf 65' lang='grc'><strong>1291</strong></span> 
     </span>
    </p>
   </div>
   <div class='ocr_carea' id='block_1_2' title="bbox 1677 274 2430 338">
    <p class='ocr_par' dir='ltr' id='par_1_2' title="bbox 1677 274 2430 338">
     <span class='ocr_line' id='line_1_2' title="bbox 1677 274 2430 338; baseline 0.005 -6"><span class='ocrx_word' id='word_1_2' title='bbox 1677 274 1951 333; x_wconf 67' lang='lat' dir='ltr'><strong>LEONTI</strong></span> <span class='ocrx_word' id='word_1_3' title='bbox 1962 275 1985 333; x_wconf 87' lang='grc' dir='ltr'>Ι</span> <span class='ocrx_word' id='word_1_4' title='bbox 2027 275 2430 338; x_wconf 68' lang='grc' dir='ltr'><strong>ΒΥΖΑΝΤΙΝῘ</strong></span> 
     </span>
    </p>
   </div>
   <div class='ocr_carea' id='block_1_3' title="bbox 3572 266 3722 330">
    <p class='ocr_par' dir='ltr' id='par_1_3' title="bbox 3572 266 3722 330">
     <span class='ocr_line' id='line_1_3' title="bbox 3572 266 3722 330; baseline 0 0"><span class='ocrx_word' id='word_1_5' title='bbox 3572 266 3722 330; x_wconf 76' lang='grc'><strong>1292</strong></span> 
     </span>
    </p>
   </div>
   <div class='ocr_carea' id='block_1_4' title="bbox 463 377 2057 455">
    <p class='ocr_par' dir='ltr' id='par_1_4' title="bbox 463 377 2033 451">
     <span class='ocr_line' id='line_1_4' title="bbox 463 377 2033 451; baseline -0.011 -1"><span class='ocrx_word' id='word_1_6' title='bbox 463 403 546 450; x_wconf 87' lang='lat' dir='ltr'><strong>est</strong></span> <span class='ocrx_word' id='word_1_7' title='bbox 583 390 889 447; x_wconf 78' lang='lat' dir='ltr'><strong>secundum</strong></span> <span class='ocrx_word' id='word_1_8' title='bbox 937 397 1217 451; x_wconf 85' lang='lat' dir='ltr'><strong>naturam;</strong></span> <span class='ocrx_word' id='word_1_9' title='bbox 1261 382 1655 438; x_wconf 82' lang='lat' dir='ltr'><strong>univcrsalium</strong></span> <span class='ocrx_word' id='word_1_10' title='bbox 1703 377 1841 437; x_wconf 83' lang='lat' dir='ltr'><strong>vero</strong></span> <span class='ocrx_word' id='word_1_11' title='bbox 1881 396 2033 434; x_wconf 89' lang='lat' dir='ltr'><strong>com-</strong></span> 
     </span>
    </p>
   </div>
   <div class='ocr_carea' id='block_1_5' title="bbox 2158 377 3722 455">
    <p class='ocr_par' dir='ltr' id='par_1_5' title="bbox 2158 377 3722 455">
     <span class='ocr_line' id='line_1_5' title="bbox 2158 377 3722 455; baseline -0.003 -19"><span class='ocrx_word' id='word_1_12' title='bbox 2158 386 2235 455; x_wconf 60' lang='grc' dir='ltr'>νην</span> <span class='ocrx_word' id='word_1_13' title='bbox 2265 384 2456 453; x_wconf 75' lang='grc' dir='ltr'>φύσιν·</span> <span class='ocrx_word' id='word_1_14' title='bbox 2489 383 2596 435; x_wconf 85' lang='grc' dir='ltr'>τῶν</span> <span class='ocrx_word' id='word_1_15' title='bbox 2625 381 2680 435; x_wconf 72' lang='grc' dir='ltr'><strong>δὲ</strong></span> <span class='ocrx_word' id='word_1_16' title='bbox 2711 381 2963 442; x_wconf 80' lang='grc' dir='ltr'>καθόλου,</span> <span class='ocrx_word' id='word_1_17' title='bbox 2998 379 3256 434; x_wconf 80' lang='grc' dir='ltr'>κοινωνία</span> <span class='ocrx_word' id='word_1_18' title='bbox 3286 378 3426 451; x_wconf 64' lang='grc' dir='ltr'>πρὸς</span> <span class='ocrx_word' id='word_1_19' title='bbox 3455 377 3529 432; x_wconf 86' lang='grc' dir='ltr'><strong>τά</strong></span> <span class='ocrx_word' id='word_1_20' title='bbox 3569 383 3722 450; x_wconf 62' lang='grc' dir='ltr'>μέρη</span> 
     </span>
    </p>
   </div>
   <div class='ocr_carea' id='block_1_6' title="bbox 461 472 2035 550">
    <p class='ocr_par' dir='ltr' id='par_1_6' title="bbox 461 472 2035 550">
     <span class='ocr_line' id='line_1_6' title="bbox 461 472 2035 550; baseline -0.01 -9"><span class='ocrx_word' id='word_1_21' title='bbox 461 483 766 541; x_wconf 87' lang='lat' dir='ltr'><strong>municatio</strong></span> <span class='ocrx_word' id='word_1_22' title='bbox 813 481 878 539; x_wconf 85' lang='lat' dir='ltr'><strong>ad</strong></span> <span class='ocrx_word' id='word_1_23' title='bbox 913 477 1286 550; x_wconf 87' lang='lat' dir='ltr'><strong>particularia,</strong></span> <span class='ocrx_word' id='word_1_24' title='bbox 1321 483 1405 531; x_wconf 83' lang='lat' dir='ltr'><strong>est</strong></span> <span class='ocrx_word' id='word_1_25' title='bbox 1439 472 1745 529; x_wconf 88' lang='lat' dir='ltr'><strong>secundum</strong></span> <span class='ocrx_word' id='word_1_26' title='bbox 1794 472 2035 542; x_wconf 86' lang='lat' dir='ltr'><strong>appella-</strong></span> 
     </span>
    </p>
   </div>
   <div class='ocr_carea' id='block_1_7' title="bbox 467 566 2033 643">
    <p class='ocr_par' dir='ltr' id='par_1_7' title="bbox 467 566 2033 643">
     <span class='ocr_line' id='line_1_7' title="bbox 467 566 2033 643; baseline -0.008 -13"><span class='ocrx_word' id='word_1_27' title='bbox 467 575 674 630; x_wconf 83' lang='lat' dir='ltr'><strong>tionem</strong></span> <span class='ocrx_word' id='word_1_28' title='bbox 740 573 884 643; x_wconf 82' lang='lat' dir='ltr'><strong>(sive.</strong></span> <span class='ocrx_word' id='word_1_29' title='bbox 907 567 1372 640; x_wconf 69' lang='lat' dir='ltr'><strong>prsedicationem)</strong></span> <span class='ocrx_word' id='word_1_30' title='bbox 1399 584 1412 620; x_wconf 91' lang='lat'>:</span> <span class='ocrx_word' id='word_1_31' title='bbox 1439 566 1647 621; x_wconf 91' lang='lat' dir='ltr'><strong>idcirco</strong></span> <span class='ocrx_word' id='word_1_32' title='bbox 1668 581 1774 619; x_wconf 90' lang='lat' dir='ltr'><strong>non</strong></span> <span class='ocrx_word' id='word_1_33' title='bbox 1810 579 2033 619; x_wconf 90' lang='lat' dir='ltr'><strong>recusa-</strong></span> 
     </span>
    </p>
   </div>
   <div class='ocr_carea' id='block_1_8' title="bbox 421 653 2032 740">
    <p class='ocr_par' dir='ltr' id='par_1_8' title="bbox 421 653 2032 740">
     <span class='ocr_line' id='line_1_8' title="bbox 421 653 2032 740; baseline -0.008 -19"><span class='ocrx_word' id='word_1_34' title='bbox 421 653 435 740; x_wconf 55' lang='lat'><strong>;</strong></span> <span class='ocrx_word' id='word_1_35' title='bbox 469 681 614 731; x_wconf 90' lang='lat' dir='ltr'><strong>mus,</strong></span> <span class='ocrx_word' id='word_1_36' title='bbox 648 674 708 719; x_wconf 92' lang='lat' dir='ltr'><strong>ut</strong></span> <span class='ocrx_word' id='word_1_37' title='bbox 735 661 866 725; x_wconf 84' lang='lat' dir='ltr'><strong>dixi,</strong></span> <span class='ocrx_word' id='word_1_38' title='bbox 893 659 1252 731; x_wconf 72' lang='lat' dir='ltr'><strong>appellatione</strong></span> <span class='ocrx_word' id='word_1_39' title='bbox 1283 658 1451 713; x_wconf 90' lang='lat' dir='ltr'><strong>totius</strong></span> <span class='ocrx_word' id='word_1_40' title='bbox 1493 657 1769 727; x_wconf 89' lang='lat' dir='ltr'><strong>appellare</strong></span> <span class='ocrx_word' id='word_1_41' title='bbox 1801 665 2032 726; x_wconf 88' lang='lat' dir='ltr'><strong>partem,</strong></span> 
     </span>
    </p>
   </div>
   <div class='ocr_carea' id='block_1_9' title="bbox 403 745 2039 831">
    <p class='ocr_par' dir='ltr' id='par_1_9' title="bbox 403 745 2039 831">
     <span class='ocr_line' id='line_1_9' title="bbox 403 745 2039 831; baseline -0.01 -12"><span class='ocrx_word' id='word_1_42' title='bbox 403 745 596 831; x_wconf 32' lang='lat' dir='ltr'><strong>)Iquia</strong></span> <span class='ocrx_word' id='word_1_43' title='bbox 625 774 728 813; x_wconf 91' lang='lat' dir='ltr'><strong>una</strong></span> <span class='ocrx_word' id='word_1_44' title='bbox 757 767 951 812; x_wconf 86' lang='lat' dir='ltr'><strong>natura</strong></span> <span class='ocrx_word' id='word_1_45' title='bbox 987 763 1160 810; x_wconf 89' lang='lat' dir='ltr'><strong>totum</strong></span> <span class='ocrx_word' id='word_1_46' title='bbox 1207 753 1410 824; x_wconf 84' lang='lat' dir='ltr'><strong>speciei</strong></span> <span class='ocrx_word' id='word_1_47' title='bbox 1448 753 1700 806; x_wconf 82' lang='lat' dir='ltr'><strong>humanae</strong></span> <span class='ocrx_word' id='word_1_48' title='bbox 1740 765 2039 821; x_wconf 64' lang='lat' dir='ltr'><strong>repracsen-</strong></span> 
     </span>
    </p>
   </div>
   <div class='ocr_carea' id='block_1_10' title="bbox 468 840 2040 916">
    <p class='ocr_par' dir='ltr' id='par_1_10' title="bbox 468 840 2040 916">
     <span class='ocr_line' id='line_1_10' title="bbox 468 840 2040 916; baseline -0.004 -15"><span class='ocrx_word' id='word_1_49' title='bbox 468 856 574 911; x_wconf 93' lang='lat' dir='ltr'><strong>tat;</strong></span> <span class='ocrx_word' id='word_1_50' title='bbox 605 846 732 916; x_wconf 83' lang='lat' dir='ltr'><strong>quia</strong></span> <span class='ocrx_word' id='word_1_51' title='bbox 751 843 890 898; x_wconf 85' lang='lat' dir='ltr'><strong>nihil</strong></span> <span class='ocrx_word' id='word_1_52' title='bbox 921 859 1114 898; x_wconf 89' lang='lat' dir='ltr'><strong>eorum</strong></span> <span class='ocrx_word' id='word_1_53' title='bbox 1142 859 1264 913; x_wconf 65' lang='lat' dir='ltr'><strong>quae</strong></span> <span class='ocrx_word' id='word_1_54' title='bbox 1290 843 1394 897; x_wconf 92' lang='lat' dir='ltr'><strong>sub</strong></span> <span class='ocrx_word' id='word_1_55' title='bbox 1422 841 1614 896; x_wconf 87' lang='lat' dir='ltr'><strong>eadem</strong></span> <span class='ocrx_word' id='word_1_56' title='bbox 1644 840 1826 911; x_wconf 90' lang='lat' dir='ltr'><strong>specie</strong></span> <span class='ocrx_word' id='word_1_57' title='bbox 1848 855 2040 894; x_wconf 87' lang='lat' dir='ltr'><strong>nume—</strong></span> 
     </span>
    </p>
   </div>
   <div class='ocr_carea' id='block_1_11' title="bbox 438 933 2040 1003">
    <p class='ocr_par' dir='ltr' id='par_1_11' title="bbox 438 933 2040 1003">
     <span class='ocr_line' id='line_1_11' title="bbox 438 933 2040 1003; baseline -0.003 -12"><span class='ocrx_word' id='word_1_58' title='bbox 438 945 680 1003; x_wconf 90' lang='lat' dir='ltr'><strong>_rantur,</strong></span> <span class='ocrx_word' id='word_1_59' title='bbox 710 943 794 990; x_wconf 89' lang='lat' dir='ltr'><strong>est</strong></span> <span class='ocrx_word' id='word_1_60' title='bbox 824 935 1056 990; x_wconf 83' lang='lat' dir='ltr'><strong>diversae</strong></span> <span class='ocrx_word' id='word_1_61' title='bbox 1091 933 1414 990; x_wconf 77' lang='lat' dir='ltr'><strong>substantiae</strong></span> <span class='ocrx_word' id='word_1_62' title='bbox 1436 951 1450 987; x_wconf 91' lang='lat'>:</span> <span class='ocrx_word' id='word_1_63' title='bbox 1475 933 1620 988; x_wconf 92' lang='lat' dir='ltr'><strong>unde</strong></span> <span class='ocrx_word' id='word_1_64' title='bbox 1647 933 2040 988; x_wconf 84' lang='lat' dir='ltr'><strong>convenienter</strong></span> 
     </span>
    </p>
   </div>
   <div class='ocr_carea' id='block_1_12' title="bbox 466 1011 2037 1098">
    <p class='ocr_par' dir='ltr' id='par_1_12' title="bbox 466 1011 2037 1098">
     <span class='ocr_line' id='line_1_12' title="bbox 466 1011 2037 1098; baseline -0.003 -16"><span class='ocrx_word' id='word_1_65' title='bbox 466 1038 523 1083; x_wconf 85' lang='lat' dir='ltr'><strong>et</strong></span> <span class='ocrx_word' id='word_1_66' title='bbox 569 1011 696 1098; x_wconf 79' lang='lat' dir='ltr'><strong>apte</strong></span> <span class='ocrx_word' id='word_1_67' title='bbox 743 1027 966 1081; x_wconf 89' lang='lat' dir='ltr'><strong>nomine</strong></span> <span class='ocrx_word' id='word_1_68' title='bbox 1005 1026 1314 1090; x_wconf 83' lang='lat' dir='ltr'><strong>communis</strong></span> <span class='ocrx_word' id='word_1_69' title='bbox 1339 1027 1673 1096; x_wconf 88' lang='lat' dir='ltr'><strong>particulare</strong></span> <span class='ocrx_word' id='word_1_70' title='bbox 1699 1026 2037 1079; x_wconf 84' lang='lat' dir='ltr'><strong>nominatur.</strong></span> 
     </span>
    </p>
   </div>
   <div class='ocr_carea' id='block_1_13' title="bbox 440 1115 2040 1188">
    <p class='ocr_par' dir='ltr' id='par_1_13' title="bbox 440 1115 2040 1188">
     <span class='ocr_line' id='line_1_13' title="bbox 440 1115 2040 1188; baseline -0.005 -12"><span class='ocrx_word' id='word_1_71' title='bbox 440 1117 586 1176; x_wconf 79' lang='lat' dir='ltr'><strong>Non</strong></span> <span class='ocrx_word' id='word_1_72' title='bbox 613 1120 760 1175; x_wconf 89' lang='lat' dir='ltr'><strong>enim</strong></span> <span class='ocrx_word' id='word_1_73' title='bbox 796 1118 1026 1188; x_wconf 89' lang='lat' dir='ltr'><strong>reperiri</strong></span> <span class='ocrx_word' id='word_1_74' title='bbox 1059 1126 1238 1187; x_wconf 87' lang='lat' dir='ltr'><strong>potest</strong></span> <span class='ocrx_word' id='word_1_75' title='bbox 1267 1117 1467 1187; x_wconf 87' lang='lat' dir='ltr'><strong>aliquis</strong></span> <span class='ocrx_word' id='word_1_76' title='bbox 1492 1117 1677 1180; x_wconf 90' lang='lat' dir='ltr'><strong>homo,</strong></span> <span class='ocrx_word' id='word_1_77' title='bbox 1707 1116 1800 1186; x_wconf 85' lang='lat' dir='ltr'><strong>qui</strong></span> <span class='ocrx_word' id='word_1_78' title='bbox 1850 1116 1922 1170; x_wconf 88' lang='lat' dir='ltr'><strong>sit</strong></span> <span class='ocrx_word' id='word_1_79' title='bbox 1953 1115 2040 1170; x_wconf 88' lang='lat' dir='ltr'><strong>di-</strong></span> 
     </span>
    </p>
   </div>
   <div class='ocr_carea' id='block_1_14' title="bbox 457 1205 2040 1278">
    <p class='ocr_par' dir='ltr' id='par_1_14' title="bbox 457 1205 2040 1278">
     <span class='ocr_line' id='line_1_14' title="bbox 457 1205 2040 1278; baseline -0.003 -14"><span class='ocrx_word' id='word_1_80' title='bbox 457 1226 628 1266; x_wconf 60' lang='lat' dir='ltr'><strong>versa</strong></span> <span class='ocrx_word' id='word_1_81' title='bbox 693 1209 876 1278; x_wconf 84' lang='lat' dir='ltr'><strong>specie</strong></span> <span class='ocrx_word' id='word_1_82' title='bbox 939 1208 1008 1262; x_wconf 89' lang='lat' dir='ltr'><strong>ab</strong></span> <span class='ocrx_word' id='word_1_83' title='bbox 1058 1206 1283 1266; x_wconf 85' lang='lat' dir='ltr'><strong>homine</strong></span> <span class='ocrx_word' id='word_1_84' title='bbox 1339 1206 1685 1261; x_wconf 77' lang='lat' dir='ltr'><strong>universali:</strong></span> <span class='ocrx_word' id='word_1_85' title='bbox 1737 1206 1792 1260; x_wconf 92' lang='lat' dir='ltr'><strong>in</strong></span> <span class='ocrx_word' id='word_1_86' title='bbox 1819 1205 2040 1260; x_wconf 86' lang='lat' dir='ltr'><strong>Christo</strong></span> 
     </span>
    </p>
   </div>
   <div class='ocr_carea' id='block_1_15' title="bbox 463 1297 2038 1371">
    <p class='ocr_par' dir='ltr' id='par_1_15' title="bbox 463 1297 2038 1371">
     <span class='ocr_line' id='line_1_15' title="bbox 463 1297 2038 1371; baseline -0.004 -15"><span class='ocrx_word' id='word_1_87' title='bbox 463 1312 651 1356; x_wconf 87' lang='lat' dir='ltr'><strong>autem</strong></span> <span class='ocrx_word' id='word_1_88' title='bbox 691 1299 1006 1371; x_wconf 69' lang='lat' dir='ltr'><strong>huiusmodi</strong></span> <span class='ocrx_word' id='word_1_89' title='bbox 1050 1299 1187 1353; x_wconf 87' lang='lat' dir='ltr'><strong>ordo</strong></span> <span class='ocrx_word' id='word_1_90' title='bbox 1235 1297 1578 1352; x_wconf 87' lang='lat' dir='ltr'><strong>habitudinis</strong></span> <span class='ocrx_word' id='word_1_91' title='bbox 1603 1311 1714 1352; x_wconf 90' lang='lat' dir='ltr'><strong>non</strong></span> <span class='ocrx_word' id='word_1_92' title='bbox 1741 1298 2038 1367; x_wconf 90' lang='lat' dir='ltr'><strong>reperitur,</strong></span> 
     </span>
    </p>
   </div>
   <div class='ocr_carea' id='block_1_16' title="bbox 469 1387 2042 1458">
    <p class='ocr_par' dir='ltr' id='par_1_16' title="bbox 469 1387 2042 1458">
     <span class='ocr_line' id='line_1_16' title="bbox 469 1387 2042 1458; baseline -0.001 -14"><span class='ocrx_word' id='word_1_93' title='bbox 469 1405 595 1444; x_wconf 88' lang='lat' dir='ltr'><strong>cum</strong></span> <span class='ocrx_word' id='word_1_94' title='bbox 629 1404 739 1443; x_wconf 92' lang='lat' dir='ltr'><strong>non</strong></span> <span class='ocrx_word' id='word_1_95' title='bbox 773 1388 846 1443; x_wconf 89' lang='lat' dir='ltr'><strong>sit</strong></span> <span class='ocrx_word' id='word_1_96' title='bbox 889 1388 1101 1458; x_wconf 76' lang='lat' dir='ltr'><strong>species</strong></span> <span class='ocrx_word' id='word_1_97' title='bbox 1130 1387 1496 1450; x_wconf 83' lang='lat' dir='ltr'><strong>Christorum,</strong></span> <span class='ocrx_word' id='word_1_98' title='bbox 1529 1389 1674 1442; x_wconf 89' lang='lat' dir='ltr'><strong>sicut</strong></span> <span class='ocrx_word' id='word_1_99' title='bbox 1710 1397 1794 1443; x_wconf 90' lang='lat' dir='ltr'><strong>est</strong></span> <span class='ocrx_word' id='word_1_100' title='bbox 1827 1389 2042 1457; x_wconf 86' lang='lat' dir='ltr'><strong>species</strong></span> 
     </span>
    </p>
   </div>
   <div class='ocr_carea' id='block_1_17' title="bbox 469 1477 2042 1548">
    <p class='ocr_par' dir='ltr' id='par_1_17' title="bbox 469 1477 2042 1548">
     <span class='ocr_line' id='line_1_17' title="bbox 469 1477 2042 1548; baseline -0.003 -12"><span class='ocrx_word' id='word_1_101' title='bbox 469 1482 779 1544; x_wconf 82' lang='lat' dir='ltr'><strong>hominum,</strong></span> <span class='ocrx_word' id='word_1_102' title='bbox 807 1488 868 1534; x_wconf 93' lang='lat' dir='ltr'><strong>ut</strong></span> <span class='ocrx_word' id='word_1_103' title='bbox 891 1495 958 1534; x_wconf 80' lang='lat' dir='ltr'><strong>ex</strong></span> <span class='ocrx_word' id='word_1_104' title='bbox 986 1480 1071 1534; x_wconf 88' lang='lat' dir='ltr'><strong>his</strong></span> <span class='ocrx_word' id='word_1_105' title='bbox 1097 1479 1333 1535; x_wconf 88' lang='lat' dir='ltr'><strong>Christis</strong></span> <span class='ocrx_word' id='word_1_106' title='bbox 1364 1494 1509 1532; x_wconf 88' lang='lat' dir='ltr'><strong>unus</strong></span> <span class='ocrx_word' id='word_1_107' title='bbox 1540 1486 1798 1548; x_wconf 84' lang='lat' dir='ltr'><strong>tanquam</strong></span> <span class='ocrx_word' id='word_1_108' title='bbox 1821 1477 2042 1548; x_wconf 88' lang='lat' dir='ltr'><strong>proprie</strong></span> 
     </span>
    </p>
   </div>
   <div class='ocr_carea' id='block_1_18' title="bbox 471 1569 2042 1642">
    <p class='ocr_par' dir='ltr' id='par_1_18' title="bbox 471 1569 2042 1642">
     <span class='ocr_line' id='line_1_18' title="bbox 471 1569 2042 1642; baseline -0.003 -16"><span class='ocrx_word' id='word_1_109' title='bbox 471 1571 878 1642; x_wconf 89' lang='lat' dir='ltr'><strong>quodammodo</strong></span> <span class='ocrx_word' id='word_1_110' title='bbox 930 1578 1156 1640; x_wconf 83' lang='lat' dir='ltr'><strong>pmpter</strong></span> <span class='ocrx_word' id='word_1_111' title='bbox 1188 1569 1554 1624; x_wconf 88' lang='lat' dir='ltr'><strong>universalem</strong></span> <span class='ocrx_word' id='word_1_112' title='bbox 1599 1578 1654 1624; x_wconf 89' lang='lat' dir='ltr'><strong>et</strong></span> <span class='ocrx_word' id='word_1_113' title='bbox 1696 1583 2042 1624; x_wconf 84' lang='lat' dir='ltr'><strong>communem</strong></span> 
     </span>
    </p>
   </div>
   <div class='ocr_carea' id='block_1_19' title="bbox 471 1662 2046 1731">
    <p class='ocr_par' dir='ltr' id='par_1_19' title="bbox 471 1662 2046 1731">
     <span class='ocr_line' id='line_1_19' title="bbox 471 1662 2046 1731; baseline -0.001 -13"><span class='ocrx_word' id='word_1_114' title='bbox 471 1663 754 1718; x_wconf 87' lang='lat' dir='ltr'><strong>Christum</strong></span> <span class='ocrx_word' id='word_1_115' title='bbox 779 1662 1036 1718; x_wconf 86' lang='lat' dir='ltr'><strong>Christus</strong></span> <span class='ocrx_word' id='word_1_116' title='bbox 1080 1663 1195 1731; x_wconf 90' lang='lat' dir='ltr'><strong>ipse</strong></span> <span class='ocrx_word' id='word_1_117' title='bbox 1241 1662 1576 1727; x_wconf 88' lang='lat' dir='ltr'><strong>nominatus,</strong></span> <span class='ocrx_word' id='word_1_118' title='bbox 1605 1676 1710 1715; x_wconf 90' lang='lat' dir='ltr'><strong>una</strong></span> <span class='ocrx_word' id='word_1_119' title='bbox 1741 1669 1934 1715; x_wconf 86' lang='lat' dir='ltr'><strong>natura</strong></span> <span class='ocrx_word' id='word_1_120' title='bbox 1962 1662 2046 1716; x_wconf 83' lang='lat' dir='ltr'><strong>di-</strong></span> 
     </span>
    </p>
   </div>
   <div class='ocr_carea' id='block_1_20' title="bbox 472 1731 2118 1822">
    <p class='ocr_par' dir='ltr' id='par_1_20' title="bbox 472 1731 2118 1822">
     <span class='ocr_line' id='line_1_20' title="bbox 472 1731 2118 1822; baseline -0.001 -13"><span class='ocrx_word' id='word_1_121' title='bbox 472 1763 630 1810; x_wconf 86' lang='lat' dir='ltr'><strong>catur</strong></span> <span class='ocrx_word' id='word_1_122' title='bbox 659 1755 728 1809; x_wconf 91' lang='lat' dir='ltr'><strong>ad</strong></span> <span class='ocrx_word' id='word_1_123' title='bbox 759 1754 904 1818; x_wconf 87' lang='lat' dir='ltr'><strong>illos,</strong></span> <span class='ocrx_word' id='word_1_124' title='bbox 935 1761 993 1808; x_wconf 91' lang='lat' dir='ltr'><strong>et</strong></span> <span class='ocrx_word' id='word_1_125' title='bbox 1019 1753 1087 1807; x_wconf 88' lang='lat' dir='ltr'><strong>ab</strong></span> <span class='ocrx_word' id='word_1_126' title='bbox 1121 1753 1258 1820; x_wconf 91' lang='lat' dir='ltr'><strong>illis;</strong></span> <span class='ocrx_word' id='word_1_127' title='bbox 1293 1761 1352 1807; x_wconf 92' lang='lat' dir='ltr'><strong>ut</strong></span> <span class='ocrx_word' id='word_1_128' title='bbox 1377 1753 1557 1822; x_wconf 90' lang='lat' dir='ltr'><strong>ipsum</strong></span> <span class='ocrx_word' id='word_1_129' title='bbox 1581 1759 1638 1806; x_wconf 87' lang='lat' dir='ltr'><strong>et</strong></span> <span class='ocrx_word' id='word_1_130' title='bbox 1670 1767 1836 1806; x_wconf 91' lang='lat' dir='ltr'><strong>unam</strong></span> <span class='ocrx_word' id='word_1_131' title='bbox 1878 1759 2043 1807; x_wconf 90' lang='lat' dir='ltr'><strong>natu-</strong></span> <span class='ocrx_word' id='word_1_132' title='bbox 2078 1731 2118 1786; x_wconf 71' lang='grc' dir='ltr'><strong>Β</strong></span> 
     </span>
    </p>
   </div>
   <div class='ocr_carea' id='block_1_21' title="bbox 475 1843 2042 1912">
    <p class='ocr_par' dir='ltr' id='par_1_21' title="bbox 475 1843 2042 1912">
     <span class='ocr_line' id='line_1_21' title="bbox 475 1843 2042 1912; baseline -0.002 -13"><span class='ocrx_word' id='word_1_133' title='bbox 475 1861 614 1910; x_wconf 84' lang='lat' dir='ltr'><strong>ram,</strong></span> <span class='ocrx_word' id='word_1_134' title='bbox 663 1852 720 1899; x_wconf 89' lang='lat' dir='ltr'><strong>et</strong></span> <span class='ocrx_word' id='word_1_135' title='bbox 767 1843 906 1899; x_wconf 89' lang='lat' dir='ltr'><strong>duas</strong></span> <span class='ocrx_word' id='word_1_136' title='bbox 955 1858 1249 1908; x_wconf 85' lang='lat' dir='ltr'><strong>vocemus;</strong></span> <span class='ocrx_word' id='word_1_137' title='bbox 1278 1859 1440 1898; x_wconf 88' lang='lat' dir='ltr'><strong>unam</strong></span> <span class='ocrx_word' id='word_1_138' title='bbox 1471 1843 1694 1912; x_wconf 83' lang='lat' dir='ltr'><strong>quidem</strong></span> <span class='ocrx_word' id='word_1_139' title='bbox 1728 1843 2042 1908; x_wconf 84' lang='lat' dir='ltr'><strong>habentem,</strong></span> 
     </span>
    </p>
   </div>
   <div class='ocr_carea' id='block_1_22' title="bbox 474 1933 2047 2006">
    <p class='ocr_par' dir='ltr' id='par_1_22' title="bbox 474 1933 2047 2006">
     <span class='ocr_line' id='line_1_22' title="bbox 474 1933 2047 2006; baseline -0.003 -16"><span class='ocrx_word' id='word_1_140' title='bbox 474 1943 703 2006; x_wconf 82' lang='lat' dir='ltr'><strong>prapter</strong></span> <span class='ocrx_word' id='word_1_141' title='bbox 726 1933 1174 1990; x_wconf 87' lang='lat' dir='ltr'><strong>communitatem</strong></span> <span class='ocrx_word' id='word_1_142' title='bbox 1202 1943 1444 1999; x_wconf 70' lang='lat' dir='ltr'><strong>naturae;</strong></span> <span class='ocrx_word' id='word_1_143' title='bbox 1464 1933 1607 1990; x_wconf 87' lang='lat' dir='ltr'><strong>duas</strong></span> <span class='ocrx_word' id='word_1_144' title='bbox 1634 1948 1788 1998; x_wconf 88' lang='lat' dir='ltr'><strong>vero,</strong></span> <span class='ocrx_word' id='word_1_145' title='bbox 1820 1941 2047 2004; x_wconf 86' lang='lat' dir='ltr'><strong>propter</strong></span> 
     </span>
    </p>
   </div>
   <div class='ocr_carea' id='block_1_23' title="bbox 478 2023 2047 2098">
    <p class='ocr_par' dir='ltr' id='par_1_23' title="bbox 478 2023 2047 2098">
     <span class='ocr_line' id='line_1_23' title="bbox 478 2023 2047 2098; baseline -0.002 -17"><span class='ocrx_word' id='word_1_146' title='bbox 478 2035 664 2098; x_wconf 85' lang='lat' dir='ltr'><strong>partes</strong></span> <span class='ocrx_word' id='word_1_147' title='bbox 719 2029 860 2098; x_wconf 85' lang='lat' dir='ltr'><strong>ejus,</strong></span> <span class='ocrx_word' id='word_1_148' title='bbox 902 2025 1046 2081; x_wconf 88' lang='lat' dir='ltr'><strong>sicut</strong></span> <span class='ocrx_word' id='word_1_149' title='bbox 1091 2025 1147 2079; x_wconf 92' lang='lat' dir='ltr'><strong>in</strong></span> <span class='ocrx_word' id='word_1_150' title='bbox 1199 2023 1364 2080; x_wconf 87' lang='lat' dir='ltr'><strong>nobis</strong></span> <span class='ocrx_word' id='word_1_151' title='bbox 1399 2024 1668 2082; x_wconf 90' lang='lat' dir='ltr'><strong>cernitur.</strong></span> <span class='ocrx_word' id='word_1_152' title='bbox 1713 2023 1852 2080; x_wconf 82' lang='lat' dir='ltr'><strong>Cum</strong></span> <span class='ocrx_word' id='word_1_153' title='bbox 1897 2023 2047 2079; x_wconf 86' lang='lat' dir='ltr'><strong>enim</strong></span> 
     </span>
    </p>
   </div>
   <div class='ocr_carea' id='block_1_24' title="bbox 479 2115 2049 2188">
    <p class='ocr_par' dir='ltr' id='par_1_24' title="bbox 479 2115 2049 2188">
     <span class='ocr_line' id='line_1_24' title="bbox 479 2115 2049 2188; baseline -0.002 -15"><span class='ocrx_word' id='word_1_154' title='bbox 479 2134 643 2175; x_wconf 84' lang='lat' dir='ltr'><strong>causa</strong></span> <span class='ocrx_word' id='word_1_155' title='bbox 677 2134 800 2188; x_wconf 64' lang='lat' dir='ltr'><strong>quas</strong></span> <span class='ocrx_word' id='word_1_156' title='bbox 840 2119 894 2173; x_wconf 90' lang='lat' dir='ltr'><strong>in</strong></span> <span class='ocrx_word' id='word_1_157' title='bbox 926 2117 1086 2174; x_wconf 90' lang='lat' dir='ltr'><strong>nobis</strong></span> <span class='ocrx_word' id='word_1_158' title='bbox 1103 2127 1209 2180; x_wconf 89' lang='lat' dir='ltr'><strong>est,</strong></span> <span class='ocrx_word' id='word_1_159' title='bbox 1229 2131 1339 2170; x_wconf 91' lang='lat' dir='ltr'><strong>non</strong></span> <span class='ocrx_word' id='word_1_160' title='bbox 1365 2117 1673 2186; x_wconf 82' lang='lat' dir='ltr'><strong>reperiatur</strong></span> <span class='ocrx_word' id='word_1_161' title='bbox 1695 2117 1767 2171; x_wconf 85' lang='lat' dir='ltr'><strong>ab</strong></span> <span class='ocrx_word' id='word_1_162' title='bbox 1789 2117 1884 2172; x_wconf 93' lang='lat' dir='ltr'><strong>illo</strong></span> <span class='ocrx_word' id='word_1_163' title='bbox 1901 2115 2049 2186; x_wconf 88' lang='lat' dir='ltr'><strong>quod</strong></span> 
     </span>
    </p>
   </div>
   <div class='ocr_carea' id='block_1_25' title="bbox 481 2205 2049 2279">
    <p class='ocr_par' dir='ltr' id='par_1_25' title="bbox 481 2205 2049 2279">
     <span class='ocr_line' id='line_1_25' title="bbox 481 2205 2049 2279; baseline -0.003 -15"><span class='ocrx_word' id='word_1_164' title='bbox 481 2213 538 2264; x_wconf 88' lang='lat' dir='ltr'><strong>in</strong></span> <span class='ocrx_word' id='word_1_165' title='bbox 576 2209 739 2264; x_wconf 91' lang='lat' dir='ltr'><strong>nobis</strong></span> <span class='ocrx_word' id='word_1_166' title='bbox 771 2209 992 2279; x_wconf 86' lang='lat' dir='ltr'><strong>proprie</strong></span> <span class='ocrx_word' id='word_1_167' title='bbox 1017 2216 1073 2263; x_wconf 90' lang='lat' dir='ltr'><strong>et</strong></span> <span class='ocrx_word' id='word_1_168' title='bbox 1099 2216 1225 2278; x_wconf 90' lang='lat' dir='ltr'><strong>apte</strong></span> <span class='ocrx_word' id='word_1_169' title='bbox 1257 2207 1484 2270; x_wconf 89' lang='lat' dir='ltr'><strong>dicitur,</strong></span> <span class='ocrx_word' id='word_1_170' title='bbox 1517 2205 1584 2260; x_wconf 91' lang='lat' dir='ltr'><strong>ad</strong></span> <span class='ocrx_word' id='word_1_171' title='bbox 1617 2205 1773 2261; x_wconf 89' lang='lat' dir='ltr'><strong>illum</strong></span> <span class='ocrx_word' id='word_1_172' title='bbox 1803 2221 1913 2260; x_wconf 90' lang='lat' dir='ltr'><strong>non</strong></span> <span class='ocrx_word' id='word_1_173' title='bbox 1948 2221 2049 2275; x_wconf 92' lang='lat' dir='ltr'><strong>po-</strong></span> 
     </span>
    </p>
   </div>
   <div class='ocr_carea' id='block_1_26' title="bbox 479 2299 2052 2370">
    <p class='ocr_par' dir='ltr' id='par_1_26' title="bbox 479 2299 2052 2370">
     <span class='ocr_line' id='line_1_26' title="bbox 479 2299 2052 2370; baseline -0.001 -14"><span class='ocrx_word' id='word_1_174' title='bbox 479 2309 590 2357; x_wconf 89' lang='lat' dir='ltr'><strong>test</strong></span> <span class='ocrx_word' id='word_1_175' title='bbox 632 2301 940 2356; x_wconf 83' lang='lat' dir='ltr'><strong>transferri.</strong></span> <span class='ocrx_word' id='word_1_176' title='bbox 971 2299 1318 2366; x_wconf 77' lang='lat' dir='ltr'><strong>Manifestum</strong></span> <span class='ocrx_word' id='word_1_177' title='bbox 1353 2307 1540 2354; x_wconf 89' lang='lat' dir='ltr'><strong>autem</strong></span> <span class='ocrx_word' id='word_1_178' title='bbox 1586 2307 1673 2354; x_wconf 91' lang='lat' dir='ltr'><strong>est</strong></span> <span class='ocrx_word' id='word_1_179' title='bbox 1719 2299 1830 2364; x_wconf 88' lang='lat' dir='ltr'><strong>hic,</strong></span> <span class='ocrx_word' id='word_1_180' title='bbox 1877 2314 2052 2370; x_wconf 87' lang='lat' dir='ltr'><strong>quare</strong></span> 
     </span>
    </p>
   </div>
   <div class='ocr_carea' id='block_1_27' title="bbox 481 2389 2050 2463">
    <p class='ocr_par' dir='ltr' id='par_1_27' title="bbox 481 2389 2050 2463">
     <span class='ocr_line' id='line_1_27' title="bbox 481 2389 2050 2463; baseline -0.001 -17"><span class='ocrx_word' id='word_1_181' title='bbox 481 2393 648 2446; x_wconf 88' lang='lat' dir='ltr'><strong>homo</strong></span> <span class='ocrx_word' id='word_1_182' title='bbox 679 2391 882 2446; x_wconf 92' lang='lat' dir='ltr'><strong>dicitur</strong></span> <span class='ocrx_word' id='word_1_183' title='bbox 919 2405 1048 2454; x_wconf 87' lang='lat' dir='ltr'><strong>una,</strong></span> <span class='ocrx_word' id='word_1_184' title='bbox 1081 2399 1137 2444; x_wconf 89' lang='lat' dir='ltr'><strong>et</strong></span> <span class='ocrx_word' id='word_1_185' title='bbox 1171 2389 1293 2445; x_wconf 68' lang='lat' dir='ltr'><strong>duae</strong></span> <span class='ocrx_word' id='word_1_186' title='bbox 1319 2397 1551 2445; x_wconf 54' lang='lat' dir='ltr'><strong>natura}.</strong></span> <span class='ocrx_word' id='word_1_187' title='bbox 1585 2389 1760 2463; x_wconf 85' lang='lat' dir='ltr'><strong>Unam</strong></span> <span class='ocrx_word' id='word_1_188' title='bbox 1796 2399 2050 2444; x_wconf 82' lang='lat' dir='ltr'><strong>naturam</strong></span> 
     </span>
    </p>
   </div>
   <div class='ocr_carea' id='block_1_28' title="bbox 481 2481 2053 2553">
    <p class='ocr_par' dir='ltr' id='par_1_28' title="bbox 481 2481 2053 2553">
     <span class='ocr_line' id='line_1_28' title="bbox 481 2481 2053 2553; baseline -0.002 -14"><span class='ocrx_word' id='word_1_189' title='bbox 481 2484 653 2540; x_wconf 84' lang='lat' dir='ltr'><strong>habet</strong></span> <span class='ocrx_word' id='word_1_190' title='bbox 715 2491 942 2553; x_wconf 88' lang='lat' dir='ltr'><strong>propter</strong></span> <span class='ocrx_word' id='word_1_191' title='bbox 1003 2481 1558 2538; x_wconf 85' lang='lat' dir='ltr'><strong>communicationem</strong></span> <span class='ocrx_word' id='word_1_192' title='bbox 1617 2481 1856 2551; x_wconf 87' lang='lat' dir='ltr'><strong>speciei;</strong></span> <span class='ocrx_word' id='word_1_193' title='bbox 1914 2481 2053 2536; x_wconf 85' lang='lat' dir='ltr'><strong>duas</strong></span> 
     </span>
    </p>
   </div>
   <div class='ocr_carea' id='block_1_29' title="bbox 417 2571 2053 2650">
    <p class='ocr_par' dir='ltr' id='par_1_29' title="bbox 417 2571 2053 2650">
     <span class='ocr_line' id='line_1_29' title="bbox 417 2571 2053 2650; baseline -0.004 -20"><span class='ocrx_word' id='word_1_194' title='bbox 417 2641 426 2650; x_wconf 85' lang='lat'>_</span> <span class='ocrx_word' id='word_1_195' title='bbox 482 2590 620 2630; x_wconf 88' lang='lat' dir='ltr'><strong>vero</strong></span> <span class='ocrx_word' id='word_1_196' title='bbox 643 2583 871 2644; x_wconf 79' lang='lat' dir='ltr'><strong>propter</strong></span> <span class='ocrx_word' id='word_1_197' title='bbox 898 2581 1238 2642; x_wconf 72' lang='lat' dir='ltr'><strong>partes,quae</strong></span> <span class='ocrx_word' id='word_1_198' title='bbox 1254 2587 1364 2626; x_wconf 91' lang='lat' dir='ltr'><strong>non</strong></span> <span class='ocrx_word' id='word_1_199' title='bbox 1394 2579 1524 2626; x_wconf 90' lang='lat' dir='ltr'><strong>sunt</strong></span> <span class='ocrx_word' id='word_1_200' title='bbox 1551 2571 1726 2626; x_wconf 81' lang='lat' dir='ltr'><strong>altera</strong></span> <span class='ocrx_word' id='word_1_201' title='bbox 1745 2571 1801 2625; x_wconf 89' lang='lat' dir='ltr'><strong>in</strong></span> <span class='ocrx_word' id='word_1_202' title='bbox 1825 2571 2053 2625; x_wconf 86' lang='lat' dir='ltr'><strong>alteram</strong></span> 
     </span>
    </p>
   </div>
   <div class='ocr_carea' id='block_1_30' title="bbox 483 2661 2057 2732">
    <p class='ocr_par' dir='ltr' id='par_1_30' title="bbox 483 2661 2057 2732">
     <span class='ocr_line' id='line_1_30' title="bbox 483 2661 2057 2732; baseline -0.004 -10"><span class='ocrx_word' id='word_1_203' title='bbox 483 2665 805 2722; x_wconf 68' lang='lat' dir='ltr'><strong>mutataeJn</strong></span> <span class='ocrx_word' id='word_1_204' title='bbox 831 2663 1052 2720; x_wconf 86' lang='lat' dir='ltr'><strong>Christo</strong></span> <span class='ocrx_word' id='word_1_205' title='bbox 1083 2673 1268 2718; x_wconf 90' lang='lat' dir='ltr'><strong>autem</strong></span> <span class='ocrx_word' id='word_1_206' title='bbox 1290 2678 1415 2717; x_wconf 90' lang='lat' dir='ltr'><strong>cum</strong></span> <span class='ocrx_word' id='word_1_207' title='bbox 1441 2677 1551 2717; x_wconf 90' lang='lat' dir='ltr'><strong>non</strong></span> <span class='ocrx_word' id='word_1_208' title='bbox 1576 2663 1648 2716; x_wconf 88' lang='lat' dir='ltr'><strong>sit</strong></span> <span class='ocrx_word' id='word_1_209' title='bbox 1670 2661 2057 2732; x_wconf 88' lang='lat' dir='ltr'><strong>speeies,quo-</strong></span> 
     </span>
    </p>
   </div>
   <div class='ocr_carea' id='block_1_31' title="bbox 455 2745 2054 2820">
    <p class='ocr_par' dir='ltr' id='par_1_31' title="bbox 455 2745 2054 2820">
     <span class='ocr_line' id='line_1_31' title="bbox 455 2745 2054 2820; baseline -0.008 -8"><span class='ocrx_word' id='word_1_210' title='bbox 455 2755 650 2812; x_wconf 87' lang='lat' dir='ltr'><strong>.modo</strong></span> <span class='ocrx_word' id='word_1_211' title='bbox 699 2753 820 2809; x_wconf 71' lang='lat' dir='ltr'><strong>duae</strong></span> <span class='ocrx_word' id='word_1_212' title='bbox 873 2759 1085 2806; x_wconf 68' lang='lat' dir='ltr'><strong>naturae</strong></span> <span class='ocrx_word' id='word_1_213' title='bbox 1126 2749 1235 2804; x_wconf 92' lang='lat' dir='ltr'><strong>dici</strong></span> <span class='ocrx_word' id='word_1_214' title='bbox 1275 2757 1508 2820; x_wconf 90' lang='lat' dir='ltr'><strong>possunt</strong></span> <span class='ocrx_word' id='word_1_215' title='bbox 1540 2748 1683 2803; x_wconf 85' lang='lat' dir='ltr'><strong>una?</strong></span> <span class='ocrx_word' id='word_1_216' title='bbox 1749 2757 1862 2802; x_wconf 87' lang='lat' dir='ltr'><strong>tres</strong></span> <span class='ocrx_word' id='word_1_217' title='bbox 1905 2745 2054 2802; x_wconf 87' lang='lat' dir='ltr'><strong>enim</strong></span> 
     </span>
    </p>
   </div>
   <div class='ocr_carea' id='block_1_32' title="bbox 449 2831 2054 2912">
    <p class='ocr_par' dir='ltr' id='par_1_32' title="bbox 449 2831 2054 2912">
     <span class='ocr_line' id='line_1_32' title="bbox 449 2831 2054 2912; baseline -0.006 -11"><span class='ocrx_word' id='word_1_218' title='bbox 449 2854 699 2901; x_wconf 82' lang='lat' dir='ltr'><strong>-tantum</strong></span> <span class='ocrx_word' id='word_1_219' title='bbox 731 2843 922 2899; x_wconf 91' lang='lat' dir='ltr'><strong>modos</strong></span> <span class='ocrx_word' id='word_1_220' title='bbox 963 2841 1290 2912; x_wconf 91' lang='lat' dir='ltr'><strong>reperimus,</strong></span> <span class='ocrx_word' id='word_1_221' title='bbox 1317 2831 1520 2911; x_wconf 79' lang='lat' dir='ltr'><strong>quibus</strong></span> <span class='ocrx_word' id='word_1_222' title='bbox 1560 2838 1768 2908; x_wconf 88' lang='lat' dir='ltr'><strong>aliquid</strong></span> <span class='ocrx_word' id='word_1_223' title='bbox 1803 2853 1911 2892; x_wconf 89' lang='lat' dir='ltr'><strong>una</strong></span> <span class='ocrx_word' id='word_1_224' title='bbox 1952 2853 2054 2892; x_wconf 66' lang='grc' dir='ltr'>ηαρ-</span> 
     </span>
    </p>
   </div>
   <div class='ocr_carea' id='block_1_33' title="bbox 447 2928 2054 3002">
    <p class='ocr_par' dir='ltr' id='par_1_33' title="bbox 447 2928 2054 3002">
     <span class='ocr_line' id='line_1_33' title="bbox 447 2928 2054 3002; baseline -0.009 -6"><span class='ocrx_word' id='word_1_225' title='bbox 447 2983 462 2996; x_wconf 76' lang='lat'><strong>.</strong></span> <span class='ocrx_word' id='word_1_226' title='bbox 485 2947 612 2993; x_wconf 88' lang='lat' dir='ltr'><strong>tura</strong></span> <span class='ocrx_word' id='word_1_227' title='bbox 641 2935 848 2991; x_wconf 86' lang='lat' dir='ltr'><strong>dicitur</strong></span> <span class='ocrx_word' id='word_1_228' title='bbox 879 2949 894 2987; x_wconf 89' lang='lat'><strong>:</strong></span> <span class='ocrx_word' id='word_1_229' title='bbox 928 2941 1024 2987; x_wconf 91' lang='lat' dir='ltr'><strong>aut</strong></span> <span class='ocrx_word' id='word_1_230' title='bbox 1051 2931 1179 3002; x_wconf 89' lang='lat' dir='ltr'><strong>quia</strong></span> <span class='ocrx_word' id='word_1_231' title='bbox 1210 2940 1295 2986; x_wconf 88' lang='lat' dir='ltr'><strong>est</strong></span> <span class='ocrx_word' id='word_1_232' title='bbox 1319 2931 1562 3002; x_wconf 85' lang='lat' dir='ltr'><strong>species;</strong></span> <span class='ocrx_word' id='word_1_233' title='bbox 1591 2937 1688 2983; x_wconf 91' lang='lat' dir='ltr'><strong>aut</strong></span> <span class='ocrx_word' id='word_1_234' title='bbox 1715 2928 1847 2999; x_wconf 84' lang='lat' dir='ltr'><strong>quia</strong></span> <span class='ocrx_word' id='word_1_235' title='bbox 1880 2928 2054 2998; x_wconf 86' lang='lat' dir='ltr'><strong>parti-</strong></span> 
     </span>
    </p>
   </div>
   <div class='ocr_carea' id='block_1_34' title="bbox 2134 470 3723 544">
    <p class='ocr_par' dir='ltr' id='par_1_34' title="bbox 2134 470 3723 544">
     <span class='ocr_line' id='line_1_34' title="bbox 2134 470 3723 544; baseline -0.004 -16"><span class='ocrx_word' id='word_1_236' title='bbox 2134 475 2276 528; x_wconf 70' lang='lat' dir='ltr'><strong>xarlt</strong></span> <span class='ocrx_word' id='word_1_237' title='bbox 2303 475 2400 544; x_wconf 75' lang='grc' dir='ltr'><strong>τὴν</strong></span> <span class='ocrx_word' id='word_1_238' title='bbox 2430 473 2621 544; x_wconf 79' lang='grc' dir='ltr'>κλῆσιν</span> <span class='ocrx_word' id='word_1_239' title='bbox 2648 489 2661 503; x_wconf 88' lang='grc'><strong>·</strong></span> <span class='ocrx_word' id='word_1_240' title='bbox 2696 475 2762 543; x_wconf 83' lang='grc' dir='ltr'>τῇ</span> <span class='ocrx_word' id='word_1_241' title='bbox 2793 471 2891 526; x_wconf 79' lang='grc' dir='ltr'>τοῦ</span> <span class='ocrx_word' id='word_1_242' title='bbox 2915 471 3038 524; x_wconf 72' lang='grc' dir='ltr'>ὅλου</span> <span class='ocrx_word' id='word_1_243' title='bbox 3067 470 3420 543; x_wconf 69' lang='grc' dir='ltr'><strong>προσηγορίᾳ</strong></span> <span class='ocrx_word' id='word_1_244' title='bbox 3450 471 3510 522; x_wconf 79' lang='grc' dir='ltr'><strong>τὸ</strong></span> <span class='ocrx_word' id='word_1_245' title='bbox 3545 471 3723 540; x_wconf 69' lang='grc' dir='ltr'>μέρος</span> 
     </span>
    </p>
   </div>
   <div class='ocr_carea' id='block_1_35' title="bbox 2134 560 3727 635">
    <p class='ocr_par' dir='ltr' id='par_1_35' title="bbox 2134 560 3727 635">
     <span class='ocr_line' id='line_1_35' title="bbox 2134 560 3727 635; baseline -0.006 -14"><span class='ocrx_word' id='word_1_246' title='bbox 2134 567 2342 631; x_wconf 78' lang='grc' dir='ltr'>καλεῖν,</span> <span class='ocrx_word' id='word_1_247' title='bbox 2379 566 2452 628; x_wconf 84' lang='grc' dir='ltr'><strong>ὡς</strong></span> <span class='ocrx_word' id='word_1_248' title='bbox 2486 566 2645 635; x_wconf 70' lang='grc' dir='ltr'>ἔφην,</span> <span class='ocrx_word' id='word_1_249' title='bbox 2673 564 2734 618; x_wconf 82' lang='grc' dir='ltr'>ού</span> <span class='ocrx_word' id='word_1_250' title='bbox 2781 560 3227 634; x_wconf 80' lang='grc' dir='ltr'>παρῃτησάμεθα</span> <span class='ocrx_word' id='word_1_251' title='bbox 3254 578 3270 594; x_wconf 77' lang='grc' dir='ltr'><strong>ο</strong></span> <span class='ocrx_word' id='word_1_252' title='bbox 3302 562 3403 632; x_wconf 81' lang='grc' dir='ltr'>τῆς</span> <span class='ocrx_word' id='word_1_253' title='bbox 3449 563 3560 632; x_wconf 77' lang='grc' dir='ltr'><strong>γὰρ</strong></span> <span class='ocrx_word' id='word_1_254' title='bbox 3609 561 3727 630; x_wconf 75' lang='grc' dir='ltr'><strong>φύ-</strong></span> 
     </span>
    </p>
   </div>
   <div class='ocr_carea' id='block_1_36' title="bbox 2141 653 3726 727">
    <p class='ocr_par' dir='ltr' id='par_1_36' title="bbox 2141 653 3726 727">
     <span class='ocr_line' id='line_1_36' title="bbox 2141 653 3726 727; baseline -0.004 -17"><span class='ocrx_word' id='word_1_255' title='bbox 2141 675 2280 722; x_wconf 86' lang='grc' dir='ltr'>σεως</span> <span class='ocrx_word' id='word_1_256' title='bbox 2323 659 2424 727; x_wconf 74' lang='grc' dir='ltr'><strong>τῆς</strong></span> <span class='ocrx_word' id='word_1_257' title='bbox 2476 659 2608 725; x_wconf 80' lang='grc' dir='ltr'>μιᾶς</span> <span class='ocrx_word' id='word_1_258' title='bbox 2654 656 2714 710; x_wconf 78' lang='grc' dir='ltr'><strong>τὸ</strong></span> <span class='ocrx_word' id='word_1_259' title='bbox 2775 655 2896 708; x_wconf 81' lang='grc' dir='ltr'>ὅλον</span> <span class='ocrx_word' id='word_1_260' title='bbox 2969 654 3063 707; x_wconf 81' lang='grc' dir='ltr'>τοῦ</span> <span class='ocrx_word' id='word_1_261' title='bbox 3135 653 3480 725; x_wconf 75' lang='grc' dir='ltr'>ἀνθρωπείου</span> <span class='ocrx_word' id='word_1_262' title='bbox 3543 654 3726 716; x_wconf 77' lang='grc' dir='ltr'>είδους</span> 
     </span>
    </p>
   </div>
   <div class='ocr_carea' id='block_1_37' title="bbox 2137 745 3726 822">
    <p class='ocr_par' dir='ltr' id='par_1_37' title="bbox 2137 745 3726 822">
     <span class='ocr_line' id='line_1_37' title="bbox 2137 745 3726 822; baseline -0.003 -17"><span class='ocrx_word' id='word_1_263' title='bbox 2137 749 2515 822; x_wconf 82' lang='grc' dir='ltr'>παριστὼσης,</span> <span class='ocrx_word' id='word_1_264' title='bbox 2546 750 2735 820; x_wconf 76' lang='grc' dir='ltr'>ἐπειδὴ</span> <span class='ocrx_word' id='word_1_265' title='bbox 2789 749 2898 802; x_wconf 84' lang='grc' dir='ltr'><strong>τῶν</strong></span> <span class='ocrx_word' id='word_1_266' title='bbox 2948 748 3056 801; x_wconf 78' lang='grc' dir='ltr'><strong>ὑπὸ</strong></span> <span class='ocrx_word' id='word_1_267' title='bbox 3095 748 3156 801; x_wconf 83' lang='grc' dir='ltr'><strong>τὺ</strong></span> <span class='ocrx_word' id='word_1_268' title='bbox 3193 747 3326 802; x_wconf 78' lang='grc' dir='ltr'>αὐτὸ</span> <span class='ocrx_word' id='word_1_269' title='bbox 3367 745 3507 810; x_wconf 79' lang='grc' dir='ltr'>εἶδος</span> <span class='ocrx_word' id='word_1_270' title='bbox 3555 749 3726 818; x_wconf 80' lang='grc' dir='ltr'>ἀριθ-</span> 
     </span>
    </p>
   </div>
   <div class='ocr_carea' id='block_1_38' title="bbox 2141 837 3728 914">
    <p class='ocr_par' dir='ltr' id='par_1_38' title="bbox 2141 837 3728 914">
     <span class='ocr_line' id='line_1_38' title="bbox 2141 837 3728 914; baseline -0.004 -18"><span class='ocrx_word' id='word_1_271' title='bbox 2141 841 2432 914; x_wconf 87' lang='grc' dir='ltr'>μουμένων</span> <span class='ocrx_word' id='word_1_272' title='bbox 2474 842 2628 896; x_wconf 79' lang='grc' dir='ltr'>οὐδέν</span> <span class='ocrx_word' id='word_1_273' title='bbox 2675 841 2793 892; x_wconf 82' lang='grc' dir='ltr'>ἐστι</span> <span class='ocrx_word' id='word_1_274' title='bbox 2841 839 3187 910; x_wconf 84' lang='grc' dir='ltr'>ἑτεροούσιον</span> <span class='ocrx_word' id='word_1_275' title='bbox 3211 879 3225 902; x_wconf 94' lang='grc'><strong>,</strong></span> <span class='ocrx_word' id='word_1_276' title='bbox 3258 840 3484 901; x_wconf 88' lang='grc' dir='ltr'>είκότως</span> <span class='ocrx_word' id='word_1_277' title='bbox 3519 841 3586 908; x_wconf 81' lang='grc' dir='ltr'>τῇ</span> <span class='ocrx_word' id='word_1_278' title='bbox 3617 837 3728 890; x_wconf 76' lang='grc' dir='ltr'><strong>τοῦ</strong></span> 
     </span>
    </p>
   </div>
   <div class='ocr_carea' id='block_1_39' title="bbox 2139 927 3738 1006">
    <p class='ocr_par' dir='ltr' id='par_1_39' title="bbox 2139 927 3738 1006">
     <span class='ocr_line' id='line_1_39' title="bbox 2139 927 3738 1006; baseline -0.005 -18"><span class='ocrx_word' id='word_1_279' title='bbox 2139 935 2322 988; x_wconf 79' lang='grc' dir='ltr'>κοινοῦ</span> <span class='ocrx_word' id='word_1_280' title='bbox 2369 931 2714 1006; x_wconf 72' lang='grc' dir='ltr'><strong>προσηγορίᾳ</strong></span> <span class='ocrx_word' id='word_1_281' title='bbox 2759 931 2821 984; x_wconf 82' lang='grc' dir='ltr'>τὸ</span> <span class='ocrx_word' id='word_1_282' title='bbox 2878 929 3109 1002; x_wconf 78' lang='grc' dir='ltr'>μερικδν</span> <span class='ocrx_word' id='word_1_283' title='bbox 3171 927 3596 999; x_wconf 77' lang='grc' dir='ltr'><strong>ἐπονομάζεται.</strong></span> <span class='ocrx_word' id='word_1_284' title='bbox 3641 929 3738 999; x_wconf 39' lang='grc' dir='ltr'><strong>Οὐ-</strong></span> 
     </span>
    </p>
   </div>
   <div class='ocr_carea' id='block_1_40' title="bbox 2139 1020 3728 1098">
    <p class='ocr_par' dir='ltr' id='par_1_40' title="bbox 2139 1020 3728 1098">
     <span class='ocr_line' id='line_1_40' title="bbox 2139 1020 3728 1098; baseline -0.008 -16"><span class='ocrx_word' id='word_1_285' title='bbox 2139 1029 2249 1098; x_wconf 78' lang='grc' dir='ltr'><strong>γὰρ</strong></span> <span class='ocrx_word' id='word_1_286' title='bbox 2291 1027 2439 1080; x_wconf 77' lang='grc' dir='ltr'>ἔστιν</span> <span class='ocrx_word' id='word_1_287' title='bbox 2488 1027 2668 1096; x_wconf 79' lang='grc' dir='ltr'>εὑρεῖν</span> <span class='ocrx_word' id='word_1_288' title='bbox 2695 1025 2790 1079; x_wconf 76' lang='grc' dir='ltr'><strong>τόν</strong></span> <span class='ocrx_word' id='word_1_289' title='bbox 2835 1041 2956 1077; x_wconf 83' lang='grc' dir='ltr'>τινα</span> <span class='ocrx_word' id='word_1_290' title='bbox 3012 1021 3326 1093; x_wconf 81' lang='grc' dir='ltr'>ἄνθρωπον,</span> <span class='ocrx_word' id='word_1_291' title='bbox 3399 1020 3728 1091; x_wconf 82' lang='grc' dir='ltr'>έτεροειδῶς</span> 
     </span>
    </p>
   </div>
   <div class='ocr_carea' id='block_1_41' title="bbox 2142 1111 3729 1190">
    <p class='ocr_par' dir='ltr' id='par_1_41' title="bbox 2142 1111 3729 1190">
     <span class='ocr_line' id='line_1_41' title="bbox 2142 1111 3729 1190; baseline -0.005 -17"><span class='ocrx_word' id='word_1_292' title='bbox 2142 1121 2335 1190; x_wconf 71' lang='grc' dir='ltr'>ἔχοντα</span> <span class='ocrx_word' id='word_1_293' title='bbox 2363 1117 2500 1189; x_wconf 82' lang='grc' dir='ltr'>πρὸς</span> <span class='ocrx_word' id='word_1_294' title='bbox 2535 1118 2630 1171; x_wconf 80' lang='grc' dir='ltr'>τὸν</span> <span class='ocrx_word' id='word_1_295' title='bbox 2659 1116 2893 1171; x_wconf 76' lang='grc' dir='ltr'><strong>καθόλου</strong></span> <span class='ocrx_word' id='word_1_296' title='bbox 2918 1113 3209 1186; x_wconf 77' lang='grc' dir='ltr'>ἄνθρωπον</span> <span class='ocrx_word' id='word_1_297' title='bbox 3233 1129 3249 1145; x_wconf 76' lang='grc' dir='ltr'><strong>ο</strong></span> <span class='ocrx_word' id='word_1_298' title='bbox 3275 1115 3368 1167; x_wconf 72' lang='grc' dir='ltr'><strong>ἐπὶ</strong></span> <span class='ocrx_word' id='word_1_299' title='bbox 3397 1113 3455 1166; x_wconf 76' lang='grc' dir='ltr'><strong>δὲ</strong></span> <span class='ocrx_word' id='word_1_300' title='bbox 3481 1111 3729 1183; x_wconf 79' lang='grc' dir='ltr'><strong>Χριστοῦ</strong></span> 
     </span>
    </p>
   </div>
   <div class='ocr_carea' id='block_1_42' title="bbox 2143 1205 3730 1284">
    <p class='ocr_par' dir='ltr' id='par_1_42' title="bbox 2143 1205 3730 1284">
     <span class='ocr_line' id='line_1_42' title="bbox 2143 1205 3730 1284; baseline -0.008 -17"><span class='ocrx_word' id='word_1_301' title='bbox 2143 1212 2362 1282; x_wconf 83' lang='grc' dir='ltr'><strong>τοιαύτη</strong></span> <span class='ocrx_word' id='word_1_302' title='bbox 2391 1227 2476 1274; x_wconf 88' lang='grc' dir='ltr'><strong>τις</strong></span> <span class='ocrx_word' id='word_1_303' title='bbox 2504 1208 2658 1274; x_wconf 75' lang='grc' dir='ltr'>τάξις</span> <span class='ocrx_word' id='word_1_304' title='bbox 2706 1207 2945 1284; x_wconf 77' lang='grc' dir='ltr'>σχέσεως</span> <span class='ocrx_word' id='word_1_305' title='bbox 2976 1207 3076 1278; x_wconf 76' lang='grc' dir='ltr'><strong>οὐχ</strong></span> <span class='ocrx_word' id='word_1_306' title='bbox 3109 1205 3425 1276; x_wconf 74' lang='grc' dir='ltr'>εὑρίσκεται</span> <span class='ocrx_word' id='word_1_307' title='bbox 3452 1221 3466 1235; x_wconf 83' lang='lat'><strong><em>°</em></strong></span> <span class='ocrx_word' id='word_1_308' title='bbox 3497 1205 3560 1256; x_wconf 85' lang='grc' dir='ltr'>οὐ</span> <span class='ocrx_word' id='word_1_309' title='bbox 3609 1205 3730 1274; x_wconf 83' lang='grc' dir='ltr'><strong>γὰρ</strong></span> 
     </span>
    </p>
   </div>
   <div class='ocr_carea' id='block_1_43' title="bbox 2141 1288 3729 1375">
    <p class='ocr_par' dir='ltr' id='par_1_43' title="bbox 2141 1288 3729 1375">
     <span class='ocr_line' id='line_1_43' title="bbox 2141 1288 3729 1375; baseline -0.008 -15"><span class='ocrx_word' id='word_1_310' title='bbox 2141 1288 2206 1375; x_wconf 64' lang='grc' dir='ltr'><strong>δὴ</strong></span> <span class='ocrx_word' id='word_1_311' title='bbox 2242 1305 2414 1366; x_wconf 87' lang='grc' dir='ltr'>είδους</span> <span class='ocrx_word' id='word_1_312' title='bbox 2436 1303 2588 1364; x_wconf 74' lang='grc' dir='ltr'>ὄντος</span> <span class='ocrx_word' id='word_1_313' title='bbox 2616 1299 2892 1372; x_wconf 85' lang='grc' dir='ltr'>Χριστῶν,</span> <span class='ocrx_word' id='word_1_314' title='bbox 2925 1298 3118 1369; x_wconf 87' lang='grc' dir='ltr'>ὥσπερ</span> <span class='ocrx_word' id='word_1_315' title='bbox 3147 1299 3242 1351; x_wconf 76' lang='grc' dir='ltr'>καὶ</span> <span class='ocrx_word' id='word_1_316' title='bbox 3267 1295 3600 1365; x_wconf 76' lang='grc' dir='ltr'>ἀνθρώπων,</span> <span class='ocrx_word' id='word_1_317' title='bbox 3629 1296 3729 1348; x_wconf 87' lang='grc' dir='ltr'>ἶνα</span> 
     </span>
    </p>
   </div>
   <div class='ocr_carea' id='block_1_44' title="bbox 2145 1389 3728 1463">
    <p class='ocr_par' dir='ltr' id='par_1_44' title="bbox 2145 1389 3728 1463">
     <span class='ocr_line' id='line_1_44' title="bbox 2145 1389 3728 1463; baseline -0.007 -9"><span class='ocrx_word' id='word_1_318' title='bbox 2145 1399 2210 1454; x_wconf 83' lang='grc' dir='ltr'>ὲκ</span> <span class='ocrx_word' id='word_1_319' title='bbox 2235 1397 2440 1452; x_wconf 85' lang='grc' dir='ltr'>τούτων</span> <span class='ocrx_word' id='word_1_320' title='bbox 2467 1398 2494 1450; x_wconf 85' lang='grc' dir='ltr'><strong>ὁ</strong></span> <span class='ocrx_word' id='word_1_321' title='bbox 2527 1393 2608 1457; x_wconf 76' lang='grc' dir='ltr'><strong>εἷς</strong></span> <span class='ocrx_word' id='word_1_322' title='bbox 2635 1393 2709 1456; x_wconf 83' lang='grc' dir='ltr'>ὡς</span> <span class='ocrx_word' id='word_1_323' title='bbox 2745 1393 2890 1456; x_wconf 87' lang='grc' dir='ltr'>ῑδίως</span> <span class='ocrx_word' id='word_1_324' title='bbox 2914 1409 3035 1456; x_wconf 88' lang='grc' dir='ltr'><strong>πως</strong></span> <span class='ocrx_word' id='word_1_325' title='bbox 3067 1393 3220 1463; x_wconf 74' lang='grc' dir='ltr'>παρὰ</span> <span class='ocrx_word' id='word_1_326' title='bbox 3245 1389 3338 1445; x_wconf 80' lang='grc' dir='ltr'>τὸν</span> <span class='ocrx_word' id='word_1_327' title='bbox 3362 1391 3597 1443; x_wconf 79' lang='grc' dir='ltr'><strong>καθόλου</strong></span> <span class='ocrx_word' id='word_1_328' title='bbox 3624 1389 3728 1443; x_wconf 78' lang='grc' dir='ltr'>καὶ</span> 
     </span>
    </p>
   </div>
   <div class='ocr_carea' id='block_1_45' title="bbox 2143 1483 3728 1559">
    <p class='ocr_par' dir='ltr' id='par_1_45' title="bbox 2143 1483 3728 1559">
     <span class='ocr_line' id='line_1_45' title="bbox 2143 1483 3728 1559; baseline -0.004 -16"><span class='ocrx_word' id='word_1_329' title='bbox 2143 1489 2323 1544; x_wconf 81' lang='grc' dir='ltr'>κοινὺν</span> <span class='ocrx_word' id='word_1_330' title='bbox 2374 1487 2635 1559; x_wconf 72' lang='grc' dir='ltr'>Χριστὸν,</span> <span class='ocrx_word' id='word_1_331' title='bbox 2662 1485 2900 1557; x_wconf 80' lang='grc' dir='ltr'>Χριστὸς</span> <span class='ocrx_word' id='word_1_332' title='bbox 2957 1485 3120 1548; x_wconf 72' lang='grc' dir='ltr'>αὐτὸς</span> <span class='ocrx_word' id='word_1_333' title='bbox 3179 1483 3560 1554; x_wconf 75' lang='grc' dir='ltr'><strong>χρηματίζων,</strong></span> <span class='ocrx_word' id='word_1_334' title='bbox 3618 1483 3728 1551; x_wconf 85' lang='grc' dir='ltr'><strong>μία</strong></span> 
     </span>
    </p>
   </div>
   <div class='ocr_carea' id='block_1_46' title="bbox 2144 1571 3724 1649">
    <p class='ocr_par' dir='ltr' id='par_1_46' title="bbox 2144 1571 3724 1649">
     <span class='ocr_line' id='line_1_46' title="bbox 2144 1571 3724 1649; baseline -0.007 -15"><span class='ocrx_word' id='word_1_335' title='bbox 2144 1581 2308 1649; x_wconf 81' lang='grc' dir='ltr'>φύσις</span> <span class='ocrx_word' id='word_1_336' title='bbox 2344 1579 2571 1647; x_wconf 80' lang='grc' dir='ltr'>λέγηται</span> <span class='ocrx_word' id='word_1_337' title='bbox 2619 1577 2753 1647; x_wconf 73' lang='grc' dir='ltr'>πρδς</span> <span class='ocrx_word' id='word_1_338' title='bbox 2783 1577 3028 1639; x_wconf 76' lang='grc' dir='ltr'>ἐκείνους</span> <span class='ocrx_word' id='word_1_339' title='bbox 3086 1593 3146 1628; x_wconf 83' lang='grc' dir='ltr'><strong>τε</strong></span> <span class='ocrx_word' id='word_1_340' title='bbox 3199 1577 3294 1628; x_wconf 75' lang='grc' dir='ltr'>καὶ</span> <span class='ocrx_word' id='word_1_341' title='bbox 3348 1571 3724 1634; x_wconf 78' lang='grc' dir='ltr'>ἀπ’ὲκείνων,</span> 
     </span>
    </p>
   </div>
   <div class='ocr_carea' id='block_1_47' title="bbox 2146 1665 3730 1740">
    <p class='ocr_par' dir='ltr' id='par_1_47' title="bbox 2146 1665 3730 1740">
     <span class='ocr_line' id='line_1_47' title="bbox 2146 1665 3730 1740; baseline -0.006 -14"><span class='ocrx_word' id='word_1_342' title='bbox 2146 1673 2233 1726; x_wconf 80' lang='grc' dir='ltr'>ἵνα</span> <span class='ocrx_word' id='word_1_343' title='bbox 2265 1671 2363 1724; x_wconf 74' lang='grc' dir='ltr'>καὶ</span> <span class='ocrx_word' id='word_1_344' title='bbox 2400 1670 2530 1740; x_wconf 87' lang='grc' dir='ltr'>μίαν</span> <span class='ocrx_word' id='word_1_345' title='bbox 2559 1669 2722 1722; x_wconf 75' lang='grc' dir='ltr'>αὐτὸν</span> <span class='ocrx_word' id='word_1_346' title='bbox 2749 1668 2845 1721; x_wconf 71' lang='grc' dir='ltr'>καὶ</span> <span class='ocrx_word' id='word_1_347' title='bbox 2869 1667 2964 1721; x_wconf 83' lang='grc' dir='ltr'>δύο</span> <span class='ocrx_word' id='word_1_348' title='bbox 3005 1667 3196 1735; x_wconf 84' lang='grc' dir='ltr'>φύσεις</span> <span class='ocrx_word' id='word_1_349' title='bbox 3225 1665 3501 1736; x_wconf 80' lang='grc' dir='ltr'><strong>καλῶμεν,</strong></span> <span class='ocrx_word' id='word_1_350' title='bbox 3530 1665 3593 1718; x_wconf 76' lang='grc' dir='ltr'>τὸ</span> <span class='ocrx_word' id='word_1_351' title='bbox 3620 1665 3730 1735; x_wconf 78' lang='grc' dir='ltr'><strong>μὲν</strong></span> 
     </span>
    </p>
   </div>
   <div class='ocr_carea' id='block_1_48' title="bbox 2147 1756 3724 1832">
    <p class='ocr_par' dir='ltr' id='par_1_48' title="bbox 2147 1756 3724 1832">
     <span class='ocr_line' id='line_1_48' title="bbox 2147 1756 3724 1832; baseline -0.005 -16"><span class='ocrx_word' id='word_1_352' title='bbox 2147 1763 2342 1832; x_wconf 73' lang='grc' dir='ltr'>ἔχοντα</span> <span class='ocrx_word' id='word_1_353' title='bbox 2393 1760 2480 1815; x_wconf 69' lang='grc' dir='ltr'><strong>διὰ</strong></span> <span class='ocrx_word' id='word_1_354' title='bbox 2522 1761 2584 1814; x_wconf 74' lang='grc' dir='ltr'><strong>τὸ</strong></span> <span class='ocrx_word' id='word_1_355' title='bbox 2635 1759 2836 1820; x_wconf 76' lang='grc' dir='ltr'>κοινὸν,</span> <span class='ocrx_word' id='word_1_356' title='bbox 2865 1759 2926 1812; x_wconf 80' lang='grc' dir='ltr'>τὸ</span> <span class='ocrx_word' id='word_1_357' title='bbox 2966 1759 3025 1813; x_wconf 71' lang='grc' dir='ltr'><strong>δὲ</strong></span> <span class='ocrx_word' id='word_1_358' title='bbox 3072 1759 3160 1812; x_wconf 79' lang='grc' dir='ltr'>διὰ</span> <span class='ocrx_word' id='word_1_359' title='bbox 3201 1759 3271 1812; x_wconf 86' lang='grc' dir='ltr'><strong>τά</strong></span> <span class='ocrx_word' id='word_1_360' title='bbox 3305 1756 3502 1811; x_wconf 79' lang='grc' dir='ltr'>ἑαυτοῦ</span> <span class='ocrx_word' id='word_1_361' title='bbox 3537 1757 3724 1828; x_wconf 81' lang='grc' dir='ltr'>μέρη·</span> 
     </span>
    </p>
   </div>
   <div class='ocr_carea' id='block_1_49' title="bbox 2146 1847 3730 1924">
    <p class='ocr_par' dir='ltr' id='par_1_49' title="bbox 2146 1847 3730 1924">
     <span class='ocr_line' id='line_1_49' title="bbox 2146 1847 3730 1924; baseline -0.004 -18"><span class='ocrx_word' id='word_1_362' title='bbox 2146 1850 2612 1924; x_wconf 75' lang='grc' dir='ltr'>ὦσπερὲφ’ὴμῶν</span> <span class='ocrx_word' id='word_1_363' title='bbox 2643 1849 2952 1921; x_wconf 80' lang='grc' dir='ltr'>θεωρεῖται.</span> <span class='ocrx_word' id='word_1_364' title='bbox 2978 1849 3094 1920; x_wconf 84' lang='grc' dir='ltr'>Τῆς</span> <span class='ocrx_word' id='word_1_365' title='bbox 3121 1849 3231 1919; x_wconf 76' lang='grc' dir='ltr'><strong>γὰρ</strong></span> <span class='ocrx_word' id='word_1_366' title='bbox 3259 1849 3442 1912; x_wconf 75' lang='grc' dir='ltr'>αίτίας</span> <span class='ocrx_word' id='word_1_367' title='bbox 3471 1847 3546 1920; x_wconf 80' lang='grc' dir='ltr'>μὴ</span> <span class='ocrx_word' id='word_1_368' title='bbox 3571 1848 3730 1919; x_wconf 82' lang='grc' dir='ltr'>εὕρι-</span> 
     </span>
    </p>
   </div>
   <div class='ocr_carea' id='block_1_50' title="bbox 2147 1939 3728 2015">
    <p class='ocr_par' dir='ltr' id='par_1_50' title="bbox 2147 1939 3728 2015">
     <span class='ocr_line' id='line_1_50' title="bbox 2147 1939 3728 2015; baseline -0.004 -17"><span class='ocrx_word' id='word_1_369' title='bbox 2147 1943 2440 2015; x_wconf 80' lang='grc' dir='ltr'>σκομένης,</span> <span class='ocrx_word' id='word_1_370' title='bbox 2474 1942 2570 1997; x_wconf 81' lang='grc' dir='ltr'>καὶ</span> <span class='ocrx_word' id='word_1_371' title='bbox 2623 1941 2721 1996; x_wconf 81' lang='grc' dir='ltr'><strong>ἀπ’</strong></span> <span class='ocrx_word' id='word_1_372' title='bbox 2752 1940 2964 1996; x_wconf 75' lang='grc' dir='ltr'>ἐκείνου</span> <span class='ocrx_word' id='word_1_373' title='bbox 3019 1941 3123 2010; x_wconf 78' lang='grc' dir='ltr'>τῆς</span> <span class='ocrx_word' id='word_1_374' title='bbox 3181 1941 3264 2007; x_wconf 72' lang='grc' dir='ltr'><strong>ἐφ’</strong></span> <span class='ocrx_word' id='word_1_375' title='bbox 3296 1939 3480 2010; x_wconf 82' lang='grc' dir='ltr'>ἡμῶν,</span> <span class='ocrx_word' id='word_1_376' title='bbox 3526 1939 3592 1993; x_wconf 80' lang='grc' dir='ltr'>τὸ</span> <span class='ocrx_word' id='word_1_377' title='bbox 3635 1939 3728 2009; x_wconf 71' lang='grc' dir='ltr'><strong>ἐφ’</strong></span> 
     </span>
    </p>
   </div>
   <div class='ocr_carea' id='block_1_51' title="bbox 2145 2031 3730 2108">
    <p class='ocr_par' dir='ltr' id='par_1_51' title="bbox 2145 2031 3730 2108">
     <span class='ocr_line' id='line_1_51' title="bbox 2145 2031 3730 2108; baseline -0.002 -19"><span class='ocrx_word' id='word_1_378' title='bbox 2145 2037 2179 2108; x_wconf 77' lang='grc' dir='ltr'>ἡ</span> <span class='ocrx_word' id='word_1_379' title='bbox 2189 2034 2307 2105; x_wconf 86' lang='grc' dir='ltr'><strong>μῶν</strong></span> <span class='ocrx_word' id='word_1_380' title='bbox 2344 2035 2506 2104; x_wconf 81' lang='grc' dir='ltr'>μόνον</span> <span class='ocrx_word' id='word_1_381' title='bbox 2535 2033 2754 2096; x_wconf 75' lang='grc' dir='ltr'><strong>οἰκείως</strong></span> <span class='ocrx_word' id='word_1_382' title='bbox 2782 2032 3206 2102; x_wconf 80' lang='grc' dir='ltr'>λεγόμενον,ὲπ⁹</span> <span class='ocrx_word' id='word_1_383' title='bbox 3225 2031 3388 2086; x_wconf 70' lang='grc' dir='ltr'>αὑτὸν</span> <span class='ocrx_word' id='word_1_384' title='bbox 3423 2032 3730 2102; x_wconf 78' lang='grc' dir='ltr'>ἀναφέρειν</span> 
     </span>
    </p>
   </div>
   <div class='ocr_carea' id='block_1_52' title="bbox 2147 2119 3729 2194">
    <p class='ocr_par' dir='ltr' id='par_1_52' title="bbox 2147 2119 3729 2194">
     <span class='ocr_line' id='line_1_52' title="bbox 2147 2119 3729 2194; baseline -0.001 -16"><span class='ocrx_word' id='word_1_385' title='bbox 2147 2125 2247 2194; x_wconf 79' lang='grc' dir='ltr'><strong>οὐχ</strong></span> <span class='ocrx_word' id='word_1_386' title='bbox 2292 2119 2404 2178; x_wconf 81' lang='grc' dir='ltr'>οἷόν</span> <span class='ocrx_word' id='word_1_387' title='bbox 2432 2140 2516 2178; x_wconf 89' lang='grc' dir='ltr'>τε.</span> <span class='ocrx_word' id='word_1_388' title='bbox 2561 2123 2731 2194; x_wconf 81' lang='grc' dir='ltr'>Δῆλον</span> <span class='ocrx_word' id='word_1_389' title='bbox 2760 2123 2820 2177; x_wconf 81' lang='grc' dir='ltr'>δέ</span> <span class='ocrx_word' id='word_1_390' title='bbox 2853 2123 3006 2177; x_wconf 71' lang='grc' dir='ltr'>ἔστιν</span> <span class='ocrx_word' id='word_1_391' title='bbox 3032 2121 3288 2189; x_wconf 72' lang='grc' dir='ltr'>ἐνταῦθα,</span> <span class='ocrx_word' id='word_1_392' title='bbox 3349 2122 3494 2178; x_wconf 87' lang='grc' dir='ltr'><strong>κατά</strong></span> <span class='ocrx_word' id='word_1_393' title='bbox 3529 2123 3584 2176; x_wconf 89' lang='grc' dir='ltr'><strong>τί</strong></span> <span class='ocrx_word' id='word_1_394' title='bbox 3623 2123 3729 2194; x_wconf 85' lang='grc' dir='ltr'>μία</span> 
     </span>
    </p>
   </div>
   <div class='ocr_carea' id='block_1_53' title="bbox 2150 2213 3730 2285">
    <p class='ocr_par' dir='ltr' id='par_1_53' title="bbox 2150 2213 3730 2285">
     <span class='ocr_line' id='line_1_53' title="bbox 2150 2213 3730 2285; baseline -0.002 -15"><span class='ocrx_word' id='word_1_395' title='bbox 2150 2217 2246 2270; x_wconf 73' lang='grc' dir='ltr'>καὶ</span> <span class='ocrx_word' id='word_1_396' title='bbox 2296 2213 2392 2268; x_wconf 86' lang='grc' dir='ltr'><strong>δύο</strong></span> <span class='ocrx_word' id='word_1_397' title='bbox 2441 2214 2640 2285; x_wconf 82' lang='grc' dir='ltr'>φύσεις</span> <span class='ocrx_word' id='word_1_398' title='bbox 2682 2213 2711 2268; x_wconf 79' lang='grc' dir='ltr'><strong>ὃ</strong></span> <span class='ocrx_word' id='word_1_399' title='bbox 2757 2213 3049 2284; x_wconf 77' lang='grc' dir='ltr'>ἄνθρωπος</span> <span class='ocrx_word' id='word_1_400' title='bbox 3085 2213 3347 2282; x_wconf 70' lang='grc' dir='ltr'>λέγεται*</span> <span class='ocrx_word' id='word_1_401' title='bbox 3378 2215 3442 2268; x_wconf 79' lang='grc' dir='ltr'>τὸ</span> <span class='ocrx_word' id='word_1_402' title='bbox 3482 2213 3582 2285; x_wconf 84' lang='grc' dir='ltr'>μὲν</span> <span class='ocrx_word' id='word_1_403' title='bbox 3613 2213 3730 2285; x_wconf 77' lang='grc' dir='ltr'><strong>γὰρ</strong></span> 
     </span>
    </p>
   </div>
   <div class='ocr_carea' id='block_1_54' title="bbox 2151 2298 3729 2374">
    <p class='ocr_par' dir='ltr' id='par_1_54' title="bbox 2151 2298 3729 2374">
     <span class='ocr_line' id='line_1_54' title="bbox 2151 2298 3729 2374; baseline 0.001 -19"><span class='ocrx_word' id='word_1_404' title='bbox 2151 2302 2264 2373; x_wconf 70' lang='grc' dir='ltr'>ἔχει</span> <span class='ocrx_word' id='word_1_405' title='bbox 2303 2301 2395 2356; x_wconf 81' lang='grc' dir='ltr'>διὰ</span> <span class='ocrx_word' id='word_1_406' title='bbox 2437 2301 2538 2373; x_wconf 84' lang='grc' dir='ltr'>τὴν</span> <span class='ocrx_word' id='word_1_407' title='bbox 2578 2298 2672 2354; x_wconf 83' lang='grc' dir='ltr'>τοῦ</span> <span class='ocrx_word' id='word_1_408' title='bbox 2713 2300 2888 2365; x_wconf 85' lang='grc' dir='ltr'>είδους</span> <span class='ocrx_word' id='word_1_409' title='bbox 2915 2301 3227 2366; x_wconf 82' lang='grc' dir='ltr'>κοινωνίαν,</span> <span class='ocrx_word' id='word_1_410' title='bbox 3261 2301 3324 2356; x_wconf 80' lang='grc' dir='ltr'>τὸ</span> <span class='ocrx_word' id='word_1_411' title='bbox 3357 2302 3415 2355; x_wconf 84' lang='grc' dir='ltr'><strong>δὲ</strong></span> <span class='ocrx_word' id='word_1_412' title='bbox 3461 2301 3729 2374; x_wconf 75' lang='grc' dir='ltr'>κέκτηται</span> 
     </span>
    </p>
   </div>
   <div class='ocr_carea' id='block_1_55' title="bbox 2151 2392 3729 2466">
    <p class='ocr_par' dir='ltr' id='par_1_55' title="bbox 2151 2392 3729 2466">
     <span class='ocr_line' id='line_1_55' title="bbox 2151 2392 3729 2466; baseline 0.001 -20"><span class='ocrx_word' id='word_1_413' title='bbox 2151 2394 2242 2448; x_wconf 75' lang='grc' dir='ltr'><strong>διὰ</strong></span> <span class='ocrx_word' id='word_1_414' title='bbox 2275 2393 2375 2466; x_wconf 77' lang='grc' dir='ltr'>τὴν</span> <span class='ocrx_word' id='word_1_415' title='bbox 2404 2392 2512 2448; x_wconf 84' lang='grc' dir='ltr'><strong>τῶν</strong></span> <span class='ocrx_word' id='word_1_416' title='bbox 2544 2393 2726 2464; x_wconf 85' lang='grc' dir='ltr'>μερῶν</span> <span class='ocrx_word' id='word_1_417' title='bbox 2754 2392 3044 2464; x_wconf 82' lang='grc' dir='ltr'>ἀτρεψίαν.</span> <span class='ocrx_word' id='word_1_418' title='bbox 3079 2393 3212 2449; x_wconf 72' lang='grc' dir='ltr'><strong>Ἐπὶ</strong></span> <span class='ocrx_word' id='word_1_419' title='bbox 3245 2395 3486 2465; x_wconf 78' lang='grc' dir='ltr'>Χριστοῦ</span> <span class='ocrx_word' id='word_1_420' title='bbox 3531 2395 3589 2450; x_wconf 69' lang='grc' dir='ltr'><strong>δδ</strong></span> <span class='ocrx_word' id='word_1_421' title='bbox 3623 2396 3729 2448; x_wconf 80' lang='grc' dir='ltr'><strong>οὐκ</strong></span> 
     </span>
    </p>
   </div>
   <div class='ocr_carea' id='block_1_56' title="bbox 2151 2484 3729 2558">
    <p class='ocr_par' dir='ltr' id='par_1_56' title="bbox 2151 2484 3729 2558">
     <span class='ocr_line' id='line_1_56' title="bbox 2151 2484 3729 2558; baseline 0 -18"><span class='ocrx_word' id='word_1_422' title='bbox 2151 2486 2304 2549; x_wconf 68' lang='grc' dir='ltr'>ὄντος</span> <span class='ocrx_word' id='word_1_423' title='bbox 2327 2485 2500 2549; x_wconf 73' lang='grc' dir='ltr'>εἴδους</span> <span class='ocrx_word' id='word_1_424' title='bbox 2518 2525 2535 2549; x_wconf 94' lang='grc'><strong>,</strong></span> <span class='ocrx_word' id='word_1_425' title='bbox 2568 2484 2687 2548; x_wconf 85' lang='grc' dir='ltr'>πῶς</span> <span class='ocrx_word' id='word_1_426' title='bbox 2714 2485 2781 2538; x_wconf 81' lang='grc' dir='ltr'>ἂν</span> <span class='ocrx_word' id='word_1_427' title='bbox 2814 2487 2916 2557; x_wconf 92' lang='grc' dir='ltr'><strong>μία</strong></span> <span class='ocrx_word' id='word_1_428' title='bbox 2956 2487 3015 2538; x_wconf 71' lang='lat' dir='ltr'><strong>at</strong></span> <span class='ocrx_word' id='word_1_429' title='bbox 3039 2486 3136 2541; x_wconf 86' lang='grc' dir='ltr'>δύο</span> <span class='ocrx_word' id='word_1_430' title='bbox 3162 2486 3414 2556; x_wconf 81' lang='grc' dir='ltr'>λέγοιτο;</span> <span class='ocrx_word' id='word_1_431' title='bbox 3438 2489 3586 2558; x_wconf 80' lang='grc' dir='ltr'>τρεῖς</span> <span class='ocrx_word' id='word_1_432' title='bbox 3615 2487 3729 2558; x_wconf 73' lang='grc' dir='ltr'><strong>γὰρ</strong></span> 
     </span>
    </p>
   </div>
   <div class='ocr_carea' id='block_1_57' title="bbox 2153 2573 3732 2647">
    <p class='ocr_par' dir='ltr' id='par_1_57' title="bbox 2153 2573 3732 2647">
     <span class='ocr_line' id='line_1_57' title="bbox 2153 2573 3732 2647; baseline 0.001 -17"><span class='ocrx_word' id='word_1_433' title='bbox 2153 2575 2484 2647; x_wconf 78' lang='grc' dir='ltr'>εὑρίσκομεν</span> <span class='ocrx_word' id='word_1_434' title='bbox 2514 2573 2618 2629; x_wconf 74' lang='grc' dir='ltr'>καὶ</span> <span class='ocrx_word' id='word_1_435' title='bbox 2645 2575 2842 2644; x_wconf 84' lang='grc' dir='ltr'>μόνους</span> <span class='ocrx_word' id='word_1_436' title='bbox 2871 2577 3129 2647; x_wconf 86' lang='grc' dir='ltr'>τρόπους,</span> <span class='ocrx_word' id='word_1_437' title='bbox 3157 2575 3279 2632; x_wconf 81' lang='grc' dir='ltr'>καθ’</span> <span class='ocrx_word' id='word_1_438' title='bbox 3310 2576 3405 2640; x_wconf 78' lang='grc' dir='ltr'><strong>οὒς</strong></span> <span class='ocrx_word' id='word_1_439' title='bbox 3437 2577 3536 2647; x_wconf 90' lang='grc' dir='ltr'><strong>μία</strong></span> <span class='ocrx_word' id='word_1_440' title='bbox 3563 2575 3732 2646; x_wconf 80' lang='grc' dir='ltr'>φύσις</span> 
     </span>
    </p>
   </div>
   <div class='ocr_carea' id='block_1_58' title="bbox 2154 2663 3734 2740">
    <p class='ocr_par' dir='ltr' id='par_1_58' title="bbox 2154 2663 3734 2740">
     <span class='ocr_line' id='line_1_58' title="bbox 2154 2663 3734 2740; baseline 0 -20"><span class='ocrx_word' id='word_1_441' title='bbox 2154 2667 2374 2735; x_wconf 83' lang='grc' dir='ltr'>λέγεται</span> <span class='ocrx_word' id='word_1_442' title='bbox 2401 2707 2416 2726; x_wconf 87' lang='grc'><strong>,</strong></span> <span class='ocrx_word' id='word_1_443' title='bbox 2441 2666 2502 2720; x_wconf 77' lang='grc' dir='ltr'><strong>τὸ</strong></span> <span class='ocrx_word' id='word_1_444' title='bbox 2551 2668 2883 2737; x_wconf 79' lang='grc' dir='ltr'>λεγόμενον·</span> <span class='ocrx_word' id='word_1_445' title='bbox 2917 2668 2950 2738; x_wconf 77' lang='grc' dir='ltr'>ἢ</span> <span class='ocrx_word' id='word_1_446' title='bbox 2985 2669 3096 2740; x_wconf 76' lang='grc' dir='ltr'>γὰρ</span> <span class='ocrx_word' id='word_1_447' title='bbox 3141 2671 3201 2722; x_wconf 80' lang='grc' dir='ltr'>τὸ</span> <span class='ocrx_word' id='word_1_448' title='bbox 3235 2665 3378 2733; x_wconf 83' lang='grc' dir='ltr'>εἶδος</span> <span class='ocrx_word' id='word_1_449' title='bbox 3407 2663 3637 2738; x_wconf 51' lang='lat' dir='ltr'><strong>attrahi}</strong></span> <span class='ocrx_word' id='word_1_450' title='bbox 3668 2667 3734 2720; x_wconf 70' lang='grc' dir='ltr'>τὸ</span> 
     </span>
    </p>
   </div>
   <div class='ocr_carea' id='block_1_59' title="bbox 2154 2751 3736 2827">
    <p class='ocr_par' dir='ltr' id='par_1_59' title="bbox 2154 2751 3736 2827">
     <span class='ocr_line' id='line_1_59' title="bbox 2154 2751 3736 2827; baseline 0.002 -21"><span class='ocrx_word' id='word_1_451' title='bbox 2154 2751 2250 2806; x_wconf 75' lang='grc' dir='ltr'><strong>τοῦ</strong></span> <span class='ocrx_word' id='word_1_452' title='bbox 2286 2752 2453 2806; x_wconf 84' lang='grc' dir='ltr'>αὐτοῦ</span> <span class='ocrx_word' id='word_1_453' title='bbox 2491 2754 2666 2817; x_wconf 75' lang='grc' dir='ltr'>εἴδους</span> <span class='ocrx_word' id='word_1_454' title='bbox 2707 2754 2980 2824; x_wconf 83' lang='grc' dir='ltr'>μετέχειν,</span> <span class='ocrx_word' id='word_1_455' title='bbox 3019 2756 3055 2827; x_wconf 75' lang='grc' dir='ltr'>ἢ</span> <span class='ocrx_word' id='word_1_456' title='bbox 3084 2757 3145 2810; x_wconf 77' lang='grc' dir='ltr'>τὸ</span> <span class='ocrx_word' id='word_1_457' title='bbox 3186 2757 3330 2810; x_wconf 86' lang='grc' dir='ltr'><strong>κατά</strong></span> <span class='ocrx_word' id='word_1_458' title='bbox 3373 2757 3634 2827; x_wconf 86' lang='grc' dir='ltr'>σύγχυσιν</span> <span class='ocrx_word' id='word_1_459' title='bbox 3671 2756 3736 2822; x_wconf 77' lang='grc' dir='ltr'><strong>ἐξ</strong></span> 
     </span>
    </p>
   </div>
   <div class='ocr_carea' id='block_1_60' title="bbox 2157 2843 3734 2917">
    <p class='ocr_par' dir='ltr' id='par_1_60' title="bbox 2157 2843 3734 2917">
     <span class='ocr_line' id='line_1_60' title="bbox 2157 2843 3734 2917; baseline 0.003 -23"><span class='ocrx_word' id='word_1_460' title='bbox 2157 2843 2472 2912; x_wconf 82' lang='grc' dir='ltr'>ἐτεροειδῶν</span> <span class='ocrx_word' id='word_1_461' title='bbox 2523 2845 2822 2916; x_wconf 75' lang='grc' dir='ltr'>ἑτεροειδὲς</span> <span class='ocrx_word' id='word_1_462' title='bbox 2869 2847 3328 2910; x_wconf 84' lang='grc' dir='ltr'>ἀποτετέλεσται,</span> <span class='ocrx_word' id='word_1_463' title='bbox 3375 2847 3404 2900; x_wconf 79' lang='grc' dir='ltr'><strong>ὅ</strong></span> <span class='ocrx_word' id='word_1_464' title='bbox 3461 2847 3734 2917; x_wconf 71' lang='grc' dir='ltr'>ἑκατέρου</span> 
     </span>
    </p>
   </div>
   <div class='ocr_carea' id='block_1_61' title="bbox 2161 2932 3736 3006">
    <p class='ocr_par' dir='ltr' id='par_1_61' title="bbox 2161 2932 3736 3006">
     <span class='ocr_line' id='line_1_61' title="bbox 2161 2932 3736 3006; baseline 0.003 -22"><span class='ocrx_word' id='word_1_465' title='bbox 2161 2932 2409 3004; x_wconf 79' lang='grc' dir='ltr'>μετέχον,</span> <span class='ocrx_word' id='word_1_466' title='bbox 2437 2934 2544 2987; x_wconf 77' lang='grc' dir='ltr'><strong>οὐδ’</strong></span> <span class='ocrx_word' id='word_1_467' title='bbox 2577 2934 2840 3006; x_wconf 82' lang='grc' dir='ltr'>ὁπότερον</span> <span class='ocrx_word' id='word_1_468' title='bbox 2869 2935 3119 3006; x_wconf 84' lang='grc' dir='ltr'>καθαρῶς</span> <span class='ocrx_word' id='word_1_469' title='bbox 3147 2938 3320 3000; x_wconf 82' lang='grc' dir='ltr'>ἐστιν,</span> <span class='ocrx_word' id='word_1_470' title='bbox 3357 2939 3424 3006; x_wconf 78' lang='grc' dir='ltr'><strong>ῆν</strong></span> <span class='ocrx_word' id='word_1_471' title='bbox 3452 2937 3546 2988; x_wconf 85' lang='grc' dir='ltr'>καὶ</span> <span class='ocrx_word' id='word_1_472' title='bbox 3571 2937 3736 2989; x_wconf 81' lang='grc' dir='ltr'>νόθον</span> 
     </span>
    </p>
   </div>
   <div class='ocr_carea' id='block_1_62' title="bbox 457 3010 2057 3100">
    <p class='ocr_par' dir='ltr' id='par_1_62' title="bbox 457 3019 2057 3099">
     <span class='ocr_line' id='line_1_62' title="bbox 457 3019 2057 3099; baseline -0.006 -14"><span class='ocrx_word' id='word_1_473' title='bbox 457 3029 635 3099; x_wconf 87' lang='lat' dir='ltr'><strong>.cipat</strong></span> <span class='ocrx_word' id='word_1_474' title='bbox 687 3025 961 3096; x_wconf 87' lang='lat' dir='ltr'><strong>speciem;</strong></span> <span class='ocrx_word' id='word_1_475' title='bbox 998 3031 1094 3078; x_wconf 90' lang='lat' dir='ltr'><strong>aut</strong></span> <span class='ocrx_word' id='word_1_476' title='bbox 1142 3023 1291 3093; x_wconf 89' lang='lat' dir='ltr'><strong>quod</strong></span> <span class='ocrx_word' id='word_1_477' title='bbox 1345 3021 1670 3078; x_wconf 83' lang='lat' dir='ltr'><strong>confusione</strong></span> <span class='ocrx_word' id='word_1_478' title='bbox 1721 3035 1789 3075; x_wconf 78' lang='lat' dir='ltr'><strong>ex</strong></span> <span class='ocrx_word' id='word_1_479' title='bbox 1823 3019 2057 3076; x_wconf 86' lang='lat' dir='ltr'><strong>diversis</strong></span> 
     </span>
    </p>
   </div>
   <div class='ocr_carea' id='block_1_63' title="bbox 2158 3010 3000 3100">
    <p class='ocr_par' dir='ltr' id='par_1_63' title="bbox 2163 3011 3000 3100">
     <span class='ocr_line' id='line_1_63' title="bbox 2163 3011 3000 3100; baseline 0.004 -22"><span class='ocrx_word' id='word_1_480' title='bbox 2163 3011 2424 3078; x_wconf 79' lang='grc' dir='ltr'>καλοῦσιν</span> <span class='ocrx_word' id='word_1_481' title='bbox 2455 3027 2504 3080; x_wconf 89' lang='grc' dir='ltr'>οί</span> <span class='ocrx_word' id='word_1_482' title='bbox 2535 3027 2665 3100; x_wconf 79' lang='grc' dir='ltr'>περὶ</span> <span class='ocrx_word' id='word_1_483' title='bbox 2689 3025 2876 3081; x_wconf 82' lang='grc' dir='ltr'>ταῦτα.</span> <span class='ocrx_word' id='word_1_484' title='bbox 2993 3032 3000 3041; x_wconf 86' lang='grc'><strong><em>“</em></strong></span> 
     </span>
    </p>
   </div>
   <div class='ocr_carea' id='block_1_64' title="bbox 456 3112 3722 3191">
    <p class='ocr_par' dir='ltr' id='par_1_64' title="bbox 456 3112 3722 3191">
     <span class='ocr_line' id='line_1_64' title="bbox 456 3112 3722 3191; baseline -0.001 -16"><span class='ocrx_word' id='word_1_485' title='bbox 456 3117 778 3190; x_wconf 81' lang='lat' dir='ltr'><strong>.speciebus</strong></span> <span class='ocrx_word' id='word_1_486' title='bbox 803 3117 1020 3173; x_wconf 86' lang='lat' dir='ltr'><strong>diversa</strong></span> <span class='ocrx_word' id='word_1_487' title='bbox 1046 3113 1228 3185; x_wconf 90' lang='lat' dir='ltr'><strong>specie</strong></span> <span class='ocrx_word' id='word_1_488' title='bbox 1245 3113 1504 3169; x_wconf 73' lang='lat' dir='ltr'><strong>effectum</strong></span> <span class='ocrx_word' id='word_1_489' title='bbox 1536 3120 1640 3179; x_wconf 87' lang='lat' dir='ltr'><strong>est,</strong></span> <span class='ocrx_word' id='word_1_490' title='bbox 1671 3112 1820 3182; x_wconf 87' lang='lat' dir='ltr'><strong>quod</strong></span> <span class='ocrx_word' id='word_1_491' title='bbox 1847 3113 2134 3183; x_wconf 85' lang='lat' dir='ltr'><strong>utriusque</strong></span> <span class='ocrx_word' id='word_1_492' title='bbox 2175 3118 2474 3189; x_wconf 84' lang='lat' dir='ltr'><strong>particeps,</strong></span> <span class='ocrx_word' id='word_1_493' title='bbox 2537 3135 2641 3176; x_wconf 88' lang='lat' dir='ltr'><strong>nec</strong></span> <span class='ocrx_word' id='word_1_494' title='bbox 2705 3121 3016 3175; x_wconf 90' lang='lat' dir='ltr'><strong>alterutrum</strong></span> <span class='ocrx_word' id='word_1_495' title='bbox 3045 3135 3179 3191; x_wconf 87' lang='lat' dir='ltr'><strong>pure</strong></span> <span class='ocrx_word' id='word_1_496' title='bbox 3237 3128 3342 3175; x_wconf 90' lang='lat' dir='ltr'><strong>est.</strong></span> <span class='ocrx_word' id='word_1_497' title='bbox 3402 3120 3572 3187; x_wconf 80' lang='lat' dir='ltr'><strong>Quam</strong></span> <span class='ocrx_word' id='word_1_498' title='bbox 3617 3134 3722 3173; x_wconf 82' lang='lat' dir='ltr'><strong>na-</strong></span> 
     </span>
    </p>
   </div>
   <div class='ocr_carea' id='block_1_65' title="bbox 453 3204 1876 3275">
    <p class='ocr_par' dir='ltr' id='par_1_65' title="bbox 453 3204 1876 3275">
     <span class='ocr_line' id='line_1_65' title="bbox 453 3204 1876 3275; baseline -0.006 -11"><span class='ocrx_word' id='word_1_499' title='bbox 453 3207 1061 3266; x_wconf 80' lang='lat' dir='ltr'><strong>..tura&#39;madulterinam</strong></span> <span class='ocrx_word' id='word_1_500' title='bbox 1093 3213 1312 3271; x_wconf 86' lang='lat' dir='ltr'><strong>vocant,</strong></span> <span class='ocrx_word' id='word_1_501' title='bbox 1345 3205 1439 3275; x_wconf 90' lang='lat' dir='ltr'><strong>qui</strong></span> <span class='ocrx_word' id='word_1_502' title='bbox 1471 3204 1586 3260; x_wconf 71' lang='lat' dir='ltr'><strong>haec</strong></span> <span class='ocrx_word' id='word_1_503' title='bbox 1620 3212 1876 3260; x_wconf 85' lang='lat' dir='ltr'><strong>tractant.</strong></span> 
     </span>
    </p>
   </div>
   <div class='ocr_carea' id='block_1_66' title="bbox 547 3359 2060 3433">
    <p class='ocr_par' dir='ltr' id='par_1_66' title="bbox 547 3359 2060 3433">
     <span class='ocr_line' id='line_1_66' title="bbox 547 3359 2060 3433; baseline -0.006 -10"><span class='ocrx_word' id='word_1_504' title='bbox 547 3369 850 3433; x_wconf 68' lang='lat' dir='ltr'><strong>Praeterea,</strong></span> <span class='ocrx_word' id='word_1_505' title='bbox 884 3378 954 3419; x_wconf 91' lang='lat' dir='ltr'><strong>ne</strong></span> <span class='ocrx_word' id='word_1_506' title='bbox 1005 3363 1128 3419; x_wconf 69' lang='lat' dir='ltr'><strong>duae</strong></span> <span class='ocrx_word' id='word_1_507' title='bbox 1174 3371 1386 3418; x_wconf 81' lang='lat' dir='ltr'><strong>naturae</strong></span> <span class='ocrx_word' id='word_1_508' title='bbox 1417 3360 1472 3416; x_wconf 89' lang='lat' dir='ltr'><strong>in</strong></span> <span class='ocrx_word' id='word_1_509' title='bbox 1509 3359 1731 3416; x_wconf 88' lang='lat' dir='ltr'><strong>Christo</strong></span> <span class='ocrx_word' id='word_1_510' title='bbox 1784 3359 2060 3424; x_wconf 89' lang='lat' dir='ltr'><strong>dicantur,</strong></span> 
     </span>
    </p>
   </div>
   <div class='ocr_carea' id='block_1_67' title="bbox 446 3451 2066 3531">
    <p class='ocr_par' dir='ltr' id='par_1_67' title="bbox 446 3451 2066 3531">
     <span class='ocr_line' id='line_1_67' title="bbox 446 3451 2066 3531; baseline -0.007 -15"><span class='ocrx_word' id='word_1_511' title='bbox 446 3458 808 3531; x_wconf 71' lang='lat' dir='ltr'><strong>’hujusmodi</strong></span> <span class='ocrx_word' id='word_1_512' title='bbox 861 3455 1238 3512; x_wconf 85' lang='lat' dir='ltr'><strong>dubitationes</strong></span> <span class='ocrx_word' id='word_1_513' title='bbox 1281 3453 1744 3524; x_wconf 79' lang='lat' dir='ltr'><strong>opponitisznon</strong></span> <span class='ocrx_word' id='word_1_514' title='bbox 1807 3451 1955 3507; x_wconf 91' lang='lat' dir='ltr'><strong>enim</strong></span> <span class='ocrx_word' id='word_1_515' title='bbox 2005 3458 2066 3504; x_wconf 92' lang='lat' dir='ltr'><strong>ut</strong></span> 
     </span>
    </p>
   </div>
   <div class='ocr_carea' id='block_1_68' title="bbox 491 3542 2064 3614">
    <p class='ocr_par' dir='ltr' id='par_1_68' title="bbox 491 3542 2064 3614">
     <span class='ocr_line' id='line_1_68' title="bbox 491 3542 2064 3614; baseline -0.007 -9"><span class='ocrx_word' id='word_1_516' title='bbox 491 3551 653 3614; x_wconf 89' lang='lat' dir='ltr'><strong>duas,-</strong></span> <span class='ocrx_word' id='word_1_517' title='bbox 679 3557 736 3604; x_wconf 90' lang='lat' dir='ltr'><strong>et</strong></span> <span class='ocrx_word' id='word_1_518' title='bbox 785 3562 951 3602; x_wconf 85' lang='lat' dir='ltr'><strong>unam</strong></span> <span class='ocrx_word' id='word_1_519' title='bbox 983 3545 1127 3600; x_wconf 86' lang='lat' dir='ltr'><strong>sicut</strong></span> <span class='ocrx_word' id='word_1_520' title='bbox 1170 3545 1226 3600; x_wconf 88' lang='lat' dir='ltr'><strong>in</strong></span> <span class='ocrx_word' id='word_1_521' title='bbox 1255 3543 1416 3598; x_wconf 88' lang='lat' dir='ltr'><strong>nobis</strong></span> <span class='ocrx_word' id='word_1_522' title='bbox 1444 3543 1661 3610; x_wconf 88' lang='lat' dir='ltr'><strong>dicatis,</strong></span> <span class='ocrx_word' id='word_1_523' title='bbox 1687 3542 1782 3598; x_wconf 90' lang='lat' dir='ltr'><strong>sed</strong></span> <span class='ocrx_word' id='word_1_524' title='bbox 1818 3551 1879 3596; x_wconf 91' lang='lat' dir='ltr'><strong>ut</strong></span> <span class='ocrx_word' id='word_1_525' title='bbox 1900 3557 2064 3596; x_wconf 87' lang='lat' dir='ltr'><strong>unam</strong></span> 
     </span>
    </p>
   </div>
   <div class='ocr_carea' id='block_1_69' title="bbox 491 3631 2062 3700">
    <p class='ocr_par' dir='ltr' id='par_1_69' title="bbox 491 3631 2062 3700">
     <span class='ocr_line' id='line_1_69' title="bbox 491 3631 2062 3700; baseline -0.007 -4"><span class='ocrx_word' id='word_1_526' title='bbox 491 3641 662 3696; x_wconf 87' lang='lat' dir='ltr'><strong>solam</strong></span> <span class='ocrx_word' id='word_1_527' title='bbox 695 3657 708 3692; x_wconf 92' lang='lat'>:</span> <span class='ocrx_word' id='word_1_528' title='bbox 745 3637 876 3692; x_wconf 91' lang='lat' dir='ltr'><strong>hinc</strong></span> <span class='ocrx_word' id='word_1_529' title='bbox 907 3636 1054 3691; x_wconf 92' lang='lat' dir='ltr'><strong>enim</strong></span> <span class='ocrx_word' id='word_1_530' title='bbox 1085 3634 1243 3690; x_wconf 85' lang='lat' dir='ltr'><strong>vobis</strong></span> <span class='ocrx_word' id='word_1_531' title='bbox 1267 3634 1433 3690; x_wconf 90' lang='lat' dir='ltr'><strong>etiam</strong></span> <span class='ocrx_word' id='word_1_532' title='bbox 1457 3648 1566 3687; x_wconf 90' lang='lat' dir='ltr'><strong>non</strong></span> <span class='ocrx_word' id='word_1_533' title='bbox 1585 3631 1908 3686; x_wconf 49' lang='lat' dir='ltr'><strong>scientibus</strong></span> <span class='ocrx_word' id='word_1_534' title='bbox 1943 3646 2062 3700; x_wconf 89' lang='lat' dir='ltr'><strong>pas-</strong></span> 
     </span>
    </p>
   </div>
   <div class='ocr_carea' id='block_1_70' title="bbox 491 3721 2069 3803">
    <p class='ocr_par' dir='ltr' id='par_1_70' title="bbox 491 3721 2069 3803">
     <span class='ocr_line' id='line_1_70' title="bbox 491 3721 2069 3803; baseline -0.008 -15"><span class='ocrx_word' id='word_1_535' title='bbox 491 3732 576 3789; x_wconf 90' lang='lat' dir='ltr'><strong>sio</strong></span> <span class='ocrx_word' id='word_1_536' title='bbox 603 3727 943 3786; x_wconf 83' lang='lat' dir='ltr'><strong>confusionis</strong></span> <span class='ocrx_word' id='word_1_537' title='bbox 976 3727 1202 3796; x_wconf 89' lang='lat' dir='ltr'><strong>insuper</strong></span> <span class='ocrx_word' id='word_1_538' title='bbox 1229 3725 1472 3788; x_wconf 80' lang='lat' dir='ltr'><strong>advenit,</strong></span> <span class='ocrx_word' id='word_1_539' title='bbox 1503 3731 1559 3803; x_wconf 83' lang='lat' dir='ltr'><strong>e_t</strong></span> <span class='ocrx_word' id='word_1_540' title='bbox 1587 3739 1690 3777; x_wconf 90' lang='lat' dir='ltr'><strong>nec</strong></span> <span class='ocrx_word' id='word_1_541' title='bbox 1717 3722 1901 3794; x_wconf 84' lang='lat' dir='ltr'><strong>passio</strong></span> <span class='ocrx_word' id='word_1_542' title='bbox 1927 3721 2069 3776; x_wconf 81' lang='lat' dir='ltr'><strong>divi-</strong></span> 
     </span>
    </p>
   </div>
   <div class='ocr_carea' id='block_1_71' title="bbox 493 3816 2067 3880">
    <p class='ocr_par' dir='ltr' id='par_1_71' title="bbox 493 3816 2067 3880">
     <span class='ocr_line' id='line_1_71' title="bbox 493 3816 2067 3880; baseline -0.008 -2"><span class='ocrx_word' id='word_1_543' title='bbox 493 3823 668 3880; x_wconf 88' lang='lat' dir='ltr'><strong>sionis</strong></span> <span class='ocrx_word' id='word_1_544' title='bbox 714 3818 942 3874; x_wconf 91' lang='lat' dir='ltr'><strong>recedit.</strong></span> <span class='ocrx_word' id='word_1_545' title='bbox 979 3818 1102 3872; x_wconf 90' lang='lat' dir='ltr'><strong>Non</strong></span> <span class='ocrx_word' id='word_1_546' title='bbox 1141 3816 1290 3870; x_wconf 87' lang='lat' dir='ltr'><strong>enim</strong></span> <span class='ocrx_word' id='word_1_547' title='bbox 1337 3830 1564 3870; x_wconf 89' lang='lat' dir='ltr'><strong>necesse</strong></span> <span class='ocrx_word' id='word_1_548' title='bbox 1597 3821 1683 3870; x_wconf 91' lang='lat' dir='ltr'><strong>est</strong></span> <span class='ocrx_word' id='word_1_549' title='bbox 1740 3821 1802 3866; x_wconf 89' lang='lat' dir='ltr'><strong>ut</strong></span> <span class='ocrx_word' id='word_1_550' title='bbox 1829 3828 1938 3867; x_wconf 91' lang='lat' dir='ltr'><strong>una</strong></span> <span class='ocrx_word' id='word_1_551' title='bbox 1967 3829 2067 3867; x_wconf 90' lang='lat' dir='ltr'><strong>na-</strong></span> 
     </span>
    </p>
   </div>
   <div class='ocr_carea' id='block_1_72' title="bbox 494 3905 2070 3974">
    <p class='ocr_par' dir='ltr' id='par_1_72' title="bbox 494 3905 2070 3974">
     <span class='ocr_line' id='line_1_72' title="bbox 494 3905 2070 3974; baseline -0.006 -7"><span class='ocrx_word' id='word_1_552' title='bbox 494 3924 619 3968; x_wconf 87' lang='lat' dir='ltr'><strong>tura</strong></span> <span class='ocrx_word' id='word_1_553' title='bbox 652 3924 820 3964; x_wconf 90' lang='lat' dir='ltr'><strong>unum</strong></span> <span class='ocrx_word' id='word_1_554' title='bbox 865 3922 1098 3962; x_wconf 90' lang='lat' dir='ltr'><strong>numero</strong></span> <span class='ocrx_word' id='word_1_555' title='bbox 1139 3907 1230 3970; x_wconf 89' lang='lat' dir='ltr'><strong>sit,</strong></span> <span class='ocrx_word' id='word_1_556' title='bbox 1261 3907 1510 3974; x_wconf 90' lang='lat' dir='ltr'><strong>quinimo</strong></span> <span class='ocrx_word' id='word_1_557' title='bbox 1537 3913 1648 3958; x_wconf 89' lang='lat' dir='ltr'><strong>tam</strong></span> <span class='ocrx_word' id='word_1_558' title='bbox 1675 3905 1868 3969; x_wconf 91' lang='lat' dir='ltr'><strong>multa,</strong></span> <span class='ocrx_word' id='word_1_559' title='bbox 1899 3912 1955 3958; x_wconf 91' lang='lat' dir='ltr'><strong>et</strong></span> <span class='ocrx_word' id='word_1_560' title='bbox 1987 3910 2070 3958; x_wconf 84' lang='lat' dir='ltr'><strong>tot</strong></span> 
     </span>
    </p>
   </div>
   <div class='ocr_carea' id='block_1_73' title="bbox 494 3991 2067 4066">
    <p class='ocr_par' dir='ltr' id='par_1_73' title="bbox 494 3991 2067 4066">
     <span class='ocr_line' id='line_1_73' title="bbox 494 3991 2067 4066; baseline -0.009 -8"><span class='ocrx_word' id='word_1_561' title='bbox 494 4013 750 4062; x_wconf 83' lang='lat' dir='ltr'><strong>numero,</strong></span> <span class='ocrx_word' id='word_1_562' title='bbox 779 4004 940 4066; x_wconf 25' lang='lat' dir='ltr'><strong>quot,</strong></span> <span class='ocrx_word' id='word_1_563' title='bbox 968 4003 1098 4049; x_wconf 91' lang='lat' dir='ltr'><strong>sunt</strong></span> <span class='ocrx_word' id='word_1_564' title='bbox 1140 3995 1466 4064; x_wconf 86' lang='lat' dir='ltr'><strong>bypostases</strong></span> <span class='ocrx_word' id='word_1_565' title='bbox 1505 3992 1843 4060; x_wconf 87' lang='lat' dir='ltr'><strong>complentes</strong></span> <span class='ocrx_word' id='word_1_566' title='bbox 1893 3991 2067 4053; x_wconf 87' lang='lat' dir='ltr'><strong>ipsam</strong></span> 
     </span>
    </p>
   </div>
   <div class='ocr_carea' id='block_1_74' title="bbox 496 4079 2068 4149">
    <p class='ocr_par' dir='ltr' id='par_1_74' title="bbox 496 4079 2068 4149">
     <span class='ocr_line' id='line_1_74' title="bbox 496 4079 2068 4149; baseline -0.008 -3"><span class='ocrx_word' id='word_1_567' title='bbox 496 4098 774 4146; x_wconf 87' lang='lat' dir='ltr'><strong>naturam.</strong></span> <span class='ocrx_word' id='word_1_568' title='bbox 797 4083 1222 4140; x_wconf 86' lang='lat' dir='ltr'><strong>Consideremus</strong></span> <span class='ocrx_word' id='word_1_569' title='bbox 1247 4081 1410 4136; x_wconf 89' lang='lat' dir='ltr'><strong>etiam</strong></span> <span class='ocrx_word' id='word_1_570' title='bbox 1437 4080 1518 4136; x_wconf 92' lang='lat' dir='ltr'><strong>sic</strong></span> <span class='ocrx_word' id='word_1_571' title='bbox 1547 4097 1560 4132; x_wconf 89' lang='lat'><strong>:</strong></span> <span class='ocrx_word' id='word_1_572' title='bbox 1584 4095 1706 4149; x_wconf 77' lang='lat' dir='ltr'><strong>qnte</strong></span> <span class='ocrx_word' id='word_1_573' title='bbox 1731 4088 1860 4133; x_wconf 87' lang='lat' dir='ltr'><strong>sunt</strong></span> <span class='ocrx_word' id='word_1_574' title='bbox 1889 4079 2068 4134; x_wconf 82' lang='lat' dir='ltr'><strong>eidem</strong></span> 
     </span>
    </p>
   </div>
   <div class='ocr_carea' id='block_1_75' title="bbox 496 4169 2068 4252">
    <p class='ocr_par' dir='ltr' id='par_1_75' title="bbox 496 4169 2068 4252">
     <span class='ocr_line' id='line_1_75' title="bbox 496 4169 2068 4252; baseline -0.009 -14"><span class='ocrx_word' id='word_1_575' title='bbox 496 4179 750 4252; x_wconf 79' lang='lat' dir='ltr'><strong>aequalia,</strong></span> <span class='ocrx_word' id='word_1_576' title='bbox 777 4175 924 4230; x_wconf 87' lang='lat' dir='ltr'><strong>inter</strong></span> <span class='ocrx_word' id='word_1_577' title='bbox 962 4190 1021 4230; x_wconf 89' lang='lat' dir='ltr'><strong>se</strong></span> <span class='ocrx_word' id='word_1_578' title='bbox 1051 4181 1180 4230; x_wconf 88' lang='lat' dir='ltr'><strong>sunt</strong></span> <span class='ocrx_word' id='word_1_579' title='bbox 1219 4171 1472 4242; x_wconf 73' lang='lat' dir='ltr'><strong>aequalia.</strong></span> <span class='ocrx_word' id='word_1_580' title='bbox 1513 4169 1868 4226; x_wconf 88' lang='lat' dir='ltr'><strong>Describatur</strong></span> <span class='ocrx_word' id='word_1_581' title='bbox 1894 4170 2068 4224; x_wconf 85' lang='lat' dir='ltr'><strong>trian-</strong></span> 
     </span>
    </p>
   </div>
   <div class='ocr_carea' id='block_1_76' title="bbox 463 4260 2071 4346">
    <p class='ocr_par' dir='ltr' id='par_1_76' title="bbox 463 4260 2071 4346">
     <span class='ocr_line' id='line_1_76' title="bbox 463 4260 2071 4346; baseline -0.009 -17"><span class='ocrx_word' id='word_1_582' title='bbox 463 4273 468 4278; x_wconf 84' lang='grc'><em>’</em></span> <span class='ocrx_word' id='word_1_583' title='bbox 499 4274 662 4346; x_wconf 71' lang='lat' dir='ltr'><strong>gulus</strong></span> <span class='ocrx_word' id='word_1_584' title='bbox 685 4265 1042 4337; x_wconf 70' lang='lat' dir='ltr'><strong>azquilaterus</strong></span> <span class='ocrx_word' id='word_1_585' title='bbox 1077 4262 1468 4334; x_wconf 77' lang='lat' dir='ltr'><strong>rectangulus:</strong></span> <span class='ocrx_word' id='word_1_586' title='bbox 1501 4271 1564 4317; x_wconf 92' lang='lat' dir='ltr'><strong>ut</strong></span> <span class='ocrx_word' id='word_1_587' title='bbox 1611 4262 1760 4316; x_wconf 90' lang='lat' dir='ltr'><strong>enim</strong></span> <span class='ocrx_word' id='word_1_588' title='bbox 1807 4276 1866 4314; x_wconf 88' lang='lat' dir='ltr'><strong>se</strong></span> <span class='ocrx_word' id='word_1_589' title='bbox 1904 4260 2071 4315; x_wconf 89' lang='lat' dir='ltr'><strong>habet</strong></span> 
     </span>
    </p>
   </div>
   <div class='ocr_carea' id='block_1_77' title="bbox 497 4351 2072 4441">
    <p class='ocr_par' dir='ltr' id='par_1_77' title="bbox 497 4351 2072 4441">
     <span class='ocr_line' id='line_1_77' title="bbox 497 4351 2072 4441; baseline -0.01 -21"><span class='ocrx_word' id='word_1_590' title='bbox 497 4367 740 4441; x_wconf 82' lang='lat' dir='ltr'><strong>primum</strong></span> <span class='ocrx_word' id='word_1_591' title='bbox 771 4365 916 4420; x_wconf 89' lang='lat' dir='ltr'><strong>latus</strong></span> <span class='ocrx_word' id='word_1_592' title='bbox 944 4359 1014 4415; x_wconf 84' lang='lat' dir='ltr'><strong>ad</strong></span> <span class='ocrx_word' id='word_1_593' title='bbox 1054 4355 1382 4416; x_wconf 89' lang='lat' dir='ltr'><strong>secundum.</strong></span> <span class='ocrx_word' id='word_1_594' title='bbox 1414 4362 1471 4408; x_wconf 90' lang='lat' dir='ltr'><strong>et</strong></span> <span class='ocrx_word' id='word_1_595' title='bbox 1519 4352 1823 4408; x_wconf 89' lang='lat' dir='ltr'><strong>secundum</strong></span> <span class='ocrx_word' id='word_1_596' title='bbox 1861 4351 1928 4406; x_wconf 90' lang='lat' dir='ltr'><strong>ad</strong></span> <span class='ocrx_word' id='word_1_597' title='bbox 1959 4360 2072 4406; x_wconf 85' lang='lat' dir='ltr'><strong>ter-</strong></span> 
     </span>
    </p>
   </div>
   <div class='ocr_carea' id='block_1_78' title="bbox 501 4441 2070 4520">
    <p class='ocr_par' dir='ltr' id='par_1_78' title="bbox 501 4441 2070 4520">
     <span class='ocr_line' id='line_1_78' title="bbox 501 4441 2070 4520; baseline -0.01 -9"><span class='ocrx_word' id='word_1_598' title='bbox 501 4457 666 4520; x_wconf 85' lang='lat' dir='ltr'><strong>tium,</strong></span> <span class='ocrx_word' id='word_1_599' title='bbox 697 4455 777 4510; x_wconf 86' lang='lat' dir='ltr'><strong>ita</strong></span> <span class='ocrx_word' id='word_1_600' title='bbox 815 4469 872 4509; x_wconf 89' lang='lat' dir='ltr'><strong>se</strong></span> <span class='ocrx_word' id='word_1_601' title='bbox 913 4450 1090 4506; x_wconf 81' lang='lat' dir='ltr'><strong>habet</strong></span> <span class='ocrx_word' id='word_1_602' title='bbox 1116 4447 1354 4518; x_wconf 91' lang='lat' dir='ltr'><strong>primum</strong></span> <span class='ocrx_word' id='word_1_603' title='bbox 1390 4443 1460 4498; x_wconf 86' lang='lat' dir='ltr'><strong>ad</strong></span> <span class='ocrx_word' id='word_1_604' title='bbox 1499 4451 1829 4498; x_wconf 78' lang='lat' dir='ltr'><strong>extremum.</strong></span> <span class='ocrx_word' id='word_1_605' title='bbox 1877 4441 2070 4498; x_wconf 89' lang='lat' dir='ltr'><strong>Scribe</strong></span> 
     </span>
    </p>
   </div>
   <div class='ocr_carea' id='block_1_79' title="bbox 502 4531 2076 4616">
    <p class='ocr_par' dir='ltr' id='par_1_79' title="bbox 502 4531 2076 4616">
     <span class='ocr_line' id='line_1_79' title="bbox 502 4531 2076 4616; baseline -0.01 -16"><span class='ocrx_word' id='word_1_606' title='bbox 502 4546 673 4616; x_wconf 77' lang='lat' dir='ltr'><strong>igitur</strong></span> <span class='ocrx_word' id='word_1_607' title='bbox 713 4544 814 4597; x_wconf 90' lang='lat' dir='ltr'><strong>tria</strong></span> <span class='ocrx_word' id='word_1_608' title='bbox 864 4542 1036 4597; x_wconf 82' lang='lat' dir='ltr'><strong>latera</strong></span> <span class='ocrx_word' id='word_1_609' title='bbox 1061 4537 1194 4608; x_wconf 62' lang='lat' dir='ltr'><strong>(Si),</strong></span> <span class='ocrx_word' id='word_1_610' title='bbox 1226 4543 1284 4590; x_wconf 90' lang='lat' dir='ltr'><strong>et</strong></span> <span class='ocrx_word' id='word_1_611' title='bbox 1313 4533 1382 4588; x_wconf 91' lang='lat' dir='ltr'><strong>da</strong></span> <span class='ocrx_word' id='word_1_612' title='bbox 1425 4542 1536 4588; x_wconf 87' lang='lat' dir='ltr'><strong>tres</strong></span> <span class='ocrx_word' id='word_1_613' title='bbox 1566 4546 1832 4616; x_wconf 88' lang='lat' dir='ltr'><strong>personas</strong></span> <span class='ocrx_word' id='word_1_614' title='bbox 1851 4531 1905 4586; x_wconf 90' lang='lat' dir='ltr'><strong>in</strong></span> <span class='ocrx_word' id='word_1_615' title='bbox 1931 4547 2076 4586; x_wconf 88' lang='lat' dir='ltr'><strong>uno-</strong></span> 
     </span>
    </p>
   </div>
   <div class='ocr_carea' id='block_1_80' title="bbox 2235 3358 3736 3432">
    <p class='ocr_par' dir='ltr' id='par_1_80' title="bbox 2235 3358 3736 3432">
     <span class='ocr_line' id='line_1_80' title="bbox 2235 3358 3736 3432; baseline 0.005 -19"><span class='ocrx_word' id='word_1_616' title='bbox 2235 3359 2346 3413; x_wconf 71' lang='grc' dir='ltr'>Καὶ</span> <span class='ocrx_word' id='word_1_617' title='bbox 2392 3358 2568 3422; x_wconf 80' lang='grc' dir='ltr'>ἄλλως</span> <span class='ocrx_word' id='word_1_618' title='bbox 2628 3359 2718 3412; x_wconf 76' lang='grc' dir='ltr'><strong>ἐπ’</strong></span> <span class='ocrx_word' id='word_1_619' title='bbox 2747 3360 3028 3432; x_wconf 83' lang='grc' dir='ltr'>ἀναιρέσει</span> <span class='ocrx_word' id='word_1_620' title='bbox 3085 3360 3176 3416; x_wconf 77' lang='grc' dir='ltr'><strong>τοῦ</strong></span> <span class='ocrx_word' id='word_1_621' title='bbox 3236 3361 3332 3414; x_wconf 74' lang='grc' dir='ltr'>δύο</span> <span class='ocrx_word' id='word_1_622' title='bbox 3380 3361 3556 3430; x_wconf 87' lang='grc' dir='ltr'>λέγειν</span> <span class='ocrx_word' id='word_1_623' title='bbox 3585 3405 3600 3432; x_wconf 92' lang='grc'><strong>,</strong></span> <span class='ocrx_word' id='word_1_624' title='bbox 3631 3367 3736 3431; x_wconf 74' lang='grc' dir='ltr'>τὰς</span> 
     </span>
    </p>
   </div>
   <div class='ocr_carea' id='block_1_81' title="bbox 2164 3449 3739 3524">
    <p class='ocr_par' dir='ltr' id='par_1_81' title="bbox 2164 3449 3739 3524">
     <span class='ocr_line' id='line_1_81' title="bbox 2164 3449 3739 3524; baseline 0.006 -22"><span class='ocrx_word' id='word_1_625' title='bbox 2164 3449 2420 3513; x_wconf 80' lang='grc' dir='ltr'>τοιαύτας</span> <span class='ocrx_word' id='word_1_626' title='bbox 2447 3451 2826 3521; x_wconf 79' lang='grc' dir='ltr'>ἐπαπορήσεις</span> <span class='ocrx_word' id='word_1_627' title='bbox 2859 3453 3190 3524; x_wconf 82' lang='grc' dir='ltr'>προϊσχεσθε</span> <span class='ocrx_word' id='word_1_628' title='bbox 3218 3468 3234 3480; x_wconf 88' lang='grc'><strong>·</strong></span> <span class='ocrx_word' id='word_1_629' title='bbox 3262 3454 3322 3506; x_wconf 85' lang='grc' dir='ltr'><strong>ού</strong></span> <span class='ocrx_word' id='word_1_630' title='bbox 3363 3454 3468 3524; x_wconf 82' lang='grc' dir='ltr'>γὰρ</span> <span class='ocrx_word' id='word_1_631' title='bbox 3512 3454 3601 3509; x_wconf 80' lang='grc' dir='ltr'>ἵνα</span> <span class='ocrx_word' id='word_1_632' title='bbox 3637 3459 3739 3512; x_wconf 73' lang='grc' dir='ltr'>καὶ</span> 
     </span>
    </p>
   </div>
   <div class='ocr_carea' id='block_1_82' title="bbox 2164 3540 3742 3618">
    <p class='ocr_par' dir='ltr' id='par_1_82' title="bbox 2164 3540 3742 3618">
     <span class='ocr_line' id='line_1_82' title="bbox 2164 3540 3742 3618; baseline 0.005 -25"><span class='ocrx_word' id='word_1_633' title='bbox 2164 3540 2258 3594; x_wconf 85' lang='grc' dir='ltr'>δύο</span> <span class='ocrx_word' id='word_1_634' title='bbox 2283 3541 2377 3593; x_wconf 78' lang='grc' dir='ltr'>καὶ</span> <span class='ocrx_word' id='word_1_635' title='bbox 2409 3540 2560 3610; x_wconf 88' lang='grc' dir='ltr'>μίαν,</span> <span class='ocrx_word' id='word_1_636' title='bbox 2590 3541 2781 3612; x_wconf 78' lang='grc' dir='ltr'>ὥσπερ</span> <span class='ocrx_word' id='word_1_637' title='bbox 2807 3542 3066 3606; x_wconf 71' lang='grc' dir='ltr'>ἐνταῦθα,</span> <span class='ocrx_word' id='word_1_638' title='bbox 3100 3543 3317 3612; x_wconf 78' lang='grc' dir='ltr'>εῑπητε,</span> <span class='ocrx_word' id='word_1_639' title='bbox 3348 3545 3466 3598; x_wconf 75' lang='grc' dir='ltr'>ἀλλ’</span> <span class='ocrx_word' id='word_1_640' title='bbox 3489 3545 3577 3600; x_wconf 88' lang='grc' dir='ltr'>ἴνα</span> <span class='ocrx_word' id='word_1_641' title='bbox 3605 3547 3742 3618; x_wconf 80' lang='grc' dir='ltr'>μίαν</span> 
     </span>
    </p>
   </div>
   <div class='ocr_carea' id='block_1_83' title="bbox 2170 3631 3740 3708">
    <p class='ocr_par' dir='ltr' id='par_1_83' title="bbox 2170 3631 3740 3708">
     <span class='ocr_line' id='line_1_83' title="bbox 2170 3631 3740 3708; baseline 0.007 -26"><span class='ocrx_word' id='word_1_642' title='bbox 2170 3631 2366 3700; x_wconf 83' lang='grc' dir='ltr'>μόνην·</span> <span class='ocrx_word' id='word_1_643' title='bbox 2393 3631 2644 3686; x_wconf 76' lang='grc' dir='ltr'>ἐντεῦθεν</span> <span class='ocrx_word' id='word_1_644' title='bbox 2666 3633 2774 3704; x_wconf 85' lang='grc' dir='ltr'><strong>γὰρ</strong></span> <span class='ocrx_word' id='word_1_645' title='bbox 2806 3634 2903 3686; x_wconf 79' lang='grc' dir='ltr'>καὶ</span> <span class='ocrx_word' id='word_1_646' title='bbox 2934 3633 3009 3705; x_wconf 81' lang='grc' dir='ltr'>μὴ</span> <span class='ocrx_word' id='word_1_647' title='bbox 3043 3634 3390 3705; x_wconf 80' lang='grc' dir='ltr'>βουλομένοις</span> <span class='ocrx_word' id='word_1_648' title='bbox 3416 3638 3542 3706; x_wconf 81' lang='grc' dir='ltr'>ὑμῖν</span> <span class='ocrx_word' id='word_1_649' title='bbox 3561 3640 3621 3692; x_wconf 76' lang='grc' dir='ltr'>τὸ</span> <span class='ocrx_word' id='word_1_650' title='bbox 3639 3641 3740 3708; x_wconf 74' lang='grc' dir='ltr'>τῆς</span> 
     </span>
    </p>
   </div>
   <div class='ocr_carea' id='block_1_84' title="bbox 2168 3723 3741 3800">
    <p class='ocr_par' dir='ltr' id='par_1_84' title="bbox 2168 3723 3741 3800">
     <span class='ocr_line' id='line_1_84' title="bbox 2168 3723 3741 3800; baseline 0.006 -26"><span class='ocrx_word' id='word_1_651' title='bbox 2168 3723 2486 3793; x_wconf 86' lang='grc' dir='ltr'>συγχύσεως</span> <span class='ocrx_word' id='word_1_652' title='bbox 2519 3724 2742 3778; x_wconf 79' lang='grc' dir='ltr'>ἐπιπλεῖ</span> <span class='ocrx_word' id='word_1_653' title='bbox 2772 3724 2966 3788; x_wconf 81' lang='grc' dir='ltr'>πάθος.</span> <span class='ocrx_word' id='word_1_654' title='bbox 3005 3727 3114 3779; x_wconf 77' lang='grc' dir='ltr'><strong>Καὶ</strong></span> <span class='ocrx_word' id='word_1_655' title='bbox 3154 3725 3278 3782; x_wconf 78' lang='grc' dir='ltr'>οὔτε</span> <span class='ocrx_word' id='word_1_656' title='bbox 3312 3727 3370 3780; x_wconf 80' lang='grc' dir='ltr'>τὸ</span> <span class='ocrx_word' id='word_1_657' title='bbox 3403 3727 3503 3798; x_wconf 82' lang='grc' dir='ltr'>τῆς</span> <span class='ocrx_word' id='word_1_658' title='bbox 3530 3729 3741 3800; x_wconf 56' lang='grc' dir='ltr'>διαιρέτ</span> 
     </span>
    </p>
   </div>
   <div class='ocr_carea' id='block_1_85' title="bbox 2169 3815 3740 3889">
    <p class='ocr_par' dir='ltr' id='par_1_85' title="bbox 2169 3815 3740 3889">
     <span class='ocr_line' id='line_1_85' title="bbox 2169 3815 3740 3889; baseline 0.004 -24"><span class='ocrx_word' id='word_1_659' title='bbox 2169 3831 2308 3877; x_wconf 83' lang='grc' dir='ltr'>σεως</span> <span class='ocrx_word' id='word_1_660' title='bbox 2351 3815 2628 3886; x_wconf 82' lang='grc' dir='ltr'>ὑποχωρεῖ</span> <span class='ocrx_word' id='word_1_661' title='bbox 2649 3831 2662 3845; x_wconf 78' lang='grc' dir='ltr'><strong><em>ο</em></strong></span> <span class='ocrx_word' id='word_1_662' title='bbox 2693 3815 2756 3868; x_wconf 81' lang='grc' dir='ltr'>οὐ</span> <span class='ocrx_word' id='word_1_663' title='bbox 2805 3815 2914 3888; x_wconf 79' lang='grc' dir='ltr'><strong>γὰρ</strong></span> <span class='ocrx_word' id='word_1_664' title='bbox 2943 3817 3158 3888; x_wconf 86' lang='grc' dir='ltr'>ἀνάγκη</span> <span class='ocrx_word' id='word_1_665' title='bbox 3203 3817 3302 3888; x_wconf 76' lang='grc' dir='ltr'>τὴν</span> <span class='ocrx_word' id='word_1_666' title='bbox 3331 3819 3458 3889; x_wconf 89' lang='grc' dir='ltr'>μίαν</span> <span class='ocrx_word' id='word_1_667' title='bbox 3493 3819 3652 3888; x_wconf 84' lang='grc' dir='ltr'>φύσιν</span> <span class='ocrx_word' id='word_1_668' title='bbox 3680 3821 3740 3874; x_wconf 79' lang='grc' dir='ltr'><strong>ἔν</strong></span> 
     </span>
    </p>
   </div>
   <div class='ocr_carea' id='block_1_86' title="bbox 2169 3901 3740 3979">
    <p class='ocr_par' dir='ltr' id='par_1_86' title="bbox 2169 3901 3740 3979">
     <span class='ocr_line' id='line_1_86' title="bbox 2169 3901 3740 3979; baseline 0.006 -23"><span class='ocrx_word' id='word_1_669' title='bbox 2169 3901 2310 3958; x_wconf 78' lang='grc' dir='ltr'>εἶναι</span> <span class='ocrx_word' id='word_1_670' title='bbox 2366 3905 2444 3975; x_wconf 80' lang='grc' dir='ltr'><strong>τῷ</strong></span> <span class='ocrx_word' id='word_1_671' title='bbox 2496 3906 2757 3977; x_wconf 62' lang='grc' dir='ltr'>ἀριθμιῖν</span> <span class='ocrx_word' id='word_1_672' title='bbox 2786 3908 2836 3961; x_wconf 84' lang='grc' dir='ltr'><strong>εί</strong></span> <span class='ocrx_word' id='word_1_673' title='bbox 2887 3908 2962 3979; x_wconf 79' lang='grc' dir='ltr'>μὴ</span> <span class='ocrx_word' id='word_1_674' title='bbox 3007 3910 3105 3964; x_wconf 72' lang='grc' dir='ltr'><strong>καὶ</strong></span> <span class='ocrx_word' id='word_1_675' title='bbox 3156 3909 3390 3978; x_wconf 80' lang='grc' dir='ltr'>μάλιστα</span> <span class='ocrx_word' id='word_1_676' title='bbox 3430 3911 3599 3966; x_wconf 76' lang='grc' dir='ltr'>πολλὰ</span> <span class='ocrx_word' id='word_1_677' title='bbox 3644 3913 3740 3967; x_wconf 76' lang='grc' dir='ltr'>καὶ</span> 
     </span>
    </p>
   </div>
   <div class='ocr_carea' id='block_1_87' title="bbox 2167 3991 3740 4072">
    <p class='ocr_par' dir='ltr' id='par_1_87' title="bbox 2167 3991 3740 4072">
     <span class='ocr_line' id='line_1_87' title="bbox 2167 3991 3740 4072; baseline 0.006 -28"><span class='ocrx_word' id='word_1_678' title='bbox 2167 3991 2410 4047; x_wconf 79' lang='grc' dir='ltr'>τοσαῦτα</span> <span class='ocrx_word' id='word_1_679' title='bbox 2431 3993 2508 4064; x_wconf 84' lang='grc' dir='ltr'>τῷ</span> <span class='ocrx_word' id='word_1_680' title='bbox 2545 3994 2766 4066; x_wconf 84' lang='grc' dir='ltr'>ἀριθμῷ</span> <span class='ocrx_word' id='word_1_681' title='bbox 2795 3996 2904 4065; x_wconf 81' lang='grc' dir='ltr'>εἴη,</span> <span class='ocrx_word' id='word_1_682' title='bbox 2925 3997 3048 4050; x_wconf 83' lang='grc' dir='ltr'>ὅσαι</span> <span class='ocrx_word' id='word_1_683' title='bbox 3079 3999 3173 4050; x_wconf 71' lang='grc' dir='ltr'>καὶ</span> <span class='ocrx_word' id='word_1_684' title='bbox 3211 3999 3268 4050; x_wconf 77' lang='grc' dir='ltr'><strong>αἱ</strong></span> <span class='ocrx_word' id='word_1_685' title='bbox 3322 3999 3740 4072; x_wconf 78' lang='grc' dir='ltr'>συμπληροῦσαι</span> 
     </span>
    </p>
   </div>
   <div class='ocr_carea' id='block_1_88' title="bbox 2170 4084 3738 4162">
    <p class='ocr_par' dir='ltr' id='par_1_88' title="bbox 2170 4084 3738 4162">
     <span class='ocr_line' id='line_1_88' title="bbox 2170 4084 3738 4162; baseline 0.006 -26"><span class='ocrx_word' id='word_1_686' title='bbox 2170 4084 2340 4154; x_wconf 80' lang='grc' dir='ltr'>αὐτὴν</span> <span class='ocrx_word' id='word_1_687' title='bbox 2357 4086 2496 4138; x_wconf 77' lang='grc' dir='ltr'>εἰσιν</span> <span class='ocrx_word' id='word_1_688' title='bbox 2519 4086 2866 4150; x_wconf 82' lang='grc' dir='ltr'>ὑποστάσεις·</span> <span class='ocrx_word' id='word_1_689' title='bbox 2882 4088 3177 4157; x_wconf 84' lang='grc' dir='ltr'>σκοπῶμεν</span> <span class='ocrx_word' id='word_1_690' title='bbox 3201 4090 3257 4142; x_wconf 85' lang='grc' dir='ltr'><strong>δὲ</strong></span> <span class='ocrx_word' id='word_1_691' title='bbox 3287 4091 3382 4143; x_wconf 69' lang='grc' dir='ltr'>καὶ</span> <span class='ocrx_word' id='word_1_692' title='bbox 3409 4090 3586 4156; x_wconf 73' lang='grc' dir='ltr'>οὕτως</span> <span class='ocrx_word' id='word_1_693' title='bbox 3603 4091 3738 4162; x_wconf 63' lang='grc' dir='ltr'>(εεγ</span> 
     </span>
    </p>
   </div>
   <div class='ocr_carea' id='block_1_89' title="bbox 2169 4171 3740 4247">
    <p class='ocr_par' dir='ltr' id='par_1_89' title="bbox 2169 4171 3740 4247">
     <span class='ocr_line' id='line_1_89' title="bbox 2169 4171 3740 4247; baseline 0.008 -23"><span class='ocrx_word' id='word_1_694' title='bbox 2169 4173 2252 4226; x_wconf 83' lang='grc' dir='ltr'><strong>Τὰ</strong></span> <span class='ocrx_word' id='word_1_695' title='bbox 2311 4171 2388 4242; x_wconf 81' lang='grc' dir='ltr'><strong>τῷ</strong></span> <span class='ocrx_word' id='word_1_696' title='bbox 2433 4173 2583 4244; x_wconf 82' lang='grc' dir='ltr'>αὐτῷ</span> <span class='ocrx_word' id='word_1_697' title='bbox 2630 4173 2741 4240; x_wconf 78' lang='grc' dir='ltr'>ἴσα,</span> <span class='ocrx_word' id='word_1_698' title='bbox 2773 4177 2867 4229; x_wconf 79' lang='grc' dir='ltr'>καὶ</span> <span class='ocrx_word' id='word_1_699' title='bbox 2911 4176 3186 4246; x_wconf 79' lang='grc' dir='ltr'>ἀλλήλοις,</span> <span class='ocrx_word' id='word_1_700' title='bbox 3227 4179 3412 4247; x_wconf 75' lang='grc' dir='ltr'>φασὶν,</span> <span class='ocrx_word' id='word_1_701' title='bbox 3443 4179 3593 4234; x_wconf 75' lang='grc' dir='ltr'>ἔστιν</span> <span class='ocrx_word' id='word_1_702' title='bbox 3627 4183 3740 4236; x_wconf 64' lang='lat' dir='ltr'><strong>tua.</strong></span> 
     </span>
    </p>
   </div>
   <div class='ocr_carea' id='block_1_90' title="bbox 2171 4262 3744 4342">
    <p class='ocr_par' dir='ltr' id='par_1_90' title="bbox 2171 4262 3744 4342">
     <span class='ocr_line' id='line_1_90' title="bbox 2171 4262 3744 4342; baseline 0.007 -28"><span class='ocrx_word' id='word_1_703' title='bbox 2171 4262 2391 4316; x_wconf 84' lang='grc' dir='ltr'>Κείσθω</span> <span class='ocrx_word' id='word_1_704' title='bbox 2430 4263 2494 4334; x_wconf 84' lang='grc' dir='ltr'><strong>δὴ</strong></span> <span class='ocrx_word' id='word_1_705' title='bbox 2530 4265 2589 4318; x_wconf 78' lang='grc' dir='ltr'><strong>ὲν</strong></span> <span class='ocrx_word' id='word_1_706' title='bbox 2629 4265 3009 4337; x_wconf 68' lang='grc' dir='ltr'>διαγράμματι</span> <span class='ocrx_word' id='word_1_707' title='bbox 3061 4267 3396 4338; x_wconf 84' lang='grc' dir='ltr'>ίσόπλευρον,</span> <span class='ocrx_word' id='word_1_708' title='bbox 3419 4271 3744 4342; x_wconf 78' lang='grc' dir='ltr'>ὀρθογώνιον</span> 
     </span>
    </p>
   </div>
   <div class='ocr_carea' id='block_1_91' title="bbox 2170 4355 3743 4436">
    <p class='ocr_par' dir='ltr' id='par_1_91' title="bbox 2170 4355 3743 4436">
     <span class='ocr_line' id='line_1_91' title="bbox 2170 4355 3743 4436; baseline 0.006 -28"><span class='ocrx_word' id='word_1_709' title='bbox 2170 4355 2471 4426; x_wconf 84' lang='grc' dir='ltr'>τρίγωνον·</span> <span class='ocrx_word' id='word_1_710' title='bbox 2509 4357 2585 4421; x_wconf 83' lang='grc' dir='ltr'>ὡς</span> <span class='ocrx_word' id='word_1_711' title='bbox 2617 4358 2726 4431; x_wconf 80' lang='grc' dir='ltr'>γὰρ</span> <span class='ocrx_word' id='word_1_712' title='bbox 2766 4359 2880 4430; x_wconf 75' lang='grc' dir='ltr'>ἔχει</span> <span class='ocrx_word' id='word_1_713' title='bbox 2915 4362 2948 4431; x_wconf 77' lang='grc' dir='ltr'><strong>η</strong></span> <span class='ocrx_word' id='word_1_714' title='bbox 2990 4362 3184 4431; x_wconf 80' lang='grc' dir='ltr'>πρώτη</span> <span class='ocrx_word' id='word_1_715' title='bbox 3225 4361 3434 4434; x_wconf 83' lang='grc' dir='ltr'>πλευρά</span> <span class='ocrx_word' id='word_1_716' title='bbox 3473 4365 3613 4436; x_wconf 73' lang='grc' dir='ltr'>πρὸς</span> <span class='ocrx_word' id='word_1_717' title='bbox 3640 4365 3743 4436; x_wconf 74' lang='grc' dir='ltr'><strong>τὴν</strong></span> 
     </span>
    </p>
   </div>
   <div class='ocr_carea' id='block_1_92' title="bbox 2171 4446 3743 4528">
    <p class='ocr_par' dir='ltr' id='par_1_92' title="bbox 2171 4446 3743 4528">
     <span class='ocr_line' id='line_1_92' title="bbox 2171 4446 3743 4528; baseline 0.007 -29"><span class='ocrx_word' id='word_1_718' title='bbox 2171 4446 2454 4518; x_wconf 87' lang='grc' dir='ltr'>δευτέραν,</span> <span class='ocrx_word' id='word_1_719' title='bbox 2488 4449 2582 4502; x_wconf 75' lang='grc' dir='ltr'>καὶ</span> <span class='ocrx_word' id='word_1_720' title='bbox 2633 4451 2666 4520; x_wconf 78' lang='grc' dir='ltr'><strong>ἡ</strong></span> <span class='ocrx_word' id='word_1_721' title='bbox 2713 4451 2945 4522; x_wconf 81' lang='grc' dir='ltr'>δευτέρα</span> <span class='ocrx_word' id='word_1_722' title='bbox 2973 4453 3142 4524; x_wconf 81' lang='grc' dir='ltr'>’πρὸς</span> <span class='ocrx_word' id='word_1_723' title='bbox 3192 4454 3291 4524; x_wconf 80' lang='grc' dir='ltr'>τὴν</span> <span class='ocrx_word' id='word_1_724' title='bbox 3330 4455 3542 4528; x_wconf 83' lang='grc' dir='ltr'>τρίτην,</span> <span class='ocrx_word' id='word_1_725' title='bbox 3573 4456 3743 4520; x_wconf 79' lang='grc' dir='ltr'>οὕτως</span> 
     </span>
    </p>
   </div>
   <div class='ocr_carea' id='block_1_93' title="bbox 2173 4536 3742 4616">
    <p class='ocr_par' dir='ltr' id='par_1_93' title="bbox 2173 4536 3742 4616">
     <span class='ocr_line' id='line_1_93' title="bbox 2173 4536 3742 4616; baseline 0.006 -28"><span class='ocrx_word' id='word_1_726' title='bbox 2173 4536 2290 4607; x_wconf 77' lang='grc' dir='ltr'>ἔχει</span> <span class='ocrx_word' id='word_1_727' title='bbox 2342 4540 2437 4592; x_wconf 75' lang='grc' dir='ltr'>καὶ</span> <span class='ocrx_word' id='word_1_728' title='bbox 2491 4541 2524 4608; x_wconf 81' lang='grc' dir='ltr'><strong>ἡ</strong></span> <span class='ocrx_word' id='word_1_729' title='bbox 2573 4539 2764 4612; x_wconf 83' lang='grc' dir='ltr'>πρώτη</span> <span class='ocrx_word' id='word_1_730' title='bbox 2818 4541 2954 4612; x_wconf 75' lang='grc' dir='ltr'>πρὸς</span> <span class='ocrx_word' id='word_1_731' title='bbox 3003 4542 3102 4613; x_wconf 79' lang='grc' dir='ltr'>τὴν</span> <span class='ocrx_word' id='word_1_732' title='bbox 3157 4544 3496 4601; x_wconf 83' lang='grc' dir='ltr'>τελευταίαν.</span> <span class='ocrx_word' id='word_1_733' title='bbox 3524 4546 3742 4616; x_wconf 59' lang='grc' dir='ltr'>Γράψον</span> 
     </span>
    </p>
   </div>
   <div class='ocr_carea' id='block_1_94' title="bbox 502 4607 2057 4708">
    <p class='ocr_par' dir='ltr' id='par_1_94' title="bbox 502 4607 2057 4708">
     <span class='ocr_line' id='line_1_94' title="bbox 502 4607 2057 4708; baseline -0.01 -16"><span class='ocrx_word' id='word_1_734' title='bbox 502 4607 724 4708; x_wconf 61' lang='grc' dir='ltr'>(ᾗιοίιιιε</span> <span class='ocrx_word' id='word_1_735' title='bbox 779 4634 984 4697; x_wconf 85' lang='lat' dir='ltr'><strong>latere;</strong></span> <span class='ocrx_word' id='word_1_736' title='bbox 1039 4607 1097 4682; x_wconf 84' lang='lat' dir='ltr'><strong>et</strong></span> <span class='ocrx_word' id='word_1_737' title='bbox 1142 4625 1408 4696; x_wconf 88' lang='lat' dir='ltr'><strong>reperies,</strong></span> <span class='ocrx_word' id='word_1_738' title='bbox 1435 4612 1770 4694; x_wconf 52' lang='lat' dir='ltr'><strong>quod&#39;sicut</strong></span> <span class='ocrx_word' id='word_1_739' title='bbox 1807 4639 1866 4678; x_wconf 90' lang='lat' dir='ltr'><strong>se</strong></span> <span class='ocrx_word' id='word_1_740' title='bbox 1903 4623 2057 4678; x_wconf 70' lang='lat' dir='ltr'><strong>habet</strong></span> 
     </span>
    </p>
   </div>
   <div class='ocr_carea' id='block_1_95' title="bbox 2158 4607 3745 4708">
    <p class='ocr_par' dir='ltr' id='par_1_95' title="bbox 2174 4607 3745 4708">
     <span class='ocr_line' id='line_1_95' title="bbox 2174 4607 3745 4708; baseline 0.005 -26"><span class='ocrx_word' id='word_1_741' title='bbox 2174 4628 2269 4682; x_wconf 81' lang='grc' dir='ltr'>οὖν</span> <span class='ocrx_word' id='word_1_742' title='bbox 2308 4631 2406 4693; x_wconf 73' lang='grc' dir='ltr'><strong>τὰς</strong></span> <span class='ocrx_word' id='word_1_743' title='bbox 2443 4607 2594 4701; x_wconf 76' lang='grc' dir='ltr'>τρεῖς</span> <span class='ocrx_word' id='word_1_744' title='bbox 2620 4607 2904 4703; x_wconf 68' lang='grc' dir='ltr'>πλευρὰς,</span> <span class='ocrx_word' id='word_1_745' title='bbox 2929 4635 3024 4687; x_wconf 72' lang='grc' dir='ltr'>καὶ</span> <span class='ocrx_word' id='word_1_746' title='bbox 3058 4607 3160 4700; x_wconf 62' lang='grc' dir='ltr'><strong>⁷δὺς</strong></span> <span class='ocrx_word' id='word_1_747' title='bbox 3209 4637 3338 4706; x_wconf 88' lang='grc' dir='ltr'>τρία</span> <span class='ocrx_word' id='word_1_748' title='bbox 3366 4607 3745 4708; x_wconf 40' lang='grc' dir='ltr'>πρόσωπαίέν</span> 
     </span>
    </p>
   </div>
   <div class='ocr_carea' id='block_1_96' title="bbox 500 4713 2069 4799">
    <p class='ocr_par' dir='ltr' id='par_1_96' title="bbox 500 4713 2069 4799">
     <span class='ocr_line' id='line_1_96' title="bbox 500 4713 2069 4799; baseline -0.01 -16"><span class='ocrx_word' id='word_1_749' title='bbox 500 4729 745 4799; x_wconf 89' lang='lat' dir='ltr'><strong>primum</strong></span> <span class='ocrx_word' id='word_1_750' title='bbox 784 4725 852 4779; x_wconf 89' lang='lat' dir='ltr'><strong>ad</strong></span> <span class='ocrx_word' id='word_1_751' title='bbox 891 4721 1158 4782; x_wconf 87' lang='lat' dir='ltr'><strong>medium,</strong></span> <span class='ocrx_word' id='word_1_752' title='bbox 1181 4725 1238 4772; x_wconf 88' lang='lat' dir='ltr'><strong>et</strong></span> <span class='ocrx_word' id='word_1_753' title='bbox 1269 4715 1514 4770; x_wconf 90' lang='lat' dir='ltr'><strong>medium</strong></span> <span class='ocrx_word' id='word_1_754' title='bbox 1534 4713 1603 4770; x_wconf 87' lang='lat' dir='ltr'><strong>ad</strong></span> <span class='ocrx_word' id='word_1_755' title='bbox 1629 4722 1960 4778; x_wconf 83' lang='lat' dir='ltr'><strong>extremum,</strong></span> <span class='ocrx_word' id='word_1_756' title='bbox 1993 4715 2069 4768; x_wconf 86' lang='lat' dir='ltr'><strong>ita</strong></span> 
     </span>
    </p>
   </div>
   <div class='ocr_carea' id='block_1_97' title="bbox 505 4805 2078 4884">
    <p class='ocr_par' dir='ltr' id='par_1_97' title="bbox 505 4805 2078 4884">
     <span class='ocr_line' id='line_1_97' title="bbox 505 4805 2078 4884; baseline -0.009 -10"><span class='ocrx_word' id='word_1_757' title='bbox 505 4833 565 4874; x_wconf 86' lang='lat' dir='ltr'><strong>se</strong></span> <span class='ocrx_word' id='word_1_758' title='bbox 587 4814 813 4872; x_wconf 89' lang='lat' dir='ltr'><strong>habebit</strong></span> <span class='ocrx_word' id='word_1_759' title='bbox 834 4814 1072 4884; x_wconf 88' lang='lat' dir='ltr'><strong>primum</strong></span> <span class='ocrx_word' id='word_1_760' title='bbox 1103 4808 1171 4866; x_wconf 90' lang='lat' dir='ltr'><strong>ad</strong></span> <span class='ocrx_word' id='word_1_761' title='bbox 1207 4815 1536 4864; x_wconf 79' lang='lat' dir='ltr'><strong>extremum.</strong></span> <span class='ocrx_word' id='word_1_762' title='bbox 1569 4805 1753 4872; x_wconf 83' lang='lat' dir='ltr'><strong>Quare</strong></span> <span class='ocrx_word' id='word_1_763' title='bbox 1773 4806 1889 4860; x_wconf 68' lang='lat' dir='ltr'><strong>htec</strong></span> <span class='ocrx_word' id='word_1_764' title='bbox 1919 4807 2078 4862; x_wconf 85' lang='lat' dir='ltr'><strong>dico?</strong></span> 
     </span>
    </p>
   </div>
   <div class='ocr_carea' id='block_1_98' title="bbox 505 4894 2072 4976">
    <p class='ocr_par' dir='ltr' id='par_1_98' title="bbox 505 4894 2072 4976">
     <span class='ocr_line' id='line_1_98' title="bbox 505 4894 2072 4976; baseline -0.008 -13"><span class='ocrx_word' id='word_1_765' title='bbox 505 4907 645 4976; x_wconf 76' lang='lat' dir='ltr'><strong>Quia</strong></span> <span class='ocrx_word' id='word_1_766' title='bbox 683 4905 730 4962; x_wconf 92' lang='lat' dir='ltr'><strong>si</strong></span> <span class='ocrx_word' id='word_1_767' title='bbox 773 4905 916 4961; x_wconf 90' lang='lat' dir='ltr'><strong>datis</strong></span> <span class='ocrx_word' id='word_1_768' title='bbox 968 4902 1076 4960; x_wconf 90' lang='lat' dir='ltr'><strong>dici</strong></span> <span class='ocrx_word' id='word_1_769' title='bbox 1111 4915 1274 4957; x_wconf 91' lang='lat' dir='ltr'><strong>unam</strong></span> <span class='ocrx_word' id='word_1_770' title='bbox 1305 4899 1468 4955; x_wconf 80' lang='lat' dir='ltr'><strong>Verbi</strong></span> <span class='ocrx_word' id='word_1_771' title='bbox 1491 4906 1548 4953; x_wconf 84' lang='lat' dir='ltr'><strong>ct</strong></span> <span class='ocrx_word' id='word_1_772' title='bbox 1569 4894 1752 4950; x_wconf 90' lang='lat' dir='ltr'><strong>carnis</strong></span> <span class='ocrx_word' id='word_1_773' title='bbox 1798 4905 2072 4964; x_wconf 88' lang='lat' dir='ltr'><strong>naturam,</strong></span> 
     </span>
    </p>
   </div>
   <div class='ocr_carea' id='block_1_99' title="bbox 511 5153 2068 5233">
    <p class='ocr_par' dir='ltr' id='par_1_99' title="bbox 511 5153 2068 5233">
     <span class='ocr_line' id='line_1_99' title="bbox 511 5153 2068 5233; baseline -0.005 -17"><span class='ocrx_word' id='word_1_774' title='bbox 511 5159 1104 5233; x_wconf 66' lang='lat' dir='ltr'><strong>ipsocommunicatur</strong></span> <span class='ocrx_word' id='word_1_775' title='bbox 1131 5155 1432 5233; x_wconf 73' lang='lat' dir='ltr'><strong>secundum</strong></span> <span class='ocrx_word' id='word_1_776' title='bbox 1488 5162 1774 5233; x_wconf 64' lang='lat' dir='ltr'><strong>naturam;</strong></span> <span class='ocrx_word' id='word_1_777' title='bbox 1806 5153 1901 5233; x_wconf 86' lang='lat' dir='ltr'><strong>sed</strong></span> <span class='ocrx_word' id='word_1_778' title='bbox 1959 5169 2068 5233; x_wconf 79' lang='lat' dir='ltr'><strong>non</strong></span> 
     </span>
    </p>
   </div>
   <div class='ocr_carea' id='block_1_100' title="bbox 550 5224 2082 5288">
    <p class='ocr_par' dir='ltr' id='par_1_100' title="bbox 550 5224 2082 5288">
     <span class='ocr_line' id='line_1_100' title="bbox 550 5224 2082 5288; baseline -0.006 -2"><span class='ocrx_word' id='word_1_779' title='bbox 550 5227 840 5286; x_wconf 59' lang='lat' dir='ltr'><strong>medicatur</strong></span> <span class='ocrx_word' id='word_1_780' title='bbox 899 5228 1244 5286; x_wconf 89' lang='lat' dir='ltr'><strong>individuum</strong></span> <span class='ocrx_word' id='word_1_781' title='bbox 1301 5225 1370 5280; x_wconf 86' lang='lat' dir='ltr'><strong>de</strong></span> <span class='ocrx_word' id='word_1_782' title='bbox 1432 5232 1647 5288; x_wconf 86' lang='lat' dir='ltr'><strong>natura,</strong></span> <span class='ocrx_word' id='word_1_783' title='bbox 1703 5224 1912 5279; x_wconf 79' lang='lat' dir='ltr'><strong>directa</strong></span> <span class='ocrx_word' id='word_1_784' title='bbox 1977 5225 2082 5278; x_wconf 86' lang='lat' dir='ltr'><strong>sei-</strong></span> 
     </span>
    </p>
   </div>
   <div class='ocr_carea' id='block_1_101' title="bbox 1109 5292 2085 5367">
    <p class='ocr_par' dir='ltr' id='par_1_101' title="bbox 1109 5292 2085 5367">
     <span class='ocr_line' id='line_1_101' title="bbox 1109 5292 2085 5367; baseline -0.006 -15"><span class='ocrx_word' id='word_1_785' title='bbox 1109 5295 1495 5367; x_wconf 64' lang='lat' dir='ltr'><strong>rtedicatione;</strong></span> <span class='ocrx_word' id='word_1_786' title='bbox 1557 5309 1666 5348; x_wconf 90' lang='lat' dir='ltr'><strong>non</strong></span> <span class='ocrx_word' id='word_1_787' title='bbox 1732 5293 1878 5367; x_wconf 80' lang='lat' dir='ltr'><strong>e_nir_n</strong></span> <span class='ocrx_word' id='word_1_788' title='bbox 1943 5292 2085 5347; x_wconf 89' lang='lat' dir='ltr'><strong>diei-</strong></span> 
     </span>
    </p>
   </div>
   <div class='ocr_carea' id='block_1_102' title="bbox 1101 5362 2082 5428">
    <p class='ocr_par' dir='ltr' id='par_1_102' title="bbox 1101 5362 2082 5428">
     <span class='ocr_line' id='line_1_102' title="bbox 1101 5362 2082 5428; baseline -0.003 -9"><span class='ocrx_word' id='word_1_789' title='bbox 1101 5362 1292 5420; x_wconf 58' lang='lat' dir='ltr'><strong>etrusf</strong></span> <span class='ocrx_word' id='word_1_790' title='bbox 1325 5363 1528 5419; x_wconf 88' lang='lat' dir='ltr'><strong>Contra</strong></span> <span class='ocrx_word' id='word_1_791' title='bbox 1565 5378 1696 5416; x_wconf 89' lang='lat' dir='ltr'><strong>vero</strong></span> <span class='ocrx_word' id='word_1_792' title='bbox 1747 5362 1805 5415; x_wconf 80' lang='lat' dir='ltr'><strong>fit</strong></span> <span class='ocrx_word' id='word_1_793' title='bbox 1843 5362 1896 5415; x_wconf 90' lang='lat' dir='ltr'><strong>in</strong></span> <span class='ocrx_word' id='word_1_794' title='bbox 1929 5377 2082 5428; x_wconf 77' lang='lat' dir='ltr'><strong>com-</strong></span> 
     </span>
    </p>
   </div>
   <div class='ocr_carea' id='block_1_103' title="bbox 499 5432 2084 5502">
    <p class='ocr_par' dir='ltr' id='par_1_103' title="bbox 499 5432 2084 5502">
     <span class='ocr_line' id='line_1_103' title="bbox 499 5432 2084 5502; baseline -0.009 -4"><span class='ocrx_word' id='word_1_795' title='bbox 499 5440 887 5498; x_wconf 79' lang='lat' dir='ltr'><strong>municatione</strong></span> <span class='ocrx_word' id='word_1_796' title='bbox 969 5433 1362 5489; x_wconf 87' lang='lat' dir='ltr'><strong>universalium</strong></span> <span class='ocrx_word' id='word_1_797' title='bbox 1412 5432 1478 5486; x_wconf 83' lang='lat' dir='ltr'><strong>ad</strong></span> <span class='ocrx_word' id='word_1_798' title='bbox 1555 5432 1931 5502; x_wconf 75' lang='lat' dir='ltr'><strong>particularia.</strong></span> <span class='ocrx_word' id='word_1_799' title='bbox 1987 5432 2084 5502; x_wconf 81' lang='lat' dir='ltr'><strong>Est</strong></span> 
     </span>
    </p>
   </div>
   <div class='ocr_carea' id='block_1_104' title="bbox 509 5501 2083 5570">
    <p class='ocr_par' dir='ltr' id='par_1_104' title="bbox 509 5501 2083 5570">
     <span class='ocr_line' id='line_1_104' title="bbox 509 5501 2083 5570; baseline -0.009 -3"><span class='ocrx_word' id='word_1_800' title='bbox 509 5503 662 5568; x_wconf 78' lang='lat' dir='ltr'><strong>enim</strong></span> <span class='ocrx_word' id='word_1_801' title='bbox 725 5508 844 5562; x_wconf 62' lang='lat' dir='ltr'><strong>haec</strong></span> <span class='ocrx_word' id='word_1_802' title='bbox 896 5503 1323 5560; x_wconf 89' lang='lat' dir='ltr'><strong>communicatio</strong></span> <span class='ocrx_word' id='word_1_803' title='bbox 1383 5501 1686 5557; x_wconf 83' lang='lat' dir='ltr'><strong>secundum</strong></span> <span class='ocrx_word' id='word_1_804' title='bbox 1761 5501 2083 5570; x_wconf 88' lang='lat' dir='ltr'><strong>appellatio-</strong></span> 
     </span>
    </p>
   </div>
   <div class='ocr_carea' id='block_1_105' title="bbox 506 5570 2086 5646">
    <p class='ocr_par' dir='ltr' id='par_1_105' title="bbox 506 5570 2086 5646">
     <span class='ocr_line' id='line_1_105' title="bbox 506 5570 2086 5646; baseline -0.009 -10"><span class='ocrx_word' id='word_1_805' title='bbox 506 5593 639 5635; x_wconf 79' lang='lat' dir='ltr'><strong>nem</strong></span> <span class='ocrx_word' id='word_1_806' title='bbox 663 5593 760 5646; x_wconf 80' lang='lat' dir='ltr'><strong>seu</strong></span> <span class='ocrx_word' id='word_1_807' title='bbox 795 5573 1424 5646; x_wconf 51' lang='lat' dir='ltr'><strong>pragdicationcm._cum</strong></span> <span class='ocrx_word' id='word_1_808' title='bbox 1472 5571 1802 5646; x_wconf 71' lang='lat' dir='ltr'><strong>universalia</strong></span> <span class='ocrx_word' id='word_1_809' title='bbox 1847 5570 1916 5624; x_wconf 88' lang='lat' dir='ltr'><strong>de</strong></span> <span class='ocrx_word' id='word_1_810' title='bbox 1960 5585 2086 5646; x_wconf 76' lang='lat' dir='ltr'><strong>par-</strong></span> 
     </span>
    </p>
   </div>
   <div class='ocr_carea' id='block_1_106' title="bbox 531 5298 1010 5358">
    <p class='ocr_par' dir='ltr' id='par_1_106' title="bbox 531 5298 1010 5358">
     <span class='ocr_line' id='line_1_106' title="bbox 531 5298 1010 5358; baseline -0.008 0"><span class='ocrx_word' id='word_1_811' title='bbox 531 5303 642 5358; x_wconf 85' lang='lat' dir='ltr'><strong>ieet</strong></span> <span class='ocrx_word' id='word_1_812' title='bbox 701 5309 756 5356; x_wconf 90' lang='lat' dir='ltr'><strong>et</strong></span> <span class='ocrx_word' id='word_1_813' title='bbox 807 5298 1010 5355; x_wconf 89' lang='lat' dir='ltr'><strong>usitata</strong></span> 
     </span>
    </p>
   </div>
   <div class='ocr_carea' id='block_1_107' title="bbox 498 5369 1029 5428">
    <p class='ocr_par' dir='ltr' id='par_1_107' title="bbox 498 5369 1029 5428">
     <span class='ocr_line' id='line_1_107' title="bbox 498 5369 1029 5428; baseline -0.013 0"><span class='ocrx_word' id='word_1_814' title='bbox 498 5386 635 5428; x_wconf 86' lang='lat' dir='ltr'><strong>.mus</strong></span> <span class='ocrx_word' id='word_1_815' title='bbox 678 5387 694 5425; x_wconf 88' lang='lat'><strong>:</strong></span> <span class='ocrx_word' id='word_1_816' title='bbox 735 5369 909 5424; x_wconf 86' lang='lat' dir='ltr'><strong>Homo</strong></span> <span class='ocrx_word' id='word_1_817' title='bbox 943 5376 1029 5422; x_wconf 89' lang='lat' dir='ltr'><strong>est</strong></span> 
     </span>
    </p>
   </div>
   <div class='ocr_carea' id='block_1_108' title="bbox 517 5639 2077 5713">
    <p class='ocr_par' dir='ltr' id='par_1_108' title="bbox 517 5639 2077 5713">
     <span class='ocr_line' id='line_1_108' title="bbox 517 5639 2077 5713; baseline -0.008 -9"><span class='ocrx_word' id='word_1_818' title='bbox 517 5639 840 5704; x_wconf 78' lang='lat' dir='ltr'><strong>ticularibtis</strong></span> <span class='ocrx_word' id='word_1_819' title='bbox 879 5645 1090 5698; x_wconf 88' lang='lat' dir='ltr'><strong>directa</strong></span> <span class='ocrx_word' id='word_1_820' title='bbox 1127 5643 1515 5713; x_wconf 69' lang='lat' dir='ltr'><strong>prazdicalione</strong></span> <span class='ocrx_word' id='word_1_821' title='bbox 1563 5641 1962 5712; x_wconf 70' lang='lat' dir='ltr'><strong>prtetlicentur;</strong></span> <span class='ocrx_word' id='word_1_822' title='bbox 1995 5639 2077 5692; x_wconf 90' lang='lat' dir='ltr'><strong>di-</strong></span> 
     </span>
    </p>
   </div>
   <div class='ocr_carea' id='block_1_109' title="bbox 2180 4720 3746 4799">
    <p class='ocr_par' dir='ltr' id='par_1_109' title="bbox 2180 4720 3746 4799">
     <span class='ocr_line' id='line_1_109' title="bbox 2180 4720 3746 4799; baseline 0.007 -27"><span class='ocrx_word' id='word_1_823' title='bbox 2180 4721 2266 4787; x_wconf 73' lang='grc' dir='ltr'><strong>ἐφ’</strong></span> <span class='ocrx_word' id='word_1_824' title='bbox 2293 4720 2500 4795; x_wconf 75' lang='grc' dir='ltr'>ἑκάστῃ</span> <span class='ocrx_word' id='word_1_825' title='bbox 2554 4723 2787 4794; x_wconf 80' lang='grc' dir='ltr'>πλευρᾷ,</span> <span class='ocrx_word' id='word_1_826' title='bbox 2817 4725 2912 4777; x_wconf 76' lang='grc' dir='ltr'>καὶ</span> <span class='ocrx_word' id='word_1_827' title='bbox 2969 4727 3228 4796; x_wconf 73' lang='grc' dir='ltr'>εὑρήσεις</span> <span class='ocrx_word' id='word_1_828' title='bbox 3276 4728 3358 4780; x_wconf 75' lang='grc' dir='ltr'>ὅτι</span> <span class='ocrx_word' id='word_1_829' title='bbox 3419 4729 3495 4792; x_wconf 83' lang='grc' dir='ltr'>ὡς</span> <span class='ocrx_word' id='word_1_830' title='bbox 3536 4730 3652 4799; x_wconf 73' lang='grc' dir='ltr'>ἔχει</span> <span class='ocrx_word' id='word_1_831' title='bbox 3689 4730 3746 4783; x_wconf 72' lang='grc' dir='ltr'><strong>τὺ</strong></span> 
     </span>
    </p>
   </div>
   <div class='ocr_carea' id='block_1_110' title="bbox 2180 4809 3746 4886">
    <p class='ocr_par' dir='ltr' id='par_1_110' title="bbox 2180 4809 3746 4886">
     <span class='ocr_line' id='line_1_110' title="bbox 2180 4809 3746 4886; baseline 0.006 -24"><span class='ocrx_word' id='word_1_832' title='bbox 2180 4809 2400 4880; x_wconf 82' lang='grc' dir='ltr'>πρῶτον</span> <span class='ocrx_word' id='word_1_833' title='bbox 2425 4812 2560 4880; x_wconf 85' lang='grc' dir='ltr'>πρὸς</span> <span class='ocrx_word' id='word_1_834' title='bbox 2583 4811 2644 4864; x_wconf 82' lang='grc' dir='ltr'><strong>τὺ</strong></span> <span class='ocrx_word' id='word_1_835' title='bbox 2677 4812 2864 4881; x_wconf 82' lang='grc' dir='ltr'>μέσον,</span> <span class='ocrx_word' id='word_1_836' title='bbox 2893 4814 2990 4870; x_wconf 80' lang='grc' dir='ltr'>καὶ</span> <span class='ocrx_word' id='word_1_837' title='bbox 3018 4817 3077 4868; x_wconf 76' lang='grc' dir='ltr'>τὸ</span> <span class='ocrx_word' id='word_1_838' title='bbox 3105 4816 3274 4886; x_wconf 88' lang='grc' dir='ltr'>μέσον</span> <span class='ocrx_word' id='word_1_839' title='bbox 3299 4817 3434 4886; x_wconf 75' lang='grc' dir='ltr'>πρὸς</span> <span class='ocrx_word' id='word_1_840' title='bbox 3474 4819 3535 4870; x_wconf 81' lang='grc' dir='ltr'>τὸ</span> <span class='ocrx_word' id='word_1_841' title='bbox 3559 4820 3746 4872; x_wconf 86' lang='grc' dir='ltr'>τελευ-</span> 
     </span>
    </p>
   </div>
   <div class='ocr_carea' id='block_1_111' title="bbox 2180 4901 3746 4978">
    <p class='ocr_par' dir='ltr' id='par_1_111' title="bbox 2180 4901 3746 4978">
     <span class='ocr_line' id='line_1_111' title="bbox 2180 4901 3746 4978; baseline 0.006 -27"><span class='ocrx_word' id='word_1_842' title='bbox 2180 4902 2350 4968; x_wconf 86' lang='grc' dir='ltr'>ταῖον,</span> <span class='ocrx_word' id='word_1_843' title='bbox 2383 4901 2557 4964; x_wconf 79' lang='grc' dir='ltr'>οὕτως</span> <span class='ocrx_word' id='word_1_844' title='bbox 2596 4903 2710 4967; x_wconf 76' lang='grc' dir='ltr'><strong>ἕξει</strong></span> <span class='ocrx_word' id='word_1_845' title='bbox 2759 4904 2854 4956; x_wconf 71' lang='grc' dir='ltr'>καὶ</span> <span class='ocrx_word' id='word_1_846' title='bbox 2907 4904 2969 4957; x_wconf 76' lang='grc' dir='ltr'>τὸ</span> <span class='ocrx_word' id='word_1_847' title='bbox 3013 4905 3232 4976; x_wconf 85' lang='grc' dir='ltr'>πρῶτον</span> <span class='ocrx_word' id='word_1_848' title='bbox 3280 4906 3418 4978; x_wconf 76' lang='grc' dir='ltr'>πρὸς</span> <span class='ocrx_word' id='word_1_849' title='bbox 3444 4907 3508 4961; x_wconf 84' lang='grc' dir='ltr'>τδ</span> <span class='ocrx_word' id='word_1_850' title='bbox 3561 4909 3746 4962; x_wconf 77' lang='grc' dir='ltr'>τελευο</span> 
     </span>
    </p>
   </div>
   <div class='ocr_carea' id='block_1_112' title="bbox 2177 5129 3375 5214">
    <p class='ocr_par' dir='ltr' id='par_1_112' title="bbox 2177 5129 3375 5214">
     <span class='ocr_line' id='line_1_112' title="bbox 2177 5129 3375 5214; baseline 0.002 -5"><span class='ocrx_word' id='word_1_851' title='bbox 2177 5155 2354 5210; x_wconf 89' lang='lat' dir='ltr'><strong>cimus</strong></span> <span class='ocrx_word' id='word_1_852' title='bbox 2418 5129 2564 5210; x_wconf 81' lang='lat' dir='ltr'><strong>enim</strong></span> <span class='ocrx_word' id='word_1_853' title='bbox 2608 5174 2621 5210; x_wconf 91' lang='lat'><strong>:</strong></span> <span class='ocrx_word' id='word_1_854' title='bbox 2674 5158 2870 5213; x_wconf 86' lang='lat' dir='ltr'><strong>Petrus</strong></span> <span class='ocrx_word' id='word_1_855' title='bbox 2903 5167 2986 5214; x_wconf 83' lang='lat' dir='ltr'><strong>est</strong></span> <span class='ocrx_word' id='word_1_856' title='bbox 3014 5157 3201 5212; x_wconf 90' lang='lat' dir='ltr'><strong>homo.</strong></span> <span class='ocrx_word' id='word_1_857' title='bbox 3240 5157 3375 5212; x_wconf 73' lang='lat' dir='ltr'><strong>Tua.</strong></span> 
     </span>
    </p>
   </div>
   <div class='ocr_carea' id='block_1_113' title="bbox 3385 5247 3626 5304">
    <p class='ocr_par' dir='ltr' id='par_1_113' title="bbox 3385 5247 3626 5304">
     <span class='ocr_line' id='line_1_113' title="bbox 3385 5247 3626 5304; baseline 0 -2"><span class='ocrx_word' id='word_1_858' title='bbox 3385 5247 3626 5304; x_wconf 80' lang='lat' dir='ltr'><strong>Verbum</strong></span> 
     </span>
    </p>
   </div>
   <div class='ocr_carea' id='block_1_114' title="bbox 2255 5315 3755 5391">
    <p class='ocr_par' dir='ltr' id='par_1_114' title="bbox 2255 5315 3755 5391">
     <span class='ocr_line' id='line_1_114' title="bbox 2255 5315 3755 5391; baseline 0.002 -21"><span class='ocrx_word' id='word_1_859' title='bbox 2255 5317 2366 5387; x_wconf 70' lang='lat'>(2|)</span> <span class='ocrx_word' id='word_1_860' title='bbox 2399 5315 2576 5373; x_wconf 78' lang='lat' dir='ltr'><strong>Scribe</strong></span> <span class='ocrx_word' id='word_1_861' title='bbox 2618 5321 2781 5391; x_wconf 78' lang='lat' dir='ltr'><strong>igitur</strong></span> <span class='ocrx_word' id='word_1_862' title='bbox 2825 5322 2933 5374; x_wconf 84' lang='lat' dir='ltr'><strong>tria</strong></span> <span class='ocrx_word' id='word_1_863' title='bbox 3001 5319 3197 5374; x_wconf 75' lang='lat' dir='ltr'><strong>latera.</strong></span> <span class='ocrx_word' id='word_1_864' title='bbox 3254 5319 3574 5376; x_wconf 80' lang='lat' dir='ltr'><strong>Pater...A..</strong></span> <span class='ocrx_word' id='word_1_865' title='bbox 3602 5332 3755 5373; x_wconf 86' lang='lat' dir='ltr'><strong>caro.</strong></span> 
     </span>
    </p>
   </div>
   <div class='ocr_carea' id='block_1_115' title="bbox 2511 5411 3141 5467">
    <p class='ocr_par' dir='ltr' id='par_1_115' title="bbox 2511 5411 3141 5467">
     <span class='ocr_line' id='line_1_115' title="bbox 2511 5411 3141 5467; baseline -0.005 0"><span class='ocrx_word' id='word_1_866' title='bbox 2511 5427 2642 5467; x_wconf 90' lang='lat' dir='ltr'><strong>caro</strong></span> <span class='ocrx_word' id='word_1_867' title='bbox 2973 5411 3141 5466; x_wconf 86' lang='lat' dir='ltr'><strong>Pater</strong></span> 
     </span>
    </p>
   </div>
   <div class='ocr_carea' id='block_1_116' title="bbox 2253 5479 3487 5537">
    <p class='ocr_par' dir='ltr' id='par_1_116' title="bbox 2253 5479 3487 5537">
     <span class='ocr_line' id='line_1_116' title="bbox 2253 5479 3487 5537; baseline -0.001 -3"><span class='ocrx_word' id='word_1_868' title='bbox 2253 5480 2820 5537; x_wconf 83' lang='lat' dir='ltr'><strong>Verbum..A..Pater.</strong></span> <span class='ocrx_word' id='word_1_869' title='bbox 2854 5496 2985 5536; x_wconf 90' lang='lat' dir='ltr'><strong>caro</strong></span> <span class='ocrx_word' id='word_1_870' title='bbox 3037 5483 3076 5533; x_wconf 93' lang='grc' dir='ltr'><strong>Δ</strong></span> <span class='ocrx_word' id='word_1_871' title='bbox 3118 5479 3383 5535; x_wconf 81' lang='lat' dir='ltr'><strong>Verbum.</strong></span> <span class='ocrx_word' id='word_1_872' title='bbox 3410 5479 3487 5534; x_wconf 81' lang='lat' dir='ltr'><strong>In.</strong></span> 
     </span>
    </p>
   </div>
   <div class='ocr_carea' id='block_1_117' title="bbox 2257 5569 3581 5644">
    <p class='ocr_par' dir='ltr' id='par_1_117' title="bbox 2257 5569 3581 5644">
     <span class='ocr_line' id='line_1_117' title="bbox 2257 5569 3581 5644; baseline 0 -20"><span class='ocrx_word' id='word_1_873' title='bbox 2257 5572 2366 5644; x_wconf 67' lang='lat'><strong>(22)</strong></span> <span class='ocrx_word' id='word_1_874' title='bbox 2395 5571 2580 5629; x_wconf 85' lang='lat' dir='ltr'><strong>Schol.</strong></span> <span class='ocrx_word' id='word_1_875' title='bbox 2623 5572 3028 5643; x_wconf 79' lang='grc' dir='ltr'>Ἀριστοτέλους</span> <span class='ocrx_word' id='word_1_876' title='bbox 3059 5571 3134 5634; x_wconf 87' lang='grc' dir='ltr'>ὡς</span> <span class='ocrx_word' id='word_1_877' title='bbox 3158 5571 3266 5626; x_wconf 79' lang='grc' dir='ltr'>ἀπὸ</span> <span class='ocrx_word' id='word_1_878' title='bbox 3297 5569 3581 5626; x_wconf 62' lang='lat' dir='ltr'><strong>bonum.</strong></span> 
     </span>
    </p>
   </div>
  </div>
