3934 6156
310 281 445 348 1293

307 486 562 556 λέγεσθαι
615 484 708 539 τοῦ
737 486 910 554 Λόγου
945 485 1039 538 καὶ
1092 483 1196 554 τῆς
1225 485 1427 554 σαρκὸς
1457 486 1618 556 φύσιν
1640 529 1654 551 ,
1685 487 1874 556 ὁμολο-

305 581 453 647 γεῖτε
476 578 534 632 δὲ
565 577 662 647 μία
686 575 845 645 φύσις
875 571 1014 628 εἶναι
1047 575 1140 628 τοῦ
1171 575 1348 643 Λόγου
1381 577 1474 629 καὶ
1501 575 1594 629 τοῦ
1639 577 1871 647 Πατρός·

305 667 507 722 δώσετε
537 669 643 739 ἄρα
680 667 808 739 μίαν
851 666 1014 736 φύσιν
1047 661 1186 721 εἶναι
1241 667 1343 736 τῆς
1394 667 1603 736 σαρκὸς.
1630 668 1726 721 καὶ
1774 667 1870 722 τοῦ

306 761 540 834 Πατρός.
652 835 656 838 ἢ
893 768 896 770 ⁷

383 895 404 929 ι
450 871 592 927 Ἀλλ’
635 873 695 926 οὐ
727 872 958 942 λέγομεν
979 911 994 934 ,
1027 871 1160 942 φασὶ
1185 911 1200 937 ,
1231 872 1309 941 τῷ
1339 871 1486 945 αύτῷ
1525 874 1714 946 τρόπῳ
1743 875 1874 947 μίαν

304 966 584 1036 ἑκατέρων
639 959 778 1017 εἶναι
841 963 1025 1032 φύσιν,
1071 965 1184 1017 ἀλλ’
1222 965 1316 1018 ἐπὶ
1375 966 1472 1036 μὲν
1525 967 1737 1038 Πατρὸς
1781 969 1875 1021 καὶ

304 1059 436 1112 Υίοῦ
461 1097 476 1121 ,
505 1057 584 1128 τῷ
611 1055 793 1126 ταυτῷ
821 1057 919 1125 τῆς
955 1056 1171 1126 φύσεως
1191 1088 1220 1121 ,-.
1243 1057 1474 1111 ἐνταῦθα
1509 1059 1567 1112 δὲ
1615 1060 1692 1130 τῷ
1729 1061 1874 1134 λόγῳ

300 1151 401 1220 τῆς
427 1148 678 1209 ἐνώσεως
699 1166 716 1186 ·
751 1149 946 1202 οὐκοῦν
971 1149 1031 1200 οὐ
1058 1149 1253 1207 ταυτὸν
1291 1147 1354 1201 τὺ
1394 1153 1458 1221 τῇ
1491 1149 1681 1205 ἑνώσει
1707 1152 1765 1204 ἓν
1789 1153 1878 1206 λε-

299 1243 555 1310 γόμενον,
583 1239 679 1292 καὶ
705 1237 767 1291 τὸ
789 1240 853 1308 τῇ
886 1237 1047 1306 φύσει
1075 1238 1152 1292 ἓν.
1191 1257 1209 1290 ι
1247 1237 1312 1290 ΕΞ
1335 1238 1394 1292 δὲ
1416 1241 1475 1292 οὐ
1505 1241 1723 1306 ταυτὸν,
1754 1245 1874 1297 κατ’

299 1333 431 1375 ἄλλο
455 1332 554 1375 μὲν
589 1333 796 1375 ἐκεῖνο-
830 1331 951 1375 καθ’
979 1329 1168 1375 ἔτειον
1211 1330 1268 1375 δὲ
1290 1330 1449 1375 τοῦτο
1472 1347 1487 1362 ο
1513 1331 1667 1375 ἔσται
1698 1333 1876 1375 τηίνυυ

1981 1237 2142 1275 citur,
2168 1237 2225 1264 cs
2279 1237 2426 1280 Iluuu
2471 1237 2671 1266 nauura
2725 1237 2918 1269 unum.
2961 1237 2980 1268 Ὁ
3012 1237 3068 1270 δι
3105 1237 3290 1272 autem
3325 1237 3438 1274 non
3469 1237 3554 1275 εει

1981 1298 2144 1364 idem,
2197 1303 2500 1356 secundum
2543 1304 2692 1359 aliud
2744 1306 2968 1375 quidem
3024 1307 3195 1374 illud;
3247 1310 3556 1366 secundum

299 1333 431 1386 ἄλλο
454 1332 554 1401 μὲν
589 1333 797 1394 ἐκεῖνο,
830 1331 951 1382 καθ’
979 1329 1168 1400 ἕτερον
1211 1330 1268 1383 δὲ
1290 1330 1449 1384 τοῦτο
1472 1347 1487 1362 ο
1513 1331 1668 1387 ἔσται
1698 1333 1878 1389 τοίνυν

299 1424 362 1476 τὸ
406 1421 540 1476 αὐτὸ
567 1421 631 1474 ἒν
664 1423 756 1474 καὶ
787 1421 880 1474 δύο
908 1461 924 1486 ,
959 1420 1016 1474 ἓν
1051 1421 1150 1490 μὲν
1187 1424 1254 1494 τῇ
1286 1421 1510 1485 ἑνώσει,
1540 1423 1632 1476 δύο
1659 1424 1716 1478 δὲ
1757 1427 1878 1488 ταῖς
1951 1477 1954 1480 ,

301 1513 550 1584 φύσεσιν.
575 1513 638 1566 Εἰ
657 1512 713 1564 δὲ
739 1513 816 1582 μὴ
840 1511 1022 1575 τοῦτο,
1047 1511 1200 1564 ἔσται
1227 1513 1286 1566 τὺ
1315 1513 1447 1568 αὐτὸ
1495 1515 1638 1570 κατὰ
1659 1515 1720 1569 τὸ
1746 1517 1878 1570 αὐτὸ

298 1607 397 1660 καὶ
416 1604 724 1674 ὁμοούσιον,
739 1605 834 1657 καὶ
857 1603 1217 1675 ἑτεροούσιον,
1247 1605 1344 1659 καὶ
1375 1607 1474 1676 μία
1500 1605 1682 1675 φύσις,
1701 1611 1795 1660 καὶ
1813 1609 1875 1660 ού

303 1698 402 1768 μία
421 1695 601 1765 φύσις·
623 1690 684 1750 οὗ
710 1696 762 1748 τί
779 1695 844 1750 ἂν
867 1695 1078 1764 γένοιτο
1093 1696 1438 1767 ἀτοπώτερον
1457 1716 1473 1764 ;
1489 1698 1677 1763 Οῦτως
1697 1701 1874 1771 ύμῖνή

300 1788 404 1859 μία
424 1787 585 1857 φύσις
611 1787 900 1856 λεγομένη,
922 1789 1018 1840 καὶ
1045 1787 1146 1858 τὴν
1175 1787 1439 1858 διαίρεσιν
1467 1789 1564 1842 οὐκ
1593 1787 1871 1859 ἐξέφυγεν,

301 1881 368 1952 ἢν
386 1880 501 1950 ἔχει
522 1880 555 1950 ἡ
573 1878 748 1947 ,φύσις
770 1881 826 1932 ὲν
855 1874 934 1948 τῷ
955 1879 1148 1950 πλήθει
1173 1879 1280 1933 τῶν
1313 1881 1712 1935 κοινωνούντων
1735 1882 1874 1954 αὐτῇ

301 1970 612 2040 προσώπων
632 1970 775 2040 (25),
809 1970 904 2022 καὶ
926 1970 1026 2040 τὴν
1057 1971 1320 2042 σύγχυσιν
1353 1973 1768 2043 παρεισήγαγεν
1815 1975 1875 2026 ὲν

298 2063 382 2132 τῷ
422 2063 606 2133 ταυτῷ
651 2063 752 2132 τῆς
781 2061 1046 2116 συνθέτου
1079 2063 1297 2131 φύσεως
1325 2104 1341 2131 ,
1377 2063 1438 2116 τὸ
1460 2064 1570 2118 οὐδ’
1614 2065 1875 2135 ὁπότερον

301 2155 411 2208 τῶν
439 2155 734 2225 ἡνωμὲνων
758 2157 896 2226 μετὰ
922 2159 1023 2226 τὴν
1053 2158 1248 2210 ἕνωσιν
1273 2158 1678 2229 παραστήσασα
1699 2173 1714 2189 ο
1743 2158 1876 2228 ἡμῖν

295 2249 358 2302 δὲ
375 2250 634 2318 ἑκάτερα,
669 2250 766 2303 σὺν
791 2249 910 2320 Θεῷ
938 2251 1130 2318 φᾶναι,
1154 2249 1339 2313 καλῶς
1374 2249 1740 2318 πεφύλακται,
1776 2248 1877 2304 καὶ

297 2339 364 2393 τὸ
391 2340 652 2409 διάφορον
681 2339 792 2392 τῶν
817 2339 1137 2412 ἡνωμένων,
1167 2340 1272 2396 κὰν
1295 2343 1362 2412 τῇ
1391 2340 1585 2396 ὲνώσει
1607 2340 1686 2412 τῷ
1713 2339 1878 2411 διττῷ

293 2431 402 2500 τῆς
449 2430 664 2500 φύσεως
719 2431 1228 2502 καταγγελλόμενον
1252 2471 1268 2498 ,
1293 2433 1390 2488 καὶ
1438 2433 1503 2487 τὸ
1549 2433 1746 2488 ταυτὸν
1782 2431 1876 2486 τοῦ

295 2519 602 2589 προσώπου
621 2563 636 2585 ,
667 2521 756 2574 διὰ
782 2521 882 2590 τῆς
910 2537 1022 2574 των
1047 2523 1597 2594 ἡνωμένωνφύσεων
1633 2526 1714 2590 είς
1748 2524 1880 2595 μίαν

293 2611 600 2666 ὑπόστασιν
624 2612 937 2683 συνδρομῆς
965 2604 1582 2686 ἀνακεφαλαιούμενονζ

373 2812 399 2844 ς
437 2789 632 2854 Καθὼς
661 2805 744 2844 σοι
771 2789 917 2854 ἔδοξε
947 2765 1329 2860 προδιεστεελω
1353 2793 1448 2846 ἐπὶ
1471 2792 1567 2847 τοῦ
1593 2793 1719 2848 καθ’
1745 2795 1878 2850 ἔκαε

292 2901 431 2938 στον
459 2881 770 2952 ἀνθρώπου,
793 2881 887 2936 δύο
917 2881 1173 2950 λέγεσθαι
1201 2883 1394 2953 φύσεις
1415 2885 1510 2938 καὶ
1533 2886 1664 2956 μίαν
1685 2903 1698 2918 ο
1729 2887 1790 2953 ἐξ
1816 2881 1877 2941 οὗ

253 3023 256 3027 .
293 2978 348 3030 τί
371 2975 698 3040 ἅκολουθεῖς
730 2974 804 3027 Τὸ
835 2974 927 3028 ἐπὶ
959 2975 1198 3046 Χριστοῦ
1239 2975 1312 3046 μὴ
1341 2977 1434 3030 δύο
1484 2978 1650 3046 μόνον
1687 2978 1879 3046 φύσεις

295 3071 586 3142 ὁμολογεῖν
609 3109 625 3136 ,
659 3069 800 3124 ἀλλὰ
844 3072 940 3123 καὶ
966 3073 1137 3141 τρεῖς.
1199 3071 1322 3134 Πῶς
1365 3071 1544 3126 τοίνυν
1584 3073 1645 3126 τὸ
1688 3074 1876 3144 ἕτερον
1902 3101 1944 3158 c

296 3161 699 3233 ὁμολογοῦντες
721 3199 738 3224 ,
805 3159 1032 3231 θάτερον
1093 3160 1498 3226 ἀπαναίνεσθες
1581 3162 1782 3234 καίπερ
1841 3167 1875 3235 ἡ

299 3255 522 3322 ἀνάγκη
552 3253 646 3306 τοῦ
679 3252 859 3320 λόγου,
890 3251 1051 3305 τοῦτό
1076 3268 1136 3304 σε
1164 3251 1347 3319 λέγειν
1382 3253 1475 3306 καὶ
1503 3253 1579 3323 μὴ
1614 3253 1876 3324 βουλόμε-

299 3361 394 3398 νον
435 3343 782 3408 ὲξεύιόισατο.
821 3362 840 3395 ι
871 3343 937 3395 Τί
965 3337 1060 3396 οῦν
1091 3344 1252 3412 ἡμεῖς
1299 3343 1437 3414 πρὸς
1467 3342 1681 3412 ταῦτα;
1720 3345 1784 3398 Τί
1812 3363 1877 3414 γε

298 3439 514 3506 ἕτερον,
555 3436 589 3504 ἢ
613 3435 752 3504 ὅπερ
779 3434 870 3487 καὶ
901 3433 1140 3504 ἁρμόζον
1173 3433 1327 3487 ἐστὶν
1351 3435 1552 3501 αὐτοῖς,
1583 3429 1666 3489 ὄντι
1691 3438 1879 3506 Σοφία

299 3521 505 3594 μωροῦ
532 3522 723 3584 ἐστιν,
749 3521 893 3574 κατὰ
921 3521 1020 3592 τὴν
1047 3521 1295 3592 Γραφὴν,
1329 3522 1744 3587 ἀδιεξέταστοι
1771 3529 1877 3580 λό-

264 3658 270 3662 .
303 3633 400 3684 τοι
420 3632 438 3680 ς
461 3614 598 3678 Τοὺς
622 3614 730 3682 γὰρ
749 3613 908 3676 ἰδίους
929 3613 1116 3682 ὥσπερ
1139 3615 1200 3666 ού
1223 3613 1656 3685 διαμασώμενοι,
1679 3619 1774 3671 καὶ
1791 3618 1878 3673 διὰ

301 3703 466 3758 τοῦτο
489 3703 612 3756 οὐδὲ
650 3702 948 3765 πέπτοντες
976 3700 1280 3768 λόγους,,ὲκ
1307 3700 1490 3766 κακῶν
1519 3703 1614 3772 τῆς
1636 3701 1879 3774 ἀμαθίας

303 3794 524 3848 σιτείων
571 3793 775 3864 ἑρυγὰς
827 3793 958 3864 ἡμῖν
1001 3791 1097 3845 καὶ
1129 3791 1358 3861 ἀτμοὺς,
1402 3791 1518 3856 πῶς
1556 3791 1621 3846 ἂν
1656 3793 1879 3858 ἀλύπως

303 3887 558 3954 εἴποιμι,
591 3883 688 3937 καὶ
733 3883 834 3938 οὐκ
876 3881 1097 3944 εὐώδεις
1141 3881 1628 3952 ἀναπεμπάζουσι.
1689 3885 1879 3954 Πάσης

300 3979 414 4049 γὰρ
451 3976 736 4048 ζητήσεως
768 3975 830 4028 τὸ
871 3973 1248 4044 ἀπορούμενον
1290 3971 1693 4044 διασκοπούσης
1717 4013 1731 4036 ,
1766 3975 1878 4028 κάκ

257 4050 412 4118 ’τῶν
463 4061 916 4134 ὁμολογουμένων
973 4059 1126 4130 αὐτῷ
1173 4059 1678 4130 συμπεραινούσης,
1717 4063 1765 4114 οἱ
1817 4061 1876 4114 δὲ

182 4164 189 4169 “
299 4154 451 4226 (οὐδὲ
499 4153 606 4226 γάρ
667 4155 772 4206 είσι
804 4151 1000 4220 σοφοὶ,
1033 4149 1107 4221 μὴ
1135 4151 1217 4203 ὅτι
1261 4150 1361 4220 τὴν
1393 4150 1770 4216 ἀπαιδευσίαν)
1800 4151 1876 4216 ὡς

299 4243 607 4316 ἀμφίϐολον
625 4243 687 4296 τὸ
713 4239 1147 4313 ὁμολογούμενον
1171 4242 1252 4304 εἰς
1283 4239 1565 4310 διάσκεψιν
1585 4241 1876 4314 προτιθέα-

303 4352 360 4390 σι
417 4376 433 4401 ,
471 4336 564 4390 καὶ
591 4335 651 4389 τὸ
686 4333 924 4404 φανερὸν
955 4332 1032 4399 ὡς
1063 4333 1271 4402 ἀφανὲς
1305 4333 1734 4402 συλλογίζονται.
1764 4336 1875 4406 Τῆς

299 4428 411 4499 γὰρ
449 4425 738 4497 ἀνθρώπου
767 4425 1006 4495 φύσεως,
1037 4424 1179 4478 κατὰ
1211 4425 1308 4488 τὰς
1333 4425 1518 4488 κοινὰς
1545 4426 1762 4480 πάντων
1791 4427 1876 4479 ὲν-

1361 283 1659 345 CONTRA
1685 283 2003 345 NESTOR.
2042 287 2138 347 ET
2176 289 2495 351 EUTYCH.

304 399 476 452 ταῖον.
517 394 614 450 Διὰ
658 393 712 448 τί
744 393 808 466 δὴ
847 392 1020 448 ταῦτά
1068 409 1248 464 equi;
1283 393 1406 448 Ὅτι
1449 395 1498 447 εἰ
1528 394 1718 458 δώσεις
1747 394 1874 466 μίαν

1981 397 2318 455 conﬁtemini
2350 408 2479 456 ante
2513 415 2678 456 unam
2711 416 2832 458 esse
2857 411 3111 458 naturam
3154 405 3316 460 Verbi
3355 415 3413 461 ct
3446 407 3546 461 Pa-
3622 473 3633 498 δ,

3409 295 3546 360 129i

1975 489 2076 545 tris
2115 507 2130 544 :
2166 491 2371 559 dabitis
2411 493 2580 564 igitur
2608 509 2773 548 unam
2814 509 2936 550 esse
2989 505 3240 552 naturam
3275 495 3461 552 carnis
3495 507 3552 552 et

1975 583 2170 639 Patris.

2051 863 2069 896 ι
2107 843 2196 908 At,
2225 845 2510 916 inquiunt,
2547 863 2658 903 non
2689 849 2929 908 dicimus
2965 853 3162 909 eodem
3191 851 3356 910 modo
3388 871 3553 911 unam

1973 950 2092 990 esse
2143 939 2438 1008 utriusque
2483 947 2769 1008 naturam;
2799 943 2896 998 sed
2929 945 2984 998 in
3025 946 3188 1001 Patre
3219 955 3272 1001 et
3299 947 3440 1002 Filio
3461 963 3554 1003 ea-

1973 1023 2098 1080 dem
2125 1029 2339 1082 ratione
2369 1037 2613 1096 naturte;
2648 1030 2741 1084 hic
2790 1041 2972 1088 autem
3010 1034 3064 1088 in
3085 1034 3310 1090 Christo
3339 1037 3553 1092 ratione

1975 1117 2226 1186 unionis;
2257 1134 2387 1190 ergo
2416 1136 2528 1175 non
2562 1129 2648 1176 est
2683 1122 2830 1176 idem
2865 1124 3012 1192 quod
3037 1125 3242 1181 unione
3264 1143 3438 1181 unum
3464 1127 3552 1182 di-

1975 1208 2142 1275 citur,
2168 1217 2225 1264 et
2279 1211 2426 1280 quod
2471 1222 2671 1266 natura
2724 1231 2918 1269 unum.
2961 1234 2980 1268 ι
3012 1215 3068 1270 Si
3105 1226 3290 1272 autem
3325 1234 3438 1274 non
3469 1227 3554 1275 est

1973 1405 2106 1446 vero
2158 1391 2308 1446 aliud
2338 1391 2442 1447 hoc
2476 1413 2490 1446 :
2522 1410 2693 1464 quare
2743 1395 2852 1450 erit
2899 1397 3047 1452 idem
3096 1414 3290 1462 unum,
3323 1409 3380 1456 et
3405 1399 3550 1468 duo;

1976 1497 2148 1536 unum
2182 1482 2407 1552 quidem
2448 1485 2688 1551 unione;
2725 1486 2836 1542 duo
2863 1503 2997 1542 vero
3026 1491 3244 1544 naturis
3279 1508 3292 1543 :
3327 1492 3472 1562 quod
3503 1493 3555 1548 si

1976 1589 2089 1627 non
2133 1573 2262 1640 hoc,
2293 1576 2401 1630 erit
2431 1577 2577 1632 idem
2615 1579 2920 1635 secundum
2959 1581 3106 1638 idem
3131 1593 3189 1638 et
3217 1585 3384 1640 unius
3417 1585 3560 1641 sub-‘

1976 1666 2215 1730 stantius,
2236 1675 2292 1721 et
2311 1667 2543 1726 diversae
2564 1671 2913 1740 substantiae;
2935 1691 3045 1744 quo
3061 1677 3194 1746 quid
3219 1693 3343 1734 esse
3367 1685 3554 1750 potest

1905 1763 1949 1816 Β
1977 1755 2153 1826 magis
2193 1757 2530 1840 absurdum?
2563 1759 2654 1817 Sic
2689 1763 2849 1818 vobis
2875 1781 2986 1818 una
3012 1775 3230 1834 natura,
3261 1783 3428 1838 quam
3461 1769 3551 1823 di-

1975 1847 2120 1914 citis,
2143 1865 2254 1904 non
2281 1851 2473 1922 eﬂ'ugit
2491 1853 2820 1910 divisionem
2852 1873 3015 1926 quam
3043 1857 3210 1914 habet
3230 1869 3440 1915 natura
3493 1861 3554 1916 in

1975 1940 2330 1997 multitudine
2378 1959 2741 2012 personarum
2763 1949 3290 2004 communicantium
3327 1951 3458 2021 ipsi,
3494 1962 3554 2007 et

1977 2028 2360 2084 confusionem
2389 2031 2697 2088 introduxit
2721 2033 2777 2089 in
2811 2034 3100 2100 identitate
3146 2049 3360 2094 natura;
3401 2055 3554 2095 com-

1975 2119 2170 2185 positae
2197 2159 2214 2184 ,
2265 2135 2370 2176 nec
2414 2121 2760 2186 alterutrum
2790 2127 3072 2182 unitorum
3117 2138 3243 2198 post
3291 2130 3553 2186 unionem

1977 2205 2296 2263 exhibens:
2356 2210 2518 2266 nobis
2571 2221 2753 2268 autem
2801 2223 3137 2286 utrumque,
3189 2217 3284 2272 Dei
3351 2219 3549 2290 gratia,

1977 2297 2212 2367 pulchre
2267 2310 2548 2374 servatum
2611 2314 2696 2361 est
2747 2314 2806 2361 et
2847 2306 3166 2364 diﬁ‘erentia
3219 2309 3499 2365 unitorum
3531 2352 3550 2376 ,

1978 2405 2142 2459 quam
2179 2393 2544 2462 praedicamus
2601 2397 2766 2461 etiam
2809 2397 2867 2452 in
2920 2400 3151 2456 unione.
3186 2401 3423 2470 duplicis
3453 2418 3552 2457 na-

1977 2487 2138 2546 turae,
2159 2490 2216 2536 et
2248 2499 2354 2538 una
2387 2495 2555 2554 atque
2573 2483 2767 2542 eadem
2795 2503 3030 2558 persona
3062 2499 3292 2560 propter
3319 2506 3554 2546 concur-

1979 2584 2101 2624 sum
2125 2568 2359 2626 duarum
2397 2581 2720 2630 naturarum
2761 2577 3044 2633 unitarum
3088 2579 3145 2633 in
3184 2594 3349 2634 unam
3375 2580 3554 2652 hypo-

1979 2659 2190 2716 stasim.
2881 2671 2892 2681 ‘

2058 2795 2075 2828 ι
2111 2775 2266 2832 Sicut
2295 2777 2396 2832 tibi
2443 2777 2620 2834 visum
2649 2788 2754 2846 est,
2795 2781 3104 2851 explicasti,
3131 2783 3188 2838 in
3218 2799 3554 2856 unoquoque

1978 2867 2204 2938 homine
2241 2868 2377 2923 duas
2408 2878 2658 2932 naturas,
2691 2879 2751 2924 et
2779 2886 2944 2926 unam
2973 2871 3116 2940 dici;
3140 2889 3208 2928 ex
3223 2890 3349 2947 .quo
3391 2877 3554 2946 quid-

1979 2974 2106 3014 nam
2133 2959 2408 3028 sequitur,
2446 2959 2553 3014 nisi
2595 2961 2651 3014 in
2675 2961 2900 3016 Christo
2926 2979 3035 3018 non
3058 2963 3196 3028 duas
3219 2975 3429 3021 tantum
3453 2983 3552 3022 na-

1981 3058 2134 3104 turas
2179 3050 2455 3115 conﬁteri,
2487 3051 2584 3106 sed
2634 3052 2802 3107 etiam
2861 3055 3012 3108 tres?
3042 3054 3330 3122 Quomodo
3382 3059 3552 3129 igitur

1980 3143 2216 3196 alterum
2241 3141 2588 3208 conﬁtentes,
2611 3145 2845 3199 alterum
2870 3149 3174 3202 recusatis?
3191 3163 3316 3204 cum
3345 3151 3556 3220 alioqui

1981 3235 2118 3288 ratio
2141 3236 2447 3291 necessaria
2468 3235 2574 3291 hoc
2594 3235 2754 3291 fateri
2771 3239 3023 3306 quamvis
3037 3241 3319 3298 nolentem
3335 3253 3514 3316 cogat.
3526 3265 3546 3298 ι

1979 3325 2122 3392 Quid
2157 3341 2258 3382 nos
2311 3327 2382 3382 ad
2430 3327 2744 3395 haec?Quid
2779 3329 2950 3393 aliud,
2978 3347 3141 3400 quam
3191 3335 3424 3403 quodin
3455 3352 3554 3393 eos

1979 3416 2269 3471 convenit?
2303 3415 2580 3488 Sapientia
2619 3421 2755 3488 fatui
2775 3428 2872 3496 est,
2907 3431 2972 3476 ut
3001 3423 3081 3476 ait
3105 3422 3413 3494 Scriptura,
3440 3445 3552 3482 ser-

1981 3523 2156 3561 mones
2205 3525 2309 3562 non
2351 3513 2566 3580 expensi
2623 3527 2788 3582 neque
2830 3515 3208 3570 considerati‘.
3235 3515 3374 3572 Cum
3401 3521 3552 3575 enim

1979 3613 2264 3655 sermones
2285 3616 2414 3656 suos
2439 3617 2550 3656 non
2576 3604 2870 3668 mandunt,
2894 3614 2948 3660 et
2977 3605 3184 3676 idcirco
3209 3624 3388 3680 neque
3415 3626 3552 3667 con-

1979 3698 2258 3759 coquunt;
2313 3707 2382 3746 ex
2432 3693 2592 3748 malis
2647 3694 2788 3750 cibis
2839 3695 3172 3766 insipientia:
3211 3703 3552 3758 ructationes

1979 3779 2138 3834 nobis
2187 3789 2244 3834 et
2287 3781 2494 3837 halitus
2533 3784 2830 3854 (quomodo
2863 3787 3011 3841 enim
3058 3787 3178 3843 sine
3230 3805 3438 3847 nausea
3495 3803 3552 3848 et

1977 3870 2199 3926 fastidio
2229 3871 2446 3926 dicam?
2473 3873 2490 3941 )
2521 3890 2632 3928 non
2668 3875 2811 3931 bene
2839 3875 3051 3934 olentes
3089 3881 3370 3938 emittunt.
3411 3882 3551 3940 Cum

1977 3979 2087 4018 non
2115 3964 2294 4020 omnis
2315 3965 2546 4035 quaestio
2587 3968 2732 4038 quod
2760 3967 2817 4022 in
2841 3965 3070 4025 dubium
3095 3973 3266 4038 venit,
3299 3975 3555 4032 conside-

1977 4060 2084 4119 ret,
2110 4060 2167 4108 et
2188 4069 2256 4108 ex
2285 4055 2564 4110 concessis
2600 4056 2872 4112 rationem
2905 4061 3236 4128 concludat;
3279 4063 3369 4118 isti
3415 4065 3550 4136 (non

1976 4143 2126 4200 enim
2169 4153 2301 4200 sunt
2351 4145 2628 4215 sapientes
2660 4147 2768 4202 nisi
2813 4149 2870 4202 in
2927 4148 3209 4220 inscitia),
3263 4155 3409 4222 quod
3464 4165 3552 4212 est

1976 4225 2046 4290 ab
2075 4236 2334 4291 omnibus
2371 4251 2718 4303 concessum,
2754 4245 3014 4308 tanquam
3051 4241 3282 4298 dubium
3309 4244 3363 4300 in
3397 4262 3548 4316 quae-

1976 4327 2156 4382 stione
2181 4335 2427 4397 ponunt;
2458 4335 2515 4382 et
2551 4327 2699 4398 quod
2737 4331 3112 4398 manifestum,
3148 4343 3410 4406 tanquam
3445 4339 3549 4393 ob-

1977 4433 2202 4473 scurum
2225 4417 2514 4475 inducunt.
2539 4419 2822 4490 Siquidem
2846 4431 3045 4480 natura
3061 4425 3323 4494 hominis,
3349 4445 3549 4487 secun-

216 4836 221 4841 .
303 4783 676 4855 λαμσάνουσιν
706 4801 722 4817 ο
751 4785 826 4847 ὡς
852 4783 918 4838 ἂν
959 4783 1010 4838 εἴ
1031 4802 1170 4850 τινος
1206 4785 1361 4856 ήμῶν
1391 4786 1825 4856 ἀποφαινομένου
1854 4829 1870 4856 ,

266 4527 271 4531 ’
301 4486 474 4579 votae,
508 4486 606 4584 τήν
625 4486 802 4585 ψυχὴν
829 4513 925 4566 καὶ
1043 4514 1200 4584 σῶμα
1223 4486 1514 4584 δηλούσης,
1545 4515 1641 4566 καὶ
1673 4517 1872 4584 συσση-

1981 4509 2112 4564 dum
2145 4524 2468 4566 communes
2497 4512 2744 4568 omnium
2774 4515 3050 4584 notiones,
3081 4519 3318 4576 animam
3333 4531 3390 4577 et
3421 4537 3548 4578 cor-

307 4603 626 4677 μαινούσης,
659 4603 734 4666 ώς
767 4603 1026 4668 πολλάκις
1057 4606 1214 4676 ἔφην,
1247 4603 1327 4676 τῷ
1359 4604 1472 4674 ὅλῳ
1501 4603 1570 4658 τὰ
1609 4604 1749 4674 μέρη
1771 4620 1786 4635 ο
1821 4605 1874 4658 οἱ

1981 4615 2087 4678 pus
2129 4599 2434 4672 signiﬁcat;
2461 4603 2952 4674 etconsigniﬁcat,
2984 4615 3047 4661 ut
3077 4623 3219 4679 saepe
3256 4609 3390 4676 dixi,
3417 4628 3543 4668 cum

303 4699 362 4752 δὲ
391 4696 453 4750 τὸ
481 4697 647 4749 πᾶσιν
673 4691 1146 4768 παρακεχωρηκδς
1172 4697 1272 4766 τῆς
1297 4695 1531 4762 ἐννοίας,
1553 4695 1630 4758 ὡς
1667 4696 1872 4768 ἄπορον

1981 4693 2096 4746 toto
2126 4700 2332 4761 partes.
2371 4691 2465 4747 Isti
2496 4709 2628 4750 vero
2658 4696 2805 4764 quod
2837 4711 2869 4750 a
2901 4699 3236 4770 cogitatione
3299 4703 3544 4760 omnium

1979 4783 2228 4846 recessit,
2285 4790 2540 4854 tanquam
2592 4785 2824 4842 dubium
2870 4792 3311 4860 sumunt;quasi
3345 4796 3544 4866 aliquis

304 4878 386 4930 ὅτι
419 4874 642 4929 διπλοῦν
661 4893 714 4930 τι
745 4875 937 4946 χρῆμά
960 4876 1106 4930 ἐστιν
1134 4879 1162 4930 ὁ
1186 4877 1494 4949 ἄνθρωπος,
1526 4878 1560 4950 ἢ
1591 4879 1750 4948 σῶμα
1775 4879 1874 4951 μόο

1981 4877 2226 4926 nostrum
2270 4869 2520 4937 aﬂirmet,
2552 4873 2701 4942 quod
2739 4874 2905 4931 homo
2945 4886 3030 4932 est
3061 4878 3270 4948 aliquid
3317 4881 3541 4953 duplex,

305 4983 397 5021 νον
422 5007 440 5033 ,
471 4965 505 5032 ἢ
535 4966 684 5038 ψυχὴ
727 4967 891 5036 μόνον
914 4982 928 4997 ·
961 4966 1056 5019 καὶ
1085 4965 1176 5020 διὰ
1215 4966 1374 5021 τοῦτο
1405 4965 1616 5032 ἀξιοῦσι
1655 4969 1752 5022 καὶ
1779 4969 1873 5024 ἐπὶ

1981 4959 2062 5016 vel
2088 4975 2290 5030 corpus
2338 4961 2538 5029 solum,
2568 4963 2656 5020 vel
2712 4964 2895 5020 anima
2924 4967 3156 5034 sola;,et
3183 4970 3309 5026 ideo
3350 4974 3543 5030 volunt

303 5055 546 5128 Χριστοῦ
593 5057 743 5128 τρεῖς
771 5054 952 5123 λέγειν
988 5053 1203 5124 φύσεις,
1237 5055 1312 5120 ὡς
1341 5057 1441 5128 οὐχ
1469 5059 1662 5129 ἱκανῆς
1705 5057 1874 5130 οῦσης

1981 5053 2159 5112 dicere
2190 5055 2248 5110 in
2271 5054 2490 5112 Christo
2513 5063 2626 5128 tres
2664 5065 2910 5126 naturas,
2929 5055 3097 5132 'quasi
3131 5073 3333 5121 natura
3356 5067 3540 5123 homi-

303 5147 406 5212 τῆς
435 5145 724 5219 ἀνθρώπου
751 5145 968 5214 φύσεως
992 5145 1392 5213 συνεπάγεσθαι
1417 5145 1584 5218 ἑαυτῇ
1611 5148 1681 5203 τὰ
1707 5149 1866 5220 μέρη.

1981 5149 2058 5204 nis
2081 5164 2190 5204 non
2223 5148 2358 5204 satis
2383 5150 2455 5205 sit
2482 5149 2550 5206 ad
2581 5149 2929 5210 inferendum
2951 5169 3140 5212 secum
3163 5167 3368 5228 partes.
3391 5160 3538 5216 Duas

305 5233 412 5288 Δύο
455 5234 562 5306 γὰρ
606 5240 798 5303 φύσεις
831 5231 1064 5302 λέγομεν
1095 5231 1155 5285 ού
1181 5230 1316 5284 Θεοῦ
1346 5231 1440 5284 καὶ
1483 5233 1716 5302 σαρκὸς,
1747 5232 1872 5288 οὕτε

1981 5238 2118 5294 enim
2164 5247 2392 5298 naturas
2433 5239 2692 5311 dicimus,
2722 5257 2834 5300 non
2862 5243 2960 5302 Dei
3007 5255 3066 5302 et
3112 5249 3312 5316 carnis,
3357 5263 3538 5320 neque

379 5447 402 5480 ⁸
431 5446 604 5504 Eccli.
631 5462 742 5513 ω,
773 5447 864 5503 21.

381 5613 496 5683 (ατ)
519 5609 580 5668 In
610 5627 782 5684 marg.
807 5613 1052 5670 τουτέστι
1109 5611 1216 5666 τῶν
1241 5608 1382 5666 ὅλων
1404 5611 1729 5685 ἀνθρώπων.

3613 4566 3627 4614 ί
