3954 6148
455 270 592 336 1295

451 479 540 526 est
574 479 770 526 natura
808 467 1067 532 hominis,
1100 475 1302 522 natura
1339 466 1532 536 partis.
1551 465 1731 532 Quare
1759 464 1852 534 qui
1883 462 2028 518 dixit

454 561 734 616 hominem
786 561 870 614 vel
919 565 1170 612 naturam
1229 556 1490 622 hominis,
1527 564 1754 610 naturas
1784 555 2026 610 declara-

453 655 571 720 vit;
611 653 704 724 qui
759 661 942 706 autem
996 648 1280 705 Christum
1337 647 1665 712 nominavit,
1714 661 1894 716 neque
1924 661 2026 700 no-

454 761 580 800 men
619 753 829 800 certum
879 750 935 796 et
979 741 1186 795 nostris
1221 739 1540 795 notionibus
1582 737 1891 808 subjectum
1926 751 2027 791 no-

453 833 704 900 minavit,
722 849 904 904 neque
935 848 1049 888 rem
1079 831 1407 888 declaravit.

521 1049 924 1106 Declaranthoc
947 1047 1136 1101 multa:
1153 1055 1209 1101 et
1233 1045 1400 1100 variae
1419 1044 1699 1099 ctinterse
1719 1051 2027 1112 pugnantes

452 1144 520 1198 de
549 1157 615 1194 eo
652 1141 796 1210 apud
823 1137 1170 1194 Christianos
1215 1136 1526 1206 Opiniones,
1559 1150 1681 1204 quae
1704 1149 1814 1188 non
1858 1132 2026 1188 exsti-

452 1236 666 1299 tissent,
699 1233 744 1288 si
775 1233 959 1287 statim
979 1246 1185 1286 nomen
1213 1229 1422 1284 Christi
1459 1229 1752 1283 veritatem
1775 1227 1855 1281 rei
1887 1225 2024 1281 sub-

450 1331 608 1400 jecue
661 1325 1016 1397 signiﬁcaret.
1033 1323 1110 1382 At
1135 1321 1434 1392 appellatio
1452 1321 1697 1375 hominis
1713 1319 2026 1374 communis

451 1429 555 1484 est,
589 1427 646 1474 ct
691 1417 950 1472 omnibus
986 1416 1226 1486 vulgata,
1269 1422 1328 1468 et
1380 1414 1616 1467 maxime
1671 1410 2020 1466 Christianis.

450 1512 661 1566 Nomen
719 1522 849 1564 vero
900 1505 1108 1560 Christi
1157 1505 1334 1560 simile
1394 1511 1480 1559 est
1527 1503 1736 1558 nomini
1793 1502 1930 1556 artis
1969 1509 2025 1556 et

420 1598 713 1667 _sciemia:.
747 1595 820 1652 Ut
869 1595 1018 1649 enim
1061 1593 1154 1648 illa
1206 1591 1430 1646 nomina
1477 1593 1616 1646 artis
1663 1599 1719 1646 et
1774 1591 2026 1646 scientia:

449 1692 530 1746 illi
564 1700 776 1746 tantum
801 1691 1005 1751 sciunt,
1049 1687 1144 1756 qui
1190 1686 1337 1740 illam
1371 1685 1723 1754 disciplinam
1755 1699 2022 1754 percepe-

1719 269 2027 332 LEONTII
2066 267 2469 328 BYZANTINI

346 405 350 416 ι
453 381 555 438 Dei
579 381 870 444 etenimze,
898 379 996 434 sed
1021 379 1119 434 Dei
1149 389 1206 434 et
1229 379 1487 434 hominis.
1511 379 1622 434 Nec
1640 379 1785 433 enim
1807 377 2024 448 proprie

2132 375 2236 446 μὴν
2270 373 2405 426 Θεοῦ
2427 373 2522 427 καὶ
2549 371 2747 441 ψυχῆς,
2789 369 2925 424 ἀλλά
2956 367 3093 420 Θεοῦ
3130 367 3226 422 καὶ
3255 365 3571 437 ἀνθρώπου.
3600 370 3708 420 0-5-

3570 257 3712 322 1296

2129 465 2187 518 δὲ
2220 465 2331 537 γάρ
2381 466 2496 517 ἐστι
2581 462 2786 532 κυρίως
2819 458 3113 532 ἀνθρώπου
3153 458 3352 527 φύσις,
3396 461 3430 530 ἡ
3477 459 3572 512 τοῦ
3609 463 3710 528 μὲ-

2129 573 2256 628 ρους
2311 556 2496 626 φύσις.
2551 555 2742 606 Ὥστε.
2791 555 2820 606 6
2873 555 3045 606 εἰπὼν
3111 551 3400 622 ἄνθρωπον
3451 553 3486 621 ἢ
3541 550 3712 618 φύσιν

2124 649 2442 721 ἀνθρώπου,
2487 645 2587 709 τὰς
2617 645 2814 714 φύσεις
2846 645 3116 715 ἐδήλωσεν
3135 653 3152 676 ⁸
3181 645 3212 698 ὸ
3235 645 3295 698 δὲ
3327 645 3564 715 Χριστὸν
3589 645 3712 697 ὀνο-

2129 742 2312 810 μάσας
2335 782 2351 804 ,
2395 739 2495 808 οὐχ
2520 737 2962 808 ὁμολογουμένην
2991 739 3086 792 καὶ
3113 741 3236 800 ταῖς
3265 737 3500 800 ἐννοίαις
3548 737 3714 808 ἡμῶν

2126 831 2562 894 ύποπίπτουσαν,
2591 827 2715 882 οὔτε
2732 829 2924 900 κλῆσιν
2949 829 3264 899 ὠνόμασεν,
3296 827 3423 882 οὔτε
3469 830 3714 901 πρᾶγμα

2125 921 2449 992 δελήλωκεν.

2194 1046 2307 1100 Καὶ
2347 1044 2602 1115 δηλοῦσιν
2639 1045 2696 1098 αί
2724 1045 2976 1116 διάφοροι
3019 1045 3147 1115 περὶ
3187 1045 3355 1100 αὐτοῦ
3381 1045 3536 1116 παρὰ
3567 1049 3713 1120 Χρι-

2126 1139 2362 1199 πιανοίς
2382 1135 2556 1203 δόξαι,
2593 1136 2787 1190 πολλαί
2811 1150 2872 1190 τε
2906 1136 3002 1190 καὶ
3029 1136 3271 1191 ποικίλαι
3300 1138 3672 1208 τυγχάνουσαι
3692 1180 3708 1200 ,

2124 1233 2220 1286 καὶ
2267 1231 2528 1301 ἀλλήλαις
2561 1231 2962 1302 διαμαχόμεναι
2986 1248 3000 1262 ·
3035 1234 3138 1285 οὐκ
3190 1232 3258 1286 ἂν
3303 1233 3619 1303 γενόμεναι,
3657 1237 3710 1286 εί

2124 1323 2330 1386 εὐθέως
2356 1323 2388 1392 ἠ
2437 1323 2532 1376 τοῦ
2562 1323 2804 1394 Χριστοῦ
2851 1325 3198 1394 προσηγορία
3225 1323 3328 1394 τὴν
3357 1324 3450 1378 τοῦ
3481 1325 3706 1378 ὑποκει-

2127 1416 2293 1486 μένου
2337 1416 2666 1486 πράγματος
2716 1413 2978 1485 ἀλήθειαν
3015 1413 3308 1485 ἐσήμανεν.
3365 1416 3506 1470 Ἀλλ’
3533 1419 3568 1488 ἡ
3602 1418 3710 1486 μὲν

2124 1507 2416 1578 ἀνθρώπου
2445 1505 2809 1578 προσηγορία,
2836 1507 2992 1575 κοινή
3018 1506 3102 1569 τίς
3126 1509 3240 1559 ἐστι
3275 1507 3368 1560 καὶ
3393 1509 3527 1560 πᾶσι
3547 1488 3705 1576 δεδη-

2127 1600 2464 1670 μοσιευμένη
2486 1641 2500 1663 ,
2531 1599 2629 1668 οὐχ
2659 1598 2862 1668 ἥκιστα
2899 1598 2956 1652 δὲ
2994 1599 3366 1668 Χριπιανοῖς.
3427 1599 3490 1652 Ἦ
3517 1599 3573 1652 δὲ
3605 1597 3706 1652 τοῦ

2123 1689 2362 1759 Χριστοῦ
2393 1689 2632 1758 τεχνικῷ
2655 1691 2752 1742 καὶ
2783 1691 3196 1762 ὲπιστημονικῷ
3233 1692 3558 1762 προσέοικεν
3583 1693 3708 1745 ὀνό-

451 1793 618 1849 runt;
666 1781 748 1836 sic
777 1780 847 1835 iis
895 1786 1108 1834 tantum
1139 1778 1231 1848 qui
1267 1777 1324 1831 in
1369 1777 1575 1831 divinis
1613 1775 1820 1831 eruditi
1869 1784 2023 1841 sunt,

2129 1799 2283 1853 ματι.
2327 1783 2420 1847 Ὠς
2439 1783 2549 1852 γὰρ
2574 1783 2760 1836 ἐκεῖνα
2781 1783 2932 1854 μόνοι
2952 1783 3135 1838 ἴσασιν
3165 1786 3214 1839 οἱ
3247 1784 3346 1854 τῆς
3364 1785 3531 1852 αὐτῆς
3567 1801 3698 1854 μετ-

449 1875 652 1931 veritas
705 1865 762 1928 i'n
795 1872 904 1928 hoc
934 1871 1158 1927 nomine
1201 1869 1408 1935 abdita,
1441 1869 1731 1938 explanata
1774 1876 1880 1924 est.
1913 1867 2020 1922 Te-

447 1976 666 2024 stantur
721 1965 822 2037 ipsi
863 1979 1056 2020 verum
1097 1977 1220 2018 esse
1265 1961 1414 2032 quod
1476 1961 1622 2024 dico,
1666 1961 1762 2030 qui
1803 1975 2025 2030 semper

448 2060 728 2116 affirmant
757 2073 825 2113 ex
865 2055 1080 2112 duabus
1101 2053 1318 2108 naturis
1343 2061 1598 2109 constare
1625 2052 1930 2115 Christum,
1965 2059 2022 2106 et

448 2165 729 2221 nunquam
780 2163 848 2203 ex
893 2147 1074 2201 tribus
1125 2139 1364 2209 naturis,
1397 2143 1648 2213 quamvis
1673 2141 1910 2196 animam
1935 2155 2024 2195 ra-

450 2241 616 2296 tionis
644 2239 973 2310 participem
994 2237 1146 2292 carni
1169 2234 1375 2292 Christi
1402 2235 1672 2290 tribuunt.
1693 2233 1815 2289 Sint
1834 2233 2020 2304 itaque

448 2322 536 2388 isti
577 2331 741 2403 primi
768 2338 1024 2385 auctores
1054 2337 1112 2382 et
1140 2327 1311 2382 duces
1343 2325 1507 2397 hujus
1528 2324 1780 2390 inscitiae,
1804 2331 1861 2378 et
1889 2338 2022 2378 con-

450 2423 752 2479 fitebuntur
807 2437 877 2475 ex
920 2419 1098 2474 tribus
1127 2433 1256 2474 eum
1306 2417 1522 2472 naturis
1545 2431 1668 2471 esse
1697 2433 1713 2470 :
1741 2422 1799 2470 et
1833 2431 1934 2470 nos
1963 2417 2022 2471 in

445 2529 516 2569 eo
561 2513 996 2584 acquiescemus,
1029 2508 1175 2580 quod
1225 2508 1557 2564 confitemur
1601 2523 1665 2562 ea
1711 2521 1780 2560 ex
1819 2503 2022 2576 quibus

445 2607 628 2662 factus
680 2611 784 2667 est,
831 2601 1142 2665 servari,,in
1199 2614 1309 2668 quo
1343 2599 1461 2652 haec
1507 2605 1815 2653 noscuntur
1844 2611 1966 2652 esse
2003 2615 2016 2650 :

443 2696 724 2768 siquidem
748 2709 856 2748 non
879 2709 945 2747 ex
983 2691 1162 2746 tribus
1185 2690 1388 2758 solum,
1405 2689 1500 2744 sed
1521 2705 1587 2744 ex
1616 2687 1868 2758 pluribus
1891 2704 2018 2742 eum

447 2804 574 2846 esse
620 2787 808 2843 dicere
856 2792 1142 2854 cogentur,
1197 2791 1259 2836 ut
1303 2779 1839 2846 demonstrabimus;
1889 2781 2019 2850 quia

448 2881 629 2937 adhuc
685 2893 870 2933 rerum
922 2875 1156 2945 simplex
1185 2883 1242 2929 et
1269 2873 1543 2944 generalis
1591 2870 1744 2928 notio
1775 2871 1926 2935 facit,
1957 2881 2021 2926 ut

449 2971 815 3042 cognitionem
846 2968 1148 3022 habeamus
1193 2963 1614 3029 universam,et
1677 2979 1788 3018 non
1841 2963 2020 3034 expli-

449 3072 626 3120 catam
675 3081 688 3117 :
731 3062 926 3117 horum
954 3069 1138 3114 autem
1178 3058 1378 3114 divisio
1407 3058 1764 3129 cogitatione,
1800 3058 1868 3113 ad
1888 3073 2017 3128 per-

2090 1875 2096 1880 ’
2130 1877 2415 1948 ειληχύτες
2452 1876 2704 1940 παιδείας
2729 1917 2744 1942 ,
2769 1875 2913 1930 οὕτω
2977 1877 3162 1946 μόνοις
3208 1879 3319 1939 τοῖς
3371 1875 3441 1930 τὰ
3470 1876 3590 1929 θεῖα
3619 1892 3709 1930 co-

2128 1972 2270 2039 φοῖς,
2301 1969 2636 2040 τετράνωται
2661 1969 2695 2040 ή
2729 1969 2788 2022 ὲν
2818 1967 2897 2038 τῷ
2923 1969 3146 2038 ὀνόματι
3179 1967 3538 2039 κεκρυμμὲνη
3575 1967 3706 2038 ἀλή-

2127 2061 2272 2114 θεια.
2317 2059 2671 2131 Μαρτυροῦσι
2701 2058 2760 2112 δὲ
2789 2059 2889 2112 καὶ
2921 2059 3076 2112 αὐτοὶ
3118 2061 3184 2130 τῇ
3215 2058 3444 2130 ἀληθείᾳ
3479 2059 3574 2112 τοῦ
3611 2061 3705 2114 λό-

2126 2171 2248 2223 γου,
2301 2154 2367 2207 ἐκ
2419 2151 2516 2206 δύο
2579 2151 2678 2221 μὲν
2727 2149 2944 2220 φύσεων
2978 2150 3066 2204 ἀεὶ
3095 2149 3570 2220 διαδεδαιουμένοι
3610 2151 3705 2204 τὸν

2127 2243 2365 2315 Χριστὸν
2387 2285 2402 2308 ,
2439 2243 2562 2298 οὐδέ
2595 2259 2727 2298 ποτε
2754 2243 2813 2297 δὲ
2847 2242 3014 2296 αὐτὸν
3047 2243 3113 2296 ἐκ
3141 2241 3310 2312 τριῶν
3340 2243 3561 2310 φύσεων
3599 2259 3704 2296 κα-

2125 2333 2385 2398 λέσαντες
2411 2347 2426 2364 ⁸
2457 2333 2665 2404 καίπερ
2691 2333 2786 2386 καὶ
2806 2331 2986 2403 ψυχὴν
3010 2331 3237 2403 λογικὴν
3257 2371 3273 2396 ,
3306 2335 3374 2402 τῇ
3414 2334 3578 2403 σαρκὶ
3604 2331 3705 2386 τοῦ

2125 2425 2366 2496 Χριστοῦ
2408 2424 2744 2494 παρέχουσιν
2770 2438 2786 2454 ο
2843 2423 2971 2476 ἐπεὶ
3023 2421 3497 2492 καταρξάσθωσαν
3547 2422 3705 2475 αὐτοὶ

2123 2517 2226 2587 τῆς
2259 2516 2638 2579 ἀπαιδευσίας,
2673 2515 2769 2569 καὶ
2801 2517 2868 2569 ὲκ
2915 2515 3087 2586 τριῶν
3116 2515 3280 2569 αὑτὸν
3308 2515 3706 2585 ὁμολογήσουσι

2126 2611 2363 2678 φύσεων,
2393 2609 2487 2662 καὶ
2514 2610 2680 2679 ἡμεῖς
2708 2624 2774 2676 γε
2807 2608 3112 2681 στέρξομεν
3137 2623 3154 2636 ⁸
3175 2607 3241 2662 τὰ
3273 2608 3331 2674 ἐξ
3367 2603 3444 2661 ὧν
3474 2607 3706 2676 γέγονεν

2125 2701 2511 2770 ὁμολογοῦντες
2553 2699 2940 2770 φυλάττεσθαι.
2972 2703 3032 2754 ὲν
3056 2701 3133 2771 τῷ
3156 2703 3213 2754 ὲν
3242 2695 3287 2769 ᾧ
3311 2700 3483 2756 ταῦτα
3501 2699 3703 2770 γνωρί-

2125 2791 2300 2856 ζεται,
2328 2792 2490 2846 ὁπότε
2513 2791 2614 2845 οὐκ
2642 2794 2707 2845 ὲκ
2733 2793 2904 2862 τριῶν
2935 2793 3113 2862 μόνον,
3143 2792 3275 2846 ἀλλὰ
3303 2794 3395 2846 καὶ
3421 2795 3486 2846 ἐκ
3519 2791 3703 2844 πλειό-

2125 2900 2232 2936 νων
2265 2883 2427 2936 αὐτὸν
2466 2884 2645 2950 λέγειν
2697 2882 3153 2947 ἐκϐιασθήσονται
3177 2922 3192 2943 ,
3221 2881 3297 2944 ὡς
3328 2877 3488 2943 αὖθις
3525 2879 3704 2945 δείξο-

2129 2991 2228 3044 μεν
2257 2991 2274 3005 ⁸
2299 2973 2380 3028 ὅτι
2408 2973 2516 3027 τῶν
2545 2973 2883 3044 πραγμάτων
2911 2975 2942 3041 ὴ
2971 2971 3116 3039 ἁπλῆ
3151 2970 3241 3023 καὶ
3277 2969 3402 3023 καθ’
3429 2971 3551 3022 ὅλου
3572 2972 3703 3024 ἑπι-

2127 3066 2278 3136 ὅολὴ,
2304 3064 2510 3118 ἔννοιαν
2546 3067 2683 3136 ἡμῖν
2709 3063 2965 3132 ὁλοσχερῆ
2987 3062 3080 3115 καὶ
3105 3061 3416 3131 ἀτράνωτον
3444 3061 3687 3129 ἐμποιεῖ.

442 3154 646 3210 {cctam
677 3152 1045 3223 cognitionem
1078 3164 1180 3205 nos
1207 3149 1432 3203 adducit
1476 3163 1670 3203 eorum
1718 3163 1785 3204 ex
1819 3149 2024 3219 quibus

2139 3157 2203 3210 Ἦ
2248 3157 2306 3209 δὲ
2345 3155 2550 3209 τούτων
2583 3158 2705 3210 κατ’
2735 3155 2976 3208 ἐπίνοιαν
3019 3153 3280 3224 διαίρεσις
3309 3193 3324 3215 ,
3357 3154 3438 3216 είς
3479 3149 3692 3222 ἀκριδῆ

447 3253 723 3301 constant.
777 3243 861 3300 0b
907 3243 1050 3298 hanc
1091 3255 1316 3296 causam
1361 3240 1692 3295 divisionem
1747 3241 1922 3296 totius
1965 3239 2022 3294 in

451 3342 637 3404 partes
681 3331 951 3396 facimus;
989 3329 1239 3384 dividere
1269 3337 1454 3384 autem
1487 3328 1542 3382 in
1574 3337 1760 3398 partes
1781 3327 2022 3398 partium

451 3432 577 3491 post
642 3421 874 3491 primam
959 3418 1327 3482 divisionem,
1375 3415 1674 3472 ridiculum
1733 3426 1836 3473 est.
1899 3418 2022 3473 Non

445 3512 600 3566 enim
643 3510 752 3565 huc
797 3525 970 3580 usque
997 3509 1222 3576 evadit,
1252 3516 1308 3564 et
1337 3508 1431 3563 hic
1455 3509 1642 3574 sistit,
1679 3507 1777 3564 sed
1815 3507 1873 3562 in
1901 3509 2023 3562 inli-

448 3602 630 3658 nitum
659 3601 1029 3674 progreditur.

519 3819 687 3878 Verbi
727 3819 924 3889 gratia,
965 3830 1026 3872 ut
1069 3817 1217 3888 quod
1265 3816 1388 3872 dico
1439 3817 1794 3888 intelligatur,
1840 3827 2024 3886 partes

451 3907 692 3963 hominis
717 3915 846 3962 sunt
869 3920 1070 3976 corpus
1095 3914 1152 3960 et
1182 3903 1398 3970 anima;
1424 3913 1608 3974 partes
1637 3921 1768 3960 vero
1786 3905 2023 3974 partium

451 4001 591 4070 ejus,
609 3997 666 4053 in
690 3997 870 4051 anima
897 3996 1120 4066 quidem
1148 3995 1455 4050 substantia
1481 3995 1710 4050 rationis
1727 3995 2024 4066 particeps,

452 4100 510 4147 et
552 4089 788 4162 qualitas
823 4088 1146 4160 incorporea
1175 4104 1191 4152 ;
1227 4097 1284 4143 et
1315 4087 1429 4144 haec
1477 4089 1676 4159 partim
1705 4097 1790 4144 est
1823 4089 1908 4143 vis
1933 4103 2022 4142 ra-

455 4179 755 4238 tiocinandi
785 4195 907 4251 quae
933 4187 1017 4234 est
1041 4177 1318 4250 princeps,
1357 4177 1559 4248 partim
1587 4176 1879 4245 irascendi,
1901 4193 2026 4247 par-

452 4273 550 4327 tim
579 4270 1104 4342 concupiscendi,et
1131 4271 1326 4324 harum
1359 4271 1598 4341 partium
1631 4268 1726 4324 illa
1749 4262 2024 4340 princeps

451 4363 706 4418 notiones
731 4363 966 4431 format;
1017 4370 1074 4418 et
1119 4362 1344 4434 cogitat,
1381 4373 1437 4420 et
1461 4363 1752 4430 meminit,
1803 4373 1859 4418 et
1891 4377 2022 4418 con-

2125 3247 2328 3316 γνῶσιν
2375 3248 2526 3316 ἡμᾶς
2575 3246 2700 3314 ἄγει
2756 3246 2865 3298 τῶν
2906 3244 2964 3311 ἐξ
3005 3237 3078 3298 ὧν
3125 3245 3538 3314 συνεστήκασιν.
3582 3243 3701 3295 Καὶ

2121 3337 2330 3410 ταύτης
2385 3339 2571 3392 ἕνεκεν
2613 3337 2712 3407 τὴν
2749 3337 2848 3390 τοῦ
2879 3337 3002 3391 ὅλου
3038 3338 3117 3400 εἰς
3147 3335 3214 3390 τὰ
3254 3337 3396 3406 μέρη
3421 3333 3706 3403 διάκρισιν

2123 3427 2427 3498 ποιούμεθα
2452 3443 2470 3461 ο
2503 3429 2564 3482 τδ
2595 3429 2654 3483 δὲ
2681 3430 2764 3491 είς
2802 3429 2871 3482 τὰ
2900 3429 3042 3499 μέρη
3070 3425 3181 3480 τῶν
3224 3427 3406 3498 μερῶν
3438 3425 3576 3496 μετὰ
3603 3426 3706 3496 τὴν

2124 3519 2352 3591 πρώτην
2375 3519 2640 3588 διαίρεσιν
2670 3517 2966 3587 πειρᾶσθαι
2990 3519 3237 3588 τέμνειν,
3268 3517 3702 3584 καταγέλαστον.

2123 3611 2200 3665 Οὐ
2224 3611 2332 3683 γὰρ
2358 3611 2519 3682 μέχρι
2545 3610 2734 3664 τούτου
2758 3611 2993 3680 ἵστησιν,
3017 3609 3133 3663 ἀλλ’
3154 3611 3240 3663 ἐπ’
3268 3609 3497 3677 ἄπειρον
3523 3606 3703 3661 ἐκτεί-

2123 3719 2205 3757 νει
2239 3702 2337 3774 τὴν
2372 3703 2629 3774 θεωρίαν.

2201 3841 2266 3892 ’0
2289 3838 2344 3892 δὲ
2371 3839 2516 3907 λέγω
2546 3839 2786 3892 τοιοῦτόν
2811 3840 2932 3891 ἐστι
2995 3855 3012 3872 ο
3043 3838 3202 3910 Μέρη
3235 3836 3527 3910 ἀνθρώπου
3553 3837 3704 3908 ψυχὴ

2125 3929 2220 3982 καὶ
2243 3927 2423 3997 σῶμα,
2461 3927 2601 3999 μέρη
2622 3927 2678 3980 δὲ
2706 3928 2814 3980 τῶν
2840 3927 3024 3998 μερῶν
3050 3927 3216 3981 αὐτοῦ
3242 3927 3338 3980 ἐπὶ
3367 3928 3468 3997 μὲν
3493 3927 3700 3998 ψυχῆς,

2125 4017 2284 4073 οὐσία
2315 4017 2509 4088 λογικὴ
2537 4019 2628 4072 καὶ
2662 4019 2884 4086 ποιότης
2903 4017 3228 4087 ἀσώματοςο
3261 4009 3335 4070 ὧν
3363 4017 3424 4070 τὸ
3452 4019 3550 4087 μὲν
3580 4018 3706 4086 ἡγε-

2130 4108 2372 4182 μονικὸν,
2423 4113 2486 4164 τὸ
2521 4109 2577 4164 δὲ
2620 4108 2871 4181 Θυμικὸν,
2921 4109 2983 4162 τὸ
3025 4108 3083 4162 δὲ
3119 4108 3516 4180 ἐπιθυμητικόν
3547 4124 3561 4140 ·
3606 4111 3703 4164 καὶ⁸

2125 4204 2331 4258 τούτων
2367 4203 2429 4257 τὸ
2486 4204 2584 4275 μὲν
2627 4203 3020 4282 ἐννοηματικδν
3070 4203 3166 4257 καὶ
3233 4203 3654 4275 διανοηματικὸν
3681 4244 3702 4270 ,

2131 4295 2562 4368 μνημονευτικόν
2589 4313 2652 4350 τε
2681 4297 2775 4350 καὶ
2812 4295 3156 4367 βουλευτικὸν
3201 4295 3296 4348 καὶ
3343 4295 3656 4359 δοξαστικδν
3680 4336 3698 4358 ,

2127 4387 2189 4441 τὸ
2228 4387 2284 4440 δὲ
2315 4386 2599 4457 ὀρεκτικόν
2635 4404 2693 4442 τε
2719 4389 2814 4440 καὶ
2843 4386 3168 4456 ὲκκλητικὺν
3188 4427 3204 4451 ,
3229 4386 3290 4439 τὺ
3313 4387 3370 4440 δὲ
3397 4385 3706 4456 ἀμυντικόν

451 4457 638 4519 saltat,
662 4464 720 4511 et
750 4455 1027 4525 Opinatur.
1052 4454 1188 4510 Pars
1211 4453 1482 4510 irascendi
1513 4455 1745 4526 appetit,
1772 4464 1828 4510 et
1856 4453 2024 4509 decli-

2129 4495 2187 4532 τε
2219 4477 2314 4532 καὶ
2343 4453 2634 4549 δραστικὸν
2655 4521 2670 4545 ,
2705 4479 2797 4532 καὶ
2827 4453 3191 4545 πολλὰνέτερα
3217 4453 3702 4542 τούτοις-ὑποδιαι-

451 4554 584 4614 nat;
615 4561 745 4618 pars
775 4544 1201 4617 concupiscendi
1230 4544 1402 4601 habet
1437 4546 1753 4602 facultatem
1793 4548 2021 4619 propul-

451 4636 632 4700 sandi,
665 4645 722 4694 et
745 4635 1039 4702 efficiendi,
1063 4645 1120 4690 et
1151 4637 1323 4692 multa
1369 4635 1475 4692 alia
1501 4639 1694 4695 subter
1733 4640 1836 4696 ista
1877 4641 2017 4697 divi—

451 4727 681 4782 duntur.
712 4721 1010 4780 Omittatur
1034 4740 1184 4782 nunc
1233 4726 1326 4782 illa
1377 4729 1627 4798 qumstio,
1689 4739 1872 4784 utrum
1913 4729 2025 4786 sint

453 4819 572 4874 haec
612 4827 872 4890 tanquam
897 4815 1083 4890 partes
1109 4819 1168 4875 in
1198 4821 1402 4890 anima,
1441 4837 1511 4877 an
1534 4832 1792 4894 tanquam
1831 4835 2026 4894 poten-

456 4909 565 4972 tiae,
600 4909 715 4964 sive
745 4909 1069 4966 facultates:
1107 4920 1165 4966 et
1207 4927 1331 4984 qua
1387 4913 1506 4980 sic,
1536 4924 1620 4970 -οι
1669 4929 1792 4984 quae
1847 4930 2028 4973 secus.

453 5000 574 5059 Non
619 5001 768 5056 enim
817 5001 935 5058 haec
967 5003 1181 5076 agimus
1224 4997 1395 5063 nunc.
1431 5007 1644 5069 Rursus
1672 5006 1872 5064 divisio
1905 5023 2031 5064 cor-

456 5091 609 5162 poris
627 5089 687 5145 ﬁt
713 5092 767 5146 in
787 5102 970 5164 partes
999 5096 1227 5164 similes,
1260 5107 1316 5153 et
1345 5097 1672 5165 dissimiles;
1703 5107 1760 5154 et
1791 5099 2034 5158 dissimi-

454 5185 614 5250 lium,
643 5184 699 5238 in
729 5194 911 5254 caput,
946 5197 1002 5241 et
1026 5203 1242 5252 manus,
1270 5195 1326 5241 et
1345 5188 1542 5257 pedes;
1573 5197 1628 5243 et
1658 5189 1771 5245 haec
1805 5190 1858 5245 in
1883 5207 2026 5259 ossa,

457 5283 511 5330 et
541 5291 756 5340 carnes,
791 5285 846 5331 et
880 5293 1114 5344 nervos;
1165 5286 1222 5332 et
1268 5278 1384 5332 lucc
1436 5295 1628 5334 rursus
1685 5282 1739 5334 in
1794 5294 2032 5352 quatuor

457 5364 758 5428 elementa;
806 5374 862 5420 et
902 5365 1019 5418 hac
1053 5364 1106 5417 in
1148 5364 1432 5418 materiam
1481 5374 1536 5420 et
1571 5366 1822 5420 formam.
1862 5369 2030 5424 Multa

457 5455 621 5510 etiam
679 5457 784 5511 alia
843 5456 1042 5510 medici
1084 5456 1541 5526 philosophantur
1574 5459 1641 5514 de
1679 5459 2032 5517 facultatibus

459 5549 822 5612 naturalibus,
873 5563 940 5601 ex
989 5547 1192 5616 quibus
1245 5549 1404 5604 aliam
1458 5560 1657 5606 vocant
1717 5554 2029 5609 attrahendi

465 5634 796 5703 facultatem,
853 5641 1014 5692 aliam
1081 5639 1389 5707 retinendi,
1451 5643 1610 5697 aliam
1678 5644 2026 5714 immutandi,

2133 4569 2368 4640 ροῦνται.
2387 4568 2656 4639 ’Λφείσθω
2675 4570 2736 4624 δὲ
2763 4569 2833 4624 τὰ
2851 4569 2944 4624 νῦν
2969 4569 3176 4640 ζητεῖν,
3203 4569 3435 4641 πότερον
3455 4569 3532 4633 ὠς
3555 4569 3702 4638 μέρη

2131 4659 2302 4716 ταῦτά
2349 4660 2488 4714 εἰσιν
2527 4662 2587 4714 ἐν
2627 4661 2693 4733 τῇ
2729 4661 2878 4734 ψυχῇ
2903 4701 2917 4726 ,
2954 4661 2987 4732 ἢ
3019 4661 3095 4726 ὡς
3119 4661 3416 4732 δυνάμειςδ
3449 4660 3545 4713 καὶ
3581 4659 3703 4712 τίνα

2135 4753 2237 4822 μὲν
2277 4750 2486 4820 οὕτως,
2515 4751 2636 4807 τίνα
2671 4752 2728 4806 δὲ
2767 4752 2991 4824 ἑτέρως,
3040 4751 3114 4806 Οὐ
3143 4749 3257 4823 γὰρ
3286 4751 3387 4822 τῆς
3419 4750 3703 4818 παρούσης

2130 4842 2246 4897 εστὶ
2267 4842 2539 4912 σκέψεως
2557 4843 2720 4897 πάλιν
2741 4843 2776 4914 ἡ
2797 4842 2892 4896 τοῦ
2917 4839 3172 4912 σώματος
3197 4841 3462 4912 διαίρεσις
3490 4840 3705 4910 γίνεται
3764 4911 3782 4919 ⁸

2130 4932 2536 5005 ειςὸμοιομερῆ
2578 4950 2639 4987 τε
2667 4933 2764 4988 καὶ
2791 4931 3203 5004 ἀνομοιομερῆ·
3247 4931 3345 4985 καὶ
3369 4931 3575 4984 τούτων
3621 4929 3704 4982 ἔτι

2131 5023 2214 5088 εἷς
2237 5040 2296 5078 τε
2329 5023 2574 5096 κεφαλὴν
2603 5024 2697 5079 καὶ
2722 5025 2914 5096 χεῖρας
2941 5023 3036 5078 καὶ
3055 5021 3223 5089 πόδας
3249 5038 3268 5054 ο
3297 5021 3394 5076 καὶ
3417 5019 3592 5074 ταῦτα
3621 5019 3709 5082 είς

2131 5113 2284 5178 ὀστᾶ,
2319 5113 2416 5168 καὶ
2445 5113 2678 5185 σάρκας,
2713 5116 2808 5169 καὶ
2827 5113 3028 5184 νεῦρα·
3055 5111 3152 5166 καὶ
3175 5111 3346 5165 ταῦτα
3375 5109 3457 5172 είς
3479 5108 3549 5162 τὰ
3577 5107 3707 5160 ric-

2133 5217 2276 5272 σαρα
2306 5205 2544 5272 στοιχεῖα
2567 5219 2582 5235 ο
2615 5203 2709 5258 καὶ
2740 5201 2914 5256 ταῦτα.
2942 5204 3022 5265 είς
3053 5201 3186 5271 ὕλην
3219 5199 3314 5253 καὶ
3342 5195 3504 5260 εἶδος.
3531 5195 3711 5250 Πολλὰ

2131 5289 2189 5342 δὲ
2213 5289 2309 5344 καὶ
2339 5289 2503 5361 ἕτερα
2529 5291 2911 5361 φιλοσοφοῦσιν
2937 5289 3138 5361 ἰατρῶν
3167 5288 3355 5350 παῖδες
3382 5287 3513 5358 περὶ
3543 5284 3709 5338 δυνά-
3761 5288 3767 5296 ’

2139 5398 2284 5452 μεων
2305 5383 2574 5450 φυσικῶν,
2595 5377 2670 5437 ὧν
2693 5383 2792 5455 τὴν
2826 5383 2926 5454 μὲν
2951 5381 3226 5452 ἑλκτικὴν,
3255 5382 3353 5451 τὴν
3368 5379 3424 5432 δὲ
3453 5377 3716 5432 καθεκτι-

2136 5471 2271 5542 κὴν,
2306 5472 2406 5544 τὴν
2435 5475 2492 5528 δὲ
2522 5474 2876 5541 ἀλλοιωτικὴν
2895 5515 2911 5540 ,
2945 5474 3045 5544 τὴν
3076 5473 3132 5526 δὲ
3168 5468 3537 5540 ἀποκριτικὴν
3580 5467 3714 5518 ὀνο-

2139 5562 2390 5634 μάζουσι.
2439 5552 2616 5619 Πολλὰ
2641 5564 2699 5618 δὲ
2745 5565 2842 5618 καὶ
2871 5565 3000 5634 περὶ
3043 5561 3352 5632 αἰσθήσεως
3385 5558 3482 5612 καὶ
3511 5571 3720 5626 φανταο

2137 5657 2281 5724 σίας,
2309 5659 2402 5712 καὶ
2432 5657 2524 5710 τοῦ
2555 5657 2870 5728 συνέχοντος
2901 5657 2962 5710 τὸ
2984 5647 3126 5725 ζῶον
3152 5649 3388 5719 ζωτικοῦ
3421 5648 3516 5704 καὶ
3545 5646 3722 5718 ὀργα-
