3954 6148
264 350 400 418 1291

1315 351 1615 412 CONTRA
1649 353 1966 414 NESTOR.
2007 357 2103 416 ET
2139 357 2461 422 EUTYCH.

255 467 408 519 νικοῦ
448 463 780 538 πνεύματος,
815 464 1025 534 ἐτέρου,
1054 459 1129 525 ὥς
1154 477 1309 531 φασι,
1347 463 1502 534 παρὰ
1530 463 1592 517 τὸ
1619 464 1840 533 λογικὸν

1964 467 2109 522 diam
2148 474 2494 529 secernendi.
2555 476 2721 551 Multa
2765 495 2899 534 vero
2933 482 3098 538 etiam
3149 485 3217 542 de
3269 479 3434 544 sensu
3462 503 3561 546 et.

257 557 614 630 ὑπάρχοντος.

326 825 540 895 Ὠσπερ
566 823 748 879 τοίνυν
773 822 990 896 ἀπόχρη
1023 823 1163 895 πρὸς
1195 823 1256 878 τὸ
1283 823 1634 894 παραστῆσαι
1662 819 1834 876 ταῦτα

261 913 436 970 πάντα
465 916 554 970 διά
581 915 675 970 τοῦ
708 916 886 988 σάρκα
909 917 1104 981 εἰπεῖν,
1131 915 1166 988 ἢ
1204 915 1366 986 σῶμα
1392 914 1705 987 ἀνθρώπου,
1738 915 1836 968 καὶ

262 1006 480 1078 ἀπόχρη
545 1006 708 1061 πάλιν
755 1005 845 1058 διά
896 1005 995 1074 τῆς
1040 1004 1269 1074 λογικῆς
1314 1003 1517 1074 ψυχῆς,
1559 1003 1630 1058 τὰ
1673 1003 1753 1066 εἰς
1799 1001 1838 1056 ἃ

261 1095 513 1168 διῄρηται
547 1096 689 1166 μέρη
717 1093 959 1165 δηλῶσαι
1001 1094 1085 1165 (οὐ
1129 1093 1238 1165 γὰρ
1283 1093 1622 1164 τεχνολογεϊν
1651 1093 1832 1164 φίλον,

263 1189 382 1243 οὐδὲ
409 1189 640 1260 σύνηθες
664 1193 777 1252 τοῖς
805 1190 1039 1257 πιστοῖς)
1057 1205 1070 1220 ·
1103 1188 1277 1252 οὕτως
1307 1189 1528 1260 ἀπόχρη
1546 1189 1836 1260 ἄνθρωπον

264 1281 296 1352 ἢ
327 1281 489 1350 φύσιν
517 1280 808 1352 ἀνθρώπου
836 1281 1131 1351 είρηκότα,
1167 1281 1344 1336 πάντα
1375 1280 1726 1351 παραστῆσαί
1775 1297 1836 1333 τε

265 1373 361 1427 καὶ
393 1373 658 1442 δηλῶσαι,
681 1373 750 1428 τά
777 1373 836 1440 ἐξ
860 1366 935 1426 ὧν
962 1374 1292 1443 συνέστηκεν
1322 1373 1382 1426 ἐν
1402 1369 1486 1438 οἷς
1509 1373 1604 1426 καὶ
1631 1373 1836 1444 γνωρίο

265 1467 441 1530 ζεται.
461 1467 524 1520 Οἱ
549 1465 606 1518 δὲ
633 1466 732 1536 οὐχ
764 1467 849 1520 ἵνα
871 1467 964 1519 τὸν
991 1465 1276 1538 ἄνθρωπον
1305 1466 1514 1522 τέλειον
1541 1467 1839 1536 ἀποφήνω-

269 1575 376 1622 σιν,
429 1557 543 1611 ἀλλ’
578 1558 664 1610 ἵνα
709 1557 802 1611 τὸν
845 1557 1034 1627 κύριον
1081 1558 1555 1628 συκοφαντήσωσι,
1604 1557 1699 1612 καὶ
1739 1559 1840 1627 τῆς

265 1647 544 1718 ἡμετέρας
586 1647 751 1700 αὑτὸν
781 1646 1188 1714 ἀλλοτριώσωσι
1239 1648 1457 1718 φύσεως
1485 1665 1499 1680 ⁹
1546 1649 1642 1701 καὶ
1679 1647 1712 1719 ἢ
1766 1647 1842 1718 μὴ

1945 557 2254 628 phantasia,
2279 564 2423 618 etde
2454 565 2610 621 vitali
2635 578 2690 622 et
2709 571 2969 639 organico
2997 575 3232 643 spiritu;
3263 580 3358 648 qui
3383 597 3519 635 con-

1945 649 2083 706 tinet
2099 653 2324 721 animal,
2355 656 2450 726 qui
2475 657 2616 714 alius
2640 659 2869 732 spiritus
2895 671 3002 727 est,
3031 666 3288 732 utaiunt,
3319 681 3518 739 praeter

1942 741 2286 800 rationalem.

2014 833 2170 890 Sicut
2201 851 2334 907 ergo
2365 839 2435 894 ad
2468 838 2826 911 signiﬁcanda
2871 845 2986 902 hac
3019 851 3204 906 omnia
3247 853 3382 910 satis
3431 867 3520 911 est

1943 926 2128 984 dicere
2161 943 2404 996 carnem,
2429 932 2516 986 vel
2547 949 2749 1006 corpus
2772 937 3047 1007 hominis;
3081 951 3139 997 et
3168 961 3356 1002 rursus
3385 948 3518 1004 satis

1945 1027 2030 1074 est
2051 1019 2386 1076 nominando
2417 1020 2658 1078 animam
2690 1027 3038 1094 rationalem,
3077 1031 3356 1091 declarare
3386 1053 3516 1106 par-

1947 1115 2032 1164 tes
2059 1109 2115 1163 in
2157 1125 2297 1180 quas
2323 1109 2500 1165 divisa
2522 1118 2646 1178 est;
2681 1128 2784 1168 nec
2804 1113 2954 1169 enim
2985 1115 3174 1174 ﬁdeles
3203 1120 3354 1190 loqui
3380 1124 3516 1178 arti-

1946 1198 2136 1254 ﬁciose
2171 1204 2604 1264 consueverunt,
2632 1217 2739 1257 nec
2765 1202 2871 1257 hoc
2899 1204 2982 1259 eis
3012 1205 3222 1274 placet;
3267 1209 3348 1264 sic
3385 1212 3518 1266 satis

1943 1299 2024 1345 est
2055 1291 2372 1346 nominasse
2418 1291 2722 1358 hominem,
2754 1293 2842 1349 vel
2866 1303 3117 1350 naturam
3172 1297 3412 1357 hominis
3449 1301 3518 1356 ad

1946 1385 2272 1441 declaranda
2299 1386 2486 1442 omnia
2533 1402 2602 1442 ex
2641 1387 2842 1458 quibus
2867 1389 3204 1459 compositus
3229 1397 3334 1457 est,
3375 1399 3432 1445 et
3462 1390 3520 1444 in

1945 1477 2148 1546 quibus
2178 1491 2300 1532 esse
2328 1478 2698 1547 cognoscitur.
2758 1478 2854 1533 Isti
2891 1487 3078 1534 autem
3119 1479 3250 1534 talia
3275 1480 3519 1551 captiose

1945 1568 2270 1637 loquuntur,
2313 1585 2424 1624 non
2463 1577 2524 1624 ut
2559 1570 2837 1625 hominem
2871 1569 3174 1640 perfectum
3206 1573 3517 1636 ostendant,

1947 1661 2042 1715 sed
2065 1669 2123 1716 ut
2161 1662 2452 1716 Dominum
2504 1662 2930 1728 calumnientur,
2980 1672 3038 1719 et
3091 1679 3218 1719 eum
3267 1680 3298 1718 a
3343 1665 3520 1721 salute

270 1739 675 1810 προσειληφότα
711 1739 809 1810 τὴν
851 1741 1026 1811 ἀρχὴν
1067 1740 1130 1794 τὸ
1157 1739 1427 1813 ἡμέτερον
1455 1779 1470 1804 ,
1501 1739 1536 1810 ἢ
1583 1740 1660 1810 μὴ
1685 1739 1841 1798 ,σῶον

1964 1759 2135 1804 tostra
2163 1751 2402 1805 alienent
2427 1767 2442 1817 ;
2471 1751 2628 1821 quasi
2653 1751 2740 1806 vel
2759 1768 2870 1807 non
2897 1753 3332 1824 assumpsisseta
3361 1754 3518 1824 prin-

270 1829 586 1900 φυλάξαντα
613 1831 640 1884 ὅ
662 1831 792 1899 παρ’
820 1832 980 1902 ἡμῶν
1007 1833 1133 1902 ἔσχε
1158 1833 1260 1902 τῆς
1284 1832 1558 1900 σωτηρίας
1595 1831 1697 1902 τῆς
1730 1831 1837 1884 πάι

1964 1841 2088 1912 :ipio
2120 1843 2516 1898 humanitatem
2555 1854 2822 1908 nostram,
2877 1845 2965 1900 vel
2997 1861 3108 1900 non
3139 1855 3412 1901 servasset
3439 1846 3522 1902 in-

271 1941 370 1994 σης
403 1923 620 1994 φύσεως
648 1924 986 1980 ἀδιάπτωτον
1023 1925 1310 1996 ἐνέχυρον,
1341 1925 1408 1978 τὰ
1439 1923 1660 1978 τοιαῦτα
1692 1923 1845 1992 σοφί-

1942 1935 2181 2000 ,colume,
2213 1935 2360 2004 quod
2383 1951 2451 1991 ex
2471 1935 2633 1992 nobis
2663 1935 2860 1991 habuit
2889 1936 3084 1991 salutis
3123 1937 3290 1991 totius
3312 1946 3522 1992 naturae

271 2015 473 2081 ζονται.
521 2015 682 2068 Ἀλλά
729 2015 1182 2084 μανθανέτωσαν,
1213 2017 1352 2084 ὅτιὴ
1395 2016 1494 2086 μὲν
1523 2016 1632 2069 τῶν
1661 2015 1845 2086 μερῶν

1964 2027 2165 2096 )ignus,
2217 2027 2380 2096 ᾳυοά·
2403 2026 2658 2082 excidere
2713 2042 2826 2082 non
2877 2035 3117 2098 poterat.
3171 2027 3278 2082 Sed
3320 2028 3518 2095 sciant,

271 2104 551 2175 ὁμολογία,
581 2105 657 2168 ὼς
687 2104 844 2176 ἔφην,
875 2105 1162 2177 γνώρισμα
1192 2105 1448 2176 τυγχάνει
1473 2107 1570 2176 τῆς
1595 2104 1690 2159 τοῦ
1721 2105 1846 2159 ὅλου

273 2195 551 2266 σωτηρίας
572 2213 588 2228 ο
635 2199 669 2267 ἠ
698 2195 755 2248 δὲ
779 2195 888 2250 τῶν
921 2197 1106 2267 μερῶν
1148 2198 1230 2262 είς
1259 2199 1328 2252 τά
1367 2197 1508 2268 μέρη
1534 2197 1848 2270 ὑποδιαίρε-

277 2289 466 2352 σις,οὑ
487 2287 824 2359 δογματικῆς
861 2289 980 2341 ἐστι
1010 2289 1326 2359 συντομίας,
1357 2289 1481 2342 οὐδὲ
1511 2289 1607 2342 τοῦ
1657 2307 1848 2345 συντε-

275 2397 304 2432 τ
313 2397 387 2451 μη
398 2380 560 2448 μένου
594 2377 735 2432 κατὰ
759 2378 820 2432 τὸ
835 2377 1171 2446 Εὐαγγέλιον
1197 2377 1528 2446 λόγου,άλλά
1551 2381 1852 2452 σκεπτικῆς

276 2471 533 2542 θεωρίας.
568 2475 664 2527 καὶ
693 2472 959 2544 περιττῆς
997 2475 1112 2536 τοῖς
1150 2472 1368 2536 πολλοῖς
1411 2474 1506 2527 καὶΙ
1545 2474 1851 2546 δυσλήπτου

277 2565 649 2634 τεχνολογίας.
705 2565 863 2636 Μέρη
926 2564 1028 2635 μὲν
1077 2565 1189 2633 γὰρ
1255 2564 1496 2636 Χριστοῦ
1543 2565 1852 2638 ἀσύγχυτα,

281 2655 476 2726 θεότης
537 2657 626 2710 καὶ
669 2655 1050 2726 ἀνθρωπότης.
1101 2657 1264 2727 Ψυχὴ
1312 2655 1382 2711 δὲ-
1420 2656 1516 2711 καὶ
1567 2657 1746 2728 σῶμα,
1792 2658 1854 2712 οὗ

286 2747 428 2820 μέρη
454 2747 719 2818 Χριστοῦ,
745 2747 883 2801 ἀλλὰ
914 2748 1053 2818 μέρη
1083 2747 1180 2802 τοῦ
1218 2748 1422 2820 μέρους
1445 2767 1462 2782 ο
1489 2743 1564 2803 ὧν
1589 2749 1857 2821 δηλωθέν-

283 2855 392 2893 των
424 2837 513 2891 διὰ
557 2836 660 2906 τῆς
708 2837 923 2901 τελείας
975 2837 1254 2908 σημασίας
1276 2840 1378 2908 τῆς
1419 2837 1562 2893 κατά
1592 2839 1695 2907 τὴν
1753 2839 1857 2908 cpti-
1917 2837 1920 2840 ’

286 2947 370 2984 σιν
433 2931 534 3001 τῆς
591 2928 1014 3001 ἀνθρωπότητος
1059 2970 1075 2994 ,
1117 2928 1348 3000 περιττὴ
1413 2930 1446 2998 ἡ
1515 2931 1598 2994 είς
1665 2929 1858 2999 φύσεις

285 3020 393 3075 τῶν
441 3021 626 3093 μερῶν
675 3019 1081 3091 ὑποδιαίρεσις·
1113 3021 1162 3074 εί
1211 3021 1297 3091 μὴ
1330 3021 1577 3090 μέλλοιεν
1623 3023 1719 3076 καὶ.
1758 3022 1858 3092 τὴν

284 3107 482 3182 λοιπὴν
531 3113 758 3182 ἐπάγειν
800 3111 1070 3183 διαίρεσιν
1097 3114 1216 3175 ταῖς
1265 3113 1729 3182 ὑποδιαιρέσεσιν,
1768 3111 1857 3178 αἷς

285 3201 384 3257 καὶ
415 3174 508 3256 ἐπὶ
529 3200 624 3255 τοῦ
651 3174 844 3256 ⁷κοινοῦ
866 3174 1157 3272 ἀνθρώπου
1179 3174 1544 3272 ἐχρησάμεθά
1565 3174 1854 3275 πρότερον,
1883 3174 1926 3230 C

287 3297 362 3356 ὡς
387 3292 640 3347 ἐντεῦθεν
670 3291 752 3364 μὴ
779 3293 930 3360 τρεῖς
963 3289 1088 3344 κατ’
1123 3289 1320 3354 αὐτοὺς
1355 3291 1526 3360 μόνας
1547 3333 1562 3358 ,
1597 3293 1732 3346 ἀλλά
1761 3295 1858 3349 καὶ

289 3383 510 3445 πλείους
537 3381 935 3450 καταγγέλλειν
955 3379 1056 3446 τὰς
1078 3378 1317 3452 Χριστοῦ
1345 3380 1538 3452 φύσεις
1563 3422 1578 3449 ,
1603 3377 1680 3438 ὧν
1711 3383 1765 3438 τί
1792 3383 1860 3439 ἂν

290 3471 502 3537 γένοιτο
527 3471 866 3542 γελοιότερον
891 3489 906 3538 ;

367 3579 387 3613 ι
434 3560 652 3632 Ἐπειδὴ
704 3563 734 3615 ὁ
766 3563 874 3625 πᾶς
922 3561 1206 3632 κεκίνηται
1231 3563 1490 3633 πόλεμος,
1536 3561 1632 3617 τοῦ
1654 3563 1859 3636 τρόπου

291 3652 390 3720 τῆς
415 3651 660 3714 ἐνώσεως
686 3653 838 3724 παρὰ
853 3653 966 3715 τοῖς
991 3652 1208 3716 πολλοῖς
1239 3651 1632 3724 ἀγνοουμένου,
1653 3655 1752 3709 καὶ
1773 3655 1864 3710 διὰ

292 3743 448 3800 τοῦτο
487 3742 640 3814 παρὰ
668 3743 834 3796 πᾶσιν
859 3741 1370 3814 άμφιΰαλλομένου,
1403 3743 1534 3815 περὶ
1561 3743 1766 3816 ταύτης
1800 3761 1864 3799 σε

294 3833 655 3902 φιλοσοφῆσαι
695 3834 824 3905 χρὴ,
872 3833 960 3888 ἵνα
996 3833 1199 3888 είδέναι
1243 3833 1462 3906 ἔχοιμεν
1505 3834 1736 3906 πότερον
1770 3837 1867 3893 καὶ

295 3924 414 3979 κατ’
433 3925 599 3978 αὐτὸν
623 3924 687 3996 δὴ
715 3927 902 3981 τοῦτον
930 3925 1323 3997 διαφωνοῦμεν,
1347 3927 1382 3998 ἢ
1407 3927 1598 3982 τούτου
1629 3945 1694 3997 γε
1725 3945 1866 4002 συμ-
1897 3907 1900 3916 Ι

295 4016 475 4085 φώνου
499 4018 632 4087 ἡμῖν
653 4017 806 4082 όντος
827 4018 961 4090 περὶ
983 4017 1078 4074 τοῦ
1101 4019 1547 4090 ἀποτελέσματος
1569 4019 1664 4074 τοῦ
1683 4022 1748 4076 ἐκ
1769 4022 1868 4094 τῆς

297 4103 546 4169 ἐνώσεώς
594 4107 741 4160 ἐστιν
787 4108 919 4178 ἡμῖν
965 4107 1000 4178 ή
1049 4107 1276 4178 ζήτησις
1299 4121 1314 4138 ⁸
1343 4109 1438 4162 καὶ
1475 4109 1702 4179 πότερον
1738 4110 1870 4181 περὶ

297 4193 406 4248 τῶν
453 4197 800 4268 πραγμάτων
829 4198 1010 4253 αὐτῶν
1033 4237 1049 4262 ,
1083 4197 1116 4269 ἢ
1152 4199 1285 4270 περὶ
1331 4199 1440 4254 τῶν
1485 4199 1867 4272 σημαινουσῶν

299 4285 482 4342 ταῦτα.
515 4289 728 4358 φωνῶν.
771 4289 930 4344 Οῦτω
972 4291 1082 4362 γάρ
1121 4291 1408 4362 εὐκρινοῦς
1441 4292 1542 4364 τῆς
1585 4293 1870 4364 ζητήσεως

301 4380 708 4450 γεγενημένης,
759 4381 856 4436 καὶ
903 4382 1006 4452 τῆς
1057 4381 1168 4436 τῶν
1207 4383 1549 4454 πραγμάτων
1609 4385 1871 4458 ἀληθείας

1949 2115 2107 2187 quod
2142 2117 2417 2174 confessio
2457 2117 2719 2188 partium,
2771 2127 2832 2173 ut
2865 2118 3000 2186 dixi,
3051 2118 3215 2172 index
3243 2126 3328 2173 est
3369 2119 3522 2173 inco-

1949 2209 2099 2262 lume
2121 2223 2244 2263 esse
2295 2215 2505 2274 totum;
2543 2207 2742 2262 iterata
2770 2222 2904 2262 vero
2949 2207 3189 2278 partium
3237 2205 3292 2260 in
3337 2214 3524 2276 partes

1951 2295 2149 2352 divisio
2191 2311 2299 2351 non
2331 2305 2418 2352 est
2459 2297 2780 2367 dogmaticm
2821 2297 3128 2362 brevitatis,
3181 2311 3360 2366 neque
3410 2311 3525 2352 ser-

1951 2387 2142 2442 monis
2158 2386 2460 2442 secundum
2501 2387 2858 2458 Evangelium
2889 2387 3118 2451 concisi,
3148 2387 3526 2457 sed'scepticae

1953 2476 2346 2548 speculationis
2381 2485 2438 2532 et
2467 2475 2686 2532 artiﬁcii
2713 2476 3126 2547 supervacanei,
3157 2485 3221 2530 et
3248 2475 3525 2546 plerisque

1955 2567 2198 2624 difﬁcilis
2225 2569 2294 2624 ad
2323 2567 2761 2640 intelligendum.
2791 2569 2981 2624 Partes
3011 2569 3156 2624 enim
3187 2567 3394 2624 Christi
3417 2583 3528 2624 non

1955 2660 2216 2726 confusae,
2243 2669 2372 2714 sunt
2402 2660 2664 2716 divinitas
2695 2669 2754 2716 et
2792 2659 3135 2724 humanitas;
3182 2658 3363 2713 anima
3395 2672 3550 2712 vero-

1955 2759 2014 2806 et
2049 2765 2251 2821 corpus
2278 2765 2393 2806 non
2425 2759 2554 2806 sunt
2582 2759 2770 2822 partes
2804 2750 3032 2817 Christi,
3064 2749 3160 2806 sed
3188 2758 3372 2820 partes
3400 2765 3547 2818 paro

1958 2841 2066 2908 tis;
2101 2841 2306 2912 quibus
2359 2839 2677 2908 declaratis,
2710 2856 2811 2911 per
2847 2840 3301 2912 signiﬁcationem
3347 2837 3532 2909 perfe-

1957 2938 2102 2987 ctam
2130 2929 2490 2986 humanitatis
2527 2931 3171 3000 naturalis,supervacua
3215 2939 3300 2985 est
3338 2927 3532 2983 subdi-

1959 3023 2100 3078 visio
2147 3021 2205 3076 in
2237 3030 2466 3078 naturas
2494 3019 2758 3092 partium,
2809 3021 2916 3076 nisi
2949 3029 3076 3092 post
3130 3020 3541 3076 subdivisioncs

1960 3114 2167 3184 quibus
2197 3114 2353 3184 prius
2381 3115 2437 3168 in
2466 3113 2692 3168 homine
2721 3112 2999 3168 communi
3030 3113 3116 3167 usi
3152 3125 3366 3175 sumus,
3401 3109 3528 3164 reli~

1959 3219 2124 3274 quam
2155 3203 2482 3259 divisionem
2509 3204 2682 3260 velint
2707 3202 3005 3268 inducere;
3038 3210 3100 3256 ut
3130 3202 3263 3255 hinc
3290 3216 3400 3254 non
3425 3207 3552 3255 tres.

1961 3303 2198 3360 tantum,
2233 3293 2538 3350 secundum
2581 3309 2700 3361 eos,
2750 3293 2847 3348 sed
2895 3293 3060 3348 etiam
3089 3293 3276 3361 plures
3309 3299 3537 3344 naturas

1961 3385 2016 3440 in
2048 3383 2270 3440 Christo
2296 3382 2543 3455 proﬁteri
2567 3390 2817 3456 oporteat
2843 3400 2856 3436 :
2884 3397 2996 3454 quo
3020 3381 3152 3452 quid
3191 3395 3312 3436 esse
3356 3389 3558 3451 potest;

1961 3475 2132 3548 magis
2151 3475 2397 3547 joculare
2416 3474 2441 3529 ἲ
3097 3500 3102 3505 ι

2039 3584 2058 3618 ι
2094 3561 2551 3636 Quandoquidem
2601 3566 2921 3621 universum
2967 3565 3175 3621 bellum
3213 3574 3422 3622 motum
3455 3573 3559 3620 est'

1964 3659 2034 3714 de
2059 3659 2223 3714 modo
2251 3657 2474 3715 unionis
2519 3674 2686 3730 quem
2732 3659 2984 3730 plerique
3017 3658 3295 3729 ignorant,
3345 3665 3401 3712 et
3453 3657 3539 3711 id-

1965 3750 2112 3804 circo
2154 3749 2414 3805 omnibus
2455 3749 2515 3804 in
2567 3748 2799 3804 dubium
2845 3747 3040 3815 venit;
3097 3748 3167 3804 de
3197 3747 3307 3802 hac.
3335 3746 3551 3801 unione-

1964 3839 2342 3912 philosophari
2368 3848 2606 3911 oportet,
2656 3848 2718 3896 ut
2756 3841 2904 3896 scire
2926 3839 3222 3911 possimus,
3265 3847 3450 3893 utrum
3471 3836 3548 3890 de
3611 3879 3620 3884 .

1966 3931 2072 3986 hoc
2103 3930 2225 4000 ipso
2255 3929 2676 3994 dissentiamus;
2714 3943 2784 3983 an
2814 3943 2946 3983 vero
2970 3927 3134 3982 nobis
3171 3925 3240 3980 de
3279 3925 3386 3979 hoc
3409 3937 3544 3978 con-

1967 4021 2338 4078 sentientibus
2391 4021 2625 4092 quaestio
2669 4020 2764 4087 sit,
2817 4019 2948 4090 quid
3003 4017 3206 4074 eﬁiciat
3249 4018 3422 4082 unio;
3486 4024 3543 4071 et

1969 4122 2154 4168 utrum
2185 4112 2254 4168 de
2293 4113 2462 4168 rebus
2497 4113 2632 4182 ipsis
2663 4113 2737 4168 sit
2769 4110 3166 4174 controversia,
3195 4125 3265 4164 an
3290 4109 3358 4164 de
3387 4107 3542 4162 voci-

1969 4206 2075 4261 bus
2107 4221 2197 4261 res
2229 4206 2376 4276 ipsas
2415 4204 2871 4276 signiﬁcantibus.
2909 4202 3003 4258 Sic
3029 4203 3188 4258 enim
3235 4201 3542 4270 quaestione

1971 4299 2233 4354 distincte
2261 4298 2472 4364 habita,
2529 4307 2580 4353 et
2629 4298 2863 4352 veritate
2914 4310 3101 4351 rerum
3145 4303 3390 4360 ostensa,
3442 4293 3541 4363 qui

1973 4389 2228 4460 imperite
2259 4396 2355 4444 aut.
2389 4387 2554 4458 impie
2583 4387 2934 4449 contradicit,
2967 4384 3211 4455 pateﬁet,
3244 4383 3331 4438 vel
3365 4383 3541 4438 corri-

302 4471 692 4541 ἁναφανείσης,
719 4475 748 4526 ό
768 4473 998 4544 ἀμαθῶς
1025 4474 1060 4546 ἢ
1089 4474 1304 4540 ἀσεϐῶς
1332 4475 1628 4544 ἀντιλέγων
1651 4476 1862 4548 δειχθή-

1972 4477 2204 4548 gendus,
2257 4477 2344 4532 vel
2399 4476 2455 4530 in
2499 4475 2710 4547 judicio
2743 4473 3162 4544 vituperandus.
3198 4492 3216 4524 ι
3273 4471 3542 4528 Unionem

306 4563 532 4634 σεται,ῆ
554 4563 1074 4636 διορθωθησόμενος,
1092 4565 1127 4637 ἢ
1157 4567 1214 4621 ἐν
1235 4565 1364 4638 δίκῃ
1391 4567 1877 4640 μεμφοησόμενος.

306 4657 349 4708 Τ
349 4656 418 4724 ὴν
450 4657 644 4710 ἐνωσιν
683 4657 784 4725 τῆς
814 4657 1069 4730 θεότητος
1104 4658 1240 4729 πρὸς
1267 4658 1368 4731 τὴν
1401 4661 1796 4732 ἀνθρωπότητα
1823 4663 1871 4716 οἱ

311 4747 410 4816 μὲν
452 4749 574 4801 κατ’
603 4749 791 4804 οὐσίαν
817 4790 832 4816 ,
865 4751 916 4802 oi
960 4749 1020 4803 δὲ
1049 4751 1169 4804 κατ’
1208 4751 1524 4822 ἐνέργειαν,
1560 4753 1610 4806 oi
1641 4753 1700 4806 δὲ
1732 4753 1875 4809 κατὰ

307 4835 534 4907 γνώμην
563 4837 896 4907 γεγενῆσθαι
919 4839 1290 4910 ἀπεφήναντο.
1331 4841 1454 4895 Εἰσὶ
1491 4841 1550 4895 δὲ
1587 4841 1636 4896 οἶ
1669 4843 1764 4898 καὶ
1787 4843 1877 4897 εὐ-

305 4927 532 4984 λάϐειαν
573 4930 888 5001 περιττηνῆ
919 4929 1134 5000 ἔχοντες
1175 4931 1681 5004 ἣὺποκρινόμενοι,
1750 4934 1879 5004 μηδο

309 5014 485 5094 ετέρῳ
513 5023 622 5075 τῶν
647 5023 767 5092 είρη
777 5023 952 5092 μένων
985 5022 1331 5094 προσέθεντο,
1363 5025 1603 5097 ἄρρητον
1626 5025 1683 5078 δὲ
1709 5026 1878 5098 αὐτὴν

311 5113 407 5166 καὶ
465 5111 907 5181 ἀκατονόμαστον
967 5115 1295 5185 γεγενῆσθαι
1347 5117 1717 5188 ἀπεφήναντο,
1768 5119 1877 5172 εἴτε

311 5202 456 5257 οὕτω
479 5203 714 5272 ἔχοντες,
737 5205 847 5258 είτε
874 5203 959 5270 οὒ,
977 5205 1102 5268 τοὺς
1126 5205 1380 5276 ἐλέγχους
1403 5207 1746 5280 ὑφορώμενοι
1779 5213 1878 5282 τῆς

313 5293 593 5360 ἀσεϐείας.
609 5295 967 5367 Ἑωράκαμεν
983 5296 1092 5368 γὰρ
1121 5299 1216 5351 καὶ
1233 5297 1328 5351 νῦν
1348 5315 1521 5366 τινας,
1543 5300 1593 5354 οἳ
1613 5301 1756 5356 πάνυ
1786 5305 1883 5374 (δη.

314 5387 414 5456 τήν
442 5403 504 5439 τε
538 5387 634 5440 καὶ
660 5387 1057 5458 πεπατημένην
1084 5387 1184 5460 τὴν
1219 5389 1352 5460 περὶ
1373 5392 1474 5460 τῆς
1503 5389 1746 5456 ἑνώσεως
1799 5393 1883 5446 ἐν-

315 5493 468 5530 νοιαν
497 5476 736 5546 ἔχοντες,
755 5477 992 5549 ἄρρητον
1016 5478 1187 5549 αὐτὴν
1203 5477 1510 5548 ἔλεγον,τνα
1537 5479 1612 5552 μὴ
1639 5481 1796 5550 μόνον
1807 5481 1884 5552 τῷ

319 5568 548 5639 ἐναντίῳ
573 5569 632 5622 τὸ
657 5570 898 5624 ἐναντίον
933 5569 1390 5625 κατασκευάσωσι
1439 5609 1456 5636 ,
1482 5572 1732 5626 τουτέστι
1805 5572 1886 5642 τῷ

319 5659 546 5730 ἀρρήτῳ
571 5660 632 5712 τὸ
663 5659 827 5728 ῥητὸν
845 5699 859 5724 ,
893 5659 1027 5714 ἀλλὰ
1055 5661 1152 5714 καὶ
1179 5661 1307 5725 τοὺς
1334 5660 1594 5732 ἐλέγχους
1621 5662 1884 5718 ἐκκλίνω-

321 5763 426 5802 etv.
450 5747 661 5819 Ὥσπερ
687 5747 878 5820 ἀμέλει
931 5749 1024 5804 καὶ
1066 5750 1264 5821 ἕτεροι,
1289 5749 1381 5804 ἐπὶ
1413 5749 1511 5822 τῆς
1557 5751 1757 5821 σαρκὸς
1789 5751 1882 5806 τοῦ

1974 4565 2280 4624 divinitatis
2299 4581 2424 4622 cum
2459 4566 2798 4620 humanitate
2831 4565 2923 4618 alii
2955 4563 3256 4619 secundum
3285 4563 3544 4618 substan-

1978 4660 2107 4714 tiam
2138 4658 2338 4714 i'actam
2372 4673 2494 4713 esse
2529 4656 2892 4721 alﬁrmarunt,
2930 4655 3022 4710 alii
3055 4653 3357 4710 secundum
3387 4667 3547 4708 ener—
3582 4705 3586 4708 η

1975 4751 2142 4822 giam,
2178 4749 2271 4806 alii.
2294 4748 2596 4804 secundum
2634 4749 2996 4804 voluntatem.
3033 4746 3170 4802 Sunt
3217 4752 3400 4800 autem
3449 4744 3545 4814 qui

1975 4839 2202 4894 nimiam
2261 4836 2624 4892 reverentiam
2677 4835 2733 4889 in
2791 4835 2964 4890 Deum
3015 4833 3100 4888 vel
3147 4833 3414 4887 habentes
3458 4833 3548 4888 vel

1978 4930 2320 4994 simulantes,
2371 4929 2529 4983 nullo
2559 4943 2628 4982 ex
2671 4927 2760 4982 his
2814 4925 2980 4981 modo
3023 4925 3220 4981 factam
3267 4924 3550 4992 dixerunt,

1977 5024 2077 5080 sed
2110 5023 2444 5078 ineﬁ'abilem
2471 5035 2592 5077 esse
2617 5029 2676 5075 et
2698 5033 2888 5074 carere
2918 5017 3140 5073 nomine
3169 5016 3556 5085 aﬁirmarunt;

1980 5115 2096 5170 sive
2131 5115 2206 5170 ita
2256 5113 2545 5176 haberent,
2593 5111 2708 5166 sive
2757 5125 2890 5175 non,
2939 5109 3258 5164 metuebant
3303 5116 3450 5164 certe
3477 5123 3551 5163 ne

1981 5205 2283 5276 impietatis
2305 5211 2688 5274 arguerentur.
2735 5201 2988 5257 Vidimus
3028 5201 3176 5257 enim
3205 5201 3372 5256 etiam
3401 5215 3550 5254 nunc

1981 5295 2270 5367 quosdam,
2307 5295 2400 5364 qui
2429 5309 2555 5350 cum
2586 5293 2868 5348 notionem
2897 5292 3116 5347 unionis
3141 5291 3297 5346 valde
3329 5303 3552 5360 expres-

1982 5402 2098 5442 sam
2127 5397 2184 5442 et
2215 5385 2400 5441 tritam
2453 5385 2742 5449 haberent,
2781 5385 3040 5456 ἄρρητον,
3077 5382 3133 5436 id
3167 5390 3252 5436 est
3294 5378 3546 5435 ineﬁ‘abi—

1981 5477 2111 5542 lem,
2150 5492 2270 5532 eam
2301 5475 2609 5530 vocabant:
2639 5483 2698 5529 ut
2729 5490 2840 5529 non
2870 5475 3048 5530 solum
3093 5471 3370 5528 contrario
3417 5485 3549 5524 con-

1985 5571 2214 5624 trarium
2256 5565 2554 5632 elﬁcerent,
2619 5565 2676 5621 id
2713 5573 2818 5630 est,
2877 5565 3116 5620 dicendo
3144 5577 3263 5618 esse
3300 5559 3546 5615 ineﬁabi-

1984 5661 2113 5725 lem,
2161 5658 2434 5728 vulgatam
2463 5655 2728 5720 lacerent,
2761 5653 2857 5709 sed
2907 5663 2970 5708 ut
3002 5660 3321 5714 argumenta
3355 5648 3554 5720 quibus

1987 5749 2470 5818 redarguerentur,
2502 5745 2826 5814 effugerent.
2856 5741 3011 5798 Sicut
3039 5740 3131 5796 alii
3163 5755 3318 5806 sane,
3354 5750 3412 5795 ut
3436 5755 3557 5794 car-

3383 373 3522 440 1298
3533 389 3554 414 "-
