1977 3074
196 183 261 217 1299

825 180 980 210 ῙΕΟΝΊἹΙ
999 179 1202 209 ΒΥΖΑΝΤΙΝΙ

1751 174 1823 206 1300

193 249 255 269 nem
268 239 375 267 Domini
390 239 475 274 magis
488 238 549 265 ﬁcte
565 245 707 272 apparere,
724 245 805 272 quam
826 237 852 263 in
873 244 905 264 ea
916 244 980 264 con-
996 250 1002 266 λ

1054 236 1135 271 κυρίου
1153 236 1202 270 τὴν
1216 236 1368 271 φαντασίαν
1384 234 1547 270 κρατύνειν,
1574 233 1590 269 ῆ
1608 233 1657 269 τὴν
1686 233 1823 267 σύγχυσιν

194 287 329 314 fusionem
353 285 450 312 factam
474 292 534 311 esse
550 284 696 311 defendere
711 283 864 315 studerent,
890 283 980 309 incar-

195 336 289 358 natum
316 338 375 358 esse
399 334 429 356 ut
452 329 548 360 voluit,
576 332 603 356 et
626 332 656 355 ut
676 328 734 363 ipse
751 328 838 359 novit.
859 327 979 354 aiebant.

194 377 255 405 Non
271 377 343 404 enim
363 381 392 413 ut
407 375 464 402 haec
477 375 604 409 probent,
619 374 652 401 ad
674 374 856 401 reverentiam
885 381 981 400 revera

197 429 212 447 a
230 420 382 447 reverentia
397 420 513 446 alienant
531 427 559 446 se
579 419 734 450 conferunt,
760 419 863 453 alioqui
883 420 983 445 veritas

171 498 174 503 ‘
196 466 248 492 bos
258 464 292 491 ad
309 465 401 491 lumen
417 472 498 491 suum
516 464 684 495 adduceret;
700 463 749 490 sed
763 468 793 490 ut
808 464 922 490 licenter
934 463 984 489 im—

159 519 162 521 '
198 511 299 546 pietate
315 511 474 542 abutantur,
492 510 526 537 ad
554 510 669 536 honesta
695 509 823 541 nomina,
854 514 983 543 tanquam

199 556 232 582 ad
250 555 485 590 propugnaculum
512 554 648 589 quoddam
671 554 791 581 validum
818 557 845 580 et
873 554 986 587 inexpu-

198 601 307 636 gnabile
319 601 489 635 confugiunt.
500 601 569 627 Vere
586 600 658 627 enim
673 608 761 634 neque
777 599 830 626 dici
846 599 986 626 necintel-

199 647 246 682 ligi
261 650 351 681 potest
365 646 431 672 unio
447 645 597 672 secundum
613 646 804 677 substantiam,
822 650 850 672 et
862 645 988 671 substan-

200 694 284 725 tialis,
308 697 335 719 et
356 693 383 719 in
408 692 556 728 ltypostasi.
576 692 718 725 Quomodo
735 692 807 718 enim
823 700 882 725 qua:
899 695 989 718 tanto-

202 746 268 773 pere
289 739 440 766 secundum
465 744 591 765 naturam
613 738 755 769 diﬂ‘erunt,
776 742 803 764 et
828 742 882 764 tam
909 738 988 771 longe

203 785 316 816 distant,
340 785 410 811 inter
426 792 454 811 se
469 785 604 816 coierunt,
632 789 660 811 et
673 784 749 810 unita
768 791 822 810 non
843 788 907 810 sunt
923 791 989 810 con-

204 830 264 857 fusa
288 828 341 864 (24)
356 839 363 862 ;
377 830 424 856 sed
440 829 532 864 potius
550 837 634 855 unum
653 833 705 860 cst,
720 833 747 855 et
760 828 815 855 duo
829 833 991 859 noscuntur,

205 879 233 901 et
257 882 308 901 nec
335 875 440 900 unitate
469 882 593 908 persona:
613 874 755 900 commista
790 876 873 900 sunt:
903 880 992 906 neque

205 926 316 955 propter
333 921 512 955 proprietates
526 924 685 946 naturarum
713 920 740 946 in
766 919 924 954 hypostascs
950 918 993 945 di-

204 966 263 993 visa
281 971 355 992 sunt.
376 965 439 993 llam
455 965 511 992 sola
528 964 594 992 ﬁdes
608 965 691 998 capit,
721 968 748 991 et
775 964 893 991 Verbum
922 963 993 990 divi-

205 1018 284 1043 num,
305 1010 379 1045 'quod
393 1018 445 1036 non
473 1009 698 1044 pronuntiatione
718 1009 802 1040 vocis,
824 1008 871 1035 sed
895 1008 995 1034 illumi-

206 1057 318 1084 natione
347 1056 534 1090 intelligentiae
566 1056 624 1082 lucc
644 1055 786 1087 declarat;
813 1058 841 1081 et
870 1062 917 1081 eos
948 1054 994 1088 qui

207 1103 281 1138 digni
317 1106 400 1135 sunt,
433 1102 558 1129 doctrina
585 1109 639 1128 non
670 1105 805 1132 sonante,
836 1099 884 1127 sed
915 1099 996 1126 tacita

207 1149 309 1176 erudit.

242 1195 280 1221 De
295 1194 335 1222 eis
353 1194 436 1229 igitur
457 1194 503 1229 qui
527 1202 560 1221 ex
581 1193 735 1221 reverentia
751 1196 892 1228 argrotant,
910 1192 997 1219 donec

208 1240 275 1274 quid
287 1240 327 1267 eis
337 1240 506 1274 propositum
522 1240 566 1272 sit,
584 1247 637 1266 non
652 1244 694 1267 est
706 1238 892 1270 manifestum,
907 1246 997 1272 neque

209 1285 325 1312 verbum
344 1285 499 1312 faciendum
509 1290 550 1312 est
563 1293 570 1317 ;
585 1284 632 1319 qui
645 1292 711 1311 vero
727 1292 818 1319 neque
828 1292 862 1311 ex
883 1283 997 1316 lumine,

211 1331 235 1358 si
248 1331 275 1357 id
292 1331 365 1357 nacti
383 1334 456 1361 sunt,
476 1330 603 1357 ﬁduciam
619 1330 741 1364 capiunt,
768 1338 819 1356 nec
846 1329 919 1364 quod
940 1327 999 1355 ani-

212 1383 270 1402 mas
288 1375 601 1402 tenebris‘circumtusas
616 1374 735 1401 habeant
748 1394 754 1405 ,
771 1374 884 1401 moleste
897 1373 998 1405 ferunt,

214 1426 343 1456 tanquam
367 1421 533 1448 insanabiles
555 1429 570 1448 a
595 1421 676 1448 nobis
687 1420 869 1456 rejiciantur:
889 1419 922 1446 de
940 1419 1001 1446 aliis

213 1473 280 1493 vero
304 1465 343 1492 sic
365 1466 540 1493 disseremus.
560 1466 612 1498 Qui
635 1465 764 1492 unionem
780 1473 834 1492 non
850 1464 1001 1491 secundum

215 1512 406 1543 substantiam,
422 1512 469 1539 sed
483 1512 633 1539 secundum
651 1512 839 1546 operationem
857 1515 904 1537 aut
916 1510 1001 1537 bene-

215 1558 357 1593 placitum,
374 1562 421 1584 aut
435 1558 514 1584 aliam
533 1557 678 1592 quamdam
692 1556 849 1592 hujusmodi
865 1555 1003 1582 babitudi-
1016 1576 1038 1605 ο

216 1613 278 1632 nem
303 1604 400 1631 factam
425 1612 485 1631 esse
513 1604 643 1635 tradunt;
667 1603 701 1630 ad
723 1602 867 1630 veritatem
892 1601 1003 1636 quidem

217 1651 293 1678 nullo
316 1650 397 1677 modo
418 1650 540 1684 proxime
558 1649 710 1681 accedunt;
736 1647 909 1674 mendacium
926 1655 1003 1678 vero,

219 1696 291 1730 quod
303 1695 447 1730 multiplex
460 1700 511 1727 est,
530 1695 623 1729 partiti
639 1697 713 1726 sunt,
730 1693 791 1720 aliis
807 1693 888 1719 aliam
901 1696 1005 1726 partem

218 1742 279 1776 ejus
294 1741 485 1771 avellentibus.
500 1746 527 1767 et
549 1740 576 1766 in
590 1747 671 1766 unam
688 1737 889 1765 aberrationem
905 1745 919 1763 a
933 1737 1006 1763 veri—

219 1792 286 1819 tate,
308 1786 379 1813 inter
396 1794 425 1813 se
440 1785 603 1813 conciliatis.
621 1783 715 1817 Qualis
740 1783 813 1810 enim
835 1786 925 1817 potest
946 1789 1006 1808 esse

221 1834 279 1861 hare
294 1833 370 1865 unio,
386 1837 414 1859 et
425 1831 564 1866 quomodo
580 1831 661 1865 digna
677 1830 789 1857 nomine
812 1828 922 1855 unionis
934 1827 1007 1854 illius

222 1886 305 1913 supra
318 1883 456 1910 naturam,
475 1882 503 1905 et
516 1884 577 1911 qua:
589 1876 645 1904 sola
660 1879 702 1903 est
725 1878 785 1909 post
807 1874 893 1901 solam
908 1878 935 1900 et
953 1872 1008 1907 pri-

222 1932 304 1956 mam,
318 1932 378 1958 quae
390 1931 445 1949 non
457 1923 568 1957 colligat
583 1929 636 1953 res,
650 1925 678 1947 et
693 1920 720 1946 in
737 1920 763 1946 id
779 1920 867 1954 ipsum
880 1918 1009 1945 adducit?

220 1969 299 1996 Unde
310 1967 438 1994 admirari
454 1967 529 1998 licet,
541 1965 626 2000 quod,
635 1972 698 1991 cum
711 1963 865 1998 liujusmodi
880 1962 1007 1989 uniOnem

223 2015 268 2041 isti
285 2013 465 2048 proﬁteantur
483 2017 510 2039 et
533 2011 683 2042 celebrent,
711 2009 778 2036 illud
803 2016 857 2035 non
883 2007 1010 2035 confusas

223 2069 284 2088 esse
299 2064 423 2092 naturas,
440 2063 468 2086 et
482 2058 549 2085 illud
562 2057 733 2085 immutabile
744 2064 838 2083 eorum
852 2060 1009 2090 opponunt;

224 2115 305 2142 quam
327 2106 400 2134 enim
428 2105 609 2132 mutationem
624 2103 757 2138 suspicari
772 2103 832 2138 jure
852 2106 967 2136 possunt
984 2101 1011 2127 in

225 2153 359 2180 divisione
378 2160 480 2183 rerum,
495 2151 542 2186 qui
557 2150 706 2186 dignitates
726 2148 837 2183 quidem
851 2148 878 2175 in
893 2147 1011 2182 dignita-

226 2205 280 2227 tem
297 2199 470 2227 confundunt
485 2199 550 2233 (non
565 2197 639 2224 cnim
656 2196 804 2230 dignitates
827 2194 945 2229 dignitas
962 2201 1013 2220 un-

1034 281 1243 313 σπουδάζοντες,
1254 281 1407 316 ὲσαρκώθη,
1419 279 1555 315 φασὶν,ιῖ›ς
1566 279 1708 314 ἠθέλησεν,
1725 279 1772 305 καὶ
1786 278 1824 309 ὡς

1036 327 1116 361 μόνος
1127 325 1197 353 οἶδεν
1210 327 1303 357 αὑτός.
1316 326 1353 352 Οὐ
1367 327 1420 361 γὰρ
1435 326 1480 352 ἵνα
1495 325 1584 352 ταῦτα
1597 325 1824 359 παραστήσωσιν,

1036 371 1083 397 ἐπὶ
1105 371 1154 406 τὴν
1169 372 1253 402 ιντως
1269 371 1404 406 ἁνευλαϐἧ
1420 370 1555 406 χωροῦσιν
1568 370 1723 396 εὐλάϐειαψ
1740 370 1826 405 ἧγὰρ

1037 419 1069 445 ἂν
1087 419 1155 454 πρὸς
1172 419 1201 445 τὸ
1216 418 1315 452 ἑαυτῆς
1328 416 1379 452 ἦγε
1397 418 1452 452 φῶς
1467 418 1577 448 τούτους
1593 418 1608 451 ἡ
1625 415 1750 450 ἀλήθεια,
1766 415 1827 441 ἀλλ’

1038 465 1080 490 ἵνα
1092 466 1152 491 κατ’
1171 464 1295 497 ἐξουσίαν
1318 464 1521 498 ἀποκέχρηνται
1546 464 1579 498 τῇ
1601 462 1714 497 ἀσεϐείᾳ.
1730 462 1776 487 ἐπὶ
1793 461 1826 487 τὰ

1040 510 1127 544 σεμνά
1154 510 1208 536 τῶν
1236 509 1384 543 ὀνομάτων,
1405 509 1443 539 ὡς
1469 508 1506 538 είς
1523 516 1550 533 τι
1571 507 1704 541 κρατερόν
1729 515 1758 531 τε
1779 506 1828 530 καὶ

1039 556 1175 583 ἀνάλωτον
1201 555 1330 590 φρούριον
1357 554 1586 588 καταφεύγουσιν.
1617 554 1753 588 ’Λρρητος
1771 551 1828 585 γὰρ

1040 602 1125 632 ὅντως
1142 602 1214 627 ἐστῖν
1248 600 1297 626 καὶ
1316 600 1475 634 ἀνεννόητος
1495 599 1561 633 μόνη
1577 600 1592 632 ἡ
1608 599 1667 624 κατ’
1681 598 1774 623 οὐσίαν
1798 605 1828 622 τε

1041 649 1087 674 καὶ
1103 646 1234 680 οὑσιώδης
1256 646 1302 672 καὶ
1325 646 1508 673 ἐνυπόστατος
1525 644 1631 675 Ξκιωσις.
1648 644 1710 674 Πῶς
1728 643 1780 676 γὰρ
1794 642 1829 668 τὰ

1042 693 1167 720 τοσοῦτον
1184 693 1255 718 κατά
1268 692 1316 726 τὴν
1329 691 1408 725 φύσιν
1422 689 1653 724 παρηλλαγμένα,
1666 688 1714 714 καὶ
1728 687 1826 722 μακρῷ

1042 739 1209 774 διῳκισμένα
1230 738 1355 772 ἀλλήλοις
1384 745 1414 762 τε
1430 736 1541 771 συνέϐη,
1566 736 1613 762 καὶ
1642 734 1776 769 κραθέντα
1797 734 1828 759 οὗ

1045 784 1227 818 συγκέχυταις
1248 782 1316 808 ἀλλά
1333 782 1379 808 καὶ
1393 781 1464 808 ἔστιν
1477 781 1515 812 ἓν,
1532 782 1578 807 καὶ
1591 780 1755 815 γνωρίζεται
1769 779 1827 811 δύο,

1045 831 1092 856 καὶ
1108 829 1169 855 οὒτε
1181 828 1218 863 τῷ
1234 827 1370 863 μοναδικῷ
1387 827 1432 853 τοῦ
1448 826 1594 862 προσώπου
1615 826 1808 859 συμπέφυρται
1820 846 1828 857 ,

1047 874 1107 900 οὕτε
1129 873 1172 898 διὰ
1189 872 1238 902 τὰς
1254 871 1388 906 ἰδιότητας
1407 870 1460 897 τῶν
1482 871 1587 904 φύσεων
1603 872 1643 901 εἰς
1666 870 1830 901 ὑποστάσεις

1012 916 1031 942 Β
1048 919 1195 955 μερίζεται.
1207 918 1299 944 Ταῦτα
1313 917 1402 948 πίστις
1411 919 1495 952 χωρεῖ
1508 918 1587 952 μόνη,
1598 918 1643 943 καὶ
1656 917 1733 950 λόγος
1749 916 1829 947 θεῖος,

1045 969 1058 994 ὁ
1074 968 1110 1002 μὴ
1126 969 1154 993 έν
1166 966 1290 1001 προφορᾷ
1304 965 1413 997 λέξεως,
1430 964 1486 990 ἀλλ’
1502 964 1530 989 ἐν
1545 964 1578 998 τῇ
1595 963 1654 989 κατ’
1666 963 1770 989 ἔννοιαν
1785 962 1832 988 ὲλ-

1046 1013 1146 1047 λάμψει
1165 1011 1270 1047 τρανῶν
1284 1011 1380 1040 ταῦτα,
1395 1012 1442 1036 καὶ
1458 1010 1621 1044 ἀφθέγκτοις
1643 1008 1832 1038 διδασκαλίαις

1049 1069 1083 1094 μυ
1089 1058 1236 1092 σταγωγῶν
1248 1058 1311 1088 τοὺς
1323 1056 1424 1088 ἀξίους.

1083 1183 1151 1213 Τοὺς
1178 1181 1225 1217 μὲν
1243 1178 1289 1207 οὖν
1308 1178 1371 1213 περὶ
1385 1179 1434 1212 τὴν
1445 1177 1588 1204 εὐλάϐειαν
1602 1175 1746 1206 νοσοῦντας
1757 1195 1763 1207 ,
1780 1175 1835 1206 ἕως

1049 1229 1122 1256 ἐστὶν
1142 1229 1156 1254 ὁ
1174 1227 1273 1257 σκοπὸς
1288 1225 1394 1259 ἄδηλος,
1411 1224 1472 1250 οὐδὲ
1485 1223 1564 1258 λόγου
1582 1222 1767 1254 ἀξιωτέον·.οἱ
1779 1220 1835 1256 γὰρ

1051 1276 1120 1310 μήτε
1143 1274 1173 1300 τὺ
1199 1273 1257 1307 φῶς
1273 1269 1529 1307 παρρησιαζόμενοι
1543 1290 1550 1300 ,
1567 1268 1599 1295 ἂν
1615 1268 1709 1295 τούτου
1727 1267 1836 1301 τύχοιεν

1051 1321 1169 1356 ἔχοντες,
1184 1319 1253 1354 μήτε
1276 1317 1364 1352 σκότῳ
1376 1315 1605 1350 συγ-καλυφθῆναι
1621 1313 1709 1340 αὐτῶν
1723 1312 1771 1343 τὰς
1782 1312 1836 1346 ψυ-

1051 1367 1103 1402 χὰς
1114 1364 1336 1400 δυσχεραίνοντες
1348 1382 1355 1393 ,
1369 1362 1407 1393 ὼς
1427 1361 1544 1392 ἀνιάτως
1557 1361 1663 1395 ἔχοντες
1675 1380 1681 1390 ,
1700 1358 1746 1384 καὶ
1768 1356 1837 1391 πρὸς

1051 1412 1131 1447 ἡμῶν
1157 1408 1380 1437 διαπτυέσθωσαν
1397 1415 1403 1421 ·
1432 1407 1498 1442 περὶ
1522 1406 1549 1432 δὲ
1571 1405 1626 1431 τῶν
1647 1404 1743 1434 ἄλλων,
1765 1402 1837 1428 οὕτω

1052 1446 1249 1491 διαλεξώμεθα.
1279 1455 1309 1481 Ol
1332 1454 1382 1488 τὴν
1402 1454 1497 1479 ἕνωσιν
1513 1452 1549 1485 μὴ
1570 1450 1630 1476 κατ’
1645 1449 1750 1479 οὐσίαν,
1767 1446 1835 1473 ἀλλὰ

1053 1505 1113 1531 κατ’
1140 1502 1290 1537 ἐνέργειαν,
1310 1499 1327 1535 ἢ
1348 1498 1483 1527 εὐδοκίαν,
1498 1497 1513 1530 ἢ
1529 1496 1610 1529 ἀλλην
1627 1495 1687 1520 τινὰ
1704 1492 1833 1525 τοιαύτην

1056 1549 1147 1585 σχέσιν
1160 1547 1383 1582 δογματίσαντες,
1393 1543 1449 1570 κατ’
1464 1542 1541 1568 οὐδὲν
1557 1541 1605 1575 μὲν
1616 1541 1648 1574 τῇ
1660 1537 1773 1573 ἀληθείᾳ
1784 1538 1830 1570 ἐγ-

1055 1595 1180 1631 γίζουσι⁶
1207 1593 1237 1620 τὺ
1258 1592 1287 1619 δὲ
1304 1591 1401 1627 ψεῦδος
1424 1588 1578 1623 πολυσχιδὲς
1600 1586 1632 1613 ἃν
1659 1584 1829 1619 ἐμερίσαντο,

1055 1642 1145 1672 ἄλλοις
1169 1640 1252 1674 ἄλλην
1275 1638 1336 1664 τινὰ
1362 1637 1457 1671 μοῖραν
1478 1633 1559 1661 αὑτοῦ
1580 1630 1833 1667 παρασπασαμενοι,

1056 1688 1103 1715 καὶ
1119 1687 1158 1718 είς
1172 1686 1200 1712 ἓν
1215 1684 1342 1719 ἀλλήλοις
1361 1682 1485 1712 ἐλθόντες
1503 1680 1536 1714 τῇ
1555 1677 1696 1710 ἀποτεύξει
1709 1677 1758 1710 τῆς
1771 1675 1838 1708 ἀλη-

1057 1734 1143 1765 θείας.
1160 1732 1228 1759 Ποία
1247 1730 1302 1765 γὰρ
1319 1729 1352 1756 ἂν
1367 1728 1410 1763 εἴη
1423 1727 1504 1759 αὕτη,
1520 1725 1568 1751 καὶ
1581 1723 1640 1754 πῶς
1655 1722 1702 1749 τοῦ
1717 1722 1766 1755 τῆς
1781 1719 1844 1765 ὲνώξ

1059 1788 1127 1810 σεως
1142 1778 1205 1810 ἀξία
1219 1777 1361 1810 ὀνόματος,
1380 1774 1429 1808 τῆς
1441 1770 1598 1806 ὑπερφυοῦς
1612 1769 1659 1795 καὶ
1674 1768 1757 1803 μόνης
1775 1764 1845 1800 μετὰ

1058 1826 1107 1860 τὴν
1119 1824 1203 1859 μόνην
1216 1822 1263 1848 καὶ
1276 1820 1398 1856 πρώτην,
1411 1819 1427 1853 ἦ
1441 1818 1478 1852 μὴ
1489 1816 1523 1842 τὰ
1537 1815 1687 1850 πράγματα
1700 1811 1846 1860 συνθέουσῆ

1059 1855 1106 1898 καὶ
1119 1855 1160 1900 εἰς
1176 1855 1272 1895 ταύτὸν
1287 1855 1413 1900 ἀγουσας
1428 1862 1512 1889 Ὅθεν
1528 1862 1575 1888 καὶ
1590 1859 1741 1893 θαυμάζειν
1756 1855 1848 1883 ἐπεισί

1062 1927 1106 1954 μοι
1130 1938 1137 1950 ,
1152 1916 1189 1943 ὅτ’
1206 1916 1239 1942 ἂν
1260 1914 1349 1941 αὐτῶν
1364 1912 1412 1947 τὴν
1426 1910 1554 1944 τοιαύτην
1572 1909 1668 1934 ἕνωσιν
1683 1903 1849 1940 πρεσϐευόν-

1061 1953 1124 1996 των,
1140 1963 1171 1989 τὸ
1192 1961 1344 1995 ἀσὺγχυτον
1359 1958 1558 1993 προσρίπτεται
1581 1954 1628 1980 καὶ
1643 1953 1673 1979 τὸ
1688 1953 1822 1985 ἄτρεπτον
1839 1956 1847 1963 ·

1062 1995 1141 2036 ποίαν
1165 2007 1219 2042 γὰρ
1234 2005 1387 2041 ὑφορᾶσθαι
1409 2001 1513 2038 τροπὴν
1533 2000 1631 2030 αὐτοὺς
1645 1999 1748 2024 δίκαιον
1769 1996 1797 2021 ὲν
1812 1995 1850 2029 τῇ

1062 2054 1192 2088 διαιρέσει
1218 2052 1272 2079 τῶν
1290 2049 1460 2086 πραγμάτων
1472 2067 1479 2078 ,
1497 2047 1546 2077 τὰς
1563 2045 1612 2079 μὲν
1632 2043 1709 2076 ἀξίας
1728 2042 1766 2071 είς
1782 2039 1852 2075 μίαν

1063 2099 1140 2133 ἀξίαν
1154 2098 1319 2132 συγχέοντας
1337 2096 1378 2130 (οὺ
1394 2094 1448 2129 γὰρ
1458 2093 1486 2119 αἱ
1500 2091 1572 2123 ἀξίαι
1588 2090 1661 2121 ἀξίαι
1675 2088 1734 2114 ποτ’
1751 2087 1783 2113 ἂν
1800 2085 1855 2118 γέ-

1064 2153 1149 2172 νοιντο
1163 2143 1336 2178 ἀσυγχύτως,
1353 2141 1449 2175 ὥσπερ
1463 2138 1523 2165 οὐδὲ
1538 2138 1566 2163 αἱ
1581 2135 1677 2170 φύσεις
1696 2134 1745 2168 μία
1767 2132 1856 2165 φύσις

1064 2188 1228 2226 ἀτρέπτως),
1243 2189 1291 2219 τὰς
1310 2187 1338 2213 δὲ
1360 2185 1454 2215 οὐσίας
1466 2182 1630 2219 χωρίζοντας
1643 2188 1649 2211 ;
1663 2180 1692 2206 οὺ
1705 2180 1758 2212 γὰρ
1777 2185 1857 2211 πρα-

227 2222 280 2227 "...
298 2222 468 2227 -_..._.._-...
486 2222 550 2233 νη..
661 2222 664 2223 ,
685 2222 700 2230 υ
856 2222 871 2229 ν

225 2253 307 2279 quam
330 2244 389 2271 ﬁeri
410 2248 525 2278 possunt
552 2243 610 2269 sine
628 2242 799 2273 confusione,
830 2240 902 2266 sicut
924 2246 1002 2273 nequt

1065 2237 1178 2272 γμάτων
1189 2235 1297 2265 ἓνωσις,
1313 2232 1329 2266 ἢ
1355 2231 1405 2265 τῆς
1419 2230 1498 2262 ἀξίας
1515 2228 1621 2257 ἓνωσις.
1635 2225 1669 2250 "H
1690 2223 1760 2250 οὕτω
1777 2223 1804 2256 γ’
1823 2222 1859 2249 ἂν

1371 2277 1377 2279 μ
1403 2277 1407 2279 .
1457 2275 1464 2279 .
1488 2275 1495 2279 .
1562 2273 1567 2279 ,
1639 2270 1676 2279 ...
1737 2269 1773 2279 κη
1788 2276 1823 2279 ,μ

226 2295 332 2319 natum
357 2294 456 2317 natura
471 2290 530 2317 sine
553 2286 727 2321 mutatione),
759 2285 926 2313 substantias
947 2292 1014 2311 vero

228 2337 377 2373 separant?
393 2344 445 2363 nec
453 2336 527 2363 enirn
540 2335 605 2361 unio
622 2341 713 2360 rerum
729 2337 771 2359 est
786 2332 851 2358 unio
864 2330 1014 2365 dignitatis.

229 2385 338 2420 Alioqui
362 2389 476 2411 cunctos
501 2381 549 2416 qui
578 2380 699 2407 divinant
730 2378 892 2413 dignitatem
925 2376 1016 2403 sortiti

230 2439 303 2465 sunt,
316 2431 343 2460 in
358 2437 443 2459 unum
458 2436 519 2456 cum
533 2427 626 2454 divina
639 2424 792 2453 substantia
806 2424 1015 2458 conjungemus,

231 2483 259 2506 et
273 2478 342 2504 duas
369 2481 480 2503 naturas
505 2481 565 2501 esse
595 2472 623 2499 in
650 2470 765 2505 singulis
782 2468 885 2496 sanctis
906 2467 1020 2494 docebi-

233 2531 315 2551 mus:
333 2522 471 2556 quantitas
486 2520 558 2547 enim
580 2517 721 2553 dignitatis
739 2514 852 2542 omnino
869 2513 968 2540 dividit
988 2519 1021 2539 ea

233 2576 295 2604 quae
316 2566 467 2595 secundum
495 2565 653 2600 dignitatem
669 2562 820 2592 diﬂ‘erunt;
846 2558 894 2586 sed
920 2561 1020 2592 quanta

235 2614 329 2645 fuerit,
356 2616 460 2639 tantum
478 2611 625 2645 conjunget
644 2613 775 2634 naturas:
791 2613 843 2632 nec
865 2604 938 2632 enim
960 2611 1020 2630 0m-

236 2661 302 2689 nino
314 2666 360 2687 eas
372 2656 521 2692 separabit,
533 2663 587 2682 non
603 2657 728 2688 separato
740 2659 773 2679 eo
783 2650 857 2685 quod
869 2649 1020 2684 coniungit.

1066 2283 1112 2309 καὶ
1123 2282 1227 2311 πάντας
1235 2280 1298 2309 τοὺς
1307 2278 1356 2312 τῆς
1368 2277 1442 2307 θείας
1457 2273 1619 2307 λελογχότας
1634 2270 1721 2302 ἀξίας,
1734 2269 1773 2299 είς
1786 2276 1860 2294 ταυ-

1067 2326 1112 2353 τὸν
1132 2325 1243 2358 ἄξωμεν
1257 2324 1289 2356 τῇ
1304 2321 1364 2355 θείᾳ.
1378 2319 1456 2353 οὐσίᾳ
1471 2338 1477 2347 .
1495 2318 1541 2343 καὶ
1557 2315 1602 2341 δύο
1618 2314 1712 2349 φύσεις
1733 2312 1773 2344 ἐφ’
1794 2312 1859 2337 ἑκά-

1070 2381 1131 2399 στου
1150 2370 1203 2396 τῶν
1225 2368 1309 2402 ἁγίων
1335 2364 1544 2399 δογματίσωμεν
1558 2369 1564 2376 ·
1589 2360 1619 2386 τὺ
1633 2359 1688 2393 γὰρ
1709 2357 1792 2383 ποσὸν
1808 2357 1862 2390 τῆς

1070 2417 1158 2449 ἀξίας,
1171 2415 1200 2441 οὐ
1215 2414 1302 2446 πάντη
1317 2411 1428 2446 χωρίζει
1440 2409 1474 2434 τὰ
1489 2407 1559 2434 κατὰ
1574 2406 1622 2441 τὴν
1635 2404 1713 2436 ἀξίαν
1726 2402 1861 2435 διάφορα,

1071 2462 1128 2489 ἀλλ’
1149 2460 1235 2494 ὁπόση
1254 2458 1286 2484 ἂν
1303 2457 1346 2491 εἵη
1357 2476 1364 2487 ,
1381 2454 1451 2480 κατὰ
1472 2451 1600 2478 τοσοῦτον
1615 2448 1728 2482 συνάψει
1745 2445 1793 2471 καὶ
1809 2445 1864 2474 τὰς

1072 2508 1184 2542 φύσεις·
1198 2492 1296 2539 οὐ-γὰρ
1309 2503 1341 2537 δὴ
1358 2502 1446 2535 πάντη
1469 2498 1554 2528 αὑτὰς
1583 2495 1695 2531 χωρίσει
1721 2492 1768 2542 τοῦ
1796 2499 1865 2517 συν-

1071 2554 1213 2582 άπτοντος,
1229 2550 1266 2585 μὴ
1282 2549 1370 2581 πάντη
1383 2543 1596 2580 κεχωρισμένον.
1606 2540 1717 2567 Ὀπόσον
1727 2537 1781 2572 γὰρ
1795 2544 1865 2571 μετ-

1073 2601 1163 2635 έχουσι
1183 2598 1232 2631 τῆς
1258 2595 1334 2627 ἀξίας
1348 2615 1354 2626 ,
1373 2593 1496 2629 μετέχειν
1515 2589 1650 2624 ὀφείλουσι
1674 2585 1720 2611 καὶ
1733 2583 1782 2617 τῆς
1814 2581 1866 2607 τοῦ

1072 2645 1151 2678 λόγου
1163 2641 1281 2676 φύσεως,

235 2688 376 2744 ῥιιιιηιιιπι
389 2688 462 2734 enim
477 2703 644 2739 participant
656 2701 827 2736 dignitatem,
842 2702 948 2725 tantum
964 2690 1245 2731 participare'debent
1256 2688 1392 2715 rationem
1407 2689 1521 2711 naturae.

273 2766 327 2795 (2t)
347 2763 424 2789 Unim
448 2768 499 2787 non
514 2762 575 2786 sunt
600 2756 718 2795 confusa.
735 2754 856 2795 Utuntur
871 2751 1016 2795 ortbodogti

239 2788 397 2834 scriptorcs
418 2795 550 2834 vocabulo
566 2788 704 2834 κράσεώς,
719 2798 762 2834 q.‘
774 2790 801 2817 d.
820 2788 947 2834 ηιίδξὶοηίδ
960 2807 967 2818 ,
977 2788 1019 2834 ’ἱιι

241 2823 591 2862 ἶνίν-εἶ(ἶὲἰο’ίιιεπι-ηοιίοηὶέ
604 2823 801 2864 ._explicando;
827 2823 880 2864 _sed
905 2827 1020 2864 utuntur

241 2864 323 2896 St‘hsu
341 2869 412 2895 bono
438 2871 466 2893 et
493 2862 657 2899 commodo,
673 2865 721 2899 _ut
752 2862 864 2899 praecise
892 2863 1021 2899 unionem

242 2891 520 2937 sténtnc'c‘tfl‘hotius’
536 2900 568 2927 de
584 2891 699 2932 Eulogio
725 2891 879 2930 patriarcha
906 2891 1022 2919 Alexan-

1072 2749 1169 2777 drino:
1186 2747 1325 2780 Κέχρηται
1341 2743 1370 2769 δὲ
1386 2742 1432 2780 καὶ
1448 2741 1480 2774 τῇ
1494 2738 1565 2769 λέξει
1573 2735 1621 2780 τῆς
1632 2732 1867 2780 Ettigius“??-

1213 2768 1292 2808 villi-1.1.87
1299 2768 1352 2806 “cst
1367 2782 1390 2804 et
1403 2768 1513 2803 Craseos
1528 2768 1674 2816 cocaaullo‘:
1686 2768 1867 2816 ‘srdupjenie-

1075 2802 1201 2845 351516
1214 2802 1306 2842 ίῖγῖὁη
1322 2802 1461 2846 ξιιμ-γραῖα
1473 2806 1664 2846 moreamentis
1678 2802 1866 2846 Apollinﬁrﬁi‘,

1417 2845 1462 2872 scd
1480 2847 1508 2870 ut
1521 2841 1626 2879 pictatis
1638 2837 1729 2874 regula
1741 2837 1871 2872 prwscn‘.

1079 2888 1124 2912 bit.
1166 2894 1209 2912 ra.

1079 2888 1124 2914 bit.
1142 2888 1209 2913 Tl‘n.
