3934 6156
253 335 402 404 1301

1320 335 1614 398 CONTRA
1650 333 1970 394 NESTOR.
2009 331 2106 392 ΕΤ
2143 334 2462 395 EUTYCH.

3279 319 3283 328 '
3369 333 3508 403 1:102

335 450 402 504 Ei
432 449 491 504 δέ
523 466 631 504 τινι
671 449 842 520 ἑτέρῳ
875 447 982 502 τῶν
1016 447 1072 500 ἐν
1105 449 1172 517 τῇ
1209 447 1400 518 Τριάδι
1443 445 1679 516 συνάψαι
1713 444 1836 516 βού-

2013 441 2070 498 Si
2100 451 2284 497 autem
2314 459 2442 498 cum
2475 443 2646 498 altera
2697 458 2930 514 persona
2983 452 3186 500 sancta:
3229 442 3517 500 Trinitatis

255 545 474 606 λονται,
513 541 640 604 τοὺς
681 540 834 612 παρά
861 540 954 595 τὸν
986 538 1223 610 Χριστὸν
1253 539 1476 603 λοιποὺς
1500 539 1710 608 ἁγίους,
1739 537 1836 608 τῆς

254 631 330 685 ιν
346 631 580 703 ἀσεϐείᾳ
602 632 780 686 αὐτῶν
796 630 938 685 έστω
958 630 1208 697 ἐξουσίας
1237 648 1252 663 ο
1277 631 1839 702 κεχρηματίκασιγὰρ

254 723 388 778 Θεοί
414 741 475 777 τε
499 723 592 777 καὶ
621 725 725 778 υἱοὶ
741 723 878 777 Θεοῦ
908 724 1005 777 καὶ
1037 722 1326 792 πνεύματα
1349 725 1502 791 ᾶγια,
1519 721 1660 776 κατά
1673 722 1756 775 τόο
1777 723 1839 775 '0

258 812 654 882 κολλώμενος
672 813 752 879 τῷ
775 813 985 881 Κυρίῳ,
1007 811 1078 866 ἐν
1101 813 1340 883 πνεῦμά
1369 815 1502 868 ἐστι
1545 851 1562 868 .
1586 813 1710 878 Πῶς
1730 811 1840 866 τοί-

257 919 389 969 νυν,
409 905 586 976 πάσης
604 904 707 974 τῆς
722 903 948 972 λογικῆς
962 903 1058 958 καὶ
1071 904 1348 974 μακαρίας
1369 905 1620 968 κτίσεως,
1634 905 1733 975 ὅση
1779 919 1839 958 τε

259 995 328 1050 δν
371 997 624 1065 ἀγγέλοις
651 997 747 1050 καὶ
771 997 870 1067 ὅση
899 997 958 1050 ὲν
986 995 1314 1067 ἀνθρώποις,
1336 998 1436 1068 τῆς
1466 997 1716 1051 θεοποιοῦ
1747 997 1841 1052 καὶ

258 1088 516 1142 υἱοποιοῦ
531 1087 624 1142 τοῦ
651 1088 972 1160 Πνεῦματος
986 1089 1208 1160 χάριτος
1228 1089 1636 1160 πληρωθείσης,
1659 1089 1841 1160 μόνοις

258 1179 296 1231 ὁ
315 1177 383 1230 ἐκ
399 1177 680 1246 Παρθένου
706 1175 968 1247 πεφηνὼς
983 1177 1116 1242 Θεός
1138 1194 1196 1231 τε
1218 1177 1420 1249 ἐκλήθη
1435 1181 1532 1232 καὶ
1553 1179 1680 1242 Υίὺς
1704 1177 1840 1232 Θεοῦ

260 1268 328 1322 ἓν
367 1269 447 1338 τῷ
491 1267 670 1340 λόγῳ,
704 1269 800 1322 καὶ
846 1269 990 1324 κατὰ
1013 1269 1100 1323 τὸν
1131 1267 1287 1336 λόγον
1307 1307 1322 1333 ,
1353 1269 1740 1340 προσκυνεῖται
1780 1285 1842 1322 τε

263 1359 424 1428 παρά
443 1361 625 1430 πάσης
645 1359 874 1430 λογικῆς
897 1360 1112 1428 φύσεως
1133 1377 1152 1426 ;
1183 1361 1332 1414 Ἔδει
1357 1361 1467 1433 γὰρ
1492 1362 1622 1424 τοὺς
1649 1360 1844 1424 ἀθέους

211 1517 220 1521 ν
265 1449 495 1516 εἰδέναι,
528 1451 614 1504 ὅτι
646 1451 696 1504 εί
729 1451 824 1504 καὶ
853 1451 913 1507 τὸ
943 1450 1220 1520 ἐξαίρετον
1251 1452 1352 1520 τῆς
1385 1452 1638 1524 ποικίλης
1665 1452 1843 1507 διανο-

270 1539 386 1610 μῆς
409 1580 424 1606 ,
461 1539 720 1610 πρόσεστι
749 1543 863 1602 τοῖς
896 1541 1220 1613 ὑπερτέροις
1265 1542 1417 1612 παρά
1443 1543 1569 1606 τοὺς
1610 1543 1841 1612 ὑφειμέ-

263 1648 418 1694 νους,
443 1629 580 1687 ἀλλά
595 1631 773 1686 κοινὸν
791 1631 851 1684 τὸ
876 1632 1121 1700 έφάπασι
1148 1633 1250 1702 τῆς
1269 1634 1552 1703 ἐνεργείας
1575 1635 1840 1704 χάρισμα,

265 1719 368 1774 καὶ
413 1721 512 1790 τῆς
550 1721 708 1786 ἀξίας
737 1721 1004 1792 δώρημα·
1049 1722 1208 1792 καὶῆ
1258 1724 1518 1788 κάκείνας
1555 1724 1697 1794 μετά
1740 1725 1839 1778 τοῦ

259 1809 406 1864 θεοῦ
439 1811 638 1879 Λόγου,
670 1809 702 1880 ἢ
731 1805 792 1862 οὒ
822 1826 886 1880 γε
919 1810 1197 1881 βοὺλονται
1237 1811 1356 1876 ἐνὸς
1384 1811 1493 1866 τῶν
1523 1817 1582 1866 ὲν
1608 1816 1674 1884 τῇ
1709 1813 1840 1886 ἁγίᾳ

264 1899 460 1968 Τριάδι
519 1898 930 1970 θεωρουμένων,
975 1899 1008 1970 ἢ
1067 1899 1162 1952 καὶ⁸
1207 1899 1334 1972 ὅλης
1380 1902 1478 1970 τῆς
1529 1902 1832 1974 σεϐασμίου

266 1988 504 2060 Τριάδος
529 1991 610 2050 είς
641 1988 736 2043 δύο
761 1989 1050 2042 συνάπτειν
1082 1989 1294 2060 φύσεις,
1324 1992 1419 2044 καὶ
1449 1990 1540 2044 δύο
1569 1992 1603 2063 ἢ
1634 1992 1838 2063 τρεῖςῆ

267 2081 553 2151 τέσσαρας
606 2081 935 2144 ὑποστάσεις
992 2081 1244 2152 διαιρεῖν.
1300 2084 1370 2136 Ἢ
1429 2083 1564 2152 μηδὲ
1635 2083 1841 2138 τούτων

272 2171 415 2239 μετὰ
455 2167 554 2240 τῆς
601 2169 818 2239 φύσεως
866 2170 964 2224 τοῦ
995 2171 1142 2244 Θεοῦ»
1169 2173 1348 2240 Λόγου
1398 2174 1712 2236 συνάπτειν,
1747 2172 1842 2226 καὶ

267 2263 352 2321 εἰς
379 2261 478 2315 ἕνα
502 2261 630 2315 Υίὸν
661 2261 694 2332 ἢ
722 2261 1049 2327 συντιθέναι,
1078 2262 1110 2332 ἢ
1137 2263 1444 2333 ὁμωνύμως
1476 2263 1638 2316 αὐτὸν
1668 2264 1842 2318 ποιεῖν

269 2353 412 2422 πρὸς
453 2353 548 2406 τὸν
597 2354 954 2425 πρωτότυπον
1007 2353 1157 2419 Υἱδν,
1211 2355 1307 2407 καὶ
1355 2353 1434 2423 μὴ
1477 2355 1696 2425 φρονεῖν
1739 2355 1843 2424 μὲν

268 2443 430 2510 ἄλλα,
464 2442 801 2512 φθέγγεσθαι
822 2444 880 2498 δὲ
905 2444 1093 2516 ἕτερα.
1120 2445 1268 2508 Μιᾶς
1297 2444 1406 2518 γὰρ
1431 2443 1598 2514 οὔσης
1625 2444 1726 2514 τῆς
1751 2460 1846 2513 φυ-

269 2534 432 2604 σικῆς
481 2534 753 2604 υίότητος,
800 2531 860 2600 ἐξ
891 2529 959 2608 ἦς
989 2535 1133 2589 κατά
1165 2537 1406 2607 μετοχὴν
1445 2538 1598 2591 πᾶσα
1633 2536 1840 2606 υίότης,

270 2626 490 2710 ἀνάγκη
519 2627 610 2680 τὸν
631 2627 1140 2698 ἀποσχεδιασθέντα
1163 2628 1348 2691 αὐτοῖς
1373 2628 1659 2699 ἄνθρωπον
1687 2627 1720 2698 ἢ
1743 2628 1842 2697 τῆς

272 2721 510 2790 φυσικῆς
536 2719 784 2790 μετέχειν
815 2721 1081 2792 υίότητος,
1105 2720 1139 2792 ἢ
1164 2721 1263 2792 τῆς
1286 2721 1352 2772 ἐκ
1377 2719 1596 2792 χάριτος
1621 2719 1844 2790 γινομέ-

271 2825 404 2880 νης’
438 2811 533 2864 καὶ
563 2811 596 2882 ἢ
628 2811 767 2884 πρὸς
787 2812 880 2865 τὸν
906 2812 1188 2882 Μονογενῆ
1219 2811 1513 2865 συνάπτειν
1547 2810 1732 2875 αὑτὸν,
1766 2809 1844 2875 ὼς

272 2902 370 2972 τῆς
409 2901 656 2966 ένώσεως
675 2903 774 2974 τῆς
806 2903 927 2956 κατ’
950 2903 1140 2958 οὐσίαν
1160 2902 1536 2972 ἀντιδιδούσης
1555 2901 1624 2956 τά
1649 2905 1716 2973 τῇ
1749 2901 1845 2956 Θα-

271 2992 409 3064 τέρᾳ
463 2994 623 3061 φύσει
669 2992 945 3064 προσόντα
993 2997 1060 3065 τῇ
1111 2993 1356 3064 θατέρᾳ*
1399 2992 1433 3064 ἢ
1481 2991 1726 3047 εὐσεϐεῖν
1767 2994 1842 3064 μὴ

1939 537 2200 607 c0pulare
2223 537 2420 591 volunt
2447 536 2690 606 reliquos
2724 545 2944 591 sanctos
2981 545 3348 604 praeterquam
3384 551 3512 591 cum

1937 625 2180 692 Christo,
2211 626 2286 681 sit
2321 626 2427 682 hoc
2463 626 2772 696 potestatis,
2816 641 2979 696 quam
3005 625 3212 680 habent
3240 625 3297 679 in
3321 624 3517 694 impie-

1942 727 2052 773 tate
2075 735 2091 784 ;
2113 719 2294 772 vocati
2313 733 2552 788 namque
2579 725 2708 772 sunt
2731 717 2850 782 Dei,
2880 727 2936 772 et
2971 715 3067 774 filii
3107 717 3226 782 Dei,
3257 727 3316 772 et
3336 715 3537 790 Spiria.

1940 816 2030 864 tus
2050 808 2265 873 sancti;
2303 808 2448 863 sicut
2468 808 2766 878 Apostolus
2789 806 2888 871 ait,
2955 804 3057 872 Qui
3113 805 3346 861 adhwret
3381 805 3536 866 Dea..

1939 914 2077 955 unus
2114 899 2334 969 spiritus
2393 903 2470 952 est
2501 896 2546 950 ⁸.
2621 895 2908 964 Quomodo
2955 911 3109 967 ergo,
3165 910 3288 949 cum
3335 894 3530 948 omnis.

1938 999 2192 1046 creatura
2219 987 2505 1045 rationalis
2536 995 2594 1044 et
2612 987 3172 1058 beata,,qua3cunque
3201 995 3285 1041 est
3327 985 3382 1040 in
3411 998 3514 1040 au-

1939 1081 2079 1152 gelis
2121 1087 2178 1136 et
2213 1079 2554 1146 hominibus,
2583 1079 2744 1150 plena
2797 1078 2870 1133 sit
2901 1078 3074 1149 gratia
3119 1076 3430 1140 deiﬁcante,
3461 1085 3540 1130 et-

1941 1171 2235 1244 adoptante
2265 1171 2505 1241 Spiritus
2533 1170 2734 1236 sancti,
2780 1169 2934 1226 solus
2965 1177 3128 1224 natus
3154 1185 3222 1224 ex
3263 1169 3512 1239 Virgine,
3598 1212 3603 1217 .

1941 1263 2106 1324 Deus.
2143 1270 2200 1318 et
2225 1261 2399 1317 Filius
2424 1261 2666 1317 hominis
2699 1262 2756 1316 in
2807 1260 3086 1331 Scriptura
3128 1268 3359 1314 vocatus
3393 1266 3520 1322 est;

1940 1361 1998 1410 et
2017 1353 2320 1409 secundum
2345 1351 2684 1422 Scripturam
2707 1351 2968 1407 adorator
2992 1351 3060 1406 ab
3079 1350 3228 1406 omni
3259 1349 3516 1404 rationali

1941 1445 2183 1503 natura?
2209 1443 2506 1515 Oportebat
2531 1459 2771 1514 namque
2801 1443 3000 1512 impios
3021 1442 3186 1506 scire,
3211 1439 3380 1510 quod,
3403 1439 3514 1494 etsi

1941 1537 2219 1606 praecipua
2245 1549 2372 1605 pars
2403 1534 2572 1588 variae
2591 1532 2998 1588 distributionis
3042 1533 3187 1587 inest
3230 1531 3286 1584 in
3319 1529 3516 1584 celsio-

1943 1628 2097 1684 ribus
2127 1627 2462 1699 comparatis
2495 1641 2620 1682 cum
2667 1625 3062 1689 inferioribus;
3107 1636 3397 1678 commune
3427 1629 3514 1674 ta-

1943 1736 2071 1776 men
2127 1735 2249 1775 esse
2293 1734 2416 1774 cum
2459 1717 2720 1772 omnibus
2768 1717 3039 1772 charisma
3071 1713 3406 1784 operationis
3457 1719 3517 1766 et

1942 1810 2148 1866 donum
2181 1808 2504 1881 dignitatis;
2534 1817 2591 1862 et
2621 1807 2709 1862 vel
2733 1807 2853 1862 illas
2883 1821 3008 1861 cum
3054 1804 3236 1860 Verbo
3266 1803 3385 1864 Dei,
3424 1800 3514 1856 vel

1939 1918 2068 1959 cum
2113 1917 2222 1956 una
2252 1916 2417 1972 quam
2449 1900 2662 1966 volunt,
2695 1913 2764 1952 ex
2795 1896 3049 1968 personis
3089 1902 3293 1951 sanctae
3333 1891 3540 1952 Triuia.

1941 1995 2092 2058 tatis,
2121 1993 2208 2049 vel
2238 2009 2366 2048 cum
2393 2001 2506 2048 tota
2531 1990 2842 2046 veneranda
2877 1989 3148 2044 Trinitate
3179 1987 3541 2058 conjungere.

1943 2083 2000 2136 in
2041 2082 2178 2138 duas
2211 2089 2470 2149 naturas;
2505 2091 2560 2136 et
2605 2081 2744 2136 duas
2787 2087 2882 2134 aut
2913 2085 3150 2148 quatuor
3191 2077 3540 2148 hypostases.

1943 2171 2208 2227 dividere.
2259 2171 2368 2228 Aut
2416 2173 2462 2227 si
2493 2187 2604 2226 non
2633 2185 2758 2238 cum
2807 2170 2916 2237 his,
2961 2182 3084 2222 cum
3111 2175 3309 2226 natura
3348 2163 3516 2220 Verbi

1942 2263 2042 2317 Dei
2073 2263 2429 2333 conjungere,
2454 2268 2510 2316 et
2541 2260 2626 2316 vel
2655 2260 2710 2314 in
2737 2272 2907 2313 unum
2939 2257 3136 2314 Filiam
3159 2267 3541 2324 componerc,,

1941 2354 2026 2408 vel
2051 2354 2230 2423 ipsum
2267 2361 2438 2407 unum
2470 2351 2650 2406 facere
2689 2350 3024 2420 homonyma
3055 2345 3253 2402 Filium
3292 2359 3515 2414 compa-.

1944 2451 2123 2498 ratum
2155 2459 2280 2500 cum
2303 2442 2445 2498 Filio
2474 2439 2840 2513 primogenita
2868 2440 3052 2502 :lmc,
3087 2437 3515 2506 inquam,,opor-.

1943 2531 2093 2587 tebat
2139 2533 2336 2603 impios
2383 2533 2517 2588 istos
2557 2532 2742 2596 scire,.
2770 2537 2985 2586 etnon
3028 2527 3132 2582 alia
3168 2524 3342 2595 loqui.
3374 2523 3515 2580 Cum

1942 2621 2089 2678 enim
2128 2637 2236 2676 una
2265 2623 2336 2677 sit
2363 2621 2628 2678 naturalis
2658 2619 2926 2681 habitudo
2955 2617 3098 2684 Filii,
3138 2633 3205 2672 ex
3232 2617 3388 2687 cujus
3411 2615 3514 2668 ha-

1943 2710 2665 2784 bitudinisparticipatione
2695 2710 2875 2767 omnis
2919 2708 3182 2766 habitudo
3236 2705 3333 2761 lilii
3370 2705 3521 2760 exsi-

1943 2801 2324 2868 stit;_necesse
2369 2813 2459 2864 est
2493 2803 2772 2863 hominem
2799 2817 2962 2872 quem
3003 2801 3108 2872 ipsi
3149 2799 3377 2863 faciunt,
3418 2805 3520 2852 aut

1941 2893 2250 2949 naturalem
2284 2893 2668 2954 habitudinem
2701 2892 2799 2948 ﬁlii
2827 2893 3177 2964 participare,
3223 2899 3319 2945 aut
3361 2889 3512 2944 illam

1941 2996 2065 3052 quae
2103 2997 2172 3038 ex
2218 2981 2391 3052 gratia
2437 2981 2535 3048 fit;
2591 2989 2648 3036 et
2685 2981 2772 3038 vel
2827 2981 3006 3051 ipsum
3063 2995 3188 3035 cum
3222 2977 3530 3048 Unigenito.

273 3083 638 3154 ἀνεχομένους
663 3125 678 3150 ,
729 3085 1028 3154 προφανῶς
1061 3083 1228 3138 αὐτὸν
1269 3085 1383 3146 τοῖς
1407 3083 1615 3146 λοιποῖς
1647 3099 1836 3137 συντε-

1942 3071 2274 3142 conjungere
2303 3079 2563 3140 tanquam
2597 3070 2802 3127 unione
2823 3068 3125 3125 secundum
3149 3067 3524 3123 substantiam.

271 3174 562 3242 ταγμένως
589 3172 891 3242 ἀφορίζειν.
917 3174 980 3236 Oi
1009 3173 1069 3226 δὲ
1090 3173 1188 3244 τὴν
1212 3173 1310 3242 μὲν
1331 3172 1584 3229 ἀσέϐειαν
1607 3172 1666 3225 οὐ
1701 3173 1842 3244 παρο

277 3264 627 3334 ρησιάζονται
654 3264 840 3333 (φύσει
867 3265 975 3335 γάρ
998 3267 1148 3318 ἐστιν
1171 3263 1621 3334 ἀπαρρησίαστον
1652 3263 1714 3314 τὸ
1741 3279 1842 3316 κα-

277 3353 418 3422 κδν),
439 3355 539 3428 τὴν
568 3356 626 3409 δὲ
657 3355 918 3426 ἀλήθειαν
943 3357 1044 3410 οὐκ
1075 3355 1382 3422 ἀγαπῶσιν,
1403 3354 1524 3410 οὐδὲ
1552 3355 1650 3426 τῆς
1671 3353 1842 3410 δολιο-

277 3444 437 3500 λάλου
465 3445 718 3516 γλώσσης
745 3446 814 3502 τὰ
842 3447 1094 3519 ἐπίχειρα
1123 3445 1382 3504 δεδίασιν.

344 3710 488 3765 Ἀλλ’
522 3712 667 3768 οὗτοι
698 3711 796 3782 μὲν
827 3709 934 3778 ἔξω
961 3709 1108 3766 θείου
1139 3709 1302 3783 χοροῦ
1337 3707 1850 3781 ἀπεληλάσθωσαν,.

277 3803 417 3870 μετά
443 3801 554 3855 τῶν
583 3801 683 3872 τῆς
731 3802 987 3868 ἀσεϐείας
1025 3801 1278 3873 πατέρων
1306 3801 1598 3874 Νεστορίου
1626 3816 1708 3865 τε,
1742 3795 1837 3852 καὶ

269 3890 386 3945 ὅσοι
433 3889 609 3962 τούτῳ
659 3890 1010 3962 μυσταγωγοί
1047 3907 1110 3944 τε
1154 3891 1250 3944 καὶ
1288 3888 1832 3960 μύσταιγεγόνασιν.

273 3979 385 4048 Τῆς
421 3980 480 4034 δὲ
513 3981 635 4034 κατ’
673 3979 862 4033 οὐσίαν
897 3979 1145 4045 ένὼσεως
1185 3979 1584 4051 μεγαλοφώνως
1629 3995 1835 4049 κηρυτο

269 4072 444 4127 τέσθω
476 4074 510 4145 ἡ
547 4071 809 4144 ἀλήθεια,
868 4071 963 4126 καὶ
1001 4073 1131 4144 περὶ
1167 4071 1372 4144 ταύτης
1405 4071 1792 4142 φιλοσοφητέον
1814 4107 1832 4134 ,

269 4165 450 4230 καθὼς
496 4167 634 4239 αὐτῇ
682 4165 850 4220 δοκεῖ.
885 4165 1146 4230 Κίνδυνος
1171 4165 1278 4236 γάρ
1321 4165 1384 4219 οὐ
1429 4164 1622 4236 μικρὸς
1651 4180 1828 4233 παρα-

267 4259 574 4328 τραπέντας
603 4259 796 4330 αὐτῆς,
819 4259 900 4321 εἰς
921 4258 982 4312 τὸ
1004 4258 1248 4313 ἐναντίον
1267 4257 1385 4328 μὲν,
1412 4257 1435 4310 ί
1439 4274 1530 4312 σον
1555 4255 1611 4309 δὲ
1639 4243 1834 4319 κακὸν,

267 4349 365 4418 τὴν
405 4349 668 4421 σύγχυσίν
707 4367 889 4420 φαμεν
913 4387 929 4412 ,
963 4351 1252 4420 ἐμπεσεῖν.
1285 4349 1403 4402 Ἵνα
1429 4347 1486 4401 δὲ
1514 4349 1647 4419 ἡμῖν
1687 4345 1830 4414 γνὼ-

1943 3161 2208 3216 reddente
2237 3167 2431 3219 mutuo
2453 3160 2611 3214 alteri
2647 3167 2881 3226 naturae,
2931 3175 3052 3228 quae
3079 3157 3237 3213 alteri
3281 3155 3510 3210 insunt:

1942 3258 2038 3308 aut
2064 3250 2186 3322 pios
2215 3264 2337 3306 esse
2365 3263 2476 3304 non
2506 3250 2797 3322 patientes,
2831 3258 3019 3320 aperte
3060 3249 3241 3318 ipsum
3265 3247 3320 3300 in
3357 3262 3506 3301 euin-

1942 3341 2068 3399 dem
2101 3341 2352 3397 ordinem
2383 3355 2509 3398 cum
2549 3341 2673 3397 aliis
2708 3341 2979 3412 redigere.
3027 3341 3096 3394 At
3132 3340 3190 3394 hi
3230 3339 3283 3393 in
3319 3339 3510 3408 impie-

1942 3443 2055 3496 tate
2076 3434 2300 3506 quidem
2327 3448 2436 3490 non
2459 3433 2692 3492 ﬁdenter
2711 3433 2949 3500 audent;
2991 3441 3185 3488 natura
3220 3429 3366 3488 enim
3397 3444 3501 3484 ma-

1939 3524 2432 3582 lumdiﬂidentiam
2462 3533 2652 3580 creat:
2677 3525 2967 3580 veritatem
2997 3538 3130 3580 vero
3164 3538 3274 3578 non
3301 3527 3531 3586 amant”

1937 3631 2118 3688 neque
2145 3631 2336 3672 rursus
2353 3615 2577 3688 praemia
2605 3615 2806 3686 linguae
2834 3615 3037 3672 dolosae
3063 3623 3350 3674 metuunt..

2006 3708 2212 3765 Verum
2244 3707 2336 3762 isti
2378 3706 2600 3778 quidem
2645 3707 3010 3765 excludantur
3041 3723 3106 3764 ex
3135 3708 3322 3764 divino
3361 3721 3507 3767 cmtu

1936 3815 2061 3859 cum
2090 3799 2412 3872 parentibus
2453 3799 2618 3872 hujus
2646 3801 2944 3872 impietatis
2983 3801 3238 3858 Nestorio
3266 3810 3322 3858 et
3361 3802 3504 3867 aliis,

1935 3891 2249 3963 quicunque
2283 3891 2432 3948 hunc
2467 3891 2798 3958 docuerunt,
2847 3898 2905 3948 et
2944 3909 3084 3963 quos
3133 3893 3251 3964 ipse
3295 3895 3501 3950 docuit.

1933 3983 2168 4041 Unionis
2197 3997 2332 4040 vero
2357 3981 2660 4039 secundum
2688 3983 3050 4040 substantiam
3087 3985 3291 4040 veritas
3309 4000 3514 4058 magna.

1932 4089 2068 4131 voce
2114 4075 2482 4146 praedicetur;
2531 4081 2592 4130 et
2637 4073 2706 4130 de
2727 4073 2833 4130 hac
2859 4073 3358 4144 philosophandum
3395 4082 3501 4140 est,

1934 4174 1995 4223 ut
2031 4166 2135 4238 ipsi
2179 4165 2394 4222 veritati
2424 4165 2620 4236 placet.
2665 4165 2786 4221 Non
2813 4164 2960 4222 enim
3003 4165 3125 4220 leve
3175 4163 3502 4234 periculum,

1934 4257 1980 4312 si
2001 4257 2128 4326 quis
2162 4255 2232 4312 ab
2261 4256 2368 4312 hac
2396 4254 2662 4321 deﬂexus,
2695 4263 2753 4311 et
2776 4255 3026 4310 detortus
3066 4255 3121 4310 in
3165 4257 3502 4312 contrarium

1931 4345 2178 4416 quidem,
2233 4343 2444 4414 aequale
2491 4359 2624 4398 vero
2669 4345 2894 4408 malum,
2945 4343 3323 4400 confusionem
3354 4345 3512 4412 dico,

245 4437 248 4440 ’
273 4457 429 4511 pupa;
455 4444 488 4512 ή
515 4441 748 4512 διαφορά
769 4441 1024 4512 γένηται,
1043 4442 1146 4512 τῆς
1179 4440 1290 4494 τῶν
1315 4441 1434 4494 κατ’
1467 4439 1653 4494 οὐσίαν
1687 4440 1830 4510 ἠνω-

1937 4436 2159 4494 iucidat.
2201 4435 2272 4492 Ut
2295 4445 2478 4492 autem
2502 4443 2632 4491 nota
2667 4435 2741 4490 sit
2786 4435 3096 4493 differentia
3148 4437 3369 4494 uniouis
3413 4454 3502 4496 eo-

273 4532 466 4600 μένων,
501 4533 596 4584 καὶ
628 4532 704 4602 μὴ
730 4533 1084 4604 τρεπομένων
1115 4531 1248 4602 πρὸς
1271 4531 1341 4584 τά
1369 4532 1432 4584 ἐκ
1454 4531 1556 4600 τῆς
1587 4527 1833 4592 ὲνὼσεως

268 4623 560 4693 τρέπεσθαι
595 4625 895 4692 πεφυκότα,
924 4625 1021 4678 καὶ
1056 4623 1110 4678 τί
1143 4625 1244 4695 μὲν
1289 4623 1352 4677 τδ
1402 4626 1501 4695 τῆς
1560 4621 1834 4694 προτέρας

269 4707 424 4777 εἶδος,
453 4711 593 4764 τίδὲ
621 4712 682 4765 τὸ
725 4712 824 4782 τῆς
873 4712 1130 4784 δευτέρας
1170 4713 1539 4784 ἀποτέλεσμα,
1593 4712 1694 4783 ἤδη
1748 4728 1835 4780 γι-

267 4799 438 4854 νέσθω
489 4802 524 4872 ἡ
577 4800 866 4872 διαίρεσις.
922 4803 1103 4858 Πάντα
1148 4803 1217 4858 τά
1265 4803 1396 4858 ὄντα
1435 4803 1703 4874 συνῆπται
1733 4800 1831 4856 ἀλε-

265 4893 466 4962 λήλοις,
491 4894 614 4956 ταῖς
636 4892 756 4947 καθ’
789 4893 911 4948 ὅλου
935 4896 1236 4966 κοινότησι,
1271 4895 1366 4950 καὶ
1389 4894 1548 4960 πάλιν
1576 4893 1827 4966 διῄρηται

267 4983 358 5038 ἀπ’
415 4983 660 5054 ἀλλήλων
707 4986 827 5048 ταῖς
875 4983 1163 5048 εἰδοποιοῖς
1216 4985 1523 5056 διαφοραῖς,
1565 4986 1660 5038 καὶ
1705 4985 1826 5038 οὐδὲ

265 5077 384 5138 ταῖς
413 5074 639 5128 ἐνώσεσι
677 5073 740 5128 τὸ
780 5075 1058 5146 ἡνωμένον
1090 5074 1448 5145 χωρίζουσιν,
1485 5075 1602 5130 ἀλλ’
1639 5075 1688 5128 ei
1719 5073 1825 5145 χρὴ

269 5165 582 5235 παραδόξως
610 5166 784 5219 εἰπεῖν
816 5167 912 5220 καὶ
953 5164 1096 5218 κατά
1118 5165 1242 5228 τοὺς
1285 5166 1557 5237 Πατέρας,
1587 5167 1824 5237 ἥνωνται

265 5255 643 5328 διηρημένως,
699 5255 794 5310 καὶ
844 5255 1216 5327 διακέκρινται
1265 5257 1642 5328 συνημμένως.
1697 5256 1818 5312 Τῶν

263 5347 316 5402 δὲ
358 5347 604 5400 ένώαεων
641 5347 735 5400 καὶ
771 5347 878 5399 τῶν
916 5343 1242 5416 διακρίσεων
1277 5346 1451 5410 διττὸς
1487 5346 1708 5414 ὀλόγος.
1737 5345 1819 5399 Τὰ

265 5439 359 5510 μὲν
395 5439 502 5510 γὰρ
539 5439 742 5509 ἥνωται
775 5439 887 5500 τοῖς
927 5436 1113 5502 εἴδεσι,
1150 5436 1406 5507 διῄρηται
1436 5435 1494 5489 δὲ
1532 5438 1653 5499 ταῖς
1691 5437 1821 5490 ὑπο-

265 5530 511 5584 στάσεσι.
589 5528 672 5582 Τά
713 5528 770 5582 δὲ
817 5528 1070 5600 διῄρηται
1107 5529 1222 5592 τοῖς
1262 5527 1479 5594 εἴδεσιν,
1523 5527 1724 5598 ἥνωται
1760 5527 1817 5581 δὲ

325 5705 346 5739 ⁸
367 5707 388 5762 1
415 5705 544 5762 Cor.
574 5721 648 5772 vr,
683 5709 768 5763 l7.

1929 4537 2052 4580 rum
2072 4539 2194 4592 qua:
2221 4523 2524 4578 secundum
2556 4524 2916 4578 substantiam
2959 4525 3246 4592 uniuntur,
3295 4537 3352 4584 et
3387 4545 3522 4604 nou._

1927 4623 2212 4674 mutantur
2237 4616 2292 4670 in
2329 4631 2416 4681 ea,
2450 4633 2572 4687 quae
2607 4631 2674 4672 ex
2707 4617 2930 4680 unione,
2956 4626 3152 4674 natura
3175 4627 3458 4676 mutantur
3480 4641 3504 4680 :~

1926 4715 1983 4764 et
2012 4721 2135 4776 quae
2175 4707 2386 4776 species
2411 4707 2483 4761 sit
2506 4707 2708 4777 prioris
2743 4707 2982 4775 unionis,
3021 4716 3076 4764 et
3117 4709 3242 4779 quis
3269 4710 3507 4769 eﬂ‘ectus

1926 4796 2202 4863 secundae,
2229 4797 2324 4852 ﬁat
2352 4799 2463 4868 jam
2491 4797 2710 4854 divisio.
2726 4799 2920 4854 Omnia
2945 4815 3066 4870 qua:
3101 4808 3230 4856 sunt
3263 4803 3462 4874 conjun
3481 4833 3510 4852 -.

1925 4897 2130 4960 guntur
2154 4889 2298 4946 inter
2341 4904 2400 4945 se
2433 4891 2920 4948 communitatibus
2959 4893 3404 4962 universalibus;
3438 4904 3500 4955 et

1925 4997 2118 5038 rursus
2143 4982 2320 5038 divisa
2363 4992 2492 5039 sunt
2540 4983 2684 5038 inter
2714 4997 2774 5040 se
2818 4983 3148 5042 diii‘erentiis
3201 4988 3492 5058 speciﬁcis,

1923 5081 1979 5129 et
2001 5089 2106 5129 nec
2133 5073 2434 5130 unionibus
2460 5073 2806 5131 confundunt
2831 5075 3088 5145 divisum,
3133 5094 3312 5150 neque
3347 5080 3492 5138 divi-

1923 5165 2170 5222 sionibus
2196 5174 2454 5234 separant
2485 5165 2720 5221 unitum.
2773 5165 2915 5233 Quin
2943 5168 3130 5238 potius
3179 5169 3226 5224 si
3277 5179 3494 5240 oportet
3539 5227 3564 5244 __

1921 5257 2070 5326 loqui
2108 5265 2308 5327 praeter
2345 5256 2658 5327 opinionem
2689 5257 2835 5328 vulgi
2862 5267 2918 5314 et
2942 5260 3243 5316 secundum
3277 5261 3488 5327 Patres,

1924 5348 2077 5402 unita
2105 5357 2236 5402 sunt
2260 5347 2472 5413 divise;
2504 5355 2560 5402 et
2579 5347 2756 5403 divisa
2785 5349 2956 5405 unite.
2987 5351 3259 5407 Unionum
3283 5357 3486 5408 autem.

1921 5447 1977 5494 et
2029 5438 2362 5495 divisionum
2409 5439 2610 5510 duplex
2653 5447 2738 5495 est
2781 5441 2938 5496 ratio.
2982 5441 3102 5497 Alia
3144 5439 3289 5496 enim
3337 5439 3488 5493 unita

1923 5527 2144 5598 quidem
2174 5535 2304 5584 sunt
2334 5528 2623 5600 speciebus
2647 5547 2662 5599 ;
2704 5529 2876 5587 divisa
2923 5545 3054 5586 vero
3083 5526 3486 5600 hypostasibus.
