3934 6156
485 244 622 314 1303

1749 255 2062 316 LEONTII
2083 256 2496 334 BYZANTINI

3632 253 3749 320 13θᾶ

482 357 604 412 Alia
624 356 802 414 divisa
825 365 955 414 sunt
979 358 1289 429 speciebus,
1309 356 1460 412 unita
1483 371 1614 412 vero
1629 355 2048 428 h-ypostasibus:

2167 365 2275 426 ταῖς
2296 363 2630 418 ὑποστάσεσι
2653 380 2666 392 ·
2697 365 2785 419 καὶ
2807 363 2915 418 τῶν
2933 361 3239 433 ἡνωμένων
3279 358 3392 430 μὲν
3432 361 3551 424 τοῖς
3588 363 3740 425 εἴδεσι,

481 456 542 502 et
577 462 769 503 eorum
799 463 925 518 quae
947 449 1099 504 unita
1131 455 1259 503 sunt
1289 446 1602 517 speciebus,
1655 447 1831 502 divisa
1874 457 2059 504 autem

486 537 892 610 hyposumibus,
935 541 1134 609 partim
1183 538 1488 608 simplicem
1525 540 1785 594 unionem
1820 550 1876 595 et
1916 541 2059 596 divi-

490 629 702 684 sionem
744 630 988 695 habent;
1039 631 1237 700 partim
1279 632 1658 700 compositam.
1694 633 1770 688 De
1799 633 1870 688 iis
1894 633 2062 703 igitur

491 735 615 790 quae
636 720 936 790 simplicem
981 721 1186 776 habent
1215 721 1617 788 habitudinem,
1667 739 1778 778 non
1807 735 1892 781 est
1915 741 2064 781 nunc

390 816 434 886 ξ,
493 811 809 877 dicendum,
851 827 961 868 non
1015 814 1164 868 enim
1210 813 1277 868 ad
1333 815 1689 886 quaestionem
1741 826 2066 886 praesentem

391 889 435 948 Γ
491 902 730 971 pertinet
776 904 993 958 illorum
1051 921 1151 974 per
1211 915 1394 975 partes
1444 906 1794 977 explicatio:
1861 923 1927 964 ac
1983 908 2066 962 in-

487 993 652 1048 terim
693 995 993 1051 multorum
1025 998 1418 1068 cognitionem,
1473 1006 1530 1053 et
1555 997 1898 1068 disciplinam
1933 999 2066 1054 sub-

487 1084 782 1156 terfugere.
813 1086 919 1142 Sed
957 1087 1026 1142 de
1051 1088 1470 1145 habitudinibus
1503 1091 1805 1144 secundum
1833 1105 2062 1159 compo-

483 1174 764 1242 sitionem,
792 1177 846 1231 id
871 1185 976 1242 est,
998 1178 1420 1245 connexionem,
1447 1180 1534 1234 vel
1561 1180 1883 1252 κρᾶσινκνοι
1905 1179 2065 1234 unio-

484 1280 632 1329 nem,
657 1267 741 1322 vel
768 1270 1268 1340 quomodocunque
1292 1286 1490 1326 vocare
1517 1271 1655 1326 libet
1669 1271 2064 1326 substantiales

485 1355 840 1430 habitudines
859 1376 1051 1416 eorum
1075 1379 1197 1433 quae
1217 1363 1449 1418 diversae
1469 1363 1675 1432 speciei
1696 1369 1846 1426 sunt,
1870 1363 2065 1417 dicen-

485 1445 621 1500 dum
680 1449 842 1506 nobis
888 1460 1008 1518 est,
1056 1452 1277 1523 rejectis
1321 1452 1390 1506 ad
1433 1467 1530 1508 eos
1570 1453 1666 1522 qui
1706 1451 1776 1507 de
1820 1451 2067 1507 nomini-

483 1537 590 1592 bus
651 1545 907 1606 certant,
949 1541 1444 1612 signiﬁcationibus
1506 1545 1682 1614 magis
1738 1542 2064 1606 manifestis,

2163 454 2506 526 διῃρημένων
2557 455 2615 508 δὲ
2681 459 2805 520 ταῖς
2864 453 3203 508 ὑποστάσεσι
3224 491 3244 513 ,
3297 451 3376 504 τὰ
3437 453 3541 522 μὲν
3597 454 3744 525 ἁπλῆν

2164 547 2278 616 ἔχει
2305 547 2406 616 τὴν
2455 546 2650 598 ἕνωσίν
2687 563 2746 599 τε
2798 545 2893 600 καὶ
2925 545 3026 615 τὴν
3061 543 3389 615 διάκρισιν,
3436 543 3508 596 τὰ
3545 543 3602 597 δὲ
3642 545 3743 598 σύν·
3779 610 3788 617 ε

2167 635 2339 689 θετον.
2365 635 2502 706 Περὶ
2529 635 2626 706 μὲν
2649 631 2742 689 οὖν
2778 636 2886 688 τῶν
2929 634 3108 702 ἁπλῆν
3139 634 3408 704 ἐχόντων
3450 631 3554 704 τὴν
3593 633 3742 703 διττὴν
3770 620 3774 627 ’

2171 727 2376 796 σχέσιν,
2413 727 2484 780 τά
2511 725 2606 780 νῦν
2654 727 2835 795 λέγειν
2859 724 3103 794 ἀφείσθω
3129 741 3144 755 ·
3175 725 3244 777 οὑ
3285 724 3407 794 γὰρ
3436 726 3540 794 τῆς
3565 725 3740 795 παρού-

2169 834 2268 889 σης
2295 815 2540 886 σκέψεως
2567 818 2602 884 ὴ
2629 817 2859 872 ἐκείνων
2878 818 2960 880 είς
2995 817 3063 869 τὰ
3109 815 3268 876 κατὰ
3321 815 3498 886 μέρος
3527 815 3740 880 ἑξάπλεθ-

2167 925 2274 971 σις,
2315 908 2410 960 καὶ
2453 906 2629 970 άλλως
2679 907 2780 979 τὴν
2832 906 2942 958 τῶν
2984 904 3203 958 πολλῶν
3249 904 3582 974 διαφεύγειν
3630 907 3742 974 γνῶ-

2163 997 2248 1051 σίν
2302 1013 2364 1050 τε
2417 997 2514 1051 καὶ
2576 996 2830 1070 μάθησιν.
2883 997 3020 1068 Περὶ
3039 996 3096 1050 δὲ
3131 997 3254 1050 τῶν
3299 990 3458 1050 ’κατὰ
3499 997 3737 1060 σύνθεσιν,

2161 1088 2330 1158 ἤγουν
2397 1083 2734 1156 συμπλοκὴν,
2781 1083 2814 1155 ἢ
2858 1086 3076 1152 κρᾶσιν,
3127 1085 3163 1154 ἢ
3233 1085 3488 1150 ἕνωσιν,
3535 1086 3568 1158 ἢ
3619 1087 3739 1149 ὅπως

2160 1175 2292 1230 ποτὲ
2347 1175 2498 1244 φίλον
2553 1174 2760 1241 καλεῖν,
2814 1173 2910 1238 τὰς
2954 1171 3245 1238 οὑσιῶδεις
3287 1173 3405 1228 τῶν
3451 1175 3736 1246 έτεροειδῶν

2163 1265 2378 1336 σχέσεις
2423 1264 2645 1318 λεκτέον
2688 1264 2820 1335 ἡμῖν
2845 1303 2862 1329 ,
2916 1265 3032 1327 τοῖς
3079 1264 3543 1335 ὀνοματομάκοις
3595 1281 3733 1317 κατα-

2161 1353 2380 1410 λιποῦσι
2406 1357 2526 1420 τὰς,
2569 1354 2644 1417 ὡς
2687 1355 2841 1408 αὑτοὶ
2881 1354 3227 1424 νομίζουσιν,
3257 1355 3731 1429 ὲμφαντικωτέρας

2161 1445 2196 1516 ἢ
2221 1445 2564 1516 κυριωτέρας
2599 1442 2708 1496 τῶν
2740 1441 3049 1514 σημασιῶν.
3107 1445 3188 1497 Οὑ
3236 1444 3356 1515 γὰρ
3401 1445 3628 1514 ἐκλογῆς
3661 1443 3730 1497 λέ-

2164 1535 2300 1604 ξεων
2323 1536 2456 1604 ἡμῖν
2486 1533 2650 1605 σχολὴ
2681 1534 2774 1587 ἐπὶ
2803 1533 2864 1586 τδ
2891 1536 3032 1588 νοεῖν
3061 1535 3479 1604 ἐπειγομένοις.

483 1637 581 1712 aut
601 1633 776 1703 magis
810 1635 1069 1704 propriis,
1101 1645 1163 1691 ut
1191 1636 1291 1707 ipsi
1320 1642 1536 1708 putant.
1565 1635 1685 1691 Non
1715 1639 1861 1690 enim
1901 1636 2062 1690 nobis
2091 1639 2249 1688 vacat
2277 1628 2348 1684 ad
2375 1626 2686 1699 eligendum
2717 1641 2904 1694 voces,
2933 1627 3028 1697 qui
3055 1626 3122 1682 ad
3157 1626 3590 1698 intelligendum
3612 1639 3727 1696 pro-

481 1735 764 1790 peramus.

549 1815 759 1872 Eorum
793 1817 961 1886 igitur
994 1832 1116 1889 quae
1142 1817 1582 1872 substantialiter
1606 1826 1755 1883 sunt,
1781 1825 1839 1872 et
1866 1831 2066 1872 secun-

2239 1813 2363 1868 Τῶν
2388 1813 2570 1868 τοίνυν
2590 1812 2870 1877 οὑσιωδῶς
2896 1813 3263 1884 ὑπαρχόντων
3300 1813 3396 1866 καὶ
3429 1811 3548 1866 κατ’
3565 1812 3724 1864 οὐσίαν

482 1906 616 1961 dum
640 1906 1004 1962 substantiam
1031 1908 1324 1975 uniuntur,
1355 1907 1557 1978 partim
1579 1909 1750 1963 etiam
1773 1907 1830 1962 in
1854 1907 2060 1962 unione

485 2005 709 2054 servant
745 1999 1020 2069 propriam
1060 2001 1330 2056 rationem
1354 2001 1642 2068 essentia;
1683 2001 1885 2072 partim
1925 2015 2062 2055 con-

2161 1905 2490 1976 ἐνουμένων,
2536 1905 2607 1958 τὰ
2643 1905 2744 1974 μὲν
2778 1904 2881 1956 κάν
2923 1906 2990 1974 τῇ
3020 1901 3220 1956 ένώσει
3256 1901 3424 1966 σώζει
3475 1901 3564 1955 τὸν
3614 1899 3719 1954 ἴδιον

2161 1997 2261 2066 τῆς
2289 1995 2578 2066 ὑπάρξεως
2603 1988 2785 2063 λόγον,
2807 1993 2880 2047 τὰ
2905 1993 2962 2046 δὲ
2994 1995 3290 2064 συγχεῖται
3317 1995 3414 2047 καὶ
3438 1995 3716 2062 ἐξαφανίζει

484 2086 745 2152 fundunt,
762 2095 819 2142 et
838 2087 1046 2142 laedunt
1067 2103 1131 2143 ac
1153 2090 1374 2152 tollunt,
1403 2091 1552 2160 quod
1584 2105 1861 2146 summum
1898 2099 1982 2146 est
2003 2091 2060 2144 in

2167 2088 2258 2159 τὴν
2276 2088 2556 2159 ἀκρότητα
2578 2085 2690 2140 τῶν
2717 2083 3014 2156 ἡνωμένων
3039 2085 3441 2155 λυμαινόμενα.
3487 2084 3600 2154 Tth
3639 2077 3714 2136 οὖν

484 2177 675 2252 unitis.
708 2175 959 2231 Priorum
1016 2179 1184 2250 igitur
1231 2179 1518 2245 habitudo,
1568 2196 1692 2251 quas
1737 2181 1880 2236 inter
1933 2181 2052 2251 ipsa

484 2275 542 2320 et
569 2266 627 2321 in
653 2266 788 2336 ipsis
825 2269 1095 2333 cernitur,
1119 2285 1292 2326 unum
1320 2269 1544 2339 quidem
1567 2286 1636 2352 οξ
1657 2272 1906 2341 utrisque
1936 2285 2064 2340 per-

451 2406 454 2410 ,
485 2357 622 2424 ﬁcit,
645 2367 720 2426 et,
758 2369 817 2414 ut
847 2361 921 2414 ita
961 2360 1162 2427 dicam,
1217 2359 1559 2417 demonstrat
1601 2377 1776 2416 unum
1829 2377 2062 2418 numero

485 2464 626 2514 esse,
676 2458 733 2504 et
787 2466 854 2504 ea
901 2450 1272 2508 differentiam
1329 2453 1587 2509 essentia:
1628 2453 1686 2509 in
1723 2455 1840 2525 ipsa
1869 2455 2062 2510 eadem

487 2535 698 2591 unitate
727 2552 946 2593 servare
972 2557 986 2593 :
1026 2547 1192 2610 atque
1224 2541 1389 2612 hujus
1418 2542 1499 2597 rei
1528 2543 1841 2612 exemplum
1873 2543 1967 2608 sit,
2003 2543 2062 2598 in

487 2627 816 2684 animalibus
855 2630 1078 2698 quidem
1122 2621 1287 2686 hemo
1333 2641 1546 2686 natura:
1579 2641 1814 2699 nostras;
1847 2632 1902 2687 in
1933 2633 2066 2688 sim-

487 2718 729 2788 plicibus
761 2729 968 2782 autem,
1009 2729 1105 2774 aut
1127 2722 1453 2792 corporibus
1495 2723 1843 2778 naturalibus
1872 2727 2064 2779 eorum

489 2794 614 2878 quae
637 2809 974 2880 hypostasim
1022 2811 1249 2882 habent,
1311 2819 1370 2868 et
1396 2828 1495 2883 per
1545 2828 1603 2867 se
1651 2827 1772 2869 esse
1813 2823 2065 2884 possunt,

491 2898 617 2955 talis
675 2899 942 2955 habitudo
1004 2901 1150 2956 inter
1201 2903 1338 2973 ipsa.
1395 2903 1489 2969 Ut,
1545 2904 1700 2959 verbi
1741 2905 1957 2974 gratia,
2009 2906 2068 2960 in

486 2985 742 3056 lampade
776 2987 908 3042 licet
953 3004 1217 3056 cernere;
1253 2989 1403 3046 aliud
1455 2991 1602 3046 enim
1663 2999 1749 3049 est
1799 2991 2066 3058 lucerna,

2161 2181 2442 2252 προτέρων
2465 2181 2497 2248 ἡ
2517 2179 2635 2246 μετ’
2652 2179 2896 2251 ἀλλήλων
2923 2179 3018 2232 καὶ
3037 2181 3096 2232 ὲν
3119 2178 3378 2249 ἀλλήλοις
3403 2175 3710 2249 θεωρουμένη

2163 2271 2368 2341 σχέσις,
2405 2269 2462 2322 ἓν
2495 2271 2596 2340 μέν
2625 2287 2678 2323 τι
2709 2268 2767 2333 ἑξ
2799 2269 3129 2340 ἀμφοτέρων
3192 2269 3464 2334 ἀποτελεῖ,
3515 2267 3601 2320 καὶ
3648 2263 3710 2326 ὡς

2163 2362 2226 2416 ἄν
2281 2380 2366 2427 τις
2419 2363 2596 2426 εἴποι,
2657 2363 2716 2416 ἓν
2773 2360 2912 2414 εἶναι
2967 2359 3044 2430 τῷ
3097 2359 3321 2430 ἀριθμῷ
3369 2358 3703 2416 ἀποδείκνυσι,

2161 2453 2223 2506 τὸ
2251 2453 2506 2524 διάφορον
2544 2452 2788 2517 σώζοντα
2841 2451 2946 2520 τῆς
2983 2449 3278 2516 ὑπάρξεως
3325 2450 3383 2501 ἐν
3421 2446 3494 2517 τῷ
3547 2441 3705 2512 ταυτῷ

2163 2545 2263 2614 τῆς
2293 2545 2546 2614 ένὸτητος
2564 2561 2578 2576 ·
2612 2544 2710 2598 καὶ
2741 2543 2934 2596 τούτου
2959 2542 3336 2612 παράδειγμα,
3364 2543 3418 2592 ἐν
3445 2539 3536 2608 μὲν
3565 2535 3702 2599 ζώοις

2164 2635 2194 2688 ὁ
2223 2637 2345 2690 καθ’
2381 2638 2530 2707 ἡμᾶς
2562 2622 2867 2708 ἄνθρωπος,
2899 2635 2957 2686 ὲν
2976 2633 3034 2686 δὲ
3057 2636 3173 2696 τοῖς
3197 2631 3383 2694 ἁπλοῖς
3416 2629 3445 2698 ἦ
3476 2625 3700 2696 φυσικοῖς

2169 2728 2418 2800 σώμασιν
2452 2730 2486 2800 ἡ
2523 2728 2634 2781 τῶν
2665 2725 3092 2780 αὑθυποστάτων
3121 2725 3215 2777 καὶ
3240 2721 3356 2776 καθ’
3385 2718 3540 2774 έαυτὰ
3571 2713 3693 2770 εἶναι

2165 2819 2479 2889 δυναμένων
2513 2815 2648 2888 πρὸς
2682 2815 2889 2886 ἄλληλα
2935 2813 3068 2867 ποιὰ
3109 2813 3302 2883 σχέσις.
3355 2803 3471 2862 Οἷον
3499 2806 3571 2869 ὡς
3607 2802 3692 2855 ἐπὶ

2168 2908 2590 2981 λαμπάδοςγέστι
2625 2907 2926 2977 θεωρῆσαι*
2957 2904 3088 2960 ἄλλο
3117 2905 3208 2974 μὲν
3232 2901 3330 2970 γάρ
3370 2897 3422 2950 τί
3459 2898 3599 2948 ἐστιν
3649 2895 3682 2963 ἡ

2159 3001 2432 3073 θρυαλλὶς,
2450 3003 2639 3074 ἕτερον
2664 3001 2723 3055 δὲ
2769 3001 2936 3056 πάλιν
2985 3002 3016 3070 ἡ
3063 2995 3316 3066 φλογώδης
3366 2987 3454 3042 τοῦ
3513 2987 3676 3056 πυρὸς

490 3075 642 3131 aliud
695 3092 891 3134 rursus
937 3079 1243 3136 substantia
1285 3081 1428 3152 ignis
1479 3081 1779 3138 ﬂammea:
1819 3083 1964 3138 inter
2007 3099 2066 3140 se

2169 3094 2328 3148 οὑσία
2353 3110 2371 3127 ο
2425 3094 2524 3148 σὺν
2569 3093 2824 3165 ἀλλήλοις
2847 3091 2905 3146 δὲ
2935 3091 3023 3146 καὶ
3055 3089 3110 3141 ὲν
3128 3083 3354 3156 ἀλλήλοις
3377 3079 3510 3141 ὄντα,
3545 3075 3660 3146 μίαν

491 3175 700 3232 autem,
739 3177 797 3222 et
840 3167 898 3223 in
964 3169 1164 3240 seipsis
1230 3172 1384 3226 unita
1443 3189 1606 3227 unam
1654 3171 1864 3228 faciunt
1904 3174 2065 3229 ambo

2169 3186 2472 3257 πεποίηκεν
2498 3161 2787 3258 ἀμφότερα
2814 3181 3092 3255 λαμπάδα.
3119 3178 3224 3232 Καὶ
3253 3176 3322 3238 ὼς
3368 3173 3426 3226 ἂν
3467 3185 3559 3258 τις
3578 3167 3666 3258 έκε-

491 3260 820 3332 lampadem.
863 3263 936 3318 Ut
970 3262 1016 3318 si
1046 3263 1172 3333 quis
1199 3263 1366 3331 dicat,
1413 3263 1518 3320 etsi
1551 3263 1754 3319 durum
1788 3264 2064 3330 videatur,

491 3351 636 3424 ignis
666 3362 750 3409 est
773 3353 1099 3424 ligneus;et
1119 3354 1326 3425 lignum
1361 3355 1582 3426 igneum
1614 3373 1629 3409 :
1677 3367 1734 3412 et
1785 3357 1892 3411 hoc
1939 3355 2070 3426 qui-z-

493 3443 618 3498 dem
641 3445 992 3514 participavit
1013 3444 1360 3514 splendorem
1388 3445 1530 3517 ignis
1557 3463 1573 3512 ;
1600 3446 1693 3501 ille
1729 3458 1884 3514 vero,
1903 3445 1960 3500 id
1984 3452 2069 3501 est

493 3534 656 3605 ignis,
688 3545 962 3591 terrenam
1006 3539 1428 3593 crassitudinem
1490 3553 1559 3592 ex
1614 3536 1765 3604 face;
1819 3546 1874 3592 et
1925 3539 2064 3592 alte-

492 3640 616 3678 rum
661 3626 819 3680 alteri
855 3626 1095 3682 reddidit
1129 3628 1372 3684 vicissim
1425 3628 1709 3694 idiomata,
1744 3644 1868 3682 cum
1905 3629 2066 3684 ambo

493 3717 700 3788 alioqui
739 3719 796 3772 in
849 3719 1184 3789 proprietate
1235 3735 1336 3774 sua
1381 3718 1523 3785 lixa,
1572 3727 1630 3775 et
1674 3735 1786 3774 non
1841 3719 2068 3774 confusa

492 3816 774 3864 maneant.

563 3901 737 3955 Nemo
765 3915 899 3954 vero
932 3900 1074 3954 male
1117 3899 1347 3956 feriatus
1386 3909 1442 3956 et
1475 3901 1588 3956 otio
1622 3901 1856 3957 abutens
1885 3916 2068 3962 exem-

491 3991 649 4062 plum
699 3999 925 4058 carpat,
979 3991 1026 4044 si
1073 3989 1206 4060 quid
1251 3990 1516 4046 dissimile
1555 3991 1742 4058 habet,
1787 3991 2069 4062 proferens

493 4083 702 4146 oleum,
743 4081 890 4151 quod
923 4080 978 4135 in
1007 4081 1111 4136 hac
1137 4081 1342 4137 unione
1371 4082 1612 4138 medium
1635 4091 1740 4148 est,
1770 4093 1867 4138 aut
1893 4085 2071 4154 quali-

493 4181 664 4230 tatem
701 4173 807 4228 olei
833 4175 1156 4246 subjectam,
1205 4185 1302 4231 aut
1323 4192 1434 4231 non
1468 4175 1669 4232 durare
1700 4177 1816 4242 diu,
1869 4179 1965 4232 sed
2011 4181 2068 4234 in

493 4253 748 4320 cinerem
764 4263 940 4334 redigi
966 4281 982 4331 ;
1031 4280 1245 4320 memor
1277 4281 1470 4321 eorum
1501 4281 1622 4336 quas
1642 4275 1803 4323 antea
1831 4268 2070 4323 diximus

495 4354 566 4408 de
595 4354 869 4424 exemplo,
894 4353 1039 4408 etde
1061 4355 1182 4426 ejus
1201 4355 1520 4412 deﬁnitione
1545 4375 1561 4424 ;
1597 4349 1791 4413 eadem
1835 4359 2069 4430 reperiri

493 4453 676 4514 potest
707 4444 840 4500 unio
867 4445 1006 4516 ignis
1049 4461 1174 4502 cum
1223 4463 1389 4514 acre;
1439 4459 1496 4504 et
1527 4451 1670 4503 aeris
1725 4465 1850 4505 cum
1889 4466 2064 4520 aqua:

495 4535 683 4591 mistio
707 4536 853 4590 cnim
883 4550 1038 4604 aquae
1065 4553 1191 4592 cum
1221 4547 1368 4592 terra
1407 4539 1647 4617 speciem
1689 4540 1908 4610 attingit
1936 4556 2067 4596 con-

495 4625 822 4680 fundentem
864 4627 1168 4694 unionem;
1233 4637 1612 4699 praeparatque
1668 4618 1952 4698 humidis,
2010 4639 2068 4686 et

497 4716 784 4782 tenuibus,
815 4717 1107 4788 praecipuis
1135 4732 1266 4772 vero
1299 4718 1603 4774 secundum
1630 4719 2070 4776 immutationem

496 4808 854 4879 qualitatum,
923 4817 980 4864 ct
1033 4808 1392 4864 variationem
1431 4824 1500 4864 cx
1547 4817 1737 4864 mutua
1779 4810 2072 4867 allectione

498 4898 962 4968 proficiscentem.
1016 4901 1290 4955 Praetereo
1335 4900 1482 4956 enim
1553 4899 1738 4955 dicere
1783 4901 2072 4968 qualitates

501 5001 642 5052 quae,
677 4989 947 5056 separatis
994 4990 1336 5056 substantiis,
1369 5003 1750 5062 saepenumero
1813 4989 1968 5044 inter
2011 5006 2072 5047 se

498 5086 632 5134 sunt
679 5077 851 5132 unitas
895 5079 1013 5134 sine
1056 5078 1353 5144 mistione;
1383 5080 1526 5134 sicut
1553 5079 1837 5134 stellarum
1877 5079 2071 5137 lucen-

498 5173 637 5224 tium
660 5167 994 5250 .splendorcs
1035 5173 1180 5226 inter
1209 5188 1268 5228 se
1307 5181 1364 5226 et
1391 5188 1514 5226 cum
1542 5188 1669 5228 aere
1713 5175 1898 5240 unitaz,
1953 5191 2072 5232 ser-

495 5267 631 5314 vant
660 5256 1052 5333 proprietatem
1076 5264 1266 5330 quanti
1297 5265 1352 5318 in
1379 5263 1564 5332 quali:
1595 5263 1938 5322 demonstrat
1961 5267 2069 5324 hoc

497 5367 610 5418 ars,
659 5367 782 5422 quae
821 5358 1032 5408 natura:
1073 5363 1157 5408 est
1194 5355 1480 5412 imitatrix.
1530 5357 1588 5414 Si
1625 5357 1751 5428 quis
1792 5360 1979 5431 igitur,
2006 5367 2068 5414 ut

502 5459 731 5516 magnus
759 5441 1052 5514 Dionysius
1075 5445 1172 5511 ait,
1201 5445 1399 5502 multas
1425 5447 1573 5504 faces
1591 5464 1850 5526 accensas
1875 5451 1930 5505 in
1961 5465 2069 5506 una

503 5536 666 5592 domo
697 5533 965 5600 includat,
1012 5537 1212 5594 deinde
1266 5554 1431 5594 unam
1489 5555 1556 5595 ex
1592 5540 1852 5596 omnibus
1873 5541 2072 5596 educat

509 5637 539 5676 ε
564 5623 747 5691 rlomo,
770 5623 932 5678 simul
973 5626 1144 5679 exibit
1173 5642 1296 5682 cum
1321 5627 1423 5683 hac
1451 5639 1503 5685 et
1543 5631 1728 5686 lumen
1761 5631 2066 5700 proprium,

2169 3255 2496 3346 ϐιασάμενος
2528 3255 2697 3337 εἴποι,
2718 3255 2841 3344 ίπῦρ
2879 3276 3029 3326 ἐστιν
3081 3265 3414 3336 ὲξυλωμένον,
3441 3260 3524 3313 καὶ
3540 3255 3679 3346 ξὺλον

2168 3344 2656 3435 ἐμπεπρησμένον,
2679 3363 2774 3415 καὶ
2806 3361 2866 3414 τὸ
2898 3361 2998 3432 μὲν
3025 3359 3128 3428 τῆς
3153 3356 3242 3410 τοῦ
3277 3349 3438 3424 πυρὸς
3480 3344 3686 3419 μετέσχε

2167 3456 2567 3528 λαμπρότητος,
2593 3455 2657 3508 τὸ
2681 3455 2738 3508 δὲ
2760 3454 2861 3524 τῆς
2902 3451 3044 3506 κατὰ
3071 3449 3170 3520 τὴν
3207 3448 3330 3520 δᾷδα
3363 3437 3688 3528 κεκοινώνηκε

2166 3527 2399 3614 γεώδους
2429 3545 2759 3614 παχύτητος,
2791 3544 2885 3596 καὶ
2917 3541 3234 3596 ἀντιδέδωκε
3282 3538 3490 3605 θάτερον
3505 3527 3693 3596 θατέρῳ

2165 3639 2274 3691 τῶν
2307 3637 2634 3707 ἰδιωμάτων.
2657 3638 2715 3690 έν
2739 3639 2807 3706 τῇ
2837 3633 3053 3704 μονίμῳ
3080 3631 3286 3686 ἑαυτῶν
3315 3628 3399 3681 καὶ
3433 3617 3692 3690 ἀσυγχὺτῳ

2170 3729 2391 3800 ἰδιότητι
2424 3728 2699 3800 μείναντα.

2237 3901 2444 3973 Μηδεὶς
2473 3902 2532 3957 δὲ
2564 3900 2892 3971 κακόσχολος
2917 3899 3080 3953 πάλιν
3111 3893 3462 3965 λαμϐανέσθω
3493 3888 3578 3944 τοῦ
3603 3903 3692 3939 πα-

2173 3995 2556 4068 ραδείγματος,
2581 3994 2695 4048 είτι
2711 3994 2965 4060 ἀνόμοιον
2989 3991 3122 4061 ἔχοι,
3141 3990 3203 4043 τὸ
3229 3989 3406 4044 έλαιον
3425 3981 3696 4056 προφέρων.

2167 4085 2229 4139 τδ
2265 4083 2550 4154 μεσιτεῦον
2577 4084 2643 4154 τῇ
2679 4081 2884 4134 τούτων
2915 4078 3108 4133 ένώσει
3133 4119 3148 4145 ,
3184 4077 3346 4150 ῆοτὴν
3378 4068 3700 4140 ὑποκειμένην

2169 4175 2401 4246 ἐλαιώδη
2437 4171 2770 4243 ποιότητα,ἢ
2800 4170 2861 4224 τδ
2883 4169 2958 4240 μὴ
2977 4169 3222 4241 διαρκεῖν
3251 4169 3346 4222 ἐπὶ
3375 4165 3570 4238 χρόνον,
3592 4154 3702 4213 am

2169 4265 2525 4338 τεφροῦσθαι,
2573 4263 2930 4335 μνημονεύων
2969 4255 3043 4316 ὧν
3093 4260 3404 4333 ἔμπροσθεν
3441 4255 3702 4327 εἰρήκαμεν

2171 4359 2300 4428 περὶ
2338 4357 2788 4428 παραδείγματος
2833 4353 2928 4408 καὶ
2961 4353 3058 4406 τοῦ
3096 4355 3219 4405 κατ’
3269 4349 3431 4404 αὑτοῦ
3481 4349 3631 4416 ὅρου’
3675 4340 3699 4408 ἡ

2169 4447 2216 4502 δ’
2241 4447 2378 4517 αὑτὴ
2407 4446 2474 4500 ἂν
2501 4444 2750 4516 εὑρεθείη
2787 4444 2881 4498 καὶ
2913 4443 3089 4514 πυρὸς
3139 4442 3280 4512 πρὸς
3337 4443 3469 4510 ἀέρα
3501 4435 3701 4502 σύγκρα-

2173 4557 2277 4604 σις,
2305 4539 2398 4592 καὶ
2427 4539 2587 4608 ἀέρος
2617 4535 2754 4606 πρὸς
2781 4533 2924 4604 ὓδωρ
2957 4549 2970 4562 ’
3011 4536 3044 4604 ἡ
3075 4534 3143 4601 γὰ
3155 4550 3184 4604 ρ
3227 4533 3420 4594 ὓδατος
3461 4528 3582 4598 πρὸς
3620 4521 3700 4590 γῆν

2174 4629 2401 4700 μίξις,ἦ
2435 4627 2499 4698 δὴ
2556 4626 2650 4680 τοῦ
2705 4625 3032 4696 συγχυτικοῦ
3071 4626 3168 4694 τῆς
3219 4625 3460 4685 ένώσεως
3508 4622 3699 4673 ἅπτεται

2170 4723 2368 4785 εἴδους,
2393 4719 2714 4776 ὁδοποιοῦσα
2743 4720 2856 4795 τοῖς
2890 4719 3078 4788 ὑγροῖς
3125 4733 3185 4770 τε
3219 4719 3318 4770 καὶ
3361 4708 3700 4781 λεπτομερὲσι.

2169 4814 2448 4882 διαφόροις
2474 4797 2529 4864 δῖε
2561 4809 2698 4864 κατὰ
2731 4809 2829 4875 τὴν
2864 4810 2971 4862 τῶν
2997 4809 3304 4877 ποιοτήτων
3333 4803 3609 4871 ἐξαλλαγὴν
3627 4795 3702 4862 τὴν

2170 4907 2236 4959 ἐκ
2293 4909 2390 4976 τῆς
2457 4901 2970 4972 ἀντιπεπονθὴσεως
3032 4899 3329 4970 γινομένην
3383 4896 3489 4950 τῶν
3554 4894 3703 4958 ἄκρων

2174 4994 2478 5069 μεταϐολὴν
2508 4993 2599 5048 καὶ
2633 4993 2936 5049 ἀλλοίωσιν.
2985 4991 3235 5062 Παρίημι
3271 4990 3381 5062 γὰρ
3408 4989 3502 5050 τὰς
3525 4983 3703 5069 ποιότης-

2169 5066 2267 5153 τας
2295 5066 2496 5158 λέγειν,
2529 5085 2586 5140 αἳ
2620 5086 2717 5140 καὶ
2749 5084 2858 5138 τῶν
2895 5082 3098 5136 οὐσιῶν
3133 5079 3570 5154 κεχωρισμένων,
3603 5066 3703 5122 πολ·

2169 5181 2328 5244 λάκις
2354 5182 2413 5232 ὲν
2441 5176 2698 5248 ἀλλήλαις
2720 5193 2780 5228 τε
2809 5175 3072 5242 γίνονται,
3097 5172 3194 5225 καὶ
3211 5171 3430 5242 ἀμιγῶς
3451 5163 3702 5248 συνάπτονο

2173 5291 2260 5326 ται
2295 5287 2311 5302 ο
2344 5271 2533 5340 ὥσπερ
2562 5246 2672 5322 τῶν
2693 5267 2998 5336 φωσφόρων
3027 5265 3249 5334 ἄστρων
3277 5265 3335 5318 αἱ
3365 5246 3699 5340 μαρμαρυγαξ.

2174 5361 2429 5433 ἀλλήλαις
2467 5333 2527 5412 τὲ
2571 5359 2666 5412 καὶ
2706 5333 2839 5425 άέρι
2867 5333 3194 5422 κιρνάμεναι
3231 5353 3462 5418 σώζουσι
3490 5333 3699 5433 τὴνῌίδιόῖ

2176 5423 2314 5522 τητα
2345 5450 2438 5503 τοῦ
2477 5451 2534 5502 ὲν
2575 5446 2654 5518 τῷ
2683 5444 2822 5514 ποιῷ
2856 5441 3022 5495 ποσοῦ
3059 5458 3071 5470 ·
3111 5442 3419 5512 παρίστησι
3441 5437 3495 5492 δὲ
3522 5423 3700 5522 τοῦταῆ

2175 5520 2362 5612 τέχνη,
2393 5541 2492 5610 τῆς
2537 5539 2749 5608 φύσεως
2773 5530 2906 5587 οὖσα
2960 5535 3262 5616 μιμητική.
3299 5533 3364 5586 Et
3415 5529 3464 5599 γ’
3501 5520 3582 5616 οὖν
3616 5529 3697 5616 “Si

2179 5611 2319 5682 κατὰ
2363 5626 2452 5678 τὴν
2501 5625 2672 5695 μέγαν
2699 5617 2988 5683 Διονύσιον,
3019 5615 3226 5681 πολλάς
3260 5619 3462 5689 ἐξάψας
3489 5611 3630 5684 δᾷδας
3655 5611 3695 5652 εν
