3954 6148
333 293 470 363 1305

1387 299 1688 363 CONTRA.
1722 299 2040 366 NESTOR.
2079 303 2176 364 ET-
2211 302 2536 364 EUTYCH.

3433 291 3575 359 1306·

331 407 411 460 ἑνὶ
441 407 574 476 οἴκῳ
603 404 996 475 συγκλείσειεν,
1033 399 1152 458 εἷτα
1181 402 1310 476 μίαν
1337 405 1404 460 ὲκ
1437 407 1628 460 πασῶν
1648 406 1899 476 ἀποσπά-

2005 405 2138 461 nihil
2165 407 2399 462 aliorum
2427 407 2698 472 luminum
2724 405 2828 462 sibi
2859 417 3165 470 assumens,
3195 415 3379 472 neque
3405 401 3570 470 quid-

225 525 235 537 ο
329 513 428 556 σας
453 496 710 563 ἐξαγάγοι
734 496 828 548 τοῦ
860 495 1154 564 δωματίου,
1183 495 1480 563 συνεξοίσει
1505 497 1674 569 ταύτῃ
1710 496 1898 567 καὶιτδ

329 587 467 664 φῶς,
499 586 620 640 οὔτε
642 604 692 640 τι
722 587 816 640 τοῦ
879 587 1008 640 ἰδίου
1060 587 1224 641 πάλιν
1266 589 1451 652 αὐτοῖς
1497 589 1894 660 ἀπολιπούσης,

329 679 424 731 καὶ
458 679 578 733 καθ’
607 679 728 730 ὅλου
755 679 940 747 φάναι,
975 677 1125 730 οὐδὲν
1147 677 1254 739 τῶν
1287 679 1406 732 ἔνου
1417 678 1593 750 μένων
1624 681 1834 752 τροπὴν
1861 680 1896 752 ἢ

330 768 590 836 σύγχυσιν
622 769 935 836 ὑφίσταται,
978 767 1052 838 μὴ
1081 769 1202 838 οὐχὶ
1233 769 1495 840 ἑκατέρου
1539 769 1648 824 τῶν
1676 771 1898 841 ἑνουμέ-

327 873 432 908 νων
463 855 772 926 παθητικὰς
803 857 1016 926 ἔχοντος
1047 858 1360 928 ποιότητας.
1395 857 1515 911 Τῶν
1539 859 1648 929 γὰρ
1681 859 1756 928 μὴ
1787 875 1898 912 τοι-

328 944 519 1011 ούτων,
551 947 582 1013 ή
617 945 714 1013 μὲν
745 945 1072 1016 δραστήριος
1093 949 1320 1014 ποιήσαι
1367 949 1456 1011 ἂν,
1487 952 1582 1002 καὶ
1615 950 1674 1002 οὺ
1709 949 1892 1012 πάθοισ

330 1038 363 1104 ὴ
411 1035 470 1088 δὲ
514 1035 812 1106 παθητικὴ,
853 1036 1017 1090 πάθοι
1073 1037 1158 1102 ἂν,
1190 1039 1285 1090 καὶ
1313 1039 1372 1093 οὐ
1401 1039 1698 1110 δράσειεν.⁶
1733 1031 1808 1096 ὧν
1837 1039 1896 1092 δὲ

329 1123 508 1186 κοινὸς
536 1125 565 1176 ὁ
593 1123 752 1192 λόγος
780 1125 876 1194 τῆς
897 1125 1425 1194 ἀντιπεπονθήσεως,
1445 1126 1616 1180 ταῦτα
1633 1127 1772 1180 κατά
1799 1127 1897 1196 τὴν

327 1213 684 1282 ἐπικράτειαν
714 1213 748 1282 ἢ
768 1215 868 1284 τὴν
902 1213 1178 1282 ἰσονομίαν
1201 1213 1310 1266 τῶν
1337 1213 1649 1266 παθοποιῶν
1685 1211 1896 1273 αἰτιῶν,

326 1303 427 1374 τὴν
459 1305 516 1356 ὲν
549 1303 760 1374 θατέρῳ
792 1305 986 1372 πάσχει
1020 1320 1079 1356 τε
1116 1302 1212 1356 καὶ
1254 1305 1418 1366 ποιεῖ,
1477 1305 1570 1359 ἐπὶ
1624 1303 1805 1357 πλεῖον
1861 1302 1896 1372 ἢ

328 1391 568 1445 ἔλαττον.
609 1393 824 1464 Ὠσπερ
855 1392 968 1463 ἔχει
1002 1392 1094 1445 ἐπὶ
1127 1393 1347 1447 πάντων
1378 1393 1487 1446 τῶν
1521 1393 1758 1464 τηκτῶν,
1801 1393 1898 1446 καί.

327 1484 437 1536 τῶν
479 1483 843 1553 μεταλλικῶν,
877 1484 972 1536 καὶ
999 1484 1099 1537 ὅσα
1134 1486 1246 1546 τοῖς
1272 1485 1475 1556 ἰατροῖς
1495 1483 1529 1553 ἢ
1561 1486 1674 1547 τοῖς
1699 1481 1900 1554 βαναύ-

327 1591 443 1636 σοις
491 1575 787 1647 κιρνᾶσθαι
845 1575 879 1646 ἢ
942 1573 1306 1646 συντήκεσθαι
1354 1576 1498 1630 κατὰ
1543 1575 1644 1646 τὴν
1701 1575 1898 1645 τέχνην

329 1668 725 1737 μεμηχάνηται.

2003 512 2168 567 quam
2223 499 2432 569 proprii
2479 499 2705 554 luminis
2745 513 2938 554 rursus
2979 496 3088 552 illis
3134 493 3368 560 facibus
3402 491 3572 547 relin-

2009 604 2228 657 quens;
2277 598 2354 654 et,
2393 599 2454 644 ut
2495 589 2752 644 universe
2778 587 2978 652 dicam,
3033 585 3170 640 nihil
3213 598 3407 640 eorum
3450 595 3573 650 qua

2005 677 2294 742 uniuntur,
2322 677 2680 732 mutationem
2714 684 2810 747 aut
2840 673 3219 742 confusipnem
3259 667 3427 730 subit,
3463 665 3571 720 nisi

2003 769 2160 838 prius
2185 777 2482 838 utrumque
2515 769 2796 823 unitorum
2823 765 3114 836 qualitates
3155 760 3355 816 habeat
3394 755 3573 828 passi-'-

2003 855 2181 911 biles:
2221 857 2266 911 si
2287 857 2434 910 enim
2465 873 2574 910 non
2608 865 2737 912 sunt
2767 853 3059 926 ejusmodi,
3091 850 3326 922 qualitas
3349 845 3571 916 quidem

2005 947 2278 1003 ellieiendi
2309 947 2623 1002 facultatem
2661 948 2894 1010 habens,
2926 945 3108 1005 faciet,
3145 957 3255 996 non
3292 938 3569 1008 patietur;

2005 1040 2242 1110 qualitas
2261 1054 2395 1093 vero
2421 1037 2702 1108 passibilis
2723 1029 2984 1106 patietur,
3019 1050 3130 1088 non
3171 1031 3388 1086 efﬁciet.
3428 1027 3574 1094 Quo-

2004 1147 2126 1185 rum
2157 1138 2340 1183 autem
2381 1128 2688 1183 communis
2740 1127 2880 1181 ratio
2939 1133 3023 1179 est
3067 1123 3376 1192 passionem
3423 1117 3572 1172 acci-

2005 1221 2190 1292 piendi
2211 1229 2267 1274 et
2287 1219 2576 1284 reddendi,
2599 1220 2718 1272 haec
2745 1215 3048 1273 secundum
3071 1213 3409 1268 dominatum
3440 1224 3572 1263 cau-

2004 1327 2187 1382 sarum
2208 1310 2560 1366 eﬂicientium
2581 1309 2884 1379 passiones,
2903 1321 3067 1376 quem
3090 1303 3296 1358 habent
3322 1301 3378 1354 in
3407 1298 3572 1354 alter-

2005 1413 2152 1468 utro,
2185 1411 2282 1456 aut
2333 1400 2722 1472 aequalitatem,
2764 1399 3048 1468 patiuntur
3079 1403 3134 1450 et
3177 1399 3364 1463 agunt.
3418 1389 3574 1444 Sicut

2005 1492 2190 1549 evenit
2224 1491 2280 1546 in
2317 1493 2596 1556 omnibus,
2650 1505 2772 1560 qua:
2809 1490 3128 1558 liquantur;
3187 1493 3255 1548 et,
3279 1483 3334 1544 in
3380 1481 3573 1536 metal-

2004 1585 2093 1650 lis,
2125 1593 2182 1640 et
2218 1585 2275 1638 in
2302 1583 2370 1638 iis
2403 1583 2660 1640 omnibus
2680 1597 2802 1651 quae
2827 1579 3026 1635 medici
3053 1578 3141 1632 vel
3165 1575 3409 1639 artiﬁces.
3449 1573 3575 1644 igne

2004 1683 2226 1731 utentes
2259 1675 2615 1730 commiscere
2647 1679 2703 1728 et
2727 1673 2938 1742 liquare
2967 1687 3032 1724 ex
3063 1677 3180 1724 arte
3206 1667 3404 1724 solent.

397 1757 614 1810 Τούτων
641 1757 821 1812 τοίνυν
849 1756 1356 1830 προδιεσταλμὲνων
1393 1758 1545 1827 ἡμῖν,
1569 1754 1770 1810 εἰδέναι
1791 1755 1897 1828 χρὴ

2069 1765 2165 1820 His
2190 1780 2320 1836 ergo
2345 1763 2508 1834 prius
2524 1763 2824 1828 distinctis,
2849 1761 3133 1818 sciendum
3151 1765 3254 1822 est,
3285 1755 3430 1826 quod
3451 1769 3575 1824 qua:

324 1849 407 1902 ὃτι
427 1849 495 1900 τά
520 1847 618 1918 μὲν
647 1847 974 1902 ἀλλοιωτικά
999 1847 1245 1920 ἀλλήλων
1273 1849 1391 1913 καὶ,
1405 1847 1799 1918 μεταδλητικά,
1833 1849 1898 1902 ἐκ

327 1939 624 1992 πολυειδῶν
666 1939 760 1992 καὶ
787 1939 1143 2009 ἐτεροουσίων
1169 1937 1498 2004 συνεστῶτα,
1531 1937 1684 1995 οὐδὲν
1705 1937 1812 1992 τῶν
1839 1941 1900 1992 ἐν

327 2031 391 2099 τῇ
429 2027 678 2080 συνθέσει
701 2025 974 2090 ἀποσώζει
1007 2025 1308 2096 ἀκραιφνὲς
1345 2023 1482 2095 μετά
1501 2025 1601 2096 τὴν
1628 2023 1896 2090 σύνθεσιν,

325 2117 462 2172 ἀλλὰ
489 2119 586 2180 τὰς
615 2119 833 2172 πάντων
875 2115 1140 2186 ἰδιότητας
1193 2114 1396 2184 μίξασα
1447 2115 1542 2168 καὶ
1586 2107 1898 2184 ’συγχέουσα

327 2210 392 2259 ὲκ
422 2207 640 2260 πάντων
673 2207 824 2278 παρά
868 2208 1067 2272 πάντα,
1117 2207 1354 2274 ἑτεροῖον
1391 2200 1530 2268 εἶδος
1579 2204 1899 2274 πάμμικτον

329 2298 646 2363 ἀπετέλεσε,
679 2300 774 2350 καὶ
804 2299 992 2366 γέγονε
1025 2297 1236 2350 πολλῶν
1266 2295 1615 2350 ὑποστάσεων
1659 2297 1752 2349 καὶ
1794 2294 1898 2364 φύ-

333 2407 470 2442 σεων
500 2391 638 2442 κατὰ
662 2391 759 2459 τὴν
800 2389 946 2459 μίξιν
982 2389 1200 2459 φυρμὸς
1232 2389 1328 2442 καὶ
1358 2389 1638 2459 σύγχυσις,
1671 2387 1795 2442 οὔτε
1838 2387 1901 2440 τὸ

335 2481 533 2548 ἰδιάζον
563 2483 659 2548 τῆς
691 2483 1062 2546 ὑποστάσεως,
1087 2479 1209 2532 οὕτε
1234 2481 1294 2533 τὸ
1324 2481 1500 2535 κοινὸν
1547 2480 1648 2549 τῆς
1685 2481 1900 2548 φύσεως

333 2571 635 2640 φυλάξασα,
671 2569 786 2624 ἀλλ’
833 2570 1018 2639 ἕτερον
1065 2571 1130 2625 ὲκ
1175 2571 1378 2638 τούτων
1435 2571 1535 2640 μὲν
1585 2572 1898 2642 γενόμενον,

330 2661 507 2712 οὐδενὶ
545 2660 602 2714 δὲ
629 2660 825 2713 ταυτὸν
869 2663 962 2729 ἀφ’
996 2654 1070 2713 ὧν
1124 2661 1344 2729 γέγονεν
1387 2661 1781 2714 ἁποτελέσασα.
1837 2661 1899 2713 Et

331 2755 508 2805 τοίνυν
531 2751 720 2822 θεότης
751 2752 847 2806 καὶ
872 2751 1222 2824 ἀνθρωπότης
1247 2739 1365 2806 κατ’
1395 2752 1582 2805 οὐσίαν
1619 2751 1900 2804 ἐνωθείσαι

336 2847 410 2916 μὴ
441 2845 766 2914 φυλάττουσι
801 2845 902 2898 κάν
932 2847 996 2916 τῇ
1021 2845 1209 2899 ὲνώσει
1253 2845 1352 2915 τὴν
1405 2843 1616 2898 ἑαυτῶν
1666 2844 1902 2914 φυσικὴν

336 2936 593 3007 ἰδιότητα,
614 2936 996 3006 συγκέχυδται,
1037 2937 1128 2990 καὶ
1151 2933 1276 2988 οὗτε
1303 2935 1489 3006 θεότης
1511 2935 1746 3006 ἔμεινεν,
1777 2933 1902 2988 οὔτε

333 3006 708 3097 ἀνθρωπότης,
739 3027 855 3081 ἀλλ’
887 3027 1073 3096 ἕτερον
1095 3027 1282 3089 οὐσίας
1315 3019 1454 3089 εἶδος
1484 3029 1548 3078 ὲκ
1579 3027 1784 3080 τούτων
1806 3043 1902 3094 γε-

331 3089 577 3187 νόμενον,
617 3089 712 3170 καὶ
747 3119 868 3187 οὐχὶ
898 3089 1072 3170 ταῦτα
1109 3117 1353 3185 ὑπάρχον
1382 3116 1794 3171 ἀποτετέλεκεν.
1816 3089 1902 3171 ⁷Οὔ
1927 3089 1972 3146 C

331 3207 386 3258 τί
415 3207 480 3260 ἂν
501 3207 713 3274 γένοιτο
735 3206 1146 3276 ἀσεϐέστερονῆ
1174 3205 1592 3274 βδελυκτότερον
1614 3205 1718 3258 κᾶν
1751 3206 1901 3257 two-

333 3301 488 3368 ἧσαι,
555 3302 632 3368 μὴ
685 3298 767 3350 ὅτι
827 3296 1156 3365 φρονοῦντας
1208 3295 1582 3365 δογματίσαι;
1643 3296 1903 3349 Λείπεται

333 3390 512 3442 τοίνυν
536 3389 602 3441 ἐκ
627 3387 726 3456 τῆς
756 3386 1055 3450 ἐξετάσεως
1081 3385 1174 3438 τοῦ
1215 3385 1375 3454 λόγου
1405 3385 1504 3454 τῆς
1551 3386 1671 3447 κατ’
1715 3385 1904 3439 οὐσίαν

336 3480 602 3543 ἑνώσεως,
629 3479 730 3547 τῆς
763 3495 821 3530 τε
851 3478 1102 3546 θεότητος
1129 3475 1340 3546 καὶτῆς
1363 3475 1782 3547 ἀνθρωπότητος
1805 3479 1904 3548 τὴν

337 3568 640 3638 άσύγχυτον
677 3569 934 3638 ἰδιότητα,
963 3570 1104 3621 κατὰ
1145 3569 1211 3622 τά
1261 3567 1503 3638 πρότερα
1547 3566 1730 3620 λαϐεῖν
1777 3567 1907 3619 ὑπο-

335 3659 626 3729 δείγματα,
669 3661 916 3732 ἀμυδρὰν
965 3660 1022 3712 δέ
1057 3674 1178 3714 τινα
1224 3659 1524 3727 φαντασίαν
1581 3661 1646 3712 ἐκ
1689 3658 1924 3712 πάντων.

335 3755 434 3821 τῆς
465 3751 606 3821 ὑπὲρ
637 3753 816 3806 πάντα
847 3751 1104 3821 ἀληθείας
1138 3750 1574 3822 συλλεγομένοις,
1605 3749 1726 3820 ἥτις
1775 3750 1908 3802 ἀπο-

333 3846 632 3908 δείκνυσιν,
659 3844 716 3897 ἓν
749 3843 848 3914 μέν
881 3861 933 3896 τι
979 3843 1186 3897 τούτων
1242 3839 1382 3897 εἶναι
1429 3843 1488 3896 τὸ
1534 3841 1903 3912 ἀποτέλεσμα,

334 3937 362 3989 ὃ
395 3937 504 3988 εἴτε
531 3935 840 4006 πρόσωπον,
871 3937 981 3989 εἴτε
1020 3936 1338 3998 ὑπόστασιν,
1373 3934 1484 3986 είτε
1520 3935 1740 4006 ἄτομον,
1785 3932 1906 3986 ἐἴτε

337 4024 716 4093 ὑποκείμενον,
757 4023 870 4076 εἴτε
917 4040 970 4075 τι
1018 4022 1144 4075 ἄλλο
1197 4023 1348 4091 φίλον
1386 4023 1582 4093 καλεῖν
1639 4021 1794 4086 αὐτὸ,
1842 4023 1904 4076 οὐ

335 4115 682 4186 διαφέρομαι.
749 4115 887 4178 Τοὺς
933 4115 1043 4184 γὰρ
1099 4114 1228 4184 ἀξίᾳ
1283 4114 1319 4185 ἢ
1384 4113 1658 4185 αὐθεντίᾳ,
1709 4113 1743 4184 ἦ
1800 4131 1905 4167 τινι

336 4206 563 4279 τοιαύτῃ
593 4207 778 4277 σχέσει
809 4206 1110 4277 διαιρετικῇ
1137 4207 1226 4260 διὰ
1275 4204 1367 4258 τοῦ
1404 4206 1698 4258 συνάπτειν
1737 4205 1905 4277 χωρί-

338 4298 550 4362 ζοντας.
581 4303 771 4368 πρώην
804 4295 1192 4368 ἁπορραπίσας
1243 4298 1272 4350 ὁ
1314 4295 1472 4364 λόγος
1521 4295 1902 4366 ἁποδεδίωχεν,

1997 1856 2205 1912 habent
2236 1855 2348 1910 vim
2382 1853 2630 1910 mutandi
2665 1869 2724 1908 se
2763 1853 2908 1908 inter
2951 1867 3010 1908 se
3057 1848 3364 1906 constantia
3391 1861 3460 1900 ex
3488 1843 3575 1900 di-

1999 1948 2174 2005 versis
2195 1945 2508 2016 speciebus,
2534 1954 2592 2000 et
2613 1943 2936 2001 substantiis
2961 1942 3099 1996 nihil
3123 1953 3322 2010 purum
3345 1937 3399 1990 in
3422 1949 3576 1990 com-

1996 2037 2271 2108 positione
2296 2045 2519 2092 servant
2555 2045 2682 2106 post
2711 2034 3170 2104 compositionem
3200 2047 3216 2085 :
3247 2028 3355 2084 sed-
3387 2026 3577 2096 potius

2000 2145 2090 2198 ars
2115 2112 2474 2199 proprietatis
2502 2127 2748 2184 omnium
2805 2127 3047 2182 miscens
3097 2130 3154 2180 et
3205 2117 3574 2183 confundens,

1999 2235 2070 2274 ex
2091 2219 2358 2274 omnibus.
2381 2218 2541 2274 aliam
2577 2227 2777 2288 praeter
2819 2217 3002 2274 omnia
3046 2213 3284 2284 speciem
3339 2227 3410 2265 ex
3457 2215 3574 2264 toto

2000 2309 2342 2366 commistam
2375 2292 2620 2364 reddidit
2647 2325 2662 2362 :
2689 2308 2858 2378 ﬁtque
2884 2307 3182 2362 multarum
3205 2304 3574 2374 bypostaseon

1999 2412 2057 2457 et
2081 2410 2403 2456 naturarum
2448 2399 2760 2457 commistio
2807 2408 2864 2455 et
2895 2395 3141 2452 conlusio
3167 2434 3182 2460 ,
3222 2407 3344 2463 qua:
3392 2403 3574 2458 neque

2001 2493 2289 2562 proprium
2316 2493 2648 2563 hypostasis,
2683 2503 2864 2561 neque
2889 2499 3180 2542 commune
3213 2491 3424 2556 naturae
3443 2495 3576 2535 eon-

2001 2591 2222 2654 servat;
2253 2583 2348 2638 sed
2385 2583 2532 2638 aliud
2566 2599 2636 2637 ex
2664 2581 2754 2636 his
2802 2579 2900 2644 ﬁt,
2953 2576 3102 2648 quod
3145 2589 3269 2630 cum
3301 2571 3454 2626 nullo
3481 2583 3577 2624 eo—

2003 2690 2126 2728 rum
2153 2689 2220 2728 ex
2246 2673 2450 2744 quibus
2499 2673 2703 2728 factum
2734 2678 2839 2736 est,
2889 2670 3034 2726 idem
3063 2664 3298 2721 exsistit.
3331 2663 3386 2718 Si
3411 2662 3578 2734 igitur

2000 2767 2264 2822 divinitas
2283 2775 2340 2821 et
2371 2765 2690 2820 humanitas
2727 2762 3030 2825 secundum
3055 2759 3416 2816 substantiam
3448 2755 3576 2810 uni-

2003 2865 2092 2918 tae,
2127 2871 2238 2910 non
2260 2863 2480 2910 servant
2507 2854 2562 2908 in
2587 2853 2792 2907 unione
2823 2866 2979 2906 suam
3003 2847 3313 2903 naturalem,
3329 2845 3580 2916 proprie-

2004 2954 2205 3012 tatem,
2245 2946 2489 3000 conl‘usne
2539 2951 2788 3011 sunt;et
2827 2957 3009 3012 neque
3054 2940 3324 2998 divinitas.
3353 2936 3576 3000 mansit,

2003 3054 2184 3108 neque
2227 3037 2562 3100 humanitas,
2599 3036 2696 3090 sed
2746 3035 2852 3090 alia
2901 3033 3113 3103 species
3145 3031 3470 3090 substantiae
3510 3043 3580 3082 ex

2005 3129 2112 3194 his,
2139 3145 2262 3198 quae
2294 3144 2403 3182 non
2437 3137 2522 3182 est
2557 3126 2660 3181 ista
2681 3143 2803 3198 quae
2833 3126 2990 3180 unita
3013 3133 3163 3189 sunt,
3197 3123 3576 3180 confcctaest.

2004 3219 2122 3284 Quo
2167 3219 2300 3288 quid
2332 3233 2453 3272 esse
2480 3223 2662 3287 potest
2682 3216 2856 3286 magis
2887 3211 3139 3284 impium,
3165 3221 3259 3268 aut
3285 3213 3459 3282 magis
3484 3209 3580 3264 de-

2005 3309 2258 3366 testabile
2288 3309 2375 3364 vel
2397 3309 2636 3379 cogitare
2666 3315 2901 3374 tantum,
2919 3306 3124 3362 nedum
3149 3303 3356 3360 sentire
3391 3311 3450 3356 et
3475 3301 3578 3354 do-

2005 3402 2167 3457 cere?
2217 3399 2512 3468 Reliquum
2551 3397 2726 3469 igitur
2777 3406 2900 3463 est,
2949 3403 3010 3450 ut
3051 3411 3116 3450 ex
3156 3391 3581 3462 investigatione

2006 3491 2328 3564 qumstionis
2343 3489 2568 3543 unionis
2587 3488 2894 3543 secundum
2921 3485 3280 3542 substantiam
3302 3493 3358 3538 et
3381 3482 3581 3536 divini-

2006 3583 2136 3638 tatis
2181 3587 2238 3636 et
2271 3578 2633 3634 humanitatis
2660 3577 3052 3648 proprietatem
3089 3577 3211 3630 sine
3255 3573 3580 3629 confusione

2005 3673 2309 3730 secundum
2335 3669 2582 3740 exempla
2621 3667 2910 3738 superiora
2963 3667 3342 3737 intelligamus
3369 3706 3385 3730 ,
3425 3664 3582 3719 colli.

2005 3774 2198 3836 gentes
2219 3779 2286 3818 ex
2312 3761 2572 3816 omnibus
2595 3770 2814 3816 tenuem
2843 3759 3136 3830 quamdam
3166 3758 3459 3828 imaginem
3489 3769 3581 3814 ve-

2007 3856 2187 3911 ritatis
2217 3852 2402 3909 omnia
2432 3851 2752 3922 superantis
2775 3892 2790 3917 ,
2837 3866 2968 3920 quae.
3017 3849 3361 3910 demonstrat
3404 3860 3576 3900 unum

2005 3945 2277 4018 quoddam
2317 3959 2390 3999 ex
2438 3942 2526 3996 his
2574 3941 2751 4007 reddi,
2791 3940 2914 3995 sive.
2953 3954 3268 4010 personam,
3313 3937 3428 3992 sive
3481 3935 3582 4006 hy-

2005 4035 2290 4108 postasim,
2324 4034 2441 4090 sive
2472 4041 2738 4098 atomum,
2768 4033 2882 4088 sive
2913 4031 3242 4102 subjectum,
3277 4029 3394 4084 sive
3444 4027 3580 4098 quid

2005 4128 2152 4183 aliud
2179 4126 2456 4197 appellare
2493 4123 2650 4188 libet,
2681 4138 2792 4178 non
2826 4122 3124 4178 contendo.
3149 4122 3258 4176 Eos
3291 4121 3462 4184 enim,
3484 4117 3580 4188 qui

2005 4220 2276 4291 dignitate
2304 4256 2319 4280 ,
2357 4215 2443 4270 vel
2475 4215 2804 4268 auctoritate
2829 4255 2842 4280 ,
2901 4221 2997 4266 aut
3031 4213 3214 4281 aliqua
3265 4209 3580 4281 hujusmodi

2007 4309 2336 4364 habitudine
2371 4305 2656 4358 dividente
2703 4303 3013 4372 copulando
3062 4310 3360 4372 separant,
3417 4300 3580 4370 paul)

337 4387 672 4441 ὑποστάσεσι
724 4389 824 4450 τὰς
871 4388 1063 4457 φύσεις
1125 4387 1468 4458 διαιροῦντας
1521 4386 1764 4456 ἐλέγξας,
1811 4389 1901 4441 καὶ

2007 4409 2133 4454 ante
2157 4395 2461 4466 disputatio
2486 4403 2672 4448 nostra
2697 4393 2978 4458 refutavit,
3015 4399 3070 4447 et
3095 4391 3333 4446 convicit
3355 4401 3581 4445 naturas

340 4478 612 4548 μηδεμίαν
649 4480 938 4532 κοινωνίαν
983 4479 1017 4550 ἢ
1057 4479 1328 4532 ἀντίδοσιν
1383 4478 1614 4547 ἐχούσας
1667 4479 1702 4548 ἢ
1758 4479 1906 4532 ἀντι-

335 4568 476 4622 ὂιδού
486 4586 601 4632 σας.

407 4840 624 4894 Τούτων
649 4840 974 4910 εἰρημένων,
1029 4841 1170 4891 κατά
1219 4839 1280 4890 τὸ
1321 4838 1602 4908 δεδομένον
1661 4839 1792 4908 ἡμῖν
1838 4840 1901 4892 ἐκ

335 4930 475 4987 Θεοῦ
498 4935 598 5002 τῆς
629 4933 867 5001 νοήσεως
922 4931 1116 5001 μικρὸν
1181 4932 1396 5002 μέτρον,
1456 4930 1903 5000 παραπέμπομεν

334 5027 428 5080 τὸν
454 5027 848 5096 ἐντυγχάνοντα
882 5027 966 5088 εἰς
994 5025 1092 5088 τὰς
1144 5027 1254 5080 τῶν
1309 5027 1586 5096 θεηγόρων
1641 5027 1902 5098 Πατέρων

335 5117 706 5184 διδασκαλίας,
733 5119 824 5183 ἀφ’
851 5109 926 5170 ὧν
954 5118 1048 5170 καὶ
1073 5119 1234 5187 ἡμεῖς
1264 5118 1436 5173 ταῦτα
1458 5100 1797 5188 ὴντληκότες,
1827 5119 1902 5181 ὡς

337 5210 396 5260 ὲν
436 5207 618 5277 μικρῷ
655 5207 914 5278 κρατῆρι,
943 5206 1022 5276 τῷ
1053 5207 1154 5276 τῆς
1186 5208 1448 5276 ταπεινῆς
1475 5209 1631 5279 ἡμῶν
1663 5208 1900 5268 διανοίας

336 5292 480 5369 λόγῳ
518 5299 734 5354 ποτίσαι
762 5298 1172 5368 ἐσπουδάσαμεν
1209 5299 1334 5361 τοὺς
1363 5299 1463 5364 τῆς
1487 5299 1742 5369 ἀληθείας
1777 5299 1904 5368 ἐρα-

337 5391 490 5453 στάς.
561 5389 754 5463 Ὑμεῖς
787 5392 844 5445 δὲ
895 5391 1286 5462 ἑπορεγόμενοι
1333 5391 1440 5444 ὑπὸ
1481 5392 1581 5460 τῆς
1623 5391 1902 5462 ἀληθείας,

333 5485 508 5539 ταῦτα
545 5485 644 5552 μὲν
674 5482 847 5552 ἔχοιτε
887 5481 1059 5552 λήθης
1111 5482 1416 5552 φάρμακον,
1469 5480 1563 5534 καὶ
1620 5479 1759 5550 μετὰ
1807 5481 1906 5553 τὴν

337 5573 649 5627 τελευταίαν
678 5572 947 5644 ἐκδημίαν
985 5573 1137 5643 ἡμῶν
1186 5571 1406 5642 ἀγάπης
1453 5571 1770 5642 ὑπόμνημα,
1826 5573 1900 5636 ὡς

337 5663 404 5718 ἂν
431 5665 504 5736 μὴ
537 5665 615 5736 τῷ
639 5664 814 5735 χρόνῳ
838 5664 900 5718 τὺ
934 5665 1033 5736 τῆς
1071 5665 1292 5734 ἀγάπης
1320 5663 1482 5718 καλὸν
1520 5663 1713 5734 ἑκρυὲν
1751 5664 1902 5734 οἰχή-

2007 4490 2253 4545 dividere
2303 4485 2726 4558 hypostasibus,
2765 4485 3088 4552 nullamque
3135 4484 3579 4538 communionem

2005 4582 2092 4636 vel
2125 4581 2270 4634 inter
2301 4593 2359 4633 se
2394 4576 2702 4648 accipiendi
2739 4575 2822 4630 vel
2851 4574 3120 4630 reddendi
3149 4574 3374 4628 habere.
3403 4573 3479 4627 Ac
3512 4573 3580 4626 de

2004 4671 2090 4726 his
2121 4671 2389 4730 hactenus
2416 4667 2718 4725 secundum
2765 4682 2983 4736 parvam
3019 4680 3332 4720 mensuram
3372 4664 3579 4718 intelli-

2004 4761 2222 4833 gentiae,
2251 4774 2374 4829 quae
2405 4775 2436 4813 a
2470 4759 2632 4814 nobis
2673 4758 2876 4812 tributa
2911 4765 3016 4812 est.

2075 4848 2343 4905 Mittimus
2365 4847 2628 4916 deinceps
2648 4847 2910 4901 lectorem
2932 4845 3000 4899 ad
3023 4845 3328 4900 doctrinam
3361 4854 3579 4900 sancto-

2005 4955 2128 4995 rum
2159 4939 2406 5002 Patrum,
2439 4953 2470 4991 a
2497 4937 2699 5006 quibus
2721 4951 2824 4990 nos
2852 4937 2969 4991 haec
3009 4945 3264 5006 tanquam
3309 4937 3363 4993 in
3412 4951 3580 5006 parvo

2003 5045 2133 5084 vase
2173 5029 2389 5083 ratione
2433 5027 2634 5085 mentis
2675 5035 2876 5081 nostrae
2905 5026 3134 5082 humilis
3163 5025 3482 5092 hausimus,
3523 5034 3580 5082 et

2002 5135 2099 5175 eos
2129 5119 2224 5188 qui
2249 5119 2432 5174 studio
2457 5117 2710 5172 veritatis
2741 5126 3015 5180 tenentur,
3037 5127 3226 5186 potare
3243 5119 3577 5174 studuimus.

2003 5211 2112 5266 Vos
2136 5218 2320 5265 autem
2355 5209 2562 5280 quibus
2590 5209 2706 5264 haec
2731 5209 2977 5280 porrexit
3019 5209 3244 5273 veritas,
3276 5209 3476 5264 habete
3509 5224 3572 5262 ea

2011 5312 2266 5371 tanquam
2303 5299 2607 5354 remedium
2635 5299 2950 5364 oblivionis,
3005 5309 3062 5355 et
3112 5309 3239 5370 pOSt
3281 5315 3462 5358 meum
3505 5299 3574 5351 ab

2011 5394 2114 5448 hac
2136 5393 2253 5446 vita
2285 5406 2562 5448 recessum
2603 5399 2860 5461 tanquam
2892 5397 3308 5446 monumentum
3345 5387 3571 5450 amoris,

2009 5499 2080 5538 ne
2106 5484 2262 5552 lapsu
2287 5480 2550 5550 temporis
2575 5481 2802 5537 eﬂluens
2832 5481 2992 5536 abeat
3028 5500 3041 5534 :
3073 5480 3355 5536 retundite
3387 5487 3570 5532 autem

2011 5572 2354 5635 audaciores,
2385 5578 2444 5626 et
2475 5571 2841 5642 simpliciores
2875 5569 3038 5624 manu
3066 5570 3248 5624 ducite
3284 5567 3351 5622 ad
3397 5567 3572 5634 fulgo-

2010 5679 2126 5720 rem
2151 5661 2401 5718 veritatis
2432 5655 2642 5731 ‘purum
2667 5669 2720 5717 et
2746 5659 3013 5730 liquidum
3035 5700 3050 5728 ,
3096 5661 3186 5728 qui
3233 5671 3334 5728 per
3371 5652 3484 5711 lucc
3515 5651 3572 5706 in

3612 5361 3634 5400 ι
