3954 6148
293 4787 313 4814 \

384 320 521 387 1307

1645 319 1956 386 LEONTII
1990 320 2400 382 BYZ‘ANTINI

3499 311 3639 376 1308

382 431 588 486 sanctis
610 429 866 487 Patribus
903 432 1175 497 cernitur,
1212 440 1269 488 et
1289 439 1444 489 orate
1477 449 1580 504 pro
1625 435 1808 500 nobis,
1859 434 1952 505 qui

2063 447 2232 484 σεται.
2268 427 2702 498 Ἐπιστομίζοιτε
2769 425 2824 480 δι
2885 423 3012 488 τοὺς
3075 423 3478 496 θρασυτέρους,
3536 423 3638 476 καὶ

385 519 501 574 hazc
521 530 748 592 propter
767 521 1114 588 cbaritatem,
1143 529 1205 577 ut
1228 524 1565 580 conscientia
1595 534 1864 592 testatur,
1899 537 1958 582 et

381 617 582 679 praeter
615 611 952 666 voluntatem
1001 611 1352 668 Conscribere
1403 613 1790 670 sustinuimus.
1845 615 1957 670 Deo

384 709 568 756 autem
604 701 806 772 gratias
831 701 1046 772 agimus
1067 719 1170 774 pro
1192 703 1342 759 omni
1376 704 1524 766 dono
1550 706 1670 778 ejus
1698 706 1756 761 in
1780 707 1958 762 omni-

385 790 510 857 bus,
539 791 596 846 in
623 793 822 848 satcula
848 795 1194 850 saeculorum.
1229 795 1424 852 Amen.

947 1189 1366 1247 PROOEMIUM.

453 1327 736 1381 Allaturus
767 1323 822 1378 in
862 1324 1101 1378 medium
1129 1323 1487 1378 auctoritates
1509 1315 1824 1378 sanctorum
1849 1325 1954 1380 Pa-

386 1427 557 1477 trum.
589 1417 658 1472 ad
692 1413 1162 1472 conﬁrmationem
1207 1429 1400 1469 eorum
1453 1430 1574 1484 quae
1611 1405 1973 1485 scripsimus,

289 1504 292 1508 ’
385 1524 519 1580 rogo
565 1508 828 1562 lectorem
855 1547 870 1570 ,
925 1516 988 1560 ut
1019 1507 1270 1560 advertat
1300 1506 1543 1560 animum
1579 1525 1591 1560 :
1626 1509 1952 1578 prudentem

2057 521 2451 594 χειραγωγοῖτε
2499 519 2626 582 τοὺς
2681 517 3109 586 ἁπλουστέρους,
3141 516 3236 568 ἐπὶ
3265 514 3368 584 τὴν
3398 514 3488 568 διὰ
3510 513 3638 568 τού·
3697 551 3704 554 -

2057 630 2165 668 των
2201 611 2640 682 ἀναφαινομένην
2670 612 2727 663 ὲν
2772 610 2884 672 τοῖς
2933 607 3108 676 ἁγίοις
3163 606 3441 676 Πατράσιν
3495 606 3637 658 εἱλι-

2057 707 2215 777 κρινῆ
2257 705 2350 758 καὶ
2384 701 2630 774 καθαρὰν
2663 701 2760 771 τῆς
2799 699 3056 770 ἀληθείας
3089 697 3286 767 αὐγὴν,
3333 697 3428 750 καὶ
3473 696 3638 768 ἡμῶν

2055 784 2446 867 ύπερεύχεσθε,
2471 793 2538 848 δι’
2571 789 2808 863 ἀγάπην,
2836 789 2910 853 ὡς
2933 789 2992 842 τδ
3053 789 3290 854 συνειδὸς
3339 791 3634 859 μαρτυρεῖ,

2055 887 2227 942 ταῦτα
2250 881 2578 954 συγγράψαι,
2601 883 2698 937 καὶ
2733 882 2886 952 παρά
2947 879 3271 952 προαίρεσιν
3321 879 3668 961 ἀνασχομέη

2057 997 2185 1034 νων.
2223 979 2314 1048 Τῳ
2344 979 2401 1030 δὲ
2430 975 2550 1045 Θεῷ
2571 971 2892 1044 εὐχαριστία
2925 969 3067 1042 ὑπὲρ
3104 970 3282 1038 πάσης
3303 969 3406 1040 ,τῆς
3434 970 3492 1021 ὲν
3519 970 3636 1022 πᾶ-

2059 1087 2144 1138 σιιν
2167 1066 2331 1122 αὐτοῦ
2353 1066 2581 1138 δωρεᾶς,
2603 1066 2682 1127 είς
2706 1064 2829 1125 τοὺς
2860 1060 3085 1122 αἰῶνας.
3120 1061 3318 1130 Ἀμήν.

2091 1199 2472 1254 ΠΡΟΟΙΜΙΟΝ
2502 1194 2985 1251 ΧΡΗΣΕΩΝΊὩΝ
3024 1193 3231 1246 ΑΓΙΩΝ
3272 1183 3612 1248 ΠΑΤΕΡΩΝ.

2123 1330 2344 1384 Μέλλων
2395 1329 2493 1392 τὰς
2549 1329 2772 1398 χρήσεις
2828 1304 3228 1398 παρατίθεσθαι
3289 1325 3397 1378 τῶν
3453 1306 3664 1394 ἀγίων²

2055 1421 2312 1491 Πατέρων
2343 1420 2481 1491 πρὸς
2503 1419 2797 1489 βεϐαίωσιν
2821 1418 2930 1471 τῶν
2955 1417 3242 1488 ἡμετέρων
3275 1416 3470 1486 λόγων,
3503 1418 3632 1469 ἐπι-

2057 1514 2249 1582 στῆσαι
2277 1511 2368 1564 τὸν
2392 1511 2524 1582 ,νοῦν
2553 1511 2644 1564 τὸν
2695 1510 3094 1580 ἐντυγχάνοντα
3119 1509 3422 1580 παρακαλῶ
3444 1525 3458 1540 ·
3504 1527 3633 1562 συνο

383 1601 532 1655 enim
559 1589 865 1653 auditorem
898 1596 1132 1664 requirit
1167 1597 1420 1652 doctrina
1459 1613 1673 1662 eorum,
1709 1601 1805 1669 qui
1833 1601 1954 1655 fue-

2063 1602 2176 1654 ετοῦ
2201 1601 2310 1672 γὰρ
2323 1601 2492 1654 δεῖται
2514 1591 2787 1670 ἀκροατοῦ
2811 1601 2844 1669 ἡ
2864 1598 2972 1650 τῶν
2995 1597 3326 1668 θαυμαστῶν
3345 1598 3438 1652 τοῦ
3459 1599 3636 1652 Ilvati-

385 1697 514 1742 runt
538 1689 893 1743 admirabiles
921 1688 1157 1758 Spiritus
1201 1689 1374 1743 sancti
1414 1689 1734 1744 consiliarii.
1769 1691 1952 1746 Labo-

2063 1710 2224 1764 ματος
2247 1691 2568 1762 συμϐούλων
2596 1691 2898 1753 παίδευσις.
2928 1691 3144 1760 Κάμνει
3174 1689 3282 1760 γὰρ
3309 1689 3464 1758 λόγος
3495 1691 3634 1770 ἀκρ-

384 1784 470 1830 rat
497 1776 643 1832 enim
664 1769 867 1841 sermo,
895 1776 1124 1831 auribus
1148 1777 1437 1846 imperitia:
1463 1778 1720 1834 sordibus
1739 1781 1954 1835 onustis

2063 1761 2142 1846 αῖς
2166 1761 2373 1853 ἐνηχῶν
2411 1781 2774 1844 ἀπαιδευσίας
2805 1780 2962 1853 ῥύπῳ
3009 1779 3428 1852 βεϐαρημέναις.
3479 1761 3631 1833 '00:-

381 1876 662 1937 exceptus.
695 1867 840 1922 Sicut
879 1867 1072 1922 monile
1097 1885 1338 1934 aureum,
1383 1869 1460 1922 ait
1493 1857 1714 1938 sapiens
1736 1863 1798 1925 in
1819 1871 1954 1926 Pro-

381 1959 610 2026 verbiis,
627 1968 676 2014 et
697 1959 934 2014 sardium
965 1961 1145 2030 magni
1173 1961 1326 2030 pretii
1349 1959 1654 2031 alligatum,
1679 1962 1755 2014 sic
1784 1948 1982 2017 sermo.

381 2051 592 2118 sapiens
621 2049 677 2102 in
705 2048 922 2102 auribus
951 2049 1078 2102 bene
1109 2035 1441 2102 audientium
1469 2049 1512 2103 ⁸.
1545 2049 1808 2104 Auditum
1856 2051 1959 2122 igi-

383 2145 475 2191 tur
496 2143 747 2192 nostrum
782 2137 1085 2192 secundum
1129 2153 1349 2196 sensum
1382 2137 1632 2193 divinum
1657 2181 1672 2206 ,
1698 2155 1957 2212 repurge-

381 2243 506 2282 mus
531 2228 601 2282 ab
643 2229 791 2282 omni
839 2242 1006 2282 onere
1054 2244 1123 2282 ex
1153 2229 1546 2298 anticipatione
1577 2229 1814 2307 conﬂato
1837 2271 1853 2298 ,
1900 2240 1957 2287 et

383 2309 856 2372 mentem-surdam
877 2319 1164 2374 reddente.
1179 2319 1299 2374 Jam
1316 2315 1462 2374 enim
1482 2321 1685 2374 nubem
1709 2323 1964 2389 testium,

383 2409 528 2464 sicut
557 2409 852 2478 Apostolus
903 2409 980 2464 ait
1007 2411 1049 2474 ⁸,
1085 2411 1477 2480 producemus.
1522 2411 1580 2467 Si
1619 2413 1758 2468 forte
1788 2415 1956 2470 tantis

383 2499 583 2556 cedant
602 2501 694 2568 qui
716 2509 1041 2570 repugnant.
1077 2500 1362 2571 Siquidem
1394 2513 1622 2572 propter
1651 2495 1965 2570 contentio:

383 2605 512 2646 nem
541 2606 573 2644 a
605 2592 909 2662 majoribus
943 2607 1134 2652 eorum
1175 2594 1432 2648 traditam
1469 2610 1578 2648 non
1599 2596 1959 2665 produximus

383 2683 767 2738 auctoritatem
807 2684 1272 2757 ambigua-want
1311 2701 1432 2753 quae
1459 2685 1755 2756 dupliciter
1782 2676 1981 2758 accipi-

383 2781 591 2840 posset,
623 2788 727 2828 nec
753 2768 1020 2844 ignobiles
1055 2775 1246 2829 Patres
1277 2783 1448 2830 testes
1473 2777 1769 2831 citavimus
1793 2819 1806 2842 ,
1861 2779 1957 2834 sed

383 2861 572 2928 potius
605 2861 964 2928 clarissimos,
1007 2872 1062 2918 et
1103 2865 1197 2934 qui
1249 2864 1474 2920 fuerunt
1517 2867 1959 2936 splendidissima

383 2949 539 3003 orbis
564 2951 772 3005 lumina
795 2951 862 3006 ad
889 2951 1185 3008 dicendum
1214 2954 1588 3008 testimonium
1620 2958 1954 3012 vocavimus.

385 3037 861 3110 Produximusque
890 3040 1208 3096 testimonia
1237 3041 1718 3110 manifestissima,
1765 3053 1822 3098 et
1857 3045 1960 3098 mi-

384 3129 764 3196 nimedubia;
792 3139 852 3186 ut
899 3147 1117 3212 omnem
1144 3148 1350 3210 eorum
1385 3133 1648 3188 adversus
1669 3135 1974 3192 veritatem-

383 3222 846 3293 excogitationem
873 3225 1315 3282 excluderem‘us.
1351 3225 1470 3280 Non
1497 3227 1850 3284 rceitavimus
1876 3237 1958 3284 te-

385 3313 662 3378 stimonia,
699 3314 752 3368 in
777 3316 978 3384 quibus
999 3324 1106 3382 est,
1155 3332 1222 3371 ex
1253 3316 1456 3386 quibus
1497 3324 1554 3372 et
1582 3333 1613 3370 a
1649 3319 1872 3388 quibus,
1902 3326 1960 3374 et

383 3403 454 3460 de
483 3405 688 3475 quibus
729 3405 972 3474 (scilicet
997 3406 1246 3476 naturis)
1295 3414 1352 3462 et
1395 3420 1524 3463 ante
1556 3407 1816 3464 unionem
1842 3449 1856 3474 ,
1899 3416 1960 3462 ut

383 3495 522 3563 ipsis
557 3497 737 3566 placet
783 3513 981 3552 vocare
1007 3539 1022 3563 ,
1076 3506 1171 3552 aut
1207 3498 1265 3552 in
1297 3497 1524 3566 unione,
1569 3509 1626 3552 et
1655 3515 1764 3553 non
1790 3500 1958 3554 etiam

383 3594 509 3655 post
532 3585 830 3653 unionem;
863 3588 1137 3657 siquidem
1153 3594 1256 3644 ‘est
1282 3587 1586 3644 secundum
1633 3589 1958 3658 sapientiam

383 3674 612 3730 istorum
643 3677 768 3732 ﬁnis
809 3679 972 3749 hujus
1013 3681 1234 3735 unionis
1261 3698 1274 3734 :
1299 3679 1397 3735 sed
1439 3679 1805 3736 indicavimus
1837 3697 1962 3736 san-

383 3770 523 3828 ctos,
563 3765 656 3834 qui
681 3765 737 3820 in
775 3766 1108 3822 testimoniis
1137 3769 1256 3824 suis
1283 3768 1547 3824 dixerunt
1575 3769 1630 3823 in
1652 3771 1872 3840 quibus,
1903 3781 1960 3826 et

287 3877 307 3884 -
382 3870 484 3925 per
514 3871 670 3926 quas,
695 3865 751 3911 et
771 3865 1055 3926 utrasque,
1088 3867 1144 3912 et
1164 3875 1262 3928 per
1291 3860 1502 3924 ambas,
1535 3869 1592 3915 et
1625 3860 1817 3915 ambas
1863 3877 1961 3915 na-

386 3955 572 4011 turas,
621 3955 678 4003 et
711 3949 1048 4005 substantias
1075 3951 1439 4016 exsistentes,
1501 3959 1557 4007 et
1601 3961 1850 4008 servatas
1903 3953 1958 4007 in

383 4037 610 4099 unione,
628 4045 684 4092 et
699 4037 756 4091 in
776 4045 995 4107 tempus
1009 4038 1282 4092 infinitum
1303 4039 1670 4095 indivisibiles
1684 4040 1739 4094 in
1759 4041 1961 4096 unione

383 4125 688 4181 secundum
723 4128 1084 4184 substantiam
1122 4130 1486 4201 hypostatica.

453 4242 510 4297 Si
543 4242 886 4314 quis'autem
918 4242 1114 4298 horum
1151 4243 1560 4299 multitudinem
1593 4245 1681 4300 vel
1718 4246 1962 4300 auctori-

385 4341 552 4388 tatem
581 4349 945 4404 personarum
971 4375 986 4400 ,
1025 4335 1168 4390 sicut
1212 4335 1304 4390 ille
1332 4335 1568 4406 impius,
1611 4351 1778 4406 quem
1813 4335 1963 4391 Scri—

2057 1889 2172 1938 περ
2211 1871 2320 1941 γὰρ
2342 1869 2606 1924 erebum"
2617 1869 2911 1939 χρυσοῦν,
2941 1870 3041 1923 καὶ
3081 1869 3336 1938 σάρδιον
3376 1873 3647 1924 πολυτεο·

2055 1963 2159 2029 λὲς
2177 1963 2497 2027 ἐνδέδεται,
2513 1962 2667 2015 οὕτω
2689 1962 2872 2027 λόγος
2897 1961 3090 2030 σοφὸς
3113 1963 3202 2026 είς
3217 1956 3327 2026 οὖς
3343 1960 3628 2026 εὐήκοον,

2055 2055 2088 2122 ἡ
2117 2052 2254 2122 σοφὴ
2289 2051 2668 2122 ἀπεφθέγξατο
2713 2049 3010 2122 Παροιμία.
3032 2049 3240 2104 Οὐκοῦν
3273 2051 3334 2102 τὸ
3358 2050 3498 2102 κατά
3529 2051 3632 2120 τὴν

2057 2142 2207 2194 θείαν
2237 2140 2489 2209 αἴσθησιν
2517 2127 2840 2208 ἀκουστικὸν
2856 2139 3042 2210 δὴμῶν,
3071 2140 3272 2202 παντὸς
3303 2138 3634 2212 ὲκκαθάρω-

2060 2247 2158 2300 μεν
2187 2229 2385 2300 ἄχθους
2440 2228 2534 2282 τοῦ
2587 2231 2652 2282 ὲκ
2693 2227 3016 2299 προλήψεως
3064 2231 3474 2300 συνισταμένου,
3533 2231 3633 2283 καὶ

2057 2319 2476 2388 ἀποκωφοῦντος
2503 2319 2593 2373 τὸν
2621 2317 2750 2372 νοῦν
2781 2335 2796 2351 ο
2831 2319 2932 2390 ἤδη
2966 2319 3023 2372 δὲ
3068 2319 3130 2372 τὸ
3179 2320 3288 2375 τῶν
3336 2321 3631 2393 μαρτύρων

2057 2411 2234 2480 νέφος,
2259 2404 2475 2484 ᾗφησιν
2503 2411 2533 2462 ὁ
2579 2408 2924 2472 Ἀπὸστολος,
2949 2409 3262 2479 ἐποίσομεν,
3291 2410 3358 2466 ἂν
3384 2412 3492 2482 ἄρα
3527 2413 3631 2465 κάν

2056 2504 2168 2564 τοῖς
2191 2500 2530 2571 τηλικούτοις
2569 2499 2788 2578 εἴξωσιν
2837 2501 2887 2552 οἱ
2933 2499 3308 2565 ἀπειθοῦντες.
3359 2503 3470 2556 Καὶ
3521 2505 3634 2576 γὰρ

2056 2593 2155 2662 τῆς
2187 2590 2364 2644 αὐτῶν
2396 2591 2877 2664 πατροπαραδότου
2907 2592 3240 2663 φιλονεικίας
3267 2593 3474 2659 ἕνεκεν,
3507 2593 3632 2647 οὔτε

2057 2683 2393 2754 διλήμματον
2427 2684 2460 2753 ἡ
2495 2682 2797 2752 ἀμφίϐολον
2835 2685 3033 2754 χρῆσιν
3059 2685 3475 2756 παρηγάγομεν,
3507 2684 3632 2738 οὔτε

2061 2777 2169 2848 μὴν
2198 2775 2570 2846 ἀσημοτέρους
2601 2775 2848 2846 Πατέρας
2874 2777 3395 2848 έπεμαρτυράμεθα.
3424 2777 3635 2840 Αὐτοὺς

2059 2867 2114 2920 δὲ
2138 2866 2264 2930 τοὺς
2297 2866 2651 2938 φανοτάτους,
2675 2865 2774 2918 καὶ
2810 2865 2954 2938 μέγα
2990 2869 3048 2920 ὲν
3077 2870 3140 2937 τῇ
3176 2868 3467 2938 οίκουμένῃ
3492 2869 3634 2938 λάμ-

2057 2959 2266 3029 ψαντας
2298 2957 2741 3030 ὲπεϐοησάμεθα,
2776 2957 2868 3010 καὶ
2881 2957 3240 3027 ⁴τρανωτάτιις
3259 2955 3354 3009 καὶ
3382 2959 3628 3026 ἀναμφι-

2059 3050 2285 3115 λέκτους
2321 3049 2621 3120 μαρτυρίας
2655 3047 3146 3120 ”εί-σκεκομίκαμεν,
3203 3047 3384 3100 πᾶσαν
3439 3045 3624 3108 αὐτοῖς

2058 3141 2443 3204 ἀποκλείοντες
2475 3141 2618 3194 κατά
2644 3139 2745 3209 τῆς
2765 3138 3014 3210 ἀληθείας
3039 3138 3300 3190 ἐπίνοιαν.
3333 3137 3407 3190 Οὐ
3441 3136 3538 3199 τὰς
3561 3137 3622 3200 ἐξ

2055 3227 2130 3286 ὧν
2162 3233 2196 3304 ἢ
2229 3235 2323 3303 ἀφ’
2351 3227 2426 3287 ὧν
2458 3232 2490 3300 ἢ
2529 3233 2658 3302 παρ’
2703 3225 2799 3296 ὧν,
2833 3229 2928 3284 κιιύ⁹
2959 3229 3066 3300 πρὸ
3099 3229 3194 3300 τῆς
3243 3226 3505 3292 ὲνὼσεως,
3551 3227 3626 3289 ὡς

2058 3324 2240 3387 αὐτοῖς
2275 3322 2426 3392 φίλον
2459 3323 2662 3387 καλεῖν,
2692 3321 2726 3392 ἢ
2756 3323 2814 3374 ὲν
2860 3322 2927 3390 τῇ
2985 3317 3196 3383 ὲνώσει,
3235 3317 3330 3370 καὶ
3371 3316 3493 3386 οὐχὶ
3537 3317 3635 3370 καὶ

2061 3414 2200 3485 μετὰ
2225 3395 2322 3486 τὴν
2345 3413 2540 3490 ἕνωσιν
2574 3429 2588 3443 ο
2623 3412 2784 3484 εἴπερ
2842 3410 2964 3464 ἐστὶ
2999 3409 3140 3462 κατὰ
3175 3409 3274 3478 τὴν
3304 3395 3498 3462 ἀὐτῶν
3545 3423 3635 3460 σο-

2059 3505 2186 3576 φίαν
2223 3505 2427 3576 ταύτης
2465 3505 2639 3578 τέλος,
2669 3502 2805 3557 ἀλλά
2839 3503 2938 3565 τὰς
2964 3504 3023 3554 ἐν
3051 3496 3154 3564 οἷς,
3181 3501 3275 3554 καὶ
3311 3499 3376 3552 δι’
3412 3491 3511 3562 ὧν,
3531 3499 3639 3568 ἀμ-

2059 3597 2293 3668 φοτέρας
2324 3613 2384 3650 τε
2410 3599 2506 3648 καὶ
2531 3594 2598 3648 δι’
2629 3595 2836 3664 ἀμφοῖν
2865 3593 2964 3646 καὶ
2991 3595 3178 3663 ἄμφω,
3208 3590 3399 3660 φύσεις
3435 3605 3494 3642 τε
3544 3588 3640 3640 καὶ

2057 3688 2269 3754 οὐσίας,
2289 3685 2457 3750 οὖσας
2486 3701 2544 3739 τε
2578 3687 2671 3740 καὶ
2705 3685 3116 3754 φυλαττομένας
3148 3681 3204 3735 ἕν
3234 3698 3294 3734 τε
3325 3682 3392 3751 τῇ
3423 3678 3636 3740 ένώσει,

2059 3779 2153 3834 καὶ
2201 3781 2280 3842 εἰς
2327 3777 2553 3848 ἄπειρον
2604 3776 2942 3846 ἁδιαιρέτους
2979 3789 2994 3804 ·
3052 3775 3112 3826 έν
3164 3775 3228 3843 τῇ
3282 3772 3400 3824 κατ’
3445 3770 3636 3823 οὐσίαν

2061 3869 2402 3938 ὑποστατικῇ
2444 3866 2660 3932 ένώσει,
2723 3864 3081 3934 ὑπεφήναμεν
3125 3863 3252 3926 τοὺς
3303 3859 3490 3930 ἁγίους
3532 3875 3636 3910 κα-

2060 3961 2477 4031 ταγγείλαντας.

2134 4247 2194 4298 Ei
2247 4245 2302 4297 δέ
2346 4259 2429 4306 τις
2457 4240 2518 4294 τὸ
2545 4239 2750 4293 τούτων
2791 4235 3014 4300 πλῆθος,
3039 4233 3072 4305 ἦ
3097 4233 3202 4286 τῶν
3237 4231 3542 4302 προσώπων
3573 4230 3642 4282 τὸ

2063 4337 2394 4402 ἀξιόπιστον,
2419 4333 2560 4388 κατά
2576 4329 2668 4384 τὸν
2681 4331 2740 4384 ὲν
2759 4331 2826 4400 τῇ
2855 4329 3044 4397 Γραφῇ
3077 4325 3249 4394 ἀσεϐῆ
3271 4325 3372 4378 οὐκ
3410 4323 3641 4376 αἰδεῖται

383 4431 547 4491 ptura
583 4421 718 4476 dicit
741 4424 785 4488 ⁷,
813 4439 925 4478 non
954 4433 1278 4490 reveretur;
1302 4425 1380 4480 ait
1402 4428 1550 4480 enim
1574 4443 1586 4479 :
1613 4425 1818 4494 Impius
1844 4435 1946 4490 est,

2063 4425 2302 4504 [Ἀσεϐὴς
2321 4424 2449 4496 γὰρ,
2465 4420 2723 4495 φησὶν,ὃς
2738 4421 2840 4474 οὐκ
2853 4418 3050 4491 ᾐδέσθη
3067 4416 3359 4486 πρόσωπον
3375 4412 3640 4484 ἐντίμου),

383 4513 478 4582 qui
506 4529 617 4568 non
651 4525 936 4570 reveretur
961 4531 1254 4585 personam
1284 4516 1541 4572 honorati
1572 4536 1584 4570 :
1619 4516 1734 4586 ipse
1770 4526 1953 4572 autem

385 4601 600 4672 ignotas
625 4605 984 4660 auctoritates
1008 4645 1022 4671 ,
1066 4614 1122 4660 et
1153 4622 1264 4660 non
1319 4607 1404 4661 vel
1449 4623 1514 4661 ex
1549 4609 1682 4677 ipsis
1708 4609 1958 4681 c0gnitas

384 4695 470 4749 vel
503 4710 568 4750 ex
607 4697 748 4761 aliis,
787 4697 873 4752 his
907 4699 1113 4753 nostris
1161 4699 1470 4754 contrarias
1523 4700 1804 4768 producit,
1862 4702 1958 4758 de-

387 4800 652 4846 monstret
683 4791 838 4861 prius
869 4807 980 4847 non
1014 4809 1136 4848 esse
1178 4794 1400 4848 illorum
1449 4795 1549 4850 has
1580 4807 1800 4851 nostras
1825 4838 1842 4862 ,
1903 4807 1960 4854 et

379 4878 467 4938 sic
500 4882 636 4938 istas
683 4885 1033 4954 recipiemus.
1071 4886 1324 4952 Quandiu
1375 4888 1520 4943 enim
1566 4888 1651 4942 hae
1689 4890 1823 4944 satis
1864 4889 1960 4945 ﬁr-

383 4969 590 5028 mitatis
645 4973 883 5040 habent,
940 4984 1166 5045 propter
1197 4977 1548 5046 splendorem
1591 4975 1858 5030 librorum
1904 4987 1962 5034 et

383 5073 612 5134 prepter
641 5064 984 5122 nobilitatem
1016 5067 1258 5132 Patrum,
1309 5067 1433 5120 illas
1457 5067 1544 5121 vel
1575 5082 1687 5120 non
1723 5067 1958 5136 recipie-

355 5147 371 5178 ί
388 5171 512 5210 mus
533 5172 565 5211 a
595 5155 890 5226 principio,
917 5173 1041 5212 cum
1063 5158 1152 5212 his
1175 5164 1486 5228 pugnantes
1509 5157 1626 5211 :vel
1651 5157 1696 5212 si
1729 5159 1961 5228 recipia-

385 5263 548 5313 mus,
599 5255 861 5316 tanquam
917 5264 1042 5303 cum
1095 5249 1182 5304 his
1234 5247 1674 5314 consentientes,
1721 5259 1781 5304 et
1809 5249 1960 5304 nullo

387 5337 554 5395 modo
593 5325 1571 5422 discrepantes‘recipiemuskConari
1613 5339 1761 5396 enim
1807 5341 1963 5396 theo-

388 5432 543 5504 logos
583 5431 653 5488 ad
685 5432 1180 5487 contradictionem
1213 5433 1486 5489 adducere
1511 5475 1526 5500 ,
1559 5443 1616 5490 et
1638 5433 1820 5489 dicere
1842 5449 1872 5488 a
1903 5449 1962 5490 se

389 5523 526 5596 ipsis
570 5523 886 5588 dissentire,
934 5524 1022 5578 hic
1066 5533 1296 5580 conatus
1333 5532 1622 5594 susceptus
1648 5534 1703 5579 et
1733 5525 1838 5580 hoc
1871 5539 1962 5580 ne-

2057 4523 2305 4592 ἀσήμους
2334 4517 2392 4571 δὲ
2446 4517 2540 4570 καὶ
2563 4515 2663 4568 οὐκ
2683 4511 3056 4582 ὲγνωσμένας,
3080 4507 3156 4571 ὡς
3182 4507 3242 4570 ὲξ
3262 4506 3438 4592 αὐτῶν
3461 4507 3493 4574 ἡ
3517 4506 3642 4556 ἐτέ-

2061 4574 2190 4688 ρων,
2213 4610 2426 4670 τούτοις
2455 4605 2706 4669 ἐναντίας
2760 4603 2982 4674 χρήσεις
3018 4597 3370 4688 προκομίζοι,
3407 4574 3646 4662 δειξάτω

2059 4687 2298 4774 πρῶτον,
2331 4703 2412 4755 ὅτι
2449 4699 2522 4769 μὴ
2553 4689 2714 4751 αὗται
2739 4693 2964 4748 ἐκείνων
2981 4687 3140 4745 οὖσαι
3169 4689 3521 4759 τυγχάνουσι,
3543 4687 3644 4740 καὶ

2059 4795 2232 4858 οὓτως
2256 4793 2468 4854 ὲκείνας
2499 4786 2813 4857 δεξαίμεθα.
2847 4785 2988 4848 Ἕως
3024 4782 3070 4834 δ’
3100 4780 3166 4835 ἂν
3197 4775 3356 4835 αὗται
3385 4777 3446 4831 τὸ
3487 4781 3645 4848 ἰσχυ-

2063 4888 2155 4960 ρὸν
2191 4885 2398 4956 ἔχουσι,
2425 4883 2492 4952 τῇ
2521 4897 2580 4934 τε
2625 4879 2734 4930 τῶν
2795 4873 3190 4944 συνταγμάτων
3243 4869 3592 4942 λαμπρότητι
3622 4911 3644 4938 ,

2061 4979 2155 5032 καὶ
2193 4973 2520 5047 περιφανείᾳ
2543 4973 2610 5042 τῇ
2635 4969 2743 5023 τῶν
2765 4968 3048 5038 Πατέρων,
3079 4963 3296 5027 ὲκείνας
3341 4962 3375 5033 ἦ
3420 4963 3480 5015 οὺ
3538 4979 3646 5013 πα-

2071 5065 2432 5140 ραδεξαίμεοα
2450 5063 2547 5134 τὴν
2565 5059 2762 5134 ἀρχὴν,
2787 5057 2931 5112 κατὰ
2950 5055 3156 5109 τούτων
3179 5051 3641 5122 στρατευομένας·

2065 5157 2098 5229 ἦ
2129 5157 2432 5226 δεξάμενοι,
2465 5153 2542 5216 ὼς
2575 5153 2868 5222 σύμφωνον
2886 5147 3097 5208 τούτοις
3124 5143 3352 5215 ἐχούσας
3380 5142 3640 5204 διάνοιαν,

2069 5252 2164 5303 καὶ
2189 5247 2310 5301 κατ’
2343 5246 2497 5300 οὐδὲν
2533 5243 2846 5316 μαχομένας
2876 5235 3243 5308 ὲκδεξώμεθα.
3293 5233 3366 5286 Τὸ
3405 5232 3515 5302 γὰρ
3559 5234 3643 5294 εἰς

2066 5341 2353 5410 ἀντίφασιν
2379 5338 2672 5409 πειρᾶσθαι
2700 5336 2828 5398 τοὺς
2860 5331 3143 5400 θεολόγους
3164 5328 3337 5396 ἄγειν,
3359 5326 3450 5380 καὶ
3465 5327 3646 5392 ἀσυμ-

2069 5432 2278 5502 φώνους
2313 5429 2497 5498 σφίσιν
2528 5429 2726 5491 αὐτοὺς
2773 5421 3100 5494 γεγενῆσθαι
3143 5419 3362 5488 λέγειν·
3403 5416 3463 5468 οὐ
3519 5413 3645 5468 καθ’

2069 5523 2224 5593 ⁹ἡμῶν
2265 5523 2380 5576 ἐστι
2426 5523 2486 5576 τὸ
2533 5519 2875 5591 ἐγχείρημαο
2913 5513 3055 5569 κατά
3083 5511 3141 5566 δὲ
3178 5509 3276 5581 τῆς
3309 5505 3532 5562 ἐκείνων
3556 5503 3646 5556 δό-

465 5725 486 5756 ⁵
513 5724 675 5780 Prov.
714 5741 836 5792 xxv,
870 5726 934 5780 l9.
959 5740 1072 5780 sec.
1104 5722 1262 5780 LXX.
1308 5724 1327 5752 "
1355 5721 1528 5778 Hebr.
1565 5738 1656 5791 xu,
1693 5723 1742 5778 l.
1803 5724 1821 5755 ⁷
1873 5721 2003 5792 Sap.
2035 5737 2115 5787 τι,
2157 5719 2242 5776 10.
