3954 6148
315 348 450 418 1309
463 355 466 360 ’

1361 351 1660 414 CONTRA
1697 351 2017 416 NESTOR.
2058 355 2155 416 ET
2196 357 2517 422 EUTYCH.

3408 342 3541 426 1310

311 457 431 528 ξης.
461 455 662 526 μᾶλλον
689 454 746 510 δὲ
776 454 877 525 τῆς
912 455 1006 509 τοῦ
1044 454 1278 520 Παύλου,
1334 458 1428 510 καὶ
1471 456 1588 510 ἐστι
1633 457 1736 526 τῆς
1780 455 1876 511 τοῦ

1985 461 2186 531 gotium
2218 480 2331 520 non
2351 476 2438 524 est
2476 476 2669 524 contra
2695 484 2818 537 nos,
2851 469 2944 526 sed
2971 477 3164 527 contra
3187 470 3403 526 illorum
3425 477 3544 545 glo-

201 550 212 556 ’
312 549 468 617 ἁγίου
497 550 817 618 Πνεύματος
847 547 1155 614 αὐθεντίας,
1201 551 1298 603 καὶ
1333 549 1430 604 τοῦ
1486 551 1544 604 ἑν
1596 548 1744 621 αύτῷ
1789 548 1882 604 λα-

309 633 528 698 λοῦντος
557 634 816 706 Χριστοῦ.
851 635 1006 688 Μετὰ
1064 636 1172 707 γὰρ
1228 638 1354 701 τοὺς
1408 636 1738 700 ἀποστόλους
1787 637 1882 691 καὶ

309 727 435 788 τοὺς
475 727 782 796 προφήτας,
833 727 890 778 έν
919 728 986 796 τῇ
1034 724 1331 800 Ἐκκλησία
1353 729 1478 790 τοὺς
1505 727 1878 793 διδασκάλους,

307 817 452 872 κατὰ
483 819 583 889 τὴν
615 816 1016 888 ἀνεξιχνίαστον
1043 818 1136 870 τοῦ
1190 819 1503 888 Πνεύματος
1543 809 1878 889 οἰκονομίαν,

307 907 549 962 τέθεικεν
581 909 608 960 ὁ
635 908 787 973 Θεὸς,
817 909 895 970 εἰς
923 908 1082 978 ἔργον
1123 909 1446 976 διακονοίας,
1475 909 1554 972 είς
1585 908 1880 980 οἰκοδομὴν

307 999 401 1053 τοῦ
437 1000 685 1070 σώματος
728 1001 822 1054 τοῦ
852 1001 1109 1070 Χριστοῦ.
1143 1001 1350 1054 Ούκοῦν
1395 1003 1424 1054 ὁ
1478 1001 1602 1064 τοὺς
1635 1002 1880 1072 Πατέρας

312 1089 388 1160 μὴ
421 1089 708 1158 δεχόμενος
738 1091 866 1153 τοὺς
889 1091 1165 1160 διαφανεῖς
1201 1107 1260 1144 τε
1307 1091 1402 1144 καὶ
1430 1091 1490 1143 ὲν
1527 1093 1593 1162 τῇ
1645 1090 1877 1161 Ἐκκλη-

312 1179 401 1250 σίᾳ
429 1179 525 1233 τοῦ
556 1180 691 1233 Θεοῦ
719 1182 1099 1252 περιϐοήτους,
1130 1181 1422 1254 προφανῶς
1442 1185 1509 1254 τῇ
1529 1182 1757 1254 διαταγῇ
1785 1181 1878 1235 τοῦ

310 1269 445 1324 Θεοῦ
475 1271 832 1340 ἀνθέστηκεν.
1481 1323 1488 1329 .

386 1360 452 1414 Τί
509 1361 688 1414 τοίνυν
747 1362 994 1432 διαφέρει
1059 1363 1216 1432 οὐσία
1282 1363 1654 1426 ὑποστάσεως,
1713 1362 1881 1434 ἤγουν

313 1452 476 1520 φύσις
501 1453 815 1523 προσώπου,
851 1455 918 1508 ἐκ
948 1445 1072 1506 τῶν
1105 1453 1357 1524 μεγάλων
1403 1456 1725 1524 φωστήρων,
1774 1453 1882 1506 Βα-

313 1543 518 1598 σιλείου
542 1562 603 1598 τε
637 1545 732 1598 καὶ
760 1546 798 1597 Γ
803 1546 1083 1616 ρηγορίου,
1135 1545 1329 1615 μαθεῖν
1393 1545 1598 1610 ἔξεστιν
1631 1562 1646 1578 ο
1682 1545 1880 1606 οἵτινες

308 1635 413 1687 ὑπὸ
447 1635 648 1689 κανόνα
707 1637 801 1690 καὶ
845 1637 969 1706 ὅρον
1009 1637 1077 1690 τὰ
1118 1637 1214 1689 νῦν
1258 1639 1390 1708 ἡμῖν
1432 1635 1738 1706 ζητούμενα
1781 1635 1876 1688 άνο

308 1727 538 1794 ήγαγον,
573 1726 760 1796 σαφῶς
785 1727 1115 1792 διδάξαντες,
1143 1727 1196 1778 τί
1225 1729 1324 1798 μὲν
1367 1727 1545 1788 οὐσία,
1570 1727 1623 1778 τί
1659 1727 1716 1779 δὲ
1747 1726 1881 1778 ὑπό-

310 1835 520 1882 στασις,
558 1820 654 1872 καὶ
685 1819 761 1883 ὠς
799 1819 963 1888 φύσις
984 1821 1176 1873 ταυτόν
1207 1821 1323 1882 ἐστι
1346 1823 1414 1899 τῇ
1437 1821 1615 1890 οὐσίᾳ,
1639 1818 1878 1872 ὑπόστα-

309 1911 393 1974 σις
434 1927 494 1964 τε
552 1910 630 1982 τῷ
689 1911 991 1983 προσώπῳ,
1049 1912 1144 1964 καὶ
1207 1911 1344 1977 πῶς,
1385 1911 1480 1964 καὶ
1529 1912 1668 1966 κατά
1718 1927 1878 1964 τινων

307 2001 481 2055 ταῦτα
539 2002 779 2072 λέγεται,
822 2003 923 2066 τάς
970 2021 1029 2056 τε
1055 2002 1398 2074 άντωνυμίας
1425 2003 1626 2066 αὐτῶν,
1662 2001 1755 2055 καὶ
1781 2003 1878 2070 τὴν

308 2091 685 2163 ἀντεμπλοκὴν
746 2091 981 2162 ἔμπαλιν
1033 2091 1265 2162 ἐχούσης
1315 2091 1416 2159 τῆς
1471 2089 1746 2160 θεολογίας
1807 2091 1874 2160 τῇ

307 2183 611 2254 οἰκονομίᾳ,
647 2185 790 2236 κατὰ
813 2182 911 2252 τὴν
949 2181 1057 2234 τῶν
1086 2183 1366 2252 ὀνομάτων
1397 2180 1600 2234 τούτων
1657 2179 1878 2244 ὲπίζευ-

312 2273 392 2338 ξίν
433 2289 492 2326 τε
522 2273 620 2325 καὶ
667 2273 1006 2342 ὑπαλλαγὴν.
1052 2271 1207 2325 Μετὰ
1251 2271 1309 2324 δὲ
1368 2269 1465 2340 τὴν
1517 2269 1720 2322 τούτων
1774 2285 1878 2320 πα-

313 2363 554 2434 ράθεσιν,
594 2364 688 2416 καὶ
734 2364 863 2426 τοὺς
912 2362 1103 2425 ἄλλους
1139 2363 1316 2434 ἱεροὺς
1345 2360 1694 2422 διδασκάλους
1740 2374 1879 2429 παρ-

313 2457 512 2525 άξομεν
575 2456 658 2518 είς
689 2455 851 2526 μέσον
883 2471 898 2486 ο
939 2455 1066 2524 μιᾶς
1109 2470 1212 2506 που
1251 2455 1285 2524 ἡ
1319 2452 1577 2520 δευτέρας
1610 2450 1877 2521 χρήσεως,

309 2549 406 2617 τὴν
441 2549 619 2601 πᾶσαν
647 2549 780 2615 ἡμῖν
805 2545 911 2600 τῶν
943 2544 1216 2613 θεοσόφων
1240 2542 1480 2596 διάνοιαν
1507 2539 1879 2612 παριστώσης.

1982 551 2142 619 riam,
2177 553 2288 609 imo
2321 571 2456 612 vero
2501 567 2693 613 contra
2723 558 2950 614 Paulum
2975 599 2991 626 ,
3025 569 3083 621 et
3128 560 3312 616 adhuc
3357 570 3544 617 contra

1983 643 2220 714 Spiritus
2245 648 2419 703 sancti
2459 649 2841 704 auctoritatem
2867 691 2882 716 ,
2926 657 2984 704 et
3013 649 3287 706 Christum
3342 651 3436 721 qui
3488 650 3542 704 in

1982 732 2153 788 Paulo
2181 735 2532 804 loquebatur;
2558 778 2570 792 .
2601 739 2732 793 Post
2751 741 2900 793 enim
2927 741 3202 810 apostolos
3231 749 3287 795 et
3308 740 3545 811 propheo

1983 831 2066 878 tas
2091 861 2106 887 ,
2139 823 2396 880 doctores
2425 827 2610 897 posuit
2662 829 2718 882 in
2756 829 3000 885 Ecclesia
3051 831 3196 886 Deus
3241 833 3544 900 secundum

1980 914 2382 982 providentiam
2412 916 2650 986 Spiritus
2689 921 2862 974 sancti
2893 921 3402 991 incomprehensam
3426 961 3442 985 ,
3485 921 3543 977 in

1981 1019 2122 1074 opus
2152 1006 2468 1070 ministerii,
2497 1007 2564 1062 ad
2600 1008 3018 1065 aedificationem
3042 1013 3290 1082 corporis
3314 1011 3566 1067 Christi'.

1981 1091 2161 1157 Quare
2183 1095 2276 1164 qui
2305 1096 2496 1151 Patres
2529 1097 2653 1152 illos
2697 1114 2808 1153 non
2839 1101 3037 1168 recipit
3066 1104 3161 1171 qui
3203 1103 3260 1156 in
3299 1102 3543 1158 Ecclesia

1981 1181 2114 1236 clari
2148 1192 2204 1238 et
2243 1185 2491 1241 celebres
2531 1196 2680 1254 sunt,
2706 1188 2868 1258 plane
2896 1189 3228 1245 ordinationi
3257 1199 3315 1246 et
3337 1191 3541 1248 consti-

1981 1273 2181 1330 tutioni
2205 1275 2302 1330 Dei
2327 1277 2553 1332 resistit.

2049 1362 2189 1430 Quid
2217 1380 2348 1439 ergo
2376 1367 2682 1424 substantia
2727 1371 2798 1426 ab
2832 1370 3124 1442 hypostase
3173 1369 3394 1426 diﬂ‘erat
3417 1411 3432 1435 ,
3489 1371 3543 1426 id

1979 1463 2065 1509 est
2093 1464 2288 1511 natura
2337 1472 2368 1512 a
2395 1473 2646 1527 persona,
2684 1476 2753 1516 ex
2786 1461 3324 1532 magnislur‘ninibus
3347 1460 3544 1516 Basilio

1979 1552 2036 1599 et
2060 1545 2324 1616 Gregorio
2360 1547 2489 1601 licet
2507 1547 2756 1615 discere;
2788 1550 2882 1620 qui
2914 1551 3017 1604 sub
3060 1551 3302 1621 regulam
3329 1557 3386 1604 et
3405 1549 3543 1604 deti-

1979 1635 2270 1698 nitionem,
2293 1653 2416 1707 quae
2449 1654 2595 1694 nunc
2625 1641 2924 1710 quaerimus
2965 1641 3339 1704 reduxerunt,
3381 1640 3544 1695 ‘clare

1978 1734 2035 1781 et
2067 1727 2325 1783 distincte
2350 1728 2631 1793 docentes,
2661 1730 2796 1799 quid
2831 1717 3158 1797 substantia,
3200 1740 3257 1786 et
3290 1729 3418 1799 quid
3451 1730 3543 1802 hy-

1979 1819 2234 1888 postasis,
2264 1828 2321 1873 et
2341 1819 2487 1890 quod
2521 1828 2718 1875 natura
2747 1821 2890 1876 idem
2919 1830 3002 1876 est
3039 1822 3184 1892 quod
3215 1822 3539 1885 substantia,

1980 1909 2125 1964 idem
2148 1910 2454 1982 hypostasis
2474 1919 2530 1964 et
2555 1927 2811 1981 persona,
2841 1921 2898 1967 et
2919 1913 3216 1982 quomodo,
3239 1919 3294 1965 et
3320 1912 3389 1966 de
3421 1912 3544 1982 qui-

1979 1999 2082 2054 bus
2115 2000 2233 2054 haec
2257 2000 2538 2054 dicuntur.
2595 2001 2663 2054 Et
2693 2001 2837 2070 quod
2871 2001 3113 2056 Trinitas
3157 2001 3306 2074 (26)
3352 2007 3543 2056 contra

1979 2100 2142 2160 atque
2174 2091 2483 2145 incarnatio
2521 2090 2689 2146 habet
2727 2091 3074 2160 pronomina,
3121 2101 3177 2146 et
3205 2091 3542 2161 complexio-

1980 2198 2104 2236 nem
2134 2181 2434 2236 secundum
2461 2181 2870 2252 adjunctionem
2899 2190 2957 2236 et
2976 2181 3333 2236 variationem
3364 2182 3543 2234 nomi-

1977 2289 2131 2327 num.
2162 2274 2290 2328 Post
2331 2273 2472 2328 hanc
2517 2272 2982 2342 comparationem
3010 2313 3026 2338 ,
3067 2271 3434 2341 producemus
3487 2269 3544 2323 in

1977 2363 2220 2418 medium
2244 2363 2583 2418 alios-sacros
2605 2363 2884 2426 doctores,
2903 2378 3012 2416 una
3035 2371 3131 2417 aut
3161 2363 3330 2417 altera
3356 2368 3546 2414 aucto-

1977 2455 2138 2509 ritate
2161 2455 2416 2518 recitata,
2437 2469 2561 2524 quae
2583 2462 2754 2508 totam
2785 2462 3023 2506 mentem
3049 2463 3362 2507 sanctorum
3385 2448 3547 2504 nobis

1977 2547 2050 2601 ob
2077 2546 2264 2601 oculos
2292 2555 2482 2616 ponat.
2520 2545 2614 2599 Hie
2643 2544 2790 2600 enim
2825 2543 3106 2599 suﬁiciunt
3137 2539 3459 2597 reverentia:
3491 2545 3548 2593 et

323 2641 528 2692 ’ἱκαναὶ
558 2637 665 2709 γὰρ
701 2637 795 2690 καὶ
825 2631 984 2690 αὗται
1015 2633 1335 2689 καταιδέσαι
1358 2632 1485 2695 τοὺς
1508 2631 1875 2700 εὐγνώμονας.

1985 2637 2182 2708 pudori
2212 2635 2592 2706 prudentium.
2617 2635 2752 2689 Nam
2775 2634 2868 2704 qui
2895 2649 3006 2687 non
3031 2632 3237 2686 fuerint
3261 2631 3415 2692 tales,
3445 2643 3548 2683 nec

311 2734 450 2795 Τοὺς
477 2731 584 2802 γὰρ
635 2728 708 2800 μὴ
755 2727 1026 2790 τοιούτους
1073 2726 1182 2779 οὐδ’
1229 2725 1292 2779 ἂν
1320 2725 1476 2786 ὁπᾶς
1530 2723 1715 2776 πείσαι
1770 2721 1879 2774 τῶν

1986 2725 2280 2780 universus
2301 2732 2476 2780 caelus
2491 2733 2806 2779 sanctorum
2821 2722 2901 2776 eis
2916 2719 3286 2792 persuadebit,
3301 2717 3552 2788 quamvis

312 2823 483 2890 ἁγίων
521 2821 699 2894 χορὸς,
739 2821 834 2874 καὶ
872 2821 920 2873 εἰ
963 2819 1060 2882 τὰς
1085 2819 1264 2880 πάσας
1297 2815 1476 2870 αὐτῶν
1523 2815 1619 2870 καὶ
1667 2813 1878 2886 ἁθρόως

1985 2832 2176 2874 omnes
2209 2831 2400 2874 eorum
2429 2815 2712 2874 doctrinas
2740 2813 3080 2880 hauriamus,
3121 2820 3180 2867 et
3213 2810 3269 2866 in
3304 2809 3439 2867 istos
3471 2807 3554 2864 ef-

316 2913 695 2979 ἔξαντλοῦντες
725 2911 1086 2984 καταχέοιμεν
1116 2909 1482 2972 διδασκαλίας.

1987 2909 2302 2964 fundamus.

391 3119 462 3180 In
491 3117 763 3180 editione
835 3116 1050 3178 Latina
1077 3113 1315 3177 Leontii
1350 3117 1699 3192 sequuntur
1725 3111 1936 3173 multa)
1962 3111 2217 3172 Patrum
2251 3109 3133 3171 auctoritates.Verumtamen
3163 3123 3306 3168 cum
3335 3105 3554 3182 legan-

319 3229 417 3284 tur
449 3221 576 3282 sive
601 3221 666 3281 in
688 3219 986 3299 Operibus
1016 3219 1265 3278 Patrum
1297 3233 1332 3278 a
1365 3215 1544 3276 nobis
1569 3215 1702 3294 jam
1745 3213 1946 3286 editis,
1997 3212 2125 3274 sive
2159 3211 2226 3272 in
2255 3211 2526 3272 concilio
2553 3207 3046 3272 Chalcedonensi
3075 3207 3175 3268 ed.
3207 3208 3388 3267 Rom.
3429 3211 3552 3266 act.

320 3339 406 3394 iv,
445 3324 602 3400 part.
647 3336 741 3390 ιιι,
794 3317 962 3397 quod
1001 3315 1520 3378 in~Conciliorum
1557 3313 1834 3376 editione
1888 3329 2102 3374 sumus
2154 3310 2400 3384 edituri,
2433 3309 2761 3372 minuendi
2803 3306 3140 3371 voluminis
3169 3303 3384 3384 gratia,
3413 3302 3554 3383 ple-

320 3433 544 3496 rasque
569 3417 707 3479 illas
733 3415 1132 3479 auctoritates
1160 3414 1261 3477 hic
1299 3415 1666 3488 omittimus,
1697 3411 1916 3492 paucis
1943 3409 2283 3473 admodum
2314 3409 2570 3471 retentis
2605 3425 2762 3489 quas
2792 3406 2894 3469 hic
2933 3403 3319 3485 subjicimus.
3412 3457 3421 3467 ,

323 3613 594 3682 Πρόκλου
642 3615 982 3670 ἐπισκόπου
1045 3617 1739 3683 Κωνσταντινουπόλεως
1793 3616 1882 3682 εἰς

1985 3607 2204 3665 Proetus
2245 3599 2948 3683 Comtantinopolilanus-in
2983 3596 3118 3651 illud
3143 3611 3162 3650 :
3194 3613 3212 3647 ι
3239 3593 3382 3649 Puer
3401 3601 3558 3648 natus

599 3687 690 3750 τὸ,
730 3704 748 3736 ι
790 3669 1354 3756 Παιδίονίέγένῖτὲἧὸή
1380 3669 1648 3756 mgf
1712 3669 1729 3683 ’
1804 3669 1813 3670 ί
1857 3669 1873 3682 ’

2254 3691 2259 3696 '
2581 3669 2656 3725 est
2687 3669 2832 3723 nobis
2857 3671 2899 3722 ’.
2935 3687 2954 3720 ι

402 3816 462 3869 '0
493 3815 656 3880 αὐτὸς
688 3816 902 3888 ἀληθῶς
932 3816 1066 3880 Θεὸς
1096 3819 1192 3874 καὶ
1215 3818 1460 3890 άψευδῶς
1479 3819 1782 3890 ἄνθρωπος,
1809 3816 1883 3888 τῷ

2057 3809 2180 3879 Ipse
2205 3821 2334 3861 vere
2363 3805 2510 3859 Deus
2529 3843 2544 3868 ,
2591 3808 2648 3855 et
2693 3814 2824 3855 vere
2855 3799 3056 3860 homo,
3086 3795 3258 3858 Patri,
3287 3800 3560 3864 quatenus

323 3908 500 3978 Πατρὶ
549 3907 672 3962 καθ’
699 3908 728 3961 ὃ
773 3883 842 3979 ἦν
905 3911 1214 3980 ὀμοούσιος,
1249 3883 1344 3964 καὶ
1397 3913 1519 3980 ἐμοὶ
1575 3883 1698 3964 καθ’
1727 3910 1756 3963 ὃ
1797 3883 1883 3977 γέν·

1989 3907 2129 3964 erat,
2165 3893 2698 3957 consubstantialis;
2753 3900 2809 3945 et
2850 3889 3026 3953 mihi,
3084 3895 3355 3958 quatenus
3383 3883 3562 3940 factus

322 3977 479 4066 γονεν
508 3997 634 4052 ἄνευ
665 3977 1264 4072 ἁμαρτίαςνὸμόφυλος,
1293 4004 1325 4072 ἡ
1357 3977 1478 4056 θεία
1521 3999 1683 4070 φύσις
1734 4001 1883 4055 ἄκτιι

1991 3999 2075 4046 est
2125 3991 2244 4044 sine
2297 3994 2546 4058 peccato,
2595 3982 2840 4054 ejusdem
2877 3989 3119 4045 natum;
3151 3977 3334 4032 divina
3367 3983 3558 4030 natura

325 4106 470 4154 στος,
503 4092 536 4159 ἡ
566 4089 625 4155 ἐξ
681 4067 814 4162 {poi}
878 4067 1290 4163 προσληφθεῖσα
1314 4067 1636 4158 ’ἀνόθευτοῆ
1661 4092 1763 4144 καὶ
1815 4085 1883 4156 εἷς

1991 4087 2078 4136 est
2108 4080 2390 4143 increata;
2429 4091 2550 4146 quae
2577 4091 2644 4131 ex
2685 4089 2772 4128 me
2798 4079 3012 4141 sumpta
3053 4077 3157 4135 est,
3197 4067 3462 4140 legitima,
3506 4073 3562 4121 et

324 4183 473 4236 ἐστιν
524 4158 671 4246 Υἱὸς,
715 4158 788 4236 τού
854 4158 962 4236 τῶν
1028 4158 1244 4253 φύσεων
1305 4185 1384 4247 εἰς
1432 4183 1525 4237 δύο
1568 4183 1883 4247 ὑποστάσεις

1994 4187 2138 4226 unus
2171 4179 2256 4226 est
2281 4169 2474 4233 Filius,
2510 4183 2618 4221 non
2659 4165 2874 4220 duabus
2903 4162 3116 4216 naturis
3145 4161 3198 4214 in
3227 4161 3363 4214 duas
3391 4158 3566 4228 hypo-

325 4271 738 4342 διαιρουμένων,
774 4249 1300 4348 ἀλλὰτῂνφρικτῆς
1332 4275 1648 4342 οἰκονομίας
1671 4275 1768 4340 τὰς
1801 4275 1883 4328 δύο

1995 4270 2173 4318 stases
2214 4259 2444 4323 divisis;
2479 4256 2572 4310 sed
2604 4255 2872 4324 stupenda
2909 4249 3284 4306 incarnatione
3337 4254 3564 4302 naturas

328 4362 512 4432 φύσεις
535 4365 614 4425 είς
649 4363 776 4434 μίαν
805 4344 1404 4436 ὑπόστασιν-ένωσάσης
1444 4364 1580 4433 (25).

1996 4354 2133 4409 duas
2171 4353 2228 4406 in
2257 4365 2420 4405 unam
2455 4347 2797 4419 hypostasim
2836 4344 3080 4402 uniente.

340 4495 452 4550 Τοῦ
477 4495 647 4566 ἁγίου
665 4498 1009 4565 Εἱρηναίου,
1041 4499 1382 4552 ἐπισκόπου
1407 4491 1883 4566 Λουγδούνουκαι

2102 4482 2287 4538 Sancti
2325 4479 2537 4542 Irena’i,
2571 4477 2796 4547 episcopi
2827 4473 3070 4545 Lugduu.
3105 4480 3154 4525 et
3185 4469 3458 4541 martyris.

948 4568 1268 4638 μάρτυρος.

407 4674 616 4745 Ὥσπερ
653 4675 761 4746 γάρ
792 4677 824 4746 ἠ
859 4675 1113 4741 κιϐωτὸς,
1135 4677 1536 4747 κεχρυσωμένη
1567 4674 1770 4728 ἔσωθεν
1798 4675 1883 4727 καΊ

2070 4675 2224 4730 Sicut
2255 4673 2401 4729 enim
2445 4688 2574 4728 arca
2619 4679 2812 4726 aurata
2843 4678 2964 4726 erat
2991 4669 3142 4723 intus
3170 4676 3226 4723 et
3251 4675 3405 4720 extra
3432 4679 3568 4720 auro

332 4764 528 4831 ἔξωθεν
550 4765 754 4835 χρυσίῳ
788 4766 1016 4836 καθαρῷ
1041 4763 1129 4838 ἦν,
1168 4766 1312 4820 οὕτω
1342 4767 1436 4820 καὶ
1459 4765 1519 4818 τὸ
1545 4764 1636 4818 τοῦ
1657 4763 1883 4833 Χριστοῐ

2000 4781 2142 4836 puro
2167 4805 2182 4829 ,
2243 4765 2324 4820 sic
2361 4779 2564 4834 corpus
2597 4762 2801 4818 Christi
2840 4775 3039 4832 purum
3072 4768 3191 4814 erat
3217 4768 3274 4813 et
3314 4757 3573 4827 fulgens;

335 4855 496 4925 σῶμα
525 4855 760 4926 καθαρὸν
781 4851 848 4926 ἦν
876 4857 972 4910 καὶ
999 4855 1218 4926 διαυγές
1236 4873 1250 4886 ο
1283 4853 1486 4910 ἔσωθεν
1532 4855 1630 4925 μὲν
1657 4855 1734 4924 τῷ
1758 4853 1883 4924 Mm

2007 4853 2158 4908 intus
2181 4851 2406 4922 quidem
2431 4852 2611 4907 Verbo
2647 4849 2964 4906 decoratum
2981 4889 2995 4915 ,
3028 4856 3182 4904 extra
3211 4863 3340 4902 vero
3361 4844 3566 4916 Spiritu

402 5055 426 5086 '
464 5055 666 5124 Ephes.
697 5071 775 5121 iv,
803 5055 893 5122 Η,
925 5053 1012 5110 12.
1071 5064 1093 5096 ο
1122 5056 1224 5111 Isa.
1254 5073 1328 5122 ix,
1380 5055 1434 5111 θ.

409 5256 546 5328 (25)
577 5257 737 5312 Deest
765 5257 870 5312 hoc
897 5257 1040 5312 inter
1063 5257 1364 5329 fragmenta
1397 5260 1574 5316 Procli
1603 5276 1632 5315 a
1664 5258 1950 5316 Gallandio
1982 5259 2212 5317 collecta
2240 5260 2304 5315 B.
2336 5260 2448 5315 PP.
2479 5267 2517 5314 t.
2543 5259 2636 5326 IX,
2665 5272 2720 5328 p.
2748 5259 2870 5314 705.

2005 5472 2090 5519 est
2111 5463 2200 5518 hic
2235 5465 2394 5527 Deus,
2425 5471 2482 5518 et
2509 5463 2600 5518 ille
2621 5463 2810 5524 homo,
2837 5459 2934 5516 sed
2962 5460 3076 5530 ipse
3097 5459 3241 5530 idem
3300 5463 3384 5509 est
3429 5452 3574 5530 Deus

2005 5545 2062 5587 et
2086 5534 2250 5588 homo
2275 5549 2291 5599 ;
2321 5549 2429 5588 non
2475 5533 2554 5588 sic
2590 5533 2644 5586 in
2672 5531 2940 5600 Trinitate
2959 5528 3117 5600 ;'hie_
3147 5529 3307 5582 Pater
3349 5536 3457 5576 non
3483 5528 3576 5600 est

2008 5601 2124 5673 ipse
2152 5597 2342 5673 Filius,
2381 5613 2524 5673 e_tc.;
2551 5601 2607 5673 in
2633 5599 2744 5655 alio
2777 5601 2898 5656 loco
2919 5605 3078 5654 vocat
3102 5597 3218 5650 haec
3249 5597 3574 5662 pronomina

2008 5668 2170 5728 voces
2196 5671 2540 5728 indicativas.
2563 5669 2697 5726 Tua.

409 5455 521 5532 (26)
539 5457 709 5532 Adde
751 5477 766 5512 ε
797 5458 1123 5528 pronomina
1146 5465 1318 5532 sunt,
1339 5474 1459 5532 quae
1487 5469 1770 5532 ponuntur
1799 5476 1901 5532 pro

345 5528 660 5585 nominibus
711 5543 1106 5596 personarum:
1143 5529 1201 5582 in
1228 5528 1504 5584 Trinitate
1543 5539 1627 5584 est
1660 5528 1818 5584 alius"
1844 5539 1902 5585 et

341 5599 506 5660 alius,
532 5597 629 5651 sed
655 5611 765 5651 non
801 5597 948 5652 aliud
967 5607 1022 5652 et
1043 5597 1214 5662 aliud,
1253 5607 1310 5652 et
1351 5606 1436 5654 est
1464 5598 1575 5664 hic,
1599 5607 1656 5654 et
1689 5597 1815 5662 iste,
1843 5608 1902 5654 et

345 5667 470 5722 ille:
496 5668 553 5722 in
583 5665 957 5738 incarnatione
997 5675 1210 5738 contra.
1235 5683 1354 5738 non
1386 5676 1472 5738 est
1518 5669 1634 5724 haec
1664 5669 1902 5738 comple-

344 5751 454 5800 xio.
485 5743 570 5792 est
586 5736 726 5792 alius
771 5745 828 5792 et
863 5737 1025 5802 alius,
1061 5737 1155 5793 sed
1187 5745 1272 5794 est
1311 5737 1461 5794 aliud
1506 5748 1564 5794 et
1583 5737 1754 5806 aliud,
1791 5736 1903 5794 nec
