3954 6148
471 229 604 296 I315

517 334 785 413 Antiochi,
817 345 1046 418 episc0pi
1087 345 1446 420 Ριοζεηι-αὶάὸε.
1481 347 1652 420 Hujus
1680 353 2013 406 auctoritatis
2078 356 2126 413 Α

998 417 1235 471 meminit
1261 417 1516 490 Cyrillus.

537 529 616 584 Nc
644 529 950 585 confundas
976 536 1220 593 naturas,
1241 539 1298 585 et
1317 547 1431 586 non
1463 533 1710 602 torpebis
1731 535 1879 590 circa
1901 549 2050 590 oeco-

367 624 370 628 ’
467 621 744 686 nomiam,
791 621 847 675 id
878 629 1006 685 est,
1062 621 1390 692 mysterium
1421 623 1840 680 incarnationis.
1899 625 2048 680 Tene

467 711 640 766 Deum
673 729 687 765 :
727 712 910 767 tribue
939 713 1072 775 Deo.
1101 729 1224 784 qua:
1267 729 1395 768 eum
1436 714 1658 771 decent.
1707 717 1911 786 Recipe
1944 716 2048 770 hu-

466 803 782 858 manitatem
813 822 826 856 :
857 804 1014 859 reddi
1044 805 1399 871 humanitati,
1427 822 1553 877 qua:
1588 823 1710 862 eam
1753 807 1970 864 decent.

992 889 1262 974 Scholium
1292 920 1516 975 Leontii.

529 1031 591 1086 In
624 1031 884 1086 omnibus
913 1033 1300 1102 superioribus
1342 1035 1679 1096 studuimus,
1724 1043 1786 1090 ut
1830 1036 1886 1090 in
1923 1051 2042 1090 me-

459 1123 614 1179 dium
645 1123 976 1179 aﬂ‘erremus
1017 1125 1378 1181 auctoritates
1411 1137 1470 1182 et
1503 1128 1649 1182 beati
1689 1127 1878 1198 Cyrilli
1926 1128 2040 1200 (57)

458 1221 517 1268 et
543 1214 768 1268 Patrum
795 1215 888 1284 qui
908 1231 1035 1270 eum
1064 1226 1504 1284 antecesserunt,
1537 1234 1660 1288 quae
1692 1227 1860 1277 totam
1889 1236 2044 1276 men-

459 1315 572 1383 tem
611 1307 730 1377 ejus
761 1314 812 1362 el
855 1307 1250 1363 conﬁrmarent
1295 1319 1351 1364 et
1385 1311 1888 1380 interpretarentur
1923 1329 1936 1366 :
1979 1321 2042 1368 ut

459 1400 638 1455 sciant
672 1415 886 1462 omnes,
915 1400 1058 1469 quod
1081 1407 1188 1455 'nec
1216 1401 1358 1470 ipse,
1378 1409 1486 1456 "nec
1512 1401 1654 1456 alius
1683 1417 1750 1456 ex
1785 1403 2040 1460 Patribus

458 1489 596 1544 illud
641 1506 708 1546 ex
759 1491 978 1545 duobus
1028 1499 1128 1546 .aut
1169 1507 1236 1547 ex
1294 1493 1562 1548 ambobus
1609 1493 1676 1548 ad
1727 1495 2039 1564 negandum

457 1597 584 1637 eum
621 1566 716 1652 qui
753 1592 869 1638 erat
894 1584 949 1638 in
981 1582 1220 1648 duobus,
1255 1584 1534 1640 dixerunt.
1569 1585 1752 1640 Multis
1791 1587 1940 1640 enim
1979 1585 2035 1640 in

1721 237 2032 321 LEONTII
2071 238 2478 302 BYZANTINI

2275 353 2575 430 Ἀντιόχου
2603 351 2942 430 έπισζκόςῑου
2968 355 3374 430 Πτοᾼεματόος
3404 357 3541 430 (38),
3571 355 3652 428 ἧς

2295 421 2572 490 χρήσεως
2603 423 2876 496 ἐμνήσθη
2899 429 2932 480 ὁ
2945 421 3240 496 μακάρὶος
3266 421 3594 498 Κύριζὶλος.

2220 532 2314 602 Μὴ
2349 535 2590 608 συγχέῃς
2633 535 2736 600 τὰς
2779 539 2992 607 φύσεις,
3021 540 3116 594 καὶ
3149 541 3208 594 οὐ
3241 543 3544 615 ναρκήσεις
3606 549 3752 620 περὶ

2147 624 2247 696 τὴν
2283 625 2596 695 οἰκονομίαν
2615 643 2628 656 ·
2667 630 2856 700 κράτει
2887 631 2978 684 τὸν
3003 631 3158 697 Θεὸν,
3177 633 3321 687 δίδου
3350 636 3421 691 τὰ
3445 637 3746 708 πρέποντα

2146 715 2224 788 τῷ
2273 716 2392 786 Θεῷ
2417 733 2431 748 '
2472 718 2627 790 δέχου
2655 719 2716 773 τὸ
2746 721 3116 794 ἀνθρώπινον,
3147 725 3291 781 δίδου
3327 728 3396 783 τὰ
3445 730 3746 800 πρέποντα

2146 809 2212 878 τῇ
2239 808 2642 883 ἀνθρωττότητι.

2612 929 2876 996 Σχόλιον
2945 931 3254 986 Λεοντίου.

2230 1033 2353 1086 Ἐπὶ
2396 1037 2531 1089 πᾶσι
2575 1035 2632 1090 δὲ
2679 1040 2794 1100 τοῖς
2822 1041 3329 1112 προηγησαμένοις,
3363 1044 3580 1098 καὶτοῦ
3619 1063 3737 1116 μα-

2145 1121 2338 1190 καρίου
2400 1123 2666 1193 Κυρίλλου
2727 1124 3094 1194 βεδαιωτικὰς
3143 1130 3257 1184 τῶν
3312 1148 3373 1185 τε
3420 1133 3527 1203 πρὸ
3552 1137 3733 1190 αὐτοῦ

2143 1210 2424 1282 Πατέρων,
2455 1213 2548 1266 καὶ
2573 1215 2981 1285 ὲρμηνευτικὰς
3005 1218 3106 1287 τῆς
3129 1219 3261 1292 ὅλης
3289 1221 3454 1274 αὑτοῦ
3479 1223 3734 1288 διανοίας

2144 1303 2486 1372 παραθέσθαι
2552 1307 3008 1376 ἐσπουδάσαμεν⁸
3041 1311 3126 1364 ἵνα
3183 1313 3389 1380 γνῶσιν
3452 1315 3534 1366 ὅτι
3590 1315 3730 1368 οὔτε

2141 1393 2322 1459 αὐτὸς,
2358 1393 2484 1448 οὔτε
2509 1414 2598 1460 τις
2622 1398 2809 1470 ἔτερος
2837 1401 2947 1454 τῶν
2978 1404 3261 1471 Πατέρων,
3288 1405 3372 1468 τὸ,
3402 1407 3465 1460 ὲκ
3487 1406 3578 1459 δύο
3605 1407 3640 1478 ἦ
3666 1411 3730 1460 τὸ

2139 1484 2198 1550 ἐξ
2253 1485 2492 1554 ἀμφοῖν,
2529 1488 2617 1540 ἐπ’
2667 1489 2949 1562 ἀναιρέσει
2996 1493 3113 1558 τοῦ,
3151 1496 3210 1548 ὲν
3255 1495 3367 1560 δύο,
3407 1500 3699 1568 εἰρήκασι.

2117 1574 2430 1646 Πολλαχοῦ
2457 1578 2564 1650 γὰρ
2615 1583 2756 1636 κατὰ
2803 1584 2906 1654 τῆς
2933 1587 3254 1659 διαιρέσεως
3284 1590 3580 1660 Νεστορίου
3612 1609 3722 1662 μα-

463 1673 598 1729 locis
629 1674 971 1728 contendens
1003 1675 1268 1730 adversus
1294 1675 1623 1731 divisionem
1665 1677 1900 1732 Nestorii
1933 1693 2023 1747 po-

2137 1669 2368 1740 χύμενος
2393 1709 2408 1732 ,
2436 1673 2498 1725 οὐ
2533 1674 2696 1740 μόνον
2745 1674 2814 1728 τὰ
2846 1677 2916 1741 ἐξ
2933 1673 3021 1732 ὧν
3057 1679 3329 1745 τέθεικεν,
3358 1681 3495 1736 ἀλλὰ
3523 1683 3618 1736 καὶ
3649 1687 3717 1755 τῇ

455 1765 568 1818 suit
593 1781 704 1819 non
737 1765 936 1827 solum.
963 1781 1030 1820 ex
1063 1767 1286 1836 quibus,
1317 1766 1412 1821 sed
1451 1768 1506 1820 in
1545 1768 1934 1837 praepositione
1973 1767 2031 1822 in

456 1856 748 1925 utriusque
794 1857 1010 1912 naturis
1060 1873 1194 1912 usus
1241 1867 1348 1919 est,
1396 1867 1455 1913 ut
1497 1874 1565 1913 ex
1607 1859 2031 1915 auctoritatibus

454 1945 574 2016 ejus
621 1963 748 2016 qua:
796 1948 1202 2018 subjunximus,
1247 1947 1408 2004 facile
1453 1958 1537 2004 est
1581 1949 1914 2019 perspicere.
1968 1951 2029 2005 In

453 2037 713 2091 omnibus
747 2046 932 2092 autem
977 2039 1332 2094 sermonibus
1367 2040 1488 2110 ejus
1526 2055 1621 2094 eas
1679 2047 1894 2094 tantum
1927 2055 2028 2094 au-

453 2129 763 2194 ctoritates,
785 2140 908 2198 qua:
945 2131 1084 2184 nihil
1126 2130 1280 2185 dubii
1317 2131 1546 2196 habent,
1577 2139 1633 2186 et
1658 2147 1798 2200 quas
1820 2147 1926 2187 nec
1947 2132 2033 2186 in-

451 2218 572 2272 sani
631 2234 798 2290 prave
841 2219 1198 2290 interpretari
1249 2227 1552 2290 poterunt,
1614 2220 1814 2276 afferre
1864 2235 2027 2275 cura-

452 2321 652 2364 vrmus.

2136 1759 2204 1842 er
2229 1762 2485 1829 προθέσει
2512 1763 2598 1816 ἐπ’
2631 1766 2964 1837 ἀμφοτέρων
2987 1771 3281 1840 ἐχρήσατο,
3303 1771 3378 1835 ὡς
3403 1775 3634 1828 αὐτόθεν
3658 1775 3719 1842 ἐξ

2135 1841 2212 1902 ὧν
2258 1851 2609 1923 ὑπετάξαμεν
2649 1854 2817 1908 αὐτοῦ
2861 1859 3136 1927 χρήσεων,
3178 1860 3308 1932 ῥᾷόν
3335 1864 3453 1915 ἐστι
3495 1841 3716 1932 μαθεῖν,

2147 1940 2264 2008 Ἐφ’
2299 1941 2471 1996 ἅπασι
2527 1944 2585 1996 δὲ
2633 1945 2798 2000 aia-:03
2825 1951 2937 2012 τοῖς
2973 1949 3156 2018 λόγοις
3189 1951 3300 2003 τῶν
3325 1953 3582 2023 χρήσεων
3613 1954 3721 2018 τὰς

2135 2031 2575 2102 ἀναμφιλέκτως
2605 2037 2794 2107 μόνας,
2833 2038 2901 2102 ἃς
2950 2041 3074 2095 οὐδὲ
3120 2043 3382 2113 μανέντες
3420 2061 3718 2118 παρερμη-

2135 2123 2324 2178 νεῦσαι
2354 2124 2695 2198 δυνήσονται,
2728 2131 3072 2204 παραθέσθαι
3095 2135 3536 2207 ἐσπουδάσαμεν.

518 2423 713 2480 Allatis
744 2424 942 2480 iterum
973 2425 1225 2496 pluribus
1259 2427 1434 2481 sancti
1461 2425 1652 2498 C-yrilli
1676 2425 2008 2482 testimoniis
2033 2442 2174 2498 quat,
2207 2427 2336 2497 quia
2366 2428 2424 2507 in
2457 2438 2622 2488 editis
2659 2445 2931 2504 prostant,
2966 2443 3438 2514 praetermisimus,
3465 2450 3708 2520 primum

451 2515 601 2570 hunc
629 2515 833 2571 librum
876 2518 957 2572 sic
993 2518 1274 2573 concludit
1335 2518 1601 2574 Leontius
1633 2536 1647 2572 :
1689 2537 1709 2569 ι
1735 2517 2013 2574 Hactenus
2055 2521 2379 2587 confutatio,
2421 2531 2478 2578 et
2514 2527 2730 2582 eversio
2763 2534 3038 2588 contraria
3075 2535 3315 2594 Nestorii
3357 2549 3414 2596 et
3446 2515 3712 2614 Eutychus

450 2605 691 2662 fictionis
721 2616 778 2662 et
817 2609 1152 2678 Opinationis
1195 2609 1343 2664 circa
1379 2609 1724 2666 divinitatem
1761 2609 1968 2666 Christi
2002 2621 2060 2668 et
2095 2613 2516 2670 humanitatem.
2548 2633 2568 2668 ι

397 2755 402 2762 ’
449 2764 632 2863 ...97)
661 2765 833 2863 ιὲξέιτξ
852 2764 2020 2863 sumntum...2°22?3‘133‘..i1929.99:
2046 2775 2088 2832 ο
2121 2774 2847 2863 ειξμξξςίδεμοιτιῖειεενίι,
2879 2783 3188 2863 insilieer
3215 2829 3230 2855 .
3261 2798 3316 2846 ει
3503 2795 3706 2863 paucis

449 2844 648 2906 gmate.
689 2835 1077 2906 undenecesse
1109 2835 1212 2890 fuit
1255 2836 1332 2890 illi
1365 2851 1494 2891 suos
1528 2837 2014 2894 anathematismos

447 2904 651 2974 alioqui
678 2905 979 2976 catholicos
1029 2914 1218 2976 contra
1271 2906 1583 2976 Nestorium
1637 2907 2010 2976 interpretari,

449 2973 589 3042 quos
616 2973 754 3028 male
781 2973 1004 3042 quidam
1033 2975 1439 3045 intelligebant,
1498 2984 1557 3030 ut
1610 2973 2009 3044 Theodoretus,

2121 2855 2390 2912 suaserat,
2419 2846 2560 2901 male
2577 2849 2785 2906 sentire
2808 2846 3090 2912 Cvrillumv.
3117 2846 3244 2912 Cari.

2195 2915 2316 2996 (58)~
2347 2915 2512 2996 Lege,
2551 2917 2599 2971 si
2619 2917 2808 2996 lubet,
2836 2915 2904 2978 de
2932 2924 3036 2996 hoc
3057 2925 3338 2996 Antiocho
3383 2945 3506 2996 quae
3541 2931 3694 2986 dixi-

2119 2995 2244 3037 mus
2277 2981 2472 3054 Scripi.
2499 2995 2624 3053 seu,
2651 2994 2689 3042 t.
2721 2981 2828 3056 ΥΠ,
2863 3007 2918 3060 p.
2939 2995 3026 3057 87,
3051 2994 3106 3046 in
3127 2994 3252 3046 adu.

473 3188 3683 3232 ————————-————————————_.____________._______

1833 3346 2200 3437 ΛΟΓΟΣ
2272 3357 2350 3437 B'

721 3519 902 3573 ΠΡΟΣ
944 3521 1122 3575 ΤΟΥΣ
1163 3523 1256 3575 ΕΚ
1307 3522 1446 3576 ΤΩΝ
1495 3520 1877 3591 ΗΜΕΤΕΡΩΝ
1924 3523 2480 3583 ΠΡΟΣΘΕΜΕΝΟΥΣ
2531 3531 2624 3604 Τῌ
2676 3533 3245 3612 ΚΔΤΕΦΘΔΡΜΕΝῌ
3301 3540 3434 3596 ΤΩΝ

1731 3613 2400 3674 ΑΦΘΑΡΤΟΔΟΚΗΤΩΝ.

1537 3896 1895 3986 LIBER
1965 3843 2577 4030 SECUNDUS

541 4082 842 4192 ΟΟΝΤΒᾼ
880 4086 1099 4148 ILLOS
1135 4089 1182 4148 E
1219 4087 1549 4150 NOSTRIS
1599 4091 1739 4163 QUI
1777 4091 3096 4250 Ci$¥lIJEPgﬁENgNCORRUPTICOLABUM
3136 4111 3580 4178 SENTENTI/E

1542 4331 1688 4401 (MAI,
1713 4330 1967 4406 Spicileg.
2002 4335 2156 4391 Rom.
2188 4344 2228 4390 t.
2260 4336 2329 4404 X,
2358 4353 2414 4408 p.
2444 4341 2558 4412 95.,

497 4619 771 4675 Solvimus
793 4635 896 4690 pro
920 4619 1134 4675 viribus
1162 4619 1217 4673 in
1258 4620 1658 4690 superioribus,
1687 4624 1800 4680 Deo
1824 4585 2023 4698 ἰού]υαῖ

2183 4630 2272 4687 Ἐν
2334 4633 2436 4706 μὲν
2487 4637 2603 4700 τοῖς
2653 4621 2964 4711 ἔμπροσθεν
3021 4643 3337 4716 εἰρημένοις
3401 4650 3550 4720 ἡμῖν,
3585 4653 3682 4706 σὺν

423 4722 608 4778 vante,
636 4713 852 4784 objecta
887 4719 1210 4782 argumenta
1237 4710 1368 4781 falsi
1397 4715 1624 4768 nominis
1661 4717 1896 4772 scientia
1930 4719 1995 4782 ³⁸,

425 4805 626 4873 quibus
667 4805 932 4860 adversus
975 4819 1078 4858 nos
1132 4813 1353 4859 utentes
1383 4805 1480 4874 qui
1527 4815 1656 4861 sunt
1709 4809 1998 4865 contrariae

423 4895 662 4950 ﬁctionis
703 4899 836 4963 (non
864 4895 1012 4950 enim
1053 4895 1158 4950 hoc
1203 4895 1427 4950 nomine
1459 4899 1734 4968 appellare
1761 4914 1858 4954 eos
1898 4901 1999 4966 de:

421 4988 688 5052 sinemus,
704 4988 834 5054 quia
859 5003 1096 5056 namque
1128 4987 1212 5042 fas
1241 4989 1372 5058 est),
1397 4987 1766 5058 simpliciores
1794 5005 1823 5044 a
1853 4991 1998 5046 veri-

419 5085 532 5131 tate
550 5077 824 5132 abducere
850 5093 908 5133 se
936 5086 1150 5148 putant.
1183 5079 1342 5134 Nune
1379 5089 1562 5134 autem
1593 5081 1824 5136 alterius
1844 5097 1995 5152 quaa-

419 5165 618 5222 slionis
631 5167 1128 5224 considerationem
1147 5169 1403 5224 evolvere
1424 5177 1482 5224 et
1505 5169 1780 5240 explicare
1801 5187 1992 5244 aggre-

2104 4721 2223 4794 Θεῷ
2275 4724 2332 4779 δὲ
2384 4727 2552 4796 φάναι
2579 4729 2680 4794 τὰς
2733 4731 3020 4799 ἐνστάσεις
3071 4739 3166 4790 καὶ
3226 4739 3529 4807 ἀντιθέσεις
3569 4745 3680 4813 τῆς

2102 4814 2498 4906 ψευδωνύμου
2544 4821 2842 4892 γνώσεως,
2874 4827 2956 4891 εις
3003 4826 3232 4902 δύναμιν
3282 4831 3679 4906 διαλελύκαμεν

2103 4901 2192 4997 αἶς
2209 4905 2274 4974 δὴ
2292 4908 2582 4978 χρώμενοε
2602 4911 2725 4965 καθ’
2741 4913 2901 4985 ἡμῶν
2921 4916 2972 4969 οἱ
2997 4916 3094 4988 τῆς
3112 4901 3359 4986 ἐναντίας
3380 4919 3510 4997 δοκὴ
3519 4901 3674 4990 σειυς,

2102 4995 2186 5066 (οὐ
2209 4997 2320 5087 γὰρ
2356 5000 2431 5070 μή
2459 5017 2592 5056 ποτε
2615 5003 2776 5058 τοῦτο
2792 5007 2978 5062 καλεῖν
2997 5012 3194 5076 αὐτοὺς
3220 4995 3564 5087 παυσαίμήν,
3592 5020 3677 5073 δτι

2101 5086 2238 5158 μηδὲ
2272 5087 2474 5160 θέμις),
2489 5091 2588 5158 τῆς
2615 5093 2834 5160 εὐθείας
2857 5097 3094 5166 ἁπάγειν
3115 5103 3244 5166 τοὺς
3267 5086 3678 5176 ἁπλουστέρους

2095 5176 2561 5250 ὑποὴμδάνουσι.
2619 5183 2737 5238 Νῦν
2793 5183 3072 5263 δὲ’λαῦθις
3131 5193 3321 5266 ἑτέρου
3361 5197 3676 5268 σκέμματος

415 5257 556 5313 diar.
587 5255 672 5312 Sit
698 5256 812 5312 dux
839 5257 1233 5326 disputationis
1263 5265 1465 5313 nostra:
1481 5258 1738 5315 Christus
1764 5261 1910 5316 Deus
1932 5270 1990 5318 et

2137 5271 2188 5322 αὶ
2235 5269 2623 5344 προϐλήματος
2677 5277 2780 5348 τὴν
2835 5261 3074 5352 θεωρίαν
3113 5255 3423 5353 ἀναπτύξαι
3465 5255 3532 5344 ’τὲ
3580 5255 3674 5345 καί

415 5347 676 5413 Verbum,
695 5359 754 5406 et
773 5348 985 5414 lumen,
1011 5359 1068 5404 et
1089 5349 1223 5413 vita,
1241 5358 1298 5404 et
1319 5349 1526 5406 veritas
1552 5352 1802 5422 aspirans
1824 5354 1988 5412 nobis

2137 5359 2468 5432 ,suxptvﬁaat
2517 5347 2881 5438 πειράσομαι.
2929 5347 3202 5437 Ἦγεισθω
3254 5375 3311 5429 δὲ
3346 5347 3467 5447 ⁷’τοῖο
3511 5379 3672 5449 λόγου

408 5435 854 5506 :ntelligentiam,
903 5445 966 5493 ut
1029 5437 1309 5508 possimus
1361 5447 1513 5495 recte
1568 5440 1880 5514 intelligere
1929 5453 1986 5501 et

483 5595 527 5628 "
559 5595 585 5652 Ι
613 5597 861 5654 Timoth.
896 5615 974 5669 νι,
1007 5599 1098 5655 20.

2097 5449 2336 5520 Χριστὸς
2379 5454 2410 5507 ὀ
2456 5453 2593 5520 Θεὸς
2633 5459 2727 5512 καὶ
2759 5459 2969 5530 Λόγος,
3022 5463 3118 5517 καὶ
3159 5467 3274 5534 φῶς
3301 5509 3318 5534 ,
3367 5472 3463 5524 καὶ
3515 5471 3668 5544 ζωὴ,
