3934 6156
291 275 423 342 1317

1317 235 1627 334 CONTRA
1667 275 1990 338 NESTOR.
2031 280 2125 338 ET
2164 281 2482 342 EUTYCII.

3390 283 3526 349 1.318

287 380 384 432 καὶ
416 376 665 448 ἀλήθεια,
712 375 962 446 ἐμπνέων
1010 377 1142 447 ἡμῖν
1183 376 1400 430 σύνεσιν
1459 379 1542 441 είς
1587 379 1648 432 τὸ
1713 380 1847 450 μετά

1955 397 2281 454 expromere
2309 401 2433 440 cum
2462 387 2635 457 gratia
2665 397 2721 442 et
2747 391 3015 462 sapientia
3042 393 3278 457 caelesti,
3307 409 3428 464 quae
3456 396 3526 450 ad

287 468 510 540 χάριτος
539 476 632 546 και
665 469 854 534 σοφίας
880 467 978 536 τῆς
1003 465 1229 530 ἀνωθεν,
1272 466 1339 521 τὰ
1381 469 1740 522 συντελοῦντα
1773 472 1853 534 είς

284 558 386 628 τὴν
409 556 684 620 ὑπόθεσιν,
722 555 818 608 καὶ
853 558 1042 624 νοῆσαι
1083 555 1282 620 καλῶς,
1316 555 1411 610 καὶ
1453 557 1663 628 φράσαι
1697 557 1853 627 δυνηα

289 649 470 719 θῆναι.

357 760 420 814 Εί
459 759 559 830 μὲν
597 757 692 811 οῦν
737 756 921 826 ἐώρων
955 755 1052 827 τὴν
1110 757 1206 811 νῦν
1254 760 1314 812 ἐν
1361 760 1476 820 τοῖς
1515 757 1855 823 ὑπεναντίοις

285 849 672 910 ἐπαναστᾶσαν
691 845 812 899 κατ’
836 845 1082 916 ἀλλήλων
1104 848 1443 918 ζυγομαχίαν
1464 849 1658 918 μέχρις
1673 849 1854 902 αὐτῶν

285 939 513 993 ἐκείνων
565 937 849 1008 μείνασαν,
889 935 1030 990 ἀλλὰ
1077 937 1274 1007 μήκαὶ
1313 941 1391 1003 είς
1427 941 1572 1010 ἡμᾶς
1601 940 1853 1010 διαϐῆναι

285 1029 724 1099 φιλονεικοῦσαν,
757 1028 900 1097 τάχα
935 1043 1037 1079 που
1079 1030 1186 1098 ,καὶ
1231 1031 1424 1100 κέρδος
1472 1030 1855 1100 ὑπελάμϐανον

281 1121 380 1192 τὴν
437 1121 546 1174 τῶν
603 1119 860 1172 ἐναντίων
921 1117 1101 1188 μάχην
1149 1135 1208 1171 τε
1252 1122 1346 1173 καὶ
1380 1119 1851 1192 ἀντιπαράταξινο

281 1214 436 1268 αὐτοὶ
457 1213 566 1282 γὰρ
605 1211 709 1264 ὑπὸ
734 1207 887 1278 σφῶν
921 1207 1243 1280 βαλλόμενοι
1275 1213 1371 1266 καὶ
1393 1211 1851 1284 ἀνατρεπόμενοι,

280 1305 435 1360 οὐδὲν
467 1307 597 1375 ήμῖν
621 1305 876 1374 πρᾶγμα,
905 1303 988 1356 ὅτι
1019 1299 1093 1370 μὴ
1124 1303 1358 1375 θεωρίαν
1381 1302 1542 1376 ψιλὴν
1569 1302 1662 1358 τοῦ
1697 1303 1856 1359 πολέ-

285 1415 411 1469 μου,
443 1395 796 1468 προύξένουν.
841 1397 953 1452 Ἑνὶ
993 1397 1198 1452 τούτων
1247 1397 1406 1467 μόνον
1437 1396 1594 1468 ἡμῶν
1631 1397 1855 1465 ἀλγυνο-

285 1472 496 1558 μῖνων,
551 1489 617 1558 τῇ
673 1486 922 1559 ἀπωλείᾳ
979 1487 1091 1541 τῶν
1138 1485 1406 1556 ἀθετῆσαι
1467 1487 1566 1555 μὲν
1630 1487 1710 1550 είς
1762 1485 1854 1539 τὸν

281 1573 432 1632 οἷκον
457 1577 642 1641 Δαὸὶδ,
695 1577 836 1631 κατὰ
873 1577 934 1630 τὸ
974 1577 1177 1645 λόγιον,
1216 1575 1626 1646 τολμησάντων,
1685 1575 1854 1646 ὑπερ-

285 1667 500 1722 ιδόντων
557 1667 614 1720 δέ
653 1667 746 1721 καὶ
784 1667 883 1742 τήν
950 1667 1086 1740 πρὸς
1122 1667 1213 1722 τὸν
1245 1663 1394 1722 οἷκον
1428 1665 1712 1738 Ἱεροϐοάμ
1733 1666 1854 1736 ὁμό-

279 1775 450 1823 νοιαν,
472 1759 568 1812 καὶ⁹
605 1759 744 1830 μηδέ
775 1757 996 1828 ἐκείνην
1055 1759 1532 1828 συντηρησάντων,
1565 1756 1703 1836 ἀλλά
1733 1773 1852 1826 σχι-
1883 1799 1926 1857 Β

283 1848 520 1904 σθέντων
541 1866 601 1902 τε
654 1850 750 1904 καὶ
801 1850 1184 1920 διαιρεθέντων
1238 1849 1337 1902 ἀπ’
1371 1849 1617 1919 ἀλλήλων
1665 1865 1725 1900 τε
1759 1848 1852 1900 καὶ

279 1939 422 2011 πρὸς
497 1937 762 2008 ἀλλήλους
811 1957 827 1972 ο
882 1941 958 2004 ὡς
1027 1940 1229 2006 ἐξεῖναι
1291 1941 1404 2003 τοῖς
1467 1937 1851 2008 συνετωτέροις

279 2031 348 2084 ἐκ
392 2027 488 2083 τοῦ
523 2028 738 2100 καρποῦ
773 2029 838 2082 τὸ
879 2029 1098 2101 δένδρον
1139 2026 1543 2096 ἐπιγινώσκειν,
1571 2025 1713 2080 κατὰ
1757 2026 1850 2079 τὸν

280 2119 556 2190 Σωτήριον
589 2119 766 2188 λόγον,
792 2119 882 2174 διά
917 2119 1029 2174 τῶν
1076 2118 1415 2188 πλυσχιδῶν
1475 2117 1719 2190 στάσεων
1749 2114 1850 2170 τοῦ

279 2211 340 2263 ἐν
387 2209 979 2280 αὑτοῖςσένεργοῦντος
1019 2207 1369 2280 ταραχώδους
1398 2208 1736 2279 πνεύματος
1781 2207 1852 2262 τά

257 2301 522 2373 ,μάλιστα
548 2301 929 2372 δεικνυμένου.
966 2301 1299 2372 Συμπέφυκε
1324 2299 1432 2374 γάρ
1463 2317 1579 2370 πως
1605 2301 1672 2370 τῇ
1718 2299 1850 2352 ἀσε-

278 2392 400 2464 ϐείᾳ
452 2393 514 2447 τὸ
557 2394 846 2464 φίλεχθρόν
886 2411 947 2446 τε
982 2393 1078 2447 καὶ
1132 2392 1524 2464 πολεμοχᾳρές.
1556 2390 1672 2444 Νῦν
1700 2391 1756 2444 δὲ
1785 2389 1850 2462 δὴ

277 2483 503 2552 γέγονεν
549 2487 683 2554 ἡμῖν
721 2483 860 2555 πρὸς
887 2483 1059 2538 κακοῦ
1089 2485 1123 2555 ἡ
1150 2483 1260 2538 τῶν
1283 2482 1493 2553 ἐχθρῶν
1517 2482 1654 2552 πρὸς
1683 2481 1849 2553 ἀλλή-

276 2575 404 2639 λους
441 2576 756 2646 δυσμένεια.
789 2576 854 2628 Ὠ
904 2576 1004 2646 τῆς
1060 2562 1471 2642 ,ἀπαιδευσίας-ί
1497 2575 1589 2628 καὶ
1637 2573 1746 2628 τῶν
1791 2573 1848 2627 ἐν

257 2669 449 2738 ,κακίᾳ
491 2667 622 2739 παρ’
642 2669 826 2730 αὐτοῖς
859 2649 1128 2738 δευτέρων
1152 2667 1458 2737 γεγόναμεν
1481 2664 1801 2735 ἀθλιώτεροι
1829 2679 1844 2696 ⁶

283 2759 418 2830 μηδὲ
449 2759 575 2812 ὅσον
601 2759 650 2812 oi
689 2756 876 2828 ἐχθροὶ
907 2756 977 2810 τὰ
1002 2758 1246 2828 ἡμέτερα
1290 2755 1626 2810 ἐποπτεῦσαί
1653 2772 1714 2808 τε
1753 2755 1847 2808 καὶ

281 2849 510 2918 φυλάξαι
539 2840 846 2920 δυνάμενοι.
881 2847 1055 2920 Εἴπερ
1077 2851 1104 2902 ὁ
1137 2849 1236 2919 μὲν
1265 2847 1492 2919 θατέρου
1519 2845 1718 2918 μέρους
1737 2846 1846 2899 τῶν

281 2941 594 3016 σχισμῷιων
621 2939 804 3012 πατὴρ
829 2940 890 3005 co
912 2939 1037 3003 δέον,
1067 2939 1226 3016 ἔγνω,
1244 2939 1339 2993 καὶ
1366 2937 1566 3016 ᾐδέσθη
1595 2937 1686 2992 τὸν
1707 2937 1847 2992 κατά

276 3032 378 3100 τῆς
419 3013 680 3104 ἀληθείας
732 3030 978 3104 προφανῆ
1021 3013 1288 3099 πόλεμον,
1316 3013 1475 3099 ἡμεῖς
1505 3029 1561 3081 δὲ
1586 3029 1686 3097 τὴν
1707 3029 1850 3082 ἐκεί·-

277 3143 384 3180 νων
436 3124 732 3192 ἐπίγνωσιν
757 3161 773 3186 ,
821 3121 1046 3190 ἀγνοίας
1103 3121 1312 3188 ἐφόδιον
1343 3119 1709 3190 πεποιήμεθα,
1749 3119 1846 3183 καὶ
1871 3139 1914 3196 C

277 3214 582 3282 γεγόναμεν
637 3211 732 3264 καὶ
755 3209 864 3263 τῶν
897 3205 1107 3278 ἐχθρῶν
1137 3207 1558 3278 ἀσυνετώτεροι.

264 3345 268 3350 ’
347 3339 590 3406 Σευήρου
652 3336 761 3406 γὰρ
798 3336 893 3389 καὶ
925 3335 1237 3400 ’ἰουλιανοῦ,
1270 3335 1380 3389 τῶν
1425 3335 1519 3389 δύο
1569 3337 1665 3406 τῆς
1717 3339 1848 3407 μιᾶς

280 3427 536 3488 ἀσεϐείας
562 3426 745 3496 ἀρχῶν
765 3416 901 3496 πρὸξ
930 3411 1156 3486 ἐαυτοῦς
1179 3423 1580 3493 διενεχθέντων,
1606 3423 1847 3493 ἀνοήτως

283 3519 383 3590 μὲν
427 3519 504 3578 ὡς
557 3518 690 3589 πρὸς
737 3517 836 3580 τὰς
875 3515 1083 3578 οἰκείας
1125 3514 1324 3586 ἀρχάς,
1359 3515 1646 3586 ἐμφρόνως
1673 3514 1729 3567 δὲ
1771 3513 1846 3578 ὡς

280 3609 419 3680 πρὸς
461 3606 632 3678 αὐτὴν
679 3606 780 3677 τὴν
835 3604 1119 3675 ἀλήθειαν,
1166 3607 1261 3658 καὶ
1299 3605 1430 3675 περὶ
1474 3601 1568 3656 τοῦ
1592 3591 1844 3675 φθαρτοῦ

278 3697 752 3769 ζυγομαχοῦντων,
789 3698 840 3750 oi
873 3697 972 3766 μέν
1009 3695 1108 3764 τῆς
1139 3695 1380 3766 Σευήρου
1419 3695 1652 3772 μερίδος,
1685 3695 1844 3764 φιλα-

275 3791 454 3862 λήθως
488 3792 682 3856 είπεϊν,
714 3790 812 3859 τῆς
841 3790 951 3842 τῶν
976 3787 1186 3858 ἐχθρῶν
1225 3786 1654 3862 παρεκέρδαινον
1680 3803 1848 3856 πονη-

279 3884 400 3955 ρίας
422 3898 436 3914 '
467 3883 503 3938 ἃ
545 3883 653 3954 γὰρ
696 3883 798 3936 οὐκ
850 3881 917 3936 ἄν
964 3897 1050 3942 τις
1081 3879 1282 3943 αὐτοὺς
1305 3879 1414 3950 πρὸ
1445 3879 1638 3932 τούτου
1671 3881 1844 3934 εἰπεῖν

272 3974 457 4030 ἔπεισε
479 3963 510 4041 ,’
530 3975 705 4028 ταῦτα
751 3975 785 4045 ή
827 3973 921 4026 νῦν
965 3973 1102 4042 πρὸς
1132 3973 1259 4034 τοὺς
1287 3969 1522 4032 οίκείους
1549 3967 1846 4045 δυσμένειά

269 4067 610 4136 ὁμολογῆσαι
655 4065 999 4137 ἠνάγκασενο
1032 4063 1202 4134 ήνίκα
1233 4062 1292 4129 δέ
1335 4061 1474 4132 πρὸς
1523 4060 1622 4124 τὰς
1673 4059 1844 4128 αὐγάς

268 4159 370 4229 τῆς
433 4155 696 4226 ἀληθείας
768 4150 1050 4206 ἀνανεύειν
1108 4149 1344 4223 ἤρξαντο
1377 4187 1392 4212 ,
1462 4148 1561 4218 τὴν
1622 4147 1842 4202 ἐκείνων

269 4249 559 4304 ἀνάνευσιν
590 4243 854 4314 ἀϐλεψίας
877 4241 1133 4296 ὑπόθεσίν
1176 4257 1323 4302 τινες
1347 4239 1504 4309 ἔσχον
1553 4237 1663 4291 τῶν
1707 4239 1843 4308 ἡμε-

269 4340 465 4410 τέρων,
496 4341 562 4408 τῇ
608 4329 826 4408 χείρονι
867 4333 1032 4404 μοίρᾳ
1079 4329 1464 4405 προσθέμενοι,
1489 4321 1583 4383 καὶ
1629 4329 1696 4382 δι’
1725 4328 1842 4393 ἐνὸς

1959 477 2243 531 materiam
2274 479 2542 548 propositi
2572 483 2880 550 argumenti
2910 486 3208 552 pertinent.

2027 758 2082 813 Si
2108 757 2276 829 igitur
2297 773 2535 830 pugnam
2567 775 2716 814 nunc
2734 760 3176 816 adversariorum
3201 763 3347 818 inter
3374 765 3522 834 ipsos

1953 850 2267 914 excitatam,
2297 849 2544 904 viderem
2582 849 2637 903 in
2673 849 2807 919 ipsis
2845 849 2955 904 illis
2994 852 3280 918 mansisse,
3313 846 3379 907 et.
3409 870 3519 908 non

1953 941 2022 995 ad
2065 955 2168 994 nos
2221 956 2396 1010 usque
2455 939 2714 1010 progredi
2779 941 3238 1002 contendentem.
3290 941 3522 997 fortasse

1955 1032 2168 1088 lucrum
2201 1031 2457 1088 ducerem
2491 1046 2727 1104 pugnam
2753 1040 2810 1084 et
2835 1033 3300 1086 concertationem
3331 1033 3524 1088 adver-

1954 1121 2262 1178 sariorum:
2315 1122 2418 1190 ipsi
2453 1121 2600 1176 enim
2635 1137 2665 1176 a
2717 1121 2912 1191 seipsis
2955 1123 3202 1190 percuSsi
3253 1130 3308 1176 et
3340 1123 3520 1178 eversi

1953 1215 2166 1268 nullum
2216 1213 2498 1281 negotium
2541 1213 2724 1276 nobis,
2765 1213 2872 1266 nisi
2921 1213 3099 1266 solum
3146 1213 3520 1282 spectaculum

1953 1305 2082 1360 belli
2109 1303 2455 1358 adhiberent.
2481 1303 2602 1360 Uno
2629 1311 2840 1357 tantum
2871 1302 3068 1357 borum
3101 1303 3325 1358 interitu
3365 1304 3520 1360 dole-

1953 1409 2174 1460 remus;
2211 1393 2304 1462 qui
2332 1391 2556 1446 domum
2599 1391 2821 1460 quidem
2853 1392 3046 1455 David,
3085 1393 3230 1448 sicut
3257 1395 3336 1448 ait
3373 1394 3523 1450 Scri-

1953 1495 2136 1556 plura,
2185 1499 2444 1554 respuere
2479 1483 2597 1538 ausi
2628 1491 2777 1546 sunt,
2823 1478 3172 1537 concordiam
3208 1494 3350 1539 ‘vero
3391 1501 3518 1541 cum

1953 1575 2119 1630 domo
2151 1573 2444 1629 Jeroboam
2475 1571 2857 1640 neglexerunt,
2885 1585 2990 1625 nec
3028 1571 3174 1624 illam
3205 1583 3514 1640 servarunt,

1953 1665 2050 1721 sed
2085 1665 2344 1734 disrupti,
2379 1673 2436 1717 et
2465 1663 2682 1718 discissi
2711 1677 2741 1716 a
2779 1677 2838 1716 se
2881 1671 2939 1716 et
2968 1661 3232 1719 adversus
3259 1681 3318 1720 se
3353 1677 3514 1732 sunt;

1954 1764 2019 1810 ut
2043 1755 2210 1810 liceat
2241 1753 2406 1824 paulo
2439 1751 2782 1807 acutioribus
2812 1767 2878 1806 ex
2909 1751 3088 1807 fructu
3137 1753 3390 1808 arborem
3421 1771 3518 1811 co—

1953 1861 2239 1917 gnoscere,
2289 1844 2434 1899 sicut
2483 1843 2734 1898 Salvator
2773 1842 2942 1906 dixit,
2991 1858 3115 1898 cum
3169 1844 3519 1901 turbulentus

1949 1933 2180 2004 spiritus
2227 1934 2322 2004 qui
2368 1933 2425 1988 in
2474 1933 2556 1988 eis
2607 1941 2897 2003 operatur,
2952 1949 3020 1988 ex
3069 1943 3176 1989 tam
3231 1936 3515 2007 multiplici

1949 2022 2213 2079 scissione
2237 2037 2427 2077 eorum
2457 2021 2691 2076 maxime
2714 2021 3145 2092 demonstretur.
3173 2023 3402 2079 lnsitum
3435 2035 3518 2081 est

1928 2112 2103 2168 .enim'
2128 2111 2396 2182 impietati
2429 2111 2675 2166 studium
2707 2111 3014 2175 inimicitiae
3060 2121 3117 2168 et
3158 2113 3308 2168 belli.
3359 2114 3519 2170 Nunc

1949 2212 2133 2260 autem
2147 2203 2499 2258 inimicorum
2513 2203 2658 2256 inter
2672 2218 2730 2256 se
2750 2201 3133 2258 malevolentia
3155 2211 3210 2258 et
3226 2203 3516 2260 dissidium

1939 2297 2113 2368 nobis
2145 2303 2328 2352 nocet.
2359 2293 2790 2364 Oimperitiamt
2841 2305 2898 2350 et
2929 2295 3058 2350 facti
3108 2305 3300 2352 sumus
3347 2297 3517 2355 mise-

1929 2386 2278 2455 rabiliores,
2337 2401 2500 2455 quam
2561 2384 2657 2454 qui
2711 2385 2856 2454 apud
2903 2400 2999 2440 eos
3047 2387 3103 2440 in
3157 2387 3363 2442 malitia
3427 2402 3518 2444 se-

1947 2476 2156 2534 cundas
2219 2485 2446 2541 tenent;
2511 2475 2606 2545 qui
2670 2491 2852 2545 neque
2922 2485 3188 2546 quantum
3262 2478 3515 2544 inimici,

1927 2575 2138 2630 ,nostra
2170 2565 2362 2620 videre
2399 2574 2454 2620 et
2499 2566 2778 2632 custodire
2822 2564 3134 2636 possumus.
3187 2567 3243 2622 Si
3292 2568 3516 2638 quidem

1948 2657 2180 2712 alterius
2217 2656 2795 2726 partisschismatum
2847 2667 3004 2726 pater
3067 2660 3327 2729 cognovit
3383 2659 3514 2730 quid

1947 2763 2088 2818 opus
2117 2755 2303 2814 esset;
2339 2755 2398 2802 et
2437 2747 2652 2802 veritus
2697 2755 2782 2804 est
2836 2748 3039 2803 bellum
3089 2759 3276 2820 aperte
3325 2759 3514 2808 contra

1930 2837 2238 2910 iverilatem
2272 2837 2551 2902 suscipere
2577 2853 2592 2902 ;
2622 2851 2726 2892 nos
2745 2853 2876 2892 vero
2901 2839 3270 2910 cognitionem
3293 2836 3510 2900 illorqu

1947 2925 2156 2980 aditum
2203 2925 2270 2980 ad
2325 2925 2688 2995 ignorantiam
2745 2925 2997 2994 fecimus,
3043 2928 3281 3000 factique
3325 2945 3511 2990 sumus

1949 3017 2416 3088 imprudentiores
2444 3032 2608 3085 quam
2641 3016 2874 3073 inimici.

2017 3337 2155 3396 Cum
2185 3339 2332 3394 enim
2371 3339 2609 3396 Severus
2637 3349 2696 3396 et
2719 3342 2989 3412 Julianus,
3018 3345 3130 3402 duo
3163 3349 3317 3407 initia
3351 3355 3518 3410 unius

1948 3429 2282 3499 impietatis,
2337 3427 2482 3483 inter
2527 3445 2585 3484 se
2633 3429 2996 3498 dissiderent,
3048 3435 3218 3493 stulte
3257 3441 3514 3512 quidem,

1937 3518 2128 3590 'quoad
2156 3517 2377 3588 propria
2399 3518 2690 3604 principia,
2725 3521 2946 3578 cordate
2973 3539 3105 3580 vero
3128 3531 3308 3596 quoad
3341 3533 3514 3604 ipsam
3583 3584 3591 3594 ,

1944 3609 2270 3673 veritatem,
2347 3618 2404 3665 et
2453 3601 2542 3664 de'
2575 3601 2920 3682 corruptibili
2987 3625 3044 3670 et
3107 3601 3513 3694 incorrup—tibili

1946 3707 2366 3767 concertarent;
2405 3701 2500 3771 qui
2546 3711 2706 3758 erant
2751 3707 2923 3774 partis
2969 3707 3180 3776 Severi,
3222 3722 3282 3768 ut
3319 3731 3514 3776 verum

1945 3791 2144 3857 dicam,
2181 3790 2528 3846 inimicorum
2560 3793 2884 3862 pravitatem
2921 3797 2978 3852 in
3004 3799 3159 3856 lucro
3191 3807 3510 3872 ponebant;

1943 3899 2066 3954 qua:
2119 3885 2268 3940 enim
2319 3885 2506 3942 nullus
2545 3885 2626 3940 eis
2681 3897 2808 3942 ante
2871 3885 3020 3946 hunc
3068 3891 3254 3952 dicere
3297 3900 3510 3957 suasit.

1943 3975 2062 4030 haec
2111 3991 2262 4056 nunc
2295 3964 2680 4031 malevolentia
2713 3977 2770 4032 in
2818 3995 2966 4048 suos,
3013 3985 3263 4040 conﬁteri
3297 3990 3508 4062 coegit:

1942 4059 2232 4134 postquam
2277 4079 2414 4118 vero
2448 4063 2504 4118 in
2545 4065 2892 4135 splendorem
2944 4059 3512 4152 veritatis‘conjicere

1941 4155 2133 4210 oculos
2164 4161 2474 4224 coeperunt,
2505 4157 2788 4226 conjectus
2822 4160 3041 4217 illorum
3071 4153 3177 4220 fuit
3211 4183 3375 4224 causa
3407 4187 3514 4228 cm-

1942 4246 2126 4301 citatis
2158 4245 2510 4330 quibusdam,
2539 4247 2633 4316 qui
2661 4263 2726 4302 ex
2762 4251 2984 4317 nostris,
3018 4253 3085 4306 ad
3117 4258 3356 4326 pejorem
3383 4276 3511 4330 par.

1944 4345 2052 4391 tem
2085 4351 2144 4390 se
2174 4335 2545 4406 adjunxerunt
2577 4343 2632 4390 et
2664 4352 2764 4406 per
2799 4355 2967 4394 unum
2995 4343 3222 4400 verbum
3249 4364 3316 4403 eo
3345 4349 3510 4410 deve-

272 4430 514 4500 ρήματος
567 4428 646 4490 είς
708 4425 908 4478 ταυτὸν
953 4419 1120 4495 ἦλθον
1153 4422 1267 4484 τοῖς
1296 4420 1600 4482 ἐναντίοιςο
1635 4417 1730 4473 καὶ
1773 4417 1840 4471 δι’

1950 4429 2167 4484 nerunt;
2214 4428 2275 4474 ut
2324 4419 2472 4474 idem
2523 4429 2689 4490 atque
2737 4424 3036 4483 adversarii
3089 4435 3402 4504 sentirent,
3450 4451 3510 4499 et

271 4517 604 4586 εὐπρέπειαν
629 4515 915 4584 ὀνόματος,
946 4513 1128 4566 πᾶσαν
1156 4510 1256 4564 σὺν
1279 4509 1510 4570 ἐκείνοις
1528 4505 1840 4561 ἀπεσκευά-

273 4624 436 4661 σαντο
461 4606 558 4676 τὴν
587 4603 924 4674 οἰκονομίαν.

353 4715 610 4770 Ἐκείνων
673 4713 806 4784 γάρ,
881 4712 958 4776 ὡς
1021 4711 1194 4782 ἔφην,
1267 4711 1510 4782 ἀνοήτως
1587 4708 1686 4778 μέν
1761 4707 1837 4770 ὡς

273 4799 408 4878 πρὸς
440 4805 540 4867 τὰς
583 4805 686 4874 τῆς
731 4801 990 4874 ἀληθείας
1021 4801 1278 4872 ἀφορμὰς
1310 4799 1644 4870 ζητούντων,
1679 4797 1840 4850 πότε-

275 4916 368 4969 ρον
394 4898 478 4951 δεῖ
506 4895 747 4964 φθαρτὸν
773 4895 867 4947 καὶ
907 4893 1152 4964 παθητὸν
1178 4891 1241 4946 τὸ
1273 4891 1432 4962 σῶμα
1465 4890 1664 4958 λέγειν,
1701 4889 1838 4958 ὅπερ

273 4989 332 5053 ἐξ
374 4985 533 5058 ήμῶν
581 4983 720 5052 ὑπὲρ
752 4981 909 5053 ήμῶν
951 4972 1470 5052 φορέσαςόΚύριος
1497 4979 1656 5050 ήμῶν
1706 4995 1840 5032 κατ-

273 5079 510 5142 εδέξατο,
545 5075 790 5146 Σευῆρος
831 5072 928 5144 ὀψὲ
965 5072 1087 5144 μὲν,
1111 5074 1261 5142 ὅμως
1289 5072 1334 5125 δ’
1355 5069 1452 5126 οὖν
1489 5069 1690 5142 ᾔσθετο
1717 5071 1842 5123 ἐαυο

272 5169 388 5233 τοῦ,
429 5167 525 5221 καὶ
555 5165 652 5219 τοῦ
693 5163 836 5218 κατὰ
863 5163 974 5216 τῶν
1011 5162 1232 5216 οἰκείων
1271 5161 1648 5234 παρεκέρδανε
1677 5161 1839 5214 πολέ-

275 5277 403 5330 μου,
437 5255 808 5326 ἀναγκασθεὶς
839 5252 1111 5326 διαφοράν
1136 5270 1197 5306 τε
1226 5253 1322 5306 καὶ
1350 5253 1623 5324 ἰδιότητας
1651 5253 1844 5323 ὁμολο-

273 5348 442 5419 γῆσαί
474 5365 536 5401 τε
567 5347 662 5400 καὶ
696 5345 956 5417 κηρύξαι.
997 5342 1114 5415 Τῆς
1141 5343 1308 5398 αὐτοῦ
1339 5343 1385 5396 δ’
1415 5343 1482 5398 ἀν
1513 5343 1598 5416 εῐη
1625 5345 1848 5414 σοφίαςί

273 5439 368 5495 καὶ
397 5437 509 5494 τῶν
539 5437 894 5510 ἐζηλωκότων
928 5437 1114 5504 αὐτὸν,
1145 5435 1410 5508 διαφορὰν
1449 5437 1544 5490 καὶ
1575 5425 1844 5508 ίδιότηταξ

275 5533 625 5604 κατηγορεῖν,
665 5529 726 5584 οὐ
770 5531 894 5584 καθ’
941 5528 1320 5601 ὑποκειμένων
1376 5527 1751 5599 πραγμάτων
1809 5524 1842 5601 ἥ

277 5621 370 5676 δύο
424 5619 862 5693 παραιτούμενον
933 5621 1124 5692 φύσεις
1170 5620 1476 5692 ὁμολογεῖν,
1519 5619 1612 5674 δύο
1666 5620 1844 5690 λέγειν

1943 4519 2172 4580 propter
2201 4511 2454 4565 decorem
2492 4512 2734 4569 nominis
2765 4523 2937 4571 totum
2973 4519 3366 4584 incarnationis
3394 4546 3511 4606 my-

1943 4600 2172 4658 sterium
2205 4600 2568 4656 sustulerunt.

2015 4711 2487 4806 Qum'penim,,ut
2518 4715 2664 4783 dixi,
2722 4719 2888 4776 stulte
2943 4722 3023 4778 illi
3055 4729 3232 4796 quoad
3289 4707 3508 4806 propria

1945 4803 2252 4875 principia,
2299 4805 2603 4875 prudenter
2638 4824 2772 4866 vero
2799 4813 2982 4881 quoad
3019 4831 3214 4876 causas
3262 4803 3510 4888 veritatis

1947 4904 2274 4966 quaererent,
2329 4905 2515 4953 utrum
2561 4903 2920 4972 corruptibile
2982 4923 3049 4962 an
3096 4909 3518 4986 incorruptibile,

1943 4987 2240 5084 dicendpm
2273 4997 2422 5084 esset
2451 5005 2656 5084 corpus
2686 4995 2926 5063 Domini,
2952 5003 3098 5069 quod
3133 5020 3200 5060 ex
3228 5009 3390 5067 nobis
3409 5029 3512 5084 pro

1942 5079 2105 5136 nobis
2147 5078 2415 5136 Dominus
2459 5080 2640 5138 induit
2675 5093 2734 5140 et
2779 5091 3050 5159 suscepit;
3103 5093 3338 5155 Severus
3386 5078 3513 5162 sero

1947 5170 2192 5242 quidem,
2220 5179 2403 5227 tamen
2429 5169 2603 5228 sensit
2632 5173 2854 5232 demum
2914 5181 3188 5256 seipsum;
3221 5197 3278 5244 et
3305 5190 3511 5252 bellum

1950 5271 2138 5354 eontra
2169 5277 2300 5354 suos
2333 5263 2578 5354 lucratus
2605 5275 2711 5332 est,
2741 5277 2964 5328 coactus
2996 5277 3248 5353 conﬁteri
3281 5291 3339 5338 et
3367 5299 3510 5354 pm—

1950 5353 2136 5426 dicare
2168 5351 2534 5410 diﬂ‘erentiam
2567 5363 2625 5411 et
2655 5351 3038 5430 proprietates.
3082 5365 3166 5423 Sit
3197 5351 3386 5428 autem
3419 5387 3509 5428 sa.

1949 5443 2183 5512 pientize'
2200 5443 2336 5513 ejus,
2363 5451 2419 5498 et
2445 5459 2638 5500 eorum
2665 5447 2759 5517 qui
2785 5451 3010 5508 student
3039 5455 3111 5519 ei,
3147 5439 3508 5516 differentiam

1951 5535 2010 5588 et
2040 5532 2406 5602 proprietates
2433 5533 2749 5602 praedicare
2771 5553 2882 5594 non
2916 5541 2986 5597 de
3014 5544 3277 5612 subiectis
3308 5543 3508 5607 rebus;

1951 5623 2038 5678 vel
2073 5621 2209 5678 duas
2237 5633 2460 5680 naturas
2493 5625 2744 5684 conﬁteri
2788 5641 3152 5698 recusantem,
3183 5647 3291 5686 non
3333 5633 3512 5690 vereri
