3954 6148
429 289 561 353 Γίο

1677 268 1990 332 LEONTII
2028 264 2436 329 BYZANTINI

3551 267 3696 332 1320

423 411 569 450 nunc
599 379 786 448 dicere
821 386 957 446 duas
991 385 1360 460 proprietates
1405 377 1783 450 cormptibilis
1811 385 1871 434 et
1911 375 1998 431 in-

2109 376 2386 446 ίδιὸτητας
2415 370 2656 447 φθαρτοῦ
2688 375 2782 428 καὶ
2811 374 3116 446 ἀφθάρτου,
3149 376 3246 429 καὶ
3288 375 3388 448 τὴν
3414 373 3693 448 διαίρεσιν

425 483 821 557 corruptibilis,
856 491 910 535 et
941 479 1260 534 divisionem
1295 474 1510 530 numeri
1542 471 1802 535 duorum,
1833 484 1996 539 quam

333 605 342 640 ι
425 593 645 632 sursum
675 575 935 629 deorsum
963 583 1191 624 versans
1216 575 1274 622 et
1311 565 1492 620 omnia
1527 565 1764 617 miscens
1807 561 1860 615 in
1904 577 1999 615 su-

335 641 345 680 ξ
425 665 740 736 perioribus
767 661 1086 726 accusabat;
1115 667 1210 713 aut
1234 656 1512 728 quomodo
1536 671 1646 710 non
1663 654 1999 708 admiremur

422 755 794 811 eruditionem
820 752 961 821 ejus,
983 751 1076 818 qui
1105 747 1578 818 participationem
1603 743 1824 813 quidem
1853 742 2000 797 clara

421 853 558 892 voce
593 835 884 905 praedicat;
924 832 979 886 id
1018 840 1200 886 autem
1237 845 1305 884 ex
1334 843 1446 897 quo
1483 827 1649 881 ducta
1697 835 1783 880 est
1823 825 2000 894 parti-

423 929 646 998 cipatio,
705 941 816 980 non
870 925 1049 979 solum
1098 939 1210 977 non
1263 929 1480 985 servat,
1536 919 1633 973 sed
1683 933 1999 988 oppugnare

422 1018 658 1072 nititur?
690 1015 746 1072 Si
770 1015 917 1070 enim
946 1028 1148 1082 corpus
1171 1012 1307 1071 dicit
1333 1009 1613 1082 passibile,
1638 1017 1692 1063 et
1717 1009 2000 1078 passiones

425 1109 705 1164 naturales
732 1107 784 1161 ei
820 1107 1034 1171 tribuit,
1071 1105 1235 1174 idque
1263 1111 1389 1172 post
1427 1101 1722 1165 unionem;
1773 1114 2001 1169 respon-

426 1199 556 1253 deat
599 1197 766 1267 igitur
820 1195 984 1249 nobis
1025 1195 1128 1248 iste
1177 1193 1426 1262 sapiens,
1467 1206 1537 1244 an
1584 1205 1696 1244 non
1733 1205 1765 1244 a
1801 1198 2000 1244 natura

425 1289 700 1343 naturalia
731 1286 1178 1356 proﬁciscantur,
1210 1292 1272 1336 ut
1306 1282 1376 1337 ab
1407 1293 1528 1336 arte
1557 1279 1893 1335 artiﬁciosa?

493 1379 703 1434 Verum
739 1391 860 1446 quae
897 1375 1043 1430 illius
1073 1383 1224 1440 sunt,
1258 1387 1606 1429 reservemus
1657 1371 1999 1441 longioribus

428 1471 605 1534 libris,
633 1471 719 1524 vel
747 1469 815 1524 iis
837 1469 932 1538 qui
967 1469 1172 1538 majore
1203 1466 1338 1534 otio,
1371 1479 1534 1536 quam
1565 1479 1669 1519 nos
1694 1465 1994 1519 abundant.

427 1561 570 1628 Quid
601 1569 786 1615 autem
815 1561 970 1616 dices
1011 1560 1080 1614 de
1121 1558 1210 1624 iis,
1242 1559 1338 1627 qui
1383 1557 1501 1611 haec
1529 1569 1746 1626 semper
1773 1555 1917 1610 clara
1943 1565 2000 1611 et

429 1653 684 1708 omnibus
714 1652 1003 1708 manifesta
1031 1665 1166 1706 voce
1196 1649 1615 1712 denuntiabant,
1647 1663 1711 1702 ac
1735 1658 1999 1716 praeterea

427 1742 808 1811 operationem
839 1741 1002 1796 aliam
1039 1739 1260 1810 quidem
1293 1753 1415 1793 esse
1444 1737 1648 1803 carnis,
1685 1737 1846 1791 aliam
1868 1753 2000 1792 vero
2032 1720 2076 1778 Β

429 1831 774 1898 divinitatis;
819 1840 876 1888 et
901 1832 1211 1902 passionem
1239 1831 1384 1886 circa
1419 1844 1638 1900 corpus,
1666 1837 1722 1883 et
1752 1829 2004 1898 impassi-

431 1922 696 1977 bilitatem
727 1922 874 1978 circa
901 1923 1141 1979 Verbum
1172 1921 1616 1986 conﬁtebantur;
1651 1919 1696 1975 si
1720 1927 1777 1975 et
1808 1920 2001 1976 unioni

430 2027 618 2070 rerum
647 2015 1203 2069 communicationem
1238 2013 1434 2066 barum
1462 2011 1845 2082 operationum
1871 2027 2004 2066 con-

430 2113 760 2168 cesserunt,
817 2112 874 2158 et
925 2113 986 2158 ut
1039 2104 1108 2158 de
1159 2105 1423 2158 alterutra
1475 2111 1672 2158 natura
1723 2103 2002 2172 reciproca

429 2204 656 2266 propter
671 2195 1062 2266 proprietatem
1082 2195 1130 2250 al
1141 2195 1408 2250 terutrius
1421 2196 1475 2250 in
1491 2195 1684 2250 eodem
1701 2195 2001 2250 variantem

429 2287 889 2356 prmdicarerntur;
912 2303 1061 2343 nunc
1081 2297 1266 2343 autem
1292 2297 1553 2358 tanquam
1587 2304 1654 2343 ex
1676 2288 2004 2345 necessitate

427 2379 537 2433 sibi
591 2379 1002 2442 contradicunt,
1056 2383 1114 2434 et
1149 2378 1565 2450 incorruptibili
1603 2381 2002 2436 assentiuntur.

429 2469 508 2524 De
552 2471 755 2540 quibus
785 2470 974 2525 ncscio
1009 2471 1142 2540 quid
1175 2471 1362 2526 dicere
1391 2471 1653 2538 dcbc’am,
1695 2473 2004 2528 admireme

432 2557 745 2614 ﬁrmitatem
785 2575 1002 2625 eorum,
1034 2576 1108 2614 an
1153 2561 1374 2615 laudem
1413 2561 1726 2626 levitatem;
1765 2563 1856 2632 qui
1895 2576 2004 2616 uno

430 2649 602 2704 verbo
631 2650 834 2704 decoro
867 2651 1049 2704 anima
1101 2651 1262 2706 avide
1295 2651 1544 2716 invitata,
1586 2652 1652 2706 ad
1700 2653 2004 2723 speciosam

430 2741 700 2797 fallaciam
735 2741 960 2796 abducti
1012 2749 1068 2795 et
1129 2741 1334 2797 detorti
1387 2751 1536 2796 sunt.
1583 2741 1644 2797 Id
1683 2744 1831 2813 quod
1883 2745 2005 2799 aliis

431 2831 564 2886 olim
592 2839 648 2886 et
679 2846 830 2885 nunc
867 2829 1132 2885 accidisse
1172 2831 1401 2886 scimus.
1427 2832 1546 2888 Jam
1578 2833 1726 2887 enim
1753 2833 2004 2887 nonnulli

431 2921 816 2994 superioribus
842 2921 1183 2990 temporibus
1204 2920 1272 2976 ad
1297 2919 1562 2976 fallaciam
1588 2921 2002 2984 Encratetarnm

2099 469 2200 538 τῆς
2229 467 2444 532 δυάδος,
2480 467 2546 538 ῆν
2575 467 2812 520 άνω“κα“ι
2832 467 2984 520 κάτω
3015 467 3288 538 στρέφων,
3321 469 3418 522 καὶ
3440 469 3512 522 τὰ
3542 470 3691 524 πᾶν-

2099 575 2166 612 τα
2202 557 2408 620 κυκῶν,
2444 559 2502 610 ὲν
2528 558 2641 619 τοῖς
2678 557 3014 628 προλαϐοῦσι
3050 557 3352 623 διέϐαλλεν,
3383 561 3592 630 ἥκιστά
3623 579 3690 628 γε

2099 651 2167 704 τὰ
2201 650 2295 704 νῦν
2329 650 2710 703 εὐλαϐεῖσθαιο
2744 649 2776 720 ἤ
2815 651 2930 713 πῶς
2960 667 3022 718 γε
3058 650 3132 720 μὴ
3174 651 3444 719 ἀγάσαιτο
3471 669 3554 712 τις
3585 655 3691 706 αὖ·

2099 742 2191 794 τὸν
2221 741 2320 810 τῆς
2351 741 2711 804 παιδεύσεως,
2740 741 2840 811 τὴν
2887 741 3123 809 μετοχὴν
3173 741 3270 809 μὲν
3303 739 3535 813 λαμπρᾷ
3576 761 3689 814 κη-

2103 831 2369 902 ρύττοντά
2404 833 2470 901 τῇ
2512 833 2688 900 φωνῇ,
2722 830 2779 896 ἐξ
2809 824 2871 883 οὗ
2908 829 2965 882 δὲ
2995 831 3134 898 αὐτὴ
3162 830 3444 901 παρῆκται
3477 833 3538 883 ού
3573 851 3690 900 φυ-

2101 922 2425 991 λαττόμενον
2485 921 2668 990 μόνον,
2717 919 2856 973 ἀλλά
2897 920 2992 972 καὶ
3037 920 3294 990 πολεμεῖν
3343 922 3684 986 σπεύδοντας

2103 1012 2166 1066 Et
2199 1015 2306 1082 γάρ
2361 1011 2518 1080 φύσει
2569 1013 2666 1082 μὲν
2703 1013 2946 1080 παθητδν
2973 1011 3124 1080 λέγει
3156 1011 3218 1064 τὸ
3249 1013 3426 1084 σῶμα,
3455 1017 3548 1067 καὶ
3579 1032 3688 1080 φυ-

2103 1105 2232 1158 σικά
2261 1105 2410 1174 πάθη
2447 1103 2662 1156 δίδωσιν
2697 1103 2867 1173 αὐτῷ,
2893 1103 2994 1155 καὶ
3028 1102 3205 1156 ταῦτα
3242 1105 3380 1172 μετὰ
3415 1105 3512 1174 τὴν
3543 1106 3686 1158 ἑνω-

2101 1213 2210 1262 σιν,
2257 1195 2648 1262 ἀποκρινάσθω
2697 1195 2760 1262 δὴ
2807 1191 2900 1248 οὖν
2940 1197 3073 1266 ἡμῖν
3114 1197 3143 1249 ὁ
3192 1197 3380 1264 σοφὸς,
3411 1199 3458 1249 εἰ
3489 1199 3563 1266 μὴ
3613 1201 3684 1251 ἐκ

2101 1279 2317 1358 φύέεως
2339 1290 2410 1340 ’τά
2440 1288 2671 1356 φυσικὰ,
2702 1286 2894 1357 ὥσπερ
2926 1288 2989 1340 ὲκ
3018 1289 3216 1358 τέχνης
3246 1289 3314 1340 τὰ
3349 1291 3602 1358 τεχνητά.

2185 1377 2342 1430 Ἀλλὰ
2361 1379 2426 1431 τά
2449 1379 2546 1447 μὲν
2571 1381 2690 1442 κατ’
2710 1379 2872 1430 αὐτὸν
2896 1379 3252 1449 μακροτέροις
3271 1380 3680 1450 ταμιευσάμεθα

2099 1471 2298 1537 λόγοις,
2321 1468 2352 1536 ἢ
2381 1471 2491 1532 τοῖς
2509 1471 2540 1538 ἡ
2551 1467 2665 1537 μῶν
2689 1469 2922 1536 μάλιστα
2960 1469 3156 1540 σχολὴν
3183 1472 3431 1539 ἄγουσιν.
3462 1473 3526 1524 Τί
3551 1473 3680 1524 δ’ᾶν

2100 1561 2274 1622 εἴποις
2319 1560 2446 1628 περὶ
2489 1558 2599 1610 τῶν
2646 1557 2822 1612 ταῦτα
2861 1561 3092 1630 λαμπρᾷ
3151 1564 3538 1630 κηρυττόντων
3577 1564 3680 1615 καὶ

2101 1651 2408 1722 διαπρυσίῳ
2439 1651 2526 1702 ἀεὶ
2553 1653 2618 1720 τῇ
2651 1653 2838 1720 quivi;
2878 1651 3159 1719 ἐνέργειάν
3191 1669 3248 1704 τε
3281 1655 3418 1722 προς
3442 1651 3678 1717 τούτοις,

2102 1745 2268 1814 ἄλλην
2320 1745 2419 1814 μὲν
2467 1743 2690 1813 σαρκὸς,
2733 1743 2924 1812 ἑτέραν
2981 1742 3038 1795 δὲ
3093 1743 3369 1812 θεότητος,
3412 1745 3580 1807 πάθος
3613 1760 3677 1796 τε

2104 1837 2232 1907 περὶ
2261 1837 2322 1889 τδ
2371 1833 2552 1904 σῶμα,
2598 1835 2690 1886 καὶ
2722 1833 2988 1888 ἀπάθειαν
3024 1835 3154 1904 περὶ
3183 1835 3272 1887 τὸν
3305 1834 3462 1903 λόγον
3491 1835 3683 1906 ὁμολο-

2102 1929 2388 1999 γούντων.
2453 1927 2914 1996 άντιττεριχωρεῖν
2986 1927 3191 1988 ταύτας
3247 1926 3531 1990 δεδώκασι,
3578 1929 3682 1982 καὶ

2102 2018 2652 2090 ἆντικατηγορεῖσθαι
2679 2017 2935 2088 θατέρου,
2971 2018 3059 2072 διὰ
3089 2020 3188 2088 τὴν
3217 2021 3276 2070 ὲν
3309 2019 3520 2090 θατέρῳ
3545 2037 3680 2073 ταυ-

2101 2110 2198 2164 τοῦ
2257 2109 2705 2163 ἐπαλλάττουσαν
2738 2109 3008 2180 ἰδιότητα·
3039 2112 3109 2163 τά
3144 2109 3201 2162 δὲ
3240 2109 3335 2162 νῦν
3361 2109 3552 2182 ὥσπερ
3584 2110 3680 2174 ἑξ-

2103 2204 2360 2275 επίτηδες
2380 2205 2494 2265 τοῖς
2517 2200 2744 2264 οἰκείοις
2765 2201 3233 2271 περιπιπτόντων,
3248 2203 3344 2254 καὶ
3371 2199 3450 2270 τῷ
3467 2202 3680 2271 ἀφθάρ-

2102 2311 2179 2366 τῳ
2215 2293 2624 2364 προσθεμένων,
2661 2285 2761 2345 Ὧν
2790 2291 2891 2344 οὐκ
2919 2286 3036 2344 οἶδα
3059 2291 3110 2343 τί
3139 2293 3236 2343 καὶ
3265 2290 3444 2359 λέγειν
3475 2287 3676 2360 χρεὼν,

2104 2383 2374 2452 θαυμάσω
2420 2381 2520 2450 τὴν
2567 2382 2926 2454 στερρότητα,
2963 2381 2995 2452 ἢ
3028 2381 3303 2446 ἐπαινέσω
3344 2381 3442 2450 τὴν
3477 2379 3679 2448 κουφό-

2102 2489 2261 2544 τητα,
2316 2471 2395 2526 ἐνὶ
2456 2473 2660 2543 ῥήματι
2719 2473 2988 2542 εὐπρεπεῖ
3023 2476 3088 2542 τῇ
3136 2470 3301 2542 λίχνῳ
3353 2470 3454 2541 τῆς
3495 2467 3678 2541 (ἶν’-’ἰῆς

2105 2565 2462 2636 προσκλήσει,
2497 2563 2637 2632 πρὸς
2689 2564 2752 2618 τὸ
2787 2563 3014 2630 πιθανὸν
3045 2562 3144 2632 τῆς
3173 2562 3392 2632 ἀπάτης
3424 2579 3677 2631 παρασυ-

2107 2656 2332 2728 ρέντων.
2377 2657 2442 2708 Ὀ
2475 2656 2541 2726 δὴ
2577 2655 2670 2708 καὶ
2718 2655 2942 2726 ἑτέρους
2995 2654 3162 2709 πάλαι
3217 2671 3277 2708 τε
3323 2655 3418 2709 καὶ⁵
3442 2653 3536 2707 νῦν
3575 2669 3678 2706 πε-

2104 2744 2368 2804 πονθότας
2409 2743 2769 2812 γινώσκομεν.
2817 2743 2955 2814 Ἤδη
2982 2742 3092 2812 γάρ
3117 2761 3263 2806 τινες
3307 2743 3365 2824 ἐν
3418 2746 3530 2805 τοῖς
3574 2741 3678 2812 ἔμ-

2105 2834 2344 2906 προσθεν
2387 2836 2452 2904 τῇ
2500 2833 2612 2886 τῶν
2650 2833 3041 2904 Ἐγκρατητῶν
3086 2835 3266 2904 ἀπάτῃ
3319 2833 3672 2902 προσέθεντο,

2102 2926 2181 2996 τῷ
2209 2925 2406 2996 κομψῷ
2435 2926 2533 2993 τῆς
2564 2927 2750 2995 φωνῆς
2779 2927 2858 2988 είς
2878 2926 2936 2976 τὸ
2963 2907 3055 2976 τοῦ
3085 2923 3359 2986 Μάνεντος
3387 2922 3670 2992 βάραθρον

431 3029 492 3069 se
519 3013 908 3083 adjunxerunt,
940 3011 1211 3081 elegantia
1250 3011 1403 3066 vocis
1443 3012 1500 3066 in
1527 3011 1848 3068 barathrum
1889 3013 1998 3068 Ma-

2105 3013 2528 3085 κατασυρέντες.
2575 3015 2758 3068 Ἀλλοι
2803 3013 2858 3066 δὲ
2911 3015 2976 3084 τῇ
3034 3013 3141 3066 τῶν
3201 3011 3472 3082 Καθαρῶν
3513 3009 3664 3062 οὕτω

431 3102 628 3157 nicliaei
653 3099 997 3170 praecipitati.
1017 3099 1123 3154 Alii
1147 3107 1330 3154 autem
1357 3101 1628 3171 inquinati
1657 3103 1998 3158 immunditie

2105 3107 2458 3177 καλουμένων
2505 3107 2928 3178 ὲμμολυνθέντες
2975 3105 3306 3176 ἀκαθαρσίᾳ,
3363 3101 3536 3156 οὐδενί
3586 3117 3652 3167 γε

430 3209 648 3255 eorum,
689 3191 934 3256 Cathari,
965 3191 1020 3246 id
1063 3201 1168 3257 est,
1201 3191 1393 3246 mundi
1443 3193 1804 3256 vocabantur,
1854 3195 2003 3249 nulla

430 3286 538 3340 alia
585 3299 643 3339 re
688 3283 794 3338 nisi
827 3282 1076 3353 specioso
1103 3281 1328 3361 nomine
1359 3281 1640 3352 depravati
1687 3292 1834 3338 sunt.
1882 3281 2027 3340 Ple-'

432 3375 590 3444 rique
619 3373 786 3427 etiam
815 3372 1118 3428 recentium
1163 3380 1219 3426 et
1239 3381 1511 3436 veterum,
1539 3387 1772 3442 quorum
1811 3389 2004 3428 nume-

429 3479 553 3519 rare
584 3464 806 3518 no‘mina
835 3461 1055 3517 difficile
1077 3471 1246 3528 esset,
1279 3477 1380 3517 suo
1403 3471 1666 3532 corrupto
1699 3465 2002 3534 patrocinio

431 3554 890 3626 impassibilitatis
937 3553 1126 3620 Verbi,
1181 3554 1238 3608 in
1278 3553 1520 3609 Nestorii
1568 3554 1820 3609 haeresim
1865 3554 2004 3610 inci-

429 3645 652 3700 derunt.
822 3649 826 3656 '

383 3761 398 3773 -
497 3735 558 3789 lu
593 3749 837 3799 summa,
873 3741 1019 3788 totas
1061 3733 1264 3790 classes
1309 3733 1619 3790 animarum
1665 3743 1922 3806 tanquam
1968 3753 2001 3794 a

429 3827 664 3897 quadam
695 3827 896 3898 Scylla,
930 3833 1026 3882 aut
1092 3825 1145 3880 ei
1195 3825 1411 3897 objecta
1457 3826 1744 3900 Charybde
1791 3839 1996 3900 raptas,

427 3927 484 3973 et
515 3919 832 3973 submersas
859 3931 981 3972 esse
1019 3917 1225 3972 scimus
1270 3917 1466 3973 inscite
1519 3919 1758 3976 offensas
1813 3921 2000 3978 humi-

426 4011 576 4066 libus
620 4009 803 4063 verbis
844 4016 902 4062 et
950 4007 1120 4063 rebus
1165 4007 1370 4063 Christi
1417 4008 1515 4063 Dei
1545 4012 1740 4076 nostri,
1775 4023 2000 4082 propter

426 4101 548 4172 ejus
607 4114 735 4170 erga
783 4115 888 4154 nos
941 4099 1397 4154 condesceusum.
1451 4099 1590 4166 Quid
1644 4102 1792 4158 enim
1847 4103 1997 4160 aliud

430 4187 670 4244 inﬁnitas
703 4189 956 4242 nationes
1010 4189 1294 4259 gentium,
1352 4197 1446 4244 aut
1494 4189 1752 4246 Judaicas
1811 4193 1998 4264 cupias

431 4281 485 4335 in
515 4296 614 4334 nos
641 4279 892 4343 armavit,
929 4288 984 4334 et
1009 4280 1193 4334 lurore
1240 4280 1514 4346 accendit,
1551 4283 1680 4346 nisi,
1709 4292 1769 4362 ut
1793 4285 1996 4341 Paulus

2103 3199 2278 3268 ἑτέρῳ
2310 3199 2344 3270 ἢ
2385 3199 2464 3268 τῷ
2518 3199 2772 3270 χαρίεντι
2821 3197 2993 3266 τούτῳ
3013 3196 3238 3266 ὀνόματι
3269 3193 3659 3266 προσεφθάρητ

2104 3305 2225 3342 σαν.
2269 3289 2463 3343 Πολλοί
2511 3306 2572 3342 τε
2609 3289 2721 3342 τῶν
2755 3305 2816 3342 τε
2851 3287 2986 3342 νέων
3017 3287 3109 3340 καὶ
3143 3287 3251 3340 τῶν
3298 3282 3566 3348 παλαιῶν,
3591 3276 3669 3336 ὢν

2102 3381 2196 3434 καὶ
2239 3380 2340 3444 τὰς
2389 3379 2766 3453 προσηγορίας
2823 3379 3084 3451 ἀριθμεῖν
3127 3379 3554 3448 ὲργωδέστατον,
3601 3375 3671 3445 τῇ

2102 3473 2223 3527 κατ’
2251 3474 2452 3538 αὐτοὺς
2499 3473 2739 3544 ἐμπαθεῖ
2782 3471 3085 3543 συνηγορίᾳ
3131 3473 3229 3542 τῆς
3271 3469 3537 3533 ἀπαθείας
3577 3466 3673 3520 τοῦ

2099 3565 2302 3634 Λόγου,
2329 3568 2411 3630 είς
2442 3567 2504 3619 τὸ
2532 3565 2833 3638 Νεστορίου
2869 3564 3142 3636 βάραθρον
3168 3560 3587 3634 ὲμπεπτὼκασι.

2170 3741 2281 3794 Καὶ
2332 3739 2637 3809 συλλήϐδην
2711 3739 2908 3803 είπεϊν,
2961 3735 3116 3800 ὅλους
3185 3734 3407 3796 στόλους
3461 3732 3669 3803 ψυχῶν,

2099 3827 2288 3900 ὥσπερ
2321 3829 2428 3882 ὑπὸ
2477 3828 2721 3900 Σκύλλης
2755 3825 2981 3897 τινὸς,ἢ
3011 3825 3112 3896 τῆς
3145 3823 3428 3879 ἀντιθέτου
3482 3820 3667 3890 Χαρύ-

2099 3918 2267 3982 ϐδεως
2303 3918 2691 3990 ήρπασμένους
2723 3933 2784 3968 τε
2825 3915 2920 3969 καὶ
2969 3913 3332 3984 ὑποϐρυχίους
3381 3911 3670 3982 γεγονότας

2099 4007 2371 4078 ἔγνωμεν,
2436 4008 2550 4069 τοῖς
2621 4006 3030 4076 ταπεινοτέροις
3083 4002 3322 4074 Χριστοῦ
3378 4002 3472 4056 τοῦ
3531 3999 3666 4054 Θεοῦ

2097 4099 2276 4171 ἡμῶν,
2307 4098 2397 4152 διὰ
2427 4098 2527 4168 τὴν
2557 4097 2696 4169 πρὸς
2727 4098 2786 4164 το
2813 4097 3082 4168 ἡμέτερον
3115 4095 3283 4149 αὐτοῦ
3319 4093 3666 4163 συγκατάϐα-

2099 4208 2204 4256 σιν,
2261 4189 2467 4262 ῥήμασί
2509 4205 2570 4244 τε
2621 4191 2716 4244 καὶ
2770 4191 3090 4260 πράγμασιν
3122 4185 3462 4242 ἀπαιδεύτως
3491 4200 3662 4257 προσ-

2097 4277 2448 4341 πταίσαντας.
2497 4275 2563 4330 Τί
2617 4277 2728 4348 γάρ
2791 4277 2918 4330 ἄλλο
2971 4276 3042 4330 τά
3104 4277 3274 4348 μυρία
3357 4275 3500 4342 φῦλα
3555 4272 3662 4325 τῶν

425 4373 729 4430 nominavit
752 4373 814 4437 ",
847 4373 1076 4428 stultitia
1109 4373 1551 4442 praedicationis?
1581 4375 1782 4444 Ecquis
1818 4393 1992 4432 novo-

2102 4370 2288 4432 ἐθνῶν,
2321 4369 2354 4439 ἢ
2381 4367 2482 4432 τὰς
2522 4367 2818 4432 Ἰουδαῖκάς
2846 4370 2879 4439 ἡ
2889 4370 2980 4438 μίν
2999 4365 3286 4437 φάλαγγας
3311 4364 3578 4432 ἐξώπλισέ
3603 4381 3663 4418 τε

425 4477 548 4517 rum
581 4462 1030 4532 dogmatistarum
1063 4463 1431 4519 eruditionem
1461 4480 1571 4520 non
1601 4465 1985 4535 admiraretur,

426 4555 472 4611 si
513 4555 814 4610 secundum
859 4571 1051 4610 eorum
1098 4571 1268 4626 nugas
1301 4571 1494 4611 omnes
1540 4567 1806 4630 martyres
1845 4561 1990 4616 cele-

423 4645 552 4703 bres
573 4653 629 4699 et
656 4660 850 4700 omnes
877 4646 1240 4710 confessores,
1283 4645 1402 4700 sine
1440 4648 1726 4702 tormentis
1754 4665 1987 4706 coronas

422 4748 524 4808 pro
548 4738 751 4807 pietate
780 4753 880 4808 per
903 4739 1002 4792 has
1028 4735 1164 4792 duas
1187 4743 1351 4792 vodes
1372 4735 1624 4794 obtinere
1655 4740 1984 4810 potuissent,

422 4827 470 4880 s‘i
503 4839 598 4881 eas
623 4826 845 4896 quidem
869 4825 1228 4881 didicissent?
1253 4825 1356 4892 Qui
1389 4836 1571 4880 autem
1594 4827 1754 4904 istius
1783 4841 1990 4900 magna:

421 4917 704 4986 sapientiae
739 4923 992 4986 expertes
1041 4926 1247 4981 essent,
1297 4918 1654 4972 reCessissent
1686 4934 1786 4988 per
1820 4921 1989 4990 negli-

419 5008 661 5079 gentiam
721 5008 958 5079 decepti,
994 5023 1103 5063 non
1137 5009 1263 5065 facti
1299 5007 1356 5064 in
1391 5012 1502 5066 vita
1530 5011 1801 5067 columnae
1829 5011 1988 5066 forti-

420 5097 882 5164 tudinis;nullus,
913 5099 1132 5169 opinor,
1154 5115 1221 5156 ex
1253 5097 1650 5155 crudelissimis
1679 5107 1736 5166 et
1755 5100 1990 5156 maxime

418 5189 700 5246 malevolis
729 5181 1177 5260 persecutoribus
1219 5200 1410 5262 pmnas
1438 5191 1507 5246 ab
1533 5192 1646 5247 ullo
1674 5190 1988 5248 Christiano

418 5279 732 5352 repetisset,
776 5279 822 5335 si
871 5280 930 5336 in
980 5281 1244 5336 tribunali
1288 5285 1476 5338 natum
1531 5297 1598 5338 ex
1643 5283 1886 5356 Virgine,
1932 5291 1990 5339 et

417 5369 764 5436 cruciﬁxum,
792 5377 850 5427 et
872 5370 1174 5442 sepultum,
1223 5387 1286 5430 ac
1329 5373 1652 5428 suscitatam
1689 5390 1721 5430 a
1751 5374 1986 5430 mortuis

419 5462 696 5521 nominem
725 5471 940 5518 tantum
979 5461 1150 5520 fuisse
1186 5463 1422 5523 confessi
1447 5473 1651 5524 essent.
1679 5465 1809 5536 Quae
1835 5466 1981 5525 enim

490 5633 535 5668 “
567 5636 582 5690 Ι
615 5633 745 5693 Cor.
779 5653 825 5704 ι,
861 5632 948 5700 18,
979 5635 1069 5692 νδ.

2095 4465 2192 4516 καὶ
2218 4460 2505 4530 ὲξέμηνεν,
2537 4461 2654 4514 ἀλλ’
2685 4461 2740 4530 ἢ,
2765 4461 2838 4524 ὼς
2861 4463 2890 4513 ὁ
2917 4459 3130 4523 Παῦλος
3159 4458 3465 4527 ὠνόμακεν,
3493 4456 3527 4524 ἡ
3559 4473 3667 4526 μω-

2097 4555 2188 4626 ρία
2216 4551 2310 4606 τοῦ
2333 4551 2726 4624 κηρύγματος;
2760 4553 2872 4605 Καὶ
2897 4552 2981 4616 τίς
3013 4551 3078 4606 ἂν
3095 4551 3181 4621 μὴ
3211 4549 3508 4621 θαυμάσειε
3566 4549 3665 4616 τῆς

2094 4645 2430 4709 παιδεύσεως
2460 4646 2588 4709 τοὺς
2627 4646 2782 4708 νέους
2827 4643 3214 4714 δογματιστὰς,
3247 4643 3405 4709 εἴπερ
3447 4635 3556 4693 οἷόν
3601 4655 3663 4691 τε

2091 4735 2182 4812 ἦν,
2240 4738 2384 4794 κατά
2424 4739 2554 4801 τοὺς
2606 4729 2788 4791 αὐτῶν
2845 4737 3073 4806 λήρους,
3129 4736 3334 4795 πάντας
3385 4733 3482 4801 μὲν
3539 4731 3666 4793 τοὺς

2101 4831 2380 4902 ἀοιδίμους
2429 4833 2734 4902 μάρτυρας,
2785 4829 2996 4892 πάντας
3037 4827 3096 4880 δὲ
3146 4827 3272 4891 τοὺς
3307 4825 3662 4897 ὸμολογητάς,

2093 4923 2191 4976 καὶ
2232 4922 2484 4993 βασάνων
2517 4920 2673 4984 ἐκτὸς
2715 4921 2841 4983 τοὺς
2873 4917 3018 4990 ὑπὲρ
3050 4917 3334 4980 εὐσεϐείας
3364 4916 3666 4985 στεφάνους

2093 5014 2416 5082 ἀπολαϐεῖν,
2453 5014 2542 5068 διά
2575 5011 2670 5066 δύο
2709 5011 2940 5066 τουτωνὶ
2988 5009 3208 5075 λέξεων,
3243 5008 3300 5062 εί
3323 5025 3388 5076 γε
3423 5006 3668 5078 μεμαθη-

2101 5106 2257 5170 κότες
2283 5105 2454 5168 αὑτάς
2481 5103 2710 5174 ἔτυχον;
2735 5105 2799 5155 Oi
2825 5101 2881 5155 δὲ
2907 5101 3007 5173 τῆς
3036 5100 3179 5156 οὕτω
3210 5098 3455 5171 μεγάλης
3485 5093 3665 5151 αὐτῶν

2097 5197 2290 5266 σοφίας
2311 5197 2570 5267 άμέτοχοι
2595 5193 2993 5265 διαμείναντες,
3014 5193 3260 5263 ἀπῆλθον
3283 5192 3500 5264 ἀπάτης
3524 5191 3666 5260 πάρ-

2087 5302 2272 5356 εργον,
2297 5287 2398 5340 οὐκ
2437 5285 2690 5356 ἀνδρείας
2725 5285 2918 5356 στῆλαι
2976 5283 3058 5355 τῷ
3087 5283 3190 5354 βίῳ
3223 5284 3536 5354 γενόμενον
3569 5281 3668 5334 ob-

2088 5375 2200 5442 δαὶς
2219 5377 2328 5451 γὰρ
2349 5377 2439 5444 ἂν,
2458 5380 2537 5444 ῶς
2548 5377 2727 5449 οἶμαι,
2751 5379 2860 5431 τῶν
2891 5393 2950 5430 τε
2973 5376 3322 5448 πικροτάτων
3346 5376 3440 5429 καὶ
3466 5375 3668 5444 δυσμε-

2089 5470 2198 5527 νῶν
2225 5468 2492 5539 διωκτῶν,
2523 5471 2682 5544 δίκην
2723 5471 2846 5526 τινὰ
2895 5468 3240 5542 Χριστιανῶν
3279 5465 3665 5539 εἰσεπράξατο,
