3954 6148
328 323 461 392 1321
1035 323 1046 330 ’
1390 323 1687 384 CONTRA
1726 323 2047 384 NESTOIL
2092 323 2185 384 ET
2225 322 2544 384 EUTYCH.
3441 319 3580 384 1322

321 441 368 492 εί
404 433 517 492 ’ἐπὶ
563 435 656 490 τοῦ
705 433 954 506 βήματος
997 430 1336 502 ὡμολόγουν,
1395 431 1683 502 ἄνθρωπον
1741 428 1882 482 αὑτδτ

2020 446 2102 486 eos
2141 432 2346 487 invidia
2380 433 2617 502 cepisset
2649 431 3056 490 resurrectione
3089 431 3332 488 hominis
3379 435 3581 504 praedi-

325 529 486 602 μόνον
521 525 662 584 ε’ίναι
693 527 783 580 τὸν
811 525 1209 606 γεγεννημένον
1238 525 1302 576 ὲκ
1333 521 1430 592 τῆς
1463 521 1764 594 Παρθένου,
1802 523 1886 574 καὶ

2016 506 2162 578 :ata?
2195 523 2300 590 Qui
2345 523 2570 595 quidem
2619 523 2678 578 in
2720 523 2878 580 nullo
2925 525 3036 580 alio
3077 539 3294 592 eorum,
3328 526 3446 582 sive
3485 527 3577 597 qui

321 617 761 692 ισταυρωμὲνον,
811 616 907 668 καὶ
951 612 1318 683 τεθαμμένοι),
1347 613 1444 665 καὶ
1497 611 1882 682 ἐγηγερμένον.

2022 619 2162 684 'also,
2203 620 2320 676 sive
2371 621 2468 690 qui
2512 635 2644 676 vere
2677 621 2746 676 ad
2783 621 2954 676 vitam
3003 621 3250 678 revocati
3283 636 3406 678 esse
3454 637 3583 676 nar-

325 713 484 775 Ποῖος
517 710 626 781 γάρ
659 706 726 762 ἀν
767 705 962 776 φθόνος
1013 703 1212 766 αὐτοὺς
1251 700 1602 772 ὑπεισῆλθεν,
1640 701 1741 770 τῆς
1770 702 1886 754 ἀνα-

2022 719 2216 775 -antur,
2252 710 2458 767 invidia
2505 712 2766 767 commoti
2801 723 2951 778 sunt,
3003 729 3128 769 cum
3169 713 3332 768 multi
3375 713 3583 782 alioqui

325 803 566 864 στάσεως
620 797 912 869 ἀνθρώπου
970 792 1527 864 καταγγελλομένηςς
1562 792 1632 845 Ui
1675 809 1742 859 γε
1779 791 1886 844 οὑδὲ

2022 803 2246 857 'uerint:
2284 818 2465 873 neque
2508 819 2642 858 vero
2681 805 2726 858 si
2766 805 3072 860 secundum
3115 821 3314 860 novam
3351 805 3583 860 istorum

327 897 411 948 ἐπ’
441 894 586 964 ἀλλῳ
613 893 722 946 τινὶ
746 889 858 942 τῶν
905 889 1018 942 είτε
1054 887 1506 960 μεμυθευμένων,
1541 886 1654 939 εἴτε
1685 884 1888 954 ἀληθῶς

2023 894 2358 964 iapientiam,
2414 896 2594 964 ipsum
2631 912 2832 966 corpus
2879 896 3086 952 Christi
3129 897 3201 951 sit
3242 895 3584 966 impassibile

323 984 624 1041 ἀναϐιῶναι
673 979 1093 1052 ἱστορουμένων,
1125 979 1346 1050 ἥλωσαν
1383 977 1657 1048 βασκανίᾳ
1691 976 1884 1030 πολλῶε

2025 997 2063 1043 ιι
2098 988 2426 1052 immortale,
2477 995 2535 1044 et
2569 989 2928 1054 invariabile;
2968 1005 3036 1044 ex
3065 989 3259 1044 eadem
3315 997 3586 1060 potestate

326 1095 391 1146 γε
448 1077 650 1166 δντων;
715 1071 838 1126 οὔτε
889 1073 946 1126 δὲ
991 1073 1040 1124 εἰ
1079 1071 1226 1125 κατά
1264 1071 1391 1134 τοὺς
1417 1069 1515 1140 τὴν
1553 1069 1682 1122 νέαν
1712 1069 1887 1136 σοφίαι

2029 1079 2267 1143 bendeat,
2308 1081 2584 1136 invisibile
2617 1081 2798 1151 ipsum
2827 1081 3146 1150 blaspheme
3177 1080 3384 1143 dicere,
3419 1089 3476 1136 et
3503 1080 3590 1135 in-

329 1159 704 1238 σοφισθέντᾶς,
730 1165 832 1219 καὶ
855 1163 989 1216 αὑτὸ
1020 1163 1082 1216 τὸ
1117 1163 1276 1232 σῶμα
1306 1161 1398 1215 τοῦ
1430 1161 1666 1232 Χριστοῦ
1699 1159 1890 1219 ἀπαθές

2029 1173 2196 1228 ,actile
2241 1183 2300 1228 et
2347 1189 2457 1229 non
2494 1173 2801 1237 tractabile,
2855 1172 2975 1226 sine
3006 1171 3313 1242 quantitate
3361 1179 3419 1226 et
3469 1171 3590 1226 sine

325 1277 387 1312 τε
411 1259 506 1311 καὶ
530 1257 824 1328 ἄτρεπτον,
846 1255 942 1307 καὶ
962 1251 1328 1306 ἀναλλοίωτον
1357 1251 1521 1320 τῆσδε
1551 1250 1722 1318 αὑτῆς
1757 1249 1886 1314 ego»

2029 1263 2296 1332 lualitate,
2320 1273 2376 1320 et
2415 1265 2470 1319 in
2499 1279 2734 1328 summa,
2763 1264 3184 1334 incorporeum:
3220 1278 3343 1333 quae
3367 1262 3589 1332 quidem

331 1347 784 1428 cia;_hptr’;oﬁw,
834 1345 930 1398 καὶ
983 1343 1216 1415 ἀόρατον
1247 1343 1380 1396 αὑτὸ
1413 1341 1778 1412 βλασφημεῖν,
1819 1341 1892 1393 κα

2030 1349 2196 1404 >mnia
2226 1367 2332 1405 una
2372 1363 2497 1407 cum
2528 1353 2634 1408 hoc
2671 1351 2986 1407 admirabili
3028 1351 3252 1406 nomine
3286 1350 3591 1420 incorrupti

331 1442 558 1516 ἀναφὲς,
581 1440 680 1498 καὶ
723 1440 1100 1512 ἀψηλάφητον,
1131 1435 1322 1492 ἄποιόν
1347 1451 1406 1488 τε
1437 1435 1531 1489 καὶ
1561 1434 1784 1496 ἀποσον,
1816 1433 1914 1484 καὶ
2015 1443 2278 1513 cogitant,

336 1538 644 1612 συλλήϐδην
697 1533 1024 1605 ἀσώματον*
1055 1530 1199 1603 ἀπερ
1256 1529 1437 1584 πάντα
1481 1527 1561 1602 τῷ
1614 1523 1916 1597 θαυμαστῷ

335 1634 509 1705 τούτῳ
537 1633 638 1702 τῆς
669 1629 981 1701 ἀφθαρσίας
1009 1625 1420 1682 συκθεπινοοῦσιν
1453 1622 1700 1694 ὀνόματι.

405 1725 502 1790 Τίς
556 1726 666 1795 γάρ
715 1725 748 1794 ἡ
803 1722 1212 1791 ἀποκλήρωσις,
1265 1717 1337 1772 τά
1397 1715 1498 1787 μὲν
1547 1714 1750 1769 διδόναι
1810 1711 1917 1768 τῶν
1951 1785 1966 1795 _

2088 1707 2220 1775 Quae
2267 1707 2414 1764 cnim
2453 1709 2672 1764 sortitio
2713 1718 2834 1773 est,
2865 1710 2972 1764 alia
3010 1710 3234 1782 quidem
3280 1725 3346 1764 ex
3394 1709 3598 1766 divinis

337 1785 656 1883 θεοπρεπῶν
712 1785 1194 1879 ὀνομάτωνναὺτῷ,
1226 1805 1296 1860 τά
1321 1805 1378 1860 δὲ
1401 1785 1779 1876 -ἀποστερείνς
1823 1806 1898 1858 κα

2037 1799 2339 1855 iominibus
2369 1799 2616 1856 tribucre
2645 1799 2720 1866 ei,
2749 1808 2807 1856 et
2830 1800 2955 1856 aliis
2982 1801 3230 1872 privare;
3259 1808 3316 1856 et
3345 1817 3598 1872 magnam

339 1907 474 1962 πολύ
503 1909 556 1960 τι
593 1905 756 1976 μέρος
795 1903 896 1972 τῆς
925 1902 1084 1970 ἀξίας
1116 1917 1174 1955 τε
1209 1901 1303 1954 καὶ
1320 1898 1487 1970 τιμῆς
1517 1897 1894 1968 ὑποτέμνεσθα

2037 1899 2236 1960 partem
2274 1891 2561 1962 dignitatis
2597 1900 2655 1949 et
2684 1891 2914 1948 honoris
2959 1891 3302 1977 abscindere,
3356 1908 3388 1948 a
3433 1908 3598 1964 supra

337 2000 454 2066 τοῦ,
487 1998 740 2068 καθάπερ
766 1989 923 2050 αὑτοὶ
953 1996 1170 2066 ἀτίμως
1224 1993 1560 2058 δοξάζουσιν,
1594 1991 1898 2062 ὑπερουσίοι

2036 1983 2410 2048 substantiam,
2437 1992 2499 2039 ut
2537 1983 2640 2054 ipsi
2677 1983 2996 2055 opinantur.
3026 1992 3082 2040 et
3110 2000 3276 2055 supra
3317 1992 3597 2046 naturam.

340 2094 435 2144 καὶ
476 2089 790 2162 ὑπερφυοῦς
842 2089 938 2141 καὶ
983 2087 1282 2156 ἀσωμάτου
1331 2084 1619 2156 σώματος;
1663 2084 1759 2148 Τίς
1783 2083 1826 2136 δ’
1855 2082 1901 2136 a~

2040 2085 2080 2130 at
2111 2076 2440 2147 incorporeo
2472 2077 2737 2146 corpore?
2762 2075 2898 2144 Quis
2945 2084 3130 2130 autem
3174 2090 3243 2129 ex
3283 2073 3601 2128 inﬁdelibus

344 2183 436 2239 καὶ
467 2181 785 2253 χαλεπαίνοι
820 2179 929 2233 τῶν
976 2179 1228 2232 ἀπίστων
1264 2179 1418 2249 ἡμῖν,
1451 2175 1506 2229 εί
1530 2193 1592 2243 γε
1636 2177 1711 2246 μὴ
1760 2174 1898 2245 φύσε

2041 2182 2165 2238 egre
2220 2166 2379 2233 ferat,
2431 2168 2478 2222 si
2531 2167 2782 2222 dicamus
2833 2182 3034 2236 corpus
3063 2165 3270 2222 Chrisu
3318 2181 3428 2221 non
3479 2181 3602 2221 csse

339 2278 400 2330 τὸ
452 2265 612 2346 σῶμα
655 2273 748 2328 τοῦ
803 2271 1010 2344 Κυρίου
1056 2271 1316 2341 λέγοιμεν
1349 2311 1364 2335 ,
1418 2269 1656 2340 ὀφθῆναί
1707 2282 1768 2321 τε
1827 2285 1897 2321 κα

2040 2267 2220 2314 iatura
2269 2259 2467 2325 visum,
2495 2267 2549 2315 et
2591 2259 2778 2315 cibum
2830 2267 2886 2314 et
2923 2259 3208 2328 potionem
3257 2256 3601 2321 adhibuisse,

343 2365 545 2439 βρῶσιν
571 2367 667 2420 καὶ
703 2364 864 2418 ποτὸν
891 2362 1388 2435 προσενέγκασθαι,
1421 2360 1515 2414 καί
1550 2378 1613 2428 γε
1649 2360 1897 2414 ὑπνῶσαι

2036 2361 2081 2406 et
2109 2351 2400 2418 dormisse,
2439 2367 2503 2407 ac
2545 2367 2766 2423 passum
2815 2366 2960 2416 esse,
3009 2359 3065 2406 et
3097 2365 3442 2421 quaecunque
3491 2349 3597 2404 alia

343 2455 762 2528 ἢπεπονθέναι,
794 2455 890 2507 κα)⁸
931 2455 1033 2506 ὅσα
1068 2453 1204 2524 πρὸς
1250 2451 1463 2515 τούτοις
1513 2451 1904 2522 ἀναμαρτήτως

2044 2453 2223 2501 πωιοι·
2259 2445 2377 2501 haec
2429 2445 2726 2499 humanam
2791 2442 3605 2500 inﬁrmitatem'sustinuisse?

341 2549 636 2618 ὑπομεῖναι
691 2548 813 2616 ’τὴν
905 2543 1254 2616 ἀνθρωπίνην
1337 2543 1436 2595 οὑκ
1508 2543 1902 2614 ἀπερυθρίασας

2046 2536 2124 2592 Est
2174 2537 2322 2592 enim
2409 2536 2670 2591 omnibus
2758 2534 3152 2598 manifestum,
3240 2537 3413 2592 multa
3505 2538 3607 2592 bu-

343 2639 670 2705 ἀσθένειαν;
709 2639 866 2692 Ἐστι
892 2637 1001 2706 γὰρ
1033 2637 1096 2708 δή
1133 2652 1236 2688 που
1265 2636 1382 2699 τοῖς
1413 2636 1546 2688 πᾶσι
1588 2633 1900 2704 καταφανὲς

2053 2626 2268 2682 usmodi
2323 2627 2436 2697 jam
2503 2626 2648 2682 facta
2687 2640 2826 2680 .esse
2869 2625 2991 2694 lege
3037 2623 3315 2690 miraculi,
3355 2641 3466 2682 non
3516 2643 3605 2682 ra-

342 2733 424 2785 ὃτι
458 2729 632 2784 πολλά
675 2730 899 2783 τοιαῦτα
929 2729 1032 2800 ἤδη
1074 2727 1371 2797 γεγένηται
1417 2727 1568 2799 νόμῳ
1624 2726 1900 2798 θαύματος

2045 2719 2177 2776 .ione
2220 2726 2452 2774 naturai.
2502 2717 2623 2773 Non
2681 2717 2828 2772 enim
2875 2732 2942 2771 eo
2993 2714 3286 2770 dementiae
3345 2731 3606 2786 provecta

343 2819 458 2875 ἀλλ’
495 2820 557 2873 οὑ
591 2819 736 2890 λόγῳ
763 2816 1018 2888 φύσεως.
1045 2818 1120 2870 Οὑ
1163 2819 1273 2887 γάρ
1317 2816 1383 2870 ἂν
1431 2816 1514 2880 είς
1539 2815 1700 2869 τοῦτο
1727 2815 1904 2885 μανίας

2045 2819 2174 2868 esset
2202 2809 2503 2866 multitudo
2530 2809 2868 2872 Judmorum,
2899 2808 2944 2862 si
2976 2823 3099 2877 quae
3129 2808 3272 2863 ratio
3311 2807 3446 2880 ipsis
3474 2825 3606 2880 pro-

346 2908 696 2980 ὲξοίστρησεν
739 2909 768 2960 ὁ
811 2904 1240 2976 πολυάνθρωπος
1289 2905 1398 2957 τῶν
1435 2902 1706 2958 Ἰουδαίων
1730 2903 1901 2973 δῆμος

2045 2909 2232 2966 Jasset,
2256 2917 2368 2956 non
2395 2901 2565 2956 fuisse
2589 2898 2770 2953 simile
2797 2898 2960 2952 nobis
2985 2913 3086 2969 per
3113 2899 3314 2957 omnia.
3337 2907 3396 2954 et
3418 2915 3606 2956 revera

345 2999 507 3062 εἴτις
544 2997 696 3068 αὑτῷ
737 2997 1054 3068 παρέστησε
1089 2995 1270 3064 λόγος,
1304 2995 1378 3065 μὴ
1411 2995 1597 3064 ὅμοιον
1624 2997 1758 3066 ἡμῖν
1785 2991 1901 3047 εἷνα

2044 3008 2284 3048 iumanae
2319 3001 2532 3048 natura:
2560 3007 2782 3062 corpus,
2817 2990 2964 3061 quod
3000 2990 3071 3045 ab
3117 2989 3252 3062 ipsis
3282 2993 3605 3048 cruciiixum

347 3088 490 3142 κατά
520 3087 722 3148 πάντα,
770 3087 866 3140 καὶ
919 3085 1088 3148 δντως
1137 3085 1486 3154 ἀνθρωπίνην
1531 3083 1714 3152 φύσιν,
1738 3085 1796 3136 τὸ
1833 3085 1908 3136 ὑπ

2045 3093 2090 3140 et
2117 3085 2372 3154 passione
2403 3083 2659 3138 affectum
2699 3093 2786 3138 est
2822 3091 2880 3138 et
2921 3098 2951 3137 a
2991 3082 3281 3153 discipulis
3307 3085 3606 3156 sepultum.

348 3178 530 3232 αὑτῶν
592 3174 910 3248 σταυρωθέν
953 3191 1012 3226 τε
1063 3175 1156 3227 καὶ
1207 3172 1381 3236 πάοος
1426 3173 1721 3240 δεξάμενον
1745 3173 1905 3242 σῶμα

2050 3175 2319 3245 Siquidem
2361 3190 2486 3229 cum
2539 3175 2701 3246 plena
2747 3179 2820 3230 sit
2871 3174 3156 3245 Scriptura
3210 3191 3364 3232 sacra
3419 3179 3611 3233 multis

350 3270 448 3323 καὶ
497 3266 840 3338 τεθαμμένον
887 3265 992 3318 ὑπὸ
1045 3263 1154 3316 τῶν
1203 3263 1520 3334 γνωρίμων.
1562 3263 1781 3316 Πολλῶν
1821 3265 1911 3334 γὰρ

2050 3266 2129 3321 )ei
2175 3266 2633 3336 apparitionibus,
2678 3267 2868 3322 videre
2915 3275 3096 3322 tamen
3138 3267 3288 3333 licet,
3345 3269 3611 3338 quemad-

352 3358 686 3426 θεοφανειῶν
753 3356 1254 3428 ἀναπεπλησμένης
1302 3356 1405 3426 τῆς
1471 3357 1624 3426 ίερᾶς
1679 3356 1913 3426 Γραφῆς.

2048 3357 2257 3413 nodum
2298 3358 2440 3412 bona
2490 3357 2584 3412 Dei
2612 3371 2742 3427 erga
2787 3371 2891 3413 nos
2933 3357 3312 3427 providentia,
3365 3369 3428 3416 ut
3467 3361 3609 3415 ratio

356 3450 587 3502 συνιδεῖν
613 3448 824 3512 ἔξεστιν
848 3448 931 3500 ὅτι
961 3463 1026 3515 γε
1054 3447 1120 3517 δὴ
1156 3445 1299 3500 κατά
1317 3447 1379 3498 τὸ
1403 3447 1518 3508 τοῖς
1543 3447 1917 3515 οἰκονομουμέ-

2047 3448 2288 3504 utilitatis
2317 3462 2509 3502 eorum
2540 3447 2742 3517 quibus
2774 3447 3122 3514 consulebat,
3172 3451 3504 3520 postulabat.
3539 3451 3608 3506 ad

355 3557 467 3604 νοις
501 3539 798 3610 συμφέρον,
827 3539 906 3603 είς
931 3537 1250 3608 ἀνθρώπινα
1275 3536 1604 3608 ηήματάτε
1631 3536 1727 3589 καὶ
1753 3536 1916 3606 πράγ-

2052 3553 2302 3593 iumanas
2354 3535 2575 3608 ﬁguras.
2619 3546 2678 3592 et
2719 3552 2828 3604 res,
2873 3545 2931 3594 et
2969 3540 3338 3609 operationes,
3387 3557 3452 3598 ac
3489 3557 3613 3598 ser-

358 3648 530 3703 ματα,
552 3629 832 3701 ἐνεργείας
864 3646 925 3682 τε
944 3629 1041 3683 καὶ
1062 3629 1254 3702 λόγους
1273 3627 1518 3698 καθῆκεν
1557 3627 1760 3698 ἑαυτὴν
1783 3625 1919 3698 ἠτοί

2050 3644 2226 3685 nones
2256 3643 2316 3684 se
2345 3627 2875 3693 accommodaverit;
2907 3629 3046 3684 nihil
3073 3639 3256 3686 tamen
3287 3631 3486 3687 horum
3514 3648 3611 3689 eos

357 3721 495 3776 Θεοῦ
531 3719 686 3791 ἡμῶν
717 3721 848 3790 περὶ
875 3720 1025 3789 ἡμᾶς
1065 3717 1247 3789 ἀγαθὴ
1297 3718 1524 3788 πρόνοια
1545 3734 1561 3750 ο
1596 3717 1692 3772 καὶ
1725 3717 1918 3771 τούτωι

2048 3719 2260 3775 idduxit
2295 3718 2364 3774 ad
2395 3717 2787 3788 suspicandum
2831 3718 2901 3775 de
2943 3719 3059 3795 Deo
3101 3719 3364 3787 humana,
3393 3727 3609 3780 tametsi

356 3813 510 3882 ὅμως
565 3811 717 3888 οὐδὲν
772 3811 968 3874 αὐτοὺς
997 3811 1283 3890 προήγαγε
1319 3810 1382 3862 τὸ
1419 3809 1768 3881 ἀνθρωπίνας
1801 3810 1917 3863 ὑπο-

2051 3825 2271 3867 iumane
2309 3810 2378 3867 ab
2427 3825 2496 3867 eo
2540 3810 2896 3882 gerebantur.
2955 3810 3205 3868 Suadent
3242 3811 3446 3870 Iudaeis
3489 3831 3612 3886 qua:

356 3905 549 3973 λήψεις
578 3903 710 3974 περὶ
747 3901 842 3956 τοῦ
885 3901 1045 3956 Θείου
1099 3900 1308 3968 λαϐεῖν,
1335 3903 1384 3954 εί
1428 3901 1525 3956 καὶ
1571 3899 1917 3972 ἀνθρωπίνως

2052 3903 2154 3960 ιιιεί
2201 3909 2353 3970 sunt,
2395 3901 2567 3958 fuisse
2611 3902 2893 3958 hominem
2944 3902 3185 3960 similem
3229 3905 3392 3962 nobis
3435 3909 3613 3978 passi-

358 3995 493 4066 παρ’
531 3993 696 4048 αὑτοῦ
745 3992 1086 4064 ᾠκονόμητο.
1136 3992 1323 4047 Πείθει
1377 3993 1436 4046 δὲ
1486 3993 1686 4056 αὐτοὺς
1733 3995 1830 4048 καὶ
1863 3994 1919 4048 τὸ

2052 3997 2202 4052 iiiem
2233 3995 2554 4059 Dominum,
2605 3995 2861 4065 quamvis
2898 4009 3010 4050 non
3050 4004 3345 4052 suaserunt
3393 3997 3478 4052 eis
3513 3997 3613 4052 mi—

357 4087 706 4159 τολμήματα,
745 4087 827 4140 ὅτι
860 4085 1147 4156 ἄνθρωπός
1169 4087 1318 4139 ἐστιν
1346 4086 1512 4138 πᾶσιν
1541 4085 1918 4157 δμοιοπαθὴςί

2050 4086 2254 4150 racula,
2307 4100 2428 4141 esse
2480 4085 2654 4140 Deum
2703 4084 3020 4154 praestantia
3073 4093 3285 4139 natura;
3337 4085 3611 4140 universis

359 4178 650 4249 Κύριος,ει
683 4177 776 4230 καὶ
801 4179 877 4248 μὴ
908 4176 1136 4230 πέπεικε
1169 4176 1237 4230 τὰ
1263 4176 1540 4248 θαύματα,
1570 4179 1652 4232 ὅτι
1677 4180 1772 4232 καὶ
1799 4179 1920 4242 Θεὸς

832 4179 877 4248 Li]
908 4176 1136 4230 πέπεικε
1169 4176 1237 4230 τὰ
1263 4176 1540 4248 θαύματα,
1570 4179 1652 4232 ὅτι
1677 4180 1772 4232 καὶ
1799 4179 1934 4242 Θεὸς
2035 4181 2393 4250 superiorem.

360 4269 445 4339 εἴη
475 4269 718 4340 ὑπεροχῇ
750 4268 965 4338 φύσεως
997 4259 1213 4323 πάντων
1239 4269 1635 4341 ἀνῳκισμένος.

427 4358 617 4422 Οὕτως
653 4361 709 4430 ἥ
763 4376 826 4412 τε
871 4359 970 4413 τοῦ
1027 4359 1354 4431 μονογενοῦς
1394 4361 1593 4430 Λόγου,
1645 4361 1790 4417 κατὰ
1835 4361 1933 4418 τοῦ

2082 4357 2200 4414 -Sic
2245 4355 2513 4428 unigeniti
2551 4353 2712 4413 Verbi
2748 4364 2942 4411 contra
2979 4353 3266 4412 Christum
3299 4354 3614 4428 impassibi-

355 4448 621 4524 Χριστοῦ,
657 4449 766 4530 τῶν
807 4449 982 4517 ἀθέων
1033 4453 1295 4517 ἀπάθεια,
1360 4453 1455 4507 καὶ
1503 4457 1536 4524 ή
1577 4455 1680 4524 τῆς
1733 4457 1916 4528 σαρκὸς

2049 4452 2169 4508 litas
2211 4449 2530 4520 impiorum,
2564 4457 2620 4504 et
2653 4449 2838 4504 carnis
2871 4456 3064 4505 contra
3099 4461 3345 4521 nostram
3377 4449 3610 4510 salutem

357 4543 502 4594 κατά
537 4541 638 4611 τῆς
695 4541 976 4614 ἡμετέρας
1027 4546 1306 4615 σωτηρίας
1353 4544 1462 4599 τῶν
1511 4545 1609 4600 νῦν
1657 4548 1918 4618 σοφιστῶκ

2053 4541 2544 4612 ncorruptibilitas
2574 4555 2723 4595 nunc
2760 4540 3160 4611 sophistarum,
3191 4555 3324 4598 vere
3358 4543 3614 4612 passione

358 4633 663 4706 ἀφθαρσία,
686 4634 944 4705 ἐμπαθὴς
965 4633 1136 4698 ὅπως
1155 4635 1252 4690 καὶ
1264 4635 1481 4709 φθαρτὴ
1500 4633 1638 4692 οὖσα
1657 4637 1919 4706 γινώσκε-

2050 4642 2094 4690 et
2137 4633 2496 4702 corruptione
2564 4631 2762 4688 ail‘ecta
2831 4647 2956 4688 esse
3021 4633 3411 4704 cognoscitur;
3481 4633 3611 4692 dum

359 4741 449 4777 ται
471 4739 487 4756 ο
513 4726 547 4796 ἡ
578 4725 679 4794 μεν
705 4726 768 4778 οὑ
803 4723 1034 4804 ποιοῦσα
1077 4726 1196 4795 μεθ’
1225 4727 1382 4797 ἡμῶν
1409 4727 1502 4780 τὸν
1528 4727 1669 4798 ὑπὲρ
1694 4729 1864 4798 ἡμᾶς,
1897 4731 1920 4798 ἦ

2059 4723 2130 4778 lla
2167 4721 2390 4794 quidem
2437 4738 2548 4778 non
2595 4721 2731 4778 facit
2769 4723 3063 4780 nobiscum
3090 4739 3212 4780 esse
3239 4740 3368 4780 eum
3410 4725 3506 4795 qui
3532 4735 3617 4782 est

359 4817 414 4870 δὲ
440 4817 540 4869 οὑκ
560 4816 704 4870 ἐῶσα
728 4815 909 4886 μένειν
929 4817 1018 4870 τὸν
1045 4817 1162 4888 μεθ’
1187 4818 1345 4888 ἡμῶν
1369 4817 1492 4872 καθ’
1513 4820 1684 4888 ἡμᾶς,
1709 4820 1812 4884 ἕως
1831 4823 1920 4891 τῆς

2052 4831 2206 4886 supra
2239 4831 2374 4881 nos;
2409 4815 2528 4871 haec
2555 4831 2689 4872 vero
2720 4831 2830 4870 non
2863 4816 2998 4871 sinit
3023 4831 3150 4872 eum
3196 4817 3291 4887 qui
3323 4817 3613 4873 nobiscum

363 4907 605 4977 ἰατρείας
657 4907 882 4960 ἀπαιτεῖ
931 4909 1146 4978 χρόνος,
1186 4910 1282 4962 καὶ
1317 4910 1351 4980 ἠ
1383 4910 1442 4962 ἐν
1480 4909 1624 4980 λόγῳ
1651 4911 1747 4964 καὶ
1777 4911 1924 4974 τάξει

2057 4916 2144 4969 est.
2175 4922 2400 4962 manere
2427 4907 2572 4962 sicut
2614 4921 2740 4971 nos,
2781 4905 2958 4964 donec
2999 4907 3144 4962 adsit
3185 4915 3402 4979 tempus
3443 4909 3618 4978 medi;

357 4997 628 5069 γινομένη
664 4995 757 5052 τοῦ
788 4999 1064 5069 ἡμετέρου
1089 5002 1227 5072 πρὸς
1256 5001 1315 5056 τὸ
1340 5001 1482 5072 ὑπὲρ
1519 5001 1688 5073 ἡμᾶς,
1721 5003 1918 5058 ἀνά6α‹

2054 4998 2196 5062 .‘inze,
2235 5007 2292 5052 et
2323 4999 2636 5054 humanitas
2682 4991 2902 5062 nostra,
2943 4999 3158 5054 ratione
3201 5009 3256 5054 et
3302 5001 3496 5058 ordine
3546 5001 3615 5056 ad

361 5088 447 5152 σίς
489 5105 549 5142 τε
593 5089 688 5145 καὶ
737 5089 1054 5154 ἀνάστασις.
1104 5089 1225 5154 Πῶς
1253 5092 1361 5162 γὰρ
1397 5092 1461 5163 δὴ
1495 5092 1554 5146 τὸ
1599 5089 1922 5164 θεομίμητον

2050 5089 2094 5144 id
2147 5087 2296 5160 quod
2351 5105 2514 5160 supra
2562 5105 2664 5145 nos
2715 5099 2834 5156 est,
2887 5088 3150 5146 ascendat
3199 5101 3256 5147 et
3320 5096 3611 5152 excitetur.

357 5177 578 5249 ἱξομεν,
617 5177 694 5248 μὴ
722 5179 1107 5248 συμπαθόντες
1132 5179 1211 5252 τῷ
1243 5184 1572 5251 «moved-ct;
1601 5183 1840 5238 πέπονθε
1875 5185 1918 5238 δὲ

2053 5181 2326 5250 Quomodo
2358 5183 2504 5238 enim
2536 5181 2956 5240 similitudinem
3000 5185 3093 5241 Dei
3124 5188 3473 5256 habebimus,
3503 5207 3614 5248 non

359 5268 502 5332 πῶς,
529 5266 603 5338 μὴ
621 5267 742 5320 καθ’
759 5269 907 5339 ἡμᾶς
933 5271 1158 5338 παθώνς
1196 5274 1312 5326 Οὑκ
1338 5275 1447 5346 ἄρα
1464 5276 1519 5328 δὲ
1543 5275 1783 5355 πέπονθε
1807 5277 1920 5330 καθ

2053 5276 2438 5345 compatientcs
2477 5291 2602 5331 cum
2662 5292 2729 5332 eo
2785 5279 2878 5347 qui
2933 5294 3127 5349 passus
3155 5283 3278 5336 est?
3329 5281 3614 5355 Quomodo

359 5358 529 5430 ἡμᾶς,
556 5359 605 5412 εί
637 5359 712 5429 μὴ
745 5360 1176 5433 μεμένηκε,καθ’
1204 5363 1370 5434 ἡμᾶς.
1395 5352 1725 5446 Δεδόξασται
1760 5367 1817 5421 δὲ
1843 5367 1920 5420 οὐ·

2054 5379 2174 5421 vero
2205 5382 2398 5436 passus
2425 5377 2529 5428 est.
2563 5367 2608 5424 si
2645 5384 2756 5423 non
2789 5378 2876 5424 est
2911 5370 3058 5426 sicut
3093 5388 3194 5426 nos
3229 5352 3615 5442 passusiNon

357 5449 572 5522 δαμῶς,
603 5449 678 5520 μὴ
711 5451 834 5522 οὑχὶ
859 5451 1020 5514 τοῦτο
1044 5455 1228 5512 λαθὼν
1265 5456 1407 5510 κατὰ
1444 5457 1646 5528 ςιάρκα,
1684 5459 1822 5532 ὅπερ
1847 5461 1918 5514 dte‘

2056 5459 2210 5529 igitur
2241 5458 2386 5513 sicut
2432 5474 2532 5514 nos
2561 5475 2758 5530 passus
2792 5471 2898 5525 est,
2935 5461 2982 5517 sl
3027 5478 3138 5517 non
3187 5465 3387 5518 mansit
3420 5463 3617 5518 similis

353 5539 502 5617 Ιχων
532 5535 604 5612 ἦν
637 5543 782 5597 κατά
823 5538 1064 5614 πνεῦμα.

2054 5547 2223 5602 nobis.
2252 5546 2602 5604 Gloriﬁcatus
2662 5566 2794 5606 vero
2855 5567 3202 5624 nequaquam
3255 5561 3373 5614 est,
3410 5551 3453 5606 si
3502 5549 3615 5608 non

1009 5661 1014 5667 ε
1360 5674 1368 5682 .
2048 5637 2264 5708 accepit
2323 5637 2628 5693 secundum
2695 5656 2942 5705 carnem,
2983 5641 3131 5712 quod
3165 5653 3385 5710 semper
3414 5654 3618 5694 secun-

2053 5729 2181 5784 dum
2222 5732 2475 5802 spiritum
2517 5733 2729 5792 habuit.

673 5811 957 5876 "Panos:
990 5818 1104 5877 (in.
1143 5811 1482 5878 LXXXVI.
1971 5829 2020 5860 ι

1971 5829 2020 5860 ¹
3143 5825 3219 5885 1ι2
