3954 6148
300 302 436 376 l325

364 425 427 474 Α.
472 421 658 486 Θεὶως,
683 421 807 492 ἔφη,
841 421 1042 490 λέγεις.

360 515 426 566 0.
459 511 622 568 Ὀλον
651 509 744 567 οὖν
768 513 1179 585 ἄνθρωπον,τὺν
1209 519 1273 570 ἐκ
1307 516 1559 588 σώματος
1591 520 1732 587 λέγω
1769 522 1860 572 καὶ

295 605 472 675 ψυχῆς
499 605 724 674 λογικῆς
749 621 806 658 τε
839 606 932 659 καὶ
963 609 1155 678 νοερᾶς
1185 609 1566 680 συγκείμενον,
1590 609 1861 673 οὖσιωδῶς

296 696 639 767 προσλαϐὼν.
669 697 794 751 ὅλου
843 697 1135 774 ἀνθρώπου
1163 700 1264 771 τὴν
1300 703 1575 774 σωτηρίαν
1599 703 1862 772 εἰργάσα-

295 803 376 846 το.
401 786 480 857 τῷ
505 787 677 858 ὁμοίῳ
705 787 765 840 τὸ
790 789 976 858 ὅμοιον
996 789 1402 860 ἁνακαθαίρων.

361 879 426 932 Α.
466 879 742 932 Κάλλιστά
781 897 868 946 γε,
917 879 1044 950 ἔφη.
1077 881 1252 935 ταῦτα
1289 866 1470 950 λέγεις
1520 883 1615 936 καὶ
1657 882 1846 937 τελεώ-

290 976 452 1022 τατα.

358 1067 424 1116 0.
467 1055 609 1116 Ἀλλ’*
635 1059 809 1134 ἔγωγε
861 1065 1000 1136 πρὸς
1048 1067 1231 1120 αὐτόν·
1269 1065 1478 1121 Οὐκοῦν
1525 1067 1716 1140 ὥσπερ
1767 1067 1860 1126 οὖν

293 1155 342 1209 ει
371 1154 550 1224 ψυχὴν
575 1154 778 1219 λαϐὼν,
807 1158 866 1208 οὐ
899 1156 997 1228 τὴν
1031 1156 1170 1228 ἐμὴν
1196 1157 1572 1228 προσειλήφει.
1605 1161 1666 1213 Et
1691 1162 1748 1214 δὲ
1769 1163 1861 1215 καὶ

294 1248 394 1316 τὴν
423 1247 584 1317 ἐμὴν,
609 1248 660 1300 εἰ
695 1233 772 1318 μὴ
802 1248 945 1302 κατά
969 1250 1069 1317 τὴν
1104 1248 1244 1319 ἐμὴν
1298 1248 1388 1302 διὰ
1419 1251 1636 1304 πάντων
1665 1253 1862 1306 οὑσιωο

292 1339 399 1402 δὼς
447 1339 819 1410 ὑπάρχουσαν,
859 1341 987 1394 ἄλλο
1023 1358 1076 1395 τι
1133 1341 1285 1412 παρὰ
1303 1339 1403 1410 τὴν
1443 1342 1586 1413 ἐμὴν
1633 1347 1861 1409 πάντως

295 1431 512 1500 ὑπῆρχε
537 1430 714 1502 ψυχὴν
739 1432 802 1484 τὸ
834 1431 1167 1503 σωζόμενον.

361 1524 426 1576 Α.
454 1501 732 1592 Δηλονότι,
776 1523 882 1594 ἔφη
904 1540 918 1554 ο
956 1501 1172 1594 ἐκείνης
1203 1523 1311 1592 γὰρ
1339 1525 1404 1596 δὴ
1439 1501 1656 1590 πάντως
1685 1527 1858 1597 ὑπῆρ-
1932 1568 1954 1580 -

292 1614 443 1683 χενὴ
480 1613 742 1683 σωτηρία,
777 1615 912 1684 πρὸς
955 1610 1022 1685 ἣν
1069 1615 1165 1667 καὶ
1201 1615 1638 1685 ἀπαραλλάκτως
1661 1617 1859 1688 ἔχουσα

292 1703 596 1774 εὑρίσκετο.

1339 321 1639 384 CONTRA
1678 322 1994 384 NESTOR.
2037 319 2131 388 ET
2168 323 2486 390 EUTYCH.

1905 433 1934 486 \
2034 432 2098 487 ll.
2132 435 2345 498 Divine,
2383 435 2583 503 inquit,
2611 433 2768 488 dicis.

3393 329 3526 397 1326

2033 525 2096 576 Ο.
2131 525 2271 579 Τοιο
2300 525 2465 596 igitur
2495 525 2738 589 homine.
2785 541 2851 580 ex
2896 541 3148 596 corpore,
3194 529 3440 599 inquam.
3474 543 3530 587 et

1961 616 2140 672 anima
2170 615 2400 673 rationis
2437 627 2690 687 compote
2727 627 2784 673 et
2823 618 3164 689 intelligente
3223 625 3529 693 composito

1962 708 2263 762 secundum
2289 709 2652 762 substantiam
2672 719 2974 780 assumpto,
3001 711 3170 766 totius
3185 713 3426 768 hominis
3443 733 3528 768 sa-

1962 798 2132 852 lutem
2166 810 2426 868 operatus
2454 807 2562 864 est,
2599 797 2762 853 simili
2795 801 2974 858 simile
3004 817 3325 874 repurgans.

2031 887 2096 942 ll.
2130 877 2455 950 Bellissime,
2497 889 2698 958 inquit,
2741 891 2856 946 haec
2889 894 3095 954 omnia,
3143 903 3198 949 et
3239 896 3530 951 absolutiss

1992 978 2100 1033 ime
2145 979 2301 1034 dicis.

2026 1071 2094 1126 '0.
2143 1071 2212 1126 At
2275 1088 2376 1142 ego
2441 1072 2553 1126 illi:
2608 1073 2779 1142 lgitur
2827 1073 2968 1127 sicut
3019 1075 3062 1128 si
3114 1091 3236 1130 eum
3289 1079 3526 1134 animam

1962 1163 2220 1232 sumpsit.
2257 1179 2365 1217 non
2397 1176 2576 1218 meam
2609 1163 2846 1216 animam
2887 1165 3243 1234 sumpsisset;
3273 1167 3316 1220 si
3343 1177 3524 1224 autem

1959 1262 2010 1308 et
2039 1268 2236 1314 meam,
2263 1269 2371 1308 non
2401 1263 2580 1308 tamen
2611 1269 2709 1323 per
2733 1253 2918 1308 omnia
2941 1253 3243 1310 secundum
3275 1259 3529 1313 substan-

1964 1331 2114 1408 tiam,
2151 1345 2299 1400 sicut
2323 1361 2443 1400 mea
2472 1344 2700 1408 fuisset;
2737 1345 2888 1399 aliud
2919 1344 3083 1414 plane
3115 1354 3318 1414 praeter
3348 1364 3526 1402 meam

1959 1436 2194 1490 animam
2234 1425 2402 1500 esset,
2437 1435 2585 1506 quod
2619 1435 2821 1490 factum
2857 1443 2942 1490 est
2973 1437 3210 1490 salvum.

2031 1524 2097 1577 Η.
2129 1521 2293 1586 Sane,
2324 1524 2529 1594 inquit:
2553 1524 2700 1578 illius
2722 1523 2869 1578 enim
2896 1535 3124 1594 prorsus
3151 1527 3348 1583 animm
3375 1529 3527 1582 salus

1961 1613 2180 1676 fuisset,
2209 1629 2239 1668 a
2269 1630 2377 1683 qua
2410 1629 2519 1668 non
2551 1614 2777 1668 diﬂ‘erre
2805 1624 3021 1683 reperta
3049 1622 3216 1668 esset.

360 1756 422 1844 ί).
455 1793 610 1845 Κατὰ
643 1792 736 1844 τὸν
775 1794 891 1845 ἴσον
923 1793 988 1862 δὴ
1020 1793 1244 1862 τρόπον,
1279 1793 1440 1868 ἔφην,
1477 1800 1525 1850 εἰ
1557 1798 1648 1851 καὶ
1681 1799 1851 1869 σάρκα

2033 1792 2093 1843 Ο.
2127 1785 2206 1843 Ad
2241 1791 2495 1844 eumdem
2523 1787 2770 1852 modum,
2800 1789 3022 1856 inquam
3057 1805 3180 1860 ego,
3223 1790 3268 1844 si
3304 1805 3525 1846 carnem

289 1877 470 1932 λαϐὼν
523 1883 598 1950 μὴ
645 1881 743 1950 τὴν
789 1882 949 1952 ἐμήν.
1019 1883 1082 1937 Et
1131 1881 1191 1936 δὲ
1250 1887 1344 1938 καὶ
1387 1887 1486 1958 τὴν
1531 1889 1692 1958 ἐμὴν,
1723 1888 1861 1942 ἁλλά

291 1981 434 2033 κατὰ
472 1997 524 2032 τι
567 1979 1055 2052 παρηλλαγμένην,
1097 1981 1211 2053 ἔχοι
1258 1983 1303 2046 δ’
1351 1984 1418 2036 ἂν
1457 1985 1518 2036 τὺ
1567 1985 1856 2056 διάῳορονο

287 2075 338 2124 εί
383 2069 458 2141 μὴ
507 2073 604 2124 καὶ
641 2070 978 2142 ὁμοιοπαθὴς
1030 2073 1140 2141 εἴη,
1190 2075 1282 2126 καὶ
1329 2076 1471 2128 κατὰ
1523 2075 1698 2130 πάντα
1747 2080 1859 2140 τοῖς

290 2162 584 2232 ἡμετέροις
620 2163 1014 2232 συμϐαίνουσα,
1053 2165 1272 2228 πάντως
1301 2166 1370 2220 ἂν
1401 2169 1434 2238 ἠ
1476 2169 1720 2238 σωτηρία
1762 2173 1859 2239 τῆς

288 2253 491 2325 σαρκὸς
521 2253 737 2322 ἐκείνης
771 2253 1072 2323 ἐτύγχανεν
1119 2251 1280 2318 οὖσα,
1311 2257 1446 2326 προς
1478 2257 1546 2328 ἣν
1575 2258 1857 2327 ἀφομοιεῦ-

288 2359 378 2397 οαι
405 2344 506 2413 τὴν
543 2345 720 2415 σάρκα
749 2344 846 2414 τὴν
867 2345 1162 2400 ἑνωθεῖσαν
1193 2348 1343 2416 αὐτῷ
1371 2335 1728 2418 κατίςξέωσεν.

354 2435 396 2488 Α
458 2435 568 2488 Καὶ
591 2436 694 2498 τίς,
729 2435 854 2506 ἔφη,
891 2437 1025 2506 πρὸς
1053 2438 1309 2491 τοσοῦτον
1337 2439 1537 2508 μανίας
1569 2439 1852 2510 ἐλήλακεν,

284 2526 434 2590 ὅστις
466 2526 588 2595 οὐχὶ
636 2525 810 2579 ταῦτα
843 2527 1021 2596 ἀληθῆ
1053 2545 1112 2581 τε
1129 2524 1268 2582 εἶναι
1303 2529 1578 2599 ὁμολογεῖ,
1608 2531 1701 2582 καὶ
1729 2533 1856 2595 τοὺς

287 2616 362 2687 μὴ
409 2615 583 2679 οὕτως
635 2617 879 2687 ἔχοντας.
929 2615 1043 2678 τοῖς
1097 2620 1452 2690 κατακρίτοις
1495 2620 1852 2690 συναριθμεῖ;

354 2709 414 2759 0.
458 2703 690 2759 ¹Ἐκεῖνοι
737 2707 978 2773 πάντως,
1026 2703 1200 2774 εἶπον,
1229 2710 1281 2762 οἱ
1331 2709 1542 2773 ἀπαθὲς
1591 2710 1854 2782 ὑπάρχειν

283 2814 312 2848 α
327 2797 413 2849 Βτὸ
430 2791 535 2851 ’καὶ
564 2799 836 2868 ἄφθαρτον
858 2800 1183 2871 ὁριζόμενοι.

353 2892 416 2942 Α.
441 2891 516 2942 Οὒ
541 2890 678 2942 κατὰ
702 2889 862 2958 φύσιν
882 2891 1108 2952 ἀπαθὲς.
1133 2891 1258 2960 ἔφη.
1278 2891 1340 2946 τὸ
1358 2893 1514 2962 σῶμα
1535 2895 1628 2946 καὶ
1643 2895 1852 2962 ἄφθαρ-

282 2998 372 3035 τον
397 2982 662 3052 λέγομεν,
715 2981 829 3035 ἀλλ’
868 2981 1060 3036 ένὼσει
1101 2985 1166 3054 τῇ
1218 2985 1354 3052 πρὸς
1382 2984 1472 3038 τὸν
1503 2985 1636 3038 Θεὸν
1679 2986 1850 3052 Λόγον

284 3073 591 3144 γενόμενον.

353 3169 415 3216 U.
471 3163 636 3216 Οὐδὲν
689 3161 933 3232 διαφέρει
964 3199 982 3228 ,
1013 3157 1080 3232 ἦν
1111 3161 1155 3214 δ’
1190 3161 1299 3228 ἐγὼ
1318 3201 1334 3224 ,
1362 3163 1454 3215 τοῦ
1500 3165 1762 3234 προτέρου
1791 3163 1850 3216 τὸ

280 3256 554 3323 δεύτερον,
577 3252 712 3305 ἀλλὰ
747 3251 845 3322 τὴν
881 3254 1000 3318 τσην
1027 3251 1160 3322 πρὸς
1184 3253 1245 3304 τδ
1268 3251 1438 3306 κακὸν
1466 3251 1694 3323 δύναμιν
1715 3253 1845 3324 ἔχει,

283 3345 443 3414 εἴπερ
473 3360 538 3411 γε
569 3342 706 3403 ὅλως
730 3341 830 3410 τὴν
861 3340 996 3412 πρὸς
1025 3341 1084 3394 τὸ
1102 3343 1428 3412 ὁμοιοπαθὲς
1457 3342 1552 3396 τοῦ
1581 3343 1847 3419 ἡμετέρου

285 3433 535 3504 σώματος
566 3431 904 3500 συγγένειαν.
938 3431 1245 3505 παρῄτηται
1267 3435 1301 3505 ή
1333 3433 1426 3488 τοῦ
1458 3435 1660 3506 Κυρίου
1689 3434 1844 3505 σάρξ.

352 3523 416 3576 Α.
451 3522 574 3585 Ilii);
609 3522 784 3586 τοῦτο,
814 3521 941 3591 εφη,
972 3521 1152 3590 λέγεις
1177 3540 1193 3588 i

353 3616 414 3671 0.
459 3614 584 3668 Ὅτι
633 3613 708 3685 μὴ
737 3613 922 3677 τοῦτο,
963 3609 1137 3678 simu,
1197 3613 1316 3668 ἔστι
1358 3613 1418 3668 re
1455 3609 1844 3685 σκοπούμενονδ

280 3705 512 3774 πότερον
539 3705 730 3759 ὲνώσει
760 3704 792 3775 ἢ
825 3709 1136 3776 κατασκευῇ
1172 3705 1385 3774 φύσεως
1423 3706 1697 3777 ἄφθαρτον
1752 3709 1845 3776 γέ-

279 3813 438 3867 γονεν
463 3815 477 3829 ο
517 3798 632 3851 ἀλλ’
663 3800 712 3850 εί
737 3797 812 3868 μὴ
834 3797 935 3866 τῆς
966 3799 1242 3868 ἡμετέρας
1271 3797 1482 3864 φύσεως
1525 3797 1846 3869 ἀπαραλλά-

280 3903 424 3952 κτως
451 3887 520 3940 τὰ
544 3887 924 3958 γνωρίσματα,
958 3886 1097 3958 πλὴν
1133 3889 1232 3958 τῆς
1269 3889 1545 3960 ἁμαρτίας
1573 3888 1848 3955 διέσωζεν,

279 3977 406 4049 ἔφη.

351 4071 416 4124 Α.
451 4069 617 4123 ’Ὅσον
647 4087 710 4138 γε
735 4071 827 4123 ἐπὶ
851 4072 916 4141 τῇ
948 4069 1133 4142 πρώτῃ
1163 4069 1331 4138 αὐτῆς
1361 4069 1639 4132 συστάσει,
1670 4072 1764 4124 καὶ
1787 4067 1847 4124 τὸ

277 4161 376 4224 τὰς
399 4161 573 4232 ἀρχὰς
603 4161 746 4230 ἔχειν
775 4164 840 4214 ὲκ
877 4163 977 4230 τῆς
1003 4163 1298 4226 θεοτόκου,
1337 4163 1570 4232 ἀδελφῆς
1602 4174 1663 4212 τε
1689 4162 1846 4231 ἡμῶν

277 4250 443 4322 οὓσης
479 4251 620 4305 κατὰ
642 4251 739 4322 τὴν
763 4251 927 4319 φύσιν
957 4293 972 4316 ,
1006 4255 1100 4308 καὶ
1129 4255 1309 4324 πάσης
1339 4253 1703 4321 κοινωνούσης
1749 4255 1844 4324 τῆς

281 4343 542 4412 ἰδιότητος
570 4344 662 4396 τοῦ
692 4344 1030 4413 ἀνθρωπείου
1063 4349 1456 4418 συγκρίματος.

1959 1881 2282 1950 sumpsisset
2310 1896 2418 1934 non
2444 1895 2655 1944 meam;
2699 1881 2747 1934 si
2785 1894 2918 1934 vero
2947 1895 3147 1945 meam,
3185 1891 3366 1937 tamen
3419 1885 3524 1937 ali-

1958 1980 2164 2040 quanto
2213 1970 2582 2036 diﬂ‘erentem,
2649 1965 2904 2049 essetque
2937 1969 3272 2036 diﬂ‘ercnti‘a,
3317 1971 3364 2026 si
3415 1988 3526 2028 non

1957 2071 2104 2117 esset
2128 2061 2384 2116 similiter
2416 2061 2712 2130 pussibilis,
2739 2070 2794 2115 et
2816 2075 2916 2122 per
2949 2059 3132 2116 omnia
3167 2077 3289 2116 cum
3317 2062 3525 2133 iisquae

1959 2153 2138 2209 carnis
2162 2162 2366 2210 nostrae
2417 2162 2567 2215 sunt,
2595 2153 2962 2216 conveniens;
3023 2153 3337 2208 necessario
3379 2153 3525 2207 illius

1958 2247 2141 2300 carnis
2171 2247 2318 2299 salus
2352 2253 2516 2309 esset,
2549 2243 2638 2298 cui
2662 2258 2885 2298 carnem
2921 2243 3026 2297 sibi
3064 2245 3274 2299 unitam
3305 2245 3524 2300 assimie

1955 2335 2071 2391 lare
2101 2335 2379 2390 voluisset.

2029 2428 2094 2481 ﬂ.
2131 2426 2200 2480 Et
2245 2427 2388 2496 quis,
2440 2428 2638 2496 inquit,
2694 2442 2760 2481 eo
2798 2427 3026 2483 insania:
3074 2431 3429 2498 processerit,
3462 2435 3525 2486 ut

1957 2535 2084 2574 vera
2100 2533 2220 2574 esse
2251 2519 2367 2573 ha-c
2400 2534 2511 2572 non
2535 2515 2896 2580 confiteatur;
2939 2525 2996 2573 et
3033 2533 3132 2574 eos
3156 2519 3251 2588 qui
3305 2537 3416 2576 non
3444 2520 3525 2576 sic

1955 2606 2220 2667 sentiunt,
2274 2606 2330 2659 in
2355 2605 2628 2659 damnatis
2659 2619 2770 2658 non
2799 2603 3095 2659 numeret?

2023 2695 2088 2751 0.
2121 2697 2226 2758 llli,
2255 2697 2503 2766 inquam,
2521 2705 2694 2760 certe,
2715 2697 2810 2765 qui
2832 2693 3106 2750 deﬁniunt
3130 2713 3330 2768 corpus
3351 2698 3522 2756 fuisse

1952 2787 2286 2850 impassibile
2317 2795 2374 2842 et
2416 2787 2854 2858 ineorruptibile.

2019 2877 2086 2932 Η.
2124 2879 2266 2944 Νοη,
2285 2877 2482 2948 inquit,
2508 2877 2842 2946 impassihile
2867 2887 3064 2936 natura
3091 2895 3294 2949 corpus
3314 2878 3517 2936 factum

1951 2985 2072 3026 esse
2098 2969 2354 3032 dicimus,
2383 2967 2478 3023 sed
2509 2970 2713 3024 unione
2743 2983 2868 3022 cum
2900 2969 3101 3023 Verbo.

1873 3120 1920 3177 ο
2021 3153 2084 3213 Ο.
2139 3153 2252 3228 Ego
2299 3171 2429 3212 vero
2485 3116 2622 3211 nihil
2663 3157 2940 3226 posterius
2991 3173 3019 3212 a
3067 3153 3252 3227 priore
3293 3157 3516 3214 differre
3563 3182 3570 3190 -

1951 3253 2084 3316 dixi,
2124 3253 2220 3308 sed
2273 3251 2522 3306 eamdem
2570 3253 2678 3304 vim
2723 3251 2789 3305 ad
2849 3251 3159 3306 nocendum
3215 3253 3438 3317 habere,
3468 3253 3514 3307 si

1949 3360 2078 3400 caro
2100 3343 2316 3400 Domini
2340 3342 2572 3414 penitus
2601 3342 2920 3397 affinitatem
2970 3357 3094 3396 eum
3147 3343 3514 3412 passibilitate

1949 3433 2125 3489 nostri
2151 3420 2400 3503 corporis
2437 3439 2678 3487 recusat.

2020 3525 2084 3580 li.
2118 3521 2428 3592 Quomodo,
2458 3521 2658 3592 inquit,
2689 3521 2795 3576 hoc
2822 3519 2904 3576 ais
2918 3521 2950 3588 τ,

2014 3618 2082 3674 '0.
2101 3617 2372 3684 Quoniam
2389 3630 2498 3671 non
2525 3623 2630 3677 est,
2648 3616 2892 3688 inquam,
2923 3615 3030 3670 hoc
3055 3610 3202 3686 quod
3224 3617 3511 3695 quaeritur,

1947 3719 2130 3766 utrum
2162 3709 2388 3772 unione,
2444 3721 2512 3762 an
2553 3716 2762 3762 natura;
2793 3705 3152 3761 fabricatione
3187 3706 3390 3763 factum
3428 3719 3514 3764 est

1948 3798 2399 3868 incorruptibile;
2456 3797 2550 3851 sed
2611 3809 2682 3850 an
2739 3804 3202 3866 natura-nostra.-
3259 3806 3417 3852 notas
3457 3807 3515 3852 et

1946 3892 2099 3963 signa
2154 3891 2274 3946 sine
2330 3889 2439 3944 ulla
2497 3888 2918 3952 immutatione,
2977 3897 3206 3958 excepto
3262 3897 3540 3958 peccato,

1947 3980 2217 4036 servabat.

2015 4069 2081 4125 Η.
2108 4065 2294 4135 Quoad
2343 4065 2598 4137 primam,
2632 4065 2830 4134 inquit,
2878 4063 3050 4134 ipsius
3075 4072 3286 4120 naturas
3310 4068 3515 4120 consti-

1947 4161 2210 4217 tutionem
2241 4167 2296 4214 et
2332 4157 2602 4228 principia
2631 4171 2696 4210 ex
2718 4155 2888 4210 Matre
2911 4155 3007 4218 Dei
3033 4166 3090 4211 et
3117 4171 3305 4212 sorore
3328 4165 3514 4212 nostra

1945 4251 2246 4310 secundum
2307 4258 2557 4305 naturam
2589 4288 2602 4311 ,
2668 4263 2788 4316 quze
2847 4261 3066 4302 omnem
3121 4247 3512 4316 proprietatem

1947 4343 2171 4400 humani
2205 4340 2453 4412 corporis
2479 4337 2845 4408 partieipavit.

349 4434 412 4487 0.
445 4433 790 4502 Σαφεστέρας
829 4433 1033 4488 δεῖσθαι
1062 4434 1158 4505 τὴν
1187 4437 1478 4506 ἀπόκρισιν
1513 4436 1842 4506 ἐξηγήσεως,

2016 4435 2082 4491 Ο.
2111 4433 2412 4490 Clariorem
2447 4429 2845 4500 expositionem
2867 4428 3153 4499 responsio
3173 4429 3510 4500 postulabat.

277 4527 402 4594 ἔφη,
452 4525 802 4596 παριστώσης
853 4527 982 4596 ἡμῖν
1014 4525 1446 4597 τηλαυγέστερον
1480 4527 1538 4580 τὸ
1577 4527 1844 4596 ζητοῦμεν

277 4633 387 4670 νον.
419 4617 492 4670 Οὐ
521 4617 629 4686 γὰρ
659 4615 842 4678 ἁπλῶς
879 4615 1052 4678 οὕτως
1085 4617 1142 4682 ἐξ
1176 4603 1252 4669 ὧν
1276 4616 1522 4684 εἴρηκας,
1555 4614 1842 4682 γινώσκειν

275 4709 406 4775 ἔχει).

349 4799 412 4850 Α.
443 4797 510 4850 Τί
539 4797 664 4866 μὴν.
696 4797 822 4865 ἔφη,
855 4798 1226 4868 ἀσαφέστερον
1255 4798 1486 4869 εἴρηκας

350 4891 412 4942 0.
443 4888 700 4960 Πότερον,
729 4889 882 4957 ἔφην,
914 4881 1022 4956 ἄρα
1047 4887 1138 4941 τοῦ
1169 4887 1421 4958 σώματος
1441 4890 1540 4959 τῆς
1563 4883 1838 4960 Παρθένου

281 4977 879 5046 μεταστοιχειωθέντος,
901 4977 994 5028 καὶ
1014 4976 1112 5045 τῆς
1144 4972 1278 5040 ἰδίας
1297 4978 1586 5042 ἐκστάντος
1605 4979 1837 5048 φύσεως.

280 5069 385 5120 ὑπὸ
414 5069 514 5136 τῆς
557 5069 649 5120 τοῦ
683 5068 858 5134 Λόγου
889 5067 1172 5137 δυνάμεως
1220 5065 1390 5132 οὕτως
1438 5068 1498 5134 ἐξ
1534 5069 1702 5138 αὐτῆς
1743 5071 1841 5140 τῆς

281 5159 514 5227 μήτρας.
561 5158 734 5220 ἄλλως
784 5156 1011 5226 ἔχουσαν
1051 5157 1150 5226 τὴν
1188 5159 1464 5228 ἡμετέραν
1503 5159 1650 5228 αὐτῷ
1680 5159 1841 5228 φύσιν

277 5245 518 5316 ἡνῶσθαι
549 5245 766 5312 λέγειςς
801 5245 833 5313 ἢ
877 5245 974 5314 τῆς
1004 5246 1279 5320 Παρθένου
1315 5251 1412 5316 μὲν
1447 5250 1504 5300 ἐν
1535 5251 1647 5312 τοῖς
1695 5248 1839 5322 ίδιιῖι-

278 5349 414 5404 μασι
439 5335 538 5402 τῆς
585 5333 800 5400 φύσεως
831 5334 1114 5404 μεινάσης,
1161 5335 1327 5389 τῶνδε
1373 5337 1604 5407 πρώτων
1633 5339 1837 5408 ἀρχῶν,

273 5425 384 5478 τῶν
451 5425 805 5496 παρθενικῶν.
853 5426 1102 5494 αἱμάτων
1155 5427 1318 5493 λέγω,
1348 5429 1836 5498 μεταποιηθέντων,

274 5516 547 5590 ἄφθαρτον
577 5515 904 5586 γεγενῆσθαι
932 5519 1032 5584 τὴν
1064 5521 1239 5588 σάρκα
1263 5535 1278 5584 ;

347 5607 410 5662 Δ.
469 5608 629 5672 Τινὲς
691 5608 788 5677 μὲν
816 5647 831 5667 ,
863 5609 1000 5676 ἔφη,
1043 5608 1137 5661 καὶ
1165 5613 1230 5680 τῇ
1277 5609 1518 5680 προτέρα
1559 5611 1686 5680 δόξῃ
1731 5613 1838 5664 τῶν

275 5695 658 5764 ἁπλουστέρων
703 5693 855 5767 οἶμαι
887 5695 1288 5767 προστίθενται,
1345 5697 1502 5750 πλέον
1535 5698 1566 5770 ἦ
1597 5699 1835 5768 προσῆκε

1949 4537 2071 4594 qua
2104 4521 2267 4576 nobis
2291 4517 2590 4574 dilucidius
2638 4516 3001 4588 quaestionem
3029 4517 3370 4588 explicaret;
3401 4535 3514 4574 non

1945 4611 2094 4664 enim
2131 4607 2211 4662 sic
2233 4603 2556 4674 simpliciter
2591 4614 2662 4657 ex
2699 4602 2770 4657 iis
2795 4618 2918 4672 qua:
2963 4603 3173 4668 dixisti,
3205 4602 3514 4674 intelligere

1943 4711 2184 4766 possum.

2013 4795 2078 4849 ll.
2108 4791 2271 4861 Quid,
2299 4791 2498 4862 inquit,
2539 4791 2828 4846 obscurius
2861 4791 3014 4846 dixi?

2011 4885 2074 4942 Ο.
2101 4886 2318 4950 Utrum,
2350 4881 2594 4952 inquam,
2617 4897 2846 4950 corpore
2868 4881 3106 4953 Virginis
3141 4891 3371 4944 mutato,
3403 4892 3460 4937 et
3479 4898 3510 4936 a

1941 4977 2162 5048 ‘propria
2203 4983 2400 5030 natura
2451 4973 2653 5028 virtute
2711 4973 2877 5028 Verbi
2939 4973 3200 5050 alienato,
3242 4983 3498 5030 naturam

1942 5076 2184 5123 nostram
2210 5067 2289 5121 sic
2313 5079 2378 5120 ex
2410 5065 2529 5134 ipso
2551 5063 2895 5132 uteroaliter
2940 5065 3235 5121 habentem
3297 5067 3505 5121 unitam

1941 5174 2061 5213 esse
2079 5159 2130 5212 ei
2167 5157 2338 5220 dicis;
2368 5171 2433 5210 an
2463 5169 2594 5210 vero
2627 5165 2882 5210 manente
2900 5155 3120 5227 Virgine
3165 5157 3220 5212 in
3253 5160 3505 5235 proprie-

1943 5247 2148 5303 tatibus
2175 5254 2405 5310 naturae,
2454 5245 2744 5316 principiis
2791 5261 2921 5301 vero
2971 5247 3186 5316 primis,
3222 5251 3504 5320 sanguinis

1941 5339 2155 5396 scilicet
2185 5338 2486 5408 virginalis,
2518 5337 2894 5393 transmutatis
2919 5353 3139 5394 carnem
3164 5341 3501 5410 incorrupti-

1941 5431 2104 5485 bilem
2142 5437 2456 5500 generatam
2487 5427 2651 5482 esse?

2011 5605 2583 5676 H.Nonnulli,inquit,
2607 5607 2781 5676 priori
2807 5606 3054 5675 opinioni
3085 5607 3504 5677 simpliciorum.

1941 5700 2154 5770 opinor,
2177 5699 2577 5762 adhaerescunt,
2611 5698 2900 5768 plusquam
2933 5699 3209 5764 convenit,
3231 5699 3506 5758 honoraria
