3954 6148
457 317 589 383 ῙὪἹ
1693 313 2006 374 LEONTII

2153 313 2451 375 ZANTINI
3607 309 3754 374 1328

455 441 537 486 tes
561 427 862 499 Virginem,
897 435 953 482 et
977 412 1277 482 absurdum
1339 427 1467 480 inde
1515 424 1872 495 proﬁciscens
1921 439 2030 478 non

2153 425 2233 496 τὴν
2281 425 2559 498 Παρθένον
2615 425 3109 496 ἀποσεμνύνοντες,
3169 424 3262 478 καὶ¹
3322 425 3422 497 τὴν
3477 425 3751 481 ἐντεῦθεν

454 519 830 592 providentes,
857 528 913 573 et
961 517 1112 588 quod
1155 519 1200 573 si
1233 517 1367 588 quid
1399 517 1718 590 hujusmodi
1743 517 2036 572 accidisset

2153 519 2524 590 Ιιναφυομένην
2553 518 2785 572 ἀτοπίαν
2817 519 2879 572 ού
2915 516 3316 589 προορώμενοι,
3346 519 3548 583 καλῶς
3577 519 3749 592 ειπερ

425 611 687 686 ,Ἧι-εἰηῇ
717 609 1003 666 habilitate
1030 609 1282 680 pariendi
1307 610 1520 682 privata
1568 609 1785 665 fuisset.

521 791 584 845 Ο.
637 788 956 852 Verissima,
1011 788 1238 860 inquam
1283 805 1418 862 ego,
1470 791 1632 846 dicis.
1685 790 1844 858 Quod
1888 790 2037 844 enim

454 879 884 949 incorruptibile
905 888 1014 946 est,
1045 897 1330 952 nunquam
1365 881 1433 936 ad
1484 881 1776 938 ferendum
1819 890 2038 951 partum

451 981 508 1027 et
534 972 865 1042 pariendum
896 971 1158 1029 idoneum
1188 975 1319 1030 erit.
1373 974 1660 1030 Adventus
1692 983 1876 1030 autem
1911 973 2038 1044 Spi-

453 1060 597 1119 ritus
627 1065 803 1119 sancti
828 1081 938 1120 non
967 1065 1120 1130 fecit,
1147 1081 1328 1136 neque
1371 1067 1680 1136 prohibuit,
1717 1066 1852 1135 quin
1873 1065 2038 1135 Virgo

450 1157 516 1210 ad
543 1156 922 1228 generandum
951 1168 1080 1226 apta
1107 1165 1272 1212 esset.
1299 1156 1506 1212 Contra
1565 1157 1752 1228 potius
1807 1157 1876 1212 ad
1907 1173 2040 1212 con-

451 1257 674 1319 ceptum
703 1248 822 1302 sine
866 1248 1076 1302 semine
1102 1249 1387 1318 provisum
1421 1263 1588 1318 supra
1633 1256 1887 1303 naturam
1912 1262 2042 1318 pro-

453 1341 622 1396 vexit.
663 1339 807 1394 Illud
841 1356 974 1394 vero
997 1340 1132 1394 mihi
1166 1341 1222 1394 in
1260 1348 1499 1394 mentem
1525 1341 1697 1406 venit,
1717 1340 1866 1410 quod
1889 1341 1958 1405 si,
1980 1347 2040 1394 ut

454 1427 535 1482 illi
567 1427 886 1498 opinantur,
913 1427 1080 1500 Virgo
1114 1444 1216 1499 per
1249 1429 1550 1485 adventum
1594 1429 1838 1500 Spiritus
1862 1429 2040 1486 sancti

454 1521 599 1575 facta
629 1528 712 1574 est
737 1519 1200 1590 incorruptibilis,
1261 1521 1355 1576 illa
1395 1521 1716 1577 necessario
1778 1521 1921 1577 facta
1955 1529 2042 1577 est

454 1611 878 1666 immortalitatis
899 1611 1120 1682 generis
1145 1612 1319 1667 nostri
1345 1613 1522 1679 radix,
1543 1622 1614 1669 -et
1633 1629 1746 1668 non
1779 1613 2040 1668 surculus

453 1701 678 1780 divinus
707 1717 774 1758 ex
799 1717 864 1758 ea
886 1701 1210 1773 productus.

525 1881 588 1937 Η.
621 1881 863 1953 Optime,
905 1880 1108 1952 inquit,
1155 1880 1333 1947 dicis;
1379 1897 1483 1937 nec
1531 1883 1678 1938 enim
1717 1883 1886 1938 semel
1914 1899 2039 1952 pro-

452 1978 630 2032 ditum
647 1983 752 2039 est,
786 1974 952 2028 vitam
992 1973 1230 2044 Virginis
1279 1974 1548 2029 naturalis
1594 1974 1815 2030 habitus
1861 1983 2038 2028 muta-

455 2070 661 2122 tionem
695 2065 910 2136 cepisse
943 2066 1301 2134 :.puritatern
1333 2065 1484 2119 enim
1509 2063 1707 2120 anima:
1734 2074 1791 2120 et
1836 2065 2039 2119 sancti-

454 2158 768 2214 licationem
793 2155 948 2212 carni
989 2156 1178 2211 attulit
1227 2155 1499 2212 adventus
1541 2157 1784 2227 Spiritus
1825 2156 2035 2224 sancti;

456 2267 566 2307 non
589 2259 773 2306 autem
801 2249 1124 2306 substantia:
1139 2257 1234 2304 aut
1267 2257 1478 2305 natura:
1503 2249 1957 2305 immutationem
1981 2249 2038 2303 in

453 2357 520 2398 ea
545 2339 753 2398 eﬂccit.
975 2343 982 2350 '

527 2534 593 2590 Ο.
625 2533 786 2600 Illud,
817 2535 1065 2604 inquam,
1087 2533 1227 2588 adde
1257 2533 1326 2588 ad
1357 2533 1668 2602 superiora,
1726 2530 1874 2600 quod
1917 2529 2041 2599 Spi-

459 2629 603 2684 ritus
625 2626 849 2698 quidem
874 2625 1158 2696 Virginem
1189 2624 1394 2680 virtute
1421 2613 1741 2695 giavidantc
1770 2621 2036 2692 implevit,

460 2729 523 2776 ut
553 2729 748 2774 natura
808 2732 975 2789 supra
1017 2725 1297 2780 naturam,
1343 2716 1554 2785 spicam
1613 2715 1732 2770 sine
1792 2714 2039 2768 aratione

461 2807 812 2879 produceret,
875 2813 933 2860 et
983 2819 1171 2860 ramus
1209 2819 1277 2859 ex
1324 2803 1509 2858 radice
1553 2803 1810 2874 virginali
1874 2817 2040 2872 supra

461 2913 627 2967 quam
668 2895 992 2951 naturaliter
1019 2895 1286 2950 oriretur.

530 2983 597 3039 ll.
637 2985 830 3050 Recte,
859 2983 1060 3054 inquit,
1082 2984 1228 3039 bone
1261 2983 1369 3038 vir.

532 3078 597 3132 Ο.
653 3075 810 3130 Nunc
843 3091 974 3130 vero
1005 3084 1224 3145 tempus
1247 3074 1587 3140 est,.amice,
1617 3083 1674 3129 ut
1697 3084 1949 3130 amanter
1983 3084 2040 3130 ct

2136 626 2188 662 τι
2211 607 2420 664 τοιοῦτο
2439 612 2506 681 τῇ
2538 610 2802 681 Παρθένῳ
2831 609 3192 682 συμϐεϐήκει,
3221 609 3316 664 καὶ
3337 611 3508 682 αὐτῆς
3540 609 3618 665 ἂν
3639 615 3748 682 τῆς

2139 699 2275 771 πρὸς
2299 699 2362 752 τὸ
2387 700 2590 754 τίκτειν
2619 701 3057 772 ἐπιτηδειότητος
3081 699 3442 771 ἀπεστέρητο.

2209 793 2272 843 0-.
2313 789 2706 860 'Alth-Ectam,
2735 785 2806 862 ἦν
2829 791 2872 842 δ’
2898 789 3034 858 ἐγὼ,
3064 789 3266 858 λέγεις.
3290 791 3364 843 Τὸ
3383 789 3494 862 γὰρ
3516 790 3746 863 ἄφθαρο

2137 898 2228 934 τον
2278 881 2577 945 καταστὰν,
2645 883 2746 934 οὐκ
2777 882 2842 936 ἄν
2893 897 3025 934 ποτε
3068 881 3165 934 τοῦ
3213 884 3502 954 κυοφορεῖν
3540 899 3606 934 τε
3639 885 3744 936 καὶ

2139 973 2418 1046 σαρκικῶς
2471 974 2787 1028 ἀποτίκτειν
2841 975 3054 1043 γένοιτο
3085 974 3354 1028 δεκτικόν.
3406 975 3472 1028 Ἠ
3521 975 3585 1030 δὲ
3635 977 3740 1030 τοῦ

2139 1065 2455 1136 Πνεύματος
2490 1065 2721 1138 ὲνδημία
2765 1051 2886 1136 οὐχ).
2905 1066 3006 1138 τὴν
3034 1066 3452 1137 ἐπιτηδειότητα
3475 1066 3574 1120 τοῦ
3605 1083 3742 1134 γεν-

2137 1159 2235 1228 νᾷν
2257 1157 2354 1228 τὴν
2389 1158 2664 1229 Παρθένον
2685 1158 2938 1227 ἀφειλετο
2971 1158 3006 1230 ἢ
3035 1159 3368 1212 κεκώλυκεν.
3399 1159 3444 1211 Τ
3445 1159 3742 1213 ουναντῖον

2141 1249 2240 1318 μὲν
2286 1245 2380 1303 οὖν
2418 1251 2512 1302 ἐπὶ
2537 1247 2636 1320 τὴν
2667 1250 2925 1322 άσπόρως
2951 1251 3401 1321 οἰκονομηθεῖσαν
3437 1251 3737 1322 σύλληψιν,

2117 1341 2445 1412 ⁸ιῖιπεορφυῶς
2475 1341 2644 1412 αὐτὴν
2671 1341 3080 1415 προσηγάγετο.
3109 1345 3342 1396 Κάκεῖνο
3379 1343 3436 1397 δέ
3467 1361 3557 1414 μοι
3600 1361 3740 1398 σκο-

2141 1433 2264 1486 πεῖν
2285 1432 2518 1498 ἔπεισιν,
2545 1433 2622 1496 ὡς
2641 1435 2691 1486 εἰ
2715 1433 2837 1486 κατ’
2861 1434 3103 1498 ἐκείνους
3122 1437 3158 1506 ἡ
3189 1436 3485 1506 Παρθένος,
3514 1437 3738 1507 άφθαρ·

2138 1542 2231 1588 τος
2254 1527 2321 1598 τῇ
2375 1527 2721 1598 ἐπιφοιτήσει
2744 1526 2844 1581 ⁴τοῦ
2869 1528 3194 1599 Πνεύματος
3237 1531 3464 1598 γέγονεν
3487 1573 3502 1598 ,
3538 1534 3736 1603 ἐκείνη

2142 1619 2360 1684 πάντως
2382 1618 2448 1672 ἂν
2482 1619 2576 1672 καὶ
2609 1617 2734 1691 ῥίζα
2763 1619 2863 1688 τῆς
2889 1619 3203 1688 τοῦγένους
3228 1623 3386 1693 ἡμῶν
3417 1625 3736 1694 ἀφθαρσίας

2145 1709 2462 1781 ἐτύγχανεν,
2488 1710 2604 1764 ἀλλ’
2635 1712 2735 1781 οὐχ
2757 1713 2786 1764 ὁ
2815 1711 2872 1779 ἐξ
2901 1713 3070 1783 αὐτῆς
3105 1714 3386 1784 προελθὼν
3407 1715 3570 1779 “Gaio;
3598 1716 3736 1786 βλα-

2061 1772 2118 1830 ’Β
2149 1797 2294 1860 στός.
3027 1772 3038 1783 ’
3151 1772 3182 1827 '-

2219 1891 2282 1941 Δ.
2317 1889 2746 1960 Κάλλιστα,ιέφη
2767 1929 2783 1955 ,
2811 1889 2993 1958 λέγεις
3017 1907 3036 1921 ⁸
3071 1893 3192 1946 οὐδὲ
3223 1895 3332 1965 γὰρ
3358 1896 3390 1964 ἡ
3431 1895 3593 1966 λοιπὴ
3630 1899 3734 1968 τῆς

2147 1979 2428 2050 Παρθένου
2482 1979 2597 2052 ζωὴ
2665 1981 3064 2052 παραδεδέχθαι
3134 1985 3397 2054 ,καθάπαξ
3449 1988 3736 2059 ἱστόρηται

2147 2069 2248 2140 τῆς
2276 2073 2511 2144 φυσικῆς
2532 2073 2712 2138 -ἓξεως
2754 2074 3116 2146 μεταποίησιν
3148 2091 3163 2104 ·
3215 2076 3587 2148 καθαρότητος
3628 2082 3736 2150 μὲν

2147 2163 2258 2234 γὰρ
2297 2165 2545 2236 ὑπῆρχεν
2584 2165 2722 2237 αὐτῇ
2755 2167 2856 2236 τῆς
2881 2169 3022 2220 κατὰ
3053 2167 3233 2239 ψυχὴν
3261 2208 3276 2231 ,
3318 2170 3414 2223 καὶ
3449 2172 3734 2242 άγιασμοῦ

2145 2256 2242 2310 τοῦ
2281 2257 2424 2312 κατὰ
2446 2257 2546 2329 τὴν
2572 2258 2750 2329 σάρκα
2782 2259 3043 2331 πρόξενος
3075 2263 3108 2332 ή
3135 2261 3229 2314 τοῦ
3260 2262 3575 2333 Πνεύμίατος
3608 2267 3738 2317 ἐπι-

2147 2349 2394 2422 φοίτησις
2418 2393 2432 2418 ,
2463 2350 2526 2404 ού
2564 2351 2672 2422 μὴν
2714 2350 2903 2414 οὐσίας
2932 2353 2967 2424 ἢ
2997 2353 3212 2422 φύσεως
3249 2353 3474 2423 ἄμειψιν
3500 2355 3560 2406 ὲν
3587 2356 3733 2428 αὐτῇ

2147 2457 2542 2499 κατεσκευασε.

2221 2534 2281 2586 0.
2312 2533 2566 2598 Κάκεῖνο,
2613 2533 2750 2603 ἔφην
2767 2575 2782 2600 ,
2810 2537 2922 2599 τοῖς
2961 2537 3276 2608 εἰρημένοις
3297 2537 3579 2610 προστίθει
3603 2555 3618 2568 ·
3645 2541 3730 2594 δτι

2146 2641 2212 2693 γε
2239 2624 2302 2694 δὴ
2334 2625 2394 2677 τὸ
2425 2625 2646 2694 Πνεῦμα
2668 2666 2682 2691 ,
2717 2627 2766 2679 εἱ
2791 2627 2854 2680 τὸ
2903 2628 3044 2699 ὑπὲρ
3069 2630 3172 2700 τὴν
3197 2631 3358 2699 φύσιν
3392 2631 3634 2702 ὑπάρξαι
3661 2635 3730 2702 τῇ

2150 2717 2314 2786 φύσει
2365 2719 2790 2790 καρποφορῆσαι
2825 2705 3029 2790 στάῇίυν
3072 2722 3355 2792 άνήροτον,
3391 2724 3486 2776 καὶ
3527 2721 3734 2790 ,κλάδον

2151 2809 2484 2880 παρθενικῆς
2519 2809 2676 2878 ῥίζης
2703 2809 2998 2880 ὑπερφυῶς
3031 2812 3388 2881 ὲκφυόμενον.

2219 2989 2284 3042 Α.
2317 2985 2392 3041 Εὖ
2421 3003 2506 3055 γε,
2538 2985 2666 3057 ἔφη,
2689 2981 2736 3041 ὦ
2763 2987 3020 3057 βέλτιστε.

2221 3081 2280 3134 0.
2315 3079 2428 3134 Νῦν
2457 3080 2512 3133 δὲ
2540 3080 2604 3150 δὴ
2643 3081 2856 3150 καιρδς,
2883 3071 2928 3132 ὦ
2953 3079 3196 3149 φιλότης,
3233 3079 3389 3149 ἔφην,
3431 3081 3724 3151 άγαπητιυ

463 3166 676 3239 placide
697 3165 844 3236 quod
867 3165 1132 3235 deinceps
1152 3165 1426 3236 sequitur,
1443 3165 1880 3228 consideremus.
1903 3165 2039 3222 Cum

2153 3171 2256 3235 κῶς
2291 3189 2351 3224 τε
2383 3170 2479 3226 καὶ
2527 3171 2748 3243 πραέως
2777 3175 2836 3224 τδ
2859 3170 2994 3240 ’ἑξῆς
3037 3170 3544 3240 συνδιασκέψασθαι.
3571 3171 3722 3242 ’Τῆς

461 3257 612 3314 enim
659 3253 976 3312 conveniat
1007 3256 1154 3310 inter
1211 3271 1336 3322 nos,
1369 3255 1566 3311 eadem
1621 3265 1822 3311 natura
1866 3255 2042 3312 fuisse

463 3363 684 3418 seraper
738 3347 1042 3418 Virginem,
1101 3362 1202 3401 nec
1247 3347 1304 3402 in
1324 3347 1495 3402 alium
1549 3358 1763 3404 natura:
1811 3331 2040 3416 statum,

465 3455 629 3510 quam
656 3453 768 3510 quo
817 3455 848 3494 a
893 3437 1169 3508 principio
1221 3449 1364 3503 erat,
1392 3439 1690 3505 transisse;
1728 3440 1930 3510 pignus
1975 3455 2045 3494 ex

463 3531 584 3600 ipsa
624 3537 824 3585 natura
860 3537 1070 3595 nostra,
1117 3544 1303 3584 annon
1354 3528 1444 3585 via
1473 3539 1531 3584 et
1558 3529 1754 3584 ordine
1801 3539 2047 3593 naturae.

466 3630 713 3693 tempora
746 3632 938 3694 partus
963 3618 1275 3695 servabam.

539 3813 605 3870 11.
631 3813 748 3869 lmo
773 3812 1033 3880 maxime,
1058 3811 1260 3882 inquit.
1401 3881 1406 3885 _

539 3907 604 3960 0.
661 3905 931 3959 Paulatim
979 3903 1150 3969 enim,
1190 3889 1516 3973 inquamin
1556 3911 1728 3958 utero
1781 3903 2040 3974 virginaii

469 3997 632 4053 ﬁctus
673 4004 732 4051 et
795 3995 1086 4062 formatus,
1113 3993 1442 4064 proﬁciebat
1489 3995 1608 4065 lege
1663 4003 1872 4063 partus,
1920 4005 2042 4050 tan-

467 4105 634 4163 quam
681 4089 749 4144 ad
809 4087 1182 4142 maturitatem
1227 4085 1528 4156 perfectam
1579 4085 1826 4148 infantis.
1875 4096 1937 4141 ut
1975 4103 2045 4142 ex

466 4181 653 4238 verbis
680 4177 964 4250 Evangelii
991 4177 1232 4249 perspici
1274 4184 1478 4248 potest,
1513 4192 1640 4232 cum
1697 4179 1807 4233 ait:
1847 4177 1914 4232 Et
1939 4180 2040 4234 im-

469 4276 596 4346 pleti
615 4283 740 4330 sunt
773 4271 882 4326 dies
938 4279 997 4325 ut
1024 4278 1236 4343 pareret
1254 4271 1302 4342 ,³⁷
1329 4271 1466 4341 ipsa.
1490 4270 1596 4328 Ubi
1619 4270 1768 4325 circa
1799 4279 2040 4341 partum,

468 4371 616 4422 sicut
663 4365 808 4420 circa
841 4371 1190 4436 conceptum,
1236 4361 1564 4436 miraculum
1621 4361 1945 4418 admirabile
1987 4371 2046 4417 et

2143 3263 2252 3335 γὰρ
2282 3263 2561 3335 Παρθένου
2601 3261 3070 3334 συνομολογούσης
3097 3265 3232 3334 ἡμῖν
3280 3263 3542 3328 ὡσαύτως
3575 3263 3733 3334 ἔχειν

2144 3354 2288 3408 κατὰ
2315 3354 2417 3424 τὴν
2445 3353 2608 3422 φύσιν
2636 3354 2722 3406 ἀεὶ
2752 3394 2766 3416 ,
2797 3353 2894 3406 καὶ
2924 3352 3000 3424 μὴ
3041 3353 3176 3424 πρὸς
3214 3353 3406 3418 ἑτέραν
3433 3355 3588 3424 παρά
3622 3354 3734 3426 τὴν

2144 3446 2205 3512 ἐξ
2235 3447 2412 3518 ἀρχῆς
2445 3447 2804 3518 ὑπάρχουσαν
2833 3447 2998 3516 αὐτῇ,
3033 3445 3424 3516 μεταχωρῆσαι
3449 3445 3733 3500 κατάστα-

2147 3555 2254 3602 σιν,
2284 3539 2312 3592 ὁ
2345 3536 2404 3605 ἐξ
2434 3535 2606 3605 αὐτῆς
2631 3535 2732 3604 τῆς
2761 3535 3042 3606 ἡμετέρας
3071 3533 3287 3604 φύσεως
3327 3535 3608 3607 ἀρραϐὼν,
3639 3530 3732 3606 ἄρ’

2144 3631 2266 3702 οὐχὶ
2301 3627 2406 3699 ὀδῷ
2439 3628 2533 3682 καὶ
2567 3627 2721 3692 τάξει
2750 3627 2990 3696 φύσεως,
3030 3627 3158 3693 τοὺς
3199 3627 3426 3698 χρόνους
3465 3628 3730 3698 ἐγίνωσκε

2145 3721 2247 3793 τῆς
2276 3721 2528 3794 κυήσεως
2551 3736 2565 3785 ;

2215 3814 2279 3866 Λ.
2307 3811 2460 3866 Πάνυ
2489 3811 2590 3882 μὲν
2626 3809 2744 3877 οὖν,
2782 3809 2910 3882 ἔφη.

2207 3909 2280 3956 υ,
2331 3904 2492 3958 Κατὰ
2537 3902 2712 3974 βραχὺ
2761 3903 2870 3973 γὰρ
2929 3904 2988 3957 ἰν
3035 3905 3103 3970 τῇ
3147 3899 3460 3974 παρθενικῇ
3509 3901 3726 3973 μήτρᾳ,

2147 3995 2455 4066 προέκοπτε
2486 3995 2637 4066 νόμῳ
2674 3997 2946 4066 κυήσεως,
2978 3993 3054 4060 ὡς
3085 3993 3223 4066 πρὸς
3245 3995 3348 4064 τὴν
3377 3994 3727 4066 ἀπηρτισμὶ-

2145 4103 2244 4157 νην
2273 4086 2368 4140 τοῦ
2395 4086 2632 4158 βρέφους
2659 4086 2968 4152 τελείωσιν,
3007 4086 3082 4149 ὡς
3108 4085 3200 4140 καὶ
3228 4085 3330 4155 τῆς
3357 4085 3724 4154 εύαγγελικῆς

2146 4178 2294 4232 ἔστιν
2327 4179 2560 4234 ἀκοῦσαι
2593 4179 2804 4250 φωνῆς,
2845 4179 3310 4248 Ἐπλήσθησαν,
3348 4176 3638 4249 λεγούσης.
3669 4183 3728 4232 al

2117 4267 2359 4341 ’ἡμέραι
2419 4270 2526 4326 τοῦ
2575 4271 2774 4326 τεκεῖν
2813 4270 3024 4335 αὐτὴν.
3063 4271 3232 4324 Ἔνθα
3255 4271 3392 4338 περὶ
3419 4271 3515 4324 τὸν
3546 4270 3726 4335 τόκον,

2109 4425 2115 4432 κ
2146 4362 2337 4434 ῶσπερ
2367 4363 2432 4435 δὴ
2467 4363 2560 4418 καὶ
2602 4363 2732 4434 περὶ
2765 4361 2864 4434 τὴν
2891 4361 3119 4433 πρώτην
3150 4361 3414 4434 σύλληψιν
3436 4404 3452 4428 ,
3482 4378 3730 4416 καινοτο-

468 4475 670 4516 novum
701 4457 902 4514 factum
929 4465 1032 4518 est,
1065 4454 1211 4525 quod
1254 4470 1433 4527 neque
1456 4463 1646 4528 partus
1666 4455 2040 4528 virginitatem

2153 4459 2332 4527 μεῖταί
2358 4454 2546 4524 θαῦμα
2575 4453 2896 4524 παράδοξον,
2923 4451 3052 4506 οὔτε
3081 4452 3177 4506 τοῦ
3206 4454 3370 4507 τόκου
3397 4453 3498 4524 τὴν
3526 4452 3730 4522 παρθε-

469 4550 652 4618 ςοιιίι,
684 4565 864 4620 neque
888 4547 1176 4616 virginitas
1207 4555 1424 4619 partum
1461 4547 1766 4622 impedivit.

537 4731 605 4786 li.
638 4730 854 4793 Divinc,
891 4729 1090 4798 inquit,
1111 4729 1210 4782 ais.

537 4821 602 4877 Ο.
632 4821 761 4887 Sed,
789 4819 1013 4889 inquam
1044 4834 1166 4889 ego,
1192 4817 1651 4885 sicutconceptus
1687 4828 1855 4884 supra
1883 4821 2043 4867 natu-

468 4928 586 4968 ram
646 4918 892 4964 nostram
932 4909 1131 4975 factus,
1183 4923 1298 4962 non
1347 4896 1518 4961 l'uit'a
1557 4913 1756 4959 natura
1792 4904 2040 4968 alienus;

466 5005 550 5059 sic
575 5002 797 5074 quidem
828 5001 1112 5073 generatio
1156 5017 1278 5071 qua:
1333 4997 1822 5054 admirabilitatem
1875 4997 2042 5051 liabe-

466 5093 585 5159 bat,
613 5107 723 5146 non
782 5093 1020 5146 mutavit
1061 5101 1314 5146 naturam
1370 5091 1491 5161 ejus
1519 5088 1615 5158 qui
1673 5096 1901 5156 propter
1945 5103 2045 5144 nos

466 5195 630 5239 natus
656 5191 773 5238 est:
800 5183 936 5252 quin
963 5183 1074 5238 imo
1097 5193 1268 5250 ,ortus
1295 5190 1382 5236 est
1429 5194 1616 5233 ramus
1645 5189 1701 5233 et
1726 5177 1939 5235 fructus
1973 5181 2047 5234 si-

467 5277 615 5332 milis
644 5284 803 5331 utero
836 5275 931 5347 qui
965 5275 1268 5345 generavit.
1927 5327 1930 5330 ,

538 5367 603 5424 ιι.
641 5367 752 5424 Nos
798 5367 986 5438 igitur,
1041 5365 1222 5435 inquit
1258 5365 1373 5427 ille,
1410 5363 1490 5418 sic
1538 5362 1606 5418 de
1647 5377 1811 5418 carne
1835 5361 2043 5418 Christi

463 5459 814 5524 conﬁtemur,
849 5457 998 5528 quod
1035 5453 1338 5512 secundum
1361 5453 1693 5524 principium
1741 5463 2045 5524 conceptus

463 5553 708 5610 simulet
731 5549 1021 5620 virginalia
1049 5551 1262 5602 viscera
1300 5546 1500 5618 attigit,
1529 5555 1585 5602 et
1626 5546 1775 5617 quod
1825 5563 2042 5603 assum-

538 5737 575 5770 ιτ
605 5725 742 5786 Luc.
780 5742 836 5792 ιι,
872 5725 928 5781 6.

2153 4543 2273 4598 victv
2300 4543 2582 4609 λύσαντος,
2613 4541 2737 4598 οὔτε
2763 4543 2864 4613 τῆς
2893 4541 3196 4613 παρθενίας
3222 4539 3475 4612 ἐμποδὼν
3505 4543 3572 4614 τῇ
3603 4557 3729 4595 κυο-

2152 4637 2320 4708 φοριᾳ
2353 4633 2670 4708 γενομένης.

2222 4732 2287 4786 Α.
2325 4730 2518 4796 Θείως,
2555 4729 2683 4801 ἔφη,
2710 4728 2913 4798 λέγεις.

2223 4824 2284 4878 0.
2323 4822 2460 4878 Ἀλλ’
2499 4821 2708 4894 ὥσπερ,
2731 4817 2799 4891 ἦν
2821 4821 2866 4874 δ’
2891 4819 3026 4890 ἐγὼ,
3059 4823 3092 4891 ἡ
3116 4821 3382 4892 σύλληψις
3411 4821 3554 4891 ὑπὲρ
3579 4823 3729 4892 ἡμᾶς

2150 4911 2524 4984 γεγενημένη,
2575 4912 2640 4966 τὸ
2667 4910 2790 4964 καθ’
2821 4911 2972 4980 ἡμᾶς
3003 4910 3106 4963 οὐκ
3132 4909 3402 4980 ἠγνόησεν
3425 4947 3442 4972 ,
3493 4907 3638 4962 οὕτω
3663 4908 3728 4977 δὴ

2145 5003 2240 5056 καὶ
2285 5003 2320 5072 ἡ
2352 5001 2606 5074 γέννησις
2631 5001 2694 5052 τὸ
2738 4997 3046 5070 παράδοξον
3076 4996 3273 5069 ἔχουσα
3297 5037 3313 5060 ,
3355 4995 3451 5050 τοῦ
3489 4997 3560 5049 δι’
3583 4997 3731 5068 ἡμᾶς

2141 5091 2428 5163 τεχθέντος
2457 5093 2555 5163 τὴν
2595 5091 2759 5162 φύσιν
2785 5091 2888 5145 οὐκ
2915 5089 3175 5162 ἢμειψεν,
3201 5088 3318 5142 ἀλλ’
3339 5087 3508 5157 ἐξέφυ
3535 5085 3731 5148 κλάδος

2143 5201 2202 5242 τε
2229 5183 2324 5238 xui.
2350 5185 2590 5254 καρπὸς,
2614 5185 2682 5255 τῇ
2720 5183 2944 5256 φυσάσῃ
2975 5180 3178 5251 γαστρὶ
3205 5171 3620 5250 παραπλήσιος.

2211 5364 2274 5417 Α.
2313 5361 2500 5432 Ἡμεῖς
2539 5361 2639 5432 μὲν
2671 5357 2788 5425 οὖν,
2833 5360 2972 5430 ἔφη,
2995 5358 3176 5414 τοιάδε
3217 5357 3348 5427 περὶ
3386 5355 3488 5422 τῆς
3529 5353 3729 5425 σαρκὸς

2140 5453 2378 5526 Χριστοῦ
2407 5453 2727 5524 δοξάζομεν,
2751 5455 2836 5508 ὅτι
2863 5451 2986 5506 κατ’
3009 5451 3182 5522 αὐτὴν
3203 5465 3266 5518 γε
3288 5449 3388 5520 τῆς
3410 5446 3728 5518 συλλήψεως

2141 5547 2238 5619 τὴν
2261 5547 2454 5619 ἀργὴν,
2473 5547 2588 5618 ἅμα
2607 5547 2715 5600 τῶν
2739 5542 3088 5619 παρθενικῶν
3109 5541 3354 5612 ἐφῆπται
3377 5537 3730 5614 σπλάγχνων,
