3934 6156
259 300 404 370 1329

1297 301 1597 365 CONTRA
1635 296 1952 359 NESTOR.
1987 294 2079 352 ET
2117 291 2438 352 EU'I‘YCH.

3378 281 3513 348 1330

258 421 359 471 καὶ
412 420 475 472 τὸ
531 417 881 491 προσληφθέν
917 416 995 481 είς
1024 412 1333 485 ἀφθαρσίαν
1377 408 1840 483 μετεσκευάζετοο

1974 414 2101 459 ltum
2142 412 2247 467 est,
2300 402 2355 456 in
2387 398 3024 491 ’lncorruptibilitatcm‘
3056 403 3329 453 mutatum
3389 402 3511 451 est:

262 510 385 573 πῶς
414 510 523 583 γὰρ
568 505 681 565 οἷόν
706 527 765 564 τε
792 505 861 580 ἦν
894 507 1065 578 αὑτῷ,
1110 505 1184 578 μὴ
1223 504 1324 576 τὴν
1373 503 1619 576 φθαρτὴν
1644 501 1838 555 ἀποτί-

261 600 457 654 θεσθαι
493 599 675 669 φύσιν,
704 599 785 671 τῷ
819 599 1082 671 ἀφθάρτῳ
1108 597 1253 669 λόγῳ
1276 594 1623 668 προσενωθέν
1647 612 1662 661 ;

339 774 403 827 0.
427 774 646 827 Μᾶλλον
689 774 875 838 ἔοικάς
903 790 1015 844 μοι,
1063 767 1108 827 ὦ
1143 772 1409 843 βέλτιστε,
1443 771 1553 825 τῶν
1598 770 1841 836 οἰκείων,

269 863 430 934 ἔφην,
459 864 634 931 λόγων
660 865 1020 934 ἀμνημονεῖν.
1048 863 1162 934 Τὴν
1200 863 1312 934 γὰρ
1339 862 1599 916 Θεοτόκον
1626 859 1841 930 Παρθέ⁸

268 973 359 1008 νον
382 958 440 1009 ὲν
464 958 575 1019 τοῖς
596 955 861 1027 πρότερον
888 955 1156 1026 ἄτρεπτον
1168 956 1445 1024 διαμεῖναι
1469 952 1846 1023 συνωμολόγη-

270 1064 390 1112 σας,
427 1048 522 1101 καὶ
559 1050 641 1102 ὅτι
677 1048 772 1101 τὸν
801 1048 1110 1119 ὡρισμένον
1136 1048 1237 1117 τῆς
1263 1046 1616 1119 ἀνθρωπίνης
1644 1045 1844 1116 συλλή-

265 1143 414 1208 ψεως
442 1141 654 1211 χρόνον,
687 1142 746 1195 ὲν
794 1143 860 1212 τῇ
896 1142 1198 1212 παρθενικῇ
1237 1141 1422 1212 μήτρᾳ
1471 1139 1846 1210 μορφούμενος

266 1235 296 1286 ὁ
322 1233 433 1287 τῶν
454 1235 665 1304 χρόνων
706 1234 1069 1304 Δημιουργὸς,
1112 1233 1336 1302 οἰκῆσαι
1368 1234 1471 1287 οὑκ
1502 1233 1844 1302 ἀπηνήνατο.

267 1321 394 1389 Πῶς
412 1325 593 1380 τοίνυν
617 1327 646 1379 ό
671 1325 998 1396 σπλάγχνοις
1023 1327 1228 1397 μητρὸς
1256 1324 1539 1394 ἐνοικῆσαι
1554 1323 1849 1388 καταδεξά-

269 1434 452 1486 μενος,
489 1418 586 1471 καὶ
619 1419 747 1482 τοὺς
779 1417 882 1487 τῆς
907 1420 1155 1488 κυήσεως
1181 1419 1407 1489 χρόνους
1443 1418 1843 1494 ἐκτετελεκὼς,

268 1512 392 1563 κατ’
429 1509 584 1562 οὐδὲν
606 1513 708 1582 τῆς
731 1509 1010 1581 Παρθένου
1036 1509 1381 1580 προύχούσης
1412 1509 1592 1581 ἡμῶν,
1614 1510 1754 1583 πλήν
1783 1528 1848 1579 γε

271 1599 442 1667 μόνης
472 1598 572 1667 τῆς
606 1598 893 1670 ἁγιότητος
915 1637 930 1661 ,
958 1598 1148 1669 ὥσπερ
1180 1600 1244 1652 ἐκ
1274 1598 1636 1669 μεταμελείας
1661 1599 1806 1663 τινὸς
1831 1638 1846 1665 ,

1941 493 2220 566 quomodo
2252 492 2399 548 enim
2460 491 2580 546 ﬁeri
2609 500 2846 561 poterat,
2895 498 2957 545 ut
3009 477 3277 544 'naturam
3323 501 3514 542 corru-

1941 587 2191 657 ptibilem
2233 600 2345 640 non
2405 584 2728 654 deponeret,
2778 582 2926 653 quod
2976 582 3159 637 Verbo
3217 576 3517 633 immortali

1941 680 2157 736 unitum
2179 680 2333 735 erat?
3575 708 3589 745 vi

2012 774 2077 828 0.
2117 773 2262 840 Quin
2301 773 2432 837 into,
2459 773 2706 842 inquam,
2738 770 2943 826 videris
2967 768 3100 823 mihi
3151 775 3369 820 tuorum
3389 780 3511 818 ver-
3576 746 3590 797 ί

1942 867 2141 922 borum
2193 866 2500 920 immemor.
2563 864 2831 934 Superius
2883 862 3031 917 enim
3085 859 3368 929 Virginem
3420 855 3519 910 Dei

1944 959 2170 1013 Matrem
2212 956 2613 1011 immutabilem
2662 956 2928 1009 mansisse
2984 952 3272 1008 confessus
3315 963 3413 1014 es;
3462 955 3520 1002 et

1945 1049 2092 1121 quod
2120 1051 2329 1104 Auctor
2375 1057 2686 1117 temporum
2746 1042 2857 1100 non
2910 1043 3208 1107 recusavit,
3256 1056 3381 1096 cum
3409 1038 3522 1093 for-

1946 1147 2126 1195 matus
2158 1146 2262 1204 est,
2296 1137 2548 1192 habitare
2574 1136 2632 1191 in
2682 1143 2840 1190 utero
2865 1143 3080 1203 tempus
3131 1132 3358 1187 humani
3385 1145 3520 1185 con-

1946 1240 2159 1302 ceptus.
2183 1229 2473 1297 Quomodo
2509 1229 2677 1299 igitur
2713 1227 2809 1297 qui
2857 1225 3035 1279 voluit
3079 1223 3329 1278 habitare
3359 1223 3416 1276 in
3441 1221 3524 1275 vi-

1949 1321 2200 1376 sceribus
2236 1319 2453 1382 matris,
2514 1324 2572 1372 et
2618 1325 2865 1385 tempora
2917 1320 3109 1383 partus
3150 1309 3417 1391 explevit,
3466 1317 3524 1362 et

1949 1428 2076 1468 cum
2096 1427 2206 1467 non
2235 1419 2383 1467 esset
2404 1408 2752 1481 praestantior
2796 1421 2962 1477 quam
2994 1419 3097 1459 nos
3126 1403 3314 1473 Virgo,
3333 1460 3336 1464 λ
3356 1415 3520 1455 exce-

1949 1513 2043 1576 pta
2081 1504 2393 1568 sanctitate,
2422 1510 2682 1572 tanquam
2695 1497 3024 1570 poenitentia
3054 1493 3290 1566 quadam
3320 1492 3521 1548 ductus

1949 1606 2203 1654 naturam
2231 1595 2480 1667 corporis
2512 1594 2597 1650 sul
2631 1593 2872 1662 respuit,
2915 1589 3081 1660 idque
3125 1605 3157 1643 a
3191 1597 3363 1643 matre
3398 1599 3521 1657 qua

267 1691 368 1760 τὴν
404 1689 501 1743 τοῦ
532 1690 736 1744 οἰκείου
772 1689 1023 1760 σώματος
1060 1689 1225 1756 φύσιν
1271 1689 1514 1755 ἀπαξιοῖ,
1552 1689 1848 1745 καὶταῦτα

1974 1705 2087 1746 eum
2119 1688 2329 1760 genuit,
2356 1703 2457 1759 per
2488 1685 2671 1741 omnia
2711 1700 2820 1738 non
2847 1681 3136 1738 diil‘erret?

267 1786 338 1855 τῇ
372 1782 754 1857 γεννησαμένη
775 1782 864 1836 διά
894 1782 1109 1838 πάντων
1139 1781 1571 1858 ἀπαραλλάκτως
1612 1782 1845 1855 συμϐαί-

269 1893 455 1942 νοντος
487 1895 503 1944 ;

344 1969 410 2025 Α.
441 1969 669 2035 Τούτοις
701 1972 802 2041 μὲν
847 1967 941 2026 οὖν
967 2013 981 2036 ,
1015 1974 1220 2039 ἐκεῖνος
1248 1973 1377 2045 ἔφη,
1415 1975 1617 2040 πάντες
1647 1975 1845 2042 κοινῶς

271 2061 650 2132 συνθήσονται.
678 2063 753 2115 Τὸ
784 2062 864 2130 δὲ,
892 2064 974 2117 ὅτι
1004 2063 1239 2134 φθαρτὸν
1263 2068 1326 2118 ἐκ
1345 2066 1558 2136 μήτρας
1578 2065 1758 2122 λαϐὼν
1785 2066 1847 2120 τδ

269 2154 336 2205 ἐκ
384 2155 483 2223 τῆς
510 2153 787 2224 Παρθένου
830 2153 1012 2226 σῶμα,
1065 2156 1266 2219 εὐθέως
1307 2157 1439 2211 αὑτὸ
1472 2157 1608 2228 πρὸς
1633 2158 1847 2230 ἀφθαρ-

269 2246 395 2298 σίαν
459 2246 906 2318 μετεκεράσατο,
974 2248 1082 2301 τῶν
1131 2237 1309 2319 ὀρθῶς
1361 2251 1493 2320 ἡμῖν
1545 2249 1846 2303 δοκούντων

268 2336 437 2389 ἰστίν.

340 2426 401 2481 0.
437 2426 548 2478 Kal.
578 2425 679 2479 πού
718 2427 747 2478 ό
770 2428 868 2496 τῆς
909 2427 1388 2499 συμπολιτεύσεως
1423 2431 1548 2501 ὅρος
1589 2433 1684 2499 καὶ
1713 2430 1844 2501 χρό-

267 2534 379 2580 νος,
417 2516 576 2588 ἑφην,
603 2509 667 2571 οὑ
700 2517 939 2587 μάλιστα
977 2520 1035 2572 ἐν
1066 2520 1229 2591 χρείᾳ
1256 2521 1754 2592 καθειστήκειμεν,
1789 2523 1847 2576 ὲν

268 2608 460 2680 ἀτόμῳ
480 2608 576 2662 καὶ
602 2611 733 2680 ῥιπῇ
761 2607 1064 2681 ὀφθαλμοῦ,
1081 2610 1178 2681 τὴν
1203 2611 1338 2683 πρὸς
1356 2613 1509 2684 ἡμᾶς
1530 2612 1844 2682 ὁμοιότητα,

266 2698 345 2760 ὡς
378 2700 485 2769 φὴς
508 2742 523 2766 ,
552 2700 973 2772 ἐπιδειξαμένου
997 2741 1013 2768 ,
1043 2703 1139 2756 καὶ
1180 2703 1374 2757 θᾶττον
1427 2703 1804 2775 μεταθεμένου
1830 2744 1845 2766 ,
1882 2754 1883 2757 η

268 2790 437 2844 ὁπότε
470 2791 530 2845 οὑ
555 2791 745 2870 τούτου
792 2793 957 2864 μόνου
994 2794 1401 2866 προσεδεόμεθα
1420 2837 1436 2861 ,
1468 2794 1606 2850 ἀλλά
1631 2796 1727 2850 καὶ
1753 2793 1847 2849 τοῦ

274 2884 792 2955 συναναστραφῆναι
833 2886 968 2956 ἡμῖν
998 2886 1089 2939 τὸν
1119 2887 1347 2957 Κύριον,
1390 2888 1489 2942 καὶ
1513 2886 1602 2941 διὰ
1631 2889 1849 2941 πάντων

268 2973 492 3029 ὁδεῦσαι
517 2973 622 3041 ,δι’
651 2968 727 3030 ὧν
771 2976 805 3046 ἡ
844 2976 1160 3048 ἀνθρωπεία
1204 2977 1368 3047 φύσις
1406 2977 1708 3049 ἀρχομένη,
1755 2976 1851 3031 καὶ

2181 1868 2273 1887 ι⁷σι
2337 1878 2347 1890 ο
2395 1861 2428 1883 ’δ
2461 1861 2533 1889 ἰη,
2582 1868 2817 1896 μ.,,,,“·’.

2887 1867 2949 1921 ..ἢ

2023 2004 2091 2059 ll.
2120 2003 2239 2067 llis,
2262 2000 2442 2072 inquit
2465 1998 2578 2063 ille,
2612 2010 2804 2053 omnes
2824 1989 3194 2050 communiter
3218 1985 3519 2042 assentien-

1954 2105 2071 2152 tur.
2107 2095 2310 2151 Verum
2357 2105 2561 2161 corpus
2586 2103 2653 2144 ex
2684 2095 2843 2142 utero
2869 2079 3226 2152 corruptibile
3263 2074 3410 2147 quod
3454 2088 3523 2130 ex

1955 2186 2182 2256 Virgine
2209 2182 2464 2253 sumpsit,
2499 2178 2647 2250 quod
2678 2176 2877 2244 jstatim
2932 2173 3000 2228 ad
3055 2168 3526 2225 immortalitatem

1957 2276 2260 2342 transtulit,
2314 2290 2506 2330 eorum
2550 2281 2634 2327 est
2684 2269 2779 2340 qui
2833 2266 2994 2322 nobis
3022 2272 3170 2319 recte
3204 2261 3412 2336 sentire
3436 2258 3526 2313 vi-

1953 2367 2174 2423 dentur.

2023 2454 2088 2510 0.
2119 2455 2189 2511 Et
2216 2454 2334 2518 ubi,
2365 2453 2589 2522 inquam
2611 2464 2733 2520 ego,
2761 2457 2848 2503 est
2878 2447 3039 2508 ratio,
3072 2453 3128 2498 et
3165 2451 3380 2512 tempus
3399 2440 3527 2495 vita:

1955 2549 2275 2602 communis
2299 2561 2363 2601 ac
2413 2542 2867 2603 conversationis,
2903 2554 3024 2610 quae
3085 2536 3321 2615 matrime
3366 2531 3538 2588 nobis

1957 2636 2113 2692 utilis
2154 2642 2211 2690 et
2232 2634 2558 2690 necessaria
2609 2631 2734 2697 fuit,
2790 2630 2836 2685 si
2889 2635 3096 2699 puncto
3142 2632 3201 2680 et
3245 2630 3550 2678 momento“

1956 2726 2221 2796 temporis
2282 2723 2624 2787 similitudo,
2690 2730 2751 2777 ut
2812 2721 2924 2782 ais,
2987 2717 3278 2773 nobiscum
3333 2713 3403 2768 ab
3461 2728 3529 2769 eo

1956 2814 2369 2878 demonstrata,
2400 2812 2653 2868 celeriter
2702 2817 2914 2864 mutata
2966 2818 3088 2873 est;
3146 2803 3368 2875 quando
3417 2814 3529 2857 non

1957 2907 2066 2962 hoc
2097 2905 2702 2975 solum-indigebamus,
2751 2900 2848 2956 sed
2880 2909 2942 2954 ut
2972 2905 3397 2953 conversaretur
3424 2907 3529 2949 no-

1957 2997 2175 3052 biscum
2197 2995 2496 3060 Dominus;
2536 3002 2595 3049 et
2623 3009 2720 3063 per
2767 2992 2952 3046 omnia
2984 2994 3241 3059 pergeret
3284 3001 3386 3056 per
3409 2999 3533 3054 qua:

269 3064 363 3172 διά
389 3065 497 3121 τῶν
518 3070 576 3122 ὲν
605 3067 757 3139 μέσῳ
783 3068 1089 3139 χωρήσασα
1111 3109 1126 3134 ,
1159 3069 1297 3139 πρὸς
1323 3068 1601 3148 τδιοίκείον
1629 3067 1849 3140 ἔρχεται

1974 3098 2157 3144 natura
2189 3088 2429 3157 humana
2454 3085 2786 3157 principium
2809 3082 3057 3152 capiens,
3106 3086 3165 3134 et
3207 3092 3306 3147 per
3352 3076 3531 3131 media

273 3155 423 3222 τέλος
435 3177 451 3226 ;

347 3250 412 3303 A.
443 3250 510 3302 Τί
536 3250 667 3320 γὰρ,
698 3250 828 3320 ἔφη,
845 3249 907 3303 τὸ
933 3248 1143 3304 κωλῦον
1175 3245 1264 3321 ἦν,
1290 3249 1495 3320 καίπερ
1519 3249 1729 3313 ἀπαθὲς
1755 3252 1856 3321 τῆς

279 3340 525 3402 ἑνώσεως
553 3342 862 3412 ποιησάσης
890 3342 951 3395 τὸ
980 3341 1139 3412 σῶμα
1164 3357 1180 3407 ς

350 3436 413 3485 0.
432 3433 543 3487 Καὶ
568 3433 707 3497 πῶς,
730 3433 906 3502 ἔγωγε
923 3432 1060 3505 ἔφην
1085 3433 1224 3505 πρὸς
1251 3430 1486 3504 αὑτὸν,ἢ
1509 3435 1620 3496 τοῖς
1643 3431 1856 3503 ἀνθρὼο

279 3540 406 3590 ποις
432 3525 785 3598 συνδιαιτῷτο
802 3526 903 3598 τὴν
926 3525 1128 3597 ἀρχὴν,
1150 3524 1270 3597 ἢτά
1295 3524 1437 3596 ὑπὲρ
1458 3526 1491 3596 ἡ
1500 3525 1616 3595 μῶν
1637 3523 1860 3579 κατεδέ-

283 3617 413 3685 ξατο
441 3589 612 3689 πάθη,
647 3589 953 3691 ἠρνημένος
970 3589 1294 3690 ’πρώτης
1323 3589 1568 3680 ένιὺσεως
1595 3615 1656 3670 τὸ
1679 3617 1861 3684 ὁμοιοο

284 3711 454 3775 παθὲς
482 3712 616 3780 ἡμῖν
654 3711 750 3765 καὶ
781 3709 1048 3780 ἐπίκηρον
1073 3726 1089 3776 ;

357 3804 420 3857 Α.
465 3802 714 3873 Ἐπασχε
746 3801 848 3871 μὲν
870 3841 885 3866 ,
920 3801 1130 3863 ἐκεῖνος
1155 3798 1523 3870 ἀπεκρίνατο,
1553 3797 1667 3852 ἀλλ’
1699 3797 1759 3852 οὑ
1793 3797 1858 3868 δή

284 3913 390 3949 που
417 3894 634 3965 ἀνάγκη
676 3894 914 3963 φύσεως,
949 3891 1088 3945 ἀλλά
1128 3890 1272 3961 λόγῳ
1304 3889 1618 3959 οἰκονομίας
1636 3887 1732 3943 τοῦ
1759 3888 1862 3943 Δόὶ

284 4001 384 4054 γον
415 3984 658 4053 ἐφιέντος
682 3982 745 4036 τὸ
778 3982 998 4037 παθεῖν.

354 4083 417 4132 0.
443 4064 779 4148 Αίνίγματος
818 4076 972 4131 οὐδὲν
1004 4076 1237 4147 ἀπᾴδειν
1267 4074 1405 4146 ἔφην
1447 4075 1559 4144 ἐγὼ
1581 4074 1643 4129 τδ
1673 4073 1861 4148 ῥηθέν.

285 4172 411 4236 Πῶς
470 4172 591 4244 γὰρ,
632 4171 725 4226 καὶ
773 4169 934 4241 φύσιν
984 4169 1140 4239 ἔσχεν
1189 4168 1467 4239 ἀνωτέραν
1514 4169 1726 4235 παθῶν,
1772 4169 1867 4223 καὶ

288 4263 522 4333 πάσχειν
572 4261 738 4316 πάλιν
771 4261 841 4315 τά
874 4261 977 4331 τῆς
1011 4259 1227 4330 φύσεως
1257 4259 1461 4330 σαρκὸς
1491 4260 1684 4330 ἠφίετο
1713 4258 1865 4332 παρά

286 4349 386 4419 τὴν
411 4349 572 4419 φύσιν
601 4350 707 4415 ;Εί
732 4349 831 4421 μὲν
859 4348 969 4420 γὰρ
995 4350 1029 4420 η
1054 4348 1251 4412 ἕνωσις
1274 4346 1370 4401 τοῦ
1401 4348 1577 4416 Λόγου
1598 4388 1615 4414 ,
1639 4348 1700 4402 τὸ
1723 4350 1868 4403 ἀπα-

1960 3176 2342 3246 progrediens,
2370 3174 2437 3229 ad
2466 3174 2632 3228 tinem
2659 3186 2821 3227 suum
2846 3169 3077 3226 evadit?

2032 3264 2098 3318 Η.
2131 3262 2274 3329 Quid
2304 3263 2474 3326 enim,
2505 3259 2705 3330 inquit,
2742 3260 2849 3315 ista
2881 3254 3230 3328 prohibebat,
3282 3252 3534 3323 quamvis

1965 3353 2098 3410 unio
2130 3368 2334 3423 corpus
2368 3351 2703 3422 impassibile
2729 3348 2994 3404 fecisset?
3284 3362 3287 3363 ν

2035 3443 2101 3498 0.
2133 3444 2203 3499 Et
2227 3442 2525 3513 quomodo,
2587 3440 2863 3511 inquam,.
2895 3437 3001 3492 vel.
3032 3451 3166 3492 cum
3214 3432 3536 3490 hominibus

1965 3534 2239 3607 principio
2264 3533 2512 3597 vixisset,
2549 3532 2632 3587 vel
2668 3530 2957 3601 passiones
3000 3542 3100 3599 pro
3135 3526 3298 3581 nobis
3348 3539 3537 3580 susce~

1965 3627 2160 3698 pisset.
2188 3626 2235 3681 si
2261 3641 2329 3681 ex
2358 3624 2476 3694 ipso
2509 3622 2782 3693 principio
2810 3618 3033 3674 unionis
3064 3626 3324 3688 negatum
3370 3623 3535 3679 esset,

1968 3731 2092 3772 esse
2117 3713 2354 3771 similem
2379 3712 2539 3767 nobis
2569 3710 2908 3781 passibilem,
2949 3717 3006 3761 et
3037 3707 3326 3762 mortalem
3341 3706 3381 3758 ?“

2040 3805 2107 3862 Η.
2134 3805 2334 3860 Passus
2369 3811 2474 3869 est,
2503 3800 2789 3873 respondit
2817 3799 2929 3864 ille,
2956 3799 3053 3856 sed
3076 3814 3185 3854 non
3213 3796 3541 3852 necessitate

1969 3906 2202 3961 naturae,
2258 3912 2454 3953 verum
2504 3895 2718 3951 ratione
2776 3892 3133 3960 oeconomia,
3179 3889 3542 3963 permittente

1970 3990 2152 4047 Verbo
2176 3997 2238 4045 ut
2263 3995 2564 4061 pateretur.
3268 3976 3271 3979 ’

2040 4081 2105 4138 0.
2154 4082 2321 4153 Ergo,
2378 4082 2624 4151 inquam,
2680 4078 2831 4150 quod
2867 4076 3081 4134 dictum
3134 4083 3240 4140 est,
3289 4071 3429 4128 nihil
3473 4069 3545 4125 ab

1974 4174 2262 4245 aenigmate
2297 4172 2503 4228 differt.
2536 4172 2824 4238 Quomodo
2846 4171 2995 4226 enim
3022 4177 3276 4225 naturam
3307 4161 3544 4219 habebat

1974 4265 2314 4336 superiorem
2332 4279 2497 4334 quam
2524 4272 2584 4318 ut
2610 4263 2722 4333 pati
2746 4269 2955 4333 posset,
3003 4270 3062 4315 et
3111 4271 3307 4313 rursus
3329 4253 3546 4310 sineba-

1973 4362 2088 4421 tur,
2120 4363 2320 4427 prteter
2345 4362 2622 4421 naturam,
2642 4369 2764 4424 quae
2796 4353 2981 4408 carnis
2999 4358 3128 4407 sunt
3148 4348 3299 4421 pati?
3322 4346 3378 4402 Si
3400 4345 3545 4401 enim

289 4435 379 4498 θὲς
408 4439 474 4508 τῇ
504 4439 667 4507 σαρκὶ
689 4438 1004 4510 ἐδωρήσατο
1022 4478 1037 4504 ,
1069 4439 1169 4491 οὐκ
1193 4437 1258 4491 ἂν
1291 4436 1460 4509 αὑτὴν
1492 4438 1858 4511 ἀπεστέρησεν

1974 4445 2107 4502 unio
2149 4444 2316 4500 Verbi
2341 4444 2494 4499 carni
2535 4442 3036 4514 impassibilitatem
3092 4440 3358 4502 dedisset,
3404 4450 3548 4490 nun-

290 4526 385 4580 τοῦ
417 4544 479 4595 γε
503 4528 886 4599 δεδιυρημένου
914 4530 1009 4585 καὶ
1028 4528 1178 4594 ἅπαξ
1199 4528 1675 4601 προσνεμηθέντος
1703 4532 1868 4602 αὑτῇ.

292 4619 438 4688 Πρὸς
471 4617 529 4671 δέ
565 4633 631 4686 γε
677 4619 774 4671 καὶ
813 4621 863 4672 εἰ
888 4622 954 4673 ὲκ
977 4619 1076 4690 τῆς
1101 4620 1351 4684 ὲνώσεως
1392 4619 1489 4672 τοῦ
1522 4620 1701 4688 Λόγου
1722 4660 1737 4685 ,
1769 4621 1875 4689 τῆς

293 4708 602 4781 ἀφθαρσίας
628 4709 968 4782 μετειλήφει,
994 4710 1112 4784 ὥρα
1135 4730 1217 4767 σοι
1245 4715 1340 4767 καὶ
1365 4711 1688 4784 ἀποσχίζειν
1745 4712 1875 4767 ἀθέ-

298 4817 450 4870 σμως
471 4799 793 4873 τολμᾷν-τὴν
821 4802 1081 4873 ὑπερφυᾶ
1103 4805 1196 4858 καὶ
1222 4803 1536 4876 θαυμασίαν
1561 4803 1777 4859 ἕνωσιν.
1796 4804 1871 4858 Οὑ

296 4892 407 4962 γὰρ
454 4885 567 4945 οἷόν
599 4907 658 4944 τε
699 4886 769 4961 ἦν
798 4891 1030 4961 πάσχειν
1059 4894 1120 4947 τὸ
1143 4894 1209 4949 ἒκ
1235 4896 1333 4966 τῆς
1379 4894 1622 4960 ἑνώσεως
1645 4895 1876 4962 ἀπαθὲς,

297 4983 376 5052 μὴ
428 4982 530 5053 τῆς
587 4980 834 5047 ὲνώσεως
886 4983 1151 5055 πρότερον
1201 4986 1628 5059 ἀναιρεθείσηςο
1680 4986 1875 5058 ὥσπερ

297 5075 418 5127 οὐδὲ
449 5074 639 5137 σκότος
675 5071 741 5127 ἂν
770 5072 1039 5142 ὑποσταίη
1073 5075 1191 5128 ποτ’
1222 5074 1308 5142 ἂν,
1345 5075 1423 5147 μὴ
1450 5075 1545 5129 τοῦ
1576 5075 1750 5130 αἰτίου
1780 5075 1877 5129 καὶ

299 5165 630 5232 φωτίζοντος
672 5163 1090 5234 ὑποχωροῦντος
1113 5180 1127 5195 ·
1179 5167 1274 5219 καὶ
1318 5167 1507 5231 ἁπλῶς
1536 5167 1646 5239 γάρ
1677 5167 1876 5234 εἰπεῖν,

298 5256 452 5311 οὑδὶν
484 5256 595 5310 τῶν
635 5259 701 5311 ἐκ
725 5255 820 5311 τοῦ
868 5255 1190 5309 συνεκτικοῦ
1233 5257 1408 5310 αἰτίου
1453 5260 1565 5322 τοῖς
1611 5259 1879 5321 αίτιατοῖς

301 5351 646 5422 παραμένειν
676 5350 948 5420 πέφυκεν,
985 5346 1062 5419 μὴ
1096 5348 1189 5401 τοῦ
1216 5348 1392 5402 αἰτίου
1425 5349 1712 5419 παρόντος.
1747 5349 1881 5402 Σκό-

303 5460 396 5497 πει
427 5444 485 5497 δὲ
507 5442 574 5514 δὴ
602 5442 700 5498 καὶ
731 5441 892 5495 τοῦτο
919 5439 1044 5505 σῶς,
1070 5439 1124 5493 εί
1148 5456 1213 5508 γε
1239 5439 1504 5509 πάσχοντι
1528 5438 1677 5510 αὑτῷ
1708 5441 1882 5493 συνεῖ-

302 5552 395 5587 ναι
414 5533 730 5601 ὑπέμεινεν,
755 5528 1050 5600 ὑπομείναι
1067 5529 1131 5583 ἂν
1154 5530 1247 5584 καὶ
1267 5528 1495 5600 παθητῷ
1524 5547 1588 5600 γε
1607 5531 1722 5584 ὄντι
1741 5530 1882 5601 ήνῶ-

306 5624 430 5676 σθαι
460 5624 536 5693 τῷ
572 5622 805 5694 σώματι.

378 5716 443 5768 Δ.
488 5712 613 5787 Ἆρ’
646 5711 775 5783 οὖν,
818 5710 928 5783 ἔφη
970 5709 1105 5782 πρδς
1145 5713 1336 5785 ἡμᾶς,
1382 5711 1502 5784 οὐχὶ
1553 5712 1881 5784 βουλομένου

1980 4550 2147 4607 quam
2181 4548 2304 4589 eam
2354 4533 2500 4589 dono
2532 4533 2684 4604 quod
2716 4531 2887 4588 semel
2919 4530 3224 4593 tribuisset,
3251 4526 3543 4598 privasset.

1976 4626 2272 4689 Praeterea,
2304 4622 2350 4678 si
2384 4638 2452 4678 ex
2493 4623 2699 4678 unione
2719 4620 2889 4678 Verbi
2917 4619 3221 4690 accepisset
3250 4632 3361 4672 non
3386 4628 3547 4686 posse

1978 4716 2278 4786 corrumpi,
2313 4723 2529 4787 tempus
2556 4723 2641 4770 est
2683 4721 2746 4769 ut
2794 4712 2999 4768 audeas
3043 4710 3255 4766 nefarie
3310 4707 3550 4763 avellere

1978 4805 2460 4872 admirandam,.et
2488 4821 2657 4876 supra
2684 4812 2939 4860 naturam
2960 4803 3244 4858 unionem.
3264 4796 3548 4869 Siquidem

1976 4914 2090 4954 non
2111 4907 2329 4970 poterat
2358 4897 2495 4969 pati,
2538 4897 2690 4967 quod
2715 4912 2784 4952 ex
2817 4895 3023 4949 unione
3076 4900 3217 4951 erat,
3239 4906 3270 4945 a
3296 4891 3551 4960 passione

1976 4988 2372 5053 liberum,nisi
2395 4988 2602 5043 unione
2643 4986 2800 5054 prius
2861 4985 3114 5051 sublata;
3158 4982 3321 5039 sicuti
3372 4995 3553 5050 neque
3591 4981 3594 4984 ’

1983 5078 2225 5135 tenebrae
2252 5092 2492 5148 unquam
2524 5082 2710 5142 erunt,
2741 5074 2850 5131 nisi
2880 5090 3044 5130 causa
3073 5080 3129 5129 et
3156 5072 3366 5128 lumine
3400 5084 3555 5125 rece-
3584 5126 3587 5131 _

1980 5169 2182 5225 dente:
2236 5176 2295 5223 et
2333 5167 2390 5222 in
2423 5182 2660 5231 summa,
2704 5165 2847 5220 nihil
2899 5180 2965 5220 ex
3014 5180 3179 5220 causa
3228 5162 3554 5218 continente

1978 5260 2336 5332 proﬁciscens
2358 5267 2547 5330 aptum
2569 5267 2759 5314 natum
2787 5264 2892 5322 est,
2926 5264 2988 5312 ut
3011 5257 3067 5311 in
3101 5255 3314 5311 eﬂ‘ectis
3335 5265 3554 5324 perma-

1979 5360 2141 5417 neat,
2182 5351 2291 5407 nisi
2341 5366 2507 5407 causa
2557 5351 2722 5406 adsit.
2764 5348 3080 5417 Considera
3119 5356 3302 5402 autem
3339 5343 3550 5399 ethoc.

1981 5445 2130 5514 quod
2162 5443 2208 5498 si
2234 5443 2503 5497 sustinuit
2543 5441 2787 5498 Verbum
2818 5450 2880 5496 ut
2900 5456 3026 5496 cum
3054 5438 3297 5510 patiente
3322 5446 3553 5502 congre-

1980 5535 2230 5600 deretur,
2255 5534 2557 5590 sustineret
2601 5534 2791 5600 etiam,
2831 5532 3128 5603 utcorpori
3162 5523 3407 5600 passibili
3432 5519 3556 5575 uni-

1981 5634 2154 5681 τειιιτ.

2056 5718 2121 5773 Η.
2152 5717 2293 5775 Num
2323 5717 2516 5784 igitur,
2569 5718 2769 5786 inquit.
2806 5731 2914 5772 non
2952 5711 3262 5783 patiebatur
3301 5716 3428 5758 caro
3453 5714 3553 5759 vo-
