3954 6148
431 268 559 337 ῙΊΒΙ

1666 263 1972 326 LEONTII
2017 262 2387 323 ΒΥΖΑΝΤΙΝ
2395 263 2421 321 Ι

3547 251 3692 314 13132

433 385 578 444 lente
603 383 806 448 Verbo,
863 382 961 439 sed
999 370 1220 435 natura:
1279 377 1492 448 legibus
1532 375 1776 445 subjecta
1843 373 2005 426 erat?-

2117 373 2190 426 τοῦ
2243 373 2418 441 Λόγου
2461 371 2699 441 ἔπασχεν
2825 369 2982 442 σὰρξ,
3025 369 3161 424 ἀλλὰ
3186 367 3370 440 νόμοις
3423 368 3692 426 ὑπέκειτο

502 565 569 621 0.
603 564 828 632 Ecquis,
856 555 1118 629 respondi
1147 571 1270 626 ego,
1309 555 1418 608 hoc
1447 553 1691 616 diceret,
1723 547 1868 617 quod
1891 563 2000 601 non

435 656 654 710 volente
687 653 892 714 Verbo,
934 647 1236 718 quidquam
1267 660 1459 701 eorum
1510 657 1632 713 qua:
1675 639 2031 694 naturaliter.

395 756 400 766 '
435 747 710 811 accidunt,
736 743 888 800 carni
917 741 1194 804 eveniret;
1227 753 1290 792 ac
1337 753 1447 792 non
1486 734 1661 806 magis
1709 733 1829 802 ipso
1877 746 2002 801 per-

435 840 710 901 mittente,
769 844 830 890 ut
865 849 988 906 qua
1040 831 1316 889 naturalia
1371 835 1532 884 erant
1579 826 1699 880 sine
1745 829 2000 893 peccato,

433 945 560 984 caro
581 935 882 994 pateretur,
905 940 1028 996 quae
1056 923 1124 978 ad
1158 919 1476 992 patiendum
1509 926 1706 971 natura
1729 922 1856 984 apta
1877 919 2004 966 nata

433 1020 596 1076 erat?
631 1019 752 1072 Non
789 1019 936 1073 enim
975 1015 1022 1071 si
1057 1011 1363 1070 secundum
1394 1018 1648 1064 naturam
1687 1012 1808 1060 erat
1837 1019 2006 1071 supra

435 1125 600 1181 quam
635 1117 697 1162 ut
727 1109 840 1178 pati
861 1113 1074 1176 posset,
1103 1086 1238 1174 Capta
1283 1101 1350 1156 ad
1381 1098 1700 1170 patiendum
1740 1110 1838 1164 per
1871 1093 2006 1148 Ver.

437 1203 566 1258 bum
597 1203 738 1257 facta
765 1207 930 1256 esset.
961 1198 1164 1254 Contra
1211 1195 1418 1266 potius,
1455 1187 1754 1259 aliquando
1797 1185 2006 1255 passio-

435 1311 536 1351 nes
564 1309 692 1349 caro
714 1291 1030 1362 superabat,
1065 1288 1341 1344 tribuente
1399 1284 1450 1336 ei
1501 1280 1704 1343 Verbo,
1741 1285 1800 1333 ut
1832 1274 2006 1346 pluri-

437 1401 612 1447 mum,
640 1383 981 1438 dominatum
1020 1381 1076 1434 in
1131 1376 1416 1448 passiones
1441 1413 1457 1430 .
1506 1379 1566 1426 ut
1596 1369 1860 1423 naturalis
1913 1381 2009 1418 co-

438 1476 768 1546 agmentatio
795 1483 1001 1528 natura:
1045 1468 1212 1524 Verbi
1264 1480 1390 1522 cum
1423 1477 1588 1541 carne
1625 1456 2008 1528 inseparabilis

437 1576 605 1632 esset,
634 1575 691 1621 et
713 1578 927 1633 semper
964 1556 1391 1620 indissolubilis;
1428 1551 1712 1624 passiones
1739 1562 1870 1602 vero
1895 1561 2004 1600 non

440 1660 770 1731 participare
805 1673 915 1712 non
941 1669 1160 1724 semper
1212 1649 1437 1720 corporis
1457 1648 1670 1708 liceret.
1715 1643 1837 1698 Non
1859 1641 2006 1696 enim

437 1768 506 1806 ex
527 1751 732 1806 unione
762 1748 956 1804 habuit
986 1762 1095 1801 non
1120 1744 1256 1815 pati,
1310 1741 1410 1796 sed
1455 1755 1525 1798 ex
1555 1738 1839 1792 voluntate
1867 1731 2003 1788 uniti

439 1844 547 1897 hoc
583 1849 914 1910 opportune,
945 1845 1002 1893 et
1048 1836 1116 1892 ad
1181 1834 1421 1903 aliquam
1465 1829 1758 1884 utilitatem
1806 1824 2006 1894 guber-

438 1931 621 1988 nantis
651 1947 717 1986 ac
747 1927 1114 2000 disponentis.
1147 1925 1264 1980 Nisi
1293 1923 1441 1978 enim
1475 1921 1584 1975 hoc
1621 1931 1810 1974 verum
1835 1921 2002 1975 esset,

440 2024 678 2079 alterum
713 2021 958 2076 duorum
998 2017 1251 2074 conﬁteri
1283 2027 1507 2069 necesse
1560 2015 1726 2070 esset,
1759 2011 1855 2060 aut
1897 2019 2006 2057 non

441 2131 660 2187 passam
687 2128 808 2168 esse
838 2111 1136 2183 quidquam
1178 2108 1422 2178 penitus,
1461 2117 1582 2172 quae
1631 2108 1752 2154 erat
1783 2107 2007 2166 propter

440 2207 700 2262 unionem
729 2213 925 2259 natura
959 2199 1342 2271 impassibilis;
1393 2203 1485 2249 aut
1515 2193 1558 2247 si
1601 2205 1760 2260 passa
1795 2195 1898 2249 est,
1939 2185 2006 2242 ab

440 2299 643 2353 unione
673 2296 893 2367 penitus
915 2293 1185 2350 divulsam
1219 2305 1362 2344 esse.

513 2385 578 2440 Η.
606 2383 662 2440 Si
690 2383 876 2454 igitur,
903 2382 981 2436 ait
1006 2380 1120 2446 ille,
1158 2387 1220 2432 ut
1245 2385 1300 2430 tu
1332 2373 1490 2437 dicis,
1525 2385 1654 2426 caro
1688 2384 1812 2424 cum
1843 2374 2007 2424 natu-

444 2492 560 2532 ram
607 2476 836 2530 haberet»
861 2481 1044 2542 aptam
1097 2459 1173 2523 ad
1203 2463 1542 2537 patiendum.
1576 2469 1690 2515 tum
1718 2459 1824 2512 alia
1881 2471 2010 2526 pro-

443 2574 566 2634 pter
583 2579 666 2628 se,
705 2571 818 2618 tum
855 2567 1086 2615 mortem
1113 2555 1397 2617 sustinuit,
1421 2549 1748 2606 exciderunt
1777 2545 1936 2600 nobis
1953 2553 2010 2600 et

445 2656 730 2726 perierunt
765 2649 1138 2723 gloriationes,
1192 2645 1396 2716 quibus
1443 2639 1832 2712 gloriabamur,
1885 2647 2004 2692 tan-

447 2758 618 2814 quam
645 2743 760 2812 ipsa
792 2747 1020 2811 propter
1041 2751 1140 2791 nos
1163 2750 1322 2806 passa
1359 2731 1583 2792 fuisset..

517 2834 580 2890 Ο.
629 2835 859 2903 Propter
910 2844 1014 2884 nos
1071 2827 1180 2898 pati
1231 2839 1451 2880 carnem
1491 2820 1730 2883 Domini,
1789 2818 2011 2887 inquam

449 2940 571 2996 ego,
599 2923 740 2977 bone
771 2920 874 2984 vir,
909 2915 1203 2987 dupliciter
1226 2913 1452 2975 dicitur,
1483 2917 1540 2963 et
1575 2907 1723 2977 quod
1777 2904 2008 2976 permit-

453 2995 601 3070 tente
628 3013 808 3070 Verbo
836 3009 1018 3081 passio
1041 3008 1187 3063 circa
1219 3007 1392 3076 ipsam
1440 3001 1660 3066 accidit,
1685 2999 1814 3068 quia
1856 2995 2010 3052 sciii—
2037 3023 2080 3080 ρ

451 3111 544 3162 cet,
564 3118 688 3158 cum
705 3099 1003 3172 prohibere
1017 3106 1226 3168 posset,
1251 3110 1358 3150 non
1375 3091 1681 3164 prohibuit,
1703 3097 1764 3144 ut
1786 3101 2014 3156 magnus

452 3193 782 3250 Athanasius
818 3193 932 3256 ait;
981 3203 1038 3244 et
1093 3185 1240 3258 quod
1297 3183 1548 3254 superior
1591 3180 1743 3236 omni
1789 3185 2015 3248 peccato

451 3303 578 3342 cum
603 3293 770 3350 esset,
800 3298 912 3338 non
933 3281 1169 3336 debebat
1197 3284 1420 3348 propter
1449 3290 1508 3329 se
1543 3281 1797 3335 mortem,
1840 3268 2014 3337 siqui-

452 3380 576 3434 dem
635 3375 904 3446 principio
952 3387 1132 3427 mors-
1166 3379 1392 3440 propter
1455 3371 1740 3436 peccatum
1793 3357 2014 3427 irrupit,

453 3478 510 3523 et
545 3468 602 3522 in
639 3475 805 3522 totam
831 3474 1084 3519 naturam
1137 3463 1430 3514 humanam
1480 3451 1738 3524 pervasit,
1795 3451 1850 3502 in
1891 3463 2013 3518 quo,

453 3559 632 3629 inquit
659 3556 880 3621 Paulus,
913 3570 1088 3608 omnes
1111 3556 1453 3623 peccaverunt
1491 3547 1564 3598 ‘8:
1605 3559 1715 3599 non
1732 3541 1877 3596 enim
1908 3547 2012 3603 est,

454 3663 550 3710 aut
583 3650 686 3705 fuit
707 3649 777 3704 ab
806 3647 956 3704 omni
983 3644 1182 3702 sarculo
1203 3642 1384 3698 anima
1417 3637 1659 3701 hominis
1696 3630 2012 3694 voluntarii,

454 3751 510 3800 et
535 3756 640 3795 non
665 3736 964 3795 voluntarii
1012 3733 1226 3806 peccati
1262 3747 1420 3801 pura.
1447 3730 1562 3783 lmo
1611 3726 1776 3782 etiam
1803 3721 2016 3778 animas

457 3841 769 3896 sanctorum
808 3829 1032 3882 Patrum
1085 3821 1295 3893 aliquid
1321 3819 1565 3876 sordium
1603 3825 1662 3872 et
1698 3815 1845 3880 vitii,
1879 3821 1934 3868 et
1971 3811 2018 3866 si

457 3938 578 3980 non~
600 3917 902 3974 secundum
951 3923 1155 3977 actum,
1179 3912 1378 3966 saltem
1404 3907 1792 3979 cogitationem
1845 3901 2020 3956 admi-

384 4053 390 4058 .
457 4013 594 4068 sisse
623 4009 824 4064 dicam.
850 4006 919 4060 Et
980 4004 1087 4062 hoc
1121 4008 1308 4071 aperte
1359 3999 1492 4053 licet
1519 4012 1588 4052 ex
1641 3995 1876 4049 Domino
1922 3992 2020 4046 do-

457 4110 616 4158 cente
641 4097 854 4157 audire,
879 4109 1002 4152 cum
1027 4093 1139 4148 ait:
1173 4090 1322 4147 Venit
1345 4091 1586 4162 princeps
1619 4087 1776 4157 hujus
1813 4083 2016 4150 mundi,

457 4203 504 4268 et
537 4195 589 4251 in
613 4208 694 4248 me
713 4188 843 4244 nihil
867 4187 1069 4241 invenit.
1093 4187 1156 4237 ".
1184 4181 1323 4238 Cum
1365 4180 1504 4258 dixit
1535 4181 1592 4232 in
1618 4194 1700 4232 me
1734 4187 1790 4231 et
1845 4173 2017 4238 nihil,

456 4267 994 4358 pune-signiﬁcavit,
1015 4293 1084 4334 se-
1101 4275 1279 4332 solum
1303 4274 1373 4328 ab
1422 4271 1573 4326 omni
1603 4277 1830 4340 peccato
1849 4267 2018 4320 etiam

2104 485 2316 536 φυσεως
2335 486 2350 532 ;

2175 560 2237 612 0.
2271 559 2384 612 Kal.
2415 558 2501 622 τίς
2542 559 2652 629 γὰρ
2682 557 2748 612 ἂν
2767 597 2782 621 ,
2827 555 3149 628 ἀποκριθεὶς
3177 551 3330 610 εἷπον
3359 555 3494 624 ἐγὼ,
3523 557 3689 610 mito

2104 651 2328 720 φήσειεν
2352 685 2368 714 ,
2397 650 2562 718 ὃτι-γε
2597 649 2673 720 μὴ
2709 648 3038 718 βουλομένου
3066 647 3176 705 ,τοῦ
3209 647 3406 714 Λόγου,
3437 647 3547 698 τῶν
3579 667 3687 714 ψυ-

2106 741 2272 795 σικῶν
2317 760 2371 795 τι
2427 743 2848 812 συμπτωμάτων
2890 740 3176 793 συνέϐαινε
3217 743 3282 809 τῇ
3341 740 3540 808 σαρκὶ,
3585 742 3684 792 καὶ

2102 832 2222 901 οὐχὶ
2277 831 2476 900 μᾶλλον
2509 831 2754 898 ἐφιέντος
2790 827 2992 895 αὑτοῦ,
3019 831 3086 899 τῇ
3127 829 3362 898 πάσχειν
3396 833 3686 900 stagnaret?

2103 923 2171 976 τὰ
2204 923 2346 976 κατά
2384 922 2546 990 φύσιν
2589 921 2996 992 ἀναμαρτήτως
3043 919 3413 988 ὑφίστασθαι;
3445 923 3522 973 Οὐ
3565 922 3686 990 γάρ

2105 1011 2352 1082 ἀνωτὲρα
2391 1011 2530 1065 κατὰ
2563 1009 2726 1078 φύσιν
2761 1009 2948 1064 παθῶν
3009 1005 3168 1072 οὖσα,
3199 1009 3417 1079 παθητὴ
3447 1009 3535 1066 διὰ
3584 1011 3683 1062 τὸν

2105 1103 2278 1169 Λόγον
2323 1101 2556 1169 ἐγίνετο.
2615 1100 2943 1154 Τοὺναντίον
2995 1100 3095 1170 μὲν
3125 1095 3218 1153 οὖν
3263 1100 3411 1153 ἔστιν
3450 1102 3538 1154 ὅτε
3579 1102 3683 1154 καὶ

2103 1193 2210 1246 τῶν
2240 1194 2380 1246 κατὰ
2424 1193 2588 1261 φύσιν
2619 1193 2906 1262 ὑπερεῖχεν
2943 1191 3154 1256 παθῶν,
3180 1190 3276 1246 τοῦ
3307 1194 3482 1260 Λόγου
3513 1193 3679 1262 αὐτῇ,

2104 1281 2179 1345 ὡς
2204 1283 2272 1335 τά
2301 1283 2490 1346 πολλὰ,
2515 1284 2615 1353 τὴν
2653 1283 2795 1336 κατὰ
2824 1283 3016 1342 παθῶν
3061 1285 3415 1354 ἐπικράτειαν
3451 1284 3679 1354 χαριζοη

2109 1373 2270 1441 μένου
2285 1391 2298 1404 ·
2317 1373 2457 1426 ὥστε
2477 1374 2576 1443 τὴν
2594 1375 2730 1444 πρὸς
2747 1373 2846 1444 τὴν
2863 1373 3044 1445 σάρκα
3067 1375 3160 1427 τοῦ
3177 1377 3354 1444 Λόγου
3373 1378 3677 1444 συμφυΐαν,

2106 1463 2406 1532 ἀχώριστον
2455 1459 2596 1518 εἶναι
2659 1465 2753 1516 καὶ
2804 1463 2970 1535 μέχρι
3021 1466 3222 1527 παντὸς
3265 1467 3684 1519 ἀδιάσπαστονι

2105 1553 2202 1622 τὴν
2225 1554 2280 1606 δὲ
2304 1555 2410 1607 τῶν
2437 1555 2627 1608 παθῶν
2655 1554 2978 1622 ἀμεθεξίαν,
2996 1556 3056 1608 οὐ
3080 1555 3312 1612 πάντοτε
3340 1556 3688 1626 παραμένειν

2107 1645 2182 1714 τῷ
2218 1643 2450 1713 σώματι.
2504 1646 2614 1698 Καὶ
2651 1645 2760 1714 γὰρ
2802 1645 2902 1698 οὐκ
2945 1647 3010 1698 ὲκ
3035 1645 3134 1714 τῆς
3181 1646 3430 1710 ὲνώσεως
3459 1646 3584 1715 ἔσχε
3614 1647 3680 1698 τὸ

2107 1733 2338 1797 ἀπαθὲς,
2365 1733 2478 1786 ἀλλ’
2509 1735 2574 1787 ἐκ
2605 1737 2702 1802 τῆς
2735 1734 3040 1804 βουλήσεως
3075 1735 3167 1788 τοῦ
3199 1735 3510 1799 ἔνωθὲντος,
3533 1739 3686 1794 κατὰ

2104 1825 2296 1894 καιρὸν
2337 1824 2496 1878 τοῦτο
2525 1825 2618 1878 καὶ
2667 1825 2804 1895 πρός
2835 1842 2888 1876 τι
2933 1827 3206 1896 χρήσιμον
3239 1825 3674 1895 οῐκονομοῦντος.

2105 1915 2168 1969 Ei
2209 1915 2318 1986 γάρ
2365 1914 2439 1986 μὴ
2479 1914 2638 1968 τοῦτο
2664 1911 2732 1986 ἦν
2761 1914 2959 1986 ἀληθὲς
2982 1957 2998 1982 ,
3024 1915 3170 1968 δυοῖν
3197 1915 3410 1985 ἀνάγκη
3446 1915 3677 1985 θάτερον

2104 2005 2408 2074 ὁμολογεῖν,
2454 2005 2492 2074 ἢ
2525 2004 2657 2074 μηδὲ
2690 2005 3016 2058 πεπονθέναι
3053 2022 3106 2056 τι
3141 2005 3440 2068 παντελῶς,
3483 1998 3676 2075 ἀπαθῆ

2105 2097 2170 2166 τῇ
2201 2093 2358 2162 φύσει
2383 2094 2751 2162 τυγχάνουσαν
2781 2093 2868 2147 διὰ
2902 2093 3004 2163 τὴν
3043 2094 3262 2162 ἕνωσιν,
3292 2094 3326 2165 ἢ
3359 2095 3682 2166 πάσχουσαν,

2107 2186 2243 2248 ὅλως
2275 2189 2370 2257 τῆς
2395 2185 2639 2248 ὲνὼσεως
2667 2185 3080 2256 ἀποσχίζεσθαι.

2177 2365 2240 2417 Α.
2267 2362 2330 2415 El
2357 2361 2542 2415 τοίνυν
2565 2403 2580 2429 ,
2621 2363 2830 2422 ἐκεῖνος
2855 2360 2986 2431 ἔφη,
3016 2363 3162 2415 κατά
3195 2378 3260 2430 γε
3287 2361 3414 2425 τοὺς
3441 2362 3567 2424 σοὺς
3588 2361 3678 2414 λὸο

2107 2468 2258 2522 γους,
2295 2449 2455 2519 φύσιν
2490 2453 2524 2520 ἡ
2565 2449 2702 2522 σάρξ
2735 2448 2932 2520 ἔχουσα
2959 2450 3211 2521 παθητὴν
3261 2450 3328 2504 τά
3358 2466 3419 2502 τε
3445 2449 3580 2502 ἄλλα
3603 2447 3686 2501 δι’·

2109 2541 2276 2612 αὐτὴν
2299 2580 2314 2600 ,
2353 2541 2450 2593 καὶ
2478 2541 2540 2610 δὴ
2571 2539 2668 2594 καὶ
2697 2540 2790 2592 τὸν
2827 2539 3060 2594 θάνατον
3097 2541 3362 2610 ἐπέσχεν,
3395 2540 3677 2609 οἰχήσεται

2109 2634 2240 2704 ἡμῖν
2271 2633 2340 2685 τὰ
2371 2631 2662 2702 αὐχήματα
2693 2629 2788 2684 καὶ
2812 2630 3067 2685 διόλωλεν
3088 2676 3103 2699 ,
3135 2631 3278 2702 άπερ
3305 2630 3366 2696 ἐξ
3403 2631 3574 2700 αὐτῆς
3599 2629 3683 2694 ὡς

2109 2721 2176 2775 δι’
2205 2721 2354 2792 ἡμᾶς
2383 2719 2669 2789 παθούσης
2685 2719 3022 2790 ἐσχήκαμεν.

2182 2813 2244 2867 0.
2273 2811 2346 2865 Τὸ
2371 2811 2440 2865 δι’
2467 2811 2634 2882 ἡμᾶς,
2667 2810 2826 2882 ἔφην,
2861 2804 2906 2864 ὦ
2931 2811 3202 2882 βέλτιστε,
3229 2809 3424 2862 παθεῖν
3449 2809 3548 2878 τὴν
3579 2807 3685 2861 τοῦ

2111 2902 2318 2976 Κυρίου
2351 2903 2528 2973 σάρκα
2559 2899 2750 2964 διττῶς
2781 2900 3010 2969 λέγεται,
3038 2901 3127 2952 ὅτι
3147 2916 3210 2952 τε
3261 2897 3686 2968 συγχωροῦντος-

2111 2995 2206 3050 τοῦ
2229 2995 2402 3064 Λόγου
2425 2993 2486 3046 τὸ
2507 2993 2632 3064 περὶ
2655 2991 2824 3058 αὐτὴν
2847 2991 3011 3050 πάθος
3039 2987 3323 3042 συνέϐαινε
3349 2987 3669 3058 (δυνάμενος

2113 3086 2222 3158 γὰρ
2259 3084 2486 3138 κωλύειν
2516 3083 2618 3138 οὐκ
2651 3083 2902 3144 ἐκώλυσε,
2937 3079 3076 3134 κατὰ
3104 3079 3196 3132 τὸν
3221 3077 3391 3148 μέγαν
3436 3075 3672 3128 Ἀθανά-.

2113 3177 2271 3244 σιον),
2293 3175 2382 3229 καὶ
2400 3175 2482 3228 ὅτι
2517 3173 2700 3244 πάσης
2723 3170 2989 3242 ἁμαρτίας
3014 3168 3271 3242 κρείττων
3292 3167 3539 3235 φανεῖσα,
3561 3165 3664 3218 οὐκ

2113 3266 2408 3337 ὲχρεώστει
2439 3263 2507 3318 δι’
2540 3263 2737 3332 ἑαυτὴν
2773 3261 3000 3315 θάνατον
3019 3274 3033 3288 ·
3069 3257 3226 3328 εἴπερ
3253 3255 3352 3309 καὶ
3379 3254 3475 3324 τὴν
3499 3250 3672 3322 ἀρχὴν

2113 3361 2142 3412 ὁ
2169 3358 2396 3420 θάνατος
2433 3355 2522 3409 διὰ
2547 3354 2648 3426 τὴν
2679 3346 2956 3424 ἁμαρτίαν
2985 3346 3280 3419 εἰσέφρησε
3303 3389 3318 3412 ,
3347 3345 3440 3400 καὶ
3459 3343 3548 3399 διὰ
3575 3342 3684 3396 πά..

2116 3468 2216 3522 σης
2296 3449 2582 3520 κεχώρηκε
2631 3447 2734 3516 τῆς
2783 3444 3136 3516 ἀνθρωπίνης
3197 3443 3432 3512 φύσεως,
3477 3431 3678 3508 ἐφ’ᾦ,

2115 3541 2257 3595 κατὰ
2287 3541 2380 3593 τὸν
2419 3537 2650 3600 Παῦλον,
2701 3534 2926 3600 πάντες
2958 3532 3224 3602 ἥμαρτον
3245 3548 3260 3562 ο
3290 3532 3352 3584 οὐ
3378 3530 3486 3600 γὰρ
3535 3528 3678 3580 εστιν

2115 3635 2148 3706 ἢ
2205 3634 2425 3701 γέγονεν
2475 3633 2538 3686 ἐκ
2581 3630 2674 3684 τοῦ
2727 3629 2929 3692 παντὸς
2973 3628 3168 3690 αἰῶνος
3193 3625 3475 3692 ἀνθρώπου
3515 3622 3676 3692 ψυχὴ,

2115 3725 2364 3778 ἑκουσίου
2386 3741 2446 3776 τε
2477 3722 2510 3794 ἢ
2538 3719 2794 3777 ἀκουσίου
2818 3719 3093 3790 ἁμαρτίας
3119 3713 3357 3786 καθαρά.
3403 3713 3565 3767 Ἀλλὰ
3589 3711 3680 3766 καὶ

2115 3815 2216 3880 τὰς
2248 3813 2357 3868 τῶν
2385 3812 2557 3884 ἁγίων
2581 3811 2762 3882 ψυχὰς
2805 3809 3014 3878 εἴποιμ’
3038 3810 3106 3864 ἂν
3139 3805 3366 3878 μικρὸν,
3400 3805 3450 3857 εξ
3483 3805 3575 3856 καὶ
3605 3802 3679 3872 μὴ

2117 3907 2238 3961 κατ’
2259 3904 2542 3978 ἐνέργειαν
2564 3944 2580 3967 ,
2617 3902 2734 3957 ἀλλ’
2777 3898 2872 3955 οὖν
2900 3917 2966 3968 γε
3003 3897 3148 3952 κατὰ
3183 3897 3426 3951 διάνοιαν
3467 3894 3680 3956 πάντως

2121 3999 2295 4068 ῥύπου
2354 3995 2554 4058 κακίας
2610 3991 2950 4058 εἰσδέξασθαι
3008 4007 3081 4043 τι.
3141 3989 3254 4042 Kal.
3301 3987 3461 4041 τοῦτο
3501 3983 3681 4054 σαφῶς

2119 4089 2267 4141 ἔστιν
2297 4085 2525 4141 ἀκοῦσαι
2557 4085 2652 4138 τοῦ
2681 4083 2892 4154 Κυρίου
2919 4081 3282 4145 διδάσκοντος,
3303 4078 3362 4134 ἐν
3386 4073 3468 4142 οἷς
3495 4091 3680 4148 φησιν⁹

2125 4180 2402 4246 Ἔρχεται
2424 4179 2457 4230 ό
2475 4175 2675 4244 ἅρχων
2694 4173 2800 4228 τοῦ
2823 4173 3056 4240 κόσμου
3079 4173 3315 4236 τούτου,
3343 4170 3438 4224 καί
3466 4169 3535 4223 ἐν
3555 4165 3697 4236 ἐμοὶ

2121 4269 2390 4337 εὑρίσκει
2419 4263 2618 4320 οὐδέν.
2664 4263 2738 4316 Τὸ
2765 4263 2874 4334 γὰρ
2910 4263 2980 4316 ὲν
3012 4262 3140 4331 ἐμοὶ
3191 4261 3290 4314 κα)⁸
3317 4261 3377 4314 τὸ
3402 4257 3584 4313 οὐδὲν
3605 4257 3688 4308 εἰ·

457 4373 805 4447 cogitationis
829 4372 1064 4426 liberum
1093 4369 1284 4424 fuisse.
1324 4363 1692 4432 Quamobrem
1741 4356 2014 4414 damnatio

2127 4359 2244 4414 πὼν
2280 4355 2574 4428 διαρρήδην
2605 4353 2906 4420 ὑπέδειξεν,
2937 4354 3020 4406 ὅτι
3045 4367 3109 4420 γε
3139 4352 3298 4422 μόνος
3333 4349 3548 4415 ἁπάσης
3587 4361 3692 4416 με-

457 4469 670 4543 peccati
698 4483 822 4524 cum
859 4465 1071 4520 nullum
1103 4463 1284 4516 locum
1337 4458 1397 4512 in
1421 4471 1489 4512 eo
1543 4453 1861 4526 reperisset,
1893 4447 2025 4504 sub-

459 4541 619 4626 stitit,
673 4567 734 4614 et-
785 4553 1202 4622 circumscripta
1250 4557 1356 4616 est,
1404 4555 1466 4601 et-
1498 4559 1530 4601 a
1593 4544 1702 4599 reis
1763 4541 2022 4608 deinceps

459 4649 706 4706 recessit.
736 4647 944 4704 Mortua
971 4642 1119 4698 enim
1177 4652 1323 4692 mors
1353 4644 1456 4700 est,
1481 4649 1604 4688 cum
1629 4647 1850 4688 carnem
1902 4644 2024 4699 quae

461 4756 572 4796 non
630 4743 982 4810 peccaverat,
1030 4728 1368 4801 degustavit.
1413 4723 1740 4779 Existimare
1799 4730 2020 4784 autem,

463 4830 611 4899 quod
632 4809 764 4884 caro
792 4835 990 4881 natura
1029 4816 1300 4892 passionis
1329 4828 1544 4884 expers,
1579 4819 1640 4864 et.
1678 4809 2023 4872 immortalis,

467 4918 616 4988 quod
667 4925 878 4971 naturae
929 4913 1062 4984 ejus
1119 4925 1228 4964 non
1285 4907 1465 4962 inerat
1512 4909 1707 4972 sponte
1767 4899 2022 4963 admisit,

469 5008 706 5079 primum
754 5005 968 5076 pridem
1017 5003 1125 5056 hoc
1170 5007 1260 5054 est
1288 4998 1558 5069 ignorare,
1615 4991 1757 5046 velle
1812 4999 1868 5045 et
1915 5004 2026 5042 non

469 5096 608 5152 velle
651 5111 762 5150 non
804 5109 924 5150 esse
967 5091 1150 5148 carnis
1200 5086 1505 5158 proprium,
1557 5081 1651 5136 sed
1712 5079 1908 5134 animae
1938 5093 2026 5131 ra-

471 5185 713 5249 tionalis,
745 5185 800 5238 in
825 5197 932 5252 qua
959 5189 1204 5250 potestas
1228 5176 1389 5231 liberi
1424 5171 1660 5238 arbitrii,
1691 5179 1748 5226 et
1777 5170 2030 5223 volunta-

474 5276 545 5332 tis
587 5274 640 5328 in
693 5282 986 5340 utramque
1033 5275 1244 5336 partem
1297 5261 1596 5335 propensio
1649 5269 1705 5316 et
1751 5257 2032 5314 inclinatio

376 5426 379 5429 .
468 5365 739 5427 cernitur.
776 5360 984 5417 Deinde
1035 5358 1244 5414 faciunt
1295 5370 1417 5411 eam
1461 5366 1636 5416 ream,
1681 5365 1804 5420 qua:
1856 5347 2035 5402 voluit

475 5455 621 5532 quod
662 5465 859 5527 praeter
885 5464 1134 5508 naturam
1188 5457 1336 5520 erat;
1385 5457 1440 5500 et
1479 5443 1533 5498 id
1571 5441 1756 5514 elegit,
1797 5440 1865 5497 ad
1892 5439 2038 5512 quod

555 5636 598 5670 ⁸³
641 5633 797 5694 Rom.
827 5647 879 5694 v,
917 5631 1001 5684 12.
1079 5629 1118 5660 "
1146 5625 1300 5680 Joan.
1344 5639 1454 5688 διν,
1485 5622 1575 5678 30.

2129 4450 2332 4520 μένηκε
2371 4447 2467 4501 καὶ
2495 4447 2595 4516 τῆς
2626 4445 2750 4498 κατ’
2792 4443 3037 4497 ὲπίνοιαν
3072 4440 3346 4512 ἁμαρτίας
3385 4436 3697 4505 ἐλεύθερος.

2127 4545 2218 4596 Διὸ
2249 4543 2343 4596 καὶ
2383 4539 2588 4618 sla-1?};
2613 4537 2892 4610 ἁμαρτίας
2934 4535 3249 4606 κατάκριμα
3285 4530 3555 4603 μηδεμίαν
3597 4529 3696 4580 ἐπ’

2127 4633 2274 4704 αὐτῷ
2304 4633 2488 4702 χώραν
2527 4631 2688 4701 εὐρὺν
2707 4671 2722 4696 ,
2755 4629 2884 4698 ἔστη
2927 4628 3023 4682 καὶ
3053 4623 3403 4697 περιεγράφη
3422 4665 3438 4688 ,
3465 4619 3700 4676 καὶτῶν

2127 4725 2394 4779 ὑπαιτίων
2433 4725 2513 4786 εἰς
2541 4705 2758 4788 τδθὲξῆς
2786 4717 3196 4788 ἀνακεχωρηκε.
3242 4713 3485 4782 Τέθνηκε
3523 4707 3635 4779 γὰρ
3670 4710 3704 4759 ὁ

2124 4811 2387 4876 θάνατος,
2434 4813 2817 4882 ἀναμαρτήτου
2871 4807 3073 4878 σαρκὸς
3113 4802 3577 4874 ἀπογευσάμενος.
3616 4795 3714 4852 τὰ

2123 4903 2178 4956 δέ
2219 4919 2281 4971 γε
2337 4890 2544 4955 οἴεσθαι
2587 4901 2664 4962 ὡς
2709 4897 2924 4966 ἀπαθὴς
2967 4898 3034 4966 τῇ
3073 4894 3232 4962 φύσει
3283 4893 3381 4949 καὶ
3428 4890 3702 4944 derivata:

2122 4989 2291 5058 οὖσα,
2328 4992 2389 5046 τὸ
2423 4991 2497 5062 μὴ
2537 4993 2605 5060 τῇ
2643 4989 2804 5058 φύσει
2842 4986 2980 5058 πρὸς
3023 4985 3082 5039 ἃν
3141 4981 3460 5043 ἐθελουσίως
3519 4994 3730 5048 προσ-.-

2125 5083 2319 5154 ήκατο,
2347 5081 2562 5152 πρῶτον
2601 5081 2702 5150 μὲν
2729 5081 2829 5135 οὐκ
2857 5078 3076 5131 ειδότων
3111 5077 3274 5137 ἐστὶν,
3297 5075 3378 5126 ὅτι
3408 5071 3471 5124 τὺ
3508 5068 3706 5140 βούλε-

2127 5175 2252 5228 σθαι
2277 5175 2371 5228 καὶ
2407 5173 2480 5244 μὴ
2515 5170 2825 5241 βούλεσθαι,
2859 5170 2960 5222 οὐκ
2997 5167 3110 5220 ἔστι
3146 5165 3347 5236 σαρκὸς
3385 5163 3538 5224 (διον,
3560 5158 3710 5212 ἀλλὰ

2128 5261 2352 5330 λογικῆς
2388 5260 2566 5330 ψυχῆς
2593 5275 2606 5291 ο
2639 5259 2768 5329 περὶ
2796 5261 2864 5329 ἢν
2903 5260 2936 5327 ἡ
2975 5253 3386 5324 αὐτεξουσιότης
3427 5268 3487 5304 τε
3547 5251 3644 5303 καὶ
3671 5253 3705 5314 ἡ

2129 5354 2216 5422 ἐφ’
2241 5351 2478 5422 ἑκάτερα
2532 5349 2626 5404 τοῦ
2683 5349 2859 5404 θέλειν
2907 5347 3047 5418 ῥοπὴ
3097 5346 3402 5414 θεωρεῖται.
3464 5341 3706 5394 Ἔπειτα

2131 5444 2226 5496 καὶ
2301 5441 2547 5496 ὑπαίτιον
2605 5439 2774 5512 αὐτὴν
2824 5435 2964 5494 εἶναι
3034 5435 3577 5500 κατασκευάζουσιν,
3643 5431 3708 5483 τὺ
