3934 6156
338 302 475 371 1333

1376 307 1675 368 CONTRA
1713 307 2029 369 NESTOR.
2063 309 2158 370 ET
2198 309 2519 372 EUTYCH.

3440 301 3574 372 l33l

335 415 486 484 παρὰ
513 414 614 488 τὴν
649 412 810 482 φύσιν
849 410 1130 478 θελοῦσης,
1156 413 1248 464 καὶ
1271 410 1300 464 ὃ
1335 411 1410 482 μὴ
1449 415 1693 482 πέφυκεν
1718 415 1904 484 αἱρου-

2013 423 2132 468 nata
2169 431 2282 470 non
2321 425 2462 471 erat.
2492 413 2594 469 Hic
2641 420 2828 468 autem
2868 413 3096 468 ultimus
3135 413 3348 482 peccati
3395 412 3571 470 limes.

339 511 528 578 μένης.
553 497 724 568 Οὗτος
749 505 807 558 δὲ
837 503 1109 574 ἁμαρτίας
1137 503 1260 572 ὄρος
1288 507 1316 556 ὁ
1341 503 1586 574 ἔσχατος.
1617 505 1728 558 Καὶ
1751 504 1907 558 τοῦτο

334 599 392 651 δὲ
414 598 499 668 ,μὴ
523 595 948 665 καταλείψωμεν,
967 594 1468 664 ἀπαρασήμαντον,
1507 595 1591 649 ὅτι
1622 594 1792 665 τριῶν
1821 596 1907 647 al-

335 692 466 744 τιῶν
495 689 914 760 θεωρουμένων,
965 685 1025 750 ἐξ
1058 679 1134 740 ὧν
1177 688 1328 740 πᾶσα
1362 687 1709 742 ἀποτελεῖται
1749 688 1904 756 ἐνέρ-

337 798 480 851 γειαο
508 784 542 852 ἡ
579 781 676 851 μὲν
705 780 813 850 γάρ
837 781 984 832 ἐστιν
1017 781 1081 831 ἐκ
1103 779 1342 848 φυσικῆς
1369 781 1674 849 δυνάμεως,
1703 783 1736 850 ἠ
1761 780 1818 832 δὲ
1841 781 1908 832 ἐκ

339 871 701 943 παρατροπῆς
727 873 828 940 τῆς
859 869 998 924 κατά
1029 869 1190 938 φύσιν
1219 871 1407 934 ἕξεως,
1431 872 1465 942 ἡ
1491 871 1546 924 δὲ
1579 871 1743 942 ἑτέρα
1771 871 1907 924 θεω-

335 967 514 1034 ρεῖται
553 963 694 1016 κατὰ
720 959 822 1028 τὴν
870 960 1006 1025 πρὸς
1037 959 1100 1012 τὸ
1125 963 1374 1028 κρεῖττον
1404 960 1666 1013 ἀνάϐασίν
1699 976 1758 1012 τε
1814 959 1908 1013 καὶ

337 1053 594 1124 πρόοδονο
621 1049 880 1120 τούτωνή
919 1049 1021 1119 μὲν
1053 1050 1280 1118 φυσικὴ,
1308 1051 1340 1120 ἠ
1371 1049 1428 1101 δὲ
1465 1049 1615 1117 παρὰ
1647 1047 1832 1116 φύσιν,
1869 1047 1906 1118 ἡ

327 1145 392 1198 δὲ
422 1144 562 1214 ὑπὲρ
587 1141 750 1211 φύσιν
781 1142 898 1194 ἔστι
920 1142 1015 1194 καὶ
1040 1140 1390 1209 ὀνομάζεται.
1433 1139 1498 1191 Ἦ
1523 1139 1622 1208 μὲν
1638 1133 1729 1193 οὖν
1757 1137 1908 1207 παρά

337 1236 518 1306 φύσιν,
548 1234 667 1288 κατ’
697 1233 836 1286 αὐτό
869 1249 932 1300 γε
965 1231 1026 1284 τὸ
1072 1231 1264 1300 ὄνομα,
1306 1230 1626 1292 ἀπόπτωσίς
1660 1247 1742 1294 τις
1773 1224 1908 1282 οὖσα

333 1329 442 1382 τῶν
470 1325 714 1395 φυσικῶν
741 1325 907 1390 ἕξεων
935 1326 1030 1378 καὶ
1065 1324 1370 1392 δυνάμεων,
1401 1323 1722 1394 λυμαίνεται
1751 1324 1816 1392 τῇ
1849 1339 1907 1374 τε

334 1419 493 1490 οὐσίᾳ
518 1419 680 1489 αὐτῇ,
707 1416 803 1470 καὶ
833 1418 955 1478 ταῖς
979 1417 1183 1484 ταύτης
1217 1417 1472 1481 φυσικαῖς
1503 1415 1909 1485 ὲνεργείαις.Ἡ

333 1512 391 1564 δὲ
441 1509 644 1578 φυσικὴ
685 1511 748 1562 ἐκ
775 1509 876 1576 τῆς
917 1506 1368 1576 ἀπαραποδίστου
1421 1507 1516 1559 καὶ
1571 1508 1710 1560 κατὰ
1747 1505 1909 1574 φύσιν

333 1601 736 1674 ὲρηρεισμένης
771 1599 1109 1652 ἀποτελεῖται
1148 1599 1347 1660 αἰτίας,
1399 1597 1464 1650 Ἦ
1493 1597 1552 1650 δὲ
1581 1598 1719 1668 ὑπὲρ
1749 1597 1909 1664 φύσιν

333 1695 528 1762 ἀνάγει
554 1711 614 1746 τε
647 1693 742 1746 καὶ
764 1691 909 1758 ὑψοῖ,
932 1691 1029 1743 καὶ
1052 1691 1188 1760 πρὸς
1213 1689 1280 1742 τὰ
1309 1689 1624 1762 τελειότερα
1656 1690 1904 1760 δυναμοτ,

335 1787 431 1840 καὶ
463 1786 606 1856 ἆπερ
636 1785 736 1838 οὐκ
785 1783 860 1837 ἀν
883 1783 1103 1853 ἰσχυσεν
1131 1785 1374 1852 ενεργείν
1411 1785 1522 1845 τοῖς
1567 1782 1711 1835 κατά
1744 1781 1907 1850 φύσιν

333 1875 764 1947 ἑναπομείνασα.
819 1876 934 1928 Οὐκ
979 1874 1128 1927 ἐστιν
1165 1870 1260 1926 οὖν
1295 1873 1367 1928 τά
1413 1873 1553 1946 ὑπὲρ
1599 1873 1760 1944 φύσιν
1799 1872 1906 1927 τῶν

335 1969 476 2025 κατά
506 1968 671 2038 φύσιν
697 1965 1041 2038 ἀναιρετικά,
1067 1965 1207 2020 ἀλλά
1230 1966 1538 2035 παράγωγα
1573 1965 1671 2018 καὶ
1687 1952 1908 2034 ’παρορ-

335 2061 562 2131 μητικά,
593 2060 673 2122 είς
710 2057 771 2111 τὸ
801 2057 1031 2112 κάκεῖνά
1059 2073 1120 2110 τε
1157 2055 1451 2126 δυνηθῆναι
1475 2095 1491 2119 ,
1525 2055 1620 2110 καὶ
1646 2055 1746 2124 τὴν
1770 2053 1907 2126 πρὸς

331 2152 400 2206 τὰ
417 2151 572 2222 -ὐπὲρ
592 2149 768 2204 ταῦτα
795 2147 1026 2219 δύναμιν
1057 2147 1410 2218 προσλαϐεῖν.

403 2417 463 2467 Α.
503 2412 916 2482 Παραδείγματι
951 2409 1268 2480 οἰκειοτέρῳ
1320 2408 1617 2478 σαφήνισον
1652 2406 1715 2460 τὸ
1743 2406 1903 2474 λεγό-

331 2525 495 2580 μενον
525 2525 541 2539 ·
571 2507 634 2560 οὑ
667 2507 776 2577 γάρ
811 2523 912 2576 μου
941 2504 970 2556 ὁ
1002 2503 1126 2566 νοῦς
1161 2519 1248 2555 πω
1281 2495 1424 2554 εἷλεν
1449 2501 1602 2555 αὑτό.

401 2602 465 2655 0.
502 2599 702 2652 Σκόπει
724 2597 803 2662 δὲ,
833 2597 992 2666 ἔφην,
1020 2589 1066 2662 ᾧ
1096 2594 1186 2664 δὴ,
1215 2591 1468 2663 καθάπερ
1486 2592 1576 2644 ἐπὶ
1607 2591 1715 2644 τῶν
1730 2605 1908 2659 τεχνι-

328 2693 445 2756 κῶς
491 2689 1020 2758 κατεσκευασμένων
1062 2686 1210 2740 ἐστιν
1265 2685 1414 2750 ἰδεῖν,
1451 2679 1905 2754 μετακοσμοῦσαν

325 2785 432 2852 τὴν
481 2782 676 2852 τέχνην
723 2779 803 2850 τῷ
841 2777 1348 2847 κατασκευάσματι,
1389 2773 1482 2828 καὶ
1521 2773 1618 2844 τὴν
1669 2771 1905 2842 φυσικὴν

325 2875 431 2943 τῆς
453 2871 822 2941 ὑποκειμένης
855 2867 987 2939 ὕλης
1017 2867 1295 2938 ἀμορφίαν
1323 2865 1419 2918 ἐπὶ
1444 2865 1506 2918 τὺ
1539 2861 1903 2934 εὐπρεπέστε-

329 2980 428 3036 ρον
479 2961 667 3033 σχῆμά
711 2978 772 3014 τε
824 2959 922 3013 καὶ
970 2953 1110 3022 εἶδος
1161 2957 1521 3027 μετάγουσαν,
1551 2955 1648 3007 καὶ
1683 2953 1818 3024 πρὸς
1847 2951 1905 3004 τὸ

323 3053 591 3127 χρειῶδες
645 3051 844 3124 μᾶλλον
889 3047 1296 3118 ἐκκαλουμένην
1321 3061 1334 3076 '
1389 3044 1677 3115 χαρίζεται
1719 3041 1828 3114 γὰρ
1870 3043 1902 3112 ἡ

2013 3060 2237 3131 largitur
2283 3060 2432 3114 enim
2468 3075 2579 3124 ars,
2621 3059 2771 3130 quod
2825 3068 3026 3116 natura
3082 3075 3194 3116 non
3239 3059 3473 3114 habuit:
3511 3060 3578 3114 ad
3671 3117 3676 3124 ,

326 3145 496 3216 τέχνη
529 3145 665 3214 ὅπερ
697 3143 796 3197 οὐκ
819 3140 977 3209 ἔσχεν
1003 3141 1038 3208 ἡ
1071 3137 1232 3206 φύσις
1251 3152 1266 3166 ⁸
1297 3135 1440 3188 οὕτω
1465 3136 1576 3206 γὰρ
1615 3133 1769 3188 αὐλοὶ
1811 3134 1904 3186 καὶ

329 3237 578 3306 κιθάραι,
604 3234 701 3288 καὶ
723 3233 792 3287 τὰ
819 3231 1030 3292 τούτοις
1053 3229 1163 3282 τῶν
1203 3227 1452 3297 ὀργάνων
1476 3227 1638 3296 ὅμοια
1669 3225 1904 3294 φθέγγε-

332 3327 462 3383 nbat
493 3325 644 3396 παρά
668 3323 768 3392 τῆς
796 3322 994 3392 τέχνης
1021 3319 1446 3388 ἐξεϐιάσθησαν·
1474 3316 1618 3371 οὕτω
1649 3319 1742 3370 καὶ
1764 3316 1904 3369 πλα-

335 3417 498 3488 στικὴ
532 3417 600 3470 τά
629 3433 688 3468 τε
729 3414 864 3468 ἀλλα
891 3413 986 3466 καὶ
1017 3411 1106 3464 τὸν
1143 3409 1343 3480 χρυσὸν
1365 3407 1445 3471 εἰς
1469 3425 1530 3462 τε
1567 3407 1736 3477 μυρία
1771 3407 1905 3476 γένη

330 3509 445 3566 τῶν
496 3509 702 3575 ἀλόγων
756 3503 932 3569 ζώων,
972 3502 1064 3557 καί
1109 3519 1173 3570 γε
1229 3500 1366 3570 πρὸς
1415 3499 1512 3563 τάς
1554 3497 1906 3570 ἀνθρωπικὰς

335 3597 658 3670 μεταμείϐει
693 3593 938 3666 μορφάςο
974 3593 1248 3664 μηχανικὴ
1289 3609 1350 3644 τε
1390 3589 1460 3644 αὖ
1499 3589 1660 3644 πάλιν
1711 3591 1906 3658 ἀστρο-

331 3689 563 3760 ωμικάς
619 3687 853 3757 σφαίρας
907 3685 1002 3737 καὶ
1051 3680 1401 3754 ὡροσκόπια,
1432 3680 1526 3733 καὶ
1572 3679 1640 3732 τά
1682 3678 1907 3732 τοιαῦτα

329 3777 687 3846 ὲπινενόηκε·
716 3771 925 3844 μακρὸν
957 3771 1002 3825 δ’
1047 3771 1115 3824 ἂν
1152 3769 1240 3840 εἴη
1287 3769 1356 3822 τὰ
1408 3770 1528 3822 κατ’
1577 3766 1714 3830 εἶδος
1771 3785 1906 3820 κατ-

333 3868 585 3941 αριθμεῖν
602 3906 619 3934 ,
647 3860 729 3928 οἷς
766 3865 795 3918 ὁ
820 3863 1064 3932 τεχνικὸς
1102 3861 1257 3929 λόγος
1285 3861 1378 3914 ἐπὶ
1403 3859 1507 3914 τῶν
1533 3859 1746 3912 οἰκείων
1766 3861 1906 3928 ὅρων

333 3959 504 4029 αὐτῆς
535 3957 797 4027 μεινάσης
827 3953 926 4024 τῆς
961 3953 1176 4023 φύσεως
1196 3992 1211 4018 ,
1238 3953 1333 4004 καὶ
1361 3950 1510 4004 οὐδὲν
1550 3951 1685 4013 ὅλως
1728 3969 1906 4022 παρα-

331 4051 648 4120 ϐλαϐείσης,
679 4049 778 4118 τὴν
822 4046 930 4100 ἀπὸ
983 4045 1082 4115 τῆς
1131 4043 1324 4114 τέχνης
1372 4042 1671 4110 εὐκοσμίαν
1714 4058 1776 4096 τε
1815 4044 1908 4098 καὶ

331 4143 665 4214 εὐχρηστίαν
694 4141 1024 4212 προστίθησι
1043 4153 1056 4168 ·
1093 4135 1184 4189 τὸν
1207 4135 1370 4190 αὐτόν
1395 4151 1459 4204 γε
1489 4133 1546 4188 δὲ
1574 4133 1795 4204 τρόπον,
1821 4135 1908 4188 ἵνα

330 4241 448 4301 τοῖς
487 4237 655 4300 θείοις
702 4251 762 4288 τε
828 4233 923 4286 καὶ
971 4228 1301 4302 ὕπερτέροις
1343 4227 1412 4282 τὰ
1445 4226 1760 4300 χαμαίζηλα
1813 4229 1908 4282 καὶ

331 4327 626 4382 πολλοστὸν
685 4323 787 4394 τῆς
846 4319 1106 4391 ἀληθείας
1160 4318 1435 4389 ἀπήχημα
1479 4317 1736 4385 φέροντα,
1767 4316 1905 4386 πρὸς

2007 505 2120 560 Nec
2146 504 2250 560 hoc
2303 515 2386 562 est
2425 507 2544 561 sine
2592 504 3070 560 animadversione
3113 503 3576 574 prastereundum,

2009 596 2157 665 quod
2186 612 2312 651 cum
2355 607 2468 652 tres
2489 613 2668 652 causa:
2719 605 3017 652 cernantur
3045 613 3114 652 ex
3157 597 3361 668 quibus
3397 597 3579 650 omnis

2007 697 2162 744 actus
2195 689 2582 759 proﬁciscitur,
2626 706 2768 746 unus
2826 691 3049 760 quidem
3090 698 3176 745 est
3222 705 3290 744 ex
3338 689 3574 744 naturali

2007 781 2284 848 potentia;
2313 783 2456 837 alius
2471 797 2603 836 vero
2632 797 2702 836 ex
2715 781 3111 850 depravatione
3133 780 3355 834 habitus
3381 794 3578 834 secun-

2006 870 2136 924 dum
2153 881 2403 925 naturam
2423 888 2438 936 ;
2465 871 2662 926 tertius
2677 871 3058 927 consideratur
3073 869 3373 926 secundum
3387 885 3577 926 ascen-

2005 976 2128 1016 sum
2161 969 2217 1015 et
2259 976 2608 1032 progressum
2647 961 2716 1016 ad
2762 961 2986 1016 inelius:
3021 977 3085 1017 es
3117 961 3204 1015 his
3249 961 3462 1030 primus
3491 967 3578 1016 est

2005 1054 2311 1118 naturalis;
2345 1053 2624 1108 secundus
2653 1061 2850 1122 praeter
2877 1064 3165 1118 naturam;
3197 1051 3394 1107 tertius
3411 1067 3574 1121 supra

2005 1153 2258 1200 naturam
2309 1153 2413 1209 est,
2458 1155 2514 1199 et
2567 1144 2905 1198 nominatur.
2949 1143 3045 1196 Ille
3096 1159 3230 1213 ergo
3275 1149 3430 1198 actus
3479 1143 3573 1213 qui

2007 1245 2234 1290 vocatur
2266 1243 2466 1304 praeter
2501 1245 2778 1300 naturam,
2801 1234 2895 1303 qui
2919 1242 3001 1288 est
3021 1232 3299 1286 aberratio
3327 1232 3577 1302 quadam

2007 1340 2038 1378 a
2071 1325 2415 1380 naturalibus
2463 1325 2748 1380 habitibus
2800 1335 2857 1380 et
2902 1325 3186 1396 potentiis,
3241 1324 3392 1378 lzedit
3439 1325 3575 1379 sub-

2007 1415 2264 1470 stantiam
2330 1416 2504 1486 ipsam
2551 1423 2608 1472 et
2659 1415 3009 1486 operationes
3060 1417 3183 1486 ejus
3248 1415 3574 1471 naturales;

2008 1507 2277 1562 naturalis
2310 1517 2493 1562 autem
2525 1515 2682 1562 actus
2727 1523 2802 1561 ex
2835 1523 3000 1562 causa
3043 1522 3154 1562 non
3209 1507 3492 1578 impedita,
3523 1517 3580 1562 et

2007 1597 2312 1651 secundum
2344 1607 2594 1656 naturam
2625 1596 2788 1650 nixus
2804 1595 3210 1666 proficiscitur:
3257 1605 3414 1651 actus
3445 1609 3576 1650 vero

2007 1703 2176 1758 supra
2208 1697 2486 1753 naturam,
2515 1688 2722 1751 evehit,
2749 1697 2804 1742 et
2834 1689 3036 1752 elevat,
3069 1697 3126 1742 et
3149 1689 3216 1742 ad
3245 1688 3579 1762 perfectiora

1939 1752 1980 1810 θ
2011 1752 2256 1846 roborat,
2308 1789 2366 1836 et
2405 1752 2479 1836 add
2515 1795 2581 1835 ea
2633 1795 2755 1850 quae
2785 1796 2895 1834 non
2943 1780 3214 1850 potuisset
3245 1752 3490 1842 edicere,
3527 1757 3575 1834 si

2009 1871 2068 1926 in
2112 1871 2184 1927 iis
2241 1886 2364 1941 qua:
2419 1879 2548 1926 sunt
2603 1871 2908 1926 secundum
2957 1879 3212 1925 naturam
3265 1871 3575 1926 mansisset.

2005 1962 2137 2029 Qua:
2168 1963 2337 2032 igitur
2367 1978 2537 2032 supra
2591 1972 2844 2016 naturam
2895 1971 3046 2025 sunt,
3101 1976 3212 2016 non
3253 1960 3579 2016 interimunt

2007 2069 2129 2122 quae
2158 2061 2290 2108 sunt
2318 2053 2622 2109 secundum
2650 2061 2922 2118 naturam,
2957 2052 3050 2107 sed
3093 2051 3277 2121 potius
3299 2050 3580 2106 deducunt

2007 2155 2063 2200 et
2083 2145 2392 2215 impellunt,
2427 2152 2490 2199 ut
2530 2161 2598 2200 ea
2617 2159 2740 2214 quae
2769 2141 3074 2198 secundum
3119 2152 3371 2196 naturam
3423 2149 3575 2204 sunt,

2007 2235 2302 2306 possimus,
2344 2245 2402 2291 et
2429 2235 2693 2290 virtutem
2729 2233 2796 2288 ad
2828 2249 2895 2288 ea
2915 2249 3036 2302 qua:
3078 2247 3245 2302 supra
3273 2231 3390 2286 haec
3427 2239 3574 2294 sunt,

2007 2327 2364 2396 accipiamus.

2076 2418 2140 2472 ll.
2174 2419 2456 2488 Exemplo,
2481 2419 2680 2488 inquit,
2704 2417 2959 2472 familiari
2987 2417 3208 2472 declara
3233 2414 3380 2486 quod
3403 2413 3574 2479 dicis;

2005 2509 2250 2564 nondum
2285 2511 2434 2564 enim
2471 2525 2628 2564 mens
2655 2525 2772 2566 mea
2811 2509 2943 2562 illud
2973 2509 3228 2578 percipit.

2073 2599 2138 2654 Ο.
2173 2601 2494 2664 Considera,
2524 2603 2768 2670 inquam,
2797 2601 2879 2656 sic
2905 2617 2920 2654 :
2955 2601 3112 2656 Sicut
3138 2600 3193 2654 in
3218 2600 3286 2656 iis
3311 2614 3432 2670 qua
3461 2607 3577 2653 arte

2007 2690 2164 2756 ﬁunt,
2225 2691 2417 2747 videre
2469 2691 2622 2758 licet,
2681 2691 3147 2761 quemadmodum
3209 2707 3301 2746 ars
3347 2689 3581 2748 artiticio

2006 2799 2182 2845 mutat
2229 2791 2287 2845 in
2341 2790 2504 2845 aliam
2547 2789 2821 2853 formam,
2868 2798 2928 2844 et
2972 2790 3278 2846 naturalem
3339 2787 3581 2844 materiae

2006 2879 2268 2949 subjectae
2295 2877 2718 2934 deformitatem
2753 2879 2822 2932 ad
2845 2879 3220 2948 pulchriorem
3244 2877 3498 2933 habitum
3523 2889 3580 2932 et

2007 2969 2246 3038 speciem
2283 2968 2558 3034 transfert,
2611 2977 2668 3024 et
2697 2969 2871 3038 magis
2899 2969 2969 3024 ad
3021 2969 3319 3024 utilitatem
3344 2975 3539 3024 evocat
3561 2983 3588 3030 ;⁸

2007 3149 2157 3204 hunc
2203 3149 2427 3204 modum
2479 3149 2644 3210 tibiae,
2695 3158 2752 3204 et
2791 3148 3034 3215 citharae,
3065 3157 3123 3204 et
3179 3149 3286 3204 alia
3309 3148 3582 3220 ejusmodi

2007 3240 2374 3295 instrumenta
2423 3237 2478 3292 vi
2523 3237 2660 3292 artis
2695 3253 2862 3292 sonos
2907 3239 3169 3294 emittunt
3199 3255 3214 3290 :
3255 3239 3335 3294 sic
3362 3253 3454 3293 ars
3480 3238 3582 3293 flu-

2007 3329 2170 3401 gendi
2215 3344 2340 3384 cum
2393 3329 2539 3396 alia,
2587 3337 2704 3384 tum
2759 3345 2955 3384 aurum
3001 3329 3060 3384 in
3119 3328 3335 3384 infinita
3380 3345 3581 3400 genera

2007 3419 2328 3474 animalium
2375 3421 2588 3474 ratione
2610 3419 2938 3480 carentium,
2963 3427 3020 3474 et
3055 3418 3114 3472 in
3151 3417 3354 3473 formas
3385 3420 3579 3473 huma-

2007 3525 2107 3564 nas
2134 3505 2328 3565 mutat.
2350 3509 2426 3564 Ac
2461 3523 2652 3564 rursus
2671 3523 2761 3562 ars
2796 3507 3114 3565 mechanica
3142 3509 3384 3578 sphaeras
3407 3511 3583 3564 astro-

2007 3601 2273 3662 uomicas,
2294 3609 2350 3656 et
2383 3599 2691 3673 horologia,
2715 3609 2775 3655 et
2801 3599 2910 3655 alia
2942 3599 3261 3670 huiusmodi
3301 3602 3580 3671 excogita-

2007 3693 2106 3748 vit.
2135 3693 2383 3764 Longum
2409 3702 2577 3754 esset,
2607 3707 2906 3747 numerare
2952 3692 3158 3748 formas
3195 3692 3398 3762 quibus
3441 3693 3582 3746 ratio

2008 3783 2303 3840 artificiosa
2324 3791 2581 3838 manente
2613 3791 2812 3839 natura
2836 3783 2979 3840 intra
3011 3782 3149 3838 lines
3185 3798 3336 3846 suos,
3360 3791 3417 3838 et
3441 3783 3579 3838 nihil

2007 3873 2155 3940 laesa,
2193 3875 2670 3944 pulchritudinem
2739 3882 2798 3929 et
2849 3873 3302 3930 commoditatem
3353 3890 3422 3930 ex
3461 3884 3581 3930 arte

2005 3964 2252 4020 adhibet.
2315 3963 2398 4020 Ad
2440 3965 2698 4021 eumdem
2765 3964 3014 4031 modum,
3067 3973 3129 4019 ut
3182 3981 3306 4034 quae
3353 3965 3584 4020 humilia

2007 4062 2160 4118 sunt,
2187 4061 2245 4109 et
2263 4053 2687 4110 similitudinem
2720 4055 2882 4125 longe
2929 4069 2961 4108 a
2989 4055 3224 4110 veritate
3272 4055 3582 4110 remotissi-

2009 4160 2154 4199 mam
2182 4144 2388 4210 ferunt,
2415 4159 2541 4200 cum
2575 4145 2780 4200 divinis
2831 4144 3067 4213 exempli
3117 4159 3286 4200 causa
3334 4143 3580 4201 confera-

2008 4235 2482 4292 muszconsidera
2532 4234 2670 4288 mihi
2731 4249 2956 4289 carnem
3001 4233 3220 4288 Domini
3261 4232 3428 4290 salvis
3479 4248 3582 4288 na-

2009 4336 2146 4383 turae
2179 4327 2396 4397 legibus
2428 4335 2555 4395 post
2593 4324 2858 4380 unionem
2925 4339 3089 4393 supra
3115 4332 3370 4378 naturam
3391 4331 3458 4412 ,οι
3486 4323 3576 4378 ad-

332 4416 686 4488 παράδειγμα
712 4413 986 4481 λάϐωμεν,
1015 4411 1110 4464 καὶ
1133 4409 1233 4480 τὴν
1273 4407 1370 4462 τοῦ
1413 4406 1618 4478 Κυρίου
1652 4408 1763 4460 νόει
1813 4423 1905 4476 μοι

2013 4395 2350 4480 mirabilem;
2390 4414 2556 4468 etiam
2605 4429 2670 4469 ea
2733 4429 2855 4483 quae
2905 4427 3072 4482 supra
3117 4395 3580 4478 naturam'sunt,

333 4507 514 4578 σάρκα
539 4506 652 4559 τῶν
673 4506 774 4575 τῆς
805 4504 1022 4573 φύσεως
1060 4501 1261 4572 νόμων,
1297 4499 1390 4553 καὶ
1423 4497 1562 4568 μετά
1593 4498 1691 4569 τὴν
1733 4499 1904 4568 ὑπερ-

333 4598 450 4667 φυᾶ
488 4596 586 4650 καὶ
623 4594 931 4658 θαυμασίαν
970 4592 1188 4658 ἕνωσιν,
1219 4589 1516 4660 ἀλωϐήτων
1563 4590 1739 4671 αὐτῆς
1776 4605 1904 4642 συν-

331 4687 700 4758 τηῃθὲντων,
716 4685 812 4739 καὶ
826 4685 893 4739 τὰ
913 4685 1056 4754 ὑπὲρ
1071 4683 1170 4754 τὴν
1194 4681 1355 4751 φύσιν
1383 4681 1654 4750 δεδέχθαι,
1675 4679 1752 4743 ὡς
1777 4681 1903 4750 μηδ’

329 4779 593 4850 ὁπότερον
630 4779 695 4830 ἐκ
740 4775 835 4830 τοῦ
885 4775 1116 4852 θατέρου
1165 4771 1560 4844 χωρίζεσθαιῆ
1611 4772 1901 4840 ἐμποδίζε-

336 4871 483 4926 σθαι.
531 4871 668 4924 Οὐδὲ
695 4868 804 4938 γάρ
827 4869 897 4922 τὰ
924 4867 1065 4938 ὑπὲρ
1094 4866 1256 4936 φύσιν
1295 4866 1408 4936 ἔχει
1446 4864 1630 4936 χώραν
1649 4905 1664 4930 ,
1698 4865 1774 4937 μὴ
1803 4867 1902 4936 τῆς

2008 4507 2190 4562 locum
2215 4505 2442 4572 habent,
2469 4521 2582 4561 non
2612 4504 2852 4560 habente
2881 4513 3077 4559 natura
3097 4503 3245 4574 quod
3274 4501 3578 4558 secundum

2010 4605 2266 4652 naturam
2294 4603 2400 4652 est.
2439 4595 2762 4666 Desinitque
2800 4595 3134 4650 miraculum
3183 4608 3331 4660 esse,
3373 4607 3499 4649 cum
3524 4593 3577 4646 id

2011 4688 2159 4758 quod
2187 4697 2272 4742 est
2302 4703 2466 4757 supra
2507 4695 2784 4754 naturam,
2827 4695 3082 4742 naturam
3113 4693 3310 4746 mutat.
3354 4700 3420 4740 ac
3462 4699 3564 4739 ma-

2007 4777 2323 4849 gniﬁcentia
2375 4794 2498 4849 quae
2569 4788 2782 4834 naturae
2829 4777 3149 4834 violentiam
3199 4775 3461 4842 adhibet,
3524 4775 3578 4830 in

2007 4869 2398 4924 contumeliam
2430 4869 2689 4924 vertitur.

332 4963 552 5034 φύσεως
599 4960 833 5032 ἐχούσης
879 4961 1020 5014 κατά
1060 4959 1242 5028 φύσιν.
1284 4957 1592 5030 Ἀφῄρηται
1629 4955 1688 5010 δὲ
1749 4957 1850 5035 ικαὶ
1877 4958 1938 5012 τὸ
1975 4957 2111 5014 εἶναι
2135 4961 2342 5034 θαῦμα,
2407 4961 2486 5033 τῷ
2519 4961 2658 5032 ὑπὲρ
2703 4960 2864 5030 φύσιν
2897 4963 2997 5036 τῆς
3039 4959 3254 5030 φύσεως
3306 4961 3576 5028 μεταστά-

332 5069 458 5124 σης,
483 5053 578 5106 καὶ
599 5052 809 5121 γίνεται
831 5050 990 5122 ὕϐρις
1017 5053 1052 5120 ἠ
1081 5049 1360 5120 φιλοτιμία
1381 5050 1768 5120 τυραννήσασα
1793 5051 1894 5119 τὴν
1931 5053 2210 5125 ἀλήθειαν,

402 5143 472 5195 Δε
499 5140 688 5212 Κάμοὶ
714 5139 798 5210 δὴ,
835 5138 962 5208 ἔφη,
993 5137 1168 5191 ταῦτα
1191 5137 1359 5194 δοκεῖ.
1390 5136 1546 5193 οὕτω
1577 5138 1677 5208 μέν
1706 5154 1790 5192 τοι
1834 5137 1910 5202 ὡς

331 5233 404 5292 τὰ
461 5234 558 5304 μὲν
599 5231 745 5302 πάθη
773 5229 1056 5299 θαύματος
1085 5228 1231 5297 λόγῳ
1260 5231 1329 5297 τῇ
1367 5230 1534 5299 σαρκὶ
1573 5227 1668 5282 τοῦ
1697 5229 1902 5299 Κυρίου

336 5321 659 5391 συμϐαίνειν
681 5337 698 5354 ο
741 5319 804 5372 τὸ
831 5319 890 5373 δέ
917 5335 983 5386 γε
1008 5317 1219 5382 ἀπαθὲς
1253 5318 1390 5388 αὐτῇ
1431 5319 1527 5372 καὶ
1577 5317 1902 5390 ἀνώλεθρον,

333 5413 553 5484 φύσεως
581 5412 770 5482 νόμοις
802 5407 1169 5472 ἀδιαπτώτοις
1195 5409 1536 5479 ἐρηρεῐσθαι.

407 5507 469 5558 0.
505 5504 614 5557 Καὶ
661 5503 846 5566 πόθεν,
887 5497 1040 5556 εἶπον
1085 5501 1218 5568 ἐγὼ,
1245 5499 1405 5553 τοῦτο
1447 5499 1626 5556 λαϐὼν
1672 5501 1839 5573 ῑχας,
1863 5498 1908 5557 ὦ

337 5599 614 5670 βέλτιστες
657 5596 756 5653 Τίς
793 5595 849 5648 δέ
897 5611 980 5648 σοι
1017 5594 1320 5664 ’γεγένηται
1359 5595 1458 5664 τῆς
1503 5594 1661 5667 ξένης
1702 5597 1904 5668 ταύτης

338 5689 526 5759 σοφίας
561 5685 845 5762 ὑποφήτης
873 5703 888 5752 ;
939 5687 1009 5740 Ἢ
1034 5686 1249 5756 ἀγνοεῖς
1271 5687 1353 5741 ὅτι
1389 5687 1553 5754 νόμος
1598 5687 1812 5755 φύσεως
1841 5691 1902 5744 οὐ

2083 5144 2148 5198 ll.
2177 5145 2244 5199 Et
2300 5144 2456 5210 mihi,
2491 5143 2692 5214 inquit,
2747 5143 2866 5200 hmo
2903 5144 3168 5200 videntur
3198 5161 3212 5198 :
3253 5145 3332 5198 sic
3369 5150 3571 5201 tamen,

2012 5244 2073 5288 ut
2094 5234 2376 5303 passiones
2401 5235 2616 5290 ratione
2647 5234 2904 5290 miraculi
2925 5235 3078 5288 carni
3099 5232 3448 5298 acciderent;
3471 5246 3578 5285 non

2011 5340 2174 5406 posse
2199 5335 2386 5380 autem
2427 5325 2564 5396 pati,
2591 5337 2650 5380 et
2680 5318 3076 5380 immortalitas
3104 5327 3226 5397 ejus
3263 5323 3321 5378 in
3369 5329 3578 5376 natura:

2013 5417 2225 5488 legibus
2246 5409 2726 5472 indissolubilibus
2751 5419 3046 5472 niteretur.

2081 5503 2146 5560 Ο.
2178 5505 2247 5562 Et
2297 5505 2463 5571 unde,
2516 5505 2738 5574 inquam
2789 5521 2911 5575 ego,
2973 5507 3079 5560 hoc
3112 5500 3394 5571 accepisti,
3433 5499 3575 5552 bone

2013 5595 2135 5648 vir?
2187 5593 2320 5660 Quis
2377 5594 2606 5649 fuittihi
2635 5595 2800 5664 hujus
2844 5610 2998 5648 nova:
3043 5603 3100 5648 et
3131 5591 3432 5662 peregrina:
3481 5601 3573 5640 sa-

2012 5685 2228 5756 pientise
2267 5685 2562 5760 magister?
2614 5684 2696 5739 An
2750 5684 2986 5758 ignoras,
3046 5681 3190 5756 quod
3255 5681 3338 5733 lc:
3369 5669 3616 5736 ποιαί-’.ε’
