3954 6148
411 303 548 387 13.35

1553 294 1558 296 ⁷
1653 293 1962 357 LEONTII
2003 288 2406 354 BYZANTINI

2492 153 2542 169 αι..

2720 217 2804 227 ..θοι

3533 265 3683 349 λεί-⁸36

411 384 527 462 non
555 415 663 474 est,
702 407 852 478 quod
877 423 1059 464 rarum
1093 417 1197 474 est,
1233 408 1330 464 sed
1364 407 1513 478 quod
1535 419 1775 475 semper,
1807 405 1895 460 vel
1928 412 1991 459 ut

2114 403 2152 456 πὸ
2183 403 2432 466 σπάνιον,
2463 397 2600 452 ἀλλά
2646 396 2706 451 τὺ
2751 393 2826 459 ὡς
2860 391 3026 464 ἀε“ι,ἢ
3059 388 3204 445 κατά
3233 403 3298 458 γε
3326 386 3390 478 ab
3413 384 3676 478 πλείστον

411 500 716 570 plurimum
753 501 1006 556 cernitur
1061 509 1118 556 et
1151 499 1473 570 permanet?
1503 495 1772 552 Dominus
1824 493 1992 566 igitur

413 603 606 650 noster
645 595 776 650 totis
799 594 1028 665 triginta
1071 593 1252 660 tribus
1277 594 1440 648 annis
1462 591 1754 647 nobiscum
1795 603 1994 644 secun-

413 685 545 739 dum
577 701 797 740 carnem
819 693 1092 753 versatus,
1133 701 1244 741 non
1282 683 1636 742 abhorrendo
1661 681 1774 736 ullo
1824 679 1993 738 modo

415 793 446 830 ει
479 786 666 832 nostra
709 775 1147 841 consuetudine,
1201 777 1604 831 humanitatem
1657 769 1990 834 honoravit,

415 870 542 924 cibo
564 879 621 925 et
649 877 776 940 potu
822 877 881 926 et
923 884 1122 925 somno
1155 877 1342 932 utens,
1375 875 1433 922 et
1457 865 1564 920 alia
1593 863 1780 919 omnia
1831 869 1996 916 natu-

415 961 604 1016 raliter
663 961 936 1018 adhibens
980 977 1104 1032 qua:
1158 961 1450 1016 veritatem
1489 956 1696 1026 sumpti
1745 952 1996 1024 corporis

419 1053 895 1121 demonstrabant,
938 1064 996 1109 et
1045 1053 1314 1108 miracula
1371 1067 1482 1106 non
1533 1049 1852 1120 priusquam
1900 1045 1997 1098 tri-

419 1146 570 1215 ginta
611 1159 790 1200 annos
833 1153 1020 1208 natus,
1083 1143 1268 1199 facere
1299 1141 1487 1212 cmpit.
1531 1139 1612 1194 Ne
1656 1137 1805 1192 enim
1859 1133 1996 1188 mihi

423 1237 570 1292 ullus
617 1236 882 1313 miracula
913 1235 1132 1290 Domini
1183 1233 1418 1305 puerilia
1464 1249 1532 1287 cx
1586 1229 1789 1300 puerili
1829 1243 1996 1283 sensu

423 1311 872 1402 proferatahaac
919 1340 1050 1387 aetas
1107 1329 1410 1402 perfectam
1436 1311 1658 1382 viriutis
1715 1324 1998 1396 periclita-

425 1423 656 1486 tionem,
721 1421 1089 1476 etdoctrina:
1139 1430 1418 1474 maturum
1467 1425 1686 1486 tempus
1736 1415 1994 1479 habebat,

424 1512 648 1581 quando
669 1527 799 1568 vera
817 1511 1109 1583 Evangelia
1137 1511 1297 1565 nobis
1307 1507 1662 1580 praedicavit;
1690 1515 1746 1562 et
1773 1506 1840 1562 ad
1861 1522 1998 1562 eon-

427 1602 791 1658 tirmationem
823 1602 1200 1658 doctrinarum
1225 1600 1540 1655 divinarum
1565 1597 1998 1652 admirabilitate

428 1694 822 1750 miraculorum
863 1710 928 1750 ea
957 1709 1080 1764 qum
1116 1681 1466 1756 dicebantur,
1517 1689 1787 1744 munivit:
1819 1697 1876 1744 et
1902 1705 1998 1744 us-

2093 491 2536 562 ὲνθεωρούμενον
2595 487 2696 542 καὶ
2740 483 3106 557 παραμένονς
3147 481 3209 534 '0
3271 475 3404 547 γοῦν
3464 472 3682 544 Κύριος

2093 583 2254 656 ἡμῶν
2305 583 2604 654 τριάκοντα
2633 580 2728 634 καὶ
2757 575 2939 648 τρισὶν
2968 575 3112 638 ὅλοις
3145 571 3327 635 ἔτεσι,
3359 563 3682 656 μεθ’,ήμῶν

2094 655 2235 730 κατὰ
2282 675 2464 744 σάρκα
2507 667 3008 736 πολιτευσάμενος,
3038 667 3104 735 τῇ
3138 663 3236 734 μὲν
3281 655 3682 730 ἀπαραλλαξία

2094 767 2204 822 τῶν
2235 765 2546 838 ἡμετέρων,
2579 763 2641 817 τὸ
2667 759 3010 832 ἀνθρώπινον
3037 754 3210 810 ἀπεσέ
3221 763 3442 826 μνυνεν,
3477 749 3683 803 ἐσθίων

2093 876 2155 912 τε
2185 859 2280 913 καὶ
2315 857 2484 912 πίνων
2514 855 2623 910 καὶ
2651 851 2858 918 ὕπνῶν,
2887 851 2984 904 καί
3011 847 3060 904 τ’
3089 846 3228 902 ἀλλα
3256 844 3322 916 δὴ
3347 842 3543 912 ιπάντα
3575 858 3684 911 qau-
3713 880 3720 884 ρ

2099 950 2268 1015 σικῶς
2326 947 2712 1020 προσιέμενος,
2739 945 2884 1014 ἅπερ
2931 943 3031 1012 τὴν
3081 940 3344 1012 ἀλήθειαν
3390 935 3682 1004 συνίστησι

2099 1045 2192 1100 τοῦ
2238 1042 2575 1114 εἰλημμένου
2625 1039 2886 1109 σώματος
2912 1052 2927 1068 ο
2977 1035 3074 1090 καὶ
3120 1031 3569 1100 θαυματουργεῑν
3621 1025 3681 1078 δὲ

2097 1133 2528 1206 τριακονταέτης
2595 1127 2856 1200 γεγονὼς,
2889 1128 2954 1182 σέ)
3007 1127 3276 1197 πρότερον
3324 1119 3547 1192 ἧρξατο.
3583 1118 3681 1206 Hi!

2101 1205 2209 1297 γάρ
2263 1241 2352 1296 μοι
2399 1223 2471 1279 τὰ
2507 1221 2735 1277 παιδικά
2773 1235 2862 1283 τις
2899 1216 2996 1272 τοῦ
3043 1213 3282 1286 Κυρίου,
3305 1214 3388 1266 ὲκ·
3415 1205 3685 1297 παιδικῆς

2101 1296 2294 1390 φρενὸς
2329 1313 2722 1388 προϐαλλέσθω
2747 1309 3319 1381 θαυματουργήματα,
3341 1301 3556 1356 τελείαν
3577 1296 3681 1368 βά-

2102 1427 2264 1464 σανον
2293 1409 2496 1479 ἀρετῆς
2515 1408 2610 1461 καὶ
2633 1401 2984 1464 διδασκαλίας
3010 1397 3208 1468 καιρὸν
3225 1394 3430 1464 ταύτης
3447 1391 3681 1462 ἐχούσης

2099 1503 2202 1572 τῆς
2260 1500 2502 1572 ἡλικίας,
2535 1497 2704 1568 ἡνίκα
2761 1494 2858 1550 καὶ
2902 1493 2972 1546 τὰ
3025 1491 3197 1552 ὅντως
3225 1489 3360 1558 ἡμῖν
3411 1481 3682 1556 ὲκήρυξεν

2101 1591 2437 1663 Εὑαγγέλια,
2465 1591 2561 1645 καὶ
2588 1589 2650 1642 τὺ
2679 1587 2872 1640 πιστὸν
2901 1583 3124 1651 ἐπάγων
3155 1581 3270 1642 τοῖς
3295 1573 3684 1663 θεοπνεύστοις

2101 1661 2429 1754 διδάγμασι,
2458 1681 2536 1752 τῷ
2564 1675 2859 1750 παραδόξῳ
2901 1672 3012 1727 τῶν
3056 1668 3358 1740 θαυμάτων
3397 1661 3683 1731 ἔπεσφρά-

425 1803 534 1856 que
563 1785 704 1841 adeo
747 1785 838 1841 hic
861 1757 1114 1842 cernitur
1144 1783 1514 1846 naturalibus,
1541 1791 1598 1838 et
1625 1781 1766 1837 citra
1811 1795 2003 1850 reprc-

2114 1794 2231 1847 γισε
2263 1775 2332 1829 τὰ
2360 1774 2631 1844 λεγόμενα
2653 1788 2667 1802 ·
2701 1768 2960 1823 τοσοῦτον
2993 1765 3051 1819 δὲ
3082 1761 3369 1818 κάνταῦθα
3425 1757 3686 1828 φαίνεται

426 1879 750 1934 hensioncm
768 1877 1023 1948 corporis
1045 1877 1544 1933 consuetudinibus
1562 1889 1717 1940 usus,
1735 1883 1798 1929 ut
1821 1872 2004 1928 existi-

426 1968 724 2024 mationem
753 1968 972 2024 voracis
992 1975 1048 2022 et
1067 1967 1181 2022 vini
1206 1966 1418 2037 potoris
1435 1965 1738 2021 sustineret
1750 1964 1816 2027 ’°,
1845 1963 1999 2029 dum,

427 2058 682 2114 similiter
754 2067 816 2113 ut
869 2074 994 2124 nos,
1041 2057 1267 2112 modum
1327 2053 1678 2111 necessitatis
1734 2053 2002 2123 expleret.

427 2147 567 2214 Quid
607 2157 875 2218 praeterea
895 2147 1069 2214 dices,
1107 2163 1217 2218 quo
1270 2154 1432 2216 pacto
1479 2159 1700 2214 semper
1727 2143 1782 2197 in
1812 2149 2005 2198 nostra

429 2241 604 2296 forma
634 2240 952 2304 videbatur,
1010 2249 1068 2296 et
1109 2255 1234 2296 cum
1263 2237 1622 2293 multitudine
1658 2249 1912 2299 versans,
1949 2242 2006 2288 et

430 2331 568 2386 nihil
603 2348 634 2386 a
658 2332 848 2387 multis
882 2331 1074 2386 habitu
1119 2329 1416 2385 differens?
1467 2327 1750 2399 Siquidem
1784 2341 2005 2396 preme-

429 2428 566 2483 bant
593 2445 722 2484 eum
743 2427 940 2494 turbae,
962 2434 1024 2482 ut
1052 2427 1250 2482 Petrus
1270 2425 1348 2480 ait
1385 2427 1462 2490 ἰς
1487 2432 1547 2480 et
1585 2423 1682 2494 qui
1716 2436 1844 2476 eum
1875 2435 2004 2490 pro-

431 2519 572 2572 didit
591 2519 744 2590 signa
775 2519 930 2574 dedit
957 2533 1022 2573 ex
1052 2517 1256 2586 quibus
1299 2515 1530 2571 deicidaa
1588 2529 1714 2568 eum
1745 2524 2027 2582 agnosce-'

433 2619 579 2674 rent,
630 2618 860 2680 prepter
884 2607 1330 2669 similitudinem,
1353 2617 1416 2660 ut
1441 2605 1668 2676 quidam
1711 2619 1781 2659 ex
1800 2602 2009 2658 nostris

433 2703 593 2765 dixit,
634 2700 856 2755 habitus
889 2697 1108 2753 Domini
1162 2706 1286 2752 cum
1341 2695 1536 2750 habitu
1585 2694 2004 2764 discipulorum.

436 2791 562 2846 llaec
589 2803 722 2844 vero
779 2788 850 2843 ab
883 2795 1013 2842 ortu
1052 2787 1175 2857 ejus
1243 2801 1418 2854 usque
1479 2785 1548 2840 ad
1603 2799 1894 2839 ascensum
1952 2784 2008 2838 in

435 2884 679 2946 crucem,
729 2888 786 2934 et
830 2895 1005 2949 usque
1039 2879 1108 2933 ad
1164 2877 1506 2948 sepulturam
1551 2875 1732 2930 tridui.
1772 2875 2010 2944 quadam

437 2973 583 3028 serie
614 2979 671 3026 et
698 2971 894 3026 ordine
929 2969 1167 3025 naturali
1192 2973 1612 3038 processerunt:
1642 2965 1711 3020 ad
1741 2965 2012 3020 ostensio-

2103 1861 2344 1926 τοῖς-τοῦ
2372 1860 2628 1932 σώματος
2658 1859 2909 1928 φυσικοῖς
2930 1873 2991 1910 τε
3019 1853 3116 1908 καὶ
3147 1850 3496 1920 ἀδιαϐλήτοις
3513 1862 3684 1924 3:90a-

2105 1955 2475 2029 χρησάμενος,
2505 1951 2650 2005 ὥστε
2708 1951 2883 2019 φάγου
2930 1963 2992 2001 τε
3039 1947 3134 2000 καὶ
3188 1941 3481 1997 οἱνοπότου·
3525 1935 3686 2000 δόξαν

2104 2048 2402 2120 ἠνέγκατο,
2434 2042 2838 2112 παραπλησίως
2866 2041 2998 2112 ἡμῖν
3028 2037 3091 2090 τὸ
3117 2037 3220 2106 τῆς
3253 2034 3445 2106 χρείας
3482 2030 3686 2102 μέτρον

2105 2137 2462 2208 ἀποπληρῶν.
2495 2137 2560 2188 Τί
2588 2136 2634 2188 δ’
2656 2134 2723 2188 ἂν
2747 2133 2894 2204 ἔχοις
2916 2133 3114 2192 εἰπεῖν,
3146 2128 3279 2198 περὶ
3306 2124 3402 2180 τοῦ
3426 2123 3516 2200 διά
3547 2139 3718 2183 παν-,-

2104 2229 2196 2290 τὸς
2228 2229 2393 2282 αὐτὸν
2415 2229 2472 2279 ὲν
2492 2229 2558 2297 τῇ
2581 2223 2704 2278 καθ’
2730 2224 2879 2294 ἡμᾶς
2905 2219 3140 2292 ὁρᾶσθαι
3173 2218 3384 2288 μορφῇ,
3423 2213 3562 2284 μετά
3584 2209 3692 2264 τοῦ

2106 2321 2344 2392 πλήθους
2376 2335 2438 2372 τε
2485 2315 2986 2388 ἀναστρεφόμενον,
3019 2310 3115 2366 καὶ
3171 2309 3326 2362 οὐδὲν
3384 2305 3494 2360 τῶν
3554 2303 3691 2356 πολ-

2104 2409 2214 2462 λῶν
2269 2408 2349 2478 τῷ
2409 2408 2649 2478 σχήματι
2697 2404 3124 2467 διαλλάττοντας
3159 2400 3272 2454 Καὶ
3301 2397 3414 2468 γὰρ
3451 2394 3689 2450 ἀπέθλι-

2107 2501 2201 2556 ϐον
2232 2501 2394 2554 αὐτὸν
2426 2502 2475 2554 oi
2503 2499 2674 2570 ὄχλοι,
2709 2499 2786 2562 ὡς
2813 2499 2843 2551 ό
2879 2483 3087 2567 Πέτρος
3121 2493 3288 2564 φησί·
3323 2492 3422 2547 καὶ
3453 2493 3482 2544 ὁ
3509 2504 3689 2558 παρα-

2106 2593 2285 2655 διδοὺς
2335 2591 2499 2644 αὐτὸν
2548 2591 2750 2661 σημεῖα
2796 2587 2995 2654 ἐδίδου,
3027 2579 3198 2640 δι’ὧν
3245 2579 3524 2652 γνωσθείη
3573 2582 3694 2640 τοῖς

2109 2683 2434 2748 θεοκτόνοις,
2473 2679 2564 2735 διὰ
2582 2681 2702 2753 τὴν,
2727 2680 2806 2744 ὡς
2831 2679 2936 2750 ἔφη
2966 2695 3051 2742 τις
3073 2676 3184 2730 τῶν
3213 2675 3522 2746 ἡμετέρων,
3548 2669 3692 2724 κατὰ

2107 2778 2170 2832 τὸ
2197 2778 2387 2847 σχῆμα
2417 2772 2514 2828 τοῦ
2538 2773 2752 2844 Κυρίου
2770 2771 2910 2842 πρὸς
2937 2770 3067 2832 τοὺς
3092 2767 3341 2840 μαθητὰς
3364 2763 3686 2834 ὁμοιότητα.

2109 2869 2298 2924 Ταῦτα
2338 2867 2395 2920 δὲ
2433 2864 2542 2920 ἀπὸ
2580 2864 2680 2932 τῆς
2709 2861 2937 2934 πρώτης
2967 2860 3276 2930 γεννήσεως
3299 2857 3464 2926 μέχρι
3495 2851 3599 2920 τῆς
3627 2854 3694 2905 ἐν

2111 2959 2190 3031 τῷ
2225 2956 2446 3029 σταυρῷ
2479 2955 2824 3020 ἀναϐάσεως,
2851 2953 2944 3005 καί
2985 2967 3046 3018 γε
3077 2951 3178 3018 τῆς
3203 2943 3689 3017 τριημερονύκτου

437 3079 725 3120 nem-vero
747 3061 1076 3125 divinitatis,
1106 3034 1230 3130 qua:
1283 3057 1530 3113 nondum
1567 3057 1842 3113 declarata
1870 3057 2010 3118 c'rat,

2114 3053 2314 3123 ταφῆς,
2351 3050 2532 3122 εἱρμῷ
2569 3066 2677 3102 τινι
2729 3047 2820 3102 καὶ
2861 3041 3009 3108 τάξει
3057 3041 3260 3111 φυσικῇ
3301 3034 3632 3108 προύϐαινεν
3659 3049 3679 3064 ·

2151 3147 2163 3153 -
2345 3144 2357 3153 -
2559 3141 2598 3153 --
2667 3143 2696 3153 .-
2788 3137 2809 3153 -
2933 3151 2950 3153 ω
2987 3137 3008 3152 .
3067 3125 3672 3153 __\\_!_Q-!_.\-...l._-

439 3171 568 3211 raro
585 3156 768 3226 quoad
791 3163 960 3210 totam
984 3155 1110 3208 vita:
1136 3146 1336 3208 seriem
1353 3151 1614 3206 miracula
1640 3151 1790 3206 circa
1812 3165 2012 3220 corpus

438 3247 589 3309 fecit,
611 3245 690 3301 ad
723 3246 1120 3310 ostensionem,
1181 3251 1240 3298 ut
1271 3243 1406 3308 dixi,
1443 3241 1772 3308 divinitatis,
1797 3257 1911 3296 non
1945 3241 2014 3296 ad

439 3338 790 3409 negationem
825 3337 1076 3392 veritatis
1105 3334 1375 3406 corporis.
1409 3333 1622 3388 Idcirco
1653 3347 1824 3402 super
1863 3347 2016 3386 mare

439 3428 730 3486 ambulans
750 3444 862 3484 non
891 3427 1258 3499 deprimitur;
1294 3433 1352 3482 et
1397 3425 1454 3478 in
1509 3431 1696 3478 monte
1726 3423 2020 3494 transﬁgu-

441 3531 627 3588 ratur;
683 3522 814 3578 totis
841 3520 1206 3592 quadraginta
1239 3519 1434 3574 diebus
1473 3517 1718 3587 jejunus,
1747 3513 2021 3570 naturalis

442 3611 790 3667 necessitatis
809 3609 1020 3665 oblitus
1041 3617 1160 3674 est;
1213 3622 1283 3662 ex
1311 3603 1622 3662 visceribus
1660 3602 2022 3674 virginalibus

443 3709 600 3754 ortus
620 3708 704 3754 est
727 3701 878 3754 salvo
899 3708 956 3753 et
979 3698 1194 3767 integro
1236 3694 1372 3749 flore
1397 3692 1766 3764 virginitatis:
1807 3691 1924 3746 haec
1953 3689 2022 3745 ad
2052 3727 2057 3734 ι

444 3790 838 3845 declarandum
869 3789 1190 3843 thesaurum
1222 3784 1548 3849 divinitatis,
1581 3799 1692 3838 non
1725 3783 1794 3838 ad
1845 3784 2022 3838 inter-

443 3879 722 3934 imendam
745 3887 802 3934 et
852 3877 1170 3932 mutandam
1223 3885 1564 3946 assumptam
1619 3875 2026 3930 humanitatem

446 3970 780 4026 mirabiliter
830 3978 1091 4039 operatus
1134 3977 1239 4023 est.
1267 3969 1336 4023 Et
1369 3976 1430 4022 ut
1474 3964 1718 4022 breviter
1749 3966 2022 4032 dicamus,

448 4061 718 4117 miracula
749 4059 935 4115 divina
959 4066 1016 4113 et
1062 4072 1262 4112 arcana
1295 4071 1420 4126 quae
1468 4053 1707 4110 faciebat
1733 4094 1749 4119 ,
1802 4064 1948 4111 nota:
1970 4063 2028 4111 et

451 4153 657 4208 indicia
687 4149 997 4206 divinitatis
1028 4155 1218 4211 erant;
1269 4144 1556 4216 passiones
1592 4157 1748 4209 vero,
1795 4149 1852 4198 et
1899 4149 2031 4198 ante

449 4258 544 4298 eas
601 4249 928 4312 conceptus,
977 4225 1038 4294 et
1069 4245 1282 4310 partus,
1327 4243 1386 4291 et
1435 4233 1640 4300 fascias,
1677 4241 1734 4288 et
1786 4231 2033 4288 secretio

451 4333 652 4401 aetatis,
681 4343 740 4390 et
763 4339 962 4390 caetera
985 4329 1170 4386 omnia
1191 4343 1315 4400 qua:
1339 4328 1461 4398 lege
1482 4335 1702 4380 naturae
1730 4325 1878 4380 circa
1903 4338 2030 4379 cor-

2116 3147 2196 3208 εῐς
2225 3144 2534 3216 φανέρωσιν
2555 3141 2612 3196 δὲ
2631 3143 2733 3212 τῆς
2759 3137 2906 3193 οὔπω
2925 3137 3036 3198 τοῖς
3063 3130 3277 3193 πολλοῖς
3297 3125 3672 3198 δεδηλωμίνης

2118 3215 2398 3306 θεότητος,
2424 3233 2724 3296 σπανιάκις
2769 3229 2844 3292 ὡς
2889 3225 3022 3300 πρὸς
3051 3241 3117 3294 γε
3150 3224 3250 3294 τὴν
3283 3221 3410 3290 ὃλην
3449 3215 3680 3282 ἀκολου-

2118 3328 2260 3390 θίαν,
2291 3325 2636 3396 ἐκαινοτόμει
2659 3323 2758 3385 τάς
2788 3321 2920 3393 περὶ
2948 3319 3008 3374 τδ
3041 3317 3200 3386 σῶμα
3227 3311 3577 3384 θεοσημείας,
3608 3309 3688 3373 είς

2118 3417 2374 3488 δήλωσιν,
2398 3417 2474 3480 ὡς
2507 3415 2664 3488 ἔφην,
2687 3413 2790 3478 τῆς
2815 3411 3030 3476 οἰκείας
3053 3408 3326 3480 θεότητος,
3353 3405 3454 3458 οὐκ
3475 3401 3684 3473 ἀναίρει

2123 3525 2207 3562 σιν
2238 3507 2339 3578 τῆς
2371 3506 2634 3580 ἀληθείας
2677 3504 2773 3560 τοῦ
2810 3503 3088 3574 σώματος.
3128 3499 3228 3553 Διά
3261 3496 3423 3550 τοῦτο
3461 3497 3555 3550 ἐπὶ
3596 3494 3688 3546 πε-

2120 3601 2323 3669 λάγους
2377 3598 2730 3668 κουφίζεται,
2783 3597 2881 3650 καὶ
2946 3589 3402 3665 μταμορφοῦται
3459 3587 3554 3643 ἐπὶ
3608 3583 3766 3640 τόῦ““

2121 3691 2306 3764 ὅρους,
2343 3691 2438 3744 καὶ
2472 3691 2582 3763 πρό
2603 3707 2666 3758 γε
2693 3689 2920 3752 τούτων,
2951 3685 3222 3755 ἄγευστος
3269 3681 3365 3736 ἐπὶ
3401 3679 3532 3742 ὅλας
3575 3694 3704 3732 ua-

2125 3781 2444 3854 σαράκοντα
2469 3781 2567 3844 τὰς
2595 3781 2778 3842 πάσας
2803 3777 3018 3848 ἡμέρας
3065 3769 3420 3846 μεμενηκὼς,
3449 3769 3548 3838 τῆς
3597 3785 3694 3836 φυο

2127 3873 2287 3942 σικῆς
2313 3872 2507 3942 χρείας
2545 3869 2846 3938 ὲκλέληστο
2867 3884 2882 3900 ·
2912 3864 3264 3938 παρθενικῶν
3289 3879 3348 3917 τε
3379 3861 3702 3930 σπλάγχνων

2126 3961 2382 4032 άνέθηλε,
2437 3961 2532 4014 τοῦ
2589 3960 2692 4030 τῆς
2746 3956 3049 4030 παρθενίας
3113 3954 3308 4018 ἄνθους
3373 3949 3702 4018 ἀδιαφθόρου

2129 4051 2582 4125 συντηρηθέντος,
2614 4051 2695 4116 είς
2723 4049 2958 4122 δήλωσιν
2999 4047 3096 4101 τοῦ
3127 4043 3570 4118 θησαυρίσματος
3605 4043 3704 4112 τῆς

2129 4143 2402 4214 θεότητος,
2435 4141 2552 4197 ἀλλ’
2581 4141 2682 4195 οὐκ
2742 4139 3026 4212 ἀναίρεσιν
3072 4137 3169 4192 xal.
3220 4135 3707 4206 μεταστοιχείωσιν

2128 4236 2224 4288 τοῦ
2253 4235 2691 4306 προσλήμματος
2725 4229 3300 4302 τεθαυματούργηκεν.
3331 4227 3441 4279 Kal
3471 4225 3562 4278 ἶνα
3586 4239 3708 4276 συν-

2131 4325 2378 4390 ελθόντες
2408 4325 2676 4398 εἴπωμεν,
2703 4323 2804 4387 τὰς
2838 4322 2938 4394 μὲν
2959 4321 3233 4393 ἀρρήτους
3263 4315 3577 4386 θεουργίας,
3607 4312 3713 4383 τῆς

455 4442 560 4497 pus
613 4427 734 4497 ejus
782 4423 924 4480 facta
977 4431 1130 4488 sunt,
1181 4435 1378 4476 verum
1428 4417 1711 4474 hominem
1741 4425 1798 4473 et
1828 4425 2012 4471 nostra

2136 4417 2546 4490 ὑπερκειμένης
2598 4417 2854 4489 θεότητος
2899 4409 3280 4485 προύϐάλλετο
3315 4409 3714 4480 γνωρίσματα·

453 4516 778 4574 substantiae
836 4529 960 4572 esse
1012 4500 1490 4569 demonstrabant.
1540 4508 1647 4564 Sed
1702 4507 1850 4579 quod
1891 4521 2036 4576 pene

457 4621 701 4668 mentem
727 4609 1016 4682 effugerat,
1040 4607 1175 4664 illud
1203 4606 1422 4662 addam.

2141 4508 2209 4562 τὰ
2247 4509 2306 4563 δὲ
2341 4509 2513 4582 πάθη,
2541 4509 2638 4564 καὶ
2670 4509 2778 4580 πρὸ
2818 4504 3026 4562 τούτων
3059 4501 3161 4572 τὴν
3210 4499 3474 4570 σύλληψιν
3517 4497 3612 4552 καὶ
3645 4498 3718 4550 τὸ

2146 4601 2462 4672 σπάργανα,
2501 4601 2604 4672 τήν
2657 4617 2719 4655 τε
2775 4598 2876 4670 τῆς
2925 4593 3148 4668 ἡλικίας
3185 4589 3436 4659 αὔξησιν,
3467 4590 3559 4642 καὶ
3604 4586 3722 4639 τῶν

455 4705 632 4761 ἄλλων
659 4681 914 4770 ἕκαστον,
943 4705 1044 4757 ὅσα
1073 4701 1138 4774 δὴ
1167 4701 1320 4772 νόμῳ
1346 4683 1562 4769 φύσεως
1596 4699 1727 4770 περὶ
1753 4697 1816 4751 τὸ
1849 4695 2162 4766 σωματικὸν
2184 4696 2350 4750 αὐτοῦ
2373 4697 2604 4767 ἐγίνετο,
2647 4694 2824 4766 ἀληθῆ
2885 4691 3050 4746 αὐτὸν
3111 4686 3212 4742 καὶ
3273 4685 3411 4757 ἡμῖν
3433 4681 3724 4754 ὁμοοὺσιον

457 4801 762 4870 ἀπέφαινεν
787 4799 1095 4870 ἄνθρωπον.
1141 4794 1281 4849 Ἀλλ’
1314 4793 1344 4848 ὃ
1377 4795 1477 4865 τὴν
1509 4792 1650 4864 ἐμὴν
1677 4791 1874 4864 μικροῦ
1909 4789 2118 4863 ἀπέδρα
2141 4790 2408 4858 διάνοιαν,
2448 4793 2672 4847 κάκεῖνο
2707 4788 3026 4862 προσθήσω.

531 4915 602 4972 Η.
631 4916 750 4983 Dic,
783 4915 986 4985 inquit,
1013 4913 1092 4969 id.

531 5025 588 5082 0.
618 5025 894 5096 Cogitavi,
925 5025 1148 5095 inquam
1187 5038 1310 5094 ego,
1351 5021 1488 5076 illud
1522 5027 1676 5074 recte
1708 5017 1940 5083 habere,
1985 5023 2044 5071 et

2212 4917 2278 4969 Α.
2307 4910 2443 4967 eam
2475 4927 2540 4981 γε
2561 4909 2700 4986 δῆτα
2727 4905 2882 4971 αὐτὸ,
2913 4901 3090 4959 εἴπεν.

2214 5029 2276 5082 0.
2321 5024 2670 5094 Ἐννενόηκα,
2715 5015 2786 5092 ἦν
2829 5019 2875 5074 δ’
2925 5017 3068 5086 ἐγὼ,
3099 5015 3276 5072 ὲκείνό
3317 5029 3382 5082 γε
3431 5009 3494 5064 τὸ
3539 5006 3732 5068 καλῶς

467 5123 622 5192 pium
641 5116 902 5178 omnibus
921 5115 1127 5182 videri,
1157 5113 1308 5185 quod
1339 5113 1488 5169 sicut
1542 5108 1814 5166 Dom-inus
1857 5107 2012 5162 omni

2148 5117 2292 5190 ἔχειν
2323 5117 2420 5171 καὶ
2445 5111 2688 5176 εὐσεϐῶς
2715 5111 2852 5166 πᾶσι
2871 5106 3086 5172 δοκοῦν,
3115 5107 3220 5172 ὅτι,
3254 5103 3446 5174 ὥσπερ
3463 5103 3493 5154 ὁ
3515 5098 3732 5168 Κύριος

467 5227 566 5268 sua
616 5223 742 5267 cum
791 5223 960 5264 carne
991 5207 1408 5264 communicatis
1433 5243 1449 5268 ,
1495 5216 1607 5258 non
1640 5199 1873 5255 recessit
1899 5214 1931 5253 a
1957 5213 2040 5265 se,

467 5307 765 5372 manetque
799 5297 940 5354 ﬁxus
985 5313 1051 5355 ac
1077 5295 1298 5354 stabilis
1327 5294 1386 5349 in
1433 5299 1580 5348 statu
1630 5305 1732 5346 suo
1761 5288 2040 5355 naturali;

2149 5209 2372 5264 πάντων
2397 5205 2506 5261 τῶν
2533 5202 2732 5259 ἑαυτοῦ
2767 5199 3082 5274 μεταδιδοὺς
3122 5199 3192 5269 τῇ
3233 5195 3426 5265 σαρκὶ,
3464 5189 3732 5258 ἀνεκφοί·

2147 5317 2312 5372 τητος
2331 5297 2646 5369 μεμένηκεν
2666 5291 2890 5358 ἑαυτοῦ,
2913 5291 3011 5346 καὶ
3031 5289 3130 5360 τὴν
3156 5286 3300 5342 κατά
3323 5283 3486 5354 φύσιν
3505 5281 3732 5372 ἑδραίαν

467 5395 550 5450 sic
579 5370 745 5450 etiam
780 5391 1099 5448 humanitas
1125 5389 1247 5458 ejus
1276 5398 1646 5456 perseverans
1699 5382 1756 5436 in
1803 5381 1872 5435 iis
1923 5394 2012 5450 qua

2151 5370 2268 5464 ἔχει
2311 5389 2500 5463 μονὴν,
2531 5386 2677 5441 οὕτω
2713 5383 2807 5440 καὶ
2838 5385 2873 5454 ὴ
2903 5382 3024 5437 κατ’
3061 5378 3232 5435 αὐτὸν
3262 5371 3644 5464 ἀνθρωπότης,
3678 5370 3735 5423 ὲν

469 5493 680 5545 natura:
711 5485 833 5556 ejus
857 5491 1010 5546 sunt,
1033 5486 1089 5536 et
1110 5478 1324 5534 habens
1351 5474 1636 5530 naturales
1658 5471 1970 5537 facultates,
1990 5483 2012 5524 ε

2153 5461 2268 5547 τοῖς
2292 5461 2435 5538 κατά
2450 5465 2615 5550 φύσιν
2641 5475 2875 5544 ἑστῶσα,
2891 5471 3106 5537 καὶτὰς
3128 5470 3222 5524 τοῦ
3247 5465 3506 5538 σώματος
3535 5461 3737 5533 [leuca

531 5703 581 5739 ’⁸
603 5701 799 5762 Matth.
824 5720 898 5772 ιι,
925 5703 1010 5759 l9.
1097 5703 1157 5735 -²¹
1197 5699 1332 5758 Luc.
1359 5712 1478 5763 vm,
1501 5697 1589 5753 45.
