3954 6148
321 286 458 350 1337

1375 289 1678 351 CONTRA
1717 289 2036 350 NESTOR.
2073 290 2170 351 ET
2208 255 2530 353 EU'I‘YCH.

3447 291 3584 357 1338

320 396 556 466 φυσικὰς
588 395 846 466 δυνάμεις
875 411 936 450 τε
959 395 1056 449 καὶ
1091 393 1398 466 ἐνεργείας,
1427 393 1518 451 καὶ
1555 396 1624 449 τὰ
1660 395 1806 467 πάθη
1834 395 1905 450 τὰ

2024 398 2252 452 tctiones
2286 399 2534 468 corporis
2555 439 2570 464 ,
2617 414 2681 452 ac
2705 398 2991 468 passiones
3026 412 3348 456 communes
3371 439 3386 463 ,
3437 409 3495 455 et
3549 415 3581 454 ι

319 486 475 541 κοινὰ
512 486 606 539 καί
633 485 935 556 ἀδιάϐλητα
969 484 1030 538 οὗ
1053 502 1206 548 ,ποτε
1233 485 1524 554 λείπουσα,
1555 489 1648 540 τόν
1680 505 1742 541 τε
1776 489 1902 558 ὅρον

2024 488 2238 543 :rimine
2270 489 2478 544 alienas
2506 503 2572 544 ac
2600 489 2804 544 liberas
2842 505 3128 560 nunquam
3171 489 3438 547 deserens
3462 531 3477 554 ,
3525 499 3584 546 et

319 577 422 646 τῆς
474 577 598 630 καθ’
635 577 789 648 ἡμᾶς
837 575 1181 646 τελειότητος
1223 579 1505 642 οὐσιωδῶς
1548 578 1903 649 κεκτημένη,

324 669 545 724 πάντων
600 665 974 734 κεκοινώνηκε
1051 667 1160 721 τῶν
1207 670 1277 722 ὲκ
1323 669 1420 724 τοῦ
1468 671 1648 738 Λόγου
1705 669 1910 734 καλῶν,

329 761 529 832 μᾶλλον
556 759 614 813 δὲ
643 759 818 829 αὐτὴν
850 757 1036 830 πηγὴν
1069 759 1180 812 τῶν
1215 760 1402 814 καλῶν
1433 761 1524 814 τὺν
1554 763 1728 829 Λόγον
1755 761 1912 832 ἔχου-

328 869 418 912 σα,
453 851 692 924 πηγάζει
729 850 789 916 ἐξ
820 850 1024 920 ἑαυτῆς
1053 850 1238 906 πάντα
1270 853 1338 906 τὰ
1364 852 1462 906 τοῦ
1489 852 1666 920 Λόγου
1698 853 1788 906 διὰ
1821 853 1913 905 τὸν

327 941 631 1012 Λόγον.Μὴ
659 941 770 1011 7&9
792 939 858 1010 δὴ
884 939 1133 1010 οἰώμεθα
1165 940 1312 1013 μέγά
1341 960 1397 996 τι
1431 942 1616 1011 λέγειν
1645 943 1776 1012 περὶ
1812 942 1912 1010 τῆς

332 1031 536 1101 σαρκὸς
579 1029 674 1083 τοῦ
716 1029 952 1100 Κυρίου,
996 1032 1178 1084 ἐκεῖνο
1225 1033 1365 1103 αὐτῇ
1413 1032 1651 1096 διδόντες
1697 1031 1727 1084 ὃ
1775 1030 1914 1102 μηδὲ

331 1123 500 1192 αὐτὴν
525 1122 828 1191 τετίμηκε,
881 1123 976 1175 καὶ
1014 1123 1116 1194 τὴν
1161 1123 1318 1193 ἡμῶν
1379 1123 1662 1194 ἀφῄρηται
1710 1123 1909 1192 τιμήν

331 1211 452 1264 οὐδὲ
483 1211 594 1282 γὰρ
629 1209 725 1263 τοῦ
754 1210 934 1278 Λόγου
971 1207 1064 1282 ἦν,
1107 1212 1218 1265 τῶν
1267 1214 1556 1283 ἡμετέρων
1582 1213 1757 1283 αὐτὴν
1792 1228 1915 1264 στε-

337 1300 523 1372 ρῆσαι,
559 1301 826 1370 μένουσαν
871 1301 995 1370 μεθ’
1019 1302 1200 1372 ἡμῶν·
1234 1301 1359 1356 οὔτε
1406 1282 1510 1372 τῆς
1557 1282 1918 1373 ἁνθρωπότη-

332 1407 448 1454 τος,
478 1388 575 1460 τὴν
625 1385 687 1455 ἐξ
716 1391 873 1461 ἡμῶν
909 1392 1139 1462 ἐχούσης
1171 1393 1514 1460 συγγένειαν,
1555 1393 1916 1462 ὑπερηφανῆ-

337 1498 426 1536 σαι
456 1483 556 1551 τὴν
583 1482 998 1552 ὁμοιοπάθειανο
1034 1484 1087 1536 εἴ
1115 1500 1178 1552 γε
1215 1484 1290 1555 μὴ
1329 1483 1620 1553 μέλλοιμεν
1664 1485 1763 1552 τῆς
1795 1482 1914 1536 θεο-

341 1573 614 1644 μιμησίας
639 1575 812 1644 αὐτῆς
872 1575 1226 1629 ἀποπίπτειν.
1283 1574 1421 1630 Οὔτε
1483 1575 1542 1628 δὲ
1597 1574 1668 1628 τὰ
1720 1573 1918 1637 κοινῶς

337 1664 680 1736 ὑπάρξαντα,
711 1666 944 1731 δικαίοις
995 1685 1055 1720 τε
1089 1652 1184 1722 καί
1211 1667 1423 1732 ἀδίκοις
1457 1667 1598 1737 μετὰ
1646 1659 1917 1736 τὴνᾜνά-

339 1773 555 1818 στασιν.
581 1761 727 1829 φημί
759 1759 824 1831 δὴ
852 1760 952 1830 τὴν
981 1759 1285 1813 ἀθανασίαν
1324 1760 1420 1813 καὶ
1448 1759 1784 1830 ἀφθαρσίαν,
1819 1757 1917 1812 καὶ

2014 579 2386 635 deﬁnitionem
2405 579 2760 650 perfectionis
2780 590 2978 636 nostrae
2997 581 3304 636 secundum
3323 583 3583 637 substan-

2013 673 2145 726 tiam
2172 672 2496 742 possidens.
2527 672 2715 727 omnia
2749 672 2892 727 bona
2911 688 2980 727 ex
2995 672 3178 728 Verbo
3208 673 3582 744 participavit,

2013 766 2150 835 quin
2183 765 2367 834 potius
2401 764 2578 834 ipsum
2601 763 2818 838 lontem
2853 765 3126 820 bonorum
3147 805 3162 830 ,
3197 765 3439 820 Verbum
3473 767 3586 821 sci-

2011 854 2159 910 licet
2191 855 2419 917 habens,
2451 853 2656 907 emittit
2687 869 2718 908 e
2746 869 2804 908 se
2827 855 3022 912 omnia
3063 870 3187 924 quae
3219 855 3382 910 Verbi
3434 864 3585 917 sunt.

2011 955 2239 1017 propter
2272 944 2536 1000 Verbum.
2583 945 2662 999 Ne
2691 945 2840 999 enim
2886 946 3302 1014 existimemus,
3327 963 3584 1018 magnum

2012 1038 2222 1109 aliquid
2257 1037 2326 1092 de
2362 1051 2530 1092 carne
2561 1036 2778 1090 Domini
2812 1036 3033 1101 dicere,
3083 1039 3128 1093 si
3165 1039 3216 1094 ei
3252 1040 3586 1104 tribuamus,

2012 1130 2161 1201 quod
2190 1144 2296 1184 nec
2327 1118 2499 1198 ipsam
2530 1127 2856 1192 honoravit,
2899 1134 2956 1182 et
2984 1129 3130 1198 quod
3172 1130 3436 1186 honorem
3485 1145 3588 1184 no-

2013 1231 2187 1278 strum
2219 1219 2478 1284 abstulit;
2510 1233 2615 1272 nec
2649 1218 2794 1273 enim
2825 1219 2991 1274 Verbi
3021 1228 3163 1283 erat,-
3195 1220 3414 1288 privare
3466 1234 3588 1274 eam

2013 1312 2218 1369 nostris
2237 1309 2670 1382 pr0prietatibus
2693 1318 3004 1364 manentem
3033 1310 3242 1380 alioqui
3262 1311 3586 1364 nobiscum:

2014 1421 2120 1460 nec
2145 1413 2266 1460 erat
2295 1402 2675 1465 humanitatis,
2709 1399 3026 1456 afﬁnitatem
3053 1401 3346 1457 nobiscum
3377 1401 3590 1457 haben-

2019 1497 2130 1560 tis,
2182 1495 2368 1549 dclerc
2417 1492 2837 1548 similitudinem
2876 1492 3160 1560 patiendi,
3215 1492 3322 1546 nisi
3356 1492 3592 1548 velimus

2015 1585 2272 1642 excidere
2317 1583 2386 1638 ab
2427 1585 2548 1654 ejus
2600 1581 2907 1637 imitatione
2951 1591 3008 1637 et
3057 1583 3442 1637 similitudine.
3479 1582 3593 1637 Nec

2018 1689 2150 1729 vero
2177 1689 2241 1728 ea
2269 1689 2392 1742 quae
2419 1669 2792 1728 communiter
2810 1671 3030 1752 justi'et
3057 1671 3246 1741 injusti
3267 1681 3391 1741 post
3406 1685 3593 1726 resur-

2018 1765 2320 1820 rectionem
2351 1761 2676 1825 habebunt,
2713 1761 3184 1816 immortalitatem
3218 1760 3364 1824 dico,
3395 1767 3450 1816 et
3478 1773 3591 1814 non

333 1853 442 1924 πρὸ
468 1851 676 1906 τούτων
708 1853 769 1906 τὸ
801 1853 876 1924 μὴ
918 1855 1125 1907 πεινεῖν
1152 1853 1248 1906 καὶ
1275 1851 1451 1917 διψεῖν
1477 1850 1574 1923 [ita
1613 1849 1788 1923 cod.].
1819 1849 1914 1904 xui.

2024 1869 2183 1926 posse
2208 1853 2490 1910 interitum
2535 1865 2766 1922 capere,
2799 1860 2854 1907 et
2892 1851 2950 1906 in
2979 1852 3176 1922 primis
3216 1867 3328 1905 non
3357 1850 3589 1916 esurire,

333 1941 505 1996 ὕπνου
534 1941 850 2013 ὀρέγεσθαι,
881 1942 958 2006 ώς
993 1941 1135 2012 μέγα
1165 1959 1221 1996 τι
1252 1943 1614 2013 προσρίπτειν
1648 1943 1716 2012 τῇ
1747 1939 1914 2010 σαρκὶ

330 2033 428 2087 τοῦ
471 2034 699 2105 Κυρίου.
729 2027 859 2088 Ὧδε
906 2033 1018 2104 γὰρ
1049 2033 1199 2087 ἐστιν
1247 2033 1462 2104 ἀληθῶς
1508 2035 1704 2096 εἰπεῖν,
1749 2033 1833 2086 ὅτι
1879 2031 1914 2102 ἠ

329 2121 463 2187 δόξα
493 2125 552 2176 ὲν
581 2125 643 2193 τῇ
679 2124 912 2194 αἰσχύνῃ
948 2131 1057 2177 τῶν
1091 2124 1183 2181 διὰ
1213 2125 1378 2194 τιμῆς
1412 2124 1789 2195 ἀτιμαζόντων
1819 2123 1916 2178 καὶ

333 2216 487 2286 ἡμᾶς
533 2216 628 2270 καὶ
664 2216 765 2286 τὴν
809 2217 906 2270 τοῦ
939 2219 1149 2289 Κυρίου
1189 2219 1391 2288 σάρκα,
1420 2217 1520 2288 τὴν
1553 2217 1653 2288 μὲν
1685 2221 1754 2290 τῇ
1790 2235 1916 2272 στει-

336 2302 496 2374 ρήσει
539 2302 645 2356 τῶν
671 2304 983 2376 (ἡμετέρων,
1017 2308 1166 2376 ἡμᾶς
1212 2307 1269 2361 δὲ
1316 2310 1382 2378 τῇ
1434 2309 1755 2362 ἁποπτώσει
1803 2308 1913 2362 τῶν

335 2395 434 2448 ἀπ’
465 2395 702 2465 ἐκείνης·
733 2397 796 2450 οὐ
840 2399 948 2470 γὰρ
981 2399 1200 2468 δοξάσει
1230 2399 1306 2472 μὴ
1339 2400 1728 2472 συμπαθοῡσα,
1767 2403 1800 2474 ή
1830 2401 1918 2456 διὰ

335 2485 432 2540 τοῦ
463 2486 656 2544 παθεῖν
698 2487 1017 2557 δοξάζουσα.

413 2800 476 2855 Α.
523 2799 656 2854 ’ἰδοὺ
677 2801 742 2871 δὴ
769 2800 886 2866 νῦν,
923 2801 1030 2871 ἔφη
1055 2842 1070 2867 ,
1103 2802 1198 2856 καὶ
1233 2802 1308 2873 μὴ
1345 2801 1699 2874 βουλόμενος,
1733 2802 1921 2856 ἀπεδι-

340 2893 566 2948 εστείλω
585 2893 679 2946 τοῦ
713 2893 958 2966 παθητοῦ
1001 2895 1063 2948 τδ
1096 2894 1358 2966 φθαρτόν·
1398 2895 1598 2965 πάσχει
1629 2895 1738 2966 7&9
1767 2896 1826 2949 ὲν
1854 2897 1919 2968 τῇ

343 2985 564 3040 κολάσει
593 2985 662 3039 τὰ
691 2984 919 3056 σώματα
951 2985 1062 3040 τῶν
1099 2985 1442 3057 ἁμαρτωλῶν
1476 2986 1574 3039 σὺν
1597 2986 1788 3050 αὐταῖς
1813 2986 1920 3056 ψυ-

341 3096 488 3148 χαις,
520 3079 582 3133 οὐ
613 3079 679 3151 δή
721 3095 827 3133 που
870 3079 930 3133 δὲ
965 3080 1060 3132 καί
1103 3080 1386 3149 πάσχοντα
1418 3077 1698 3150 θανάτῳῆ
1743 3079 1924 3150 φθορᾷ

2017 1961 2130 2002 non
2156 1946 2333 2009 sitire,
2360 1959 2474 1998 non
2509 1951 2768 2013 expetere
2788 1958 3068 2007 somnum,
3089 1951 3348 2012 tanquam
3385 1939 3593 2012 grande

2015 2036 2223 2108 aliquid
2253 2035 2406 2092 carni
2452 2033 2659 2090 Christi
2710 2035 3086 2104 projiciamus.
3124 2033 3223 2088 Hic
3268 2034 3416 2087 enim
3463 2047 3592 2088 vero

2015 2129 2123 2185 dici
2157 2137 2359 2200 potest,
2390 2125 2563 2198 gloria
2615 2125 2671 2180 in
2723 2125 3050 2181 confusione
3075 2139 3268 2179 eorum
3291 2165 3306 2189 ,
3357 2125 3452 2194 qui
3494 2138 3594 2193 per

2017 2223 2287 2278 honorem
2331 2229 2390 2276 et
2443 2235 2544 2274 nos
2601 2203 2926 2274 et_carnem
2961 2218 3180 2273 Domini
3214 2217 3589 2272 inhonorant:

2017 2329 2241 2372 carnem
2268 2310 2380 2383 (53)
2419 2310 2645 2381 quidem
2668 2309 2908 2373 Domini,
2933 2325 3056 2364 cum
3095 2325 3214 2364 eam
3253 2309 3323 2362 iis
3347 2322 3468 2377 quae
3489 2321 3592 2360 no-

2019 2416 2132 2461 stra
2168 2413 2318 2468 sunt,
2352 2403 2607 2473 privant:
2645 2417 2748 2456 nos
2774 2416 2930 2466 vero,
2982 2415 3108 2455 cum
3155 2399 3382 2464 faciunt,
3427 2405 3490 2453 ut
3523 2397 3594 2452 ab
3658 2433 3664 2440 -

2019 2499 2082 2552 iis
2118 2511 2240 2566 quae
2267 2494 2450 2549 carnis
2471 2492 2690 2550 Domini
2724 2501 2874 2554 sunt,
2899 2491 3260 2547 excidamus:
3291 2505 3403 2543 non
3444 2488 3594 2543 enim

2017 2589 2348 2662 gloriﬁcabit
2387 2604 2500 2645 non
2545 2589 2888 2661 compatiens
2913 2629 2928 2653 ,
2963 2603 3085 2658 quae
3141 2602 3238 2656 per
3279 2584 3596 2655 passionem

2019 2682 2308 2756 gloriﬁcat.

2035 2801 2042 2826 ί
2091 2820 2157 2876 Η.
2191 2821 2271 2876 En
2301 2835 2469 2884 nunc,
2519 2818 2722 2889 inquit,
2771 2817 2969 2872 nolens
2993 2813 3294 2870 distinxisti
3323 2810 3595 2881 corrupti-

2021 2911 2134 2969 bile
2164 2906 2466 2984 a‘passibili
2503 2929 2518 2965 :
2547 2910 2836 2980 patiuntur
2863 2907 3010 2962 enim
3037 2907 3092 2962 in
3123 2905 3373 2962 cruciatu
3401 2917 3600 2973 corpo-
3636 2913 3638 2916 '

2021 3019 2083 3058 ra
2117 3012 2465 3072 peccatorum
2509 3015 2636 3056 cum
2665 2998 2801 3070 ipsis
2835 2997 3069 3064 animis;
3121 3012 3231 3050 non
3274 3003 3456 3049 tamen
3501 3007 3599 3062 pa-

2025 3091 2251 3154 tiendo,
2301 3100 2533 3146 mortem
2586 3089 2672 3144 vel
2721 3088 3006 3157 interitum
3070 3087 3335 3156 capient:
3375 3093 3436 3138 ut
3467 3084 3602 3138 hinc

275 3232 277 3234 η
341 3173 738 3225 ὑποπεσεῖταιο
789 3169 867 3233 ὡς
913 3169 1164 3225 ἐντεῦθεν
1213 3167 1488 3240 γνώριμον
1523 3165 1687 3235 εἶναι,
1735 3170 1818 3222 ὅτι
1860 3169 1919 3221 οὒ

2024 3189 2228 3253 pateat.
2261 3198 2370 3236 non
2403 3197 2526 3236 esse
2549 3181 2695 3236 idem
2731 3179 3096 3248 corruptibile
3125 3187 3290 3246 atque
3309 3175 3598 3245 passibile;

343 3262 546 3316 ταυτόν
586 3265 702 3315 ἐστι
725 3261 804 3331 τῷ
841 3260 1072 3330 παθητῷ
1112 3260 1174 3314 τὸ
1208 3260 1472 3330 φθαρτὸν,
1505 3262 1664 3333 εἴπερ
1693 3260 1920 3314 κάκεῖνα

345 3353 546 3423 πάσχει
577 3353 698 3423 μὲν,
729 3353 792 3406 οὐ
823 3351 1107 3424 φθείρεται
1135 3351 1215 3406 δέ.

417 3486 479 3538 Ο.
520 3483 684 3548 um:
717 3477 762 3538 ὦ
804 3483 1071 3554 βέλτιστε,
1103 3483 1173 3558 ἦν
1219 3487 1264 3541 δ’
1298 3487 1432 3555 ἐγὼ,
1461 3490 1524 3540 οὐ
1558 3487 1720 3541 τοῦτό
1753 3505 1918 3558 φημι,

346 3577 431 3630 ὅτι
462 3575 593 3628 ποτὲ
613 3576 796 3640 »πάθος
827 3575 1129 3648 φθαρτικόν
1157 3580 1274 3632 ἐστι
1300 3579 1395 3632 τοῦ
1425 3579 1751 3650 πάσχοντος,
1787 3579 1922 3632 ἀλλὰ

346 3668 417 3722 τὰ
460 3667 640 3722 τοιάδε
690 3668 788 3722 καί.
832 3668 928 3722 τοῦ
959 3667 1193 3723 τοιοῦδε.
1223 3669 1344 3722 Τῶν
1377 3671 1435 3723 ἐν
1463 3670 1588 3740 ᾅδου
1616 3669 1800 3724 τοίνυν
1828 3686 1923 3722 κο-

346 3757 578 3817 λάσεων.
630 3759 856 3828 καὶτῆς
895 3757 956 3824 ἐξ
1005 3759 1186 3813 αὐτῶν
1210 3761 1501 3832 γινομένης
1552 3762 1754 3830 πικρᾶς
1804 3777 1927 3814 συν-

347 3847 657 3919 αισθήσεως
683 3890 698 3914 ,
732 3850 836 3919 οὐκ
863 3849 952 3903 ’ἂν
999 3851 1252 3922 εἴποιμεν
1300 3851 1433 3904 ἴδιον
1463 3851 1525 3906 τὸ
1555 3851 1800 3922 φθείρειν
1827 3851 1926 3924 τὴν

349 3940 722 4011 ὑποκειμένην
765 3939 950 4010 φύσινσ
993 3943 1042 3994 εἰ
1068 3941 1178 4012 7&9
1209 3941 1325 3996 ἔστι
1358 3941 1711 4012 τολμήσαντα
1728 3944 1925 4007 εἰπεῖν,

349 4033 446 4086 καὶ
473 4033 721 4086 συντελεῖ
742 4049 794 4084 τι
825 4031 962 4102 πρὸς
989 4033 1093 4104 τὴν
1115 4033 1312 4104 διαρκῆ
1335 4033 1608 4105 ἐπιμονὴν
1635 4033 1746 4089 τῶν
1770 4034 1929 4088 κολα-

349 4121 630 4194 ζομένων·
660 4120 766 4186 ,ἴδοι
798 4123 842 4176 δ’
875 4122 941 4176 ἄν
989 4141 1074 4186 τις
1111 4124 1246 4178 αὐτὸ
1296 4124 1458 4179 τοῦτο
1494 4126 1790 4196 συμϐαῖνον
1835 4127 1929 4179 ml.

348 4221 410 4272 ὲν
437 4221 554 4282 τοῖς
585 4219 856 4289 ἰατρικοῖς
909 4218 1247 4288 φαρμάκοις·
1291 4218 1464 4289 ἀναζῇ
1516 4235 1578 4271 τε
1607 4218 1716 4284 γὰρ
1745 4218 1930 4270 ἐκεῖνα

349 4309 448 4364 καὶ
475 4309 776 4362 ἀναθάλπει
799 4307 900 4378 τὴν
931 4307 1116 4378 φύσιν,
1138 4309 1200 4362 τὸ
1227 4308 1393 4380 βάθος
1423 4306 1800 4380 κεντρίζοντα,
1835 4309 1930 4362 καὶ

349 4401 450 4456 οὐκ
483 4401 548 4472 ἰᾷ
575 4398 643 4472 τῇ
672 4400 1006 4472 ἀναισθησίᾳ
1043 4399 1426 4472 μαραίνεσθαι,
1475 4401 1614 4455 ἀλλὰ
1658 4403 1724 4470 τῇ
1769 4401 1928 4472 ὀδύνῃ

2029 3270 2301 3340 siquidem
2331 3271 2420 3324 illa
2452 3270 2762 3342 patiuntur,
2799 3268 2894 3324 sed
2926 3283 3038 3322 non
3071 3275 3525 3336 corrumpuntur.

2097 3497 2164 3551 0.
2197 3497 2288 3557 Λι,
2315 3493 2537 3562 inquam
2561 3505 2684 3560 ego,
2717 3490 2863 3544 bone
2889 3488 2994 3554 vir,
3026 3503 3135 3542 non
3159 3487 3264 3542 hoc
3283 3485 3428 3550 dico,
3455 3484 3600 3555 quod

2027 3581 2210 3637 omnis
2253 3581 2436 3652 passio
2486 3581 2715 3635 interire
2761 3579 2897 3648 facit
2932 3577 3272 3648 patientem;
3320 3575 3415 3632 sed
3467 3575 3608 3631 tales

2028 3674 2313 3744 passiones
2356 3682 2412 3728 et
2454 3673 2638 3728 talem.
2691 3669 3098 3741 Suppliciorum
3153 3668 3320 3740 igitur
3373 3683 3495 3737 quae
3547 3666 3604 3720 in

2030 3765 2226 3821 inieris
2257 3773 2406 3829 sunt,
2431 3775 2488 3820 et
2513 3762 2694 3819 acerbi
2721 3777 2917 3818 sensus
2949 3777 3141 3817 eorum
3191 3776 3300 3814 non
3345 3767 3432 3814 est
3473 3773 3604 3828 pro-

2027 3857 2210 3928 prium
2250 3865 2502 3910 naturam
2559 3853 2868 3925 subiectam
2918 3867 3320 3922 corrumpere:
3355 3851 3400 3906 si
3453 3850 3602 3904 enim

2029 3948 2290 4004 audacter
2317 3947 2613 4004 dicendum
2653 3956 2778 4010 est,
2831 3946 3127 4002 conferunt
3173 3945 3340 4000 etiam
3397 3942 3606 4012 aliquid

2032 4041 2192 4096 tortis
2218 4049 2274 4095 et
2306 4039 2573 4096 cruciatis
2605 4037 2673 4093 ad
2703 4037 3141 4108 permanendum
3189 4044 3246 4092 et
3298 4034 3607 4106 perduran-

2030 4131 2161 4186 dum
2189 4148 2204 4185 :
2234 4130 2425 4185 videre
2451 4131 2618 4185 etiam
2643 4129 2774 4184 licet
2799 4127 3264 4200 quemadmodum
3291 4127 3398 4180 hoc
3425 4126 3603 4194 ipsum

2031 4221 2254 4278 eveniat
2280 4221 2336 4276 in
2371 4220 2794 4274 medicamentis
2821 4237 2835 4272 ς
2867 4219 3075 4274 iaciunt
3095 4217 3242 4271 enim
3269 4217 3360 4270 illa
3401 4214 3608 4268 revivi-

2033 4329 2228 4376 scere,
2285 4321 2342 4366 et
2412 4308 3091 4374 naturam7fovent,cum
3145 4307 3314 4376 aliqui
3365 4307 3474 4361 alte
3509 4305 3610 4360 sti-

2032 4406 2244 4459 mulent
2305 4412 2364 4458 et
2415 4409 2703 4474 purigant,
2758 4417 2864 4457 nec
2922 4401 3110 4456 sinant
3151 4415 3254 4454 nos
3318 4399 3610 4454 sentiendo

351 4494 630 4563 συντηρετ,
661 4492 756 4546 καί
782 4491 1102 4561 τῷδιακαεϊ
1133 4492 1414 4545 συντονίαν
1441 4491 1564 4559 ἄγει
1587 4491 1681 4546 καὶ
1705 4490 1919 4545 πύκνω-

2032 4509 2398 4559 marcescere,
2422 4494 2516 4550 sed
2541 4493 2728 4570 potius
2746 4493 2936 4548 dolore
2957 4499 3307 4555 conservent,
3325 4499 3382 4544 et
3399 4488 3608 4545 urendo

295 4581 304 4589 ”
351 4598 459 4636 σιν.
485 4583 569 4637 'l‘&
602 4583 663 4636 δὲ
693 4583 1012 4654 ἀνθρώπινα
1035 4582 1182 4654 πάθη
1210 4583 1304 4636 καὶ
1334 4575 1543 4653 φυσικὰ
1573 4583 1674 4652 τῆς
1703 4585 1926 4652 σαρκὸς,

351 4677 498 4746 ἅπερ
531 4677 560 4730 ό
596 4675 804 4746 Κύριος
853 4674 1202 4741 κατεδόξατο,
1261 4675 1472 4744 πέφυκέ
1520 4691 1638 4738 πως
1686 4675 1779 4728 καὶ
1827 4675 1928 4744 τὴν

352 4767 534 4837 σάρκα
579 4767 1018 4838 καταμαραίνειν
1039 4805 1055 4830 ,
1088 4765 1296 4820 κοποῦν
1335 4784 1392 4819 τε
1427 4766 1600 4837 αὐτὴν
1628 4767 1722 4820 καὶ
1747 4767 1926 4836 ἁνιᾷν,

347 4859 452 4911 καῖ
477 4857 634 4922 τέλος
668 4857 928 4922 διαλύειν,
953 4857 982 4912 δ
1009 4857 1072 4930 δὴ
1101 4859 1324 4928 γεγονὸς
1358 4858 1453 4913 καὶ
1488 4858 1629 4912 κατά
1647 4857 1930 4912 τδνσταυ-

351 4944 446 5014 ρδν
475 4945 744 5015 ἔγνωμεν.
767 4947 846 5017 Τῇ
875 4946 932 5000 δὲ
975 4946 1220 5000 διαλύοέι
1251 4947 1376 5000 ὅσον
1414 4965 1478 5016 γε
1520 4948 1610 5000 ἐπὶ
1641 4949 1706 5018 τῇ
1744 4946 1925 5015 φύσει,

349 5035 443 5088 καὶ
466 5035 530 5087 τὸ
562 5034 840 5106 φθαρῆναι
869 5035 1082 5090 ἕπεται.
1113 5037 1193 5090 Τὰ
1221 5037 1402 5090 τοίνυν
1429 5036 1748 5108 ἀνθρώπινα
1775 5037 1922 5108 πάθη

347 5122 538 5176 λυπεῖν
583 5119 726 5177 οἶδεν
757 5125 857 5194 τὴν
889 5124 1074 5194 φύσιν,
1129 5127 1226 5178 καὶ
1257 5129 1322 5198 τῇ
1379 5126 1625 5181 τυνθέσει
1654 5126 1922 5196 λυμαίνε-

349 5211 498 5278 σθαι,
543 5214 636 5268 καὶ
681 5215 835 5278 τέλος
868 5218 966 5270 καὶ
1011 5217 1292 5287 χωρισμὸν
1320 5219 1584 5286 εἰσάγειν,
1627 5219 1720 5272 καί
1750 5217 1930 5289 φθορᾷ

349 5302 717 5372 ὑποϐάλλειν,
758 5299 945 5378 ὧνπερ
993 5309 1022 5361 ὀ
1074 5305 1285 5377 Κύριος
1335 5309 1737 5380 παραπλησίως
1796 5311 1929 5380 ἡμῖν

426 5563 538 5639 (δῦ)
571 5562 714 5639 Car_o
743 5563 959 5619 Domini
993 5581 1094 5636 per
1117 5566 1430 5639 passionem
1467 5565 1738 5639 glorificat
1764 5581 1914 5625 eum-

349 5633 642 5704 paticntes,
665 5635 824 5690 Rom.
863 5633 1236 5708 vuucom'pati
1265 5646 1448 5693 autem
1465 5633 1576 5692 non
1601 5651 1914 5708 possumus,

2035 4585 2402 4640 oorroborent
2454 4594 2514 4641 et
2545 4584 2799 4640 densent.
2840 4581 3106 4639 Humana:
3133 4599 3264 4638 vero
3297 4591 3353 4636 et
3381 4589 3610 4636 natura-

2033 4674 2114 4729 les
2144 4673 2428 4742 passiones
2475 4672 2660 4728 carnis
2706 4689 2846 4744 quas
2874 4672 3144 4727 Dominus
3173 4671 3438 4741 suscepit.
3467 4687 3608 4740 quo-

2035 4764 2334 4820 dammodo
2357 4775 2519 4821 erant
2543 4773 2738 4820 natura
2774 4772 2915 4833 aptae
2956 4761 3026 4817 ad
3057 4761 3458 4816 debilitandum
3489 4774 3610 4814 car-

2032 4873 2160 4913 nem
2187 4897 2202 4920 ,
2229 4867 2288 4913 et
2315 4857 2724 4928 defatigandum
2745 4897 2760 4922 ,
2816 4871 2882 4912 ac
2909 4853 3500 4924 dolore-amciendum,
3551 4861 3610 4910 ct

2036 4939 2275 5018 denique
2306 4947 2373 5002 ad
2407 4947 2857 5012 dissolvendum;
2913 4948 3061 5018 quod
3095 4947 3318 5018 quidem
3351 4947 3406 5001 in
3442 4961 3608 5002 cruce

2029 5039 2235 5094 factum
2258 5055 2382 5095 esse
2401 5039 2782 5110 cognovimus.
2807 5040 3234 5095 Dissolutionem
3263 5053 3396 5093 vero
3428 5053 3608 5108 quan-

2035 5136 2148 5184 tum
2219 5127 2276 5183 in
2325 5139 2519 5184 natura
2567 5136 2690 5195 est,
2737 5129 3019 5199 corruptio
3070 5129 3361 5199 sequitur,
3391 5127 3608 5184 Passio-

2033 5234 2134 5274 nes
2183 5219 2351 5289 igitur
2407 5217 2665 5272 humanae
2723 5229 2978 5272 naturam
3017 5226 3253 5288 possunt
3298 5215 3604 5280 oﬂ‘endere,

2017 5310 2402 5380 compositum
2451 5309 2650 5365 laedere
2673 5349 2689 5375 ,
2723 5317 2780 5364 et
2809 5308 2972 5366 linem
3005 5319 3171 5380 atque
3201 5307 3604 5380 separationem

2024 5567 2129 5638 nisi
2167 5583 2298 5623 caro
2324 5565 2541 5624 Domini
2569 5575 3000 5638 compateiretur,
3043 5566 3298 5638 quodest
3321 5563 3440 5634 pati
3493 5578 3595 5618 no-

2023 5635 2260 5704 biscum,
2286 5645 2460 5694 etnos
2484 5653 2609 5694 cum
2629 5635 2768 5708 ipso.
2797 5637 2929 5694 CAN.
