3954 6148
412 270 549 336 Ῑῖλῖθ

1630 285 1938 347 LEONTII
1978 282 2393 346 BYZANTJNI‘

3517 283 3659 349 i310

409 383 636 445 inferre.
676 390 733 437 ct
767 383 1013 440 interitui
1041 386 1308 456 subjicere
1336 407 1348 441 :
1376 405 1498 458 qua:
1520 391 1741 459 quidem
1764 393 1967 457 omnia,

2079 389 2292 443 πάντων
2325 392 2690 460 μετέσχηκεν,
2743 391 2884 446 κατὰ
2917 393 3013 464 τὴν
3064 393 3307 463 μεγάλην
3344 393 3442 446 τοῦ
3480 394 3657 447 Ἀπο-

410 474 664 553 similiter
691 484 855 544 atque
901 491 1001 530 nos
1024 517 1039 540 ,
1072 478 1338 534 Dominus
1383 481 1752 552 participavit,
1785 500 1978 540 secun-

404 566 539 620 dum
571 582 818 637 magnam
850 568 1093 636 Apostoli
1120 569 1429 625 doctrinam
1452 575 1518 627 ".

481 658 547 711 Η.
577 656 719 723 Quid
742 660 911 723 aliud,
938 659 1135 728 inquit,
1164 661 1250 716 bis
1276 664 1532 719 omnibus
1553 666 1786 721 suadere
1809 678 1864 722 et
1883 667 1979 721 de-

411 756 717 800 monstrare
760 747 1018 801 studuisti
1047 788 1061 811 ,
1107 750 1211 803 nisi
1260 752 1407 819 quod
1438 768 1564 807 cum
1610 753 1867 809 Christus
1904 757 1977 811 sit

407 839 686 908 passibilis
710 878 725 901 ,
783 839 949 908 idque
985 849 1183 895 natura
1214 844 1463 912 corporis
1486 885 1501 908 ,
1555 861 1664 898 non
1694 848 1976 901 voluntate

410 929 735 994 divinitatis,
763 932 1077 985 necessario
1099 935 1207 986 erit
1233 935 1614 1004 corruptibilis
1636 937 1662 989 ?
1686 936 1804 991 Non
1827 938 1980 992 enim

410 1020 731 1090 ignoramus
760 1030 811 1075 te
842 1022 949 1077 hoc
995 1023 1174 1077 moliri
1204 1042 1216 1076 :
1250 1025 1400 1093 quod
1432 1025 1654 1094 quidem
1693 1042 1974 1095 nunquam

409 1111 797 1176 concedemus,
843 1115 944 1168 etsi
988 1114 1199 1167 inﬁnita
1229 1115 1348 1169 istis
1396 1116 1583 1170 addas.
1631 1115 1799 1186 Magis
1826 1118 1974 1172 enim

401 1203 743 1258 credendum
767 1216 853 1259 est
872 1205 1110 1275 principi
1140 1207 1512 1275 apostolorum
1540 1207 1723 1270 Petro,
1750 1222 1815 1261 ac
1838 1223 1978 1276 prae-

407 1301 557 1347 terea
600 1294 771 1347 David
824 1294 939 1364 regi
988 1312 1020 1350 a
1068 1297 1181 1351 Deo
1209 1297 1423 1362 electo,
1472 1305 1530 1351 et
1578 1297 2013 1366 prophetarum'

406 1385 676 1453 principi,
711 1388 803 1455 qui
835 1386 1133 1452 dixerunt,
1180 1389 1325 1459 quod
1376 1403 1506 1443 caro
1530 1389 1653 1458 ejus
1682 1404 1791 1443 non
1833 1392 1975 1446 vidit

404 1477 816 1545 corruptionem
841 1481 904 1533 ".

476 1567 540 1622 0.
585 1570 1041 1640 Qiiandoquidem
1099 1573 1168 1625 ab
1211 1572 1467 1628 humanis
1522 1577 1971 1646 cogitationibus,

404 1659 625 1728 inquam
653 1675 755 1731 ego
778 1700 792 1724 ,
850 1677 975 1716 sero
1004 1663 1222 1717 tandem
1251 1704 1266 1728 ,
1314 1670 1370 1717 et
1414 1680 1444 1718 a
1495 1666 1973 1734 probabilitatibus

404 1750 718 1815 recessisti,
772 1759 829 1805 et
862 1751 929 1805 ad
962 1751 1275 1822 Scripturas
1320 1770 1504 1810 sacras
1540 1756 1869 1826 confugisti;
1914 1767 1974 1811 et

401 1856 502 1895 nos
534 1842 803 1896 memoria
831 1843 1115 1913 cujusdam
1160 1843 1294 1899 dicti
1321 1846 1632 1914 prophetici
1674 1854 1866 1902 contra
1906 1863 1972 1903 ea

400 1946 522 2000 qua:
551 1947 583 1986 a
613 1940 667 1986 te
695 1932 844 1987 dicta
881 1942 1029 1996 sunt,
1078 1934 1347 2005 eﬂugerat
1379 1953 1393 1988 :
1422 1950 1554 2006 rogo
1598 1945 1650 1990 te
1694 1952 1844 1991 nunc
1909 1944 1977 1991 ut

400 2023 507 2076 hoc
552 2023 714 2079 nobis
741 2024 1007 2079 declares.

470 2116 537 2170 Η.
575 2116 739 2183 Quid,
777 2117 977 2186 inquit,
1028 2119 1135 2174 hoc
1175 2128 1259 2173 est
1296 2120 1444 2189 quod
1488 2120 1665 2175 dicis?

466 2208 532 2263 0.
565 2208 721 2275 Quod
742 2210 962 2264 divinus
985 2210 1275 2277 Jeremias,
1314 2212 1572 2280 respondi
1613 2227 1736 2282 ego,
1776 2214 1831 2267 in
1872 2213 1973 2267 La-

395 2301 831 2354 mentationibus
854 2301 1078 2355 loeutus
1102 2309 1209 2360 est.
1241 2301 1624 2357 demonstrans
1651 2303 1972 2372 prophetiee

394 2406 523 2444 eum
556 2392 649 2461 qui
681 2393 1100 2447 lamentationes
1128 2393 1499 2449 dissoluturus
1518 2404 1639 2449 erat
1659 2436 1674 2460 ,
1730 2396 1969 2451 Christus

397 2480 675 2546 Dominus,
716 2483 917 2551 inquit,
949 2486 1004 2537 in
1047 2486 1466 2555 corruptionibus
1515 2488 1704 2540 nostris
1737 2504 1972 2556 compre-

396 2575 589 2628 hensus
621 2585 700 2627 est
722 2576 787 2628 “.
813 2576 973 2630 Aliud
995 2578 1309 2647 hujusmodi
1330 2579 1579 2647 reperire
1605 2580 1734 2634 licet
1757 2580 1968 2635 dictum

390 2680 464 2718 ex
496 2680 728 2733 persona
764 2666 977 2719 Domini
1025 2683 1123 2735 per
1169 2668 1502 2736 Prophetam
1535 2686 1548 2721 :
1585 2668 1713 2733 Qua:
1764 2670 1975 2724 utiiita:

392 2757 453 2808 in
483 2756 743 2825 sanguine
784 2772 916 2819 meo,
949 2758 1074 2809 dum
1108 2757 1361 2810 descendo
1387 2760 1443 2811 in
1476 2761 1863 2829 corruptionem
1882 2763 1970 2815 ’5?

394 2854 686 2924 Inscriptio
719 2863 904 2908 autem
942 2854 1133 2923 psalmi
1162 2898 1175 2920 ,
1207 2864 1264 2909 et
1293 2862 1404 2908 tota
1439 2854 1730 2909 verborqu
1774 2872 1970 2911 conse-

309 3015 313 3021 _
393 2947 639 3016 quentia,
672 2946 833 3001 docet
866 2961 966 3000 nos
996 2947 1306 3017 intelligere
1355 2946 1634 3002 Christum
1682 2962 1784 3017 per
1809 2947 1966 3017 psal-

396 3054 545 3091 mqu
591 3038 817 3107 mystice
839 3037 1269 3108 praeﬁguratum,
1303 3038 1605 3092 secundum
1637 3039 1964 3108 interpreta-
1991 3058 2033 3116 ο

392 3127 597 3183 tionem
631 3129 1030 3197 theologorum.
1088 3129 1204 3182 lmo
1248 3138 1304 3182 et
1346 3129 1541 3183 Petrus
1586 3129 1703 3197 ipse
1759 3129 1826 3185 iis
1871 3130 1993 3199 qui.

395 3221 859 3275 resurrectionem
898 3219 1197 3275 Salvatoris
1220 3237 1331 3274 non
1362 3221 1679 3287 credebant,
1712 3222 1969 3292 gravissi-

395 3327 502 3376 me,
538 3320 599 3365 ut
623 3311 906 3376 videmus,
939 3313 1075 3367 dicit
1100 3313 1165 3377 “,
1189 3313 1335 3381 quod
1367 3315 1655 3368 suscitavit
1684 3331 1830 3379 eum,
1857 3331 1966 3369 non

390 3405 627 3472 amplius
647 3405 712 3459 ad
744 3405 1154 3474 corruptionem
1185 3421 1571 3472 reversurum;
1605 3406 1751 3475 quod
1786 3416 1970 3460 autem

394 3492 557 3551 dicit,
582 3507 691 3545 non
748 3493 983 3561 amplius
1032 3508 1387 3549 reversurum
1449 3509 1572 3549 esse
1606 3510 1733 3549 eum
1759 3536 1772 3558 ,
1808 3496 1973 3564 plane

391 3580 638 3635 declarat
659 3570 784 3635 eum
831 3582 899 3636 de
927 3597 1038 3651 quo
1068 3584 1173 3638 hoc
1207 3583 1366 3648 dixit,
1388 3599 1499 3639 non
1531 3584 1700 3639 fuisse
1729 3586 1969 3640 alienum

328 3706 329 3709 η
392 3689 425 3726 a
451 3673 713 3741 capienda
737 3676 1105 3745 corruptione.
1126 3676 1209 3729 An
1241 3676 1410 3746 igitur
1443 3691 1556 3730 non
1588 3685 1749 3746 putas
1777 3677 1972 3732 adver-

392 3763 503 3819 sari
538 3764 655 3818 haec
675 3764 741 3818 iis
774 3780 896 3834 quae
934 3782 964 3819 a
992 3774 1043 3820 te
1075 3766 1235 3821 allata
1262 3774 1390 3820 sunt
1413 3808 1426 3831 ,
1457 3774 1513 3820 et
1545 3781 1646 3821 nos
1672 3766 1971 3837 majoribus

394 3855 632 3909 vinculis
658 3856 976 3925 quaestionis
1016 3857 1337 3926 implicare?

467 4032 531 4086 ﬂ.
568 4034 675 4087 Per
704 4035 993 4087 veritatem
1020 4075 1034 4098 ,
1084 4035 1264 4103 inquit
1291 4035 1405 4097 ille,
1435 4034 1607 4089 multa
1635 4034 1971 4089 obscuritate

394 4125 559 4194 plena
591 4131 721 4177 sunt
758 4124 873 4177 haec
899 4165 913 4189 ,
961 4124 1067 4179 nisi
1115 4124 1353 4194 aliquem
1396 4126 1753 4195 interpretem
1793 4124 1970 4194 adipi-

394 4224 638 4279 scantur,
653 4215 746 4285 qui
763 4216 1188 4285 discrepantiam
1205 4229 1327 4286 qua:
1347 4216 1403 4270 in
1426 4216 1562 4286 ipsis
1587 4217 1811 4272 videtur
1827 4232 1967 4282 esse,

391 4309 464 4363 ad
488 4324 714 4379 scopum
742 4308 994 4363 veritatis
1018 4308 1295 4362 collineet.

2081 481 2268 535 στόλου
2297 498 2589 552 μυσταγωγ
2601 483 2707 538 ίανι

2147 663 2213 714 Α.
2244 661 2308 713 Τί
2335 660 2396 731 δὴ
2424 660 2554 716 ἄλλο
2585 679 2670 731 γε,
2702 663 2829 733 ἔφη,
2860 663 2949 717 διὰ
2975 664 3084 717 τῶν
3105 665 3418 736 εἰρημένων
3436 667 3649 721 τούτων

2079 753 2289 806 πείθειν
2316 770 2376 805 τε
2398 755 2496 809 καὶ
2519 755 2789 808 δεικνύειν
2822 756 3188 820 ἐσπούδακας,
3230 756 3263 828 ἢ
3291 759 3375 811 ὃτι
3398 758 3649 828 παθητὸς

2076 843 2153 897 ὢν
2174 847 2202 898 ὁ
2240 845 2496 915 Χριστὸς,
2532 847 2626 900 καὶ
2656 847 2816 900 τοῦτο
2844 848 3093 918 σώματος
3123 850 3305 919 φύσει,
3332 853 3453 923 οὐχὶ
3479 853 3645 923 θελή-

2078 951 2159 989 σει
2188 936 2442 1009 θεότητος
2465 977 2481 1001 ,
2534 939 2626 992 καὶ
2655 939 2896 1009 φθαρτὸς
2942 939 3003 1005 ἐξ
3047 941 3295 1012 ἀνάγκης
3337 943 3527 1007 ﬁatut;
3563 946 3643 997 υύ

2074 1026 2183 1097 γὰρ
2207 1027 2577 1092 ἔλαθες-τοῦτο
2609 1030 3056 1094 κατασκευάζων·
3084 1032 3224 1103 ὅπερ
3243 1034 3341 1086 οὐκ
3372 1033 3438 1087 ἀν
3466 1034 3646 1099 δεξαί-

2078 1115 2219 1186 μεθα
2245 1116 2484 1182 πώποτε,
2534 1116 2639 1171 κᾶν
2673 1120 2845 1189 μυρία
2883 1119 3025 1189 πρὸς
3065 1121 3282 1186 τούτοις
3332 1125 3494 1194 ἐρεῖς.
3516 1126 3645 1179 Πει-

2076 1208 2233 1261 σ-τέον
2278 1209 2384 1278 γὰρ
2417 1208 2618 1279 μᾶλλον
2644 1210 2723 1278 τῷ
2755 1213 3041 1283 κορυφαίῳ
3061 1213 3169 1265 τῶν
3194 1215 3508 1269 ἀποστόλων
3531 1219 3643 1270 [ιι-

2073 1314 2207 1369 τρῳ,
2243 1298 2470 1368 προσέτι
2503 1298 2561 1352 δὲ
2590 1300 2686 1353 καὶ
2713 1299 2793 1368 τῷ
2824 1304 2882 1353 ὲν
2913 1301 3196 1371 βασιλεῦσι
3223 1303 3511 1374 θεοκρίτῳ,
3541 1309 3645 1360 καὶ

2073 1390 2458 1462 ἀρχιπροφήτῃ
2494 1391 2659 1443 Δαόὶδ
2690 1393 3179 1463 ἀποφαινομένοις,
3194 1394 3278 1447 ὅτι
3310 1396 3344 1465 ἠ
3374 1391 3513 1467 σὰρξ
3535 1398 3639 1450 αύ-

2072 1483 2166 1535 τοῦ
2191 1484 2291 1536 οὐκ
2317 1485 2426 1537 ἴδεν
2452 1484 2771 1558 διαφθοράν.

2144 1575 2207 1626 0.
2251 1574 2474 1647 Ἐπειδὴ
2513 1575 2621 1630 τῶν
2649 1577 2749 1647 μὲν
2777 1577 3155 1647 ἀνθρωπίνων,
3192 1574 3348 1633 εἷπον
3379 1577 3511 1648 ἐγὼ,
3538 1579 3637 1648 ὀψέ

2073 1663 2127 1733 γ’
2158 1660 2249 1718 οὖν
2278 1666 2525 1737 ἀπέστης
2554 1668 2831 1739 λογισμῶν
2856 1671 2951 1722 καὶ
2982 1670 3380 1741 πιθανοτήτων,
3419 1672 3553 1741 πρὸς
3578 1673 3653 1725 δὲῖ

2070 1756 2169 1817 τὰς
2197 1754 2348 1819 θείας
2379 1757 2602 1827 Γραφὰς
2633 1758 3081 1827 καταπέφευγας,
3116 1761 3305 1831 μνήμη
3338 1761 3396 1814 δέ
3421 1777 3502 1823 τις
3541 1762 3649 1813 καὶ

2071 1845 2219 1913 ἡμᾶς
2245 1844 2597 1915 προφητικῆς
2627 1847 2910 1917 ὑπέδραμε
2943 1850 3176 1919 ῥήσεως,
3204 1849 3464 1913 ἐναντίως
3489 1850 3639 1920 ἔχειν

2069 1935 2303 1988 δοκοῦσα
2316 1938 2428 1998 τοῖς
2449 1936 2601 2009 παρά
2632 1936 2750 1990 σοῦ’
2764 1937 2994 2008 ταύτην,
3023 1939 3161 1992 αίτῶ
3188 1957 3272 2005 σε,
3293 1941 3362 1994 τὰ
3390 1940 3484 1994 νῦν
3503 1942 3649 2010 ἡμῖν.

2068 2026 2426 2096 διασάφησον.

2139 2119 2205 2173 Δ.
2233 2119 2369 2171 Τίνα
2408 2118 2634 2190 ταύτην,
2660 2118 2786 2190 ἔφη,
2816 2120 3020 2188 λέγεις,
3054 2121 3265 2188 διέξιθι.

2140 2208 2202 2262 0.
2241 2207 2350 2277 Τὴν
2391 2208 2660 2278 Ἰερεμίου
2691 2208 2786 2262 τοῦ
2810 2208 3094 2280 θεηγόρου,
3129 2213 3268 2283 πρὸς
3289 2214 3456 2267 αὐτὸν
3493 2215 3635 2269 ἀπο-

2071 2297 2397 2367 κρινόμενος
2420 2293 2595 2363 εἷπον,
2630 2297 2698 2368 ῆν
2733 2300 2790 2352 ὲν
2821 2301 2935 2362 τοῖς
2965 2301 3199 2371 Θρήνοις
3238 2303 3330 2356 τὸν
3362 2302 3472 2355 τῶν
3504 2303 3635 2375 θρή-

2070 2406 2176 2441 νων
2197 2388 2410 2458 λυτῆρα
2439 2391 2932 2459 προαναρῥητικῶς
2962 2392 3277 2461 ὑποφαίνων
3312 2394 3632 2463 ἐφθέγξατο,

2069 2482 2323 2549 Χριστὸς
2349 2484 2584 2548 Κύριος,
2614 2483 2810 2550 λέγων,
2839 2486 3198 2555 συνελήφθη
3244 2486 3315 2539 ἐν
3361 2487 3491 2553 ταῖς
3521 2487 3636 2541 δια·

2068 2574 2314 2643 φθοραῖς
2342 2573 2531 2641 ήμῶν.
2552 2575 2662 2627 Καὶ
2684 2573 2814 2627 ἄλλο
2828 2574 2884 2627 δὲ
2917 2574 2980 2645 δὴ
3005 2576 3221 2630 τοιοῦτο
3248 2580 3311 2630 ὲκ
3344 2577 3637 2649 προσώπου

2067 2661 2162 2714 τοῦ
2212 2662 2420 2730 Κυρίου
2441 2702 2454 2722 ,
2490 2662 2578 2714 διὰ
2610 2661 2708 2715 τοῦ
2742 2667 3025 2733 προφήτου
3064 2666 3341 2735 κηρυχθὲν
3370 2667 3517 2720 ἐστιν
3542 2670 3634 2719 εὑ-

2072 2755 2204 2821 ρεῖν,
2243 2755 2337 2817 Τίς
2367 2751 2623 2820 ὠφέλεια
2651 2754 2719 2806 ἐν
2759 2753 2841 2819 τῷ
2864 2754 3069 2823 αἵματί
3085 2774 3231 2825 μου,
3273 2757 3541 2824 λέγοντος,
3568 2759 3639 2810 ὲν

2068 2843 2148 2909 τῷ
2176 2844 2556 2897 καταϐαίνειν
2577 2861 2655 2912 με
2681 2846 2768 2909 είς
2800 2844 3167 2914 διαφθορὰν;
3196 2848 3268 2899 Ἦ
3289 2865 3349 2900 τε
3379 2849 3488 2918 γὰρ
3514 2850 3637 2902 ἐπι-

2067 2934 2252 3005 γραφὴ
2274 2933 2368 2986 τοῦ
2392 2933 2630 3004 ψαλμοῦ,
2659 2937 2753 2988 καὶ
2789 2937 2821 3006 ή
2852 2936 2945 3006 ὅλη
2975 2936 3080 2987 τῶν
3114 2937 3376 3005 ῥημάτων
3399 2939 3630 2993 ἀκολου-

2068 3024 2158 3079 Θία
2183 3027 2275 3080 τὸν
2307 3025 2512 3096 Κύριον
2542 3020 2677 3096 ἡμῖν
2706 3028 2845 3079 νοεῖν
2883 3025 3214 3092 ὑποτίθεται,
3249 3026 3339 3078 διά
3365 3027 3458 3080 τοῦ
3480 3028 3623 3096 ψαλ-

2074 3117 2174 3189 μοῦ
2205 3116 2484 3186 μυστικῶς
2510 3117 2970 3188 προτυπούμενον,
3000 3118 3142 3170 κατά
3178 3118 3277 3186 τὴν
3300 3118 3407 3170 τῶν
3438 3119 3615 3172 θεολό⁹

2069 3225 2180 3277 γων
2207 3207 2490 3278 ἐξήγησιν.
2541 3207 2706 3261 Ἀλλὰ
2739 3208 2831 3262 καὶ
2858 3206 3014 3270 uino;
3057 3209 3085 3260 δ
3118 3208 3321 3278 Πέτρος
3356 3209 3625 3278 φαίνεται,

2068 3305 2181 3364 τοῖς
2211 3298 2500 3354 ἀπιστοῦσι
2541 3303 2605 3370 τῇ
2636 3300 2932 3353 ἀναστάσει
2964 3299 3059 3352 τοῦ
3090 3300 3343 3370 Σωτῆρος
3373 3300 3629 3370 ἐμϐριθέ-

2072 3409 2242 3444 στατα
2293 3391 2491 3458 λέγων,
2533 3391 2615 3444 ὅτι
2666 3391 2967 3458 ἀνέστησεν
3029 3390 3215 3453 αὐτὸν,
3273 3381 3471 3461 μηκέτι
3510 3391 3638 3462 μὲλ-

2069 3480 2231 3534 λοντα
2251 3480 2615 3552 ὑποστρέφειν
2648 3482 2727 3542 είς
2752 3480 3076 3548 διαφθοράνο
3115 3480 3176 3532 τὸ
3199 3481 3255 3534 δὲ
3282 3482 3476 3551 μηκέτι
3511 3482 3640 3552 μέλ-

2070 3572 2185 3625 λειν
2213 3573 2375 3625 αὐτὸν
2401 3573 2787 3642 ὑποστρέφειν,
2833 3573 2936 3625 οὐκ
2988 3572 3056 3625 ἂν
3102 3573 3385 3627 ἐπίδεκτον
3435 3573 3641 3644 φθορᾶς

2071 3660 2395 3733 εἷναι⁹δηλοϊ
2420 3665 2511 3717 τδν
2541 3666 2667 3734 περὶ
2692 3656 2753 3716 οῦ
2782 3663 2956 3716 ταῦτα
2977 3664 3198 3735 εἴρηκεν
3223 3680 3239 3729 ;
3272 3661 3396 3737 Ἆρ’
3421 3660 3514 3719 οὗν
3539 3666 3643 3719 οὐκ

2069 3757 2171 3810 οίει
2201 3754 2372 3808 ταῦτα
2410 3758 2524 3818 τοῖς
2550 3755 2700 3824 παρὰ
2739 3755 2833 3807 σοῦ
2869 3755 3362 3825 προενηνεγμένοις
3385 3758 3645 3809 ἀντιστασ

2071 3850 2203 3906 τεῖν,
2236 3847 2330 3899 καὶ
2364 3847 2609 3916 μείζοσιν
2657 3848 2803 3916 ἡμᾶς
2841 3846 3075 3917 ἀπορίας
3114 3845 3330 3914 δεσμοῖς
3372 3846 3638 3916 περιϐἀλο

2072 3959 2183 3995 ’.ειν
2199 3960 2214 4008 ;

2140 4033 2205 4084 A.
2236 4030 2320 4100 Νὴ
2348 4032 2448 4101 τὴν
2493 4030 2770 4098 ἀλήθειαν,
2803 4031 3009 4091 ἐκεῖνος
3047 4028 3173 4098 ἔφη,
3221 4029 3424 4097 πολλῆς
3465 4028 3639 4081 ταῦτα

2071 4121 2234 4192 γέμει
2260 4121 2360 4191 τῆς
2388 4120 2677 4190 ἀσαφείας,
2706 4121 2756 4173 εί
2780 4121 2855 4191 μή
2898 4119 3001 4173 πού
3029 4136 3174 4181 τινος
3207 4117 3479 4187 ἐξηγητοῦ
3500 4133 3637 4185 τυγ-

2071 4215 2304 4283 χάνοιεν,
2341 4212 2484 4267 κατὰ
2531 4211 2734 4265 σκοπὸν
2784 4211 2886 4279 τῆς
2920 4209 3202 4279 ἀληθείας,
3237 4209 3339 4279 τὴν
3374 4208 3639 4262 δοκοῦσαν

2073 4303 2131 4355 ὲν
2162 4302 2348 4364 αὐτοῖς
2374 4300 2673 4369 διαφωνίαν
2710 4298 3055 4362 εὐθύνοντος.

402 4436 407 4445 ρ
465 4398 531 4455 0.
563 4399 677 4469 Age
728 4414 878 4469 ergo,
925 4398 1171 4468 inquam,
1203 4399 1345 4452 bone
1373 4400 1477 4463 vir,
1511 4399 1838 4454 sententiam
1870 4399 1969 4453 ho-

2140 4398 2201 4448 0.
2233 4395 2405 4463 Δεῦρο
2423 4368 2488 4461 δὴ
2515 4388 2632 4456 οῦν,
2655 4387 2835 4454 εἶπον,
2855 4385 2900 4443 ὧ
2917 4389 3174 4444 κάλλιστε
3197 4388 3429 4457 κάγαθὲ,
3456 4388 3517 4441 τὸ
3540 4387 3641 4456 τῆς

396 4507 521 4545 rum
550 4490 885 4545 obscuritate
934 4490 1237 4545 involutam
1289 4490 1503 4559 explica
1539 4529 1552 4553 ,
1592 4499 1649 4544 et
1682 4489 1968 4543 veritatem

395 4583 557 4638 nobis
588 4582 816 4653 detege,
868 4583 985 4637 sive
1029 4597 1149 4637 eam
1195 4597 1225 4635 a
1277 4590 1349 4645 te,
1393 4581 1507 4635 sive
1551 4581 1620 4634 ab
1654 4581 1763 4636 alio
1811 4595 1974 4636 acce-

395 4674 548 4744 pisti.

463 4763 532 4819 Η.
573 4752 714 4829 Non,
739 4766 940 4836 inquit,
969 4764 1207 4833 aliquam
1239 4764 1399 4819 valde
1431 4765 1628 4819 bellam
1671 4774 1727 4820 et
1754 4766 1964 4835 specio-

395 4871 511 4909 sam
542 4856 951 4912 excusationem
980 4855 1255 4910 invenisse
1303 4855 1440 4909 mibi
1480 4857 1635 4910 visus
1685 4871 1744 4910 es
1774 4897 1788 4921 ,
1840 4873 1964 4911 cum

395 4946 692 5000 contrariis
744 4947 1166 5002 auctoritatibus
1196 4947 1482 5002 veritatem
1519 4946 1727 5015 majore
1766 4947 1967 5000 obscu-

380 5032 564 5085 ‘ritate
590 5032 901 5088 involvisti:
935 5044 996 5090 ut
1028 5037 1257 5104 quaestio
1288 5035 1511 5105 quidem
1542 5034 1964 5100 dubitationem,

380 5122 671 5177 dubitatio
692 5138 826 5178 vero
851 5127 1266 5182 concessionem
1296 5127 1417 5181 l'alsi
1447 5127 1681 5180 latenter
1702 5125 1965 5180 includat.

398 5215 513 5285 Ego
544 5228 698 5278 vero,
752 5215 866 5268 sive
913 5216 1036 5284 quis
1094 5216 1256 5271 nobis
1310 5217 1540 5271 dubium
1576 5217 1968 5271 auctoritatum

398 5308 815 5375 interpretetur,
841 5307 956 5362 sive
986 5322 1123 5369 non,
1159 5324 1438 5378 nunquam
1476 5325 1505 5362 a
1549 5309 1820 5362 sententia
1849 5323 1970 5362 mea

397 5398 721 5464 discedam;
761 5414 885 5453 cum
920 5407 1109 5471 aperte
1152 5400 1352 5457 clamet
1374 5401 1677 5470 Scriptura,
1709 5402 1836 5471 quia
1859 5417 1970 5456 non

418 5586 421 5593 I
470 5604 514 5636 "
546 5604 709 5659 Hebr.
749 5623 804 5672 ιι,
844 5607 923 5660 Η.

404 5685 559 5741 in“
772 5724 775 5727 λ

1023 5609 1065 5640 ’³
1097 5609 1236 5664 Psal.
1273 5624 1360 5670 xv,
1390 5607 1486 5671 10;
1527 5609 1646 5661 Λοι,
1676 5622 1733 5673 η,
1763 5606 1852 5661 σῃ,
1937 5606 1974 5636 2-.

2081 5598 2223 5658 που.
2283 5618 2353 5668 tv,
2390 5599 2478 5656 220.
2562 5599 2607 5630 "
2654 5597 2794 5652 Psal.
2844 5611 2987 5658 uix,
3049 5591 3129 5646 l0.
3214 5592 3259 5621 "‘
3294 5590 3416 5643 Act.
3463 5602 3521 5652 ιτ,
3574 5590 3637 5645 πε

2067 4486 2271 4541 τούτων
2299 4484 2537 4546 διανοίας
2561 4481 3019 4552 συνεσκιασμένον
3037 4522 3052 4544 ,
3104 4481 3407 4544 εύθυὸόλως
3436 4482 3641 4536 ἀνακας

2068 4578 2262 4648 λύψας,
2291 4578 2391 4650 τὴν
2421 4577 2682 4648 ἀλήθειαν
2713 4577 2846 4644 ἡμῖν
2877 4573 3345 4643 παραγύμνωσον,
3371 4574 3481 4626 εἴτε
3510 4575 3639 4643 παρ’

2068 4668 2266 4723 ἑαυτοῦ
2299 4668 2527 4737 ταύτην,
2562 4668 2677 4720 εἴτε
2709 4666 2808 4719 καὶ
2855 4665 2988 4734 παρ’
3025 4664 3214 4735 ἑτέρου
3258 4663 3438 4716 λαϐὼν
3470 4662 3637 4732 ἔχεις.

2138 4762 2200 4814 Α.
2225 4760 2299 4813 Οὐ
2320 4758 2512 4829 καλὴν,
2539 4756 2666 4826 ἔφη,
2681 4754 2804 4808 τινὰ
2822 4752 3125 4815 παντελῶς,
3143 4751 3265 4804 οὐδὲ
3283 4750 3640 4819 εὐπρόσωπον

2065 4850 2249 4916 ἐδοξάς
2268 4867 2358 4920 μοι
2376 4852 2474 4917 τὴν
2496 4847 2769 4918 πρόφασιν
2787 4846 3052 4916 ἐξευρεῖν,
3071 4845 3191 4905 ταῖς
3210 4840 3510 4903 ἀντιθέτοις
3529 4839 3639 4892 τῶν

2072 4950 2304 5017 ῥήσεων,
2346 4942 2554 5013 μείζονι
2586 4940 2683 5010 τὴν
2728 4938 2991 5009 ἀλήθειαν
3027 4933 3266 5003 ἀσαφείᾳ⁸
3306 4931 3637 5002 περιϐαλὼν,

2071 5039 2160 5091 ἴνα
2188 5053 2270 5090 σοι
2294 5036 2328 5104 ἡ
2354 5034 2450 5103 μὲν
2471 5031 2676 5102 ἀπορία
2696 5029 2796 5100 τὴν
2820 5026 3176 5097 ἀμφιϐολίαν,
3199 5026 3237 5093 ἡ
3257 5023 3315 5076 δὲ
3340 5020 3640 5090 ἀμφιϐολία
3736 5026 3757 5033 “

2072 5128 2173 5199 τὴν
2188 5120 2481 5197 ὁμολογίαν
2497 5120 2955 5192 παρεισκυκλήσῃ
2971 5117 3067 5170 τοῦ
3083 5115 3332 5186 ψεύδους.
3348 5112 3491 5179 Ἐγὼ
3511 5110 3640 5178 γοῦν

2073 5217 2184 5270 εἴτε
2220 5232 2304 5278 τις
2329 5211 2654 5283 ὲρμηνεύσοι
2684 5210 2843 5278 λόγος
2873 5210 3030 5278 ἡμῖν,
3060 5206 3172 5259 εἴτε
3210 5203 3304 5257 καὶ
3345 5202 3420 5271 μὴ
3449 5201 3510 5254 τὸ
3535 5200 3643 5254 τῶν

2079 5310 2286 5380 ῥήσεων
2336 5304 2563 5375 ἄπορον,
2611 5302 2713 5354 ούκ
2760 5300 2827 5354 ἀν
2859 5315 2991 5352 ποτε
3021 5299 3121 5366 τῆς
3148 5291 3388 5365 ἐμαυτοῦ
3416 5290 3642 5358 γνώμης

2078 5397 2401 5466 ἀποσταίην,
2433 5393 2730 5464 διαρρήδην
2750 5390 2845 5456 τῆς
2876 5386 3237 5444 θεοπνεύστου
3268 5380 3480 5452 βοώσης
3501 5380 3644 5446 Γρα-

3574 5585 3635 5622 ῗῗὶ
