3954 6148
348 305 478 370 1341

1387 307 1683 368 CONTRA
1724 303 2038 364 NESTOR.
2076 303 2171 361 ΕΤ
2203 303 2522 362 ΕΗΤΥΟΗ.

3443 296 3578 360 1342

346 421 486 488 φῆς,
526 420 609 474 ὅτι
643 421 742 472 οὐκ
776 418 1170 488 ἐγκατελείφθη
1221 420 1254 488 ἡ
1304 418 1448 486 ψυχὴ
1491 417 1653 472 αὑτοῦ
1696 418 1774 478 εἷς
1811 414 1896 466 τὸν

2015 421 2089 467 est
2109 413 2367 468 derelicta
2384 413 2564 466 anima
2595 412 2714 480 ejus
2743 409 2799 462 in
2821 407 3056 472 inferno,
3080 421 3260 473 neque
3289 419 3420 456 (aro
3448 404 3568 470 eius

344 511 499 582 ᾅδην,
541 511 661 565 οὐδὲ
687 513 720 582 ἡ
758 510 890 578 σὰρξ
920 510 1084 562 αὗτοῦ
1118 509 1226 562 τδεν
1255 509 1572 578 διαφθοράν.

414 603 470 654 0.
523 601 612 665 Ὧς
654 605 930 670 πεφυκυῖα
973 601 1064 654 τοῦ
1123 600 1486 670 φθείρεσθαι,
1553 599 1690 669 πρὸς
1745 597 1905 650 αὐτὸν

344 686 518 754 εἷπον,
549 693 647 745 οὐκ
679 692 786 744 ἴδεν
816 691 1144 760 διαφθοράν;
1179 691 1212 762 ἢ
1261 693 1308 744 εί
1357 693 1432 761 μὴ
1463 690 1640 756 τοῦτο,
1671 690 1901 758 ἀπόκρι-

347 799 452 837 ναι.

415 873 477 923 Α.
520 871 606 934 Ὣς
645 872 717 940 μὴ
754 875 1050 940 πεφυκυῖα,
1081 874 1243 937 εὐθὺς
1287 873 1421 945 μηδὲ
1459 872 1734 934 παντελῶς
1777 872 1908 924 ὐπο-

349 961 689 1033 στειλάμενος
709 1005 723 1026 ,
762 963 888 1032 ἔφη.

413 1139 476 1192 0.
508 1138 738 1200 Οὐκοῦν,
771 1138 974 1206 ἔλεγον,
1007 1140 1171 1192 ταυτδ
1205 1140 1269 1209 δὴ
1319 1143 1474 1194 τοῦτο
1511 1142 1602 1194 καὶ
1649 1143 1775 1212 περὶ
1806 1141 1910 1209 τῆς

343 1227 518 1298 ψυχῆς
545 1229 756 1298 ἀνάγκη
797 1245 855 1282 σε
897 1229 1108 1292 πάντως
1134 1230 1418 1298 ὁμολογεῖν
1439 1247 1452 1261 ·
1484 1233 1614 1302 περὶ
1653 1231 1764 1301 γὰρ
1802 1233 1907 1301 ἀμ-

343 1321 462 1385 φοῖν
490 1321 850 1390 συνημμένους
875 1321 902 1372 ὁ
933 1322 1222 1391 προφήτης
1251 1323 1314 1375 ἐκ
1348 1321 1638 1393 προσώπου
1671 1323 1767 1376 τοῦ
1800 1325 1907 1376 Σω-

339 1411 507 1479 τῆρος
543 1411 902 1480 εὐχαριστῶν,
932 1413 990 1464 τὸ
1033 1413 1106 1482 μὴ
1151 1414 1648 1484 ἐγκαταλειφθῆναι
1677 1416 1776 1483 τὴν
1803 1415 1906 1483 ψυ-

341 1502 443 1572 χὴν
479 1501 643 1554 αὑτοῦ
668 1503 744 1562 είς
771 1501 863 1554 τὸν
885 1501 1037 1572 ᾅδην,
1075 1504 1210 1573 μηδὲ
1237 1505 1334 1573 τὴν
1371 1507 1545 1576 σάρκα
1575 1505 1738 1559 αὔτοῦ
1778 1506 1906 1558 ἰδεῖν

337 1587 634 1658 διαφθορὰν
659 1591 1030 1660 ἀνεφώνησεν.

410 1703 474 1753 Δ.
508 1701 616 1753 Καὶ
648 1701 754 1772 γὰρ
791 1703 854 1770 δὴ
889 1675 982 1756 καί
1013 1705 1140 1773 περὶ
1163 1705 1260 1774 τῆς
1279 1704 1480 1774 ψυχῆς,
1510 1703 1636 1774 ἔφη,
1667 1705 1759 1758 τοῦ
1793 1709 1902 1760 Κυ-

341 1791 458 1858 ρίου
517 1789 577 1842 τὸ
609 1789 722 1843 ἴσοι
764 1791 974 1861 εἴποιμ’
1009 1792 1094 1859 ἂν,
1139 1795 1222 1846 ὅτι
1257 1793 1418 1862 φύσιν
1469 1795 1568 1846 οὐκ
1621 1791 1765 1864 εἶχεν
1818 1799 1900 1860 εἰς

333 1880 468 1949 ᾅδου
498 1881 690 1935 καταλι
699 1885 943 1953 μπάνεσθ
953 1902 1031 1938 αι.

407 1994 469 2044 0.
510 1986 635 2062 Ἆρ’
681 1993 798 2056 οὖν,
846 1993 1004 2064 ἔφην,
1041 1995 1160 2048 οὐδὲ
1192 1998 1272 2058 εἰς
1303 1997 1395 2048 τὸν
1435 1996 1568 2068 ᾷδην
1602 1996 1768 2068 αὐτὴν
1801 2015 1898 2052 κα-

335 2083 794 2152 ταπεφοιτηκέναι
831 2083 1093 2155 δώσομεν.

407 2195 470 2247 Δ.
491 2193 548 2245 '0
567 2194 643 2257 δὲ,
669 2193 839 2247 Τοῦτο
867 2195 963 2262 μὲν
983 2199 1082 2250 οὐκ
1105 2166 1168 2250 αν
1197 2199 1508 2270 ἀρνηθείην,
1527 2201 1730 2269 ἔλεγεν,
1758 2220 1896 2272 κρα-

335 2282 546 2342 τεῖσθαί
574 2301 637 2351 γε
675 2285 780 2353 μὴν
811 2285 872 2337 οὐ
903 2286 1117 2354 πέφυκε
1151 2289 1514 2342 παντάπασιν.

407 2400 468 2450 0.
506 2397 880 2466 namnam;
909 2397 1059 2465 γοῦν,
1087 2398 1246 2468 ἔφην,
1275 2399 1384 2454 τῶν
1407 2403 1688 2473 ἡμετέρων
1711 2403 1900 2474 ψυχῶν

337 2487 476 2540 κατὰ
510 2488 609 2556 τὴν
643 2485 804 2555 φύσιν
835 2489 868 2558 ἡ
898 2487 990 2540 τοῦ
1020 2490 1226 2560 Κυρίου
1255 2490 1437 2562 ψυχή;

403 2600 468 2652 Δ.
499 2600 611 2668 Οὐχ
653 2599 734 2651 ὄτι
765 2599 1150 2669 παραλλάττει,
1187 2603 1312 2673 ἔφη,
1343 2605 1458 2659 ἀλλ’
1490 2609 1570 2660 δτι
1599 2609 1676 2676 τῷ
1707 2609 1896 2678 Κυρίῳ

337 2691 777 2760 συγκεκραμένη,
809 2692 907 2760 τῆς
929 2691 1021 2746 τοῦ
1044 2691 1168 2764 ᾅδου
1195 2697 1434 2766 κατοχῆς
1469 2698 1772 2770 ὑψηλοτέρα
1801 2700 1896 2753 καὶ

337 2779 603 2851 κρείττων
639 2778 959 2850 ἐτύγχανεν.

331 2959 338 2965 _
405 2895 468 2948 0.
513 2892 746 2956 Οὐκοῦν,
780 2892 942 2962 ἔφην,
969 2893 1029 2946 οὐ
1063 2891 1150 2946 διὰ
1173 2893 1270 2964 τὴν
1303 2893 1503 2966 ἑαυτῆς
1545 2893 1706 2963 φύσιν
1738 2895 1896 2960 (ταύ-

331 3001 432 3052 την
456 2983 564 3053 γὰρ
591 2983 782 3052 ὁμοίαν
819 2979 965 3052 εἶχεν
1011 2987 1128 3046 ταῖς
1155 2985 1340 3048 ἄλλαις
1382 2987 1617 3048 ἀπάσαις
1647 2985 1891 3056 ψυχαῖς),

2009 504 2142 557 vidit
2171 505 2604 573 corruptionem.

2073 595 2144 650 0.~
2169 595 2449 665 Tanquam
2480 605 2606 664 apta
2633 600 2758 647 nata
2788 590 2855 644 ad
2875 589 3308 657 corruptionem,
3343 585 3566 650 inquam

2003 702 2124 754 ego,
2159 703 2269 741 non
2305 687 2442 740 vidit
2487 680 2932 752 corruptionem?
2965 679 3074 733 Aut
3117 676 3163 730 si
3211 689 3320 728 non
3351 681 3436 726 est
3469 673 3564 732 ita,

2006 779 2294 848 responde.

2073 869 2140 924 ll.
2174 857 2454 938 Tanquam
2492 883 2597 920 non
2639 875 2763 934 apta
2802 873 2996 919 natura
3036 877 3141 914 von
3185 858 3324 912 vidit
3372 872 3560 910 corru-

1951 995 1957 999 -
2003 961 2286 1031 ptionem,
2343 959 2526 1013 statim
2594 955 2773 1025 inquit
2817 955 2943 1018 ille,
2997 951 3134 1006 nihil
3179 964 3408 1020 prorsus
3459 946 3566 1000 du-

2005 1053 2204 1106 bitans.

2073 1143 2136 1198 0.
2175 1143 2363 1212 Igitur,
2389 1142 2608 1209 inquam
2640 1153 2762 1208 ego,
2794 1136 2900 1189 hoc
2932 1136 3106 1203 ipsum
3138 1133 3301 1187 etiam
3339 1144 3564 1184 necesse

2002 1244 2086 1289 est
2107 1243 2158 1288 te
2181 1233 2250 1286 de
2273 1231 2453 1286 anima
2473 1244 2700 1300 prorsus
2727 1225 2976 1282 confiteri
3003 1243 3016 1276 :
3041 1225 3110 1278 de
3143 1224 3387 1290 utrisque
3417 1220 3562 1274 enim

2004 1327 2296 1404 coniuncte
2323 1323 2598 1392 Propheta
2625 1335 2693 1374 ex
2721 1332 2956 1388 persona
2993 1314 3295 1370 Salvatoris
3323 1327 3566 1382 pronun-

2006 1418 2163 1472 tiavit
2210 1415 2413 1485 gratias
2445 1427 2648 1483 agens,
2681 1409 2826 1480 quod
2881 1408 3061 1462 anima
3093 1408 3214 1474 ejus
3260 1419 3368 1458 non
3421 1414 3566 1456 esset

2005 1509 2191 1562 relicta
2222 1507 2278 1560 in
2313 1504 2548 1567 inferno,
2580 1517 2759 1571 neque
2792 1515 2920 1554 caro
2947 1499 3065 1568 ejus
3112 1496 3334 1550 vidisset
3375 1508 3564 1547 corru-

2001 1599 2266 1669 ptionem.

2071 1711 2136 1765 H.
2165 1711 2352 1780 Atqui,
2381 1707 2580 1778 inquit,
2616 1707 2760 1760 idem
2791 1705 2858 1758 de
2892 1703 3074 1758 anima
3101 1699 3312 1754 Domini
3361 1696 3560 1755 dicam,

2001 1802 2147 1873 quod
2175 1817 2285 1856 non
2321 1799 2562 1854 habebat
2600 1805 2852 1852 naturam
2882 1836 2896 1860 ,
2950 1802 3010 1846 ut
3053 1791 3460 1859 relinqueretur
3505 1785 3560 1838 in

2001 1895 2241 1961 inferno.

2067 2007 2132 2064 0.
2163 2007 2333 2078 Igitur
2356 2047 2370 2070 ,
2407 2005 2628 2073 inquam
2665 2002 2779 2071 ipse
2803 2040 2819 2064 ,
2870 2013 2970 2052 nec
3015 1995 3079 2050 ad
3131 1993 3404 2048 infernum
3439 2005 3560 2044 eam

2000 2099 2350 2156 descendisse
2391 2095 2773 2152 concedemus.

2069 2213 2134 2266 Η.
2162 2209 2277 2263 Hoc
2305 2223 2454 2273 vero,
2491 2206 2669 2275 inquit
2699 2204 2808 2260 ille.
2857 2217 2965 2254 non
3001 2195 3336 2268 negaverim,
3369 2206 3559 2246 vermn

1999 2313 2060 2358 ut
2089 2311 2372 2358 teneretur
2395 2300 2492 2363 ibi,
2519 2314 2630 2352 non
2665 2297 2769 2350 fuit
2791 2305 2916 2364 apta
2948 2291 3188 2361 penitus.

2067 2415 2130 2470 0.
2160 2413 2354 2468 Diﬂ‘ert
2375 2412 2560 2481 igitur,
2588 2411 2696 2471 aio,
2718 2408 2786 2461 ab
2812 2405 3008 2460 animis
3030 2403 3233 2457 nostris
3258 2397 3560 2454 secundum

1997 2515 2248 2560 naturam
2274 2504 2453 2557 anima
2481 2499 2708 2556 Christi.

2070 2616 2133 2669 Η.
2183 2596 2301 2668 Non
2331 2613 2460 2682 quia
2498 2611 2679 2665 dilicrt
2703 2649 2716 2669 ,
2775 2606 2953 2675 inquit
2994 2605 3086 2658 ille
3109 2645 3123 2666 ,
3157 2603 3248 2656 sed
3283 2602 3409 2670 quia
3443 2609 3561 2652 erat

1999 2707 2148 2762 unita
2177 2705 2428 2768 Domino,
2457 2718 2566 2756 non
2598 2711 2813 2771 poterat
2843 2699 2898 2751 in
2939 2695 3132 2750 inieris
3157 2693 3417 2748 detineri.

2065 2905 2128 2960 0.
2165 2905 2284 2960 Non
2319 2903 2504 2974 igitur,
2541 2900 2652 2955 dixi
2679 2915 2800 2969 ego,
2847 2905 3075 2968 propter
3103 2904 3352 2948 naturam
3382 2908 3557 2949 suam.

1997 2997 2139 3051 hanc
2161 2997 2308 3050 enim
2337 2995 2569 3048 similem
2602 2991 2816 3046 caeteris
2852 2989 3112 3044 omnibus
3154 2986 3352 3040 animis
3389 2984 3561 3037 habe-

333 3074 466 3129 ἀλλὰ
496 3075 584 3130 διὰ
615 3075 712 3146 τὴν
748 3073 844 3128 τοῦ
883 3075 1056 3142 Λόγου
1095 3075 1344 3146 θεότητα,
1400 3077 1522 3145 μεθ’
1555 3072 1621 3146 ἧς
1669 3079 1762 3131 καὶ
1812 3081 1891 3140 εἰς

2015 3077 2128 3151 )at,
2178 3085 2274 3140 sed
2317 3092 2538 3152 prapter
2575 3081 2916 3134 divinitatem
2944 3078 3150 3140 Verbi,
3197 3091 3321 3131 cum
3357 3091 3460 3142 qua
3493 3072 3558 3126 ad

332 3168 461 3235 ᾅδου
525 3168 934 3238 καταϐέϐηκεν,
981 3168 1044 3219 οὐ
1091 3167 1184 3220 τοῦ
1236 3167 1552 3237 κρατεῖσθαι
1607 3169 1764 3237 μόνον
1809 3168 1894 3230 ἐξ·

331 3257 527 3328 ᾕρητο,
552 3257 686 3308 ἀλλὰ
713 3257 938 3309 καὶτῶν
969 3257 1148 3308 ἐκεῖσε
1186 3258 1635 3325 κεκρατημένων,
1669 3257 1762 3310 καὶ
1800 3277 1896 3312 1::-

337 3349 677 3400 στευσὰντων
713 3345 882 3413 αὐτῷ,
917 3345 984 3398 τὰ
1023 3345 1199 3415 δεσμὰ
1233 3346 1474 3399 λέλυκεν.

403 3437 469 3490 Δ.
505 3435 690 3498 Οὕτως
724 3431 875 3488 εἶπεν
906 3434 1071 3504 ἔχειν.

406 3549 470 3603 0.
501 3549 580 3602 Τὰ
628 3548 982 3618 παραπλήσια
1030 3549 1108 3612 δὲ,
1141 3548 1252 3616 ἐγὼ
1281 3546 1435 3602 εἷπον
1459 3592 1474 3615 ,
1503 3550 1600 3603 καὶ
1643 3551 1768 3621 περὶ
1797 3553 1894 3621 τῆς

337 3641 538 3710 σαρκὸς
564 3639 657 3692 τοῦ
700 3641 905 3710 Κυρίου
947 3643 1088 3693 νοεῖν
1121 3641 1359 3707 ἔξεστιν·
1389 3643 1474 3695 ὅτι
1507 3645 1633 3696 ὅσον
1669 3644 1769 3714 μὲν
1803 3645 1896 3696 ἐπὶ

333 3731 412 3802 τῷ
433 3734 664 3802 ὁμοφυεί
688 3731 788 3798 τῆς
824 3732 1026 3801 σαρκὸς
1067 3732 1258 3788 αὑτοῦ.
1291 3733 1430 3802 πρὸς
1453 3733 1520 3786 τὰ
1547 3734 1660 3786 τῶν
1692 3733 1895 3787 λοιπῶν

334 3823 636 3892 ἀνθρώπων
665 3822 910 3892 σώματα,
939 3817 1126 3894 ὥσπερ
1156 3821 1437 3892 τέθνηκεν,
1469 3822 1612 3878 οὕτω
1637 3825 1730 3879 καὶ
1751 3825 1892 3894 φθα-

333 3917 493 3988 ρῆναι
522 3915 768 3985 ἠδύνατο·
796 3917 857 3966 τὸ
884 3915 942 3967 δὲ
977 3916 1055 3985 μὴ
1085 3913 1358 3986 ἐφθάρθαι
1388 3915 1542 3978 αὐτὸ,
1571 3917 1634 3970 οὐ
1664 3920 1764 3986 τῆς
1790 3917 1894 3986 φύ-

336 4023 472 4066 σεως
519 4005 618 4074 τὴν
671 4003 1026 4074 παραλλαγὴν
1071 4004 1364 4070 δείκνυσιν,
1415 4005 1550 4058 ἀλλὰ
1597 4007 1696 4076 τῆς
1745 4007 1895 4072 θείας

335 4095 508 4164 ῥοπῆς
553 4094 651 4163 τὴν
685 4093 955 4163 πανσθενῆ
986 4111 1044 4146 τε
1099 4095 1195 4147 καὶ
1239 4095 1567 4166 δραστήριον
1623 4097 1890 4167 δύναμινο

331 4185 518 4256 ὥσπερ
544 4185 613 4238 αὖ
635 4185 730 4238 καὶ
759 4183 822 4236 τδ
847 4185 941 4238 ἐπὶ
977 4183 1246 4252 πελάγους
1273 4185 1544 4250 πεζεύειν,
1577 4188 1637 4241 οὐ
1661 4187 1893 4258 δήλωσις

331 4273 399 4344 ἢν
439 4277 542 4346 τῆς
575 4275 790 4344 φύσεως
819 4274 912 4328 τοῦ
957 4273 1230 4346 σώματος,
1284 4275 1419 4329 ἀλλὰ
1473 4279 1760 4349 γνώρισμα
1790 4280 1892 4350 τῆς

1996 3175 2200 3232 inferos
2231 3173 2536 3238 descendit,
2566 3188 2674 3224 non
2707 3171 2883 3224 solum
2931 3185 3000 3222 ne
3045 3167 3216 3221 teneri
3246 3177 3449 3235 posset,
3496 3163 3564 3218 Ιί-

1995 3269 2124 3320 hera
2156 3265 2280 3330 fuit,
2310 3262 2406 3316 sed
2430 3276 2620 3315 eorum
2653 3262 2747 3329 qui
2781 3261 2892 3313 illic
2932 3259 3258 3312 tenebantur
3290 3265 3345 3310 et
3377 3254 3560 3309 credi-

1995 3358 2196 3413 derunt
2229 3356 2302 3418 ei,
2333 3353 2546 3409 vincsla
2580 3353 2762 3406 solvit.

2067 3449 2131 3503 ll.
2170 3447 2280 3512 Sic,
2316 3445 2516 3516 inquit,
2551 3443 2741 3498 habet.

2065 3560 2128 3617 0.
2173 3561 2405 3622 Similia,
2438 3559 2658 3626 inquam
2679 3571 2800 3627 ego,
2833 3555 2900 3610 de
2921 3569 3086 3610 carne
3111 3553 3327 3608 Domini
3355 3553 3560 3607 intelli-

1993 3668 2122 3724 gere
2154 3653 2322 3718 licet;
2349 3650 2496 3720 quod
2525 3649 2756 3712 scilicet,
2789 3653 3056 3717 quantmn
3084 3645 3282 3698 attinet
3305 3644 3370 3698 ad
3408 3643 3562 3697 sitni-

1992 3744 2283 3799 litudinem
2338 3741 2520 3798 carnis
2568 3741 2690 3810 ejus
2722 3755 2848 3794 cum
2888 3739 3224 3807 reliquorum
3278 3735 3561 3789 hominum

1992 3835 2340 3905 corporibus,
2369 3833 2511 3890 sicut
2547 3841 2802 3886 mortuus
2834 3841 2939 3894 est,
2974 3829 3057 3882 sic
3089 3827 3254 3882 etiam
3281 3825 3561 3893 corrumpi

1992 3927 2190 3997 potuit.
2237 3923 2358 3978 Non
2401 3922 2570 3988 fuisse
2607 3930 2788 3976 tamen
2815 3927 3143 3988 corruptum
3189 3932 3298 3971 non
3335 3915 3568 3968 demon-

1991 4026 2130 4073 strat
2170 4017 2530 4072 mutationem
2582 4024 2829 4076 naturae,
2881 4011 2980 4068 sed
3032 4011 3466 4078 omnipotentem
3507 4015 3561 4061 et

1991 4108 2264 4164 elﬁcacem
2293 4107 2556 4162 virtutem
2579 4105 2751 4159 divini
2789 4112 2958 4158 nutus
2979 4110 3037 4156 et
3079 4098 3378 4154 voluntatis
3412 4115 3426 4150 :
3458 4096 3564 4150 sic-

1991 4199 2074 4252 uti
2134 4197 2350 4269 ingredi
2375 4196 2610 4265 pedibus
2641 4209 2809 4262 super
2836 4207 2986 4246 mare
3014 4206 3125 4244 non
3143 4185 3567 4242 fuitdeelaratio

1991 4299 2222 4354 natura,
2254 4288 2350 4344 sed
2379 4286 2644 4342 indicium
2694 4281 3022 4338 divinitatis.
3069 4281 3249 4346 Quare
3279 4287 3564 4332 mortuum

331 4365 616 4435 θεότητος·
648 4363 787 4418 ὥστε
815 4368 876 4418 τὸ
909 4367 1008 4434 μὲν
1046 4365 1389 4436 τεθνηκέναι,
1423 4369 1521 4438 τῆς
1551 4369 1765 4437 φύσεως
1791 4371 1886 4424 τοῦ

2015 4381 2218 4450 [uidem
2249 4393 2373 4434 esse
2413 4375 2694 4446 proprium
2733 4373 2838 4428 fuit
2863 4380 3076 4427 natura:
3111 4369 3394 4439 corporis;
3440 4381 3568 4422 θοι-οι

333 4454 623 4524 σώματος,
664 4457 825 4510 ἴδιον·
873 4456 934 4508 τὸ
977 4455 1034 4509 δὲ
1091 4456 1166 4526 μὴ
1224 4456 1496 4529 ἐφθάρθαι
1559 4461 1727 4528 αὐτὸ,
1793 4464 1893 4531 τῆς

335 4544 586 4616 θεότητος
641 4545 737 4617 τὴν
785 4547 1021 4616 δύναμιν
1047 4546 1356 4616 σημαίνειν.

367 4667 375 4677 ’
399 4661 464 4710 Δ.
496 4657 684 4720 Οὕτως
726 4657 871 4727 ἔχειν
898 4658 994 4711 καὶ
1021 4655 1183 4720 αὐτὸς
1207 4654 1384 4728 οἶμαι.

401 4746 464 4800 0.
495 4745 608 4798 Καὶ
653 4745 707 4798 τί
749 4746 813 4814 δή
843 4763 974 4798 ποτε
997 4786 1012 4810 ,
1048 4747 1184 4816 πρὸς
1229 4747 1391 4800 αὑτὸν
1431 4741 1584 4800 εἵπον
1607 4787 1622 4811 ,
1675 4750 1894 4818 Ὀρθῶς

333 4835 708 4904 προσφέρων,
746 4835 832 4904 μὴ
863 4834 1051 4903 ὀρθῶς
1077 4836 1177 4890 καὶ
1203 4833 1486 4904 διαιρεῒς;
1519 4839 1663 4892 κατὰ
1701 4840 1763 4892 τὸ
1803 4841 1894 4894 λύ-

331 4943 468 4992 γιον,
502 4925 786 4990 ἀποδιδοὺς
833 4929 898 4996 τῇ
939 4927 1101 4996 σαρκὶ
1149 4928 1250 4998 μὶν
1301 4929 1370 4981 τὰ
1395 4930 1494 4998 τῆς
1543 4929 1778 4998 φύσεως,
1825 4932 1896 4986 τὰ

328 5015 384 5068 δὲ
415 5015 556 5085 ὑπὲρ
583 5015 752 5088 αὐτὴν
780 5019 845 5086 τῇ
877 5018 1174 5088 ἀπορρήτῳ
1208 5020 1303 5072 τοῦ
1335 5020 1508 5088 Λόγου
1538 5021 1632 5074 καὶ
1655 5023 1889 5094 ὑπερθυ-

332 5108 432 5178 σίῳ
459 5107 709 5178 δυνάμει.
745 5109 932 5182 Ταύτῃ
966 5109 1076 5179 γὰρ
1111 5111 1210 5182 ἔσῃ
1236 5115 1330 5165 καὶ
1369 5113 1470 5184 τὴν
1493 5115 1604 5168 τῶν
1629 5116 1888 5187 ἀνωτέρω

329 5197 510 5267 ῥητῶν
541 5199 838 5268 διαφωνίαν
879 5199 1310 5268 ὲπιλυσάμενος,
1354 5204 1448 5257 καὶ
1483 5205 1586 5273 τῆς
1630 5207 1889 5275 ἀληθείας

326 5289 708 5360 καταστοχάσῃ
729 5305 744 5320 ·
779 5287 1134 5357 συνειλῆφθαι
1182 5289 1280 5358 μὲν
1315 5293 1478 5347 αὐτὸν
1517 5295 1575 5347 ἐν
1614 5299 1732 5358 ταῖς
1767 5295 1888 5350 δια-

329 5373 560 5444 φθοραῖς
593 5377 749 5446 ἠμῶν
787 5379 848 5431 τὸ
888 5380 1189 5448 πεφυκέναι
1219 5379 1412 5448 λέγων,
1461 5385 1554 5438 καὶ
1586 5386 1886 5455 κατεληλυ-

333 5462 482 5520 θέναι
510 5468 590 5530 εις
614 5467 930 5539 διαφθορὰν,
959 5471 1016 5522 ἐν
1040 5474 1154 5535 τοῖς
1201 5474 1548 5544 φθοροποιοῖς
1597 5478 1887 5548 γενόμενον

397 5637 442 5673 ³⁷
472 5637 607 5693 Gen.
653 5654 724 5704 tv,
755 5641 785 5695 7
810 5655 920 5696 sec.
955 5642 1113 5700 LXX.

1994 4481 2217 4539 ruptum
2263 4481 2394 4522 vero
2442 4480 2554 4520 non
2619 4463 2826 4530 fuisse,
2894 4461 3197 4534 potentiam
3257 4457 3572 4514 divinitatis.

1992 4556 2358 4630 signiﬁcabat.

2068 4673 2132 4726 Η.
2173 4671 2286 4734 Sic,
2321 4670 2519 4739 inquit,
2559 4677 2616 4723 et
2662 4667 2779 4736 ipse
2817 4665 3034 4734 opinor.

2060 4764 2124 4818 Ο.
2155 4760 2297 4828 Quid
2324 4776 2478 4831 ergo,
2511 4761 2733 4828 inquam
2762 4773 2863 4826 ego
2905 4754 3004 4820 illi,
3051 4753 3183 4809 Cum
3224 4762 3360 4806 recte
3383 4755 3586 4822 alien.

1993 4868 2096 4905 non
2131 4857 2268 4903 recte
2307 4847 2492 4902 dividis
2517 4848 2542 4900 ?
2575 4857 2635 4901 ut
2676 4846 2754 4900 ait
2779 4845 3061 4914 Scriptura
3086 4843 3131 4874 "
3161 4859 3174 4894 :
3211 4841 3408 4896 tribuis
3436 4840 3564 4909 quis

1992 4941 2119 4997 dem
2148 4938 2299 4994 carni
2329 4949 2452 5004 qna:
2494 4945 2708 4991 natura:
2750 4944 2918 4999 sunt;
2945 4947 3069 5001 quae
3095 4945 3229 4985 vero
3262 4944 3428 4999 supra
3455 4943 3556 4982 na-

1998 5041 2175 5086 turam
2201 5038 2350 5090 sunt,
2381 5027 2638 5098 potentia:
2661 5025 2824 5081 Verbi
2854 5039 2977 5094 qua:
3001 5038 3164 5092 supra
3193 5021 3555 5077 substantiam

1995 5131 2080 5178 est
2101 5123 2125 5176 ?
2146 5121 2261 5176 Hoc
2283 5121 2433 5176 enim
2469 5117 2632 5173 modo
2664 5117 3014 5186 superiorum
3037 5115 3422 5169 auctoritatutn
3447 5113 3558 5167 dis-

1993 5209 2330 5280 erepantiam
2371 5209 2552 5262 solves
2573 5247 2587 5271 ,
2630 5213 2686 5260 et
2719 5206 3006 5262 veritatem
3031 5205 3344 5274 assequeris
3370 5221 3382 5256 :
3407 5217 3559 5256 com-

1995 5301 2328 5371 prehensum
2367 5298 2590 5367 quidem
2623 5313 2745 5351 esse
2780 5297 2835 5350 in
2865 5294 3318 5366 corruptionibus
3351 5292 3556 5346 nostris

1991 5391 2331 5462 significabat
2373 5388 2520 5457 quod
2546 5397 2756 5443 natura:
2780 5389 2995 5442 inerat:
3031 5384 3380 5443 descendisse
3423 5396 3554 5433 vero

1993 5484 2048 5538 in
2079 5479 2488 5550 corruptionem
2514 5518 2530 5545 ,
2591 5477 2929 5549 signiﬁcabat
2977 5477 3196 5532 venisse
3233 5472 3302 5528 ad
3331 5471 3451 5526 loca
3494 5479 3551 5524 et
