3954 6148
363 339 531 401 I3i5-

1415 329 1716 391 CONTRA
1747 325 2068 387 NESTOR.
2108 329 2203 388 ΕΤ
2241 330 2560 391 EUTYCH.

3483 333 3618 398 I346

298 484 303 490 -
357 445 632 512 λοιιῖηεως
663 445 850 518 σαφῶς
899 446 966 499 ἐκ
1003 441 1111 498 τῶν
1157 441 1319 496 Θείων
1362 437 1596 511 Γραφῶν
1628 435 1937 506 δεδομένης,

2059 437 2277 503 -atione,
2301 439 2613 494 accretione
2637 447 2692 494 et
2711 439 3116 503 immutatione,
3147 454 3458 508 quaeramus
3487 444 3615 496 reli-
3683 515 3688 519 ι

357 539 635 612 ζητοῦμεν
669 539 763 594 καὶ
791 539 888 600 τὰς
911 536 1108 600 λοιπὰς
1139 533 1424 602 συζυγίας,
1453 533 1506 586 ετ
1527 549 1590 602 γε
1621 532 1714 583 καὶ
1735 530 1940 590 ταύτας

361 629 508 684 ἔστιν
537 631 595 682 ὲν
625 632 738 692 τοῖς
773 628 938 691 θείοις
964 626 1167 696 λογίοις
1203 627 1406 696 εὑρεῖν.
1449 680 1454 684 _

427 722 493 774 Α.
527 719 634 774 Τοῦ
682 719 956 783 ἐντεῦθεν,
993 719 1124 788 ἔφη,
1159 702 1721 784 κατασκευαζομένου
1765 710 1944 780 συνίη-

364 827 448 880 μιο
481 811 582 890 τῂν
620 811 727 880 γὰρ
762 793 1137 880 μεταϐατικὴν
1171 805 1618 880 ὁμολογουμένην
1648 802 1812 873 ἔχων,
1844 800 1942 872 τὴν

361 901 471 956 ἀπὸ
495 902 677 954 τύπων
705 904 786 964 εἰς
815 901 1015 964 τόπους
1053 899 1148 952 τοῦ
1193 898 1401 969 Κυρίου
1436 897 1674 966 κίνησιν,
1708 894 1777 948 τὰ
1813 894 1941 963 περὶ

356 991 647 1064 μειώσεως
676 993 774 1046 καὶ
809 993 1016 1064 φθορᾶς
1048 979 1428 1046 ἀποδεικνύειν
1452 990 1778 1059 ἐπιχειρεῖς,
1806 987 1942 1055 ὅπερ

348 1083 464 1138 οὐκ
485 1081 576 1148 ἂν,
599 1081 675 1144 ῶς
708 1083 773 1150 γέ
808 1099 900 1152 μοι
927 1066 1098 1146 δοκεῖ,
1123 1098 1303 1150 συμπε
1315 1081 1516 1149 ρανεῖς.

419 1174 499 1228 εΟ..
539 1163 756 1242 ’Ὀρθῶς
797 1174 906 1244 μὲν
939 1173 1138 1240 λέγεις,
1169 1167 1238 1242 ἦν
1267 1173 1310 1224 δ’
1343 1171 1476 1239 ἐγὼ,
1505 1168 1642 1240 πρὸς
1671 1167 1770 1239 τὴν
1802 1167 1943 1237 ἡμε-

354 1263 530 1334 τέραν
555 1261 848 1316 ἃσθένειαν
898 1256 1140 1333 ἀφορῶν,
1179 1256 1214 1330 ﬂ
1252 1259 1309 1313 δέ
1353 1275 1416 1328 γε
1452 1258 1682 1330 ἀλήθεια
1719 1273 1942 1326 συμμα-

367 1355 607 1424 χουμένη
639 1345 918 1424 συμμαχεῖ
935 1343 1050 1417 τοῖς
1103 1351 1521 1422 ὑπερμαχοῦσιν
1563 1349 1753 1420 αὐτῆς.
1787 1350 1944 1401 Δοκεί

368 1461 450 1497 σοι
479 1439 573 1498 οὖν
615 1443 677 1496 τὸ
715 1445 909 1512 πεινῇν
947 1459 1008 1495 τε
1060 1441 1158 1494 καὶ
1201 1439 1398 1510 διψῇν,
1433 1435 1690 1508 βρώσεως
1733 1451 1794 1487 τε
1845 1433 1942 1488 καὶ

361 1537 579 1600 πόσεως
618 1534 804 1604 ἔφεσις
835 1529 1013 1599 εἷναις

437 1623 512 1702 Δ.
531 1627 709 1690 Δοκεῖ,
747 1625 876 1696 ἔφη..

437 1721 500 1774 0.
529 1717 854 1788 Συμὸαίνειν
880 1717 938 1770 δὲ
964 1716 1064 1781 τὰς
1085 1716 1408 1786 ὲφέσεις,οὺ
1439 1711 1680 1784 περἰτὰς
1711 1711 1938 1776 ἐνδείας,

366 1813 524 1879 ἔφην,
556 1809 871 1878 ὑπείληφας
893 1826 908 1874 ;
1280 1824 1288 1833 ‘
1567 1829 1575 1833 -

434 1903 500 1955 Α.
536 1899 680 1952 Ναί·
713 1899 766 1953 τί
805 1900 914 1972 γάρ
945 1903 1092 1954 ἐστιν
1132 1899 1318 1970 ἕτερον
1363 1895 1563 1969 ὄρεξις,
1606 1896 1640 1964 ἢ
1675 1895 1938 1964 ἐπιθυμία

367 1995 460 2049 τοῦ
511 1991 879 2060 ἐλλείποντος,
928 1993 1066 2064 πρὸς
1117 1991 1505 2062 ἀναπλήρωσιν
1545 1987 1640 2041 τού
1670 1985 1940 2058 ύπεκρεύ-

367 2103 591 2152 σαντος;
1191 2121 1196 2126 -
1250 2123 1254 2128 -

435 2179 498 2232 Ο.
533 2175 811 2230 Κάλλιστά
847 2191 911 2243 γε
959 2173 1051 2228 τὸν
1097 2172 1196 2242 τῆς
1228 2169 1462 2242 ὀρέξεως
1505 2169 1631 2239 ὅρον
1667 2167 1938 2222 ἀποδέδω-

365 2285 488 2331 κας·
514 2270 608 2322 καὶ
636 2268 748 2336 γὰρ
771 2266 867 2319 καὶ
894 2267 923 2318 ὁ
952 2263 1125 2335 μέγας
1156 2261 1456 2324 Βασίλειος,
1492 2259 1746 2330 πεινῆσαι
1787 2259 1940 2325 λέγει

357 2361 455 2412 τὸν
481 2360 704 2430 Κύριον,
737 2357 842 2427 τῆς
875 2358 1101 2426 στερεᾶς
1127 2354 1278 2426 αὐτῷ
1312 2353 1524 2424 τροφῆς
1553 2349 1940 2412 διαπνευσθείπ-

361 2467 467 2520 mp;
497 2450 557 2522 ὲν
593 2448 671 2518 τῷ
701 2448 949 2517 σώματιθ
981 2446 1078 2500 καὶ
1105 2445 1174 2499 τὰ
1219 2445 1313 2498 ἐπὶ
1341 2445 1553 2522 τούτοις
1599 2441 1788 2510 σαφῶς
1818 2438 1940 2492 ἐπί-

367 2521 582 2595 στασαι.
609 2540 820 2592 ’Υπνου
850 2537 906 2591 δὲ
937 2537 1202 2608 συστολὴν
1222 2537 1320 2607 οὐχ
1342 2536 1530 2608 ἕτερον
1557 2534 1822 2603 ὑπάρχειν
1841 2547 1943 2600 φα-

371 2633 490 2702 μὲν,
541 2631 574 2702 ἢ
625 2630 718 2682 τοῦ
757 2627 1080 2698 αἰσθητικοῦ
1115 2625 1426 2696 πνεύματος
1465 2624 1714 2678 ἀτονίαν·
1745 2625 1802 2675 ἐν
1833 2621 1943 2692 γὰρ

366 2723 576 2785 τούτοις
605 2721 745 2775 ὲνδεῐ
773 2721 868 2772 καὶ
902 2717 1148 2788 μειοῦται
1169 2716 1238 2770 τὰ
1265 2717 1366 2787 τῆς
1394 2715 1630 2784 φύσεως,
1657 2714 1750 2766 καὶ
1771 2713 1941 2766 δεῖται

363 2813 540 2869 ὕπνου
571 2813 672 2882 μὲν
710 2813 789 2874 είς
819 2809 880 2862 τὸ
915 2807 1326 2878 ἀνακτήσασθαι
1353 2808 1454 2875 τὴν
1486 2797 1725 2877 ζωτικὴν
1757 2823 1816 2858 τε
1849 2805 1944 2859 καὶ

361 2903 696 2973 ,αἰσθητικὴν
729 2901 961 2970 δύναμιν
980 2913 996 2928 °
1039 2899 1277 2961 ἀνέσεως
1304 2897 1382 2964 δὲ,
1408 2896 1496 2949 ἵνα
1523 2894 1870 2967 χαλασοῶσιν
1891 2895 1941 2948 οί

364 3000 508 3051 τόνοι
538 2995 646 3048 τῶν
670 2997 778 3047 εἴτε
805 2991 1002 3055 ποδῶν,
1033 2991 1144 3044 εἴτε
1176 2991 1393 3060 χειρῶν,
1417 2987 1528 3041 εἴτε
1563 2989 1656 3041 καὶ
1693 2988 1814 3040 ὅλου
1847 2985 1941 3040 τοῦ

2043 545 2182 599 quas
2211 531 2644 602 conjugationes,
2671 540 2854 586 utrum
2885 543 2979 585 eas
3002 528 3148 584 forte
3168 529 3447 584 indivinis
3467 533 3619 588 Scito

2043 623 2226 691 pluris
2250 623 2496 692 reperire
2525 622 2825 692 possimus.

2113 712 2179 766 Η.
2215 699 2585 784 δοιιιὶο””ίιιιί‹1
2631 713 2762 767 hinc
2809 711 3026 766 ellicere
3073 711 3230 766 velis.
3283 711 3421 767 Cum
3467 713 3615 768 enim

2043 804 2251 859 habeas
2271 819 2596 860 concessum
2633 813 2844 858 motum
2872 801 3089 858 Domini
3131 802 3336 882 ajlocis
3379 804 3433 857 in
3472 805 3615 871 Iaca,

2034 897 2259 950 conaris
2295 897 2681 952 demonstrare
2702 895 2769 950 de
2797 895 3191 950 extenuatione
3225 902 3281 948 et
3306 896 3620 965 corruptio-

2042 1005 2112 1044 ne
2141 1008 2155 1044 :
2189 989 2344 1060 quod
2373 1005 2679 1060 nunquam,
2717 997 2776 1043 ut
2805 989 2941 1043 mihi
2966 989 3188 1058 quidem
3215 989 3457 1057 videtur,
3481 1006 3618 1045 con--

2043 1081 2252 1136 eludes.

2113 1170 2176 1226 0.
2213 1171 2380 1226 Recte
2404 1170 2648 1240 quidem,
2680 1169 2902 1240 inquam
2931 1186 3066 1241 ego,
3117 1171 3254 1226 dicis
3285 1173 3508 1227 intuens
3563 1176 3618 1228 in

2045 1277 2222 1316 meam
2250 1261 2650 1317 inﬁrmitatem.
2693 1264 2762 1316 At
2805 1263 3010 1318 veritas
3039 1263 3224 1333 adjuta
3267 1265 3490 1334 adjuvat
3522 1279 3620 1320 eos

2026 1354 2140 1424 'qui
2191 1340 2312 1408 eam
2366 1353 2692 1408 defendunt.
2729 1355 2901 1425 Igitur
2937 1355 3231 1408 videturne
3259 1355 3360 1408 tibi
3405 1357 3618 1410 esurire

2044 1453 2100 1499 et
2121 1445 2298 1510 sitire,
2327 1460 2450 1500 esse
2474 1445 2584 1500 cibi
2613 1454 2670 1500 et
2699 1445 2944 1515 potionis
2966 1445 3288 1518 appetitus?

2117 1621 2180 1675 li.
2212 1620 2469 1686 Videtur,
2523 1621 2724 1692 inquit.

2113 1711 2178 1766 0.
2215 1711 2402 1768 Solere
2433 1723 2616 1768 autem
2636 1729 2758 1769 esse
2779 1715 3058 1784 appetitus
3077 1731 3207 1770 earu
3218 1733 3267 1770 m
3293 1731 3478 1772 rerum
3496 1734 3620 1788 qum

1971 1770 2014 1826 Β
2043 1800 2262 1866 desunt,
2291 1817 2472 1856 annon
2503 1814 2686 1873 putas,
2729 1770 2954 1873 inqu-am
2973 1806 2998 1858 ?

2023 1917 2030 1922 -
2111 1893 2178 1947 il.
2205 1893 2459 1950 Maxime.
2482 1895 2626 1962 Quid
2653 1896 2802 1950 enim
2829 1897 2980 1950 aliud
3009 1901 3094 1952 est
3130 1899 3430 1968 appetitus,
3451 1915 3616 1968 quam

2041 1982 2319 2052 cupiditas
2345 1985 2464 2054 ejus
2491 1985 2638 2054 quod
2680 1985 2874 2051 deest,
2927 1986 2994 2040 ad
3049 1987 3416 2056 supplendum
3467 1989 3617 2058 quod

2040 2074 2370 2130 eﬂluxerat?

2113 2164 2175 2220 Ο.
2211 2165 2470 2231 Pulchre,
2517 2168 2762 2238 inquam,
2789 2169 3094 2238 appetitum
3135 2169 3396 2224 definisti.
3432 2169 3619 2240 Siqui-

2042 2257 2166 2313 dem
2193 2274 2422 2329 magnus
2439 2259 2676 2315 Basilius
2703 2260 2940 2318 esurisse
2961 2260 3094 2316 dicit
3111 2248 3421 2320 Dominum.
3443 2263 3620 2315 solido

2042 2349 2168 2404 cibo
2211 2349 2315 2420 ipsi
2365 2350 2620 2404 exhalato
2650 2352 2705 2405 in
2739 2366 3005 2422 corpore;
3058 2363 3114 2406 et
3143 2367 3264 2421 quae
3311 2363 3621 2421 sequuntur

2042 2441 2335 2510 perspicue
2366 2442 2534 2497 nosti.
2569 2441 2776 2498 Somno
2819 2452 3006 2498 autem
3051 2443 3255 2512 corripi
3297 2442 3432 2496 nihil
3471 2444 3621 2498 aliud

2043 2549 2165 2589 esse
2213 2534 2472 2598 dicimus,
2504 2551 2668 2606 quam
2705 2536 3026 2607 languidum
3057 2546 3113 2591 et
3157 2536 3446 2590 remissum
3499 2551 3622 2591 esse

2023 2615 2301 2691 'spiritum
2353 2623 2706 2686 sentientem,
2735 2623 2879 2678 sicut
2925 2633 2982 2678 et
3011 2623 3460 2694 defatigationem
3499 2639 3623 2679 esse

2025 2712 2424 2790 musculorum
2455 2721 2511 2768 et
2538 2728 2837 2768 nervorum
2865 2714 3092 2778 nimiam
3125 2714 3502 2768 extensionem
3525 2731 3540 2768 :
3567 2714 3624 2769 in

2045 2805 2134 2860 his
2167 2807 2314 2860 enim
2351 2822 2414 2860 ea
2453 2823 2576 2876 quae
2600 2815 2812 2862 natura:
2841 2817 3008 2872 sunt,
3041 2806 3308 2862 deﬁciunt
3339 2817 3395 2862 et
3439 2807 3624 2862 immio

2047 2905 2333 2963 nuuntur;
2365 2905 2422 2952 et
2441 2897 2902 2968 indigentsomno
2930 2899 3151 2968 quidem
3169 2899 3238 2954 ad
3267 2900 3623 2956 recreandam

2045 2989 2270 3043 vitalem
2305 2998 2362 3044 et
2391 2991 2723 3046 sentientem
2764 2993 3072 3059 virtutem;
3123 2993 3447 3048 remissione
3468 3009 3624 3068 vero,

367 3085 619 3154 σώματος
653 3083 712 3150 ἐξ
750 3081 1059 3150 ὁδοιπορίας
1107 3080 1273 3143 τινὸς,
1322 3079 1356 3149 ἢ
1395 3079 1495 3144 τῆς
1527 3079 1658 3148 περὶ
1682 3078 1751 3130 τὰ
1779 3077 1937 3129 λοιπὰ

2059 3091 2108 3134 ut
2151 3080 2504 3135 remittantur
2537 3083 2924 3139 contentiones
2951 3085 3067 3140 sive
3097 3085 3324 3154 pedum,
3364 3086 3479 3140 sive
3508 3102 3626 3140 ma-

367 3174 474 3229 τῶν
505 3175 683 3245 ἔργων
733 3171 1015 3232 συντονίας
1047 3167 1438 3238 ἀπειρηκότος.
1471 3166 1694 3236 Τροφὴν
1742 3165 1798 3218 δὲ
1845 3166 1942 3219 καὶ

369 3267 531 3322 ποτὸν
590 3267 624 3334 ἡ
675 3263 835 3331 φύσις
885 3261 1154 3330 ἐπιζητεῖ,
1189 3259 1300 3311 τῶν
1353 3256 1590 3328 στερεῶν
1641 3257 1799 3327 ἡμῶν
1847 3259 1944 3312 καὶ

368 3354 575 3424 ὑγρῶν,
607 3351 668 3415 ἐξ
715 3345 790 3404 ὧν
834 3349 1270 3418 συνεστήκαμεν,
1319 3345 1811 3417 διαπεφορημένων
1851 3349 1945 3400 καὶ

365 3444 466 3513 τῆς
519 3441 931 3510 ἁντεισαγωγῆς
983 3437 1420 3509 προσδεομὲνων,
1466 3437 1562 3492 τοῦ
1615 3435 1946 3501 κενωοέντος

367 3534 470 3606 ήδη
499 3535 593 3587 καὶ
622 3533 934 3604 ρεύσαντος.
997 3549 1002 3554 ”
1650 3552 1656 3558 ’
1909 3585 1915 3591 ,

437 3630 504 3681 Α.
561 3626 750 3698 Ταύτῃ
791 3625 893 3695 μὲν
937 3620 1168 3677 ἐπὶτῶν
1197 3609 1487 3693 ἡμετέρων
1509 3661 1524 3687 ,
1575 3622 1784 3684 ἐκεῖνος
1813 3621 1942 3691 ἔφη,

367 3716 664 3788 σωμάτων,
689 3709 736 3768 ὦ
763 3715 1006 3786 βέλτιστε
1022 3727 1036 3742 °
1067 3713 1129 3766 οὐ
1154 3713 1268 3784 μὴν
1289 3711 1347 3765 δὲ
1372 3714 1464 3766 ἐπὶ
1489 3712 1590 3784 τῆς
1615 3711 1710 3766 τοῦ
1737 3714 1942 3785 Κυρίου

370 3809 573 3880 σαρκὸς
605 3806 748 3860 οὕτω
775 3805 972 3860 ταῦτα.
1428 3849 1436 3858 .
1725 3811 1730 3815 ’

438 3903 496 3953 0.
554 3897 698 3951 Ἀλλ’
738 3899 788 3952 εί
831 3899 908 3968 μὴ
948 3895 1094 3950 οὕτω
1138 3894 1354 3961 ταῦτα,

370 3993 464 4045 καὶ
495 3991 587 4044 ἐπί
613 3989 715 4059 τῆς
742 3987 837 4042 τοῦ
869 3987 1078 4060 Κυρίου
1111 3988 1318 4060 σαρκὸς
1337 4025 1353 4052 ,
1405 3987 1502 4040 καὶ
1532 3985 1676 4041 κατὰ
1703 3985 1798 4039 τδν
1827 3985 1942 4040 ῐτον

368 4081 652 4136 συνέϐαινε
683 4080 906 4151 τρόπον,
933 4079 1136 4149 εἴποιμ’
1165 4079 1232 4134 ἂν
1263 4079 1612 4151 θαρρούντως
1640 4079 1715 4142 ὡς
1743 4079 1854 4134 οὐδ’
1881 4079 1940 4134 ὄ-

361 4173 474 4239 λως
502 4173 849 4243 γεγέννηται.
887 4173 1045 4227 Ἐπεὶ
1080 4172 1172 4225 τὸν
1202 4171 1288 4225 ἓτε
1293 4189 1390 4242 ρον
1418 4174 1555 4242 ἡμῖν
1583 4172 1943 4244 παράστησον

364 4259 586 4330 τρόπον.
615 4258 691 4313 Ού
716 4259 826 4330 γὰρ
851 4259 916 4331 δὴ
941 4256 1042 4330 τὴν
1069 4259 1371 4329 φαντασίαν
1398 4260 1575 4324 εἴποις
1603 4261 1670 4315 ἂν
1695 4261 1938 4318 πώποτε.

434 4351 503 4404 Δ.
555 4349 709 4422 Μηδὲ
743 4351 854 4420 γάρ
896 4367 1029 4404 ποτε
1073 4351 1218 4405 οὕτω
1253 4351 1514 4423 μανείην,
1563 4353 1771 4418 ἐκεῖνος
1800 4353 1937 4424 ἔφη·

365 4441 462 4494 καὶ
491 4441 603 4510 γὰρ
634 4419 858 4510 ἀληθῶς
892 4439 1066 4510 ταῦτα
1095 4419 1450 4496 συνέϐαινενί
1498 4442 1637 4496 ἀλλὰ
1671 4419 1936 4514 βουλομέ-
1971 4419 2015 4475 D

365 4547 456 4586 νου
485 4532 582 4584 τοῦ
613 4531 813 4600 Λόγου,
832 4533 927 4606 καὶ
958 4531 1206 4601 ἐφιέντος
1231 4535 1297 4604 τῇ
1327 4535 1512 4605 σαρκί.

361 4675 364 4680 .
431 4625 496 4675 0.
534 4619 608 4678 Εὖ
641 4623 775 4692 ἔφης
797 4665 810 4687 ,
863 4623 1002 4694 πρὸς
1033 4623 1199 4678 αὐτὸν
1229 4618 1418 4690 εἶπον,
1470 4626 1608 4696 μηδὲ
1639 4626 1749 4696 γὰρ
1782 4625 1938 4698 τύχοι

361 4717 462 4787 τῆς
495 4717 807 4787 κρείττονος
839 4715 1214 4782 ἀλλοιώσεως,
1265 4718 1294 4770 ὁ
1337 4718 1413 4788 μὴ
1446 4721 1509 4787 τῇ
1540 4720 1938 4790 παραχωρήσει

361 4806 457 4861 τοῦ
500 4809 675 4876 Λόγου
721 4809 792 4862 τὰ
824 4808 1032 4877 φυσικὰ
1063 4811 1130 4880 τῇ
1161 4809 1328 4880 σαρκὶ
1361 4809 1638 4881 συμὸἧναι
1669 4812 1814 4883 πάθη
1851 4811 1939 4863 λέ-

361 4912 474 4965 γων
500 4915 560 4950 τε
592 4899 686 4952 καὶ
717 4898 952 4970 φρονῶν.
1207 4973 1221 4979 ι
1491 4899 1494 4903 '

433 4993 498 5046 Δ.
537 4991 697 5047 Οὕτω
724 4993 790 5065 δὴ
823 4996 916 5048 καὶ
943 4997 1129 5066 ἡμεῖς,
1162 4996 1374 5060 ἐκεῖνος
1404 4995 1533 5066 ἔφη,
1569 4997 1934 5068 πιστεύομεν*

360 5083 494 5146 Θεὸς
522 5087 628 5155 γὰρ
661 5087 903 5162 ἄληπτος
931 5088 1080 5140 ἐστιν
1112 5087 1442 5158 ἀνθρώποις,
1461 5088 1529 5159 ἦν
1555 5105 1612 5142 τε
1640 5087 1864 5160 θελήσῃ.

433 5257 495 5310 0.
552 5257 856 5329 Δεδομένης
896 5260 1080 5314 τοίνυν
1101 5301 1116 5323 ,
1151 5259 1326 5329 εἶπον,
1359 5259 1404 5318 ῶ
1433 5265 1740 5335 θαυμάσιε,
1784 5265 1938 5334 γενέ-

363 5363 532 5412 σεως,
585 5348 956 5415 ἀλλοιώσεως.
1005 5351 1322 5424 αὐξήσεως,
1375 5357 1749 5428 μεταϐατικῆς
1779 5360 1929 5428 κινή-

361 5455 503 5502 σεως
531 5439 608 5510 τῷ
638 5441 852 5512 σώματι
881 5443 977 5498 τοῦ
1003 5444 1232 5516 Κυρίου,
1260 5446 1314 5500 τί
1339 5448 1400 5502 τὸ
1424 5447 1655 5513 κωλῦον,
1674 5449 1795 5503 εἰπέ
1823 5467 1934 5520 μοι,

363 5531 440 5600 μὴ
484 5533 608 5602 οὐχὶ
657 5533 752 5588 καὶ
815 5535 915 5606 τὴν
971 5537 1170 5608 λοιπὴν
1201 5537 1350 5610 αύτῷ
1407 5539 1674 5609 συζυγίαν
1703 5539 1934 5606 διδόναι;

429 5620 494 5675 Α.
551 5622 764 5679 Οὐκοῦν
818 5625 960 5682 κατὰ
1008 5627 1138 5692 τοὺς
1187 5629 1336 5696 σοὺς,
1399 5630 1524 5702 ἔφη,
1555 5630 1784 5700 λόγους,
1840 5633 1935 5686 καὶ

355 5710 657 5786 ῑρθαρται;

1407 3849 1546 3966 πρὸς
1578 3893 1742 3948 αὑτὸν
1779 3857 1940 3964 ἔφην,
2031 3869 2036 3876 ’

2050 3187 2220 3226 nuum
2241 3212 2256 3236 ,
2304 3174 2421 3228 sive
2461 3173 2631 3228 totius
2676 3177 2927 3246 corporis
2952 3193 3018 3230 ex
3050 3177 3272 3240 itinere,
3303 3185 3400 3230 aut
3426 3193 3492 3231 ex
3519 3179 3625 3233 alia

2050 3264 2106 3316 in
2131 3263 2258 3342 aliis
2289 3264 2554 3332 operibus
2597 3265 2954 3320 contentione
2987 3265 3210 3321 defessi.
3261 3266 3460 3322 Cibum
3494 3285 3626 3324 vero

2047 3363 2106 3408 et
2155 3354 2436 3425 potionem
2483 3367 2677 3412 natura
2717 3357 2952 3425 requirit
3001 3357 3192 3412 solidis
3241 3369 3299 3414 et
3358 3359 3623 3428 humidis,

2033 3463 2117 3524 ex
2143 3445 2348 3516 quibus
2387 3446 2676 3501 constituti
2711 3463 2924 3512 sumus,
2963 3449 3195 3518 digestis
3219 3493 3234 3517 ,
3277 3459 3334 3506 et
3371 3451 3626 3523 indigen-

2029 3537 2200 3613 tibus
2233 3537 2535 3608 repletione
2565 3539 2687 3609 ejus
2705 3540 2854 3608 quod
2881 3539 3224 3595 exinanitum
3251 3552 3334 3598 est
3363 3551 3418 3598 et
3443 3542 3621 3598 ﬂuxit.

2121 3627 2188 3682 Η.
2227 3626 2318 3682 Sic
2345 3626 2595 3696 quidem,
2623 3629 2936 3698 inquitille,
2965 3629 3022 3684 in
3052 3631 3257 3685 nostris
3293 3633 3626 3702 corporibus

2052 3717 2130 3786 tit,
2167 3719 2312 3775 boue
2340 3720 2446 3784 vir,
2475 3737 2587 3776 non
2619 3730 2800 3778 tamen
2825 3722 2906 3779 sic
2936 3723 2991 3778 in
3028 3739 3195 3781 carne
3235 3727 3480 3782 Domini.

2117 3909 2180 3966 0.
2209 3909 2278 3965 At
2332 3911 2378 3966 si
2421 3927 2530 3966 non
2577 3913 2657 3968 sic
2721 3913 2860 3979 hzec,
2914 3915 3139 3984 inquam
3185 3931 3308 3987 ego,
3355 3915 3520 3972 etiam
3567 3918 3623 3983 in

2047 4014 2211 4054 carne
2234 4000 2474 4066 Domini,
2497 4010 2554 4058 et
2598 4003 2667 4058 ad
2693 4004 2950 4060 eumdem
2991 4005 3216 4060 modum
3261 4007 3622 4088 eveniebant;

2047 4091 2394 4147 confidenter
2423 4092 2628 4159 dicam,
2664 4109 2770 4150 nec
2791 4111 3020 4166 prorsus
3049 4096 3270 4168 genitus
3303 4106 3408 4153 est.
3445 4098 3625 4152 Proba

2045 4179 2194 4236 enim
2217 4181 2378 4236 nobis
2409 4181 2578 4236 alium
2607 4183 2850 4238 modum.
2877 4185 2999 4241 Non
3021 4187 3167 4240 enim
3186 4186 3338 4243 dices
3360 4203 3623 4257 unquam,

2047 4271 2392 4342 phantasiam
2418 4271 2611 4336 fuisse,
2645 4273 2700 4328 id
2727 4285 2831 4342 est,
2865 4277 3029 4332 inane
3065 4278 3263 4334 visum.

2119 4361 2186 4417 ll.
2227 4362 2542 4432 Nunquam,
2585 4365 2770 4436 inquit
2791 4367 2904 4432 ille,
2960 4369 3040 4424 sic
3065 4370 3294 4436 insanus
3325 4387 3460 4428 ero:
3489 4389 3624 4431 vere

2043 4453 2318 4524 siquidem
2357 4453 2476 4509 haec
2522 4447 2868 4524 accidebant,
2911 4459 3007 4515 sed
3056 4461 3278 4517 volente
3337 4447 3518 4520 Verbo
3565 4474 3624 4520 et

2038 4546 2391 4616 permittente
2417 4562 2604 4604 carne.

2111 4637 2177 4694 Ο.
2233 4639 2437 4716 Bene,
2472 4641 2731 4712 inquam,
2789 4642 3026 4698 dixisti:
3069 4661 3174 4702 nec
3217 4648 3364 4702 enim
3423 4651 3622 4705 melio-

2043 4743 2159 4781 rem
2192 4729 2636 4784 immutationem
2663 4742 3012 4803 assequetur,
3045 4735 3140 4804 qui
3171 4751 3281 4790 non
3329 4737 3536 4793 dixerit
3565 4748 3622 4794 et

2043 4821 2286 4876 senserit
2321 4821 2613 4890 passiones
2657 4825 2942 4879 naturales
2989 4825 3144 4880 carni
3195 4827 3460 4884 accidisse
3496 4845 3622 4900 pcr-

2041 4911 2212 4967 missu
2243 4913 2434 4969 Verbi.

2113 5002 2181 5057 H.
2241 5003 2366 5070 Sic,‘
2431 5006 2615 5080 inquit
2667 5007 2790 5072 ille,
2855 5008 3176 5066 credimus:
3250 5011 3400 5068 Deus
3467 5013 3617 5068 enim

2040 5093 2324 5150 voluntate
2347 5109 2528 5166 neque.
2553 5104 2758 5168 potest,
2779 5112 2960 5169 neque
2981 5101 3278 5170 poteratab
3299 5102 3620 5159 hominiqu

2040 5197 2182 5252 capt.
2724 5250 2740 5267 ι

2111 5270 2176 5327 0.
2204 5270 2477 5330 Concessa
2501 5275 2688 5348 igitur,
2719 5278 2940 5348 inquam
2973 5296 3096 5353 ego,
3129 5281 3272 5338 bone
3303 5284 3408 5348 vir,
3445 5301 3614 5356 gene-

2041 5365 2280 5430 ratione,
2311 5365 2716 5436 immutatione,
2748 5373 3086 5439 accretione,
3122 5383 3274 5429 motu
3307 5375 3612 5430 secundum

2037 5455 2258 5524 locum;
2305 5457 2437 5528 quid
2485 5461 2764 5530 prohibet,
2819 5463 2909 5519 dic
2960 5466 3118 5530 mihi,
3163 5465 3296 5535 quin
3345 5465 3615 5532 reliquam

2038 5549 2484 5618 conjugationem
2511 5551 2561 5606 ei
2592 5553 2942 5610 tribuamus?

2112 5637 2178 5692 Η.
2237 5638 2309 5693 Ut
2362 5649 2418 5694 tu
2467 5640 2664 5711 igitur,
2720 5643 2944 5716 inquit,
2989 5646 3271 5716 loqueris,
3307 5651 3603 5718 corruptus

2037 5727 2161 5780 est?
