3954 6148
405 300 542 368 Ῑὲἇῒ

470 420 535 470 ί).
567 415 746 480 Absit,
782 413 1065 484 respondi.

474 531 540 584 ll.
577 527 888 595 Quomodo,
923 524 1128 594 inquit,
1157 525 1263 578 hoc
1285 521 1459 579 dicis?

472 645 536 696 Ο.
569 641 705 707 Quia
729 654 908 708 neque
934 637 1016 691 fas
1043 645 1148 702 est,
1175 636 1422 705 inquam.

473 755 520 809 ll
567 750 974 820 Quamobrem?
1001 750 1204 819 inquit.

473 867 536 922 0.
594 866 754 932 Quia,
789 866 1036 933 inquam,
1094 862 1714 934 Oportebat'passiones
1761 867 1981 912 nostras

404 970 628 1030 gustare
655 972 830 1026 usque
861 957 928 1010 ad
956 955 1360 1025 experientiam
1385 955 1604 1016 mortis,
1639 966 1749 1006 non
1793 958 1976 1004 tamen

405 1051 458 1104 in
506 1047 864 1116 corruptione
919 1061 1144 1100 manere
1193 1054 1349 1110 actu;
1404 1043 1655 1114 quinimo
1723 1041 1868 1096 sicut
1920 1039 1974 1092 in

401 1140 662 1196 omnibus
686 1137 882 1193 habuit
915 1136 1064 1206 quod
1101 1146 1348 1191 nostrum
1373 1140 1481 1199 est,
1511 1143 1568 1190 et
1616 1131 1764 1202 quod
1809 1144 1972 1200 supra

401 1247 504 1287 nos
534 1239 640 1294 est,
669 1230 751 1284 sic
781 1229 832 1282 in
854 1236 1029 1282 morte
1055 1227 1203 1296 ipsa:
1231 1235 1508 1280 mortuum
1537 1223 1685 1278 enim
1719 1237 1843 1277 esse
1877 1236 1976 1275 nos

400 1333 577 1380 strum
634 1327 740 1386 est,
803 1327 861 1375 et
899 1318 1115 1374 curatio
1167 1325 1388 1372 nostrae-
1421 1313 1808 1378 mortalitatis;
1863 1327 1974 1366 non

401 1429 524 1470 esse
555 1421 741 1467 autem
770 1417 1093 1480 corruptum
1135 1407 1463 1462 valentioris
1511 1405 1804 1475 pOtestatis
1842 1399 1978 1457 Ver-

404 1504 460 1560 bi
513 1512 632 1558 erat
672 1519 687 1556 :
723 1502 968 1555 Verbum
1021 1500 1168 1554 enim
1213 1495 1613 1568 experientiam
1664 1494 1970 1564 prohibuit,

402 1593 630 1647 minimc
685 1589 999 1645 concedens
1051 1589 1227 1651 carni,
1275 1595 1338 1642 ut
1389 1593 1869 1655 corrumperetur,
1915 1592 1976 1638 ut

403 1683 659 1754 primitia-
681 1679 1113 1735 immortalitatis
1137 1679 1206 1732 ab
1227 1679 1346 1749 ipsa
1378 1677 1432 1731 in
1477 1693 1579 1732 nos
1597 1677 1763 1732 etiam
1793 1683 1974 1730 trans-

1656 293 1962 359 LFDNTII
2008 282 2416 348 DYLANTINI

2018 412 2059 462 Α
2161 396 2224 448 Ο.
2261 393 2354 462 Μὴ
2387 393 2622 462 γένοιτο,
2658 393 2792 464 πρὸς
2825 392 2990 448 αὐτὸν
3025 392 3439 468 ἅπεκρινάμην.

3535 289 3677 356 Ὶὸἆθ

2160 508 2224 559 Λ.
2257 506 2381 568 ηὼς
2413 505 2595 568 τοῦτο,
2623 505 2751 575 ἔφη.
2776 505 2984 574 λέγεις,

2159 619 2221 666 υ.
2258 615 2382 664 Ὅτι
2417 613 2552 682 μηδὲ
2583 613 2766 685 θέμις,
2799 609 2974 668 εἷπονι

2159 727 2222 777 Δ.
2264 723 2342 776 Δι’
2372 724 2440 794 ἣν
2471 725 2681 792 αἰτίανς
2712 721 2890 781 εἶπεν.

2159 842 2220 889 υ.
2269 837 2646 910 Ἐπειδήπερ,
2702 840 2881 909 ἔφην,
2934 839 3354 914 ἀπογεύσασθαι
3405 839 3512 902 ἔδει
3557 852 3670 904 τῶν

2087 928 2380 998 ἡμετέρων
2427 929 2653 994 παθῶν,
2709 931 2908 1002 μέχρις
2951 935 3123 1007 αὐτῆς
3166 937 3267 1008 τῆς
3301 937 3397 991 τοῦ
3431 939 3666 993 θανάτου

2087 1019 2288 1086 πείρας
2309 1059 2324 1081 ,
2381 1019 2442 1072 οὐ
2481 1020 2588 1090 μὴν
2624 1023 2718 1075 καὶ
2747 1024 2805 1076 ἐν
2833 1027 2899 1095 τῇ
2933 1027 3058 1080 κατ’
3082 1027 3373 1100 ἐνέργειαν
3408 1032 3666 1098 γενέσθαι

2087 1113 2295 1185 φθορᾷ·
2336 1113 2450 1168 ἀλλ’
2483 1114 2676 1188 ὥσπερ
2707 1119 2765 1171 ὲν
2796 1123 2966 1174 πᾶσιν
2992 1121 3119 1192 ἔσχε
3147 1123 3210 1176 τὸ
3237 1125 3534 1198 ἡμέτερον,
3565 1131 3670 1180 καὶ

2083 1206 2145 1257 τὸ
2177 1204 2320 1276 ὑπὲρ
2349 1209 2519 1277 ἡμᾶς,
2550 1205 2697 1262 οὔτω
2725 1211 2822 1264 καὶ
2851 1211 2974 1266 κατ’
2996 1214 3161 1268 αὐτιν
3184 1215 3248 1288 δὴ
3276 1216 3370 1270 τὸν
3397 1217 3662 1272 θάνατον·

2084 1295 2144 1348 τὸ
2176 1297 2278 1366 μὲν
2305 1297 2412 1368 γὰρ
2441 1297 2766 1370 τεθνηκέναι
2796 1300 3094 1374 ἡμέτερον,
3130 1304 3226 1358 καὶ
3256 1305 3358 1372 τῆς
3386 1307 3663 1378 ἡμετέρας

2085 1392 2414 1462 νεκρότητος
2467 1392 2604 1462 ἴαμα
2627 1408 2641 1422 ·
2702 1392 2763 1446 τὸ
2795 1393 2853 1447 δὲ
2889 1396 2964 1466 μὴ
2995 1396 3301 1466 ἐφθάρθαι,
3348 1399 3448 1470 τῆς
3474 1401 3662 1472 κρείτ-

2080 1501 2234 1548 τονος
2267 1485 2362 1538 τοῦ
2388 1487 2569 1554 Λόγου
2603 1481 2910 1557 δυνάμεως,
2947 1489 3006 1554 ὃς
3029 1508 3093 1559 γε
3123 1493 3224 1562 τὴν
3253 1495 3451 1564 πεῖραν
3480 1493 3669 1547 κεκὼς

2081 1576 2276 1643 λυκεν,
2335 1577 2541 1648 ἥκιστα
2575 1579 2851 1649 φθαρῆναι
2884 1584 3331 1653 συγκεχωρηκὼς
3361 1589 3428 1657 τῇ
3459 1588 3656 1657 σαρκί·

2081 1665 2158 1732 ὡς
2191 1669 2259 1722 ἂν
2287 1669 2382 1722 ἀπ’
2407 1669 2576 1741 αὐτῆς
2605 1671 2701 1725 καὶ
2728 1672 2809 1735 εἰς
2831 1674 2981 1742 ἡμᾶς
3008 1673 3228 1745 διαϐαίη
3248 1719 3264 1742 ,
3305 1678 3400 1731 καὶ
3428 1678 3657 1746 γένηται

399 1785 545 1830 eant.
577 1775 694 1828 Non
743 1788 866 1828 esse
915 1773 1083 1844 igitur
1134 1769 1338 1826 factam
1383 1770 1824 1840 corruptionem,
1871 1783 1967 1838 po-

2081 1757 2182 1830 τῆς
2217 1759 2528 1830 ἀφθαρσίας
2565 1761 2723 1832 ἡμῶν
2764 1763 3024 1834 ἀπαρχὴ·
3079 1765 3138 1818 τὸ
3168 1767 3349 1820 τοίνυν
3393 1768 3468 1838 μὴ
3501 1769 3657 1836 γενέ-

402 1866 588 1922 ιειιιίιε
605 1864 807 1920 divina:
828 1872 932 1928 est,
957 1878 1080 1933 qua:
1102 1862 1350 1932 superari
1385 1877 1496 1916 non
1549 1869 1763 1932 potest;
1799 1869 1856 1916 ct
1882 1875 1975 1914 ra-

401 1959 550 2012 tione
586 1956 860 2018 miraculi,
883 1955 941 2009 a't
961 1969 1069 2008 non
1099 1953 1216 2024 lege
1252 1962 1480 2007 natnrm.

469 2090 534 2145 ll.
560 2091 745 2160 Atqui,
775 2091 954 2158 inquit
983 2089 1095 2151 ille,
1121 2097 1176 2141 et
1208 2104 1387 2142 novus
1432 2088 1600 2142 Adam
1633 2095 1862 2142 vocatus
1891 2092 1976 2141 est

401 2183 686 2236 Dominus.
713 2183 1000 2248 Quomodo
1027 2191 1211 2234 autem
1245 2179 1325 2234 sic
1349 2188 1666 2242 vocaretur,
1698 2178 1804 2232 nisi
1824 2239 1832 2252 Ι
1855 2193 1977 2232 cor-

403 2289 504 2342 pus
527 2274 854 2343 protoplasti
900 2273 1150 2326 tulisset?
1175 2271 1617 2342 lneorruptibilis
1641 2283 1822 2325 autem
1857 2276 1977 2324 erat

403 2351 794 2434 protoplastus,
853 2373 1148 2433 antequam
1207 2374 1502 2434 peccaret;
1551 2362 1975 2432 incorruptibile

401 2459 569 2528 igitur
608 2457 714 2510 fuit
765 2457 930 2510 etiam
984 2472 1186 2526 corpus
1223 2449 1488 2510 Domiuif
1531 2455 1805 2524 siquidem
1837 2455 1974 2508 'siue

399 2559 629 2619 peccato
659 2549 1036 2617 perseveravit
1061 2562 1302 2617 semper.

468 2657 532 2712 Ο.
580 2659 691 2726 ligo
749 2657 1178 2726 vero,inquam,
1235 2657 1355 2710 sive
1409 2668 1616 2724 corpus
1648 2653 1973 2724 protoplasti

397 2747 765 2818 corruptibile
784 2757 923 2808 erat,
956 2745 1071 2800 sive
1096 2761 1228 2803 non.
1272 2743 1516 2798 nondum
1546 2744 1690 2806 dico,
1727 2743 1974 2812 quandtu

399 2853 508 2892 non
545 2837 714 2907 pudet
762 2837 910 2906 ipsos
957 2837 1051 2906 qui
1086 2836 1191 2891 hoc
1239 2835 1452 2895 dicunt,
1509 2834 1971 2888 immortalitatem

398 2927 718 2997 protOplasti
768 2942 878 2980 non
918 2926 1160 2980 tribuere
1216 2923 1470 2979 Domino.
1504 2924 1776 2977 Mortuum
1826 2925 1973 2977 enim

2081 1849 2207 1900 σθαι
2237 1847 2334 1918 τὴν
2365 1847 2596 1918 φθορὰν,
2638 1850 2738 1918 τῆς
2769 1851 3032 1919 ἀνικήτου
3064 1851 3184 1905 ἐστὶ
3217 1852 3524 1921 δυνάμεως,
3559 1856 3656 1906 καὶ

2076 1938 2224 2010 λόγῳ
2257 1940 2558 2010 θαύματος,
2592 1940 2710 1994 ἀλλ’
2735 1942 2796 1995 οὐ
2839 1941 2991 2012 νόμῳ
3022 1943 3258 2012 φύσεως.

2148 2077 2215 2129 Α.
2253 2075 2418 2129 Ἀλλά
2445 2077 2574 2146 μὴν,
2602 2077 2808 2139 ἐκεῖνος
2832 2077 2960 2144 ἔφη,
2989 2077 3085 2130 καὶ
3110 2077 3232 2140 νέος
3255 2078 3430 2150 Ἀδὰμ
3447 2079 3654 2150 ὠνομά-

2082 2165 2183 2236 σθη
2231 2169 2259 2220 ὁ
2296 2165 2502 2237 Κύριος
2527 2183 2541 2196 ·
2600 2167 2719 2230 πῶς
2753 2165 2801 2220 δ’
2829 2166 2896 2220 ἂν
2923 2167 3084 2221 τοῦτο
3113 2167 3368 2236 ἐλέγετο,
3404 2171 3453 2222 εἰ
3486 2169 3560 2240 μὴ
3592 2171 3654 2222 τὺ

2077 2257 2172 2309 τοῦ
2203 2255 2634 2328 πρωτοπλάστου
2667 2258 2905 2326 φορέσας
2937 2258 3131 2328 σῶμα;
3163 2259 3480 2330 Ἀφθαρτος
3505 2263 3561 2314 δὲ
3583 2257 3652 2331 ἦν

2076 2347 2105 2400 ὁ
2145 2349 2574 2418 πρωτόπλαστος
2619 2350 2727 2420 πρὸ
2773 2349 2874 2419 τῆς
2914 2351 3321 2422 παραϐάσεως·
3377 2353 3652 2423 ἄφθαρτον

2075 2441 2186 2511 ἄρα
2217 2440 2312 2493 καὶ
2339 2441 2400 2494 τὸ
2425 2441 2520 2494 τοῦ
2548 2441 2758 2513 Κυρίου
2787 2441 2948 2513 σῶμα
2967 2457 2980 2472 ⁶
3015 2444 3109 2496 καὶ
3134 2442 3246 2515 γὰρ
3271 2443 3653 2515 ἀναμάρτητον

2078 2532 2255 2603 πάντη
2287 2533 2718 2605 διαμεμένηκεν.

2148 2651 2210 2702 0.
2229 2648 2372 2716 Ἐγὼ
2389 2649 2469 2714 δὲ,
2494 2651 2554 2702 Εἰ
2577 2647 3010 2728 μὲνάςοθαρτον,
3035 2650 3244 2722 ἔφην,ἥ
3274 2653 3370 2721 μὴ,
3388 2650 3480 2704 τοῦ
3506 2665 3653 2722 πρωί-

2076 2739 2386 2794 τοπλάστου
2421 2743 2482 2793 τὸ
2513 2739 2675 2808 σῶμα
2695 2740 3035 2811 ἐτύγχανεν,
3073 2741 3230 2794 οὔπω
3255 2741 3421 2808 λέγω,
3453 2735 3558 2802 ἕως
3584 2742 3650 2793 ἂν

2079 2833 2156 2902 μὴ
2189 2832 2250 2884 τὸ
2281 2833 2555 2886 ἀθάνατον
2590 2833 2792 2896 αὐτοὺς
2820 2833 3072 2887 καταιδεῐ
3096 2833 3190 2886 τοῦ
3220 2832 3648 2900 πρωτοπλάστου

2079 2925 2155 2995 μὴ
2183 2923 2463 2994 διδόμενον
2493 2923 2569 2993 τῷ
2598 2923 2808 2995 Κυρίῳ,
2843 2924 3169 2992 Τεθνηκέναι
3196 2924 3305 2992 γὰρ
3329 2923 3490 2974 αὐτὸν
3517 2927 3645 2976 πάνι-

396 3035 520 3073 esse
563 3034 712 3082 cum,
756 3019 1072 3072 necessario
1128 3017 1475 3080 concedent;
1536 3017 1644 3071 nisi
1699 3015 1807 3070 sibi
1840 3015 1967 3084 ipsis

2076 3034 2185 3080 τως
2227 3015 2528 3079 δώσουσιν,
2589 3017 2638 3068 εἰ
2691 3015 2764 3086 μὴ
2815 3014 3058 3086 μέλλοιεν
3098 3013 3159 3065 τὸ
3198 3013 3303 3082 τῆς
3333 3015 3640 3081 φαντασίας

395 3110 604 3164 crimen
663 3107 982 3177 phantasia),
1045 3106 1098 3160 id
1153 3117 1256 3168 est,
1317 3107 1496 3160 inanis
1535 3105 1636 3160 visi
1691 3105 1744 3158 in
1799 3103 1967 3157 Adam

2076 3108 2197 3161 ὅλον
2248 3110 2331 3166 εἰς
2370 3105 2598 3172 ἑαυτοὺς
2645 3105 3010 3176 ἀποφέρεσθαι
3049 3099 3302 3174 ἔγκλημα
3325 3121 3340 3134 ·
3391 3104 3450 3156 τὸ
3477 3102 3532 3155 δέ
3563 3118 3627 3170 γε

396 3217 525 3256 vere
545 3208 786 3259 mortuo,
839 3198 1043 3252 inferre
1075 3197 1246 3252 velint
1275 3215 1290 3250 :
1350 3197 1650 3266 sumpsisse
1701 3210 1834 3249 vero
1865 3191 1972 3248 Do-

397 3293 605 3346 minum
655 3290 760 3344 tale
806 3305 1028 3358 corpus.
1074 3288 1236 3357 quale
1269 3297 1390 3342 erat
1424 3303 1533 3340 non
1557 3287 1736 3341 solum
1767 3302 1970 3355 corpus

397 3385 546 3447 Ada‘,
575 3383 670 3436 sed
701 3397 900 3451 corpus
922 3390 1202 3445 nostrum;
1229 3394 1339 3432 non
1373 3379 1518 3433 enim
1556 3387 1780 3448 propter
1815 3378 1968 3430 illum

396 3485 608 3530 tantum
637 3473 808 3536 venit,
844 3473 939 3526 sed
969 3483 1192 3542 propter
1230 3487 1330 3524 nos
1349 3471 1551 3534 etiam;
1587 3469 1742 3523 valde
1770 3469 1966 3522 absur-

393 3567 526 3620 dum
576 3575 631 3620 et
659 3579 690 3618 a
719 3563 930 3618 ratione
957 3563 1197 3616 alienum
1225 3570 1363 3624 erat,
1399 3561 1565 3616 unius
1605 3559 1828 3630 quidem
1847 3575 1967 3614 esse

393 3655 652 3715 similem,
683 3661 1004 3708 emterorum
1035 3667 1166 3705 vero
1203 3651 1448 3704 omnium
1493 3650 1840 3712 dissimilem,
1873 3651 1966 3720 qui

393 3747 617 3816 quidem
665 3745 732 3798 ad
790 3743 1061 3798 rationem
1125 3743 1412 3796 medicina:
1464 3742 1727 3796 faciendae
1772 3742 1962 3796 eadem

392 3835 756 3892 similitudine
794 3834 1136 3904 indigebant.
1164 3832 1340 3894 Unde,
1383 3833 1590 3902 optime
1631 3834 1738 3897 vir,
1763 3848 1966 3902 corpus

393 3927 718 3998 protoplasti
753 3924 1172 3993 incorruptibile
1202 3924 1356 3976 erat?
1374 3923 1492 3978 Non
1535 3923 1684 3977 enim
1731 3923 1784 3976 in
1835 3939 1966 3978 cou-

391 4017 682 4072 stitutioue
753 4031 852 4069 sua
928 4014 1190 4075 habebat,
1285 4021 1348 4067 ut
1405 4013 1736 4068 immortalis
1793 4022 1959 4078 esset,

389 4125 453 4164 ac
476 4108 651 4162 multo
681 4106 849 4176 magis
890 4121 998 4160 non
1039 4103 1298 4169 habebat,
1336 4112 1398 4158 ut
1439 4111 1588 4158 esset
1623 4103 1960 4175 incorrupti-

389 4197 536 4258 hilis,
573 4195 778 4265 alioqui
815 4208 1118 4263 nunquam,
1146 4193 1360 4260 opinor,
1392 4191 1540 4262 ligno
1564 4189 1690 4244 vita:
1717 4190 1766 4244 ci
1821 4206 1961 4260 opus

389 4288 602 4349 fuisset,
630 4295 888 4356 tanquam
923 4283 1112 4338 futuro
1139 4283 1460 4347 immortali,
1495 4298 1593 4338 usu
1640 4283 1822 4338 vitalis
1845 4283 1960 4338 fru-

383 4387 507 4434 ctus
519 4392 628 4447 quo
642 4391 769 4432 eum
790 4375 1026 4446 privavit
1045 4385 1352 4446 peceatum,
1369 4376 1714 4430 sicutPatres
1733 4375 1954 4430 dicunt:
1993 4415 2035 4468 θ

383 4468 478 4525 sed
503 4467 573 4523 de
625 4468 715 4522 his
743 4483 854 4522 non
891 4477 1148 4522 estnunc
1176 4466 1494 4536 disputandi
1545 4474 1778 4536 tempus,
1821 4481 1960 4538 quor

385 4561 528 4614 niam
547 4574 727 4628 neque
743 4557 942 4628 dogma
961 4559 1164 4628 esthoc
1178 4558 1246 4612 de
1266 4557 1625 4624 Adam.Quod
1643 4559 1790 4614 enim
1810 4573 1960 4614 nunc

384 4654 437 4708 in
469 4653 774 4723 quaestione
799 4651 1061 4722 positum,
1083 4649 1216 4704 illud
1238 4658 1344 4712 est,
1374 4649 1521 4718 quod
1545 4651 1709 4706 talem
1733 4666 1958 4706 carnem

383 4743 650 4798 Dominus
677 4743 785 4797 sibi
816 4743 991 4798 univit
1015 4742 1322 4798 secundum
1352 4743 1715 4813 hypostasim,
1737 4743 1955 4813 qualem

382 4834 760 4890 liabuitAdam
785 4837 1210 4904 postpeceatnm
1235 4833 1547 4896 damnatus,
1564 4842 1619 4888 et
1639 4848 1740 4888 nos
1765 4838 1958 4886 Omnes

381 4938 447 4978 ex
475 4925 664 4979 eadem
690 4941 888 4980 massa.
914 4925 1032 4980 Non
1061 4925 1208 4980 enim
1232 4925 1384 4980 venit
1408 4924 1674 4979 Dominus
1699 4933 1758 4978 ut
1780 4924 1957 4977 salva-

385 5023 468 5067 ret
491 5029 520 5068 a
540 5022 768 5082 peccato
787 5032 1044 5078 vacuum,
1069 5025 1126 5071 ut
1147 5019 1267 5087 ejus
1283 5017 1481 5071 similis
1505 5015 1680 5076 fleret,
1707 5013 1802 5068 sed
1830 5028 1958 5082 pee-

382 5114 506 5160 eato
542 5105 815 5161 irretitum
855 5116 910 5161 et
957 5110 1066 5178 jam
1094 5109 1329 5178 lapsum,
1374 5118 1438 5162 ut
1485 5123 1610 5162 eum
1662 5107 1957 5160 miseratus

381 5196 810 5252 consuscitaret.
849 5199 1060 5268 Alioqui
1094 5200 1371 5269 quomodo
1395 5199 1638 5253 debitum
1678 5213 1776 5268 pro
1797 5197 1956 5253 nobis

379 5275 664 5344 solvisset?
699 5296 792 5342 aut
829 5289 1042 5342 ruinam
1085 5290 1446 5344 resarcisset?
1482 5301 1576 5344 aut
1615 5305 1804 5344 norma
1841 5289 1953 5342 vir-

379 5378 516 5433 tutis
551 5377 728 5433 l'actus
757 5379 943 5434 esset?
974 5388 1030 5433 et
1063 5381 1322 5436 omnibus
1365 5381 1586 5452 optima:
1627 5381 1754 5436 vita:
1794 5397 1955 5450 regu-

377 5466 484 5523 lam
517 5468 572 5522 in
609 5483 667 5522 se
696 5468 866 5522 vitam
897 5468 1357 5538 perfectissimam
1393 5471 1814 5542 proposuisset?

451 5582 514 5636 ll.
553 5583 617 5636 Et
662 5583 966 5654 quomodo,
1011 5585 1189 5657 inquit
1217 5586 1331 5650 ille,
1365 5586 1568 5656 poterit
1621 5585 1826 5656 aliquis
1874 5583 1953 5638 vi-

381 5703 486 5748 tam
514 5694 728 5750 Domini
761 5697 1004 5752 imitari?

2075 3202 2238 3269 σῶμα
2293 3200 2386 3253 τὸν
2441 3200 2650 3270 Κύριον
2709 3197 3058 3268 ἀνειληφέναι
3107 3195 3386 3260 τοιοῦτον,
3449 3198 3631 3248 ὁποῖον

2071 3293 2192 3362 οὐχὶ
2219 3291 2280 3344 τὸ
2307 3291 2402 3344 τοῦ
2431 3290 2871 3362 πρωτοπλὰστου
2903 3289 3083 3360 μόνον,
3107 3288 3246 3342 ἀλλὰ
3266 3289 3360 3341 καὶ
3380 3287 3444 3341 δι.
3465 3289 3640 3356 ἡμᾶς.

2072 3385 2166 3438 καὶ
2218 3379 2424 3454 σφόδρα
2472 3382 2822 3454 θαρρούντως
2873 3380 2939 3434 ἂν
2985 3381 3392 3449 διατεινοίμην·
3454 3379 3646 3449 κοινῆς

2069 3471 2178 3542 γὰρ
2211 3470 2379 3543 οὔσης
2424 3471 2526 3541 τῆς
2570 3473 2728 3524 νόσου
2750 3513 2766 3534 ,
2816 3470 2952 3524 πολὺ
2998 3471 3060 3522 τδ
3093 3470 3406 3541 παράλογον
3437 3467 3518 3522 ἑνὶ
3547 3468 3646 3538 μὲν

2069 3561 2328 3624 ἐοικέναι,
2361 3562 2472 3614 τῶν
2496 3561 2554 3614 δὲ
2587 3560 2794 3614 λοιπῶν
2821 3561 3042 3614 πάντων
3075 3562 3468 3630 ἀπεμφαῐνειν,
3499 3561 3555 3614 οἵ
3580 3577 3646 3628 γε

2067 3652 2167 3722 τῆς
2184 3651 2349 3704 αὐτοῦ
2369 3651 2456 3704 διὰ
2480 3651 2699 3706 πάντων
2723 3651 3047 3722 ἐμφερεῖας,
3070 3650 3150 3712 εις
3173 3650 3265 3702 τὸν
3281 3650 3378 3720 τῆς
3405 3650 3646 3720 ἰατρείας

2068 3743 2274 3798 ἐδέοντο
2345 3743 2524 3811 λόγον.
2581 3745 2754 3796 Πόθεν
2801 3743 2902 3812 δὲ,
2961 3737 3008 3796 ὦ
3081 3743 3360 3812 βέλτιστε.
3407 3745 3489 3797 ὅτι
3539 3760 3644 3811 περ

2067 3833 2349 3904 ἄφθαρτον
2394 3834 2454 3886 τὸ
2479 3835 2574 3887 τοῦ
2615 3834 3048 3904 πρωτοπλὰστου
3101 3834 3265 3904 σῶμα
3308 3833 3638 3903 ἐτύγχανενε

2065 3924 2127 3975 οὐ
2161 3925 2274 3996 γὰρ
2319 3927 2378 3978 ἐν
2417 3927 2482 3993 τῇ
2527 3927 2842 3995 κατασκευῇ
2876 3921 3024 3993 εἶχεν
3055 3925 3116 3976 τὸ
3165 3923 3462 3978 ἀθάνατον·
3511 3923 3640 3992 μήτι

2063 4031 2126 4084 γε
2169 4015 2234 4086 δὴ
2283 4014 2346 4068 τὸ
2387 4015 2664 4087 ἄφθαρτον
2684 4055 2700 4078 ,
2730 4017 2853 4068 ἐπεὶ
2881 4016 2981 4068 οὐκ
3025 4014 3113 4079 ἂν,
3145 4010 3324 4084 οἶμαι,
3355 4013 3448 4068 τοῦ
3478 4013 3636 4081 ξύλου

2061 4105 2160 4177 τῆς
2209 4107 2354 4177 ζωῆς
2403 4105 2552 4176 αὐτῷ
2595 4106 2999 4178 προσεδέησεν,
3054 4099 3117 4159 οὗ
3150 4105 3250 4175 τῆς
3283 4104 3636 4175 μεταλήψεως

2061 4194 2227 4247 αὑτὸν
2259 4194 2573 4266 παράϐασις
2601 4195 3018 4264 ἀπεστέρησεν,
3074 4190 3262 4255 καθὼς
3307 4194 3359 4248 οἱ
3390 4196 3636 4262 Πατὲρες

2062 4285 2264 4354 φασιν,
2314 4286 2391 4349 ὡς
2421 4288 2489 4357 τῇ
2521 4286 2630 4338 τῶν
2660 4286 2911 4350 ζωτικῶν
2936 4287 3168 4357 καρπῶν
3196 4285 3496 4356 μεταλήψει
3525 4286 3632 4366 ἀτί-

2062 4377 2658 4447 αθανατισθησὸμενος·
2693 4379 2819 4447 περὶ
2843 4379 2940 4446 μὲν
2962 4374 3058 4432 οὖν
3081 4378 3210 4446 τῶν,
3237 4379 3300 4432 οὗ
3326 4377 3417 4432 τοῦ
3440 4377 3632 4446 παρόνδ

2063 4485 2152 4530 τος
2179 4467 2298 4518 ἐστὶ
2340 4467 2560 4537 καιροῦ,
2595 4469 2680 4520 ὅτι
2713 4466 2849 4538 μηδὲ
2875 4465 3054 4538 δόγμα
3085 4469 3146 4522 τδ
3174 4470 3314 4524 κατά
3343 4469 3434 4521 τὸν
3463 4466 3630 4537 Ἀδὰμ

2057 4560 2338 4629 τυγχάνει.
2370 4558 2444 4612 To
2469 4559 2578 4630 γὰρ
2608 4559 2705 4613 νῦν
2729 4562 2790 4612 ὲν
2815 4559 3045 4630 ζητήσει
3074 4559 3438 4632 προκείμενόν
3461 4563 3626 4616 ἐστιν.

2058 4650 2141 4703 ὅτι
2197 4651 2376 4721 σάρκα
2420 4650 2684 4721 τοιαύτην
2733 4651 2762 4702 ὁ
2803 4650 3010 4721 Κύριος
3043 4651 3256 4721 ἥνωσεν
3288 4650 3466 4722 ἑαυτῷ
3507 4647 3628 4702 καθ’

2059 4741 2359 4796 ὑπόστασιν
2379 4780 2394 4806 ,
2431 4743 2626 4796 ὁποίαν
2653 4742 2793 4813 ἔχων
2819 4741 2992 4812 ἐφάνη
3028 4744 3165 4814 μετά
3193 4743 3291 4815 τὴν
3319 4742 3626 4813 παράϐασιν

2058 4837 2086 4886 ὁ
2139 4837 2503 4906 κατάκριτος,
2561 4838 2726 4906 ἡμεῖς
2767 4853 2828 4889 τε
2878 4835 3084 4898 πάντες
3131 4835 3182 4886 οἱ
3229 4837 3293 4888 ἐκ
3329 4833 3424 4886 τοῦ
3461 4830 3625 4886 αὶτοῦ

2059 4929 2404 4998 φυράματος.
2459 4929 2534 4982 θὺ
2568 4929 2678 4998 γὰρ
2707 4930 2800 4981 τδν
2832 4927 3219 4998 ἀναμάρτητον
3263 4927 3434 4996 Ἀδὰμ
3463 4921 3626 4995 ἦλθεν

2059 5019 2255 5084 σῶσαι,
2294 5019 2381 5072 ἵνα
2415 5019 2656 5092 ὁμοιωθῇ
2690 5016 2914 5090 ὶκείνῳ,
2967 5018 3108 5073 ἀλλὰ
3147 5019 3239 5070 τὸν
3267 5017 3626 5088 ἡμαρτηκότα

2057 5111 2152 5163 καὶ
2181 5112 2534 5170 πεπτωκότα.
2569 5113 2656 5164 ἶνα
2682 5111 2746 5182 δὴ
2781 5105 3185 5180 συμπεπονθὼς
3213 5109 3360 5179 αὑτῷ
3388 5110 3482 5162 καὶ.
3506 5125 3628 5160 συν-

2057 5205 2358 5276 αναστήσῃ.
2395 5203 2518 5267 Πῶς
2549 5203 2604 5257 δὲ
2637 5205 2731 5256 καὶ
2759 5203 2820 5256 τὸ
2847 5203 2990 5273 ὑπὲρ
3016 5204 3176 5272 ἡμῶν
3207 5201 3412 5266 ἐξέτισε
3440 5203 3622 5270 χρέος,

2055 5287 2087 5358 ἦ
2121 5291 2218 5357 τὴν
2242 5284 2414 5362 ἧτταν
2438 5291 2832 5355 ἀνεκαλέσατο,
2858 5289 2890 5362 ἦ
2921 5290 3285 5362 ὑπογραμμδς
3312 5290 3514 5361 ἀρετῆς
3536 5291 3625 5357 γὲ-

2054 5396 2179 5447 Υονε
2207 5419 2221 5443 ν
2280 5382 2376 5434 καὶ
2425 5385 2539 5446 τοῖς
2587 5385 2722 5437 πᾶσι
2773 5384 2874 5454 τῆς
2916 5385 3146 5452 ἀρίστης
3187 5382 3466 5445 πολιτείας
3503 5381 3625 5450 ὅρον

2054 5473 2111 5523 ὲν
2137 5471 2317 5543 ἐαυτῷ
2347 5472 2439 5526 τὸν
2465 5473 2800 5528 τελεώτατον
2831 5473 3117 5546 προῦθηκε
3149 5473 3290 5544 βίον;

2127 5604 2190 5656 Α.
2249 5605 2360 5658 ΚαὶΙ
2409 5607 2525 5670 πῶς
2555 5609 2620 5662 ἄν
2656 5625 2762 5671 τις,
2795 5610 3008 5672 ἐκεῖνος
3036 5607 3171 5677 ἔφη,
3205 5605 3502 5677 δυνήσηται
3527 5609 3625 5676 τὴν

2053 5696 2145 5748 τοῦ
2177 5696 2381 5766 Κυρίου
2411 5699 2700 5769 μιμεῖσθαι
2728 5701 2895 5771 {enim
