3934 6156
1678 170 1712 188 Δ

227 347 232 356 ,
309 278 448 352 tua

307 485 431 556 ρίου
464 480 606 550 πρὸς
625 477 722 547 τὴν
750 475 1026 546 ἡμετέραν
1052 475 1330 544 ὁμοίωσις,
1353 475 1584 546 δυνατὴν
1615 476 1878 546 πεποίηκε

305 571 407 640 τὴν
461 565 621 635 πρὸς·
649 564 811 616 αὐτὸν
854 561 1230 632 ἁφομοίωσιν,
1287 561 1352 616 ἵν’
1393 565 1488 634 ἐξῇ
1543 563 1740 634 Παύλῳ
1786 563 1880 616 καὶ

305 662 425 722 τοῖς
481 655 612 710 κατ’
653 653 817 706 αὐτὸν
863 653 1086 720 λέγειν’
1149 655 1408 722 Μιμηταί
1447 672 1568 722 μου
1615 657 1877 724 γίνεσθε,

306 749 508 812 καθὼς
539 744 704 814 κάγὼ
731 743 990 810 Χριστοῦ
1011 759 1024 774 '
1077 745 1224 814 αὐτῷ
1249 761 1307 797 τε
1337 745 1415 815 τῷ
1439 746 1624 816 Κυρίῳ
1642 787 1657 812 ,
1713 767 1728 796 ι
1754 746 1880 800 Μά-

293 841 444 891 ’θετε
475 837 582 890 ἀπ’
609 833 778 902 ἐμοῦ,
833 833 920 886 ὅτι
966 833 1156 900 πρᾶός
1192 838 1309 904 εἰμι
1355 837 1451 889 καὶ
1491 837 1769 902 ταπεινὸς
1807 835 1882 906 τῇ

307 924 548 992 καρδίᾳ.
586 923 659 974 UO
695 923 802 992 μὴν
829 923 949 976 οὐδὲ
977 925 1004 977 ὁ
1036 923 1288 988 Θάνατος,
1315 923 1404 976 διὰ
1431 926 1530 996 τῆς
1554 926 1650 978 τοῦ
1678 927 1880 996 Κυρίου

305 1013 638 1083 νεκρώσεως
669 1011 1101 1081 τεθνηκὼς,τῶν
1129 1013 1258 1084 ἑξῆς
1283 1015 1588 1093 ἀνθρώπων
1611 1017 1882 1087 ἀπέσχετο

303 1101 372 1154 ἂν
405 1099 632 1154 πώποτε
651 1141 667 1166 ,
707 1101 782 1172 μὴ
813 1103 902 1155 διὰ
935 1103 1150 1156 πάντων
1181 1103 1382 1174 ὁμοίως
1409 1105 1487 1175 τῷ
1512 1106 1680 1160 πάλαι
1709 1123 1880 1160 κατα-

304 1193 538 1245 πεσόντι
572 1192 898 1263 προσϐαλὼν
923 1233 939 1258 ,
993 1187 1055 1246 οὗ
1103 1195 1292 1264 ἐπειδὴ
1325 1178 1660 1268 γευσάμενος
1691 1197 1880 1268 ἔτυχε,

299 1281 567 1336 τοσοῦτον
613 1283 930 1353 ᾑμωδὶασαν
949 1284 1120 1354 ἀὐτῷ
1141 1287 1193 1338 oi
1232 1287 1462 1352 ὀδόντες,
1507 1288 1651 1343 κατά
1675 1290 1766 1342 τὸν
1791 1291 1880 1342 λό-

305 1389 428 1440 γον,
461 1373 608 1449 ὥστε
639 1374 842 1444 μηκέτι
869 1375 968 1444 μὲν
992 1375 1236 1445 ἅψασθαι
1265 1377 1472 1449 τολμᾷν
1494 1380 1605 1433 τῶν
1627 1379 1882 1434 ἐοικότων

307 1463 494 1532 αὐτῷ,
553 1463 958 1535 προσεξεμὲσαι
986 1465 1042 1517 δὲ
1085 1467 1178 1518 καὶ⁴
1209 1465 1298 1531 οὓς
1329 1467 1519 1538 πρώην
1547 1467 1881 1521 καταπεπώ-

311 1571 419 1606 κει.
465 1555 532 1606 Ἡ
563 1558 670 1625 γὰρ
705 1555 958 1624 ἐνέργεια
993 1555 1202 1624 σαφῶς,
1232 1553 1410 1625 οἶμαι,
1462 1556 1556 1610 τοῦ
1588 1559 1882 1628 φαρμάκου

305 1643 412 1716 τὴν
438 1644 606 1712 φύσιν
637 1645 1005 1698 ἐνδείκνυταιο
1037 1645 1099 1697 τὸ
1123 1647 1231 1718 γὰρ
1260 1647 1499 1716 όμοφυὲς
1528 1650 1670 1701 ἅπαν
1696 1647 1882 1718 ἐξεμέ-

1367 278 1662 343 CONTRA
1699 273 2013 342 NESTOB.
2054 281 2146 341 ET
2181 276 2504 342 EUTYCH.

377 396 441 446 ο,
480 391 548 444 Ἥ
583 373 1020 458 ἀπαράλλακτος,
1051 380 1226 453 εἷπον,
1250 389 1350 456 τῆς
1405 392 1604 458 σαρκδς
1625 387 1718 440 τοῦ
1769 389 1878 439 Κυ-

2017 389 2108 444 υ.
2140 386 2479 450 Similitudo,
2509 387 2754 455 inquam,
2781 383 2964 440 carnis
3002 380 3221 438 Domini
3257 397 3382 438 cum
3434 398 3539 439 uo-

3406 275 3546 341 1350

1980 486 2093 532 stra
2121 477 2240 532 sine
2270 477 2596 540 variatione,
2633 474 2766 530 fecit
2821 481 2882 528 ut
2912 481 3099 544 posset
3138 473 3537 536 assimilariei;

1981 569 2224 624 utliceat
2249 569 2438 632 Paulo,
2461 577 2516 623 et
2551 567 2674 620 aliis
2705 565 2956 634 exemplo
2977 566 3119 634 ejus,
3151 564 3371 620 dicere:
3407 563 3540 618 Imi»

1981 665 2176 713 tutores
2213 659 2312 711 mei
2340 665 2522 718 estote,
2573 657 2706 710 sicut
2758 663 2808 710 et
2839 671 2933 726 ego
2963 655 3157 710 Christi
3189 656 3272 722 8’;
3339 664 3396 708 et
3433 653 3539 722 ipsi

1979 749 2214 804 Domino
2245 764 2259 800 :
2292 747 2486 800 Discite
2507 763 2544 800 α
2574 762 2674 808 me,
2707 747 2832 816 quia
2897 747 3038 798 mitis
3085 761 3203 798 sum
3245 753 3293 796 et
3329 743 3546 798 Immitis

1981 837 2132 890 corde
2169 836 2234 892 ³³.
2298 835 2414 889 lmo
2466 849 2646 903 neque
2691 849 2838 888 mors
2893 849 2992 904 per
3047 841 3287 903 mortem.
3334 831 3547 887 Christi

1981 938 2197 983 mortua
2224 943 2253 981 a
2283 925 2512 995 reliquis
2564 925 2828 994 deinceps
2867 925 3187 980 hominibus
3211 941 3271 980 se
3299 938 3542 994 unquam

1980 1017 2300 1080 abstineret,
2333 1015 2440 1070 nisi
2467 1029 2566 1084 per
2596 1016 2780 1068 omnia
2802 1014 3058 1069 similiter
3091 1015 3389 1070 invasisset
3411 1030 3540 1070 eum

1980 1109 2074 1179 qui
2096 1117 2225 1163 ante
2255 1107 2543 1182 occubuit;
2568 1121 2731 1176 quem
2763 1113 3054 1175 postquam
3085 1105 3342 1176 gustavit,
3372 1121 3543 1174 usque

1981 1197 2120 1251 adeo
2157 1195 2353 1250 dentes
2373 1196 2493 1264 ejus
2506 1193 2934 1262 obstupuerunt,
2953 1204 3013 1247 ut
3041 1193 3336 1260 Scriptum
3358 1193 3543 1246 verbis

1983 1294 2130 1349 utar,
2156 1294 2218 1340 ut
2251 1299 2362 1339 non
2385 1283 2626 1354 amplius
2647 1282 2848 1338 audeat
2863 1297 2961 1336 eos
2990 1281 3284 1351 attingere,
3308 1281 3402 1350 qui
3421 1283 3547 1351 ejus

1981 1375 2188 1431 similes
2225 1384 2375 1439 sunt,
2406 1382 2463 1428 et
2509 1382 2572 1428 ut
2598 1381 2817 1428 evomat
2846 1387 2944 1428 eos
2975 1387 3115 1442 quos
3161 1372 3318 1440 prius
3346 1372 3540 1426 absor-

1983 1476 2184 1538 pserat.
2215 1464 2475 1535 Operatio
2503 1465 2676 1529 enim,
2719 1464 2937 1532 opinor,
2975 1463 3122 1517 clare
3147 1471 3398 1517 naturam
3425 1477 3541 1514 me-

1983 1557 2274 1611 dicamenti
2308 1555 2684 1617 demonstrat;
2725 1553 2998 1622 siquidem
3040 1569 3202 1608 omne
3249 1552 3396 1623 quod
3425 1560 3546 1606 erat

1982 1647 2226 1720 ejusdem
2257 1657 2486 1708 naturae,
2509 1645 2688 1715 coegit
2720 1659 2974 1699 evomere
3007 1661 3131 1698 eum
3159 1645 3252 1714 qui
3302 1659 3546 1698 momor-

309 1752 404 1788 σαι
458 1735 556 1788 τὸν
601 1735 920 1802 λαςύξαντα
969 1737 1409 1807 κατηνάγκασεν.
1469 1737 1593 1802 Πῶς
1623 1739 1760 1793 δ’ἂν
1787 1741 1880 1792 καὶ

1983 1740 2154 1794 derat.
2179 1737 2386 1794 Deinde
2437 1736 2714 1806 quomodo
2763 1737 2850 1792 lex
2907 1735 3198 1790 conﬂictus
3243 1737 3298 1791 in
3329 1737 3545 1806 experi-

305 1825 334 1874 ὁ
369 1825 473 1892 τῆς
508 1824 829 1894 συμπλοκῆς
865 1826 1026 1894 νόμος
1047 1863 1062 1889 ,
1121 1827 1178 1879 ὲν
1212 1830 1278 1898 τῇ
1319 1829 1690 1902 προσαχθείσῃ
1715 1831 1880 1902 πείρᾳ

309 1914 686 1981 πεφύλακται,
721 1916 796 1986 μὴ
822 1915 900 1985 τῷ
928 1919 1240 1970 πεπτωκότι
1263 1919 1362 1989 τὴν
1384 1922 1524 1973 κατά
1545 1921 1706 1988 φύσιν
1729 1922 1883 1992 ἐχού-

311 2021 416 2075 σης
453 2007 757 2076 ἐμφέρειαν
803 2007 905 2075 τῆς
949 2007 1350 2080 πειραζομένης
1382 2010 1630 2079 φύσεως;
1682 2012 1742 2064 οὐ
1773 2013 1882 2082 γὰρ

308 2098 499 2166 νικᾷν,
535 2097 651 2150 ἀλλ’
680 2099 1012 2167 ἐπηρεάζειν
1041 2101 1222 2165 ἐστὶν,
1257 2101 1318 2154 τὸ
1355 2102 1506 2171 παρά
1532 2103 1654 2166 τοὺς
1684 2103 1881 2174 νόμους

308 2188 412 2256 τῆς
438 2189 684 2256 ἀγωνίας
703 2189 1134 2259 συμπλέκεσθαιο
1153 2193 1316 2262 νόμος
1345 2193 1402 2246 δὲ
1426 2195 1684 2260 ἀγωνίας,
1703 2197 1766 2249 τὸ
1793 2197 1880 2250 διὰ

307 2277 406 2328 τσῦ
425 2279 618 2332 λπάλαι
659 2281 1194 2344 καταπεπτωκότος.
1228 2284 1627 2338 καταπαλαίειν
1657 2287 1751 2340 τὸν
1779 2287 1879 2358 ἤδη

305 2369 643 2438 νενικηκότα
663 2410 678 2435 ,
737 2371 830 2422 καί
863 2372 1035 2442 ταύτῃ
1063 2387 1127 2439 γε
1153 2372 1218 2442 δὴ
1247 2373 1346 2444 τὴν
1373 2373 1684 2445 ἔμπροσθεν
1711 2371 1882 2447 ἧτταν

298 2459 730 2516 ἀνακαλεῖσθαι.
795 2462 922 2524 Πῶς
968 2463 1015 2515 δ’
1043 2463 1108 2516 ἂν
1158 2467 1252 2518 καὶ
1284 2466 1444 2536 ἡμεῖς
1482 2468 1573 2520 τὸν
1601 2468 1756 2539 παρά
1783 2469 1883 2538 τὴν

297 2549 394 2601 τοῦ
445 2551 696 2621 ὀργάνου
747 2551 1044 2620 διαφορὰν,
1103 2554 1163 2606 τὸ
1213 2556 1313 2624 τῆς
1351 2557 1550 2626 ἀρετῆς
1601 2557 1880 2627 ἐξαίρετον

301 2639 511 2714 ἔχοντα
537 2643 944 2714 μιμησαίμεθα,
973 2647 1031 2698 ὲν
1055 2647 1282 2718 παθητῷ
1307 2649 1401 2702 καὶ
1423 2647 1646 2720 φθαρτῷ
1667 2649 1878 2717 σώματι

301 2731 404 2801 τὴν
439 2733 590 2804 πρὸς
621 2734 682 2786 τὸ
707 2734 988 2806 ἄφθαρτον
1017 2737 1280 2807 ὁμοίωσιν
1305 2739 1728 2811 ἀπαιτούμενοι;
1763 2744 1880 2795 Πα-

309 2824 627 2896 ραπλήσιον
676 2825 786 2896 γὰρ
837 2826 898 2880 τὸ
947 2826 1163 2880 τοιοῦτο
1207 2824 1347 2882 εἶναι
1391 2830 1573 2897 δοκεῖ,
1624 2832 1880 2904 καθάπερ

307 2911 361 2962 εἴ
405 2929 499 2976 τις
549 2914 608 2966 ὲν
644 2917 980 2978 τεκτονικοῖς
1021 2915 1240 2968 σκεύεσι
1267 2917 1365 2988 τὴν
1393 2921 1755 2992 χαλκευτικὴν
1783 2926 1876 2976 ὲκ-

307 2999 561 3071 ττληροῦν
595 3002 794 3072 τέχνην
821 3001 1160 3076 νομοθετοίη.
1220 3007 1332 3059 Καὶ
1360 3007 1472 3080 γὰρ
1512 3011 1562 3062 εἰ
1601 3010 1761 3064 τοῦτο
1785 3007 1875 3082 ἦν,

309 3091 406 3141 καὶ
457 3089 524 3140 τὸ
571 3089 672 3158 τῆς
719 3089 1086 3161 θεομιμησίας
1131 3093 1493 3162 διαμαρτεῖν,
1549 3098 1880 3169 ἀνέγκλητον

312 3183 497 3254 πάντη
545 3182 862 3252 ἐτύγχανεν.
925 3185 998 3236 Οὐ
1043 3184 1152 3254 γὰρ
1197 3187 1364 3252 ἐγγὺς
1409 3188 1471 3240 τὺ
1508 3191 1880 3260 παράδειγμα,

312 3274 412 3326 καὶ
459 3275 574 3334 τοῖς
618 3271 823 3340 ταύτην
851 3273 1310 3343 ἐκμιμουμένοις,
1351 3275 1415 3328 τὸ
1447 3277 1536 3330 τὸν
1560 3278 1882 3335 διδάσκαλον

317 3361 684 3434 ὑπερϐάλλειν
720 3361 1096 3430 περιεγένετο,
1144 3363 1203 3415 ἐν
1231 3363 1597 3437 ἀσθενεστέρα
1623 3371 1690 3440 τῇ
1723 3371 1882 3439 φύσει

316 3449 806 3520 πεπολιτευμένοις
830 3451 924 3503 καὶ
938 3452 1310 3522 διηθληκόσιν.
1328 3457 1434 3511 Ἐὦ
1457 3459 1565 3531 γὰρ
1589 3461 1771 3530 λέγειν
1799 3463 1882 3524 ὅτι

321 3539 459 3607 μηδὲ
519 3539 834 3608 πρακτικῆς
887 3543 982 3596 καὶ
1029 3542 1377 3616 ἀνθρωπίνης
1425 3550 1628 3621 ἀρετῆς
1683 3553 1882 3622 νόμους

318 3631 471 3682 ἐστιν
503 3631 687 3702 εὑρεῖν
707 3633 780 3712 έν
808 3633 1076 3705 ἀφθάρτῳ
1109 3635 1356 3706 σώματι,
1407 3631 1452 3706 ᾧ
1477 3657 1540 3708 γε
1570 3639 1659 3695 διά
1685 3641 1746 3696 τὸ
1769 3643 1882 3697 ἀνω

318 3719 538 3772 κεῖσθαι
589 3720 698 3772 τῶν
743 3721 1106 3793 ἀνθρωπίνων
1149 3726 1368 3792 παθῶν,
1427 3729 1547 3782 οὐδὲ
1597 3734 1756 3786 πεῖνα
1796 3735 1882 3788 ὅτι

323 3811 458 3880 μηδὲ
491 3811 788 3881 ἐγκράτεια
807 3853 822 3878 ,
870 3813 993 3866 οὐδὲ
1036 3815 1200 3879 πόνος
1232 3817 1316 3870 ὃτι
1346 3819 1424 3891 μὴ
1456 3821 1725 3894 ὑπομονὴ,
1757 3824 1881 3878 οὐδὲ

319 3899 502 3972 ὖὸρις,
539 3903 623 3956 ὅτι
671 3903 806 3973 μηδὲ
851 3905 1206 3971 ταπείνωσις,
1257 3909 1379 3962 οὐδέ
1409 3927 1461 3964 τι
1489 3913 1600 3966 τῶν
1623 3915 1881 3970 τοιούτων

285 4073 288 4076 ,
318 3992 642 4062 πρόσεστιν,
679 3993 765 4046 ἴνα
801 3993 878 4064 μὴ
909 3995 978 4048 τά
1009 3995 1133 4050 καθ’
1156 3999 1360 4052 ἕκαστα
1389 4000 1678 4068 διεξιόντες
1703 4004 1880 4059 ἐνδια-

315 4082 620 4152 τρίσοιμεν.
659 4085 733 4136 οὐ
763 4085 912 4154 μέγα
937 4083 992 4138 δὲ
1018 4088 1214 4152 εἰπεῖν,
1251 4090 1332 4144 ὅτι
1367 4093 1502 4163 μηδὲ
1530 4095 1732 4169 ἀρετῆς
1762 4095 1881 4148 ἐπί-

313 4171 481 4238 δειξιν
508 4173 654 4226 ἐστιν
685 4175 779 4228 ἐπὶ
803 4173 905 4244 τῆς
931 4176 1208 4248 ἀφθάρτου
1237 4181 1330 4234 καὶ
1356 4182 1636 4247 ἀνενδεοῦς
1663 4185 1880 4254 φύσεως

315 4261 542 4316 ἐπιδεῖν.
577 4262 809 4316 Ἀλύπου
839 4263 949 4332 γὰρ
979 4263 1197 4330 φύσεως
1227 4265 1376 4333 ἀγὼν
1405 4269 1504 4320 οὐκ
1531 4267 1713 4323 ἔστιν⁹
1745 4273 1792 4323 εί
1819 4271 1877 4324 δὲ

1981 1841 2167 1885 mento
2192 1829 2446 1884 adhibito
2479 1839 2694 1884 servata
2733 1840 2900 1894 esset,
2953 1829 2998 1883 si
3039 1837 3236 1882 natura
3265 1845 3386 1898 qua:
3419 1839 3540 1882 ten-

1983 1929 2147 1983 tatur,
2178 1935 2288 1974 non
2332 1921 2562 1974 haberet
2611 1919 3025 1974 similitudinem
3069 1920 3373 1974 naturalem
3415 1934 3538 1973 cum

1979 2025 2046 2065 eo
2067 2011 2162 2080 qui
2209 2009 2508 2066 occubuit?
2541 2011 2659 2064 Non
2691 2009 2840 2064 enim
2891 2017 2979 2064 est
3011 2009 3253 2072 vincere,
3303 2007 3400 2062 sed
3431 2007 3541 2062 vim

1982 2103 2200 2166 all'erre,
2233 2103 2492 2172 congredi
2535 2109 2730 2172 praeter
2753 2101 2900 2170 leges
2935 2098 3282 2154 certaminis:
3331 2098 3419 2152 lex
3448 2114 3544 2151 ve-

1982 2208 2044 2246 ro
2085 2194 2404 2248 certaminis
2459 2198 2542 2246 est
2598 2206 2696 2260 per
2747 2203 2872 2244 eum
2933 2187 3026 2258 qui
3067 2195 3224 2242 antea
3261 2186 3540 2245 occubuit,

1983 2301 2242 2356 superare
2284 2301 2409 2340 eum
2452 2285 2546 2354 qui
2574 2285 2684 2354 jam
2731 2283 2963 2342 vicerat,
3008 2289 3063 2335 et
3089 2281 3192 2334 hac
3225 2279 3439 2333 ratione
3487 2286 3544 2332 et

1981 2375 2070 2430 via
2097 2377 2439 2445 superiorem
2460 2375 2718 2430 amissam
2753 2373 3045 2428 victoriam
3077 2371 3364 2426 resarcire.
3398 2369 3543 2434 Quo-

1981 2463 2144 2518 modo
2165 2479 2268 2519 nos
2290 2465 2458 2518 etiam
2483 2478 2606 2518 eum
2651 2461 2742 2531 qui
2794 2471 3018 2531 propter
3054 2459 3418 2514 diﬁ‘crentiam
3463 2457 3544 2510 in-

1981 2555 2276 2610 strumenti
2301 2555 2505 2609 virtute
2528 2563 2830 2624 praestaret,
2873 2551 3237 2613 imitaremur,
3281 2565 3310 2602 a
3341 2549 3545 2618 quibus

1982 2643 2384 2713 requireret-ur,
2419 2651 2480 2696 ut
2502 2643 2554 2696 in
2579 2640 2822 2711 passibili
2847 2649 2904 2694 et
2927 2637 3275 2707 corruptibili
3310 2652 3547 2708 corpore

1981 2737 2189 2791 similes
2233 2751 2338 2792 nos
2373 2733 2785 2803 incorruptibili
2827 2733 3224 2788 redderemus?
3267 2735 3370 2790 hoc
3397 2734 3547 2788 enim

1983 2827 2161 2881 simile
2188 2827 2321 2881 mihi
2352 2827 2590 2892 videtur,
2617 2832 2677 2880 ut
2709 2825 2755 2880 si
2784 2818 2913 2895 quis
2935 2825 3054 2894 lege
3085 2824 3310 2892 juberet
3341 2825 3547 2879 instrn-

1982 2917 2186 2972 mentis
2211 2900 2501 2972 fabrilibus
2529 2925 2700 2972 artem
2745 2915 2884 2969 fabri
2920 2913 3102 2968 terarii
3139 2927 3418 2968 exercere.
3449 2913 3544 2967 Et-

1982 3008 2130 3062 enim
2178 3006 2226 3062 si
2265 3006 2340 3061 ita
2401 3015 2568 3068 esset,
2614 3006 2778 3060 etiam
2827 3005 3090 3059 aberrare
3133 3003 3202 3057 ab
3235 3004 3548 3058 imitatione

1908 3081 1953 3140 ο
1982 3097 2102 3160 Dei,
2131 3095 2361 3150 crimine
2415 3097 2641 3164 prorsus
2687 3101 2925 3148 vacaret.
2948 3093 3069 3146 Non
3095 3093 3241 3146 enim
3270 3107 3441 3161 prope
3461 3101 3544 3146 est

1982 3184 2399 3254 excmplum.Et
2424 3184 2774 3238 imitantibus
2801 3182 3254 3251 versantibusque
3273 3182 3327 3234 in
3349 3189 3544 3234 natura

1981 3271 2304 3338 inﬁrmiore,
2329 3282 2384 3329 et
2426 3273 2840 3328 decertantibus
2893 3272 3112 3326 abunde
3157 3272 3369 3335 fuisset,
3395 3273 3540 3342 quod
3621 3342 3629 3350 ⁸

1981 3363 2246 3434 magister
2269 3375 2480 3418 natura:
2507 3362 2918 3418 excellentioris
2935 3371 3072 3417 erat.
3101 3359 3306 3416 Omitto
3333 3361 3541 3435 dicere,

1981 3455 2128 3524 quod
2153 3471 2334 3524 neque
2352 3455 2500 3524 leges
2519 3453 2743 3509 virtutis
2773 3455 2828 3508 in
2880 3453 3096 3508 actione
3143 3453 3334 3521 posiae
3356 3463 3412 3508 et
3436 3453 3542 3506 hu-

1981 3559 2174 3604 manae,
2199 3545 2253 3599 in
2288 3561 2517 3615 corpore
2546 3545 2945 3614 incorruptibili
2969 3543 3212 3614 reperire
3251 3544 3410 3599 licet:
3453 3544 3541 3602 cui

1980 3635 2224 3704 quidem,
2245 3636 2374 3706 quia
2410 3650 2578 3706 supra
2599 3635 2882 3704 passiones
2908 3635 3174 3688 humanas
3207 3642 3310 3696 est,
3339 3648 3440 3687 nec
3461 3643 3543 3687 est

1981 3726 2174 3788 fames,
2233 3727 2360 3795 quia
2399 3726 2934 3795 nec-temperantia;
2983 3740 3165 3795 neque
3197 3725 3376 3790 labor,
3412 3726 3543 3794 quia

1979 3829 2160 3884 neque
2191 3815 2516 3880 tolerantia;
2564 3829 2744 3882 neque
2789 3815 3142 3878 contumelia,
3189 3815 3316 3884 quia
3365 3829 3542 3884 neque

1981 3903 2288 3970 humilitas;
2323 3919 2424 3959 nec
2455 3904 2661 3974 aliquid
2689 3904 3107 3974 hujusmodi,ne
3148 3905 3377 3975 singulis
3403 3919 3540 3959 cnu-

1979 3984 2672 4050 mcrandisimmoremur:
2717 4011 2894 4066 neque
2915 4012 3173 4066 magnum
3225 3996 3432 4066 aliquid
3461 3997 3541 4049 di-

1979 4101 2120 4147 cam,
2151 4087 2196 4140 si
2226 4085 2438 4147 dixero,
2492 4101 2672 4155 neque
2705 4087 2964 4141 virtutem
3001 4086 3236 4156 spectari
3286 4095 3340 4140 et
3387 4087 3541 4140 cerni

1981 4172 2036 4228 in
2071 4183 2268 4228 natura
2295 4175 2529 4243 alicujus
2556 4174 2990 4244 incorruptibilis
3009 4185 3064 4231 et
3115 4175 3250 4229 nihil
3295 4175 3543 4246 indigen-

1979 4265 2072 4320 tis.
2102 4265 2321 4321 Naturaa
2343 4265 2492 4320 enim
2524 4281 2555 4319 a
2591 4266 2783 4320 dolore
2826 4277 2882 4320 et
2905 4265 3128 4320 tristitia
3152 4267 3396 4322 vat-antis
3431 4283 3541 4322 non

319 4349 427 4445 μη,
477 4351 600 4445 esst
643 4351 764 4422 νίκη
791 4369 805 4382 ·
863 4354 913 4406 εί
939 4353 996 4406 δὲ
1027 4353 1104 4424 μὴ
1133 4354 1281 4425 νίκη,
1315 4356 1438 4410 οὐδὲ
1465 4357 1742 4428 στέφανοι.
1781 4361 1876 4426 Είς

1983 4364 2063 4410 εει
2088 4362 2401 4417 certamen;
2435 4354 2482 4407 si
2527 4361 2708 4407 autem
2747 4369 2854 4407 non
2899 4363 2983 4409 cst
3033 4363 3328 4420 certamen,
3361 4371 3542 4426 neque

313 4438 476 4490 τοῦτο
502 4438 566 4508 δὴ
593 4439 692 4508 τῆς
720 4442 952 4504 ἀτοπίας
983 4444 1044 4495 τὸ
1074 4443 1332 4512 μέγεθος,
1383 4444 1443 4498 τὸ
1490 4449 1702 4519 κομψὸν
1730 4450 1878 4521 ὑμᾶς

1983 4445 2246 4502 victoria:
2283 4443 2329 4496 si
2354 4458 2486 4497 vero
2513 4458 2622 4496 non
2652 4451 2736 4497 est
2782 4443 3039 4508 victoria,
3085 4461 3266 4514 neque
3299 4461 3536 4502 coronae.

315 4528 415 4598 τῆς
441 4527 753 4598 ἀφθαρσίας
785 4533 1074 4601 ἀπήγαγεν
1101 4534 1294 4602 ὄνομα.

384 4727 450 4780 Δ.
485 4722 698 4796 Κομιδῇ
729 4727 884 4796 γοῦν,
928 4729 1136 4794 ἐκεῖνος
1161 4731 1298 4803 ἔφη,
1353 4733 1414 4786 τὸ
1445 4735 1588 4804 μέγα
1614 4735 1716 4804 τῆς
1743 4735 1875 4789 ἐνώ-

316 4829 453 4874 σεως
501 4815 824 4884 ὲκταράττει
875 4819 1175 4888 μυστήριον
1195 4835 1209 4849 ·
1247 4823 1296 4874 εἰ
1323 4822 1398 4892 μὴ
1430 4821 1500 4874 τὰ
1526 4823 1624 4893 τῆς
1655 4823 1872 4895 ἀφθαρ-

315 4903 438 4967 σίας
461 4903 490 4956 ὁ
513 4903 685 4972 Λόγος
736 4906 830 4959 ἀπ’
855 4908 1029 4976 ἀρχῆς
1073 4908 1148 4978 τῷ
1193 4912 1380 4982 οῑκείῳ
1429 4911 1728 4984 δεδώρηται
1777 4913 1874 4966 σώ-

315 5011 450 5063 ματι
473 5035 488 5056 ,
535 4993 674 5048 ἀλλά
717 4996 860 5048 κατά
889 4995 980 5048 τὸν
1012 4997 1125 5050 ἴσον
1151 5000 1355 5067 τρόπον
1385 5003 1517 5072 ἡμῖν
1543 5003 1749 5070 αὐτοῖς,
1780 5006 1874 5058 καὶ

311 5084 460 5157 αὐτῷ
490 5085 590 5158 τὴν
620 5086 700 5150 είς
731 5085 962 5157 ὕστερον
991 5088 1304 5158 ἀφθαρσίαν
1337 5093 1720 5164 ὲταμιεύσατο.

381 5179 444 5231 0.
481 5177 746 5242 Μείζονος
775 5177 822 5229 δ’
850 5177 917 5232 ἂν
947 5177 1034 5247 εἴη
1063 5179 1164 5248 τῆς
1189 5180 1476 5248 εὐλαϐείας
1505 5185 1674 5253 ἀξιον,
1696 5183 1870 5252 εἷπον,

308 5265 372 5320 τό
404 5267 542 5334 μετά
571 5283 694 5320 τινα
723 5267 906 5336 λέγειν
935 5268 1264 5338 γεγενῆσθαι
1295 5273 1508 5341 καιρὸν,
1538 5275 1630 5327 τοῦ
1660 5277 1866 5348 Κυρίου
1911 5268 1917 5280 ’

269 5437 272 5441 Ι
305 5355 408 5426 τὴν
437 5355 727 5426 ἀνάληψιν,
764 5355 858 5410 καὶ
892 5355 990 5427 τὴν
1020 5358 1084 5410 ὲκ
1111 5355 1300 5420 δεξιῶν
1330 5358 1538 5430 ἵδρυσιν
1559 5403 1574 5426 ,
1625 5363 1759 5418 ἀλλά
1792 5365 1868 5436 μὴ

380 5596 424 5625 ⁸³
497 5599 517 5653 ι
547 5597 674 5654 Cor.
707 5612 786 5666 xl,
831 5598 880 5652 l.
994 5596 1041 5628 ³³
1066 5595 1257 5651 Matth.
1286 5611 1363 5662 χι,
1393 5598 1482 5654 29.

1979 4531 2061 4586 Ad
2086 4533 2192 4586 hoc
2211 4541 2321 4586 tam
2341 4531 2662 4594 absurdum,
2697 4531 2916 4603 elegans
2971 4547 3173 4588 nomen
3202 4534 3532 4604 ἀφθαρσίας,

1980 4621 2032 4675 id
2057 4630 2144 4676 est
2162 4621 2723 4690 incorruptibilitatis,
2755 4637 2854 4676 vos
2880 4623 3084 4694 adegit.

2045 4733 2114 4788 Η.
2147 4732 2861 4804 Vchementer,inquitiile,
2913 4750 3169 4806 magnum
3210 4738 3532 4809 mysterium

1974 4824 2200 4878 unionis
2229 4824 2434 4888 turbat,
2469 4825 2514 4879 si
2543 4825 2784 4880 Verbum
2837 4843 2947 4880 non
2977 4827 3130 4883 dedit
3177 4830 3394 4898 corpori
3437 4847 3536 4886 suo

1973 4931 2001 4968 a
2027 4915 2321 4985 principio,
2357 4917 3035 4987 utessetincorruptibile,
3064 4919 3158 4974 sed
3191 4936 3346 4990 reque
3373 4932 3536 4993 atque

1975 5007 2135 5063 nobis
2165 5007 2298 5077 ipsis
2330 5007 2432 5076 ipsi
2472 5007 2527 5061 in
2555 5015 2836 5076 posterum
2865 5008 2970 5063 hoc
3004 5009 3324 5064 reservavit.

2043 5185 2108 5242 0.
2144 5185 2332 5254 Majori
2368 5185 2698 5250 reverentia,
2735 5187 2958 5256 inquam
2995 5201 3118 5257 ego,
3173 5185 3398 5258 dignum
3426 5196 3532 5250 est,

1975 5278 2160 5334 dicere
2191 5279 2388 5334 factam
2425 5293 2546 5333 esse
2572 5287 2698 5348 post
2717 5277 2938 5348 aliquod
2967 5285 3182 5346 tempus
3201 5275 3536 5344 assumptio-
3571 5343 3582 5354 .

1973 5385 2097 5424 nem
2121 5369 2360 5434 Domini,
2383 5377 2436 5424 el
2469 5368 2536 5424 ad
2575 5369 2858 5424 dexteram
2898 5367 2954 5423 in
2980 5367 3134 5424 caelis
3187 5378 3530 5424 consessum,
