3954 6148
449 297 577 364 1351

1693 297 2003 361 LEONTII
2044 300 2452 364 ΒΥΖΑΝΤΙΝΙ

3571 297 3718 364 1352

443 423 504 470 et
547 427 657 468 non
686 427 717 468 a
751 409 1028 483 principio
1053 409 1296 466 unionis.
1321 410 1443 466 Non
1475 411 1622 466 enim
1659 411 1797 466 mibi
1826 411 1908 467 fas
1937 420 2024 466 est

2144 428 2191 464 :x
2241 409 2470 482 πρώτης
2517 408 2786 474 ἑνώσεως.
2848 411 2924 463 Οὐ
2968 409 3079 482 γὰρ
3122 411 3281 482 θέμις
3324 411 3515 482 ἔμοιγε
3571 411 3713 482 ἄλλῃ

447 503 558 558 alio
587 501 753 558 modo
784 503 906 574 ejus
933 501 1153 556 laudem
1181 500 1544 571 amplificare.

517 617 583 673 Η.
609 617 718 673 Sed
743 619 789 672 si
820 617 944 680 hoc,
973 615 1176 685 inquit,
1205 615 1413 672 factum
1435 625 1542 682 est,
1587 617 1728 672 nihil
1766 617 1894 672 inde
1922 632 2022 672 no-
2081 617 2086 622 ’

448 710 535 766 bis
561 709 818 779 amplius.

519 827 583 884 Ο.
610 825 1067 898 Quare?inquam
1103 841 1226 898 ego.

521 949 584 1003 ll.
610 948 770 1016 Quia,
798 949 996 1017 inquit,
1048 962 1226 1017 neque
1283 947 1364 1002 sic
1410 947 1820 1019 gubernamur;
1851 965 2030 1021 neque

451 1041 641 1096 statim
675 1041 827 1111 iuxta
860 1039 1041 1109 ipsum
1063 1039 1304 1108 primum
1331 1048 1518 1093 ortum
1547 1040 1665 1095 sive
1696 1041 2027 1105 naturalem,

449 1135 566 1190 sive
592 1140 776 1187 ortum
799 1147 868 1186 ex
915 1130 1246 1200 baptismate
1273 1145 1506 1200 regnum
1549 1130 1817 1186 caelorum
1866 1131 2031 1187 nobis

450 1229 634 1282 datur.

521 1348 586 1403 Ο.
609 1348 686 1401 Da
714 1344 872 1408 mihi,
900 1344 1126 1413 inquam
1174 1358 1298 1414 ego,
1330 1351 1391 1396 ut
1424 1342 1531 1397 hoc
1573 1341 1739 1397 modo
1796 1341 2029 1397 habeam

453 1439 779 1513 mysterium
823 1435 1406 1506 incorruptibilitatis;
1450 1435 1586 1504 quid
1613 1450 1753 1505 opus
1791 1443 1908 1489 erat
1971 1442 2033 1488 ut

454 1534 572 1602 ipse
599 1539 790 1600 postea
841 1527 1252 1584 institutionem
1280 1527 1408 1581 vitae
1439 1527 1752 1581 communis
1780 1525 2032 1596 suscipe-

456 1633 560 1688 ret,
587 1624 630 1678 si
657 1638 768 1677 non
789 1623 901 1694 jam
928 1622 984 1675 in
1008 1621 1130 1690 ipso
1157 1618 1462 1675 secundum
1511 1619 1742 1687 primam
1783 1618 2033 1688 corporis

452 1715 572 1786 ejus
600 1713 978 1768 formationem
1011 1712 1182 1767 totius
1233 1709 1479 1782 mysterii
1508 1708 1906 1780 perfectionem
1943 1709 2035 1763 ha-

454 1805 686 1860 bemus?
719 1803 775 1858 Si
811 1803 960 1860 enim
999 1803 1118 1858 haec
1162 1818 1274 1856 non
1312 1803 1392 1856 sic
1439 1810 1597 1884 sunt,
1649 1801 1820 1871 igitur
1851 1816 2032 1870 neque

454 1907 621 1952 totam
657 1905 884 1968 propter
912 1911 1012 1950 nos
1048 1894 1411 1950 mconomiam
1440 1891 1640 1948 factam
1674 1907 1795 1947 esse
1819 1891 2033 1962 reperi-

453 2006 596 2052 mus,
639 1989 736 2045 sed
777 1989 956 2058 ipsum
993 1995 1205 2042 tantum
1239 1985 1488 2058 mysterii
1531 1984 1884 2056 prommium.

525 2113 590 2168 Il.
623 2111 932 2179 Quomodo,
958 2109 1160 2180 inquit,
1189 2105 1296 2161 hoc
1337 2106 1518 2161 dicis?
1547 2105 1669 2160 Non
1711 2105 1858 2162 enim
1881 2103 2029 2175 quod

455 2204 642 2258 disisti
681 2203 950 2273 intelligo.

524 2325 588 2382 Ο.
625 2325 806 2392 Quod,
843 2333 905 2379 ut
965 2332 1023 2379 tu
1055 2323 1160 2390 ais,
1205 2324 1431 2395 inquam
1483 2339 1611 2396 ego,
1649 2324 1758 2380 erit
1805 2323 2030 2394 quidem

455 2423 774 2475 incarnatus
809 2427 1034 2488 propter
1091 2432 1213 2482 nos,
1237 2428 1295 2472 et
1339 2427 1568 2487 propter
1625 2425 1872 2470 nostram
1903 2415 2031 2470 inde

457 2509 1072 2580 incorruptibilitatem;
1107 2517 1364 2564 versatus
1405 2522 1538 2563 vero
1575 2507 1629 2562 in
1658 2507 1796 2570 vita,
1827 2515 1884 2561 et
1908 2521 2034 2577 pas-

457 2618 572 2666 sus,
597 2616 662 2656 ac
679 2599 975 2655 suscitatus
996 2599 1187 2654 nescio
1208 2615 1400 2668 quare.
1427 2598 1485 2653 Si
1513 2613 1646 2653 vero
1684 2597 2033 2667 propositum

457 2703 576 2748 erat
631 2693 902 2747 suscitare
947 2705 1074 2745 eum
1115 2689 1212 2759 qui
1263 2690 1582 2754 ceciderat,
1638 2697 1696 2744 et
1731 2704 1800 2744 ex
1854 2699 2032 2744 morte

459 2783 732 2838 redimere
793 2790 956 2850 atque
1002 2779 1072 2834 ad
1134 2779 1301 2833 vitam
1369 2794 1652 2844 revocare,
1711 2787 1769 2834 et
1807 2787 1868 2834 ut
1909 2795 2034 2835 cor-

457 2890 594 2946 pore
649 2872 1056 2944 incorruptibili
1106 2871 1252 2926 facto
1288 2869 1732 2941 splendesceret:
1768 2871 1886 2926 haec
1920 2887 2031 2926 non

457 2968 622 3022 aliter
647 2966 868 3021 abunde
897 2965 1060 3020 nobis
1111 2963 1303 3019 adesse
1332 2971 1607 3033 poterant,
1661 2979 1825 3033 quam
1850 2963 1894 3018 si
1925 2963 2032 3017 Do-

461 3061 644 3115 minus
703 3049 1140 3126 unumquodque
1203 3055 1399 3109 borum
1456 3055 1512 3108 in
1575 3055 1796 3124 propria
1867 3072 2032 3110 carne

459 3151 922 3206 demonstrasset:
958 3148 1074 3202 haec
1095 3155 1279 3200 autem
1311 3145 1518 3210 omnia,
1546 3155 1607 3200 ut
1632 3161 1729 3200 vos
1751 3145 1975 3215 putatis,
2001 3162 2033 3200 a

459 3240 731 3313 principio
759 3239 980 3294 uuionis
1003 3254 1034 3293 a
1053 3239 1284 3292 Domino
1336 3237 1578 3307 perfecta
1610 3245 1762 3302 sunt,
1800 3253 2032 3308 corpore

458 3341 580 3409 ejus
601 3353 668 3393 ex
690 3337 806 3408 ipsa
849 3335 1486 3406 unioueincorruptibili
1541 3335 1706 3390 facto.
1757 3335 2034 3390 Habemus

460 3429 629 3498 igitur
647 3443 712 3481 ex
749 3426 868 3496 ipso
912 3426 1090 3496 primo
1147 3424 1393 3496 mysterii
1434 3424 1596 3479 initio
1635 3432 1809 3478 totum
1833 3434 2036 3496 myste-

459 3522 639 3576 rium:
671 3531 1077 3587 supervacanea
1121 3514 1225 3568 fuit
1247 3514 1460 3584 reliqua
1509 3513 1773 3582 deinceps
1806 3527 2033 3567 meone-

459 3610 591 3666 mia.
629 3608 783 3664 Sicut
807 3607 953 3662 enim
974 3606 1018 3660 si
1052 3605 1230 3675 primo
1276 3603 1524 3659 remedio
1577 3603 1791 3672 integra
1827 3603 2034 3656 sanitas

459 3703 621 3774 aegris
667 3702 1014 3762 restituatur,
1069 3713 1412 3768 supervacua
1481 3704 1569 3751 est
1627 3704 1817 3765 postea
1865 3710 2032 3764 opera

461 3795 828 3856 medicorum,
855 3790 1027 3846 semel
1057 3787 1428 3843 invalitudine
1455 3793 1744 3855 superata:
1779 3784 1859 3838 sic
1879 3785 1925 3839 si
1966 3799 2036 3837 ex

462 3887 581 3956 ipsa
624 3885 828 3938 unione
859 3897 986 3935 cum
1017 3894 1184 3934 carne
1235 3878 1446 3931 bonum
1487 3873 2036 3945 incorruptibilitatis

461 3976 625 4032 nobis
657 3973 908 4034 immisit,
933 3971 1114 4026 omnis
1141 3970 1358 4038 reliqua
1400 3967 1660 4022 circuitio
1681 3977 1738 4022 et
1793 3967 2036 4026 ambitus

460 4065 706 4138 mysterii
743 4063 1056 4134 superfluus
1089 4069 1195 4116 est.
1227 4060 1332 4115 Sed
1363 4059 1636 4122 existimo,
1686 4057 1913 4113 evenire
1939 4074 2037 4113 vo-

459 4159 566 4216 bis.
595 4167 657 4214 ut
681 4156 762 4212 sic
785 4155 1014 4225 putetis,
1035 4152 1182 4224 quod
1209 4150 1476 4223 ignoratis
1489 4150 1652 4204 aliam
1672 4150 1895 4220 quidem
1913 4165 2036 4206 esse

461 4248 730 4303 rationem
778 4234 1124 4302 formationis
1181 4243 1468 4310 corporis,
1515 4242 1682 4297 alium
1745 4258 1880 4299 vero
1921 4259 2038 4297 mo-

459 4341 591 4396 dum
622 4339 862 4396 unionis.
894 4338 1072 4408 Atque
1125 4337 1257 4391 illud
1279 4335 1506 4407 quidem
1546 4351 1614 4390 ex
1643 4337 1938 4406 praesentia
1978 4341 2037 4389 et

461 4433 702 4489 adventu
741 4431 984 4501 Spiritus
1009 4429 1182 4485 sancti
1211 4427 1510 4492 exstitisse,
1557 4427 1654 4497 qui
1694 4425 1830 4482 illud
1856 4435 1918 4480 ut
1951 4425 2036 4480 ef-

462 4525 638 4578 fector
677 4520 966 4585 formavit;
1018 4518 1282 4572 unionem
1341 4532 1474 4572 vero
1511 4531 1622 4570 non
1668 4531 1736 4572 ex
1769 4514 2032 4585 energia,

2130 518 2252 565 πως
2283 501 2450 556 αὐτόν
2481 518 2613 556 ποτε
2647 500 2996 574 μεγαλύνειν.

2199 625 2265 676 Α.
2305 620 2446 674 Ἀλλ’
2473 623 2522 674 εἰ
2549 621 2645 676 καὶ
2669 621 2831 676 τοῦτο
2854 623 3112 692 γενέσθαι
3138 623 3512 698 συμϐέϐηκεν,
3529 622 3711 694 εἶπεν,

2133 711 2242 766 οὐδ’
2270 711 2337 766 ἂν
2365 709 2434 785 ἦν
2462 731 2516 766 τι
2547 713 2797 768 ἐντεῦθεν
2827 715 2992 768 πλέον
3019 719 3172 788 ἡμῖν.

2203 834 2264 887 0.
2304 831 2411 886 Τοῦ
2437 831 2502 903 δὴ
2527 833 2723 906 χάριν;
2757 831 2912 890 εἷπον
2941 835 3073 904 ἐγώ.

2201 955 2268 1006 Α.
2305 953 2596 1024 Διότιπερ,
2639 953 2774 1024 ἔφη,
2823 955 2963 1025 μηδὲ
3020 955 3195 1022 οὕτως
3247 961 3708 1034 οἰκονομούμεθα,

2131 1045 2244 1099 είτε
2276 1045 2378 1116 τὴν
2405 1044 2664 1116 φυσικὴν,
2695 1045 2808 1099 εἴτε
2833 1049 2929 1100 τοῦ
2960 1047 3365 1122 βαπτίσματος,
3404 1057 3436 1126 ὴ
3469 1055 3581 1109 τῶν
3611 1059 3712 1110 οὓ-

2135 1137 2316 1208 ρανῶν
2346 1139 2481 1208 ἡμῖν
2507 1137 2710 1192 δίδοται
2739 1138 3014 1210 βασιλεία.

2205 1347 2269 1400 0.
2320 1343 2506 1417 Ταύτῃ
2556 1361 2650 1416 μοι
2693 1343 2838 1399 δίδου
2865 1385 2881 1412 ,
2936 1347 3072 1419 πρὸς
3114 1347 3279 1404 αὐτὸν
3310 1343 3487 1418 εἷπον,
3521 1353 3617 1407 καὶ
3645 1353 3712 1408 τὸ

2133 1440 2232 1510 τῆς
2275 1439 2588 1510 ἀφθαρσίας
2635 1438 2783 1509 ἔχειν
2834 1441 3174 1511 μυστήριον·
3230 1441 3315 1506 τίς
3352 1445 3463 1514 γὰρ
3502 1440 3568 1516 ἦν
3611 1447 3710 1499 καὶ

2131 1533 2296 1602 χρεία.
2352 1531 2452 1602 τὴν
2497 1533 2578 1593 εἰς
2621 1531 2683 1584 τὸ
2713 1531 2843 1601 ἑξῆς
2875 1531 3038 1586 αὐτὸν
3067 1532 3346 1588 πολιτείαν
3375 1537 3707 1604 ἀναλαϐεῖν,

2134 1623 2368 1694 ἐχόντων
2399 1621 2559 1692 ἡμῶν
2587 1623 2645 1675 ὲν
2669 1621 2821 1690 αὐτῴ
2851 1625 2992 1678 κατὰ
3016 1623 3112 1694 τὴν
3140 1627 3365 1698 πρώτην
3391 1627 3705 1698 διάπλασιν,

2133 1716 2232 1787 τὴν
2298 1714 2392 1768 τοῦ
2457 1715 2662 1778 παντὸς
2719 1715 3026 1788 μυστηρίου
3086 1717 3414 1785 τελείωσινς
3483 1721 3542 1774 Ei
3595 1723 3709 1792 γὰρ

2139 1807 2216 1880 μὴ
2247 1806 2423 1860 ταῦτα
2453 1806 2630 1872 οὕτως
2653 1845 2668 1870 ,
2725 1807 2850 1860 οὐδὲ
2883 1809 3068 1862 πᾶσαν
3096 1811 3430 1880 γεγενῆσθαι
3461 1812 3529 1866 δι’
3556 1815 3710 1884 ἡμᾶς

2135 1899 2234 1970 τὴν
2284 1899 2602 1961 οἰκονομίαν
2653 1898 3016 1969 εὑρίσκομεν,
3076 1901 3196 1954 ἀλλ’
3247 1902 3382 1955 αὐτὸ
3433 1903 3593 1973 μόνον
3645 1906 3707 1958 τὸ

2135 1989 2231 2044 τοῦ
2262 1989 2566 2061 μυστηρίου
2599 1989 2910 2058 προοίμιον.

2203 2110 2270 2164 Α.
2307 2110 2454 2175 Πῶς,
2481 2109 2612 2180 ἔφη,
2639 2107 2802 2162 τοῦτο
2829 2108 3040 2178 λέγειςς
3077 2111 3140 2164 οὐ
3167 2112 3279 2185 γὰρ
3304 2113 3370 2186 δὴ
3398 2115 3492 2170 τοῦ
3515 2118 3705 2188 ρηθέν-

2132 2216 2226 2264 τος
2259 2201 2512 2272 συνίημι.

2203 2324 2262 2378 0.
2299 2322 2421 2376 Ὀτι
2451 2337 2516 2392 γε
2543 2320 2610 2394 δὴ
2639 2322 2784 2376 κατὰ
2809 2323 2936 2384 τοὺς
2965 2307 3113 2388 σοὺς,
3143 2323 3302 2396 ἔφην,
3331 2325 3543 2395 λόγους,
3571 2345 3708 2401 σαρ-

2135 2414 2336 2478 κωθείς
2387 2413 2487 2485 μὲν
2533 2413 2686 2468 ἔσται
2734 2414 2802 2468 δι’
2835 2415 2984 2485 ἡμᾶς
3033 2418 3128 2468 καὶ
3162 2416 3262 2487 τὴν
3290 2417 3541 2471 ἐντεῦθεν
3573 2421 3706 2488 ἡμῖν

2134 2504 2446 2576 ἀφθαρσίαν
2467 2545 2482 2570 ,
2540 2505 3006 2576 πεπολιτευμένος
3035 2505 3094 2558 δὲ
3126 2507 3316 2562 παθών
3347 2525 3404 2562 τε
3451 2516 3542 2563 καὶ
3569 2512 3707 2565 ἀνα-

2138 2599 2271 2662 στὰς
2293 2639 2307 2664 ,
2365 2599 2466 2650 οὐκ
2499 2592 2598 2650 οἶδ’
2629 2595 2748 2650 ἀνθ’
2773 2597 2920 2650 ὅτου.
2975 2596 3039 2650 Εἰ
3064 2598 3125 2670 δὲ
3155 2600 3359 2663 σκοπὸς
3390 2603 3488 2668 μιν
3515 2597 3582 2672 ἦν
3615 2603 3708 2656 τὸν

2135 2691 2376 2744 πεσόντα
2407 2688 2716 2757 ἀναστῆσαι
2741 2727 2756 2751 ,
2811 2689 2909 2741 καὶ
2941 2689 3008 2742 ὲκ
3034 2688 3268 2742 θανάτου
3303 2691 3708 2763 λυτρώσασθαι,

2135 2783 2230 2834 καὶ
2281 2782 2362 2843 εἰς
2401 2779 2547 2850 ζωὴν
2591 2778 2826 2834 καλέσαι
2861 2781 2957 2834 καὶ
2988 2782 3318 2846 ἀναϐίωσιν,
3355 2785 3619 2856 ἀφθάρτῳ
3647 2803 3710 2841 τε

2133 2872 2597 2944 καταλαμπρῦναι
2629 2871 2878 2942 σώματι,
2915 2869 3088 2926 ταῦτα
3115 2872 3171 2926 δὲ
3206 2875 3339 2942 ἡμῖν
3369 2877 3466 2946 οὐχ
3498 2878 3711 2948 ἑτέρως

2135 2965 2484 3038 περιεγίνετο
2509 3004 2524 3028 ,
2582 2964 2658 3034 μὴ
2686 2963 2810 3033 οὐχί
2837 2961 2927 3016 τοῦ
2955 2965 3161 3032 Κυρίου
3191 2965 3250 3016 ἐν
3277 2968 3342 3035 τῇ
3373 2967 3481 3036 ἰδίᾳ
3511 2972 3704 3038 σαρκὶ,

2133 3059 2339 3112 τούτων
2385 3057 2620 3110 ἕκαστον
2673 3055 3078 3125 ἐπιδειξαμένου
3107 3069 3124 3086 ·
3189 3055 3363 3127 ταύτῃ
3411 3057 3467 3110 δὲ
3517 3063 3697 3113 πάντα

2135 3149 2258 3203 καθ’
2306 3149 2451 3218 ὑμᾶς
2501 3149 2567 3202 ἐκ
2617 3147 2836 3215 πρώτης
2881 3149 3122 3210 ἑνώσεως
3177 3149 3284 3201 ὑπὸ
3333 3149 3428 3202 τοῦ
3481 3150 3690 3221 Κυρίου

2149 3241 2491 3302 τετέλεσται,
2528 3241 2588 3294 τὸ
2617 3240 2814 3293 ἑαυτοῦ
2843 3239 2999 3310 σῶμα
3025 3239 3160 3310 πρὸς
3185 3239 3495 3312 ἀφθαρσίαν
3529 3260 3704 3312 μετα-

2137 3335 2504 3404 κεράσαντος,
2560 3331 2758 3403 ἔχομεν
2809 3329 2870 3394 ἐξ
2913 3331 3080 3400 αὐτῆς
3118 3331 3226 3400 ἄρα
3273 3333 3367 3384 τοῦ
3404 3334 3708 3403 μυστηρίου

2135 3426 2236 3494 τῆς
2267 3424 2491 3496 πρώτης
2515 3423 2702 3498 ¹ἀρχῆς
2735 3423 2794 3475 τὸ
2825 3423 2936 3475 πᾶν
2969 3422 3064 3476 τοῦ
3097 3426 3436 3492 μυστηρίου,
3483 3428 3577 3478 καὶ
3614 3441 3711 3478 πε-

2140 3515 2294 3586 ριττὴ
2337 3513 2524 3566 λοιπὸν
2569 3515 2602 3584 ὴ
2637 3513 2766 3584 ἑξῆς
2796 3513 3110 3582 οἰκονομία.
3161 3513 3377 3586 Ὥσπερ
3405 3517 3516 3588 γὰρ
3545 3519 3594 3570 εί
3623 3517 3712 3571 διὰ

2137 3607 2357 3678 πρώτου
2403 3608 2700 3678 φαρμάκου
2753 3606 2940 3660 τελεία
3003 3607 3117 3669 τοῖς
3171 3607 3482 3677 κάμνουσιν
3529 3609 3710 3676 ὑγίεια

2137 3697 2522 3767 προσεγίνετο,
2582 3695 2819 3767 περιττὴ
2873 3695 3066 3749 λοιπὸν
3115 3698 3150 3768 ἡ
3202 3699 3345 3766 μετὰ
3385 3697 3558 3752 ταῦτα
3596 3702 3711 3762 τοῖς

2140 3792 2344 3860 ίατροῖς
2375 3790 2844 3860 ἑπιτετηδευμένη
2879 3790 3022 3844 κατὰ
3049 3791 3150 3860 τῆς
3179 3790 3329 3855 ἅπαξ
3351 3793 3711 3862 νενικημένης

2137 3883 2447 3956 ἀρρωστίας
2478 3883 2719 3952 σπουδή·
2769 3883 2863 3934 τὸν
2895 3883 3062 3936 αὐτὸν
3090 3881 3404 3962 δὴτρρπον,
3441 3885 3489 3936 εί
3522 3887 3585 3938 ὲκ
3612 3885 3711 3952 τῆς

2138 3974 2386 4038 ὲνώσεως
2435 3975 2534 4045 τῆς
2585 3975 2722 4045 πρὸς
2769 3974 2868 4046 τὴν
2915 3976 3130 4044 σάρκα,
3177 3975 3241 4027 τὸ
3271 3977 3371 4046 τῆς
3400 3977 3710 4046 ἀφθαρσίας

2138 4066 2332 4136 ἐνῆκεν
2361 4067 2496 4136 ἡμῖν
2524 4066 2752 4134 ἀγαθὸν,
2791 4066 3025 4136 περιττὴ
3055 4067 3206 4119 πᾶσα
3234 4068 3268 4136 ὴ
3298 4067 3462 4138 λοιπὴ
3489 4069 3582 4122 τοῦ
3608 4087 3711 4138 μυ-

2141 4155 2364 4225 στηρίου
2417 4155 2686 4225 περίοδος.
2747 4155 2890 4208 Ἀλλ’
2928 4154 3083 4226 οἴμαι
3115 4157 3280 4210 τοῦτο
3307 4157 3538 4229 πάσχειν
3565 4161 3713 4229 ὑμᾶς

2137 4245 2469 4314 ἀγνοοῦντας
2495 4286 2510 4308 ,
2569 4246 2652 4299 ὅτι
2701 4246 2861 4310 ἄλλος
2895 4246 2997 4318 μὲν
3027 4249 3056 4301 ὁ
3081 4246 3242 4314 λόγος
3271 4248 3375 4318 τῆς
3401 4247 3714 4310 οὐσιώσεως

2137 4338 2236 4393 τοῦ
2267 4337 2547 4410 σώματος,
2583 4337 2744 4401 ἄλλος
2771 4337 2828 4392 δὲ
2860 4340 2888 4390 ὀ
2917 4339 3018 4408 τῆς
3049 4340 3298 4405 ἑνὼσεως
3321 4343 3543 4410 τρόπος.
3601 4343 3714 4395 Καὶ

2137 4431 2220 4484 ὃτι
2271 4431 2333 4485 τὸ
2374 4431 2476 4502 μὲν
2521 4429 2768 4500 ὑπῆρξεν
2811 4429 2961 4502 αὒτῷ
3008 4431 3075 4484 ὲκ
3120 4432 3222 4501 τῆς
3259 4431 3354 4486 τοῦ
3389 4432 3716 4502 Πνεῦματος

2139 4521 2441 4590 παρουσίας
2489 4520 2585 4573 καὶ
2631 4519 2931 4590 δνδημίας,
2982 4519 3402 4591 δημιουργικῶς
3429 4523 3563 4576 αὐτὸ
3590 4523 3712 4576 δια-

461 4617 576 4671 sive
640 4613 960 4684 operatione
1009 4609 1198 4673 Verbi,
1248 4606 1344 4662 sed
1388 4623 1454 4662 ex
1508 4616 1620 4662 tota
1673 4617 1727 4663 et
1781 4607 2035 4662 substan-

2145 4611 2514 4682 πλαττούσηςο
2547 4611 2609 4663 τὸ
2634 4610 2691 4663 δὲ
2717 4613 2816 4662 οὐκ
2851 4613 2914 4664 ἐκ
2941 4611 3042 4681 τῆς
3071 4611 3166 4664 τοῦ
3195 4615 3372 4679 Λόγου
3398 4616 3670 4684 ἑνερίεὶας
3691 4656 3710 4680 ,

463 4709 577 4764 tiali
628 4705 852 4760 unione.
898 4703 1086 4758 Virtus
1127 4700 1276 4754 enim
1331 4699 1568 4768 Spiritus
1612 4699 1788 4754 sancti
1843 4698 2036 4754 fecun—

465 4803 690 4856 ditatem
720 4795 930 4865 Virgini
958 4789 1351 4862 suppeditavit,
1397 4799 1455 4844 ut
1479 4789 1702 4858 quidam
1755 4788 1900 4858 apud
1932 4802 2036 4842 nos

464 4896 622 4951 valde
655 4895 936 4962 eleganter
951 4887 1124 4954 dixit;
1155 4895 1212 4940 et
1248 4885 1503 4940 formatio
1554 4884 1878 4953 substantiae
1906 4897 2032 4938 cor-

467 4984 618 5056 poris
647 4999 714 5038 ex
732 4981 943 5051 Spiritu
972 4989 1164 5035 sancto
1196 4986 1281 5033 est
1308 4976 1614 5032 secundum
1654 4974 2032 5044 Operationem

465 5074 589 5144 ejus
641 5070 975 5125 eﬂ'ectriccm
1028 5067 1349 5129 constituta,
1427 5065 1656 5119 materia
1733 5071 1917 5117 autem
1967 5077 2035 5116 ex

466 5160 691 5232 Virgine
748 5165 968 5227 sumpta
1017 5167 1123 5212 est.
1157 5157 1395 5211 Verbum
1426 5165 1608 5208 autem
1661 5154 1922 5223 templum
1967 5153 2038 5208 ab

467 5251 677 5322 Spiritu
702 5255 894 5306 sancto
919 5234 1026 5301 sibi
1075 5246 1404 5300 fabricatum
1427 5245 1484 5298 in
1540 5244 1659 5312 ipsa
1712 5243 1890 5314 prima
1927 5243 2039 5298 for-

408 5371 424 5386 ο
468 5343 710 5401 matione
771 5337 1062 5400 inhabitat,
1136 5351 1248 5392 non
1296 5345 1632 5406 exspectata,
1690 5345 1750 5390 ut
1813 5335 2037 5405 quidam

466 5441 620 5489 recte
640 5430 800 5494 dixit,
829 5430 1304 5483 consummatione
1329 5427 1542 5497 templi,
1595 5427 1690 5483 sed
1727 5426 1910 5498 primo
1937 5427 2040 5481 iui-

471 5519 551 5576 tio
577 5515 874 5572 ineﬂ'abilis
907 5515 1248 5580 oeconomiae,
1299 5513 1354 5569 id
1405 5523 1491 5572 est
1557 5515 2038 5574 incarnationisdn

474 5611 590 5679 Ipsa
611 5617 822 5663 natura:
851 5605 1069 5662 officina
1090 5607 1326 5671 unitum,
1377 5615 1552 5663 totum
1587 5607 1880 5663 adificium
1935 5607 2039 5660 sibi

481 5699 868 5756 circumdedit.
915 5698 1033 5754 Non
1085 5699 1229 5754 enim
1285 5698 1429 5754 facto
1486 5714 1738 5770 corpore,
1782 5700 1863 5756 sic
1908 5699 2043 5754 foris

2141 4701 2324 4757 ἀλλ’ὲκ
2344 4703 2440 4772 τῆς
2460 4701 2592 4772 πρὸς
2612 4699 2774 4754 αὑτὸν
2794 4701 2986 4770 ὁλικῆς
3007 4702 3102 4755 καὶ
3117 4702 3412 4768 οὐσιὼδους
3437 4704 3711 4766 ἐνώσεως.

2143 4795 2216 4847 Τὸ
2259 4793 2358 4864 μὲν
2391 4795 2500 4864 γὰρ
2539 4793 2776 4876 γόνιμον.
2796 4795 2864 4863 τῇ
2897 4793 3164 4864 Παρθένῳ
3205 4795 3238 4864 ή
3269 4794 3363 4848 τοῦ
3394 4796 3720 4867 Πνεύματος

2140 4883 2368 4953 δύναμις
2396 4884 2755 4954 ἐχορήγησεν,
2791 4881 2866 4946 ῶς
2895 4901 2980 4947 τις
3010 4883 3117 4936 τῶν
3149 4885 3281 4954 παρ’
3305 4886 3440 4956 ἡμῖν
3466 4890 3719 4957 ε⁷ρηκεν,

2141 4974 2234 5026 καὶ
2295 4972 2418 5026 λίαν
2474 4972 2696 5036 καλῶς·
2769 4975 2864 5028 καὶ
2919 4975 2954 5044 ἡ
3007 4975 3264 5040 οὑσίωσις
3313 4976 3411 5030 τοῦ
3461 4977 3718 5048 σώματα,

2143 5067 2207 5117 ὲκ
2242 5063 2562 5134 Πνεύματός
2592 5065 2743 5118 ἐστιν
2771 5064 2930 5132 ἁγίου
2949 5105 2964 5129 ,
3011 5067 3152 5120 κατὰ
3182 5067 3281 5136 τὴν
3309 5066 3686 5138 δημιουργικὶξ
3706 5088 3724 5124 ι

2136 5153 2305 5208 αὑτοῦ
2357 5155 2602 5208 συστᾶσα
2680 5153 3006 5226 ἐνέργειαν,
3067 5156 3132 5209 ὲκ
3178 5158 3236 5211 δὲ
3293 5158 3395 5225 τῆς
3445 5161 3722 5214 (νεοτὸκου

2138 5247 2172 5316 ἡ
2219 5245 2318 5315 ὕλη
2368 5247 2468 5316 τῆς
2511 5246 2700 5311 οὐσίας
2749 5247 3179 5320 προσείληπται.
3216 5249 3275 5304 '0
3318 5249 3378 5303 δὲ
3416 5250 3596 5320 Λόγος
3627 5253 3726 5305 τὸν

2138 5339 2204 5390 ἐκ
2232 5335 2326 5389 τοῦ
2357 5335 2497 5390 Πνεύ
2507 5355 2676 5409 ματος
2705 5339 3032 5409 κτιζόμενον
3057 5325 3208 5410 αὐτῷ
3233 5341 3382 5407 ναὸν,
3406 5341 3527 5396 κατ’
3547 5344 3726 5411 αὐτὴν

2143 5428 2242 5500 τὴν
2291 5427 2514 5498 πρώτην
2564 5431 2766 5484 ἐνοικεῖ
2813 5431 3105 5486 διάπλασιν
3131 5449 3145 5463 ο
3209 5432 3331 5488 οῦδὲ
3383 5435 3725 5504 ἀναμείνας,

2145 5520 2221 5584 ὡς
2244 5515 2366 5574 είπέ
2389 5519 2492 5574 πού
2517 5538 2604 5584 τις
2627 5520 2806 5593 ὀρθῶς
2826 5522 3026 5592 λέγων,
3045 5523 3146 5594 τὴν
3168 5523 3455 5580 τελείωσιν
3478 5525 3576 5580 τοῦ
3597 5526 3728 5588 νεὼ.

2146 5612 2284 5666 ἀλλὰ
2312 5615 2379 5683 τῇ
2408 5612 2601 5687 πρώτῃ
2628 5612 2730 5684 τῆς
2755 5615 3002 5686 ἀρρήτου
3029 5616 3344 5685 οἰκονομίας
3371 5619 3541 5689 ἀρχῇ,
3569 5617 3630 5672 ἂν
3649 5615 3730 5684 τῷ

2149 5701 2247 5770 τῆς
2279 5699 2495 5771 φύσεως
2527 5703 2880 5772 ἐργαστηρίῳ
2925 5705 3249 5772 συναφθεὶς,
3299 5707 3402 5778 τὴν
3435 5708 3732 5778 οἰκοδομὴν
