3954 6148
363 293 464 356 ’ἶῖιϐ

1384 293 1681 354 CONTRA
1716 295 2034 358 NESTOR.
2075 301 2170 360 ET
2210 303 2529 366 EUTYCH.

3445 321 3582 390 135i

322 408 506 460 πᾶσαν
553 402 732 474 ἐαυτῷ
777 403 1173 476 περιτέθεικεν.
1234 403 1309 457 03
1354 405 1461 477 γὰρ
1504 407 1568 476 δὴ
1596 412 1865 478 γενομένοε

1999 413 2244 478 advenit,
2279 417 2374 470 sed
2419 435 2477 472 se
2522 419 2698 488 ipsum
2747 422 3170 493 eireuminduit,
3221 436 3276 483 et
3323 441 3577 492 naturam

319 497 416 552 τοῦ
445 497 722 568 σώματος,
758 495 901 550 οὕτω
928 495 1165 566 θύραθεν
1193 497 1356 560 αὐτὸς
1385 499 1742 569 ἐπεισῆλθεν,
1781 500 1896 553 ἀλλ’

319 589 516 643 ἑαυτὸν
547 588 914 659 περιπλάσας,
951 589 1402 660 ἀγαλματοφορεῖ
1430 590 1490 642 τὸ
1515 591 1808 662 ἡμέτερον.

390 681 502 752 Τήν
551 681 733 734 τοίνυν
784 681 1028 750 ίδιότητα
1079 681 1174 734 τοῦ
1229 681 1482 753 σώματος
1537 685 1638 736 οὐκ
1689 687 1752 736 ὲκ
1799 687 1898 755 τῆς

316 773 412 827 τοῦ
462 773 638 841 Λόγου
667 773 958 844 γνωρίζειν
1005 773 1155 828 ἐστιν
1195 775 1467 839 ὲνὼσεως,
1526 776 1642 828 ἀλλ’
1688 779 1753 830 ὲκ
1798 780 1898 848 τῆς

315 863 414 916 τοῦ
452 863 776 934 Πνεῦματος
811 863 1128 936 δυνάμεως,
1177 865 1614 939 διαπλαττούσης
1640 870 1771 922 αὐτὸ
1805 870 1898 924 καὶ

317 954 738 1026 διαμορφούσης
759 995 773 1017 ,
833 953 958 1024 δίχα
1005 956 1114 1011 τῶν
1154 959 1529 1029 πρωτουργῶν
1555 962 1654 1030 τῆς
1681 959 1896 1029 φύσεως

313 1046 568 1116 ὀργάνων
593 1063 608 1078 ⁸
665 1047 765 1117 τὴν
794 1047 851 1100 δὲ
883 1049 1304 1119 ἀναμαρτησίαν
1343 1052 1439 1104 καὶ
1469 1049 1568 1122 τὴν
1590 1051 1720 1121 ὃλην
1745 1052 1897 1119 ἁγιό-

313 1157 484 1210 τητα,
521 1142 624 1210 τήν
651 1159 713 1194 τε
743 1140 934 1212 ὀλικὴν
967 1141 1106 1210 πρὸς
1134 1143 1259 1198 ὅλον
1293 1143 1382 1197 τὸν
1412 1145 1674 1216 εἰληφότα
1701 1145 1895 1200 ἕνωσιν

287 1234 410 1301 Δκαί
439 1233 765 1303 ἀνάκρασιν,
805 1236 902 1287 καὶ
932 1234 992 1287 τὸ
1022 1235 1120 1288 ἕνα
1150 1251 1208 1288 τε
1237 1231 1378 1289 εἶναι
1413 1237 1506 1289 καὶ
1531 1237 1896 1308 χρηματίζειν

313 1323 466 1390 Υἱὸν,
503 1327 599 1378 καὶ
628 1325 758 1392 ὅλης
791 1325 890 1394 τῆς
925 1327 1115 1394 υῖικῆς
1149 1327 1416 1398 ἰδιότητος
1449 1330 1580 1393 τοὺς
1611 1329 1893 1400 χαρακτῆ-

315 1432 416 1486 ρας
471 1417 811 1484 φανοτάτους
846 1418 1275 1486 ἐπιφαίνεσθαι,
1336 1422 1368 1490 ή
1407 1419 1502 1473 τοῦ
1539 1421 1714 1487 Λόγου
1752 1439 1892 1492 συμ-

311 1509 454 1580 φυής
478 1510 676 1576 ἓνωσις
702 1513 1138 1582 κατειργάσατοο
1171 1511 1246 1568 ὧν
1274 1517 1642 1588 ἀναφαίρετος
1661 1520 1694 1588 ἡ
1723 1535 1896 1588 μακαο

313 1601 503 1671 ριὸτης
523 1641 536 1662 ,
590 1602 778 1674 ἐπειδὴ
812 1604 907 1656 καὶ
940 1606 972 1674 ή
1003 1605 1196 1670 ἓνωσις
1223 1605 1554 1677 ἀδιαίρετος.
1599 1607 1764 1660 Ὥστε
1793 1609 1892 1678 τήν

217 1681 234 1692 “
312 1693 413 1762 μὲν
449 1693 707 1748 σύστασιν
737 1697 834 1750 καὶ
859 1697 960 1768 τὴν
990 1697 1226 1770 ἰδιότητα
1254 1699 1348 1752 τοῦ
1379 1699 1663 1770 σώματος,
1701 1702 1764 1754 ἐκ
1792 1703 1892 1772 τῆς

2000 515 2242 561 nostram
2269 520 2444 564 ornat.

2071 682 2390 752 Proprietas
2423 685 2870 760 igitur'eorporis
2902 709 3010 747 non
3047 703 3230 764 potest
3276 714 3343 754 ex
3371 703 3577 770 unione

2004 773 2164 828 Verbi
2199 777 2477 846 cognosci,
2501 779 2595 832 sed
2618 794 2684 834 ex
2724 782 2928 838 virtute
2957 785 3199 856 Spiritus
3229 793 3430 858 sancti,
3466 795 3578 850 for-

1999 875 2182 920 mante
2213 866 2388 936 ipsum
2407 885 2610 940 corpus
2637 873 2756 928 sine
2779 877 2974 944 primis
3003 880 3388 942 instrumentis
3414 898 3578 944 natu-

2001 972 2111 1023 ταις
2145 960 2489 1015 vacationem
2523 978 2658 1017 vero
2695 980 2724 1018 a
2765 977 3012 1035 peccato,
3035 981 3091 1026 et
3119 981 3286 1029 totam
3317 980 3577 1034 sanctita-

1999 1057 2106 1103 tem
2141 1058 2419 1122 totamque
2459 1055 2718 1111 unionem
2771 1074 2895 1113 cum
2949 1070 3063 1116 toto
3114 1065 3295 1122 Verbo
3353 1085 3575 1128 carnem

1996 1152 2270 1207 sumente,
2317 1161 2552 1216 esseque
2581 1157 2636 1204 et
2667 1152 2848 1205 vocari
2881 1168 3047 1208 unum
3105 1157 3326 1226 Filium,
3367 1172 3422 1218 et
3475 1181 3574 1234 ap-

1995 1249 2192 1302 parere
2216 1237 2521 1294 clarissima
2538 1241 2690 1311 signa
2713 1244 2878 1298 totius
2915 1249 3271 1317 proprietatis
3295 1254 3412 1309 Filii
3443 1260 3574 1312 unio

1996 1326 2160 1381 Verbi
2203 1344 2325 1384 cum
2347 1341 2543 1386 natura
2600 1345 2786 1390 nostra
2833 1337 3042 1409 (ὅθ-Η)
3077 1342 3282 1408 ellecit,
3310 1362 3340 1400 a
3371 1349 3574 1417 quibus

1995 1418 2282 1476 beatitudo
2314 1424 2504 1480 divelli
2524 1443 2632 1481 non
2666 1439 2866 1498 petest,
2904 1435 3034 1502 quia
3064 1445 3121 1490 et
3157 1439 3290 1492 unio
3312 1449 3398 1496 est
3427 1443 3575 1498 inse-

1998 1511 2282 1578 parabilis.
2331 1515 2518 1586 Itaque
2582 1521 3038 1580 constitutionem
3073 1536 3129 1580 et
3177 1534 3571 1600 proprietatem

1995 1606 2248 1672 corporis
2284 1621 2350 1662 ex
2382 1610 2710 1678 operatione
2749 1613 2990 1684 Spiritus
3038 1621 3211 1676 sancti
3265 1625 3572 1691 profectam

1996 1707 2118 1748 esse
2153 1697 2540 1766 cognovimus;
2575 1701 2833 1757 unionem
2861 1719 2993 1760 vero
3024 1723 3134 1764 non
3172 1727 3238 1765 ex
3266 1714 3412 1770 nuda
3439 1732 3572 1788 opc-
3672 1736 3675 1740 '

307 1785 592 1858 ἄνεργείας
622 1787 881 1856 γενέσθαι
913 1789 1008 1842 τοῦ
1037 1769 1358 1860 Πνεύματος
1388 1769 1637 1862 ἔγνωμεν
1659 1807 1670 1819 ·
1707 1793 1807 1864 τὴν

3391 1769 3410 1770 η
3450 1769 3503 1788 τ
3521 1769 3541 1774 ,

1993 1787 2206 1856 ratione
2241 1787 2427 1856 Verbi,
2460 1793 2552 1846 sed
2583 1793 2756 1864 ipsius
2781 1797 2946 1852 Verbi
2963 1799 3311 1858 substantiali
3340 1809 3566 1864 unione.
3595 1804 3600 1810 ’

2571 1873 2641 1895 ἀι·
3312 1880 3314 1883 ’

306 1876 504 1930 ἕνωσιν
535 1879 634 1932 οὐκ
667 1881 730 1933 ὲκ
759 1883 858 1952 τῆς
883 1881 981 1935 τοῦ
1007 1883 1185 1950 Λόγου
1214 1885 1378 1955 ψιλῆς
1402 1887 1720 1958 ἐνεργείας,
1773 1888 1886 1940 ἀλλ’

303 1970 471 2024 αὐτοῦ
503 1971 596 2024 τοῦ
622 1974 801 2042 Λόγου
826 1973 1119 2041 οὖσιὼδους
1146 1978 1528 2049 ἀνακράσεως.

374 2062 485 2115 Καὶ
515 2062 688 2116 ταῦτα
729 2069 828 2134 μὲν
861 2067 1024 2136 ἡμεῖς
1055 2067 1193 2136 πρὸς
1226 2069 1319 2122 τὸν
1353 2073 1642 2142 ἐντυχόντα
1689 2078 1885 2150 πρώην

303 2155 436 2222 ἡμῖν
481 2153 854 2223 διειλέγμεθα,
885 2156 986 2220 τὰς
1029 2159 1294 2224 δοκούσας
1347 2163 1496 2234 αὐτῷ
1528 2165 1776 2236 ἀμάχους
1805 2165 1886 2233 εἰς

300 2245 580 2314 ἡμετέραν
605 2245 838 2317 δύναμιν
866 2247 1156 2330 ᾈελυκὸτες
1184 2250 1560 2323 διαπορήσεις.
1599 2256 1776 2322 Ἀξιοῦ
1786 2276 1884 2330 μεν

299 2336 357 2390 δὲ
389 2337 518 2400 τοὺς
558 2323 981 2409 ἐντευξομένους
1020 2343 1157 2412 τῷδε
1185 2343 1347 2414 ήμῶν
1385 2345 1474 2416 ,τῷ
1523 2349 1730 2420 μετρίῳ
1759 2323 1883 2402 σύν-

299 2429 564 2498 τάγματι,
595 2430 731 2500 πρὸς
765 2433 868 2496 τὰς
905 2433 1014 2487 τῶν
1047 2435 1309 2507 Πατέρων
1352 2436 1506 2508 ῖεράς
1546 2439 1878 2513 ἀναδραμεῖν

299 2520 708 2590 πραγματείας,
741 2523 798 2590 ἐξ
828 2519 903 2580 ὧν
934 2525 1030 2579 καὶ
1068 2529 1234 2598 ἡμεῖς
1268 2528 1368 2594 τάς
1415 2531 1674 2603 ἀφορμὰς
1726 2535 1877 2606 εἰλη-

299 2612 484 2680 φότες,
515 2613 689 2668 ταῦτα
722 2617 1160 2688 γεγραφήκαμεν
1183 2637 1196 2650 ·
1234 2621 1330 2675 καὶ
1365 2620 1464 2686 τὰς
1491 2625 1719 2693 χρήσεις
1742 2625 1879 2694 πρὸς

297 2703 399 2772 τὴν
435 2703 544 2758 τῶν
575 2707 884 2777 εἰρημένων
915 2708 1208 2778 βεϐαίωσιν
1241 2713 1614 2785 παρεθέμεθα.
1647 2716 1772 2788 Δοίη
1818 2719 1877 2772 δὲ

299 2795 506 2868 Κύριος
536 2798 869 2871 ἀμφοτέροις
886 2805 998 2866 τοῖς
1031 2805 1248 2876 μέρεσι,
1274 2805 1584 2878 φιλαλήθως
1612 2809 1708 2862 καὶ
1735 2811 1875 2864 κατὰ

293 2886 356 2940 τὸ
419 2889 586 2944 αὐτοῦ
644 2890 894 2964 βούλημα
949 2895 1180 2966 ζητοῦσι
1233 2897 1329 2949 καὶ
1397 2897 1871 2970 διερευνωμένοις,

296 2980 748 3055 ὲμφανιζομένην
803 2986 989 3048 αὐτοῖς
1047 2988 1231 3058 εὑρεῖν
1295 2987 1394 3057 τὴν
1426 2988 1712 3060 ἀλήθειαν,
1751 2993 1873 3062 ἥτις

2059 2059 2240 2130 Atque
2278 2062 2392 2116 haec
2420 2065 2642 2134 quidem
2671 2081 2771 2121 nos
2795 2083 2918 2122 cum
2945 2085 3011 2125 eo
3055 2073 3148 2142 qui
3177 2085 3356 2147 nuper
3373 2071 3567 2134 nobis-

1986 2165 2110 2204 cum
2140 2153 2359 2209 locutus
2385 2166 2489 2221 est,
2519 2158 2900 2227 disseruimus,
2935 2179 3059 2218 cum
3079 2179 3172 2220 eas
3233 2169 3566 2237 quaestiones

1984 2259 2106 2313 quae
2136 2247 2212 2300 illi
2243 2247 2700 2319 inexpugnabiles
2727 2253 3081 2320 videbantur,
3105 2273 3207 2326 pro
3222 2259 3436 2316 viribus
3458 2266 3566 2319 sol-

1981 2337 2184 2392 vimus.
2224 2340 2498 2410 Rogamus
2535 2352 2717 2399 autem
2740 2359 2836 2401 cos
2868 2347 2964 2417 qui
3000 2347 3147 2404 hunc
3163 2359 3417 2407 nostrum
3443 2369 3564 2410 me-

1985 2433 2232 2488 diocrem
2264 2437 2467 2492 librum
2491 2441 2871 2507 lecturisunt,
2916 2445 3068 2498 utad
3114 2461 3302 2502 sacros
3334 2449 3562 2506 Patrum

1985 2536 2252 2583 tractatus
2278 2541 2598 2586 recurrant:
2621 2548 2686 2587 ex
2710 2534 2913 2603 quibus
2933 2551 3034 2590 nos
3058 2537 3224 2593 etiam
3245 2540 3562 2611 adiumenta

1981 2617 2251 2690 cepimus,
2283 2629 2339 2674 et
2391 2621 2506 2676 haec
2559 2623 2909 2692 scripsimus,
2969 2635 3026 2679 et
3079 2631 3444 2686 auctoritates
3492 2634 3562 2688 ad

1979 2711 2458 2769 conﬁrmationem
2513 2729 2705 2770 eorum
2746 2731 2870 2786 qum
2903 2717 3050 2772 dicta
3100 2728 3251 2785 sum,
3301 2721 3562 2778 adhibui-

1983 2817 2123 2856 mus.
2160 2803 2390 2860 Tribuat
2447 2805 2714 2862 Dominus
2767 2809 3016 2878 utrisque
3067 2812 3322 2880 partibus
3375 2815 3560 2870 studio

1979 2892 2228 2948 veritatis
2255 2905 2310 2950 et
2337 2897 2642 2952 secundum
2667 2899 3008 2955 voluntatem
3042 2902 3162 2974 ejus
3184 2906 3559 2974 quicrentlbus

1977 2993 2034 3039 et
2065 2987 2465 3054 scrutantibus,
2499 2999 2561 3044 nt
2603 2991 2891 3048 veritatem
2932 2993 3038 3048 sibi
3088 3003 3368 3054 ostensam
3401 2999 3558 3056 inver-

293 3072 413 3125 ἐστὶ
443 3075 698 3142 Χριστὸς
737 3079 771 3131 ό
807 3077 906 3130 ἐπὶ
939 3077 1183 3131 πάντων
1217 3078 1382 3144 Θεὸς,
1404 3071 1448 3146 ᾧ
1479 3081 1511 3150 ὴ
1536 3080 1662 3148 δόξα
1691 3084 1786 3136 καὶ
1811 3081 1865 3136 τὸ

1979 3077 2155 3141 niam,
2181 3093 2304 3146 qua:
2335 3087 2420 3132 est
2460 3079 2700 3134 Christus
2741 3099 2902 3153 super
2955 3088 3139 3140 omnia
3171 3087 3314 3142 Deus
3369 3091 3432 3156 ",
3467 3095 3556 3148 cui

293 3163 497 3234 κράτος
526 3167 608 3227 εἰς
641 3165 768 3231 τοὺς
796 3167 1024 3230 αἰῶνας.
1067 3169 1266 3238 Ἀμήν.

289 3274 614 3343 Προοίμιον
644 3274 764 3328 τῶν
793 3276 1070 3343 χρήσεων
1099 3277 1250 3331 κατὰ
1291 3277 1865 3346 Ἀςι-θαρτοδοκητῶν.

373 3513 710 3589 Ἑπειδήπερ
743 3515 982 3589 Χριστοῦ
1015 3521 1197 3592 χάριτι
1232 3525 1331 3588 τὰς
1371 3525 1472 3594 μὲν
1501 3526 1567 3580 ἐκ
1593 3527 1701 3580 τῶν
1733 3546 1864 3598 προ.

289 3606 505 3662 τάσεων
549 3610 920 3682 πιθανότητας
959 3617 1040 3676 εἰς
1089 3613 1324 3686 δύναμιν
1375 3616 1702 3688 λελύκαμεν,
1759 3621 1864 3672 ὑπ-

284 3699 556 3770 εσχόμεθα
593 3701 650 3756 δὲ
706 3706 802 3756 καὶ
830 3708 951 3769 ταῖς
981 3706 1089 3760 τῶν
1134 3707 1378 3778 ἀρχαίων
1420 3711 1749 3782 μαρτυρίαις
1805 3715 1866 3765 τὸ

286 3789 480 3858 πιστὸν
514 3793 626 3854 τοῖς
673 3793 994 3864 εἰρημένοις
1031 3795 1279 3861 ἐπάξειν,
1311 3795 1538 3853 αὐτόθεν
1563 3793 1724 3870 δέχου
1754 3801 1863 3854 τῶν

285 3881 572 3950 ματυριῶν
603 3881 694 3936 τὸν
728 3883 898 3953 ἐσμὸν
947 3886 1240 3956 σύμφωνον
1275 3889 1370 3940 καὶ
1413 3890 1856 3959 μεμουσωμένον,

277 3973 384 4040 τῆς
417 3972 679 4041 ἀληθείας
701 3977 1146 4047 ἀνακρουόμενον
1173 3979 1236 4031 τὺ
1273 3979 1452 4048 μέλος.
1485 3981 1546 4033 Εἰ
1569 3980 1624 4032 δέ
1657 3999 1740 4044 τις
1762 3982 1858 4052 τὴν

277 4063 490 4116 οἰκείαν
526 4065 830 4138 συνείδησιν
862 4070 1054 4122 πατεῖν
1083 4069 1440 4140 μεμαθηκὼς,
1472 4071 1568 4134 τὰς
1603 4071 1699 4141 μὲν
1730 4074 1857 4143 παρ’

281 4149 434 4224 ἡμῶν
468 4151 786 4220 ὲκτεθείσας
849 4159 1161 4231 μαρτυρίας
1218 4161 1656 4232 παρακρούεται,
1690 4164 1857 4230 ἄλλας

274 4242 332 4295 δέ
359 4261 510 4308 τινας
539 4249 810 4318 προφέρει
838 4249 946 4302 τῶν
974 4250 1156 4303 αὐτῶν
1183 4250 1275 4320 (c),
1310 4253 1386 4314 ὡς
1413 4252 1478 4306 ἂν
1507 4253 1706 4323 οἴηται,
1751 4272 1854 4325 μα-

273 4337 530 4404 χομένας,
565 4337 741 4392 ἐκεῖνο
790 4339 929 4410 πρὸς
978 4338 1140 4394 αὐτὸν
1171 4341 1387 4412 πρῶτον
1433 4345 1607 4397 εἰπεῖν
1631 4345 1852 4416 ἔχομεν,

1974 3167 2149 3234 gloria
2177 3169 2542 3238 ctimperinm
2578 3171 2631 3224 in
2669 3175 2867 3228 secula
2909 3177 3257 3234 sazculorum.
3283 3180 3480 3236 Amen.

1973 3276 2228 3360 Ejusdem
2281 3279 2484 3360 Leontii
2543 3287 3306 3360 cont_r_‘r_t__Aphtlmrlodocctas,
3355 3293 3412 3345 id
3451 3305 3548 3360 est,

2041 3349 2342 3417 apinatorcs
2371 3349 2886 3423 incorruptibilitatis
2906 3361 3215 3427 mummium
3254 3349 3550 3419 aitclorim;

2041 3427 2058 3470 1
2067 3434 2096 3470 ιι
2103 3435 2172 3472 m.

2036 3531 2307 3597 Quoniam
2331 3536 2504 3603 gratia
2529 3535 2731 3592 Christi
2766 3541 3100 3608 quzestiones
3152 3559 3272 3614 quae
3307 3550 3551 3618 speciem

1967 3623 2374 3689 probabilitatis
2413 3626 2716 3692 habebant,
2743 3646 2843 3698 pro
2868 3633 3084 3689 viribus
3113 3637 3400 3705 solvimus,
3426 3645 3548 3711 pol-

1966 3713 2104 3768 liciti
2136 3727 2484 3772 vcrosnmus
2537 3719 2869 3775 testimoniis
2916 3731 3162 3779 veterum
3216 3729 3546 3788 conﬁrmare

1965 3819 2086 3872 quae
2109 3805 2383 3862 diximus:
2418 3809 2604 3878 accipe
2635 3809 2688 3863 in
2723 3809 2884 3866 tidem
2947 3816 3362 3876 multitudinem
3388 3826 3544 3879 testi-

1965 3899 2309 3960 moniorum,
2330 3901 2656 3970 :equnbilem
2685 3913 2739 3958 et
2761 3907 3097 3964 modulatum
3129 3914 3378 3970 veritatis
3411 3934 3546 3972 con-

1964 3996 2184 4040 centum
2210 3988 2488 4044 edentem.
2542 3991 2597 4045 Si
2661 3995 2788 4062 quis
2835 4012 2968 4051 vero
3012 4000 3106 4069 qui
3148 4003 3542 4061 conscientiam

1961 4091 2113 4130 suam
2143 4079 2470 4136 conculcare
2501 4083 2720 4148 didicit,
2747 4088 3060 4148 testimonia
3081 4108 3110 4146 a
3135 4095 3294 4150 nobis
3313 4099 3542 4154 recitata

1961 4167 2172 4237 rcjicit,
2233 4171 2339 4224 alia
2373 4183 2556 4228 autem
2606 4179 2926 4234 eorumdem
2987 4184 3208 4238 testium
3260 4189 3537 4256 producit,

1959 4261 2278 4328 pugnantia,
2305 4270 2362 4314 ut
2391 4271 2575 4330 putat:
2617 4266 2748 4320 illud
2779 4269 3019 4336 primum
3061 4272 3192 4328 huic
3238 4275 3536 4334 dicendum

1955 4355 2060 4408 est,
2091 4351 2236 4418 quod
2272 4350 2364 4419 qui
2399 4351 2586 4407 Patres
2613 4353 2738 4408 facit
2775 4372 2992 4412 manum
3007 4377 3194 4417 secum
3220 4381 3534 4435 conserere,

269 4425 345 4486 ab;
381 4425 489 4496 ἄρα
518 4430 646 4492 τοὺς
681 4430 933 4500 Πατέρας
959 4432 1301 4503 συγκρούων,
1332 4434 1427 4486 καὶ
1455 4437 1534 4502 εἰς
1564 4436 1851 4504 ἀντίφασιν

1979 4457 2161 4509 eosque
2199 4443 2397 4496 nititur
2429 4445 2481 4498 in
2526 4451 2940 4516 repugnantiam
2975 4454 3120 4510 inter
3142 4473 3202 4512 se
3233 4459 3532 4526 adducere,

270 4516 469 4580 αὐτοὺς
513 4520 726 4574 ἑαυτῶν
779 4522 935 4591 ἄγειν
983 4526 1348 4596 πειρώμενος,
1415 4527 1709 4596 προφανῶς
1759 4529 1850 4582 τὸν

339 4716 384 4748 ³⁵
421 4719 577 4774 Rom.
609 4733 683 4786 ix,
722 4721 773 4776 5.

329 4887 406 4960 (ε)
437 4888 696 4974 Intelligit
723 4889 984 4974 coliecta's
1013 4905 1048 4974 α
1077 4892 1475 4974 Mouophysitis
1515 4903 1838 4974 corruptas-

262 4959 370 5027 que
399 4959 486 5014 vel
513 4975 770 5029 perverse
810 4961 1118 5016 intellectas
1166 4959 1391 5018 Patrum
1449 4959 1828 5030 auctoritates,

337 5145 550 5216 (39-4!)
613 5145 744 5201 Unio
812 5142 962 5216 Verbi
1020 5163 1138 5202 cum
1197 5156 1395 5204 natura
1441 5159 1643 5206 nostra.
1699 5151 1836 5206 Pro-

256 5211 413 5297 ducit
489 5211 750 5297 deinceps
811 5211 1076 5297 Leontius
1129 5219 1442 5297 testimonia
1519 5231 1835 5297 sanctorum

253 5288 479 5342 Patrum
541 5305 554 5340 :
612 5285 707 5355 qui
758 5285 1054 5355 probanda:
1123 5289 1372 5342 veritatis
1443 5290 1640 5345 modus
1691 5292 1832 5346 scri-

253 5357 522 5432 ptoribus
574 5355 669 5425 qui
745 5355 1010 5432 adversus
1067 5356 1458 5432 Nestorianos,
1516 5361 1825 5432 _Eutychia-

253 5426 356 5482 nos
407 5435 464 5482 et
504 5426 896 5497 lconomachos
953 5437 1288 5497 pugnarunt,
1333 5426 1824 5486 admodum'fami-

248 5496 650 5567 liarisl‘uit:put
698 5495 1006 5565 intelligere
1037 5495 1196 5552 'licet
1231 5513 1298 5551 ex
1349 5499 1610 5567 operibus
1649 5503 1826 5556 sancti

249 5565 608 5642 Damasceui,
639 5567 816 5642 sancti
869 5567 1154 5642 Anastasii
1191 5565 1542 5642 Singilzi:,_et
1583 5585 1650 5642 ex
1704 5572 1824 5642 ipso

249 5637 483 5692 concilio
511 5637 974 5712 Epliesino:_et51'_
991 5651 1092 5691 nec
1141 5637 1242 5707 ipsi
1278 5639 1600 5712 Eutychiani
1629 5637 1826 5712 segnes

249 5717 407 5762 erant
439 5708 492 5762 in
547 5705 886 5762 adducendis
939 5705 1174 5762 Patrum'
1213 5705 1636 5766 auctoritatibus
1663 5705 1822 5778 {sed

545 5802 807 5860 Parum.
843 5801 958 5861 Gn.
1004 5801 1094 5861 LX
1110 5802 1159 5861 Χ
1174 5803 1224 5860 Χ
1239 5803 1338 5862 Vl.

1955 4533 2160 4585 bellum
2198 4533 2357 4602 plane
2389 4549 2579 4592 contra
2601 4555 2696 4594 eos
2725 4540 2998 4613 suscepit;
3030 4563 3208 4618 neque
3233 4553 3404 4623 magis
3430 4570 3534 4609 [:0-

1949 4893 2206 4977 imniistis
2230 4897 2393 4977 etiam
2443 4899 2735 4977 luet-elicis,
2789 4906 2855 4962 de
2885 4921 2992 4977 qua
3046 4909 3372 4967 collectione
3420 4931 3522 4972 nos

1938 4964 2183 5036 Spicileg.
2217 4977 2254 5022 t.
2281 4969 2369 5033 Ill,
2398 4986 2452 5039 p.
2487 4973 2606 5028 695.

1939 5168 2094 5237 more
2123 5155 2387 5237 omnium
2421 5155 2804 5237 haereticorum
2861 5161 2944 5216 vel
2995 5168 3381 5237 supposititiis,
3429 5175 3515 5228 vel

1938 5224 2080 5297 male
2121 5223 2420 5283 intellectis
2449 5241 2727 5296 praveque
2761 5230 3022 5290 detortis:
3061 5223 3513 5297 hostishabet;

1973 5293 2314 5380 lqriabautur
2347 5293 2698 5380 testimoni—is
2736 5299 3008 5380 “Gregorii
3039 5293 3508 5380 ,Τιιαυηιιιιυιῖέῖξ

1985 5365 2254 5446 ιιιιιιιιιείἰ-ζ
2275 5365 2404 5446 Julii
2426 5367 2710 5446 pontiﬁcis
2736 5365 2990 5446 ῌοιηξιηί,
3031 5375 3220 5446 Cyrilli
3272 5365 3511 5433 Alcitan

1931 5433 2101 5510 drini.
2127 5443 2184 5488 et
2214 5433 2524 5510 Erechthii,
2563 5437 2803 5510 hominis
2841 5433 3001 5510 plane
3031 5433 3274 5510 obscuri,
3305 5459 3362 5502 ct
3398 5449 3510 5502 Eu-

1933 5503 2192 5583 tychiauo
2224 5505 2517 5583 fermento
2569 5508 2758 5583 infecti
2783 5503 2892 5583 ;‘ut
2930 5516 3073 5583 apud
3124 5503 3380 5572 Photium
3413 5533 3506 5572 os-

1935 5574 2108 5650 tendit
2140 5575 2415 5650 Eulogius
2443 5578 2754 5645 patriarcha
2793 5574 3215 5650 Alexandrinus,
3263 5601 3386 5640 cum
3439 5602 3509 5644 ex

1934 5643 2321 5722 testiﬁcatione
2349 5643 2581 5702 aliorum
2607 5689 2620 5713 ,
2658 5657 2772 5703 tum
2816 5665 2881 5705 ex
2939 5655 3178 5722 propriis
3203 5643 3505 5715 'Erecilthii

1930 5714 2171 5784 scriptis.
2208 5716 2343 5769 'l‘un‘.

3141 5815 3216 5877 ἵι3
