3954 6148
434 262 571 328 i355

1668 255 1981 317 LEONTII
2021 255 2400 316 ΒΥΖᾹΝἸἹΝ
2401 255 2432 314 Ι

3564 263 3709 330 135-6

433 387 546 432 stra
571 371 794 439 evertit,
817 385 981 442 quam
1005 383 1102 425 sua
1123 384 1234 424 non
1268 368 1540 440 probavit.
1571 367 1708 423 Illud
1744 376 1999 438 praeterea

2115 365 2236 419 κατ’
2293 365 2520 420 ἐκείνων
2573 367 2746 439 ἤρατο
2805 371 3064 442 πόλεμον,
3127 373 3223 428 καὶ
3259 374 3322 428 οὐ
3371 375 3576 447 μᾷλλον
3631 381 3706 433 τὰ

432 466 692 529 dicimus,
728 463 874 533 quod
921 463 1016 532 qui
1046 469 1176 516 sunt
1202 474 1329 514 vere
1376 459 1569 514 Patres
1618 457 1897 522 Ecclesiae,
1952 463 2009 510 et

432 569 742 620 sermonem
789 551 1136 608 charismatis
1199 550 1266 605 ad
1331 548 1644 605 docendum
1695 549 1752 602 in
1811 547 2006 602 eodem

432 648 626 718 spiritu
655 652 1005 716 acceperunt,
1045 659 1226 714 neque
1257 659 1383 698 eum
1415 643 1558 707 aliis,
1581 641 1788 700 nedum
1818 655 2004 696 secum

395 773 398 777 -
431 739 778 809 discrepant;
805 751 909 792 nec
945 751 1143 806 magna
1191 751 1283 790 res
1308 740 1412 800 est,
1457 735 1504 790 si
1558 733 1758 797 dicam,
1805 748 1910 788 nec
1947 733 2003 786 in

431 831 554 886 aliis
579 830 919 900 discrepant,
951 844 1018 884 ac
1067 828 1297 882 minime
1347 827 1594 882 omnium
1626 827 1682 881 in
1714 827 1818 880 hae
1859 839 2008 895 quae-

431 922 608 977 stione
663 921 731 976 de
757 937 867 990 qua
916 921 1280 990 disceptatur,
1327 919 1581 990 quamvis
1627 918 1708 973 sic
1753 916 2007 972 videatur

430 1016 501 1069 iis
532 1013 626 1083 qui
658 1027 867 1068 meram
893 1013 1169 1068 inscitiam
1221 1012 1538 1075 ebiberunt,
1589 1019 1646 1066 et
1679 1010 2005 1064 ebrietatem

429 1119 586 1160 suam
617 1104 674 1164 in
767 1103 1080 1159 firmitatem
1110 1113 1167 1159 et
1194 1104 1552 1158 sobrietatem
1605 1103 1855 1158 veritatis
1905 1103 2008 1156 Pa-

429 1208 574 1250 trum
613 1195 999 1251 translundere
1054 1194 1282 1250 audent.
1331 1194 1681 1250 Credendum
1733 1193 1879 1248 enim
1921 1201 2006 1247 est

429 1303 540 1343 non
573 1287 744 1343 fuisse
777 1303 874 1344 eos
910 1288 1006 1358 qui
1042 1289 1432 1360 loquebantur,
1465 1287 1562 1343 sed
1606 1286 1870 1357 Spiritum
1906 1286 2003 1340 Pa-

430 1380 533 1436 tris
563 1394 756 1436 eorum
788 1381 882 1450 qui
939 1379 994 1434 in
1023 1380 1106 1435 eis
1163 1381 1514 1452 loquebatur.
1544 1379 1647 1446 Qui
1705 1379 1853 1433 enim
1893 1394 2002 1434 non

429 1479 559 1527 sunt
585 1471 924 1543 huiusmodi,
954 1471 1106 1543 digni
1155 1482 1304 1536 sunt,
1329 1473 1424 1543 qui
1473 1471 1597 1528 falsi
1622 1472 1877 1526 doctores
1903 1486 2003 1525 vo-

426 1569 654 1630 centur;
701 1563 818 1632 qui,
849 1577 918 1618 eo
962 1563 1084 1633 ipso
1135 1565 1283 1634 quod
1341 1573 1588 1634 pugnant
1633 1571 1824 1618 contra
1847 1579 1906 1618 se
1948 1571 2005 1616 et

427 1653 720 1721 dissident,
743 1669 855 1712 non
880 1653 1138 1724 spiritum
1163 1655 1336 1725 pacis,
1363 1655 1461 1711 sed
1507 1655 1767 1725 spiritum
1807 1655 2004 1710 adver-

425 1742 578 1809 sarii,
602 1750 659 1800 et
689 1743 982 1800 seditionis
997 1745 1236 1800 amicum
1271 1745 1479 1802 habere
1506 1746 1933 1801 convincuntur.

493 2007 785 2080 Quomodo
815 2009 1005 2080 igitur,
1035 2008 1185 2064 dicet
1209 2007 1431 2078 aliquis,
1461 2008 1772 2079 reperimus
1797 2007 2000 2064 dixisse

429 2094 790 2170 eorruptibile
807 2106 865 2154 et
912 2098 1339 2170 ineorruptibile
1378 2099 1621 2169 corpus?
1648 2099 1766 2154 Non
1815 2099 1997 2166 aliter,

423 2206 590 2262 quam
609 2191 830 2246 duobus
869 2189 1070 2257 modis,
1087 2189 1220 2260 quia
1245 2188 1671 2261 incorruptibile
1695 2191 2000 2246 secundum

421 2283 628 2339 idioma
659 2282 964 2354 Scriptura
984 2297 1088 2354 pro
1117 2298 1232 2338 non
1253 2291 1537 2354 peccante,
1571 2292 1629 2339 et
1657 2299 1820 2354 puro,
1847 2295 1904 2340 et
1932 2285 2001 2340 ab

423 2377 574 2431 omni
612 2375 739 2432 labe
782 2375 1046 2446 nequitiae
1104 2373 1286 2431 libero
1317 2389 1526 2446 ponere
1571 2384 1998 2432 consueverunt.

420 2469 491 2524 Et
536 2482 734 2522 rursus
805 2467 1189 2523 indiﬁ'erenter
1285 2475 1343 2523 et
1426 2466 1548 2522 sine
1613 2467 2001 2527 observatione

419 2557 726 2612 secundum
761 2563 1007 2628 tempora
1040 2559 1186 2614 idem
1206 2573 1410 2628 corpus
1432 2558 1638 2616 Christi
1661 2560 1930 2617 vocabant
1947 2570 2004 2616 et

421 2649 784 2720 conruptibile
811 2657 868 2704 et
893 2649 1348 2720 incorruptibile:
1372 2662 1430 2706 et
1457 2667 1586 2706 cum
1637 2652 2000 2722 corruptibile

419 2741 802 2808 nominabant,
825 2741 895 2796 ad
928 2749 1146 2812 tempus
1175 2744 1499 2800 oeconomiae
1544 2743 1848 2800 secundum
1874 2759 2000 2798 ear-

418 2849 549 2889 nem
607 2831 1021 2904 respiciebant;
1071 2847 1196 2887 cum
1233 2848 1368 2888 vero
1429 2833 1877 2904 incorruptibile,
1928 2833 1997 2890 ad

419 2937 642 2998 tempus
693 2925 1146 2988 resurrectionis,
1205 2933 1260 2980 et
1289 2925 1358 2982 ad
1415 2925 1698 2982 infinitum
1738 2927 2000 2998 deinceps

419 3018 705 3074 s.eculum.
740 3015 798 3073 Si
825 3017 950 3088 quis
969 3031 1102 3072 vero
1123 3017 1271 3073 dicat
1301 3018 1614 3074 secundum
1631 3019 1998 3076 arrhabonem

419 3106 963 3178 incorruptibilitatis
981 3107 1094 3178 jam
1124 3121 1326 3178 corpus
1357 3107 1566 3164 habere
1595 3109 1761 3164 Verbi
1808 3109 1994 3166 incor-
2023 3092 2066 3151 (ἶ

418 3197 868 3270 ruptibilitatem,
904 3205 1134 3268 propter
1167 3213 1357 3268 quam,
1392 3199 1524 3256 licet
1559 3209 1816 3256 naturam
1863 3217 1992 3257 eor-

417 3290 740 3362 ruptibilem
800 3289 1054 3356 haberet,
1100 3305 1210 3367 non
1269 3301 1357 3346 est
1399 3293 1732 3361 permissum
1773 3301 1836 3348 ut
1870 3309 1997 3350 cor-

418 3390 805 3453 rumperetur;
870 3397 982 3436 non
1045 3382 1397 3440 contendam.
1449 3383 1606 3450 Quod
1655 3393 1838 3440 autem
1882 3386 2000 3442 haec

416 3488 550 3528 vera
576 3480 728 3539 sunt,
750 3471 1066 3527 testimonia
1088 3473 1338 3544 subjecta
1391 3472 1854 3530 demonstrabunt
1878 3490 1999 3545 quae

417 3577 532 3618 non
581 3561 934 3616 inarticuiate
977 3571 1036 3618 et
1079 3561 1328 3630 confuse,
1367 3563 1464 3618 sed
1511 3563 1672 3618 valde
1709 3565 1999 3635 perspicue

417 3661 474 3705 et
524 3651 816 3721 explanate
862 3649 1211 3722 distinguunt
1259 3653 1422 3708 nobis
1464 3661 1742 3724 tempora,
1794 3656 1997 3726 quibus

419 3743 682 3798 dixerunt
717 3756 923 3811 corpus
951 3741 1160 3796 Christi
1187 3741 1358 3797 fuisse
1395 3745 1659 3824 possibile
1687 3755 1746 3800 et
1797 3761 1994 3824 eorru-

419 3834 617 3906 ptibile
638 3850 653 3898 ;
677 3842 732 3888 et
755 3833 902 3902 quod
917 3842 1046 3904 post
1078 3823 1541 3888 resurrectionem
1572 3835 1796 3891 divitias
1821 3823 2003 3892 incor-

418 3923 806 3995 ittptibilitatis
839 3939 896 3978 re
923 3933 980 3980 et
1012 3925 1238 3979 nomine
1290 3925 1346 3978 in
1378 3927 1500 3995 ipso
1533 3929 1994 3997 eomparavinxns.

2112 455 2245 526 παρ’
2285 455 2446 526 ἡμῶν
2494 457 2812 529 ἀνέτρεψεν,
2855 461 2890 532 ἢ
2921 461 3047 516 οὐδὲ
3083 464 3152 516 τά
3199 463 3307 518 ίδια
3335 465 3702 522 ἐϐεϐαίωσεν.

2113 547 2348 601 Ἔπειτα
2369 548 2426 602 δὲ
2457 549 2681 604 κάκεῖνο
2709 551 2887 608 εἰπεῖν
2924 553 3143 624 ἔχομεν,
3187 554 3265 619 ὡς
3299 557 3348 609 ei
3377 555 3550 621 ὅντως
3580 559 3704 613 Πα-

2107 638 2404 710 τέρες¹τῆς
2455 643 2806 712 Ἐκκλησίας,
2842 645 2936 698 καὶ
2979 645 3075 699 τοῦ
3117 647 3501 703 διδασκαλικοῦ
3537 653 3704 720 χαρί-

2111 744 2317 797 σματος
2348 731 2406 784 ἐν
2446 732 2524 800 τῷ
2570 735 2720 804 αὐτῳ
2753 735 3032 807 πνεύματι
3065 738 3158 790 τὸν
3186 739 3344 807 λόγον
3374 741 3697 812 δεξάμενοι,

2107 817 2230 872 οὔτε
2288 821 2426 890 πρὸς
2467 823 2664 888 ἄλλους
2709 826 2773 878 οὐ
2819 825 2929 897 μὴν
2964 827 3104 899 πρὸς
3131 829 3364 894 ἑαυτοὺς
3391 832 3700 902 διηνέχθη-

2109 929 2240 966 σανο
2265 915 2328 967 οὐ
2364 915 2508 982 μέγα
2560 918 2660 986 μὲν
2702 917 2814 990 γάρ
2866 921 3047 974 είπεῖν
3079 922 3161 975 ὅτι
3197 925 3332 993 μηδέ
3377 925 3436 978 ἐν
3485 925 3695 990 ἄλλοις,

2105 1002 2305 1071 ἥκιστα
2345 1003 2401 1056 δὲ
2446 1005 2504 1057 ἐν
2539 1005 2614 1076 τῷ
2661 1005 2759 1060 νῦν
2803 1011 3111 1080 κινουμένῳ
3153 1013 3528 1084 προϐλήματι,
3583 1016 3698 1068 κᾶν

2105 1091 2250 1146 οὕτω
2295 1095 2426 1165 δοκῇ
2465 1099 2577 1159 τοῖς
2625 1097 2746 1149 ὅλον
2793 1099 3147 1153 ἐκπεπτωκόσι
3184 1102 3284 1172 τῆς
3323 1103 3566 1172 ἀμαθίας
3599 1104 3697 1156 τὸν

2105 1187 2365 1258 ἄκρατον,
2414 1191 2510 1242 καὶ
2553 1190 2644 1243 τὸν
2681 1191 2780 1260 τῆς
2825 1193 3097 1262 σφετέρας
3139 1195 3312 1264 μέθης
3350 1196 3562 1264 ἴλιγγον
3596 1198 3696 1248 ἐπὶ

2103 1282 2165 1333 τὸ
2206 1280 2458 1350 πεπηγὸς
2507 1282 2604 1334 καὶ
2647 1283 2911 1352 νηφάλιον
2956 1285 3056 1354 τῆς
3110 1285 3386 1357 πατρικῆς
3429 1287 3697 1358 ἀληθείας

2107 1371 2502 1441 μεταϐιϐάζειν
2549 1373 2852 1442 τολμῶσιν·
2885 1375 3138 1428 πειστέον
3164 1376 3272 1447 γὰρ
3297 1375 3374 1440 ὡς
3405 1377 3505 1429 οὐκ
3533 1379 3696 1432 αὐτοὶ

2081 1457 2244 1531 ἦσαν
2297 1463 2346 1514 οἱ
2397 1460 2712 1525 λαλοῦντες,
2771 1463 2907 1518 ἀλλὰ
2953 1465 3015 1517 τὸ
3059 1465 3280 1536 πνεῦμα
3329 1466 3428 1520 τοῦ
3475 1468 3692 1539 Πατρὸς

2103 1554 2286 1608 αὐτῶν
2346 1554 2407 1607 τὸ
2471 1554 2670 1608 λαλοῦν
2721 1557 2778 1609 ἐν
2830 1557 3051 1622 αὐτοῖς’
3084 1559 3268 1628 οίγὰρ
3302 1559 3377 1630 μὴ
3424 1559 3688 1621 τοιοῦτοι.

2105 1645 2450 1716 ψευδώνυμοι
2487 1647 2776 1702 καλεῖσθαι
2828 1647 3142 1702 διδάσκαλοί
3185 1651 3324 1704 εἰσιν
3369 1649 3532 1717 ἄξιοι,
3562 1655 3688 1705 κατ’

2036 1746 2078 1800 Β
2107 1737 2238 1792 αὐτό
2268 1754 2332 1807 γε
2356 1740 2420 1793 τὸ
2456 1739 2730 1810 μάχεσθαι
2754 1742 2851 1794 καὶ
2893 1743 3209 1807 στασιάζειν
3250 1745 3390 1815 πρὸς
3432 1747 3685 1809 ἑαυτοὺς,

2105 1830 2167 1884 οὐ
2193 1830 2254 1884 τὸ
2288 1829 2390 1899 τῆς
2429 1831 2658 1902 εἰρήνης
2704 1832 2947 1904 πνεῦμα,
2986 1833 3049 1888 τὸ
3090 1834 3148 1888 δέ
3191 1835 3286 1890 τοῦ
3323 1837 3567 1892 ἐναντίου
3594 1841 3689 1892 καὶ

2104 1925 2170 1993 τῇ
2200 1922 2387 1975 στάσει
2425 1922 2589 1992 φίλον
2620 1923 2768 1995 ἔχειν
2802 1925 3178 1997 ἐλεγχόμενοι.

2173 2013 2299 2075 Πῶς
2337 2009 2431 2066 οὖν
2466 2013 2818 2085 εὑρίσκομεν,
2849 2017 3016 2086 φήσει
3042 2033 3148 2083 τις,
3179 2017 3274 2072 καὶ
3298 2017 3538 2090 φθαρτὸν
3591 2021 3686 2073 καὶ

2104 2101 2384 2173 ἄφθαρτον
2413 2107 2476 2156 «ab
2524 2105 2685 2174 σῶμα
2728 2105 3046 2178 είρηκόταςς
3093 2106 3208 2163 Οὐκ
3239 2108 3415 2173 ἄλλως
3447 2111 3684 2181 φήσαιμ’

2103 2197 2169 2249 ἂν
2199 2195 2233 2264 ἦ
2267 2195 2410 2248 κατὰ
2445 2195 2538 2249 δύο
2568 2195 2826 2268 τρόπους,
2858 2197 2940 2251 ὅτι
2996 2190 3075 2269 τῷ
3101 2199 3388 2272 ἀφθάρτῳ,
3437 2201 3574 2255 κατά
3629 2201 3687 2256 τὸ

2103 2285 2204 2354 τῆς
2230 2284 2459 2356 Γραφῆς
2493 2283 2714 2354 ἰδίωμα,
2754 2285 2877 2342 ἀντὶ
2905 2284 3002 2338 τοῦ
3030 2288 3422 2358 ἀναμαρτήτου
3453 2287 3546 2342 καὶ
3585 2305 3685 2342 κα-

2104 2379 2272 2449 θαροῦ
2303 2381 2399 2434 καὶ⁹
2425 2381 2609 2450 πάσης
2634 2381 2735 2450 τῆς
2781 2381 2924 2435 κατά
2961 2381 3162 2438 κακίαν
3203 2383 3420 2454 κηλῖδος
3452 2383 3684 2455 annm.

2101 2473 2307 2542 γμένου
2335 2473 2560 2528 τάσσειν
2598 2472 2890 2528 είὼθεσαν.
2917 2475 3029 2530 Καὶ
3059 2475 3222 2532 πάλιν
3251 2475 3558 2547 ἀδιαφόρως
3590 2475 3684 2530 καὶ

2101 2565 2552 2635 ἀπαρατηρήτως
2585 2564 2728 2618 κατά
2757 2565 2888 2630 τοὺς
2913 2567 3142 2639 χρόνους
3179 2567 3243 2621 τὺ
3280 2567 3413 2622 αὐτὸ
3456 2567 3684 2622 ἐκάλουν

2102 2657 2198 2710 καὶ
2236 2655 2474 2726 φθαρτὸν
2495 2655 2591 2709 καὶ
2615 2655 2900 2728 ἄφθαρτον
2923 2675 2938 2690 ·
2973 2659 3070 2715 καὶ
3101 2660 3193 2714 ὅτε
3219 2659 3320 2728 μὲν
3346 2660 3480 2714 αὐτὸ
3510 2659 3684 2732 φθαρ-

2099 2747 2191 2800 τὸν
2218 2746 2526 2818 ὠνόμαζον,
2565 2747 2704 2820 πρὸς
2736 2749 2830 2802 τὸν
2853 2749 3048 2821 χρόνον
3076 2751 3391 2805 ἀπέϐλεπον
3423 2752 3524 2823 τῆς
3546 2753 3686 2806 κατὰ

2100 2839 2282 2910 σάρκα
2320 2837 2664 2908 οἰκονομίας·
2705 2839 2797 2894 ὅτε
2854 2840 2910 2893 δὲ
2945 2839 3220 2910 ἄφθαρτον
3245 2881 3260 2904 ,
3297 2841 3438 2912 πρὸς
3485 2842 3580 2896 τὸν
3622 2843 3688 2897 ἐκ

2097 2933 2197 3003 τῆς
2231 2933 2587 2994 ἀναστάσεως
2632 2933 2725 2986 καὶ
2775 2933 2854 2997 είς
2887 2933 2978 2985 τὸν
3007 2932 3136 3001 ἑξῆς
3181 2933 3410 3004 ἄπειρον
3463 2933 3680 2986 αἰῶναο

2101 3025 2150 3077 εί
2184 3024 2240 3076 δέ
2279 3040 2364 3086 τις
2398 3022 2546 3076 εἴποι
2577 3023 2834 3079 καὶκατὰ
2872 3025 2964 3078 τὸν
3005 3023 3300 3094 ἀρῤαϐὦνα
3329 3023 3430 3093 τῆς
3455 3023 3677 3091 ἀφθαρ-

2105 3114 2227 3179 σίας
2279 3115 2379 3186 ἧδη
2437 3115 2582 3185 ἔχειν
2626 3115 2728 3186 τὴν
2774 3115 2866 3168 τοῦ
2922 3115 3094 3184 Λόγου
3150 3113 3482 3186 ἀφθαρσίαν,
3503 3113 3572 3168 δι’
3601 3115 3672 3185 ἢν

2103 3207 2307 3278 καίπερ
2348 3207 2512 3276 φύσιν
2545 3209 2670 3277 ἔχον
2707 3207 2982 3280 φθαρτὴν,
3003 3207 3276 3278 φθαρῆναι
3305 3208 3408 3260 οὒκ
3442 3207 3680 3277 ἐπετρά-

2103 3317 2202 3370 πη,
2257 3299 2318 3352 οὑ
2367 3299 2724 3370 διαφέρομαι.
2767 3300 2856 3364 Ὧς
2903 3299 2962 3352 δέ
3002 3301 3110 3354 είσι
3152 3298 3326 3352 ταῦτα
3377 3298 3576 3368 ἀληθῆ.
3626 3297 3680 3350 at

2104 3391 2739 3460 ὑποτεταγμέναιαύτῶν
2768 3391 3006 3458 δείξουσι
3026 3391 3348 3464 μαρτυρίαι,
3369 3391 3469 3445 οὐκ
3495 3389 3682 3458 ἀδιαρ-

2103 3482 2328 3553 θρώτως
2365 3485 2486 3536 οὐδὲ
2517 3487 2967 3556 συγκεχυμένως,
3007 3485 3142 3538 ἀλλὰ
3173 3485 3267 3538 καὶ
3304 3484 3454 3554 μάλα
3494 3483 3682 3553 σαφῶς

2102 3591 2163 3626 τε
2191 3575 2286 3628 καὶ⁵
2329 3577 2760 3646 τετρανωμὲνως
2789 3575 3195 3648 διευκρινοῦσαι
3229 3579 3362 3648 ἡμῖν
3393 3576 3522 3640 τοὺς
3545 3576 3676 3648 χρό-

2102 3683 2227 3730 νους
2276 3669 2399 3721 καθ’
2425 3671 2521 3733 οὓς
2572 3670 2818 3740 παθητόν
2857 3687 2919 3722 τε
2962 3671 3058 3724 καὶ
3089 3669 3329 3741 φθαρτὸν
3353 3668 3677 3739 γεγενῆσθαι

2101 3752 2258 3810 εἷπον
2290 3759 2351 3810 τὸ
2403 3759 2564 3830 σῶμα
2600 3759 2694 3814 τοῦ
2743 3761 2950 3832 Κυρίου
2972 3776 2988 3792 ⁶
3013 3762 3108 3816 καὶ
3137 3761 3212 3824 ὡς
3245 3760 3384 3832 μετά
3424 3761 3522 3830 τὴν
3550 3759 3678 3814 ἀνά-

2109 3865 2299 3903 στασιν
2339 3851 2402 3903 τὺ
2447 3853 2549 3922 τῆς
2603 3853 2916 3924 ἀφθαρσίας
2963 3853 3565 3926 καταπεπλουτήκαμεν
3617 3853 3677 3905 ἐν

2103 3940 2252 4011 αὐτῷ
2287 3943 2474 4014 χρῆμα
2515 3945 2608 3997 καὶ
2637 3944 2826 4015 όνομα.

490 4060 979 4154 ξεουηςξιιρξισῃιξξ
1010 4061 2488 4154 qugtipﬂRagujnjyﬂqilalesIprtetermittimus,
2536 4079 2664 4154 quia
2706 4079 2760 4134 in
2805 4097 2996 4154 eorum
3045 4082 3212 4138 editis
3242 4083 3504 4154 operibus
3543 4095 3675 4154 pro-

420 4131 594 4190 stant.
625 4132 762 4188 Tres
795 4131 983 4202 itaque
1010 4131 1392 4186 tantummodo
1420 4131 1800 4196 reeitabimus,
1838 4131 2029 4206 utpote
2055 4158 2122 4196 ex
2156 4147 2417 4214 cperibus
2445 4131 2595 4204 nunc
2619 4131 3224 4222 ᾱερἒ-ιὶἷιίξέὶιιῦῥῶέ,

490 4247 677 4303 Sancti
706 4247 971 4304 Ambrosii
1013 4263 1077 4302 ea:
1109 4244 1242 4302 libro
1281 4248 1480 4304 Contra
1502 4249 1920 4321 Apollinarium.

2106 4262 2216 4316 Τοῦ
2228 4265 2405 4318 ὁσίου
2423 4266 2780 4334 Ἀμϐροσίου
2795 4266 2864 4320 ὲκ
2887 4267 2994 4320 τοῦ
3009 4267 3172 4324 Κατὰ
3203 4267 3674 4336 Ἀπολλιναρίου.

491 4361 548 4418 Si
572 4377 682 4417 non
711 4360 964 4432 agnoscis
996 4359 1143 4432 quod
1214 4360 1477 4431 passibile
1509 4371 1616 4422 est.
1675 4361 1999 4420 destruxisti

2173 4379 2238 4432 ΕΞ
2271 4379 2544 4450 μηδαμῶς
2579 4384 2973 4452 ἐπιγινώσκεις
2999 4383 3060 4438 τὸ
3081 4383 3349 4456 παθητὸν,
3377 4385 3678 4439 ἀνεσκεύα·

422 4455 686 4526 ι-ἰειειιθιιι
707 4470 836 4526 erga
864 4454 1180 4518 Dominum,
1209 4455 1516 4509 ctsalutem
1561 4463 1710 4510 tuam
1747 4458 1992 4528 negasti:

424 4545 570 4600 unde
596 4545 924 4616 insipientes
949 4545 1051 4600 hos
1079 4544 1398 4600 existimare
1431 4554 1679 4616 oportet.

563 4656 751 4729 Cyrilli
775 4655 1130 4714 Alexandrini
1167 4671 1231 4710 ex
1253 4662 1424 4710 tomot
1447 4655 1502 4710 in
1521 4656 1852 4716 Meuianum.

491 4833 780 4902 Quomodo
846 4832 1015 4904 igitur
1045 4839 1300 4887 mortuus
1340 4837 1488 4886 esset
1549 4831 1901 4898 immortalis,
1935 4839 1999 4888 ut

423 4931 738 4993 resurgeret
758 4933 814 4978 et
840 4930 1019 4978 morte
1043 4923 1287 4978 alliceret
1346 4931 1608 4987 mortem,
1648 4921 1694 4976 si
1749 4938 1859 4977 non
1912 4939 2000 4978 as-

425 5013 752 5082 sumpsisset
785 5029 988 5083 corpus
1017 5014 1238 5084 legibus
1268 5013 1468 5068 mortis
1497 5012 1846 5083 subjectum?
1889 5014 2000 5070 Aut

423 5104 704 5176 quomodo
732 5105 1082 5160 dissolvisset
1101 5104 1520 5175 corruptionem
1567 5113 1913 5174 ereptoexea
1925 5119 2018 5175 ge-

421 5215 556 5256 nere
586 5199 850 5263 humano,
872 5197 1020 5268 quod
1051 5198 1156 5256 sub
1202 5197 1321 5268 ipsa
1376 5197 1611 5268 degebat
1657 5207 1715 5253 et
1759 5198 1995 5269 iacebat,

421 5289 531 5346 nisi
564 5302 766 5358 corpus
811 5285 1134 5356 accepisset,
1183 5296 1382 5342 natura
1434 5286 1818 5357 eorruptibile,
1853 5287 1998 5343 etin

422 5381 706 5456 propriam
740 5379 909 5435 vitam
935 5379 1263 5436 formasset?

633 5496 886 5570 Ejusdem
917 5511 982 5550 ea:
1002 5503 1142 5549 temo
1172 5495 1407 5568 epistola:
1429 5496 1498 5550 ad
1521 5495 1784 5550 Hebrum.

493 5677 750 5733 Permisit
779 5677 1022 5748 quidem,
1062 5685 1122 5732 ut
1153 5692 1357 5749 corpus
1386 5693 1545 5733 suum
1575 5686 1807 5732 mortem
1841 5683 1998 5745 pate-

2098 4485 2197 4532 σας
2239 4470 2335 4524 τοῦ
2383 4475 2658 4526 Δεσπότου
2715 4473 2778 4527 «:5
2811 4473 3057 4539 εὐσεϐὲς,
3103 4475 3200 4529 καὶ
3233 4475 3335 4546 τὴν
3373 4475 3476 4547 σὴν
3505 4492 3679 4546 σωτη-

2098 4560 2221 4632 ρίαν
2247 4561 2499 4632 ἠρνήσωο
2537 4563 2662 4618 ὅθεν
2687 4563 2930 4636 ἄφρονας
2963 4565 3044 4618 δεῖ
3067 4565 3295 4630 τούτους
3320 4565 3600 4636 ἡγεῖσθαι.

2096 4673 2400 4742 Rep/1.101)
2453 4675 2794 4745 ἐπισκόπου
2842 4675 3293 4745 Ἀλεξανδρείας
3339 4677 3410 4731 ἐκ
3458 4677 3567 4732 τοῦ
3627 4684 3678 4730 a'

2414 4745 2600 4814 τόμον
2629 4744 2738 4798 τοῦ
2767 4747 2856 4812 εἰς
2885 4745 2994 4800 τὸν
3020 4744 3322 4802 Ματοαῖον

2171 4854 2294 4918 Πῶς
2332 4851 2426 4910 οὖν
2457 4856 2750 4922 ἀπέθανεν,
2781 4857 3053 4923 ἀθάνατος
3076 4859 3172 4924 ὢν,
3205 4859 3294 4914 ἵνα
3327 4861 3422 4913 καὶ
3449 4859 3678 4930 ἐγερθῇ,

2099 4947 2196 4998 καὶ
2229 4945 2483 5020 νεκρὼσῃ
2506 4948 2596 5002 τὸν
2625 4949 2879 5016 θάνατον,
2913 4951 2960 5002 εί
2988 4949 3063 5020 μὴ
3094 4949 3398 5020 προσέλαϐε
3432 4950 3593 5018 σῶμα
3623 4951 3682 5002 τὸ

2097 5041 2214 5102 τοῖς
2247 5039 2344 5092 τοῦ
2391 5039 2630 5096 θανάτου
2688 5041 3055 5113 ὑποκείμενον
3105 5043 3329 5112 νόμοις;
3368 5043 3401 5113 ἢ
3439 5042 3556 5106 πῶς
3613 5039 3680 5094 ἂν

2099 5130 2366 5184 κατέλυσε
2416 5133 2518 5203 τὴν
2567 5134 2796 5205 φθοράν,
2849 5133 3048 5200 ἐξελὼν
3085 5135 3254 5206 αὐτῆς
3302 5135 3363 5188 τὸ
3408 5133 3500 5187 ὑπ’
3539 5135 3678 5205 αὐτῇ

2099 5223 2337 5290 πρᾶττον
2365 5241 2426 5276 τε
2458 5225 2552 5278 καὶ
2586 5228 2840 5298 κείμενον
2869 5227 3048 5295 γένος,
3079 5228 3128 5280 εί
3161 5227 3236 5298 μὴ
3257 5227 3416 5281 ἔλαϐε
3443 5227 3505 5280 τὸ
3532 5224 3685 5296 φθεί-

2103 5314 2286 5386 ρεσθαι
2312 5317 2578 5387 πεφυκὸς,
2601 5318 2698 5372 καὶ
2729 5319 2810 5384 είς
2846 5319 2984 5374 ίδίαν
3015 5319 3306 5390 ἐμόρφωσε
3343 5319 3514 5390 ζωήνς

2105 5493 2216 5548 Τοῦ
2251 5495 2442 5550 αὐτοῦ
2469 5495 2537 5552 ἐκ
2564 5495 2672 5552 τοῦ
2697 5469 3018 5622 τόμουλτῇς
3047 5496 3200 5566 ,πρὸς
3232 5497 3534 5564 Ἐϐραίους
3557 5496 3679 5550 ἐπι-

2764 5585 2877 5622 στο
2925 5586 3018 5622 nc.

2764 5585 3018 5636 στολης.

2185 5677 2387 5747 Ἐφῆκε
2425 5679 2656 5750 μὲνγὰρ
2688 5680 2748 5734 τὸ
2790 5680 2922 5733 ἴδιον
2955 5679 3114 5749 σῶμα
3149 5657 3344 5732 παθεῖν
3385 5679 3476 5733 τὶν
3517 5677 3678 5731 65.n-
