3954 6148
300 317 320 388 l
333 319 436 390 357

1223 317 1390 384 ADV.
1433 278 2141 384 INCORRUPTICOLAS
2179 323 2273 384 ET
2315 322 2630 385 NESTOR.

3413 335 3552 401 1358

295 455 389 491 τον
436 433 819 505 οἰκονομικῶς,
872 435 959 488 ἵνα.
997 433 1090 487 καὶ
1142 432 1352 502 νεκρῶν
1396 433 1490 485 καὶ
1520 431 1738 496 ζώντων
1771 452 1867 486 κυ-

1972 443 2124 490 retur
2163 435 2521 501 oeconomica,
2560 444 2620 490 ut
2649 443 2992 495 mortuorum
3016 448 3071 497 et
3101 444 3352 500 vivorum
3377 447 3554 508 domi-

301 527 514 602 ριεύσῃ.
563 526 782 596 Ἐπειδὴ
815 525 873 578 δὲ
911 523 1071 595 σῶμα
1100 523 1248 592 ζωῆς
1277 521 1480 576 ἀνεϐίω
1503 523 1867 593 παραχρῆμα,

297 617 586 686 νενικηκὸς
621 616 722 688 τὴν
752 615 978 685 φθορὰν,
1009 611 1121 666 τῶν
1140 610 1282 666 οὓτω
1300 610 1515 665 σεπτῶν
1543 612 1641 682 τὴν
1671 612 1871 683 κατόρ-

299 709 462 764 θωσιν
490 709 552 762 οὐ
586 708 746 778 φύσει
792 707 1016 778 σαρκὸς,
1041 705 1179 760 ἀλλὰ
1224 708 1290 777 τῇ
1320 705 1413 759 τοῦ
1438 705 1612 778 Λόγου
1641 703 1870 775 δυνάμει

300 776 724 871 προσνέμοντες,
753 776 948 868 εὐσεϐῆ
958 815 1160 869 σωμεν.
1267 776 1284 777 η
1539 776 1572 812 ν

1977 535 2225 582 naretur.
2283 525 2420 592 Quia
2478 543 2609 582 vero
2663 543 2867 600 corpus
2927 533 3058 588 vita:
3106 535 3294 590 statim
3349 539 3553 596 revixit

1978 626 2238 687 superata
2281 619 2662 688 corruptione,
2710 623 2858 699 quod
2905 624 3022 680 haec
3068 634 3180 680 tam
3237 633 3550 687 veneranda

1978 707 2308 778 perfecerit,
2365 709 2411 763 si
2456 727 2568 766 non
2618 724 2830 768 natura!
2886 717 3091 783 carnis,
3141 719 3236 772 sed
3291 723 3552 790 potentiae

1982 799 2144 853 Verbi
2193 799 2521 866 tribuamus,
2558 802 2632 872 pii
2684 805 2915 860 erimus.

367 957 504 1012 Cum
539 955 658 1009 bzec
705 953 776 1008 ab
822 950 1136 1008 illustribus
1170 951 1430 1008 Ecclesia;
1473 954 1730 1008 Patribus
1765 968 1876 1009 uno
1975 953 2250 1009 nullorum
2276 965 2332 1008 et
2361 968 2535 1022 pauca
2569 956 2623 1010 in
2655 959 2896 1014 medium
2917 961 3263 1031 aﬂerremus,
3293 968 3548 1036 quaclor-

299 1059 573 1100 consensu
605 1045 752 1100 dicta
803 1045 936 1109 sint,
985 1044 1343 1114 reperiuntur
1379 1041 1630 1113 profecto
1679 1045 1874 1100 eodem
1973 1059 2117 1100 mam
2153 1053 2211 1100 et
2250 1047 2494 1117 regulam
2543 1049 2794 1105 veritatis
2839 1069 2962 1122 qua:
3012 1055 3067 1108 in
3111 1055 3248 1126 ipsis
3294 1061 3551 1115 omnibus

298 1139 499 1208 spiritu
524 1139 671 1209 pleci
694 1137 890 1200 fuisse,
908 1136 1100 1191 eadem
1125 1135 1352 1189 omnino
1370 1135 1406 1188 ii
1431 1135 1533 1202 ipsi
1553 1135 1874 1191 sentientes.

297 1229 562 1284 Volebam
585 1227 868 1296 equidem,
892 1227 937 1282 si
964 1226 1083 1282 ﬁeri
1107 1226 1402 1296 potuisset,
1423 1227 1606 1280 omnia
1623 1228 1871 1280 omnium

301 1321 616 1374 testimonia
646 1320 957 1390 subjicere:
992 1317 1089 1372 sed
1128 1331 1194 1372 ne
1225 1317 1399 1371 lector
1429 1327 1651 1386 propter
1681 1317 1873 1371 multi-

298 1412 548 1468 tudinem
596 1406 956 1467 cunctaretur
1009 1411 1212 1480 legere,
1249 1408 1588 1471 studuimus,
1622 1417 1682 1461 ut
1728 1423 1869 1461 mm-

1971 1136 2096 1201 l'uit,
2135 1137 2508 1194 continerent.
2545 1133 2838 1198 Hominem
2881 1144 3221 1200 laboriosum
3254 1149 3322 1203 ad
3353 1166 3545 1205 eorum

1977 1228 2224 1299 integros
2258 1229 2432 1286 libros
2462 1233 2909 1301 transmittimus,
2942 1236 2994 1290 in
3020 1237 3224 1306 quibus
3251 1241 3397 1310 quod
3425 1259 3549 1312 per-

1978 1315 2180 1374 fectum
2205 1331 2260 1374 et
2287 1321 2536 1375 limatum
2559 1333 2663 1389 est,
2696 1327 2868 1397 magis
2884 1341 3048 1397 quam
3074 1327 3128 1382 in
3155 1331 3359 1384 nostris
3388 1331 3547 1386 libris

1976 1411 2238 1480 reperiet.

1621 1625 2044 1639 __-—

1635 1803 2003 1889 ΛΟΓΟΣ
2075 1793 2185 1888 1"-

367 2007 557 2064 ΚΑΤΑ
613 2001 1261 2062 ΑΦΘΑΡΤΟΔΟΚΗΤΩΝ
1315 2005 1452 2059 ΤΗΣ
1499 2007 1921 2063 ΑΠΟΡΡΗΤΟΥ
1982 2011 2102 2065 ΚΑΙ
2163 2011 2766 2068 ΑΡΧΟΕῙΔΕΣΤΕΡΑΣ
2807 2013 2944 2068 ΤΩΝ
2990 2014 3472 2072 ΝΕΣΤΟΡΙΑΝΩΝ

817 2098 1166 2165 ΔΣΕΒΕΙΔΣ,
1221 2097 1342 2150 ΚΑΙ
1391 2097 1526 2152 ΤΩΝ
1580 2099 1858 2177 ΤΑὶξΤΗΣ
1899 2101 2224 2156 ΠᾹΤΕΡΩΝ
2267 2103 2442 2154 ΦΩΡΑ
2485 2103 2605 2156 ΚΑΙ
2649 2103 3014 2160 ΘΡΙΛΜΒΟΣ.

1612 2457 1964 2546 LIBER
2048 2461 2238 2545 ΙΙΙ.

417 2679 816 2747 ADVERSUS
875 2679 1605 2751 INCORRUPTICOLAS,
1669 2677 1805 2749 QUI
1864 2678 2228 2740 ABCANAM
2281 2678 2376 2736 ET
2434 2671 2961 2738 PBIMIGENIAM
3017 2673 3426 2739 NESTORIA.

1239 2775 1511 2834 NORUM
1560 2771 2033 2832 IMPIETATEM
2083 2771 2565 2844 SECTANTUR,

829 2867 924 2926 ET
960 2867 1058 2927 DE
1115 2867 1265 2926 HAG
1299 2866 1559 2926 EADEM
1609 2862 1914 2923 HIERESI
1946 2860 2376 2932 INQUISITIO
2406 2863 2500 2922 ET
2538 2861 3012 2923 TRIUMPHUS.

1337 3023 1490 3093 (Asc.
1525 3020 1646 3084 Mn,
1679 3017 1924 3088 Spicilcg.
1959 3017 2109 3070 Rom.
2141 3025 2181 3069 t.
2211 3016 2280 3083 Χ,
2309 3031 2363 3084 p.
2391 3015 2513 3083 661)

365 3343 561 3415 τρίτον
599 3347 694 3400 ιπι
730 3349 841 3413 τοῖς
885 3349 1222 3420 προλασοῦσί
1259 3362 1349 3419 μοι
1383 3349 1502 3402 δυσὶ
1535 3347 1712 3415 λόγοις
1746 3363 1867 3400 του-

2039 3347 2408 3418 Aggressurus
2425 3350 2720 3422 adjungcre
2755 3353 2902 3408 hunc
2935 3353 3375 3411 tertiumlibrum
3403 3353 3539 3413 duo-

294 3441 415 3492 τονὶ
468 3439 775 3492 συντάττων
823 3441 884 3492 τό
924 3456 984 3494 τε
1039 3439 1158 3511 Θεῷ
1219 3442 1598 3512 χαριστήριον,
1634 3439 1867 3492 καὶτῶν

297 3530 512 3583 ἀσεϐῶν
539 3531 741 3602 στήλην
771 3534 866 3586 καὶ
898 3533 1190 3618 θρίαμϐον,
1223 3533 1495 3602 εὐξαίμην
1529 3533 1596 3586 ἂν
1631 3533 1722 3587 τὸν
1753 3532 1867 3586 Κύ-

300 3629 416 3687 ριον
465 3623 722 3688 παρεῖναι
777 3621 872 3674 καὶ
919 3622 1015 3674 νῦν
1055 3624 1187 3694 ἡμῖν
1239 3623 1458 3694 ἀρωγὸν
1490 3623 1586 3692 τῆς
1635 3623 1864 3689 ἑννοίας,

297 3709 392 3760 καὶ
427 3708 569 3780 λόγῳ
599 3710 690 3762 τὸν
718 3710 876 3779 λόγον
904 3711 1062 3783 ἡμῶν
1093 3713 1422 3767 κατευθῦναι
1463 3714 1521 3768 ἐν
1555 3713 1870 3784 Πνευματο-

297 3801 502 3870 κινήτῳ
534 3800 741 3871 χάριτι.
769 3803 832 3854 Et
855 3804 962 3872 γὰρ
990 3797 1224 3858 ὲκ³Θεοῦ
1253 3803 1633 3876 βοηθούμενοι,
1664 3803 1774 3857 τῶν
1807 3821 1868 3857 τε

297 3891 472 3942 ἄλλων
523 3893 764 3956 πάντων,
799 3893 1023 3964 καὶτῆς
1087 3895 1145 3948 έν
1197 3895 1384 3966 χερσὶν
1415 3893 1724 3957 ὑποθέσεως
1769 3895 1868 3964 ἐφ-

295 3983 573 4053 αῷὀμεθα,
601 3987 737 4054 ἡμῖν
754 4003 812 4038 τε
844 3985 995 4039 ἔσται
1026 3985 1216 4058 μισθὸς
1235 3987 1527 4057 αὐτοτελὴς
1555 3987 1665 4040 τῶν
1692 3987 1868 4040 πόνων

298 4078 332 4146 ή
377 4077 686 4146 συμμαχία,
721 4081 838 4142 τοῖς
869 4095 928 4131 τε
961 4079 1102 4150 ὑπὲρ
1136 4072 1210 4133 ὧν
1246 4079 1340 4132 καὶ
1371 4078 1440 4132 δι’
1479 4077 1575 4143 οὓς
1610 4081 1660 4132 oi
1699 4079 1866 4147 λόγοι,

296 4167 563 4236 ὠφελείας
602 4169 886 4241 ἐνέχυρον,
915 4173 962 4224 εί
988 4173 1085 4224 καὶ
1113 4173 1186 4242 μὴ
1225 4175 1291 4242 τῇ
1331 4171 1481 4240 ἀξίᾳ,
1509 4174 1576 4244 τῇ
1611 4189 1674 4240 γε
1711 4171 1870 4226 δυνά-

300 4276 390 4329 μει
418 4277 562 4330 παρα
573 4261 943 4331 μετρούμενον
963 4277 976 4291 °
1015 4263 1146 4334 ἡμῖν
1173 4263 1230 4316 δὲ
1268 4263 1364 4316 καὶ
1398 4263 1571 4326 ἄλλως
1610 4263 1868 4332 ἀφοσιοῦ-

295 4359 386 4403 ται
422 4351 491 4404 τὰ
522 4350 640 4404 νῦν.
674 4351 910 4407 Παλαιὸν
941 4355 1050 4424 γὰρ
1081 4355 1239 4424 χρέος
1267 4354 1614 4424 εἰσφέρομεν,
1651 4354 1868 4408 πάντων

298 4440 476 4510 χρεῶν
507 4443 587 4504 είς
617 4441 826 4496 ἔκτισιν
852 4444 1196 4496 δικαιότατον
1217 4487 1233 4508 ,
1266 4444 1437 4499 πάλαι
1470 4444 1568 4513 μὲν
1609 4445 1868 4514 ἀποδοθῆ-

295 4548 384 4584 ναι
413 4532 789 4602 ὀφειλόμενον,
829 4533 918 4587 διὰ
948 4533 1007 4586 δὲ
1039 4535 1242 4603 πολλὴν
1280 4537 1374 4588 καὶ
1401 4534 1622 4605 μακρὰν
1654 4535 1866 4601 πενίαν,

295 4622 393 4674 νῦν
427 4624 522 4678 καὶ
558 4624 734 4696 μόλις,
765 4627 862 4679 καὶ
885 4625 982 4696 οὐχ
1001 4626 1125 4680 ὅσον
1157 4625 1308 4691 ἄξιον
1337 4624 1678 4680 ὲκτίννυσθαι
1705 4624 1870 4694 ἀρχόο

299 4729 480 4783 μενον.
505 4751 516 4762 ι

367 4890 503 4943 Καθ’
537 4883 612 4943 ὧν
655 4893 764 4963 γὰρ
807 4893 1010 4962 στήλην
1047 4894 1259 4963 ἐγεῖραι
1291 4890 1368 4961 τῷ
1409 4889 1530 4960 Θεῷ
1565 4889 1692 4959 ἄρτι
1732 4903 1866 4957 προ-

205 5040 212 5044 .
293 4980 531 5050 ᾑρημαι,
563 4981 832 5053 θρίαμϐον
865 4999 923 5034 τε
945 4985 1130 5045 αὐτοῖς
1155 4982 1502 5052 περιστῆσαι,
1539 4978 1734 5051 μηκέτι
1761 4977 1862 5046 τὴν

295 5071 550 5126 ἀσέϐειαν
587 5077 646 5127 ὲν
686 5073 917 5145 κρυπτῷ
957 5075 1400 5144 ταμιευομένοις,
1429 5075 1523 5126 καὶ
1558 5071 1638 5142 τῷ
1669 5072 1863 5141 ἀφανεῖ

295 5165 391 5215 καὶ
422 5164 686 5235 ἀγνώστῳ
715 5165 943 5228 πολλοὺς
979 5158 1350 5229 δελεάζοντας,
1397 5163 1532 5218 ἀλλὰ
1578 5160 1863 5234 πόρρωθεν

295 5255 679 5324 φαινομένους,
709 5257 804 5309 καὶ
838 5255 1010 5326 ταύτῃ
1056 5255 1377 5324 γινομένους
1418 5253 1686 5322 φευκτοὺς
1729 5252 1865 5304 ἀπο-

297 5347 614 5414 τροπαίους,
665 5343 735 5418 ἦν
783 5348 871 5400 ὅτε
925 5346 1021 5400 καὶ
1067 5347 1229 5408 αὐτὸς
1254 5345 1500 5414 ὑπῆρχον
1536 5341 1632 5396 τοῦ
1676 5341 1863 5394 θιάσου

298 5437 488 5507 μέρος.
519 5438 655 5491 Νέον
689 5438 798 5508 γὰρ
847 5438 971 5491 τότε
1019 5436 1150 5490 ὄντα
1201 5450 1289 5506 με,
1326 5435 1416 5488 τόν
1442 5450 1500 5486 τε
1532 5433 1722 5504 χρόνον
1770 5431 1865 5485 καὶ

294 5526 388 5582 τὸν
409 5527 666 5598 λογισμὸν
693 5530 1062 5602 ἡρπάκεισαν,
1089 5527 1242 5582 οὐδὲν
1263 5527 1291 5582 ὅ
1307 5525 1452 5595 τιμὴ
1481 5523 1592 5577 τῶν
1617 5523 1716 5592 τῆς
1765 5539 1863 5576 κα·

299 5625 426 5684 κίεις
482 5623 729 5692 ὀργάνων
775 5625 856 5688 εἰς
907 5623 1066 5677 τοῦτο
1116 5622 1472 5692 κινήσαντες·
1531 5616 1866 5687 προθέμενον

297 5714 407 5781 γάρ
429 5713 530 5785 τὴν
553 5713 660 5770 τῶν
699 5714 985 5786 δογμάτων
1016 5713 1326 5786 ἀκρίὖειαν,
1355 5705 1429 5764 ὧν
1454 5707 1642 5777 ἐπειδὴ
1665 5707 1867 5774 γευσά-

1969 3439 2073 3493 bus
2112 3441 2249 3495 meis
2283 3442 2665 3512 superioribus
2697 3452 2812 3499 tum
2842 3445 2894 3498 in
2930 3447 3228 3515 gratiarum
3270 3449 3540 3505 actionem

1969 3530 2100 3596 Deo,
2133 3540 2248 3585 tum
2275 3531 2329 3586 in
2365 3535 2704 3603 triumphum
2735 3535 2803 3590 de
2839 3535 3024 3606 impiis
3051 3547 3102 3593 el
3133 3532 3201 3592 ad
3229 3554 3421 3593 eorum
3459 3527 3543 3595 ὖίη

1971 3623 2410 3690 tuperationem;
2449 3625 2720 3694 precabor
2750 3625 3067 3692 Dominum,
3098 3637 3158 3681 ut
3192 3629 3358 3683 etiam
3394 3647 3544 3686 nunc

1969 3709 2117 3765 adsit
2162 3709 2332 3791 nobis
2384 3713 2606 3782 adjutor
2657 3713 3054 3786 intelligentiae,
3111 3726 3168 3772 ct
3221 3716 3394 3772 verbo
3439 3732 3543 3774 suo

1969 3803 2205 3858 verbum
2243 3814 2494 3861 nostrum
2534 3807 2710 3878 gratia
2751 3807 2990 3878 Spiritus
3023 3809 3200 3865 sancti
3232 3805 3414 3866 amata
3460 3805 3544 3866 di-

1969 3891 2130 3960 rigat.
2157 3891 2212 3948 Si
2239 3897 2410 3960 enim,
2429 3895 2726 3967 adjuvante
2756 3879 3023 3964 nos-Deo,
3052 3908 3170 3953 tum
3197 3897 3302 3954 alia
3333 3901 3539 3964 omnia,

1972 3990 2087 4036 tum
2133 3983 2240 4039 hoc
2272 3985 2420 4054 quod
2467 3987 2522 4040 in
2563 3987 2825 4042 manibus
2859 3997 2964 4053 est,
3015 3989 3438 4058 aggrediemur;
3488 3998 3544 4044 et

1969 4073 2132 4129 nobis
2181 4075 2289 4130 erit
2331 4077 2543 4148 integra
2581 4093 2794 4133 merces
2836 4079 3014 4148 ipsum
3045 4079 3422 4150 adjumentum
3468 4083 3544 4136 la-

1967 4164 2156 4231 boris;
2187 4176 2240 4221 et
2274 4167 2342 4222 iis
2375 4181 2606 4238 propter:
2635 4184 2776 4238 quos
2807 4171 3120 4237 scribimus,
3151 4172 3262 4226 erit
3345 4174 3543 4244 pignus

1971 4258 2250 4321 utilitatis,
2289 4259 2333 4314 si
2365 4275 2475 4314 non
2526 4275 2627 4329 pro
2673 4261 2942 4330 dignitate
2995 4279 3129 4332 par,
3213 4261 3406 4318 saltem
3441 4280 3542 4334 pro

1968 4347 2180 4403 viribus
2209 4347 2448 4402 nostris:
2484 4364 2587 4402 nos
2609 4357 2788 4403 autem
2809 4350 2972 4404 aliter
2989 4351 3156 4404 etiam
3180 4351 3540 4420 inpraesentia

1970 4451 2319 4492 excusamur.
2355 4438 2525 4492 Vetus
2565 4438 2712 4492 enim
2753 4439 3000 4493 debitum
3053 4437 3361 4508 aﬂerimus,
3393 4441 3538 4512 quod

1971 4537 2100 4584 ante
2127 4537 2326 4584 caatera
2351 4527 2536 4582 omnia
2567 4529 2753 4584 debila
2783 4531 2999 4585 solvere
3031 4533 3410 4602 mquissi‘mum
3429 4543 3536 4588 eSt.

1967 4617 2123 4684 Quod
2153 4616 2376 4686 quidem
2409 4619 2520 4688 jam
2551 4618 2765 4687 pridem
2797 4620 2934 4673 solvi
2957 4619 3168 4684 debuit,
3194 4621 3288 4674 sed
3313 4629 3539 4690 propter

1891 4699 1933 4756 C
1975 4723 2225 4778 magnam
2254 4707 2495 4784 inopiam
2517 4709 2804 4775 vix‘nunc,
2831 4719 3036 4776 etnon,
3063 4719 3124 4764 ut
3147 4711 3372 4782 dignum
3397 4722 3536 4778 erat,
3608 4769 3612 4772 ἠ

1967 4799 2104 4852 solvi
2137 4797 2324 4868 coepit.

2035 4885 2306 4953 Quoniam
2335 4895 2525 4943 contra
2543 4899 2682 4959 quos
2707 4891 2874 4958 paulo
2891 4897 3018 4946 ante
3041 4890 3190 4944 volui
3225 4891 3540 4946 columnam

1966 4976 2080 5032 Deo
2106 4993 2332 5048 ponere,
2364 4985 2420 5032 et
2453 4978 2796 5049 triumphum
2827 4980 2895 5035 de
2925 4980 3060 5050 ipsis
3090 4994 3272 5051 agere,
3299 4981 3394 5050 qui
3427 4995 3536 5034 non

1967 5070 2204 5140 amplius
2237 5071 2576 5140 impietatem
2605 5071 2805 5136 celant,
2836 5079 2892 5126 et
2916 5071 2971 5126 in
3003 5072 3192 5126 abdito
3216 5079 3460 5138 servant,
3484 5083 3540 5128 et

1967 5162 2244 5216 multosin
2270 5162 2540 5217 fallaciam
2567 5163 2898 5218 occultando
2923 5163 3216 5228 inducunt,
3248 5164 3344 5219 sed
3375 5165 3540 5220 elon-

1969 5253 2175 5323 ginquo
2209 5263 2496 5324 apparent,
2532 5271 2599 5310 eo
2635 5256 2808 5326 magis
2843 5255 3088 5326 fugiendi
3123 5265 3179 5311 et
3213 5255 3534 5320 avertendi;

1972 5361 2038 5398 ex
2057 5345 2254 5399 borum
2276 5355 2422 5402 ccctu
2453 5356 2508 5402 et
2532 5363 2765 5402 numero
2787 5349 3084 5418 aliquando
3111 5347 3208 5403 lui.
3231 5348 3368 5404 Cum
3391 5348 3537 5402 enim

1973 5445 2103 5491 tunc
2131 5437 2454 5494 adolescens
2481 5454 2685 5504 essem,
2715 5451 2771 5495 et
2799 5450 3014 5510 tempus
3031 5449 3086 5494 et
3110 5441 3377 5494 rationem
3402 5438 3536 5492 mihi

1967 5527 2572 5597 subripuerunt,nullo
2621 5529 2989 5584 instrumento
3041 5528 3264 5584 malitia:
3311 5525 3378 5581 ad
3431 5526 3538 5580 hoc

1958 5631 2066 5668 non
2103 5616 2369 5670 adhibito.
2409 5617 2805 5682 l’roposuerant
2831 5617 2978 5671 enim
3007 5617 3324 5685 dogmazum
3374 5614 3535 5668 abso-

1960 5709 2244 5772 luiioncm,
2339 5727 2456 5778 σιιιειε
2548 5719 2874 5778 postquam,
2949 5709 3102 5778 jam
3163 5705 3532 5776 prm'crbimn,
