3954 6148
469 321 607 390 1359

1746 321 2060 382 LEONTII
2099 321 2513 406 BYZANTINI

3625 339 3771 406 1360

469 450 732 510 tanquam
807 453 1025 494 summo
1089 436 1310 508 digito,
1367 437 1640 501 dclibavi,
1693 436 1872 492 factus
1931 453 2047 492 sum

2166 453 2352 508 μενος,
2381 437 2541 491 τοῦτο
2575 437 2638 510 δὴ
2681 439 2740 492 τὸ
2770 440 2864 495 τοῦ
2891 441 3074 512 λόγου,
3110 447 3266 520 ἄκρῳ
3284 447 3561 524 δακτύλῳ,
3578 453 3763 528 λίχνος

467 533 764 598 avidus,et
788 540 847 585 ut
877 530 1060 584 animo
1091 539 1346 600 prompto
1377 527 1807 594 essem,nihilin
1839 544 1924 584 me
1957 529 2053 584 de-

469 623 776 680 sideratum
812 633 914 677 est.
963 621 1050 676 llli
1104 635 1232 675 vero
1261 635 1349 675 me
1399 629 1665 690 tanquam
1713 636 1921 676 caecum
1952 621 2052 674 ali-

469 715 629 785 cujus
654 713 757 768 vize
781 711 1046 782 cupidum
1073 711 1243 778 nacti,
1275 711 1458 766 conati
1486 719 1618 766 sunt
1645 711 1701 765 in
1723 710 2051 766 barathrum

469 805 769 876 impietatis
800 819 914 859 suae
937 803 1261 860 deturbare.
1289 802 1396 859 Sed
1437 803 1615 858 adfuit
1643 804 1782 858 mihi
1813 819 2052 874 superne

465 898 664 971 gratia,
699 914 822 969 quae
851 913 938 952 me
970 912 1038 952 ex
1067 897 1266 952 mediis
1297 896 1564 952 dentibus
1595 898 1781 968 rapuit
1807 897 1918 968 jam
1953 913 2051 968 pa-

469 989 810 1046 ratissimum
859 989 1083 1044 illorum
1122 989 1434 1060 venationi,
1487 997 1546 1043 et
1597 987 2051 1044 ardentissimum

467 1081 690 1136 virtutis
718 1088 774 1136 et
795 1079 1260 1151 peregrinationis
1288 1088 1516 1149 propter
1541 1093 1663 1134 eam
1687 1077 2053 1148 suscipienda:

467 1173 812 1230 desiderium
864 1172 998 1226 mihi
1035 1172 1245 1244 injecit.
1273 1173 1344 1226 Et
1375 1171 1656 1242 quomodo
1683 1170 1781 1242 qui
1819 1170 1924 1226 fuit
1955 1187 2054 1241 po-

465 1265 585 1337 puli
621 1264 915 1319 lsraelitici
948 1263 1004 1318 in
1035 1264 1334 1319 solitudine
1369 1264 1462 1318 illa
1507 1263 1728 1328 ductor,
1773 1279 1884 1318 non
1933 1271 2053 1318 erat

467 1356 937 1429 peregrinationis
973 1371 1108 1410 mere
1133 1357 1358 1410 futurus
1385 1355 1608 1410 comes?
1657 1355 1759 1421 Qui
1811 1371 1899 1410 me
1939 1371 2049 1410 non

466 1447 625 1518 prius
657 1446 887 1511 dimisit,
915 1445 1092 1502 donec
1128 1446 1184 1500 in
1225 1461 1419 1500 manus
1449 1446 1766 1501 divinorum
1801 1447 2049 1501 virorum

410 1595 413 1597 _
468 1539 718 1605 tradidit,
753 1539 849 1608 qui
899 1553 1010 1592 non
1064 1538 1242 1594 solum
1281 1547 1450 1594 totam
1482 1538 1630 1592 illam
1662 1538 2046 1609 lippitudinem

468 1630 808 1702 depulerunt
853 1638 911 1685 et
965 1639 1370 1701 repurgarent,
1425 1631 1522 1686 sed
1575 1631 1800 1686 oculum
1849 1631 2049 1686 animm

466 1739 628 1780 sacro
674 1723 884 1778 lumine
940 1723 1318 1794 impleverunt
1369 1739 1435 1778 ex
1483 1723 1648 1778 libris
1696 1723 1901 1778 divina:
1958 1739 2048 1779 sa-

2159 541 2220 578 τε
2279 527 2572 598 ἐγενόμην,
2631 531 2726 583 καὶ
2755 532 3068 604 προθυμίας
3113 538 3193 600 είς
3235 541 3434 612 μέτρον
3473 527 3685 602 οὐδὲνῗὸ
3712 568 3762 602 τι

2155 616 2438 672 ἐνέλιπον.
2471 621 2534 672 Οί
2569 619 2624 674 δὲ
2655 620 2949 692 λαϐόμενοι
2984 623 3174 699 ὥσπερ
3203 630 3408 700 τυφλὸν
3443 634 3569 688 ὁδοῦ
3609 655 3759 704 τινος

2154 708 2473 780 ἐφιέμενον,
2504 712 2586 775 είς
2618 711 2680 766 τὸ
2711 715 2812 786 τῆς
2843 717 3116 790 σφετέρας
3154 721 3417 788 ἀσεϐείας
3468 735 3761 784 κατασπᾶ-

2158 817 2248 854 σαι
2303 799 2581 874 βάραθρον
2627 805 3020 878 ἐπεχείρησαν.
3072 813 3216 866 Ἀλλ’
3263 816 3474 872 ἄνωθέν
3525 821 3622 889 μοί
3673 840 3758 886 τις

2155 895 2486 963 ἐπιφανεῖσα
2519 897 2706 968 χάρις,
2743 899 2806 954 ἐκ
2843 901 3012 972 μέσου
3055 907 3164 960 τῶν
3205 909 3434 965 ὁδὸντων
3473 914 3752 984 ἥρπασεν,

2153 987 2509 1080 ἑτοιμότατον
2541 991 2641 1062 ἤδη
2676 994 2972 1065 γενόμενον
3019 999 3268 1071 θήραμα,
3309 1004 3474 1058 πόθον
3523 1024 3586 1060 τε
3625 1012 3752 1080 θερ-

2157 1079 2393 1148 μότατον
2445 1083 2650 1154 ἀρετῆς
2713 1086 3061 1155 ἐμϐαλοῦσα,
3113 1092 3212 1146 καὶ
3259 1093 3371 1168 τῆς
3401 1095 3492 1150 διὰ
3535 1079 3751 1168 ταύτην

2154 1173 2422 1239 ξενιτείας
2447 1174 2696 1240 ἐπάξιον.
2725 1178 2852 1243 Πῶς
2873 1180 2929 1233 δὲ
2947 1182 3048 1234 οὐκ
3075 1182 3311 1253 ἤμελλεν
3335 1167 3372 1238 δ’
3391 1187 3484 1240 τὸν
3524 1167 3750 1262 Ἰσραῆλ

2155 1269 2213 1320 ὲν
2248 1269 2448 1340 ἐρήμῳ
2501 1270 2910 1342 καθοδηγήσας,
2958 1276 3138 1346 κάμοῦ
3183 1280 3535 1350 συνέμπορος
3588 1287 3751 1352 γενέο

2155 1361 2279 1414 σθαι
2309 1363 2410 1434 τῆς
2436 1362 2746 1434 ἐκδημίας;
2791 1367 2973 1437 φέρων
3013 1387 3072 1421 τε
3110 1369 3265 1424 οὔπω
3299 1373 3567 1444 πρότερον
3647 1379 3741 1430 ἀν-

2152 1454 2302 1522 ήκει,
2331 1451 2438 1517 ἓως
2470 1471 2539 1523 με
2570 1454 2731 1510 θείων
2763 1458 2977 1528 ἀνδρῶν
3009 1460 3395 1535 ἐγκα[τέ]θετο
3429 1466 3741 1536 παλάμαις,

2153 1543 2206 1596 οἴ
2233 1559 2296 1610 γε
2329 1543 2390 1596 οὐ
2422 1545 2584 1614 μόνον
2636 1548 2822 1618 πάσης
2853 1551 3073 1622 ἐκείνης
3111 1553 3212 1623 τῆς
3243 1554 3449 1626 λήμης,
3481 1559 3545 1612 τὸ
3584 1560 3744 1632 ὄμμα

2149 1635 2250 1704 τῆς
2289 1637 2431 1706 ἐμῆς
2462 1638 2644 1710 ψυχῆς
2667 1640 3052 1712 ἀπεκάθηραν,
3083 1645 3218 1698 ἀλλὰ
3254 1649 3348 1701 καὶ
3377 1649 3560 1718 φωτὸς
3588 1652 3742 1723 ἱεροῦ

2153 1728 2468 1784 άπέπλισαν
2500 1734 2625 1796 ταῖς
2668 1732 2776 1786 τῶν
2802 1733 3078 1804 Θεοσόφων
3111 1736 3338 1806 βίϐλοις,
3375 1744 3504 1808 παρ’
3527 1736 3604 1796 ὧν
3637 1747 3742 1798 αὖ·

464 1816 691 1888 pientiae
733 1831 803 1871 ex
844 1816 1050 1886 quibus
1080 1815 1157 1870 illi
1190 1817 1478 1871 veritatem
1525 1824 1581 1871 et
1623 1815 1894 1885 reliquam
1937 1815 2047 1869 vir—

2154 1821 2332 1892 τοῖςή
2382 1819 2613 1890 ἀλήθεια
2660 1823 2754 1877 καὶ
2801 1826 2834 1892 ή
2874 1803 3037 1898 λοιπὴ
3086 1803 3278 1900 άρετὴ,
3322 1803 3420 1894 τὰς
3456 1803 3608 1901 -ἐμὰς
3645 1835 3743 1888 χαὶ

464 1917 642 1964 tutem
697 1907 1034 1973 hauserant,
1083 1906 1290 1976 quibus
1338 1922 1492 1962 meas
1542 1906 1790 1962 actiones
1841 1915 1898 1961 et
1953 1921 2048 1961 co-

464 2003 744 2076 gnitiones
806 2008 988 2057 castas
1051 2000 1379 2056 effecerunt.
1450 2000 1648 2055 Annon
1711 2001 1912 2055 merito
1960 2015 2049 2055 me

465 2097 723 2153 homines
767 2094 908 2167 grati
961 2103 1225 2149 extremae
1275 2093 1578 2164 impietatis
1613 2093 2046 2156 aecusavissent,

463 2193 513 2248 si
545 2192 661 2247 haec
695 2189 922 2245 silentio
962 2188 1184 2258 penitus
1230 2187 1517 2257 prmterire
1567 2184 1907 2241 voluissem?

535 2277 693 2344 Quod
706 2285 890 2332 autem
909 2291 938 2330 a
953 2275 1246 2346 principio,
1272 2290 1338 2330 ex
1357 2274 1660 2344 quolucem
1681 2273 1814 2338 vidi,
1831 2283 1885 2328 et
1911 2273 2048 2328 mihi

465 2377 722 2440 aspectus
742 2368 884 2424 lucis
903 2383 1134 2424 munere
1161 2368 1257 2422 Dei
1287 2367 1537 2423 redditus
1561 2381 1666 2434 εει,
1690 2382 1802 2422 non
1826 2381 2051 2436 compo-

466 2462 555 2516 sui
588 2461 895 2516 orationem
925 2460 984 2514 in
1014 2459 1317 2532 gratiarum
1350 2460 1621 2515 actionem
1647 2499 1662 2528 ,
1705 2467 1939 2514 excuset
1961 2473 2049 2514 me

467 2553 696 2624 quidem
749 2552 938 2618 Deus;
995 2560 1223 2606 excuset
1270 2565 1405 2606 vero
1441 2552 1611 2606 etiam
1664 2545 2048 2620 unusquisque

467 2661 538 2702 ex
567 2645 636 2700 iis
657 2657 797 2713 quos
817 2643 964 2699 Deus
989 2643 1190 2714 diligit.
1214 2643 1336 2698 Non
1355 2643 1503 2698 enim
1530 2651 1756 2713 propter
1778 2643 2046 2712 ingratam

466 2735 819 2800 memoriam,
841 2733 938 2790 sed
961 2748 1032 2788 ne
1054 2749 1120 2789 ex
1143 2733 1445 2804 gratiarum
1459 2735 1677 2789 actione
1700 2735 2048 2791 occasionem

464 2841 834 2900 praepropera:
848 2833 904 2881 et
918 2825 1221 2896 petulantis
1235 2824 1556 2896 scriptionis
1576 2825 1877 2896 sumpsisse
1899 2825 2051 2881 vide-

464 2933 585 2984 rer,
618 2915 928 2972 orationem
958 2914 1229 2970 continui.
1264 2915 1424 2970 Nunc
1467 2923 1652 2969 autem
1703 2924 1832 2970 nata
1883 2931 2048 2971 causa

463 3011 635 3082 justa,
680 3023 804 3080 quae
863 2990 1127 3063 excitavit
1177 3013 1235 3062 et
1263 3007 1544 3062 conticere
1598 3022 1709 3061 non
1757 3007 2046 3078 permittit,

465 3099 658 3158 studui
692 3111 752 3156 ut
780 3107 838 3155 et
869 3098 1058 3154 debito
1089 3104 1145 3152 et
1179 3096 1459 3152 desiderio
1503 3097 1902 3154 satisfacerem.
1937 3099 2047 3153 Ero

465 3198 652 3247 autem
681 3187 905 3260 majoris
949 3187 1294 3243 auctoritatis
1348 3203 1460 3256 pne
1504 3186 1764 3242 omnibus
1814 3203 1928 3241 tum
1977 3187 2043 3242 ad
2071 3156 2115 3214 θ

463 3283 778 3342 faciendam
826 3280 990 3336 ﬁdem
1043 3295 1238 3336 eorum
1288 3293 1412 3350 quae
1458 3279 1692 3334 dicenda
1741 3287 1888 3343 sunt,
1929 3289 2044 3334 tum

466 3376 538 3432 ad
581 3372 957 3432 cohibendum
1007 3371 1220 3442 pudore
1267 3369 1490 3440 impios,
1541 3371 1585 3424 si
1645 3369 1786 3424 forte
1839 3371 2042 3424 velint:

465 3465 812 3538 experientia
863 3464 1047 3530 enim,
1095 3471 1158 3518 ut
1204 3462 1382 3526 aiunt,
1441 3461 1652 3516 lirmior
1697 3469 1783 3516 est
1837 3461 2042 3518 verbis.

465 3558 628 3616 Adsit
655 3557 912 3614 Christus
939 3555 1096 3612 testis
1121 3567 1178 3610 cl.
1210 3555 1374 3610 Pater
1397 3555 1536 3624 ejus,
1573 3569 1680 3608 non
1705 3569 1826 3608 esse
1865 3570 1950 3608 me
1978 3554 2045 3610 de

465 3651 606 3721 ipsis
630 3649 948 3705 locuturum
976 3656 1073 3703 aut
1093 3647 1222 3702 odio
1246 3646 1577 3717 aliquorum,
1610 3653 1705 3698 aut
1733 3646 1786 3699 in
1815 3646 2044 3716 gratiam

467 3741 742 3808 aliorum;
781 3740 879 3796 sed
915 3740 1046 3812 quia
1077 3738 1345 3794 misereor
1375 3737 1614 3808 primum
1647 3736 1872 3807 quidem
1921 3738 2044 3792 illo-

463 3847 592 3888 rum
627 3832 896 3903 ipsorum,
929 3829 1131 3886 deinde
1162 3844 1294 3884 vero
1327 3827 1459 3898 quia
1496 3827 1905 3882 multitudinem
1947 3844 2045 3883 eo-

463 3938 592 3979 rum
621 3936 761 3993 quos
795 3921 1160 3990 deceperunt,
1189 3933 1408 3988 semper
1437 3916 1631 3972 deﬂeo.
1670 3918 1860 3972 Tertio
1894 3920 2043 3972 volui

465 4028 632 4085 opem
653 4012 800 4068 ferre
819 4010 886 4066 ad
901 4008 1320 4081 praecavendum
1345 4009 1414 4063 iis
1433 4008 1526 4080 qui
1553 4019 1683 4062 sunt
1708 4011 1762 4062 in
1789 4011 2042 4079 prmsenti

464 4106 585 4162 fere
605 4103 858 4175 perieulo
887 4099 1354 4170 labendi,quibus
1374 4099 1523 4153 hunc
1550 4099 1753 4153 librum
1785 4108 2042 4170 tanquam

465 4195 776 4254 remedium
791 4193 992 4250 veneni
1011 4191 1370 4248 commiscere
1384 4191 1552 4246 volui.
1573 4191 1743 4245 Praete
1753 4207 1840 4244 rea
1856 4191 2018 4244 etiam
2029 4232 2042 4252 .

467 4293 599 4365 quia
634 4289 949 4346 metuebam
983 4285 1282 4360 judicium,
1309 4285 1352 4340 si
1387 4283 1607 4338 miseria
1638 4284 1751 4351 ipsa
1784 4300 1814 4336 a
1843 4299 1950 4352 qua
1983 4283 2046 4334 ii-

465 4386 695 4442 beratus
746 4381 998 4446 fuissem,
1053 4394 1158 4434 nos
1212 4375 1604 4434 misericordes
1649 4391 1759 4428 non
1805 4372 2040 4426 fecisset.

2151 1915 2344 1984 χεῖρας
2388 1913 2485 1968 καὶ
2536 1915 3130 1989 φρέναςὰγνίσαντες.
3166 1916 3294 1991 Ἆρ’
3327 1917 3423 1976 οῦν
3467 1925 3566 1977 οὐκ
3605 1926 3738 1979 ἀσε-

2151 2005 2306 2067 ϐείας
2353 2007 2592 2078 ἐσχάτης
2633 2007 2854 2080 γραφὴν
2901 2009 2966 2064 ἂν
3021 2013 3174 2080 παρὰ
3217 2013 3326 2068 τῶν
3367 2016 3738 2087 εὐγνωμόνων

2150 2094 2378 2160 ἐνδίκως
2427 2097 2858 2171 ἁπηνεγκάμην,
2911 2103 2960 2154 εί
3013 2103 3192 2158 ταῦτα
3239 2109 3420 2179 σιωπῇ
3474 2111 3739 2163 παντελεῖ

2151 2187 2494 2257 παραδοῦναι
2528 2189 2803 2259 ὑπέμεινα
2819 2207 2834 2258 ;

2223 2279 2346 2332 Ὅτι
2373 2279 2431 2332 δὲ
2465 2279 2540 2352 μὴ
2583 2281 2679 2335 ἀπ’
2712 2282 2910 2354 ἀρχῆς,
2953 2285 3089 2356 μηδὲ
3112 2287 3234 2340 κατ’
3281 2288 3452 2360 αὐτὴν
3492 2289 3734 2362 ἐκείνην,

2149 2368 2225 2434 ὡς
2279 2370 2478 2436 εἰπεῖν,
2503 2371 2604 2444 τὴν
2655 2371 2824 2444 ὥραν,
2877 2374 3000 2428 καθ’
3033 2378 3100 2446 ῆν
3135 2379 3436 2448 ἀναϐλέψαι
3464 2379 3734 2454 ἡξίωμαι,

2149 2463 2242 2520 τὸν
2315 2465 2739 2536 εὐχαριστήριον
2801 2471 3138 2541 συντέταχα,
3200 2475 3576 2546 παραιτεῖσθω
3631 2479 3736 2548 μὲν

2150 2555 2306 2622 Θεὸς,
2357 2557 2740 2625 παραιτεῖσθω
2781 2559 2838 2612 δὲ
2876 2561 3112 2616 καὶτῶν
3162 2563 3432 2636 θεοφιλῶν
3477 2567 3734 2633 ἕκαστος.

2151 2647 2226 2700 Οὐ
2281 2646 2392 2719 γὰρ
2427 2648 2497 2701 δι’
2522 2650 2964 2722 οάγνωμοσῦνην,
3005 2654 3124 2709 ἀλλ’
3165 2655 3307 2727 ὑπὲρ
3351 2657 3447 2712 τοῦ
3477 2660 3554 2732 μὴ
3583 2659 3736 2726 δόξαι

2148 2739 2250 2811 τὴν
2291 2742 2651 2812 περὶτούτων
2677 2744 3033 2816 εὐχαριστίαν
3063 2747 3374 2819 προπετοῦς
3405 2752 3736 2823 συγγραφῆς

2151 2832 2423 2888 ποιεῖσθαι
2475 2834 2772 2904 πρόφασιν,
2827 2836 2980 2907 φόϐῳ
3029 2837 3122 2890 τὸν
3189 2837 3347 2906 λόγον
3391 2839 3732 2909 ἑχαλίνωσα.

2147 2924 2262 2978 Νῦν
2291 2925 2336 2978 δ’
2367 2925 2463 2979 ἆτε
2496 2925 2714 2990 δικαίας
2739 2927 2834 2982 καὶ
2876 2928 2996 2981 οὐδὲ
3050 2927 3442 2997 συγχωρούσης
3491 2931 3736 3000 ἠρεμεῖν

2149 3015 2558 3087 ἀνακινησάσης
2613 3019 2764 3089 ἡμᾶς
2827 3019 3036 3082 αἰτίας,
3072 3017 3487 3088 ἀφοσιώσασθαι
3543 3022 3610 3072 τό
3661 3039 3732 3075 τε

2147 3109 2309 3180 χρέος
2342 3109 2435 3162 καὶ
2465 3109 2556 3162 τὸν
2586 3109 2752 3162 πόθον
2776 3107 3106 3164 ἐσπούδακα.
3157 3107 3624 3180 ’Δξιοπιστότερος
3652 3110 3720 3163 δὲ

2149 3200 2371 3255 πάντων
2406 3199 2473 3254 ἂν
2500 3197 2590 3273 ἦν,
2626 3203 2706 3263 εἷς
2731 3218 2789 3253 τε
2819 3199 2994 3252 πίστιν
3018 3199 3126 3254 τῶν
3149 3199 3592 3272 λεχθησομένων,
3619 3202 3731 3254 καὶ

2148 3295 2230 3358 εἰς
2273 3293 2336 3346 τὸ
2378 3295 2700 3348 καταιδέσαι
2731 3293 2860 3357 τοὺς
2903 3292 3123 3357 ἀθέους,
3163 3291 3227 3346 ἂν
3257 3293 3362 3364 ἆρα
3394 3291 3731 3363 βούλωνται·

2150 3387 2317 3454 πεῖρα
2348 3383 2480 3456 γὰρ,
2573 3401 2729 3454 φασι,
2760 3383 2874 3436 τῶν
2903 3382 3079 3451 λόγων
3114 3381 3461 3452 βεϐαιοτέρα.
3491 3383 3736 3454 Χριστὸς

2147 3474 2204 3527 δέ
2239 3493 2330 3545 μοι
2356 3476 2589 3547 παρητω
2625 3475 2859 3546 μάρτυς,
2887 3477 2984 3528 καὶ
3010 3477 3039 3528 ὁ
3072 3475 3264 3528 τούτου
3303 3473 3516 3546 Πατὴρ,
3547 3475 3630 3528 ὅτι
3654 3476 3735 3545 μὴ

2147 3569 2417 3640 ἀπεχθείᾳ
2459 3567 2682 3640 τινῶνῆ
2719 3571 2782 3639 τῇ
2820 3566 2956 3640 πρὸς
2985 3567 3211 3638 ἑτέρους
3257 3567 3466 3639 χάριτι,
3503 3567 3572 3621 τὰ
3611 3569 3733 3622 κατ’

2147 3662 2346 3726 αὐτοὺς
2376 3659 2492 3732 εἶμι
2519 3660 2691 3726 λέξων
2713 3677 2726 3692 ·
2753 3659 2902 3716 ἀλλὰ
2941 3660 3193 3732 πρώτους
3229 3660 3330 3732 μὲν
3358 3661 3558 3724 αὐτοὺς
3586 3660 3731 3714 ὲκεί-

2147 3774 2270 3820 νους
2299 3753 2804 3826 κατοικτιζόμενος.
2832 3755 2935 3809 οὐκ
2967 3754 3117 3808 ἐστιν
3159 3754 3248 3808 ὅτε
3287 3753 3364 3825 μὴ
3395 3754 3734 3824 ὀλοφυρόμε-

2147 3866 2259 3913 νος,
2289 3848 2386 3900 καὶ⁵
2433 3846 2620 3918 τρίτον
2667 3845 3158 3918 προφυλακτήριόν
3204 3864 3259 3900 τι
3319 3847 3574 3918 βοήθημα
3621 3850 3736 3910 τοῖς

2145 3939 2268 3994 ὅσον
2300 3937 2452 3992 οῢπω
2491 3939 2949 4009 ἐμπεσουμένοις,
2995 3937 3190 3993 τοῦτον
3229 3939 3322 3994 τὸν
3353 3939 3513 4008 λόγον
3543 3938 3734 4010 ὥσπερ

2144 4045 2196 4082 τι
2247 4027 2593 4098 ἁ).εξιτήρ;ον
2646 4032 2944 4098 φάρμακον
2990 4031 3338 4101 συγκεράσαι
3399 4030 3732 4082 ἐσπούδασα.

2147 4121 2293 4189 Πρὸς
2325 4121 2406 4172 ἔτι
2429 4121 2485 4172 δὲ
2519 4121 2614 4172 καὶ
2644 4122 2706 4172 τὸ
2737 4122 2913 4192 κρῖμα
2973 4121 3193 4186 δεδιὼς,
3218 4123 3267 4176 εί
3291 4125 3431 4194 μήτε
3466 4123 3528 4176 τὸ
3559 4121 3735 4185 πάθος

2147 4215 2292 4282 ἡμᾶς
2327 4211 2636 4281 συμπαθεῖς
2668 4212 3107 4267 κατεσκεύασεν.
3146 4214 3244 4266 ”1ν’
3277 4217 3328 4268 εί
3363 4215 3438 4285 μή
3483 4232 3535 4268 τι
3583 4214 3734 4280 ἄλλο,

2145 4302 2306 4354 τοῦτο
2335 4302 2398 4370 δὴ
2437 4303 2870 4372 καρποφορήσω,
2910 4301 2989 4372 τῷ
3034 4303 3440 4374 λυτρωσαμένῳ
3481 4303 3580 4374 κα)
3627 4303 3736 4356 σώ-

2149 4409 2304 4446 σαντι
2333 4391 2432 4462 τὴν
2493 4391 2698 4462 ἐτέρων
2730 4392 3116 4463 προφυλακήν.
3147 4393 3290 4463 Μηδ¹
3327 4394 3482 4447 αὐτοὶ
3513 4371 3572 4447 δέ
3601 4396 3738 4465 ἡμῖν

465 4475 539 4532 Ut
586 4474 634 4530 si
684 4489 797 4528 non
845 4469 1021 4536 aliud,
1055 4470 1203 4524 hunc
1251 4468 1446 4523 saltem
1484 4465 1720 4520 fructum
1751 4464 1802 4517 ei
1831 4464 1922 4536 qui
1955 4479 2043 4516 re-

2154 4486 2654 4557 χαλεπαινέτωσαν,
2697 4487 2746 4538 εἰ
2775 4486 3014 4552 ἐξειπεῖν
3059 4486 3354 4557 ὑπέμεινα,
3401 4488 3546 4556 ἆπερ
3581 4489 3739 4540 αὐτοὶ

465 4567 642 4623 demit
679 4574 737 4621 et
785 4563 1064 4628 servavit,
1115 4561 1376 4625 offeram;
1419 4558 1658 4612 fructum
1687 4555 1810 4610 dico
1841 4569 2042 4626 puera—

465 4673 596 4715 verc
627 4656 770 4713 aliis.
797 4655 880 4712 Ne
908 4668 1043 4710 vero
1092 4651 1198 4723 ipsi
1247 4650 1480 4705 moleste
1522 4646 1724 4711 ferant,
1761 4644 1808 4699 si
1845 4642 2046 4698 eﬂ‘erre

465 4751 643 4818 volui,
679 4765 804 4820 qua:
832 4745 938 4818 ipsi
968 4760 1080 4799 non
1125 4743 1470 4797 horruerunt
1490 4737 1718 4794 sentire.
1746 4735 1859 4806 Age
1887 4749 2041 4804 ergo,

467 4845 766 4901 all'eramus
804 4841 862 4895 in
909 4835 1157 4894 medium
1209 4834 1279 4889 ab
1325 4833 1461 4904 ipsis
1514 4838 1710 4886 contra
1753 4827 2044 4882 veritatem

467 4935 798 5005 excogitata,
820 4928 1027 5000 quibus
1043 4927 1130 4982 usi
1155 4934 1286 4983 sunt
1311 4924 1368 4978 in
1390 4938 1487 4978 eos
1512 4921 1609 4992 qui
1636 4919 1835 4974 misere
1855 4932 2046 4972 eorum

465 5022 681 5094 laqueis
713 5020 922 5076 irretiri
953 5029 1010 5072 et
1039 5016 1162 5086 capi
1198 5023 1509 5085 emperunt.

539 5113 577 5167 Ι.
610 5111 858 5167 Primum
896 5109 1066 5180 igitur
1103 5105 1399 5164 artiﬁcium
1428 5098 1800 5158 simulationis
1822 5097 2048 5168 dignum

467 5203 681 5275 malitia
713 5217 907 5258 eorum
929 5209 1034 5266 est,
1065 5198 1214 5270 quod
1251 5211 1376 5252 cum
1409 5203 1632 5249 sanctos
1659 5190 1921 5245 Ecclesiae
1954 5189 2051 5244 do-

469 5310 654 5353 ctores
699 5303 756 5352 ct
801 5310 832 5350 a
872 5295 986 5350 Deo
1038 5293 1198 5348 datos
1259 5297 1374 5344 non
1442 5285 1738 5356 recipiant,
1790 5281 2052 5337 simulant

467 5389 641 5444 verbo
669 5404 728 5444 se
761 5403 944 5457 neque
979 5383 1335 5441 Theodorum
1387 5393 1569 5449 neque
1601 5375 1902 5432 Diodorum
1937 5373 2052 5444 pri-

468 5499 588 5540 mos
623 5482 920 5552 impietatis
948 5494 1061 5534 sua:
1091 5475 1274 5530 fontes
1309 5472 1577 5542 recipere.

535 5686 605 5740 ll.
631 5686 774 5752 Quin
807 5695 972 5740 etiam
1001 5696 1254 5750 magnam
1285 5680 1578 5752 synodum,
1599 5687 1658 5736 et
1685 5677 2050 5749 plurimorum

472 5791 860 5849 episcoporum
893 5773 1401 5853 Clialcedonensem
1443 5789 1546 5845 pro
1575 5773 1685 5830 alio
1730 5769 1930 5854 quovis
1962 5768 2050 5851 iu-_

2149 4581 2366 4649 φρονεῖν
2386 4579 2446 4632 οὐ
2478 4578 2836 4649 πεφρίκασιν.
2869 4579 3004 4646 Ἀγε
3027 4577 3092 4648 δὴ
3116 4573 3232 4644 οὖν,
3251 4579 3330 4642 είς
3360 4579 3526 4646 μέσον
3556 4579 3738 4631 αὐτῶν

2149 4671 2719 4742 παρεισκυκλήσωμεν
2779 4671 2878 4728 τὰς
2932 4670 3078 4724 κατά
3136 4671 3238 4739 τῆς
3291 4669 3556 4738 ἀληθείας
3610 4671 3736 4721 ἐπι-

2149 4765 2320 4826 νοίας,
2341 4761 2428 4826 αἷς
2455 4765 2756 4832 κέχρηνται
2791 4763 2933 4815 κατὰ
2954 4762 3064 4814 τῶν
3099 4761 3300 4826 ἀθλίως
3329 4764 3449 4826 ταῖς
3484 4764 3738 4830 φονικαῖς

2149 4855 2334 4908 αὐτῶν
2360 4856 2592 4925 ἄρκυσιν
2633 4855 2836 4908 ἁλῶναι
2877 4855 3218 4925 ἀρχομένων.

2221 5126 2302 5180 A'.
2332 5123 2558 5194 Πρῶτον
2599 5123 2700 5193 μὲν
2727 5121 2820 5176 οὖν
2844 5121 3025 5175 αὐτῶν
3053 5121 3216 5194 τοῦτο
3233 5121 3417 5194 δρᾶμα
3441 5123 3544 5192 τῆς
3572 5140 3743 5192 πονη-

2155 5217 2276 5288 ρίας
2309 5216 2553 5281 ἐπάξιον,
2585 5216 2668 5268 ὅτι
2701 5215 2824 5284 μηδ’
2849 5213 2988 5276 ὅλως
3011 5214 3135 5276 τοὺς
3161 5190 3344 5285 ἱεροὺς
3370 5213 3470 5282 τῆς
3502 5214 3740 5284 Ἐκκλη-

2154 5311 2277 5372 σίας
2311 5309 2406 5362 καὶ
2453 5307 2770 5369 θεοσδότους
2825 5305 3107 5376 δεχόμενοι
3171 5304 3553 5372 διδασκάλους,
3599 5305 3742 5373 πλὴν

2151 5403 2234 5456 ὅτι
2262 5401 2396 5473 μηδὲ
2419 5401 2698 5470 Θεόδωρον
2724 5399 2818 5452 καὶ
2853 5398 3142 5467 Διόδωρον,
3180 5398 3282 5462 τὰς
3311 5397 3536 5468 πρώτας
3561 5398 3745 5450 αὐτῶν

2153 5491 2254 5561 τῆς
2300 5490 2558 5554 ἀσεϐείας
2588 5489 2774 5561 πηγὰς
2817 5487 3074 5557 δέχεσθαι
3109 5487 3187 5560 τῷ
3219 5489 3366 5561 λόγῳ
3411 5489 3741 5560 ὑποκρίνον-

2151 5602 2264 5638 ται.

2225 5676 2300 5730 B'.
2330 5676 2441 5730 Καὶ
2477 5675 2584 5747 μὴν
2625 5677 2710 5730 ὅτι
2741 5677 2842 5744 τὴν
2889 5674 3140 5746 μεγάλην
3179 5673 3276 5727 καὶ
3312 5671 3750 5742 πολυάνθρωπον

2156 5768 2398 5838 σύνοδον,
2445 5769 2542 5822 καὶ
2591 5769 2707 5824 ἀντ’
2755 5768 2918 5824 ἄλλου
2967 5768 3114 5832 τινίς
3172 5766 3569 5836 δελεάσματος,
3631 5767 3746 5833 τοὶς
