3934 6156
255 259 392 329 1381

1209 267 1386 362 Αῡν.
1421 268 2125 331 INCORRUPTICOLAS
2167 272 2261 331 ET
2301 268 2620 332 NESTOR.

3372 268 3508 336 1362

253 377 643 449 ἁπλουστέροις
694 378 1088 450 προτείνουσιν,
1125 379 1186 432 ού
1217 381 1544 451 φρονοῦντες
1579 384 1676 450 μὲν
1710 383 1828 435 κατ’

1967 383 2237 440 itamento
2289 381 2721 453 simplicioribus
2769 388 3105 451 proponunt,
3138 395 3246 436 non
3290 383 3512 451 quidem

255 471 450 538 αὐτήν.
477 471 592 523 Ούκ
615 465 733 524 οἶδα
759 470 938 541 γάρεί
962 487 1070 522 τινι
1097 471 1242 541 ἄλλῳ
1259 471 1369 525 τῶν
1401 473 1686 542 πρωτείων
1737 473 1830 526 τοῦ

257 568 478 635 φρονεῖν
516 565 634 618 κατ’
681 564 850 635 αὐτῆς
899 565 1344 636 παραχωροῦσιν,
1385 567 1534 636 ὅμως
1585 567 1628 620 δ’
1660 567 1832 637 αὐτὴν

255 657 332 722 ώς
377 657 578 728 σεμνὸν
625 659 993 728 προσωπεῖον.
1025 657 1120 710 τοῦ
1153 656 1274 711 καθ’
1303 659 1532 723 ἑαυτοὺς
1556 659 1835 730 δράματος

257 747 736 818 ὑπεισερχὸμενοι,
767 745 1091 800 λανθάνουσι
1116 747 1185 801 τά
1219 749 1414 820 πρῶτα
1441 753 1539 820 τῆς
1577 751 1834 821 ἐγχειρή-

259 853 422 902 σεως·
459 837 605 904 ἅπαξ
643 837 701 890 δὲ
745 835 1037 902 πείσαντες
1067 837 1326 908 δέχεσθαι
1362 839 1525 910 δῆθεν
1576 841 1674 910 τὴν
1705 841 1834 894 σύν-

257 929 393 994 οδον,
417 929 449 998 ἢ
475 927 764 998 δεχομένου
793 928 858 994 γέ
887 945 1034 993 τινος
1051 928 1343 1000 λαῢόμενοι
1363 931 1835 997 διαπυνθάνονται,

259 1021 444 1074 ὁποῖον
483 1019 636 1088 αύτῷ
689 1019 922 1090 σύνηθές
962 1036 1023 1074 τε
1053 1020 1173 1087 ,καὶ
1223 1022 1376 1090 φίλον
1404 1023 1513 1077 τῶν
1571 1025 1838 1096 Πατέρων

258 1115 446 1168 ἀσκεῖν
468 1129 482 1142 ·
516 1108 638 1168 εἶτα
687 1115 737 1166 εί
791 1113 944 1183 τύχοι
974 1113 1155 1184 φήσας
1199 1115 1227 1167 ὁ
1259 1113 1639 1186 ἐρωτώμενος,
1675 1118 1708 1188 ἢ
1746 1119 1838 1169 τὸν

263 1206 439 1276 μέγαν
467 1204 744 1279 ὀφθαλμὸν
763 1205 862 1274 τῆς
885 1205 1214 1274 Ἐκκλησίας
1245 1207 1522 1278 Ἰωάννην,
1541 1209 1574 1280 ἢ
1594 1211 1722 1272 τοὺς
1745 1208 1841 1262 δύο

263 1297 538 1366 μεγάλους
567 1297 881 1367 φωστῆρας,
908 1295 1036 1360 τοὺς
1077 1299 1453 1362 Καππαδόκας
1480 1302 1645 1368 φημὶ,
1675 1299 1706 1368 ἢ
1748 1300 1839 1352 τὶν

281 1385 584 1452 φανῦτατον
644 1387 923 1458 ἑωσφόρον
973 1387 1310 1453 Ἀθανάσιον,
1363 1391 1412 1442 οἱ
1454 1389 1508 1442 δὲ
1541 1391 1682 1460 (οὐδὲ
1731 1391 1840 1462 γάρ

263 1477 624 1548 ὑπομένουσιν
655 1478 772 1531 οὐδὲ
805 1479 976 1549 αὐτήν
1003 1497 1068 1548 γε
1088 1480 1186 1552 τὴν
1213 1480 1322 1534 τῶν
1350 1483 1631 1550 ὀνομάτων
1659 1483 1842 1550 ἀπαγ-

261 1567 494 1636 γελίαν,)
524 1567 799 1622 ἀλλοιοῦσι
847 1569 948 1638 μὲν
975 1568 1138 1632 εὐθὺς
1165 1569 1227 1622 τὸ
1257 1571 1570 1638 πρόσωπον,
1601 1573 1750 1640 ὅμως
1779 1589 1843 1638 γε

270 1659 378 1730 μὴν
411 1659 549 1730 ὑπὲρ
573 1659 668 1712 τοῦ
707 1659 781 1730 μὴ
817 1659 960 1714 κατὰ
983 1660 1082 1730 τὴν
1111 1661 1333 1732 πρώτην
1362 1663 1614 1732 ἐντυχίαν
1641 1661 1845 1732 πλῆξαι

265 1747 356 1799 τὸν
393 1747 736 1818 θηρώμενον,
770 1750 864 1802 καὶ
891 1748 1064 1820 ταύτῃ
1093 1751 1457 1821 ἀποφοιτῆσαι
1482 1793 1500 1817 ,
1531 1751 1697 1804 Καλο“ι
1729 1753 1849 1821 μὲν,

1935 476 2236 531 sentientes
2264 490 2389 530 cum
2421 489 2518 537 ea;
2555 473 2742 529 nescio
2772 472 2922 528 enim
2957 489 3025 526 an
3059 471 3154 526 ulli
3185 472 3276 526 alii
3309 473 3514 543 primas

1935 573 2121 634 partes
2159 562 2436 620 sentiendi
2489 573 2684 618 contra
2731 576 2853 617 eam
2887 559 3232 628 concedam;
3289 578 3512 632 gravem

1935 665 2118 711 tamen
2152 671 2446 726 personam
2472 655 2592 726 ejus
2639 655 2694 709 in
2741 670 2843 710 suo
2889 663 3012 709 actu
3059 654 3166 709 sibi
3206 670 3304 724 per
3340 655 3516 710 simu-

1929 745 2196 801 lationem
2248 747 2616 816 imponentes,
2648 747 2821 801 latent
2871 747 2926 802 in
2977 746 3113 816 ipsis
3144 745 3350 817 negotii
3390 761 3517 801 sus-

1937 837 2081 908 cepti
2129 838 2342 892 initiis:
2383 852 2508 892 cum
2549 853 2682 892 vero
2713 837 2881 892 semel
2930 837 3210 894 suaserint
3245 837 3518 910 synodum

1938 930 2209 999 recipere,
2239 935 2335 984 aut
2380 928 2529 983 nacti
2561 937 2691 982 sunt
2722 929 2962 998 aliquem
2994 929 3088 1000 qui
3119 929 3369 1000 recipiat,
3396 945 3522 1000 per-

1939 1029 2239 1076 contantur
2293 1035 2589 1086 quemnam
2643 1035 2712 1076 ex
2761 1021 3020 1076 Patr-ibus
3083 1023 3278 1078 solitus
3329 1022 3404 1079 sit
3467 1031 3523 1078 et

1941 1112 2154 1182 placeat
2201 1120 2438 1166 tractare
2485 1119 2542 1166 et
2585 1126 2884 1166 exercere:
2934 1111 3155 1178 deinde,
3193 1113 3238 1168 si
3271 1113 3413 1170 forte
3447 1131 3526 1170 re-

1942 1203 2230 1272 spondeat,
2263 1217 2424 1272 quem
2459 1203 2770 1272 percontati
2803 1211 2953 1267 sunt,
2984 1213 3078 1258 aut
3109 1221 3365 1276 magnum
3391 1222 3526 1262 ocu-
3613 1185 3619 1259 ξ

1941 1294 2054 1348 lum
2091 1293 2350 1351 Ecclesiae
2393 1293 2664 1349 Joannem
2691 1335 2705 1359 ,
2733 1303 2831 1348 aut
2872 1294 2983 1348 duo
3027 1311 3222 1366 magna
3277 1296 3524 1362 lumina,
3611 1299 3616 1306 ’

1943 1387 2105 1447 duos,-
2138 1388 2386 1456 inquam,
2432 1386 2556 1441 illos
2599 1385 2978 1456 Cappadocire.
3028 1395 3124 1442 aut
3155 1387 3525 1444 clarissimum

1943 1478 2236 1534 luciferum
2263 1477 2653 1544 Athanasium;
2685 1479 2764 1532 illi
2785 1479 3050 1534 continuo
3069 1463 3284 1534 mutant
3303 1479 3526 1550 quidem

1946 1586 2268 1642 personam:
2313 1586 2425 1625 non
2460 1571 2606 1626 enim
2645 1571 2931 1640 patiuntur
2975 1586 3042 1626 ne
3077 1571 3349 1626 nominari
3405 1572 3528 1642 qui-

1946 1660 2070 1714 dem
2103 1661 2320 1725 solum;
2371 1675 2442 1714 ne
2497 1667 2680 1714 tamen
2721 1661 2776 1714 in
2830 1660 2950 1730 ipso
2986 1661 3167 1728 primo
3219 1676 3521 1732 congressu

1943 1739 2266 1806 deterreant
2282 1768 2447 1821 quem
2467 1752 2767 1822 illaqueare
2789 1753 3004 1816 volunt,
3029 1762 3194 1823 atque
3227 1753 3300 1808 ita
3323 1755 3528 1810 avolet:

251 1837 424 1906 τρασὶ,
461 1837 556 1889 καὶ
581 1838 629 1889 οί
661 1837 904 1909 Πατέρες
926 1831 1096 1903 οὗτοι,
1129 1839 1244 1893 ἀλλ’
1271 1839 1424 1894 οὔπω
1453 1841 1712 1910 ἀμείνους
1739 1840 1851 1894 τῶν

1967 1842 2112 1907 Boni,
2137 1843 2416 1912 inquiunt,
2433 1853 2560 1898 sunt
2581 1843 2672 1898 isti
2695 1843 2907 1910 Patres,
2933 1859 3040 1899 non
3067 1855 3244 1899 tamen
3269 1845 3530 1900 meliores

269 1927 602 1996 ἡμεδαπῶν·
635 1931 683 1982 εί
729 1929 786 1983 δὲ
843 1931 910 1984 τά
953 1931 1208 2000 ὀνόματα,
1240 1933 1673 1995 διαπυνθάνοιτο.
1717 1933 1844 1986 άνά-

269 2018 441 2086 γνωθι
477 2019 720 2090 πρῶτον,
757 2023 910 2090 φασὶ,
951 2023 1046 2077 καὶ
1077 2025 1197 2077 τότε
1225 2022 1411 2094 γνώσῃ
1441 2025 1587 2088 τίνες
1637 2043 1699 2079 τε
1756 2027 1850 2080 καὶ

268 2109 452 2180 ἡλίκοι
495 2113 880 2184 τυγχάνουσιν,
923 2109 1020 2176 ὧν,
1067 2113 1242 2182 ἄθλιε,
1278 2114 1550 2184 λέγοντες,
1605 2118 1726 2172 οὐδὲ
1751 2107 1883 2184 τὰς’

272 2203 646 2274 προσηγορίας
663 2202 762 2257 ’ἔτι
791 2204 1147 2275 μεμάθηκας.

343 2314 417 2366 Γν.
453 2313 664 2378 Πολλάς
714 2333 774 2369 τε
813 2315 908 2370 καὶ
960 2315 1129 2382 ἄλλας
1174 2317 1596 2388 ὑπισχνούμενοι
1645 2320 1856 2391 δωρεάς

271 2406 370 2459 καὶ
400 2407 714 2478 συνάρσεις,
752 2409 846 2462 καὶ
881 2408 982 2472 τὰς
1009 2411 1102 2464 ἐπὶ
1136 2409 1426 2482 βασιλέως,
1460 2413 1508 2465 εί
1535 2412 1691 2482 τύχοι
1717 2413 1854 2484 χρῄο

273 2501 405 2564 ζων,
432 2499 694 2565 εἰσέιδους,
718 2501 826 2554 τῶν
854 2505 911 2554 ὲν
937 2501 1082 2556 τέλει
1103 2521 1163 2556 τε
1189 2503 1288 2574 τὴν
1305 2503 1527 2574 πρώτην
1547 2507 1735 2576 τιμὴν,
1761 2506 1857 2558 καὶ

273 2591 384 2646 τῶν
422 2591 623 2661 λογίων
680 2594 810 2664 παρ’
855 2595 1042 2658 αὐτοῖς
1088 2595 1188 2668 τὴν
1237 2597 1632 2668 συνδιαίτησιν,
1673 2596 1719 2650 ὥ
1758 2599 1856 2667 τῆς

275 2684 386 2738 τῶν
419 2685 603 2738 κακῶν
641 2686 946 2758 ἀμετρίαςί
976 2687 1038 2740 ού
1080 2689 1345 2758 πρότερον
1379 2689 1697 2758 ἀπέχονται,
1725 2690 1858 2761 πρὶν

277 2776 460 2839 αὐτοῖς
495 2777 790 2830 ὑποπεσεῖν
829 2778 922 2832 τὸν
963 2777 1078 2832 εἴτε
1119 2778 1351 2850 ἀμαθίᾳ,
1389 2779 1502 2832 εἴτε
1534 2781 1714 2852 χρείᾳ,
1747 2781 1858 2834 εἴτε

279 2869 562 2940 κολακείᾳ,
593 2868 704 2922 εἴτε
761 2869 906 2940 ἄλλῳ
929 2869 1040 2924 τινὶ
1064 2871 1174 2924 τῶν
1222 2871 1321 2924 ὅσα
1373 2871 1692 2940 παγιδεύειν
1733 2869 1854 2938 νίδε,
1893 2890 1898 2896 ·

279 2958 406 3020 τοὺς
443 2956 518 3028 μὴ
549 2959 700 3032 πάσῃ
740 2958 956 3032 φυλακῇ
987 2959 1086 3031 τὴν
1126 2960 1339 3014 ἑαυτῶν
1386 2959 1690 3033 τηροῦντας
1725 2979 1858 3033 καρ-

279 3047 420 3104 δίαν.

353 3167 428 3218 Δ’.
474 3161 608 3217 Εἶτα
642 3164 813 3218 ἐπέιό’
845 3165 910 3218 ἂν
947 3165 1052 3218 ύπίι
1085 3168 1246 3236 χεῖρα
1271 3165 1511 3226 λάϐοιεν,
1549 3169 1640 3221 καὶ
1681 3168 1857 3220 πειθό⁹
1890 3191 1932 3247 c

289 3273 450 3327 μενον
477 3255 654 3326 ἔχοιεν
685 3258 741 3308 ἐν
771 3249 854 3317 οἷς
900 3255 1205 3324 βούλονται,
1247 3258 1298 3309 εί
1347 3257 1448 3326 μὲν
1499 3258 1731 3328 μοναχος
1777 3259 1864 3327 εἴη

285 3345 470 3400 αὐτῶν
501 3347 561 3402 τὸ
600 3348 848 3418 θήραμα,ι
885 3347 978 3400 ἐπί
1008 3364 1066 3400 τε
1105 3346 1454 3418 Ἑλληνικοὺς
1497 3349 1691 3417 λόγους
1729 3367 1866 3420 προ-

287 3439 602 3509 τρέπονται,
665 3438 722 3492 εῖ
765 3457 829 3508 γε
878 3439 1014 3512 πρὸς
1059 3439 1285 3504 τούτους
1337 3440 1664 3513 ἐπιτηδείως
1727 3441 1866 3512 ἔχων

290 3528 579 3602 εὑρεθείηο
613 3532 709 3585 καὶ
754 3531 928 3586 πολλά
977 3531 1076 3602 τὴν
1121 3531 1217 3586 τοῦ
1275 3532 1559 3603 τάγματος
1607 3533 1868 3604 ἀφέλειαν

293 3617 638 3688 σκώψαντες,
665 3623 761 3676 καὶ
790 3621 866 3686 ὡς
900 3623 1054 3676 οὐδέν
1080 3624 1198 3675 ἐστι
1228 3623 1475 3692 νηστεία,
1505 3625 1536 3690 ἥ
1565 3625 1866 3696 ἀγρυπνία,

290 3711 323 3782 ἦ
362 3711 718 3782 ἀναχώρησις
765 3713 897 3782 (καὶ
942 3715 1052 3786 γὰρ
1105 3715 1200 3767 καὶ
1251 3715 1349 3786 τὴν
1393 3716 1706 3788 πρακτικὴν
1751 3717 1868 3770 δια-

291 3801 604 3870 ϐάλλουσιν,
637 3805 733 3858 καὶ
784 3803 978 3874 μέχρις
1027 3805 1192 3858 αύτοῦ
1228 3805 1492 3875 ὀνόματος
1533 3806 1669 3878 πρὸς
1701 3805 1870 3877 αὐτὴν

289 3897 796 3968 δυσχεραίνουσιν),
830 3899 924 3950 ἐπὶ
953 3897 1016 3950 τὸ
1045 3897 1278 3968 ἀμεῖψαι
1319 3897 1380 3953 τδ
1411 3899 1600 3968 σχῆμα
1632 3888 1869 3970 προτρὲ-

292 4003 511 4051 πονται,
541 3987 616 4050 ὡς
639 3988 897 4058 ἐμπόδιον
917 3989 1187 4058 τυγχάνον
1211 3986 1500 4056 πολιτικῆς
1528 3987 1869 4056 φιλοσοφίαςο

291 4079 482 4150 κλήρῳ
508 4079 563 4132 δὲ
591 4079 984 4148 ἐγκαταλέγειν
1014 4079 1176 4134 αὑτὸν
1207 4077 1616 4150 ὑπισχνοῦνται,
1643 4079 1674 4150 ἢ
1698 4078 1874 4144 άλλως

292 4188 411 4234 πως
463 4173 808 4242 συγκροτεῖν,
849 4171 1010 4240 μόνον
1050 4173 1100 4224 εί
1133 4171 1238 4240 τῆς
1277 4171 1538 4234 ἀσεϐείας
1567 4171 1750 4224 αὐτῶν
1778 4170 1874 4240 γέ-

293 4281 437 4318 νοιτο
475 4263 726 4334 μέτοχος.
765 4263 827 4316 Ei
857 4263 915 4318 δὲ
952 4261 1220 4332 κοσμικδς
1267 4261 1376 4332 εἴη,
1421 4261 1523 4326 τὰς
1571 4263 1721 4334 αὐτῷ
1773 4265 1876 4334 ἀρ-

298 4355 601 4424 μοττούσας
637 4354 1032 4425 ὑπισχνοῦνται
1072 4353 1312 4424 δωρεάς·
1357 4353 1460 4406 οὐκ
1515 4354 1877 4426 ἀληθεύοντες

299 4447 397 4518 μὲν
427 4446 608 4517 (τοῦτο
633 4449 742 4518 γάρ
765 4448 946 4502 αὐτῶν
980 4449 1100 4500 ἐστι
1130 4447 1192 4500 τὸ
1221 4448 1280 4500 ὲν
1317 4449 1513 4508 κακοῖς
1550 4443 1872 4518 μακάριον).

1951 1947 2116 2002 quam
2147 1942 2458 1989 nostrates:
2491 1935 2536 1988 si
2567 1949 2701 1989 vero
2730 1941 2884 2004 roget
2912 1935 3156 1998 nomina,
3181 1934 3323 2006 Lege
3353 1937 3533 2006 prius,

1954 2025 2231 2096 inquiunt,
2259 2036 2315 2082 ct
2351 2035 2483 2082 tunc
2515 2042 2836 2098 cognosces,
2871 2029 3064 2098 quales
3094 2037 3151 2082 et
3175 2028 3367 2098 quanti
3398 2029 3529 2092 sint,

1953 2134 2213 2188 quorum,
2233 2119 2426 2184 miser,
2453 2119 2730 2190 inquiunt,
2767 2135 2834 2174 ne
2863 2121 3084 2176 nomina
3106 2121 3327 2191 quidem
3351 2119 3534 2176 adhuc

1955 2209 2218 2266 didicisti.

2025 2323 2112 2379 ΙΙΙ.
2147 2323 2318 2379 Multa
2345 2325 2494 2380 enim
2521 2327 2627 2382 alia
2664 2342 2893 2382 munera
2941 2335 2998 2382 et
3025 2327 3230 2382 auxilia
3274 2328 3537 2398 pollicen-

1957 2425 2084 2480 tur,
2132 2425 2188 2471 et
2239 2433 2374 2486 opes
2419 2419 2806 2490 imperatoris,
2859 2417 2903 2472 si
2959 2427 3136 2489 egeat,
3185 2426 3241 2472 et
3291 2417 3536 2488 primum

1955 2507 2191 2582 gradum
2215 2507 2270 2561 in
2303 2509 2737 2579 magistratibus,
2765 2519 2823 2565 et
2846 2509 3218 2578 eruditorum,
3249 2524 3392 2578 quos
3433 2509 3536 2562 ha-

1957 2597 2092 2654 bent
2143 2600 2480 2656 convictum.
2513 2600 2557 2655 Ο
2601 2602 2868 2657 malorum
2912 2599 3372 2656 immensitatem!
3423 2613 3538 2655 non

1957 2693 2116 2762 prius
2153 2692 2472 2771 discedunt,
2523 2709 2689 2764 quam
2740 2694 3066 2750 succumbat
3115 2693 3232 2748 sive
3279 2693 3537 2757 inscitia,

1958 2784 2073 2840 sive
2105 2785 2442 2856 indigentiae,
2475 2787 2592 2843 sive
2642 2787 3026 2852 asscntationi,
3055 2787 3172 2842 sive
3211 2787 3334 2842 aliis
3386 2801 3539 2856 quac-

1961 2890 2182 2946 cnnque
2204 2875 2500 2946 illaqueare
2529 2878 2826 2934 solenteos
2856 2879 2950 2949 qui
2977 2893 3088 2933 non
3117 2877 3266 2934 omni
3289 2875 3540 2934 custodia

1961 2984 2058 3024 cor
2086 2985 2246 3025 suum
2279 2969 2617 3026 custodiunt.

2035 3165 2122 3219 ιν.
2163 3163 2376 3219 Deinde
2428 3173 2716 3234 postquam
2764 3174 2984 3236 captum
3043 3173 3253 3228 tenent,
3302 3172 3359 3218 et
3405 3163 3540 3219 obe-

1967 3256 2208 3312 dientem
2262 3256 2318 3308 in
2365 3255 2570 3324 quibus
2604 3256 2818 3321 volunt,
2869 3254 3115 3322 habent,
3153 3257 3202 3310 si
3239 3255 3546 3310 monachus

1965 3344 2058 3406 sit,
2093 3345 2386 3399 hortantur
2419 3345 2485 3399 ad
2522 3345 2786 3416 legendos
2820 3346 2992 3401 libros
3029 3346 3342 3416 gentilium,
3377 3346 3425 3402 si
3458 3352 3542 3401 ta-

1967 3451 2092 3490 men
2118 3433 2352 3489 idoneus
2368 3433 2435 3489 ad
2454 3451 2550 3490 eos
2569 3435 2832 3505 legendos
2857 3435 3112 3492 videatur
3135 3453 3150 3504 ;
3174 3444 3230 3492 et
3253 3445 3544 3506 postquam

1967 3526 2374 3595 simplicitatem
2406 3525 2618 3582 ordinis
2645 3527 2933 3583 monastici
2968 3528 3202 3582 multum
3228 3527 3544 3593 irriserunt,

1968 3619 2115 3689 quod
2152 3618 2288 3672 nihil
2337 3619 2406 3674 sit
2451 3619 2745 3690 jejunium,
2784 3619 2870 3674 vel
2903 3618 3112 3690 vigilia,
3145 3619 3230 3674 vel
3270 3633 3545 3682 secessus,

1969 3710 2264 3780 (siquidem
2294 3710 2483 3766 virtuti
2515 3709 2792 3780 praeﬁcae,
2822 3709 2877 3764 id
2906 3719 3009 3774 est,
3035 3711 3090 3765 in
3117 3711 3336 3765 actione
3357 3709 3552 3779 posita:

1971 3803 2302 3864 obtrectant.
2328 3810 2384 3858 et
2415 3817 2593 3872 neque
2619 3817 2818 3856 nomen
2849 3802 2969 3873 ejus
2998 3803 3111 3872 pati
3133 3809 3366 3872 possunt
3391 3816 3551 3870 :equo

1973 3896 2202 3965 animo),
2239 3895 2306 3949 ad
2364 3895 2687 3950 mutandum
2751 3895 3001 3950 habitum
3053 3894 3344 3950 hortantur
3403 3894 3552 3963 quod

1975 3990 2046 4045 sit
2091 3989 2162 4044 ad
2211 3989 2454 4044 studium
2499 3989 2720 4044 virtutis
2756 3989 3014 4060 politieae,
3081 3989 3135 4044 id
3167 3999 3273 4054 est,
3327 4003 3450 4058 quae
3495 3988 3555 4042 in

1973 4081 2195 4137 civitate
2224 4088 2494 4144 versetur,
2548 4080 3053 4150 impedimentum:
3111 4079 3444 4151 promittunt
3495 4093 3555 4134 se

1976 4173 2033 4227 in
2064 4173 2317 4228 ordinem
2359 4173 2685 4231 clericorum
2729 4187 2853 4227 eum
2891 4181 3269 4242 cooptaturos,
3301 4179 3397 4226 aut
3445 4171 3555 4225 alio
3625 4171 3640 4242 ξ

1977 4266 2142 4320 modo
2185 4265 2566 4328 auxiliatores,
2587 4264 2764 4342 modo
2799 4263 2892 4318 ﬁat
2923 4263 3204 4334 particeps
3251 4261 3556 4334 impietatis

1977 4372 2193 4412 eorum.
2225 4357 2323 4412 Sin
2355 4363 2540 4410 autem
2599 4355 2672 4410 sit
2706 4355 3010 4423 saecularis,
3057 4355 3200 4410 dona
3235 4356 3288 4411 ei
3335 4370 3556 4411 accom-
3595 4347 3630 4389 -’

1981 4449 2201 4504 modata
2231 4447 2593 4518 promittunt,
2633 4461 2743 4502 non
2778 4447 3003 4517 quidem
3041 4463 3238 4502 verum
3283 4447 3556 4512 dicentes,

297 4541 446 4610 ὅμως
474 4539 516 4592 δ’
543 4535 637 4593 οὗν
669 4540 1168 4604 ἁποϐουκολοῦντες
1193 4542 1312 4604 ταῖς
1342 4539 1544 4603 ἐλπίσι,
1586 4539 1855 4610 κεχηνὲνα

1984 4540 2089 4594 hoc
2119 4539 2269 4592 enim
2297 4545 2383 4592 est
2415 4538 2469 4592 in
2497 4552 2690 4592 eorum
2723 4538 2884 4594 malis
2913 4538 3175 4605 beatum;
3233 4539 3329 4594 sed
3369 4538 3450 4594 sic
3477 4545 3560 4594 ta-

300 4633 382 4696 είς
422 4632 620 4696 αὐτοὺς
650 4634 1076 4703 ἀναγκάζουσιν.
1121 4632 1282 4686 Ἀλλά
1317 4631 1526 4686 τούτων
1562 4631 1662 4699 μὲν
1699 4635 1750 4684 εί
1783 4631 1878 4684 καὶ

305 4723 506 4794 βραχὺς
532 4726 560 4778 ὁ
591 4723 833 4794 ἔλεγχος,
863 4724 998 4786 ἀλλὰ
1030 4726 1126 4806 καίς
1162 4723 1508 4792 κατεπείγων
1539 4723 1566 4775 ὀ
1597 4723 1808 4792 χρόνος.

373 4925 451 4981 E'.
521 4923 678 4987 Ἐνὸς
733 4923 780 4977 δ’
817 4917 910 4978 οὖν
963 4924 996 4995 ἦ
1053 4922 1308 4995 δευτέρου
1367 4923 1476 4977 τῶν
1517 4925 1638 4978 κατ’
1683 4923 1882 4986 αὐτοὺς

303 5017 688 5091 ἐπιμνησθεὶς,
725 5017 819 5070 ἐπὶ
877 5015 968 5069 τὸν
1021 5017 1198 5086 μέγαν
1257 5017 1438 5071 αὐτῶν
1489 5018 1590 5086 τῆς
1637 5016 1882 5088 ἀμαθίας

247 5138 258 5150 ι
303 5111 647 5182 τετράψομαι
725 5108 1067 5162 διδάσκαλον.
1127 5108 1517 5180 Θεωρήσαντες
1573 5108 1678 5178 γὰρ
1729 5109 1884 5162 αὐτοὶ

304 5203 578 5274 ὁσημέραι
617 5201 680 5255 τὸ
711 5200 854 5254 κατὰ
881 5199 986 5253 τῶν
1028 5197 1208 5252 ἀθέων
1234 5199 1414 5252 αὐτῶν
1442 5200 1756 5270 δογμάτων,
1787 5199 1884 5252 καὶ

305 5295 402 5350 τοῦ
443 5295 776 5366 πρωτάρχου
807 5292 908 5362 τῆς
933 5290 1213 5354 ἀσεϐείας,
1243 5293 1300 5344 ὲν
1331 5294 1443 5356 τοῖς
1476 5295 1688 5356 πιστοῖς
1721 5291 1884 5356 αύξὸ-

311 5405 472 5458 μενον
500 5387 710 5441 δίκαιον
745 5387 922 5456 μῖσος,
954 5385 1031 5448 ὡς
1062 5383 1258 5454 πικρόν
1287 5401 1339 5437 τι
1379 5384 1716 5438 διανοοῦνται
1743 5387 1888 5440 κατά

306 5480 410 5550 τῆς
451 5477 662 5532 ἑαυτῶν
689 5478 856 5548 ζωῆς.
887 5477 1136 5548 Δράματι
1160 5475 1270 5547 γὰρ
1291 5475 1354 5548 δή
1406 5493 1558 5546 φασι,
1589 5479 1685 5532 καὶ
1722 5495 1892 5550 προσ-

308 5570 446 5644 ώπῳ
487 5571 642 5642 ἡμῖν,
696 5569 937 5642 Ἐρῤἐτω
985 5568 1302 5643 Νεστόριος,
1351 5569 1641 5641 δογμάτων
1688 5571 1745 5624 δὲ
1783 5569 1891 5626 τῶν

313 5661 496 5720 αὐτῶν
553 5663 707 5718 ἔσται
759 5663 962 5736 πατὴρ,
1001 5665 1028 5718 ὁ
1081 5663 1334 5720 κάκείνου
1387 5663 1568 5736 πατὴρ
1621 5664 1880 5744 γεγονώς.

1984 4644 2110 4684 men
2127 4642 2253 4682 cum
2269 4625 2444 4680 fallaci
2467 4641 2564 4695 spe
2585 4625 2932 4687 seducentes,
2949 4634 3153 4696 cogunt
3169 4623 3382 4680 inhiare
3399 4613 3559 4694 ipsis;

1985 4720 2163 4790 Atque
2185 4719 2302 4774 haec
2322 4717 2545 4788 quidem
2565 4717 2670 4772 etsi
2694 4717 2936 4772 breviter
2958 4717 3559 4784 recensentur,‘tamen

1989 4823 2206 4882 tempus
2239 4819 2414 4882 urget.

2059 4927 2122 4982 V.
2158 4925 2338 4982 Unum
2393 4924 2560 4996 igitur
2593 4931 2689 4978 aut
2725 4923 2960 4978 alterum
2999 4937 3125 4978 cum
3159 4937 3562 4978 commemora-

1989 5036 2140 5086 vero,
2175 5019 2242 5074 ad
2283 5034 2539 5090 magnum
2591 5017 2914 5087 magistrum
2953 5016 3287 5085 insipientia:
3323 5018 3565 5072 istorum

1989 5129 2077 5168 me
2116 5119 2457 5168 convertam.
2487 5108 2625 5166 Cum
2670 5108 2818 5163 enim
2865 5107 3120 5163 viderent
3164 5107 3271 5178 ipsi
3313 5107 3566 5178 quotidie

1991 5203 2135 5274 apud
2169 5201 2358 5257 fideles
2383 5201 2590 5270 justum
2621 5198 2808 5254 odium
2848 5205 3038 5254 contra
3075 5196 3192 5267 ipsa
3225 5197 3391 5268 impia
3430 5197 3568 5266 dog.-

1993 5303 2158 5358 mata,
2211 5302 2268 5348 et
2314 5301 2506 5347 contra
2553 5291 2882 5361 principem,
2932 5290 3219 5362 praesidem
3269 5286 3569 5358 impietatis

1991 5403 2182 5442 eorum
2216 5385 2432 5456 augeri;
2465 5383 2672 5454 aliquid
2701 5383 2859 5439 valde
2884 5383 3144 5440 acerbum
3174 5387 3367 5437 contra
3398 5376 3567 5431 vitam

1995 5494 2148 5535 suam
2194 5478 2526 5556 eseogitant.
2569 5477 2772 5532 Dicunt
2817 5477 2963 5530 enim
2996 5475 3159 5531 nobis
3207 5471 3262 5526 in
3297 5475 3423 5524 actu
3463 5477 3570 5517 suo

1991 5569 2269 5645 personati
2293 5587 2308 5624 :
2328 5569 2514 5625 Valeat
2540 5567 2828 5624 Nestorius
2847 5585 2862 5634 ;
2881 5564 3206 5623 earumdem
3253 5558 3578 5629 dogmatum

1988 5666 2092 5724 erit
2125 5673 2301 5736 pater,
2327 5663 2422 5736 qui
2451 5661 2555 5719 l‘uit
2581 5669 2636 5718 ct
2671 5661 2821 5718 illius
2869 5666 3054 5732 pater.
