3954 6148
463 273 596 340 1363

1727 280 2039 342 LEONTII
2079 279 2480 342 BYZANTINI

3577 273 3721 337 ῙΤὟΜ

459 387 648 441 Ταῦτα
671 389 801 459 παρ’
832 389 1045 451 ἑαυτοῖς
1107 388 1425 457 στήσαντες,
1460 388 1556 440 καὶ
1595 387 1825 459 ἀρίστην
1855 388 2061 458 ταύτην
2103 389 2252 458 σφίσι
2293 387 2656 458 καταθέμενοι
2709 385 2922 457 βουλὴν,
3001 383 3277 453 Θεόδωρον
3331 381 3447 436 ἀντ’
3495 383 3720 437 ἐκείνου

455 485 570 544 τοῖς
600 484 813 544 πιστοῖς
842 480 1216 550 προΐσχονται.

524 598 614 653 Vl.
647 597 803 664 Quod
839 612 972 650 vero
1015 605 1097 651 est
1147 597 1233 649 his
1280 594 1660 650 admirabilius
1709 595 1832 666 (etsi
1880 599 2011 652 enin

2207 599 2297 664 ς’.
2327 595 2399 648 Τὸ
2419 594 2475 648 δὲ
2502 593 2710 648 τούτων
2739 589 3212 662 θαυμασιώτερον,
3246 591 3453 663 καίπερ
3507 594 3721 661 παρελ-

378 690 382 694 ’
455 689 705 744 volebam
730 689 1161 760 prmteriremon
1182 699 1363 742 tamen
1393 687 1728 757 sinor),cum
1750 699 2026 745 versutam

457 781 723 836 malitiam
771 780 1194 835 Manichreorum
1243 781 1440 834 imitati
1493 788 1706 847 essent,
1744 797 1847 836 nec
1881 761 2030 836 enini

455 873 616 927 aliter
645 873 778 941 ipsis
821 871 1006 926 vivere
1039 872 1260 936 licebat,
1305 873 1449 926 sicut
1496 873 1575 926 illi
1625 889 1682 928 se
1729 875 1783 926 in
1826 873 2030 928 electos

455 975 593 1030 quos
619 960 722 1030 ipsi
750 970 970 1024 vocant,
994 969 1051 1016 et
1080 961 1136 1016 in
1157 961 1568 1024 indiﬂerentes;
1607 963 1686 1016 sic
1735 963 1789 1016 lii
1822 964 2031 1033 seipsos

455 1053 644 1122 partiti
677 1062 805 1108 sunt
835 1054 893 1108 in
933 1053 1242 1108 imitatores
1281 1055 1456 1124 ipsius
1487 1054 1747 1121 Nestorii,
1783 1064 1839 1110 ct
1875 1073 2030 1110 com-

457 1145 777 1199 munionem
811 1160 876 1198 ac
913 1146 1234 1200 societatem
1263 1146 1382 1215 ejus
1414 1147 1594 1216 magni
1629 1146 1920 1212 facientes,
1973 1156 2029 1202 et

457 1236 513 1289 in
541 1235 1072 1291 anathematizantes
1107 1236 1443 1300 Nestorium,
1478 1237 1805 1292 simulantes
1845 1235 2028 1292 autem

455 1325 715 1381 Ecclesia
736 1326 1197 1382 communionem.
1214 1326 1370 1392 Quod
1400 1343 1531 1382 vero
1557 1328 1662 1383 hoc
1683 1345 1792 1382 non
1809 1329 2026 1401 fingam,

460 1417 617 1473 testis
650 1427 754 1483 est,
787 1419 880 1488 qui
918 1420 1134 1473 occulta
1159 1417 1308 1473 videt
1335 1437 1346 1471 :
1376 1434 1498 1473 cum
1527 1419 1674 1474 enim
1714 1421 1936 1490 quidam
1962 1439 2029 1478 ex

459 1509 716 1564 fidelibus
747 1518 968 1564 coactus
995 1518 1142 1565 esset
1175 1511 1244 1564 ab
1277 1510 1430 1580 ipsis,
1465 1520 1524 1565 ut
1554 1527 1677 1566 cum
1720 1512 1852 1582 ipsis
1881 1531 2029 1569 com-

456 1601 773 1656 munionem
792 1601 1045 1666 haberet,
1077 1610 1132 1656 et
1153 1602 1302 1656 clero
1329 1603 1591 1658 Ecclesiae
1619 1604 2024 1674 ascriberetur;

457 1702 742 1762 postquam
766 1693 1024 1747 viderunt
1041 1709 1165 1748 eum
1187 1710 1254 1748 ex
1275 1694 1379 1749 isto
1397 1695 1646 1770 horribili
1669 1711 1802 1750 ausu
1824 1696 2028 1752 factum

454 1783 792 1854 pigriorem:
843 1781 1008 1850 Quid,
1061 1785 1339 1853 inquiunt,
1394 1799 1625 1848 mmrcs,
1683 1785 1730 1839 si
1781 1785 2026 1840 Ecclesia

453 1883 714 1945 tanquam
739 1876 996 1946 praetorio
1019 1877 1210 1939 uteris,
1227 1884 1282 1930 et
1305 1877 1455 1930 clero
1481 1886 1736 1946 tanquam
1755 1877 2024 1942 exercitu,

2131 689 2244 742 θεῖν
2276 687 2466 750 θέλων,
2497 689 2598 740 οὐκ
2634 684 3038 754 ἐπιτρέπομαιο
3075 685 3176 752 τὴν
3235 684 3346 758 γὰρ
3378 685 3490 738 τῶν
3532 687 3718 738 Μανε-

2131 781 2302 851 χαίων
2338 776 2678 848 ἐζηλωκότες
2716 775 3058 846 πανουργίαν
3085 775 3228 844 (οὐδὲ
3261 767 3581 851 γὰρ’ᾄλλως
3612 778 3718 831 af;-

2129 877 2244 934 τοῖς·
2275 871 2540 943 βιοτεύειν
2569 867 2718 941 ἐξῆν)
2752 868 2942 939 ὥσπερ
2981 869 3180 921 ἐκείνοι
3215 868 3295 930 είς
3332 847 3462 932 τοίἶς
3506 869 3716 920 καλου-

2134 964 2328 1034 μένους
2359 961 2650 1024 ἐκλεκτοὺς
2679 959 2772 1014 καὶ
2800 958 3152 1030 ἀδιαφόρους,
3182 957 3326 1012 οὕτω
3351 958 3415 1027 δὴ
3442 961 3536 1012 καὶ
3557 952 3714 1013 οὗτοι

2131 1055 2468 1109 καταδιεῖλον
2511 1053 2742 1116 ἑαυτοὺς
2773 1051 2855 1115 εἷς
2891 1068 2953 1104 τε
2983 1052 3110 1115 τοὺς
3145 1051 3310 1104 αὑτὸν
3361 1050 3716 1122 ἐζηλωκότας

2130 1147 2428 1216 Νεστόριον
2477 1145 2572 1198 καὶ
2630 1143 2728 1214 τὴν
2775 1143 3062 1197 κοινωνίαν
3113 1142 3280 1197 αὐτοῦ
3328 1143 3456 1215 περὶ
3509 1142 3712 1196 πολλοῦ

2133 1239 2512 1309 ποιουμένους,
2537 1237 2632 1291 καὶ
2657 1237 2736 1298 είς
2763 1237 2890 1298 τοὺς
2918 1237 3126 1289 ἐκεῖνον
3152 1234 3250 1305 μέν
3280 1235 3441 1288 ἀναθε
3453 1236 3714 1304 ματίζον-

2131 1349 2252 1397 τας,
2284 1331 2746 1400 ὑποκρινομένους
2783 1327 2840 1380 δέ
2886 1329 2987 1398 τὴν
3015 1327 3116 1396 τῆς
3158 1327 3486 1397 Ἕκκλησίας
3513 1345 3710 1380 κοινω-

2131 1423 2272 1476 νίαν.
2310 1422 2419 1475 Καὶ
2471 1422 2551 1474 ὅτι
2604 1418 2761 1472 τοῦτο
2809 1419 2870 1471 οὐ
2923 1416 3233 1470 πέπλασταί
3290 1433 3402 1485 μοι,
3438 1420 3712 1486 μαρτυρεῖ

2132 1517 2160 1568 ὁ
2187 1515 2294 1568 τῶν
2324 1511 2586 1584 κρυπτῶν
2609 1510 2804 1582 ἔφορος
2824 1527 2838 1541 ·
2870 1510 2966 1564 καὶ¹
2990 1509 3100 1580 γάρ
3119 1527 3270 1573 τινος
3304 1508 3412 1560 τῶν
3437 1509 3703 1578 γνησίων,

2131 1605 2580 1676 ἀναγκαζομένου
2632 1604 2762 1672 παρ’
2795 1603 2996 1667 αὐτῶν,
3049 1603 3144 1656 καὶ
3193 1603 3470 1662 κοινωνεῖν
3495 1603 3702 1665 αὐτοῖς,

2130 1701 2227 1753 καὶ
2257 1697 2336 1768 τῷ
2367 1697 2554 1768 κλήρῳ
2586 1699 2687 1767 τῆς
2728 1693 3053 1766 Ἐκκλησίας
3083 1695 3482 1765 ἐγγράφεσθαι,
3513 1695 3706 1768 ἐπειδὴ

2130 1789 2268 1861 πρὸς
2312 1789 2372 1840 τὸ
2417 1787 2558 1842 οὕτω
2593 1786 2822 1859 φρικτὸν
2853 1785 3111 1856 τόλμημα
3143 1785 3504 1858 ὀκνηρότερον
3555 1787 3699 1854 ῑδον,

2131 1882 2196 1935 Τί
2225 1883 2396 1952 λυπῇ,
2427 1880 2610 1948 φασὶν.
2639 1880 2687 1932 εί
2715 1881 2782 1948 τῇ
2818 1879 2915 1950 μὲν
2955 1878 3254 1950 Ἐκκλησία
3275 1879 3351 1942 ὡς
3378 1879 3720 1951 πραιτωρίῳ

451 1975 508 2020 (ιι
537 1966 697 2021 ﬁdem
718 1975 957 2023 nostram
979 1967 1171 2032 habes,
1187 1977 1242 2022 et
1260 1970 1704 2024 communionem
1737 1969 2011 2024 nobiscum

2128 1975 2382 2048 χρήσαιο,
2416 1972 2508 2026 καὶ
2538 1971 2616 2042 τῷ
2644 1970 2831 2042 κλήρῳ
2859 1969 2934 2034 ὡς
2977 1971 3230 2042 στρατιᾷ,
3265 1971 3364 2042 τὴν
3413 1970 3470 2024 δέ
3515 1972 3702 2025 πίστιν

451 2056 838 2127 amplecteris?
885 2057 981 2113 Ille
1007 2067 1192 2114 autem
1242 2073 1368 2113 cum
1420 2059 1476 2112 in
1527 2057 1760 2112 dubium
1796 2059 1864 2114 de
1917 2059 2024 2114 hoc

453 2149 572 2218 ipso
605 2149 752 2220 quod
807 2150 1086 2210 audiebat.
1117 2152 1352 2214 veniret,
1389 2150 1707 2224 diceretque
1751 2151 1869 2206 ﬁeri
1914 2167 2025 2207 non

456 2253 614 2306 posse
667 2248 728 2293 ut
752 2255 879 2294 eum
909 2240 1043 2310 ipsis
1075 2250 1133 2296 et
1158 2257 1284 2296 cum
1313 2241 1557 2296 Ecclesia
1585 2244 1900 2297 communio
1929 2243 2027 2297 ba-

452 2330 676 2386 leretur
703 2371 717 2394 ,
767 2331 887 2386 Non
933 2339 1171 2402 oportet,
1223 2331 1503 2402 inquiunt,
1535 2343 1588 2386 te
1613 2333 1844 2388 moleste
1878 2332 2024 2390 ferre

450 2421 591 2478 hanc
619 2422 1007 2478 (economiam.
1040 2424 1205 2478 Panis
1250 2425 1397 2479 enim
1437 2425 1494 2478 in
1539 2431 1724 2495 typum
1776 2425 2025 2496 corporis

448 2513 654 2568 Christi
702 2513 1018 2584 propositus
1051 2516 1176 2586 plus
1221 2515 1626 2571 benedictionis
1677 2517 2023 2586 participavit

447 2621 614 2676 quam
647 2606 805 2676 panis
843 2607 938 2676 qui
973 2607 1031 2661 in
1083 2607 1202 2662 foro
1252 2607 1534 2672 venditur,
1573 2617 1630 2663 et
1657 2623 1820 2678 quam
1851 2625 2022 2678 panes

446 2712 586 2767 quos
629 2697 1096 2755 Philumarianita:
1132 2699 1375 2754 offerunt
1419 2700 1473 2755 in
1506 2701 1730 2756 nomine
1777 2701 1978 2758 Mariae.

513 2920 626 2976 Vll.
657 2921 896 2992 Tempus
920 2930 1004 2977 est
1038 2922 1148 2992 jam
1179 2931 1240 2976 ut
1307 2921 1496 2977 laudes
1543 2921 1724 2994 magni
1775 2921 2019 2978 doctoris

449 3010 724 3066 Theodori
745 3027 1068 3079 narremus;
1101 3013 1250 3068 hunc
1292 3013 1440 3068 enim
1475 3013 1632 3068 aiunt
1674 3029 1796 3068 esse
1836 3014 2014 3081 illum,

441 3115 604 3169 quem
634 3116 866 3169 magnus
892 3102 1151 3169 Joannes,
1184 3111 1376 3172 utpote
1405 3119 1472 3158 ex
1495 3105 1780 3174 proposito
1823 3119 2014 3160 mona-

440 3192 563 3247 stici
593 3191 831 3247 instituti
861 3193 1098 3264 lapsum,
1128 3195 1222 3265 qui
1253 3196 1676 3265 promissionem
1723 3196 2015 3266 abiurare-

2128 2064 2273 2135 ἔχοις
2321 2063 2419 2134 τὴν
2477 2061 2778 2134 ἡμετέραν,
2811 2061 2906 2114 καὶ
2957 2060 3058 2130 τὴν
3110 2059 3400 2114 κοινωνίαν
3428 2061 3526 2132 τὴν
3579 2060 3702 2132 μεθ’

2127 2156 2285 2227 ἡμῶν
2315 2154 2622 2221 ἀσπάζοιος
2665 2151 2911 2205 ’Ξῖκείνου
2943 2151 2999 2205 δὲ
3045 2153 3124 2215 είς
3157 2150 3320 2208 τοῦτο
3350 2151 3480 2206 αὐτὸ
3507 2153 3704 2207 διαπο-

2131 2248 2417 2320 ρουμένου,
2462 2247 2556 2300 καὶ
2588 2246 2853 2300 ἀδύνατον
2903 2238 3044 2298 εἶναι
3079 2247 3382 2311 φάσκοντος
3423 2243 3704 2306 κάκείνοις

2125 2341 2407 2393 κοινωνεῖν
2439 2335 2532 2392 καὶ
2562 2339 2629 2408 τῇ
2674 2335 3006 2408 Ἐκκλησία,
3056 2335 3132 2390 Οὐ
3184 2335 3268 2389 δεῖ
3312 2353 3392 2399 σε,
3443 2337 3599 2404 φασὶ,
3627 2339 3698 2407 τῇ

2123 2431 2352 2503 τοιαύτῃ
2403 2429 2780 2501 δυσχεραίνειν
2818 2429 3137 2501 οἰκονομίᾳ·
3173 2428 3266 2482 τοῦ
3310 2429 3420 2501 γὰρ
3457 2429 3542 2482 ἐπ’
3571 2430 3702 2496 ἀγο-

2128 2527 2227 2596 ρᾶς
2271 2523 2728 2596 πιπρασκομένου
2773 2521 2963 2593 ἄρτου,
2995 2523 3091 2576 καὶ
3127 2513 3204 2574 ὧν
3231 2523 3280 2576 οἱ
3307 2521 3700 2593 Φιλομαριαμϊ-

2122 2637 2214 2674 ται
2244 2617 2656 2690 προσφέρουσιν
2701 2619 2783 2682 είς
2810 2616 2874 2670 τδ
2896 2616 3072 2686 ὄνομα
3101 2617 3203 2686 τῆς
3233 2616 3476 2688 Μαρίας,
3520 2615 3703 2668 πλείο-

2131 2727 2217 2773 νος
2257 2709 2560 2780 τετύχηκεν
2610 2707 2885 2776 εὐλογίας,
2921 2709 2949 2762 δ
2977 2709 3060 2773 είς
3103 2707 3276 2762 τύπον
3323 2709 3416 2762 τοῦ
3446 2707 3700 2779 σώματος

2121 2799 2217 2853 τοῦ
2252 2797 2490 2872 Χριστοῦ
2525 2797 2889 2870 προκείμενος
2913 2797 3096 2870 ἄρτος.

2189 2937 2262 2988 Z'.
2285 2933 2494 3004 Καιρδς
2519 2933 2576 2987 δέ
2601 2933 2702 3005 ἥδη
2730 2934 2798 2989 τὰ
2845 2935 2940 2988 τοῦ
2963 2933 3198 3003 μεγάλου
3225 2933 3406 2987 αὐτῶν
3432 2934 3698 2988 διδασκά-

2119 3028 2212 3081 λου
2243 3025 2520 3096 Θεοδώρου
2543 3023 2832 3090 διεξελθεῖν
2855 3023 3100 3094 ἐγκώμια
3125 3039 3139 3053 '
3161 3022 3350 3078 τοῦτον
3378 3023 3486 3092 γάρ
3517 3043 3691 3092 φασιν

2117 3115 2260 3172 εἶναι
2313 3118 2520 3172 ἐκεῖνον
2548 3158 2563 3182 ,
2591 3117 2650 3170 ὃν
2700 3119 2729 3172 ὁ
2769 3115 2937 3186 μέγας
2977 3115 3260 3186 Ἰωάννης,
3291 3114 3385 3170 ἅτε
3441 3113 3533 3168 καὶ
3571 3114 3677 3181 τῆς

2119 3207 2433 3280 προθέσεως
2461 3207 2876 3274 ἐκπεπτωκότα,
2896 3206 2991 3262 καὶ
3011 3206 3108 3277 τὴν
3131 3203 3460 3274 ἐπαγγελίαν
3484 3203 3679 3273 ἐξομοο

439 3293 525 3338 rat
559 3323 574 3344 .
632 3283 848 3339 duabus
895 3285 1142 3354 epistolis
1201 3294 1461 3356 tanquam
1508 3287 1726 3342 duobus
1784 3287 2011 3342 funibus

2128 3300 2378 3371 σάμενον,
2407 3299 2560 3354 δυσὶν
2584 3299 2898 3362 ἐπιστολαῖς
2933 3297 3120 3368 ὥσπερ
3151 3297 3340 3360 κάλοις
3367 3298 3604 3367 ἰσχυροῖς
3623 3310 3690 3348 τα

441 3374 675 3430 fortibus
702 3384 758 3430 et
790 3375 1082 3448 prelougis
1111 3377 1325 3446 lapsum
1352 3378 1408 3432 in
1439 3377 1774 3450 profundum
1807 3378 2008 3433 intem-

438 3467 721 3537 perantia,
753 3469 1048 3526 extrahere
1075 3469 1307 3525 studuit.

507 3600 643 3655 Vlll.
675 3599 832 3660 Hunc
865 3602 1022 3660 aiunt
1063 3617 1172 3658 non
1217 3602 1454 3672 amplius
1501 3618 1665 3672 quam
1713 3602 1902 3658 decem
1948 3613 2005 3658 et

436 3700 564 3746 octo
583 3706 756 3746 annos
785 3700 974 3746 natum
1005 3692 1059 3745 in
1089 3690 1405 3761 Scripturas
1429 3691 1825 3748 debacchatum
1849 3705 2003 3746 esse:

434 3799 546 3838 non
593 3782 740 3837 enim
785 3782 891 3838 nisi
939 3781 1398 3837 debaccliationes
1447 3780 1882 3851 Scripturarum,
1923 3783 2006 3837 iu-

437 3871 860 3942 Ierprctationes
907 3887 1044 3944 quas
1097 3872 1153 3930 in
1190 3888 1284 3929 eas
1336 3873 1680 3946 composuit},
1729 3874 2005 3946 appellare

432 3978 680 4033 possum.

501 4073 595 4132 lX.
643 4076 814 4130 Aiunt
877 4075 1064 4140 hanc,
1123 4091 1246 4132 cum
1295 4077 1462 4133 vellet
1528 4091 1718 4146 rapere
1781 4077 2002 4134 oculum

433 4167 640 4224 Cilicia:
693 4166 956 4231 Tarsum,
1019 4175 1306 4238 postquam
1358 4168 1633 4225 Diodorus
1681 4170 1778 4240 qui
1826 4169 2004 4226 fuerat

435 4259 565 4318 huic
612 4260 886 4316 malorum
943 4267 1000 4317 et
1055 4259 1352 4328 impietatis
1414 4269 1606 4314 auctor
1663 4269 1720 4316 et
1776 4260 1888 4316 dux
1939 4275 2004 4318 ac

433 4359 608 4420 pater,
656 4352 726 4406 ab
768 4351 874 4410 hac
909 4351 1023 4406 vita
1071 4349 1322 4416 recessit,
1350 4366 1379 4404 a
1418 4350 1728 4420 TheOpbilo
1766 4352 2002 4409 Alexan-

431 4443 594 4500 drino
643 4443 984 4512 prohibitum
1033 4441 1240 4506 fuisse,
1293 4457 1363 4497 ne
1429 4442 1536 4499 hoc
1600 4444 1867 4508 auderet;
1933 4447 2000 4501 ad

426 4550 556 4588 eum
604 4535 753 4594 enim
797 4535 1125 4606 legationem
1168 4533 1460 4602 miserunt,
1509 4535 1604 4608 qui
1655 4535 1999 4608 tyrannidem

430 4618 803 4688 patiebantur.

403 4769 408 4776 ’
496 4774 564 4830 Χ.
598 4777 700 4832 Hic
731 4779 1088 4834 exsecrabilis
1121 4780 1176 4834 in
1209 4779 1569 4835 celeberrima
1618 4783 1849 4838 ecclesia
1882 4782 1995 4837 An-

426 4867 665 4933 tiochiae,
689 4877 749 4922 ut
773 4869 1052 4938 quondam
1082 4871 1403 4936 vocabatur,
1430 4886 1578 4926 nunc
1601 4882 1783 4928 autem
1813 4873 1994 4928 Theo-

426 4957 590 5025 polis,
642 4973 768 5013 cum
801 4961 1118 5030 explanaret
1164 4962 1499 5032 Seripturas,
1546 4977 1711 5019 ausus
1749 4973 1835 5018 est
1870 4980 1996 5019 cum

427 5048 599 5102 multa
629 5049 756 5112 alia,
791 5059 904 5105 tum
943 5068 1133 5108 vocem
1163 5055 1443 5120 Θεοτόκος,
1475 5057 1526 5111 id
1575 5067 1698 5122 est,
1734 5039 1990 5127 Deipara,

424 5139 763 5208 vituperare,
800 5149 862 5197 ut
896 5142 972 5198 ita
1011 5144 1137 5200 inde
1179 5152 1351 5200 totum
1396 5156 1587 5202 contra
1637 5163 1694 5203 se
1730 5150 1990 5219 populum

427 5241 712 5283 commove
720 5239 822 5285 ret.

499 5339 592 5401 XI.
624 5339 726 5400 Hic
759 5343 1023 5400 scelestus
1053 5345 1108 5400 in
1142 5347 1290 5410 omni
1335 5363 1500 5418 prava
1541 5350 1995 5423 interpretatione

427 5433 838 5506 Scripturarum
872 5437 1092 5495 labores
1123 5449 1439 5502 sanctorum
1479 5443 1768 5500 doctorum
1805 5447 1901 5518 qui
1933 5448 1989 5505 iu

423 5524 504 5580 eis
537 5526 878 5594 laborarunt,
914 5546 1194 5603 nunquam
1241 5534 1472 5591 irridere
1499 5545 1556 5592 ct
1583 5536 1811 5596 illudch
1840 5539 1988 5594 desi-

427 5615 611 5672 ttebat.
644 5619 845 5676 Videor
878 5632 1060 5679 autem
1109 5625 1213 5684 iam
1269 5626 1429 5696 allici,
1465 5637 1523 5686 ut
1555 5629 1688 5685 dixit
1729 5631 1984 5702 Basilius,

2117 3392 2211 3444 καὶ
2258 3391 2584 3462 εὑμήκεσιν,
2615 3393 2696 3455 είς
2742 3390 2833 3445 τὸν
2867 3389 3028 3460 βυθὸν
3067 3389 3380 3460 ἐμπεσόντα
3409 3387 3508 3460 τῆς
3555 3387 3695 3440 ἀκο-

2123 3483 2335 3549 λασίας,
2363 3485 2680 3540 ἀνασπᾶσαι
2701 3481 3060 3536 ἐσπούδασεν.

2185 3619 2266 3676 H'.
2305 3617 2510 3672 Τοῦτόν
2551 3635 2720 3687 φασιν
2771 3616 2916 3671 ὀκτὼ
2955 3615 3094 3687 πρὸς
3136 3617 3255 3679 τοῖς
3300 3615 3452 3678 δέκα,
3493 3613 3587 3668 καὶ
3627 3613 3690 3666 οὐ

2117 3709 2373 3774 πλείονας
2423 3710 2632 3778 ἄγοντα
2683 3709 2936 3780 χρόνους,
2975 3707 3120 3762 κατὰ
3158 3707 3267 3763 τῶν
3303 3706 3469 3776 ἱερῶν
3495 3721 3693 3774 παροι-

2116 3802 2279 3871 νῆσαι
2308 3800 2578 3872 Γραφῶνο
2616 3801 2678 3854 οὒ
2706 3801 2816 3870 γὰρ
2857 3799 2928 3854 ἂν
2963 3798 3140 3862 ἄλλως
3172 3797 3468 3868 καλέσαιμ*
3492 3796 3559 3850 ἂν
3587 3796 3689 3858 τὰς

2117 3891 2284 3946 αὐτοῦ
2326 3891 2646 3964 ἑρμηνείας,
2680 3892 2780 3954 τὰς
2822 3893 2902 3955 εἰς
2935 3891 3034 3954 τὰς
3080 3889 3234 3956 θείας
3269 3889 3689 3960 συντεθειμένας

2121 3983 2364 4056 Γραφάς.

2185 4097 2264 4150 Θ¹.
2300 4095 2501 4150 Τοῦτον
2557 4095 2816 4160 ὡσαύτως
2860 4095 3050 4165 φασὶν,
3097 4095 3346 4166 ἁρπάσαι
3389 4095 3688 4165 θελήσαντα

2111 4189 2201 4242 τὸν
2257 4189 2356 4259 τῆς
2400 4187 2644 4242 Κιλίκων
2683 4187 2961 4258 ὀφθαλμὸν
3021 4187 3120 4258 τὴν
3169 4187 3407 4258 Ταρσὸν,
3444 4185 3628 4256 ἐπειδὴ
3658 4186 3688 4236 δ

2117 4281 2227 4335 τῶν
2255 4279 2445 4334 κακῶν
2469 4278 2620 4350 αὐτῷ
2651 4280 2746 4334 καὶ
2776 4279 2876 4348 τῆς
2902 4278 3158 4341 ἀσεϐείας
3181 4279 3492 4350 ἀρχηγέτης
3536 4278 3688 4345 γενὸο

2124 4389 2284 4442 μενος
2312 4371 2407 4425 καὶ
2433 4370 2616 4442 πατὴρ
2649 4370 2913 4441 Διόδωρος
2939 4367 3031 4422 τὸν
3051 4369 3179 4438 τῇδε
3213 4368 3512 4438 μετήλλαξε
3549 4367 3684 4439 βίον,

2112 4464 2142 4516 ό
2169 4461 2270 4532 τῆς
2307 4461 2714 4533 Ἀλεξανδρέων
2737 4459 2995 4528 Θεόφιλος
3033 4460 3233 4513 κωλύει
3272 4459 3368 4512 τοῦ
3399 4461 3688 4531 τολμήμασι

2108 4533 2231 4614 τος·
2275 4550 2413 4621 πρὸς
2461 4551 2626 4606 αὐτὸν
2665 4550 2774 4622 γὰρ
2815 4551 3124 4605 ἐστείλαντο
3161 4535 3458 4622 πρεσϐείαν
3500 4554 3548 4604 οἱ
3592 4569 3688 4604 τυ-

2114 4645 2308 4718 ραννοῦ
2317 4663 2488 4717 μενοι.

2177 4802 2236 4858 I'.
2265 4795 2434 4868 Οὗτος
2459 4805 2488 4857 ὁ
2514 4803 2769 4876 βδελυρὸς
2786 4805 2844 4857 ἐν
2873 4806 2938 4875 τῇ
2973 4774 3350 4875 μεγαλωνύμῳ
3390 4803 3690 4873 Ἐκκλησία⁵

2108 4893 2210 4964 τῆς
2235 4894 2406 4949 πάλαι
2437 4895 2536 4967 μὲν
2573 4895 2874 4967 Ἀντιόχου,
2905 4895 3002 4949 νῦν
3023 4896 3082 4950 δέ
3104 4895 3242 4950 Θεοῦ
3264 4895 3471 4958 πόλεως
3491 4895 3684 4948 καλου⁴

2115 4986 2284 5057 μένης
2313 4985 2700 5057 ἐξηγούμενος,
2735 4987 3040 5058 ἐτόλμησεν
3099 4988 3236 5042 ἄλλα
3278 5003 3338 5040 τε
3366 4987 3556 5050 πολλὰ,
3587 4988 3685 5040 καὶ

2101 5076 2202 5146 τὴν
2256 5077 2543 5142 Θεοτόκος
2595 5077 2902 5148 δυσφημεῖν
2943 5079 3126 5150 φωνήν
3147 5083 3160 5100 ⁸
3225 5077 3300 5142 ὡς
3334 5077 3454 5132 ὅλον
3504 5077 3689 5132 ἐντεῦ-

2109 5165 2200 5219 θεν
2239 5166 2365 5221 καθ’
2395 5166 2592 5222 ἑαυτοῦ
2624 5169 2957 5239 ωγκινῆσαι
2987 5169 3080 5224 τὸν
3105 5171 3295 5242 δῆμον.

2174 5358 2278 5416 IA'.
2308 5353 2476 5428 Οὗτος
2497 5365 2525 5418 ὁ
2554 5363 2754 5436 μιαρὸς
2780 5364 2876 5419 ἐπὶ
2907 5365 3092 5435 πάσης
3118 5365 3550 5438 παρεξηγήσεως
3569 5366 3679 5419 τῶν

2103 5451 2262 5507 θείων
2307 5455 2560 5526 Γραφῶν,
2599 5457 2868 5512 σκώπτων
2897 5458 2990 5512 καὶ
3021 5457 3290 5528 διασύρων
3318 5457 3444 5519 τοὺς
3484 5459 3681 5520 aranea;

2097 5542 2207 5598 τῶν
2249 5544 2331 5608 είς
2374 5547 2544 5611 αὑτὰς
2588 5548 2952 5620 κεκμηκότων
2989 5547 3153 5618 ἱερῶν
3183 5546 3550 5612 διδασκάλων,
3578 5547 3682 5602 οὐκ

2095 5634 2391 5693 ἐπαύσατο.
2431 5641 2622 5695 Ἔοικα
2657 5639 2714 5694 δέ
2743 5659 2805 5713 γε
2837 5640 3020 5696 λοιπὸν
3052 5642 3302 5718 πάσχειν,
3329 5639 3406 5704 ὡς
3442 5642 3471 5693 ὁ
3503 5639 3682 5710 μέγας
