3934 6156
301 277 325 342 ι
342 282 459 345 3ῧῦ

1269 280 1436 343 Αῡν.
1480 281 2188 344 INCORRL’PTICOLAS
2227 282 2320 340 ΕΤ
2359 281 2676 341 NESTOR.

3440 276 3574 341 1366

290 392 423 464 ἔφη
456 377 759 455 Βῖκσίλειος,
787 391 848 444 ὲκ
875 390 1222 463 ῥαπίσματος
1249 391 1546 448 διευθύνων
1571 395 1662 448 τὸν
1703 396 1893 466 ἀνδρο-

2012 408 2064 447 ξιι
2096 408 2280 463 pugno
2327 407 2394 447 ac
2418 392 2596 462 plaga,
2633 390 2922 461 corrigens
2953 389 3305 446 homicidam.
3333 389 3442 446 Sed
3475 407 3574 460 age

297 485 500 553 φόνον.
545 483 690 536 Ἀλλ’
713 485 812 551 ἄγε
855 484 920 553 δὴ
955 484 1244 554 μετάϐηθι,
1269 485 1364 539 καὶ
1407 486 1499 538 τὸν
1529 486 1639 542 ἔσω
1691 489 1895 557 κόσμον

295 577 522 639 ἄεισον,
552 578 650 631 καὶ
674 577 764 630 τὸν
797 579 852 629 ἐν
878 577 1176 648 ἀπορρήτῳ
1201 577 1385 642 αὐτοῖς
1415 579 1511 632 καὶ
1541 583 1654 642 τοῖς
1678 579 1892 643 πολλοῖς

299 667 541 730 ἄϐατον,
567 667 658 720 τὸν
708 668 806 736 τῆς
854 666 1109 730 ἀσεϐείας
1138 667 1285 735 λέγω
1330 669 1502 739 μυχδν
1533 671 1887 724 ὲπόπτευσον.

302 753 435 806 Οὐκ
481 751 854 825 ἐξορχήσομαι
911 749 1094 829 μὲν,
1125 773 1316 824 φασιν,
1353 759 1687 830 ἀνακαλύψω
1729 760 1786 818 δὲ
1826 760 1894 812 τὰ

299 845 418 914 τῆς
462 844 752 914 ἀθεότητος
795 847 1017 917 μυσαρὰ
1050 847 1322 917 δόγματα.
1371 850 1784 922 Δυσχεραινέτω
1837 851 1892 904 δὲ

301 934 453 1001 ἡμῖν
477 935 571 987 ἐπὶ
596 938 709 1000 τοῖς
745 936 1065 1008 λεγομένοις
1097 940 1308 1011 μηδεὶς,
1341 941 1424 996 ὅτι
1457 943 1531 1012 μὴ
1559 941 1678 994 τῶν
1707 941 1894 994 κακῶν

300 1025 685 1094 ἀκουσμάτων
728 1027 988 1099 ἀρχηγοὶ,
1032 1031 1168 1101 μηδὲ
1220 1033 1318 1098 τὰς
1376 1034 1556 1095 αἰτίας
1583 1037 1742 1105 ἡμεῖς
1781 1035 1894 1096 τοῖς

301 1116 716 1186 ῥηθησομένοις
735 1119 1052 1190 δεδώκαμεν
1075 1140 1088 1154 ·
1125 1123 1320 1178 πολλαὶ
1351 1125 1460 1196 γὰρ
1490 1127 1664 1197 βίϐλοι
1705 1126 1896 1196 φέρου-

301 1224 404 1260 σιν
458 1208 641 1264 αὐτῶν
695 1209 764 1264 τὰ
820 1211 957 1266 ἄθεα
1010 1215 1327 1286 μυστήρια·
1369 1218 1494 1270 ἐπεὶ
1541 1219 1738 1280 καύτὸς
1784 1215 1895 1286 ἐγὼ

303 1295 591 1368 εὐξαίμην
625 1297 692 1352 ἂν
723 1297 800 1368 τῷ
849 1299 1002 1370 Θεῷ,
1035 1305 1158 1374 σιγῇ
1215 1305 1307 1358 καὶ
1355 1306 1532 1376 σκότῳ
1571 1305 1639 1359 τὰ
1670 1305 1896 1358 τοιαῦτα

304 1384 769 1456 συγκαλυφθῆναι
825 1388 926 1458 τῆς
975 1389 1233 1456 ἀσεϐείας
1276 1397 1575 1464 μυστήρια.
1619 1394 1733 1448 Νῦν
1763 1393 1807 1447 δ’
1833 1394 1893 1446 οὐ

303 1474 426 1544 γὰρ
449 1475 534 1528 ἵνα
577 1476 763 1529 κακῶν
797 1477 1048 1550 μαθητὰς
1082 1483 1424 1554 ποιησαίμην
1465 1485 1632 1554 ὑμᾶς,
1670 1482 1784 1536 ἀλλ’
1809 1481 1896 1535 ἵνα

301 1564 426 1618 τῶν
471 1565 661 1622 δεινῶν
705 1567 1106 1640 ἀπαλλάξαιμι,
1151 1573 1234 1635 είς
1279 1573 1470 1626 τούσδε
1521 1575 1649 1637 τοὺς
1705 1571 1898 1642 λόγους

305 1655 560 1725 ἐμαυτὸν
617 1656 858 1736 καθῆκα,
922 1661 1085 1725 αὐτός
1129 1679 1188 1714 τε
1253 1664 1641 1736 προτροπάδην
1701 1663 1896 1726 αὐτοὺς

2001 485 2191 550 transi,
2217 492 2274 538 et
2305 485 2627 540 interiorem
2653 492 2908 539 ornatum
2930 482 3126 551 lauda;
3153 491 3212 539 et
3238 497 3404 538 cerne
3427 483 3574 553 quod

1997 586 2210 631 secreto
2241 576 2344 646 ipsi
2374 585 2600 631 servant
2625 584 2682 631 et
2713 591 2743 630 a
2775 575 2935 647 vulgo
2985 582 3258 630 remotum
3279 615 3294 638 ,
3330 573 3572 629 abditam

1997 665 2142 730 dico,
2177 674 2231 720 et
2270 667 2610 735 penetralem
2663 665 3022 736 impietatem.
3054 665 3176 721 Non
3223 663 3448 719 efferam
3477 671 3576 714 ‘ta.

1997 755 2192 822 cenda,
2227 764 2288 810 ut
2320 756 2430 810 dici
2477 757 2638 822 solet,
2669 756 2764 812 sed
2791 755 3154 812 exsecrabilia
3187 755 3442 825 dogmata
3479 753 3575 821 τῆς

1997 847 2291 918 ἀθεότητος
2316 847 2582 917 aperiam.
2617 847 2793 903 Nemo
2823 848 3016 918 iniquo
3062 846 3272 913 animo,
3317 861 3440 916 quae
3489 845 3576 900 di-

1997 947 2211 1003 centur,
2265 939 2404 996 ferat
2432 939 2734 1008 ,quoniam
2783 955 2896 994 non
2953 953 3146 994 sumus
3183 954 3286 994 nos
3321 946 3576 992 auctores

1997 1029 2194 1081 horum
2217 1028 2489 1082 malorum
2514 1043 2636 1098 quae
2665 1028 2984 1094 audiantur,
3007 1044 3187 1098 neque
3219 1043 3416 1084 causas
3438 1043 3576 1098 prm-

1998 1119 2220 1174 buimus
2262 1119 2663 1184 dicendorum;
2713 1119 2768 1174 in
2826 1119 3015 1174 multis
3059 1121 3209 1176 enim
3249 1119 3410 1174 libris
3455 1132 3577 1188 my-

1999 1211 2168 1266 steria
2215 1227 2409 1266 eorum
2441 1211 2610 1278 impia
2645 1211 2942 1265 feruntur:
2999 1211 3048 1266 si
3101 1211 3324 1280 quidem
3357 1219 3414 1265 et
3459 1209 3576 1277 ipse

2001 1319 2254 1374 precarer
2283 1312 2337 1357 et
2369 1313 2642 1372 optarem,
2670 1308 2730 1358 ut
2755 1301 2976 1356 silentio
3003 1307 3059 1354 et
3107 1298 3348 1355 tenebris
3392 1297 3584 1369 hujus-

2001 1381 2152 1451 modi
2182 1395 2480 1464 impietatis
2506 1392 2767 1464 mysteria
2787 1399 3244 1463 contegerentnr;
3271 1405 3418 1445 nunc
3453 1405 3582 1444 vero

2001 1499 2111 1539 non
2147 1492 2204 1538 ut
2231 1499 2328 1538 vos
2349 1483 2619 1537 malorum
2649 1481 2952 1550 discipulos
2981 1479 3240 1543 facerem,
3272 1475 3366 1531 sed
3394 1473 3578 1544 potius

2001 1581 2120 1628 uta
2147 1572 2410 1644 gravibus
2441 1570 2600 1626 malis
2635 1569 2954 1632 liberarem,
2987 1569 3055 1622 ad
3103 1567 3204 1622 has
3251 1581 3338 1619 me
3389 1579 3580 1618 narra~

2002 1665 2182 1719 tiones
2194 1663 2424 1728 contuli,
2443 1659 2659 1718 sinan
2675 1659 2859 1716 studio
2880 1674 2976 1714 eos
2995 1658 3231 1728 fugiens,
3250 1665 3306 1712 et
3321 1653 3580 1710 omnibus

306 1745 556 1816 φεύγων,
589 1749 685 1802 καὶ
707 1735 870 1805 ’έιᾶσι
929 1751 1074 1821 μέγα
1114 1753 1252 1824 βοῶν
1279 1770 1292 1784 °
1325 1755 1580 1824 Φεύγετε,
1609 1750 1654 1810 ὦ
1710 1747 1857 1809 οὗτοι
1878 1793 1892 1819 ,

2012 1770 2161 1826 ιιιειιι
2195 1768 2419 1824 possum
2451 1751 2687 1806 maxima
2718 1765 2854 1805 voce
2885 1749 3112 1804 dicens:
3138 1745 3332 1817 Fugite
3349 1759 3470 1808 vos,
3490 1741 3577 1796 fu-

309 1835 846 1909 φεύγετε,κρημνῶν
884 1841 980 1894 καὶ
1032 1841 1326 1913 βαράθρων
1373 1847 1590 1916 μακρὰν
1639 1843 1892 1913 φεύγετε,

305 1928 425 1983 τῶν
456 1929 607 2002 πάσῃ
638 1930 1066 2003 μεμολυσμένων
1106 1933 1318 2004 αἱρέσει
1351 1936 1528 1990 ἀθέων
1549 1935 1898 2007 διδαγμάτων

305 2021 416 2084 τὰς
446 2020 666 2091 βίϐλους
693 2023 944 2093 φεύγετε.

385 2112 488 2168 IB'.
515 2109 682 2174 Οὗτος
716 2117 744 2169 ὁ
776 2116 960 2184 σοφὸς,
991 2117 1067 2181 ὡς
1095 2119 1145 2171 οἱ
1175 2118 1366 2172 τοῦτον
1393 2117 1688 2190 ζηλοῦντες
1716 2120 1896 2188 φαῖεν,

309 2203 414 2256 καὶ
435 2202 605 2274 μέγας
630 2205 929 2276 Θεόδωρος,
963 2207 1152 2280 ἐπειδὴ
1180 2209 1377 2281 μικρὸν
1397 2205 1464 2282 ἦν
1495 2209 1646 2281 αὐτῷ
1667 2212 1727 2264 τὸ
1759 2209 1900 2264 κατά

310 2289 625 2362 ἀνθρώπων
647 2293 960 2365 ἀγώνισμα,
983 2299 1106 2350 κατ’
1137 2299 1308 2369 αὐτῆς
1333 2301 1578 2371 ἐγχειρεῖ
1608 2299 1702 2354 καὶ
1725 2300 1903 2372 τολμᾷ

309 2381 419 2451 τῆς
469 2383 565 2435 τοῦ
609 2385 927 2455 Πνεύματος
966 2387 1148 2458 δόξης,
1187 2389 1370 2453 πάσας
1401 2389 1500 2460 μὲν
1529 2389 1628 2454 τὰς
1657 2391 1775 2444 κατ’
1799 2391 1900 2457 Εμ-

311 2489 547 2530 πνευσιν
598 2477 764 2530 αὑτοῦ
817 2479 928 2532 τῶν
987 2479 1268 2552 θεηγόρων
1321 2483 1568 2552 ὑψηλὰς,
1631 2481 1903 2546 ταπεινῶς

313 2565 684 2636 ἐκλαμϐάνων
709 2569 953 2640 Γραφάς,
980 2572 1297 2644 ἀποκρίνων
1323 2572 1380 2626 δὲ
1406 2575 1468 2628 ὲκ
1498 2577 1592 2627 τοῦ
1617 2573 1900 2644 θεοκρίτου

321 2656 440 2712 τῶν
469 2659 634 2730 ἱερῶν
661 2661 873 2716 Βίϐλων
903 2663 1166 2736 ἀριθμοῦ.

399 2840 500 2895 Il".
530 2841 635 2894 Τόν
690 2859 751 2895 τε
797 2841 972 2913 μέγαν
1010 2842 1104 2898 τοῦ
1140 2842 1276 2898 Θεοῦ
1315 2843 1648 2915 θεράποντα,
1678 2845 1773 2897 καὶ
1805 2845 1904 2914 τῆς

317 2932 574 3004 ἀνδρείας
599 2932 848 3004 ἔμψυχον
872 2935 965 2988 καὶ
993 2935 1082 2988 διὰ
1102 2934 1297 2998 αἰῶνος
1331 2935 1678 3006 ἀνάγραπτον
1701 2933 1906 3004 στήλην

318 3026 416 3079 τὸν
457 3021 600 3088 Ἰὼϐ,
660 3024 780 3078 δυσὶ
839 3025 967 3096 περί
1011 3041 1112 3078 που
1167 3023 1372 3094 χιλιάσι
1410 3025 1598 3094 [manu
1649 3023 1902 3094 μυριάσιι
1931 3075 1971 3097 ,η

322 3115 530 3188 στίχων
588 3115 805 3169 πλύνων
864 3117 958 3169 καὶ
1013 3115 1454 3186 διαγραφὸμενος
1497 3116 1596 3184 τὴν
1625 3116 1705 3178 είς
1739 3114 1904 3168 αὑτὸν

321 3203 420 3257 τοῦ
453 3201 774 3270 Πνεύματος
820 3203 1164 3274 συγγραφὴν,
1194 3205 1259 3272 ἣν
1286 3205 1315 3256 ὁ
1347 3203 1522 3272 μέγας
1559 3203 1813 3265 Ἰάκωϐος
1845 3203 1904 3258 ὲν

323 3295 394 3364 τῇ
437 3293 558 3346 κατ’
587 3293 750 3346 αὐτὸν
787 3293 1048 3364 καθολικῇ
1087 3293 1378 3364 Ἐπιστολῇ
1427 3293 1664 3363 βεϐαιῶν
1697 3292 1902 3356 ἐλεγενο

333 3381 456 3450 Τὴν
483 3383 800 3451 ὑπομονὴν
830 3383 953 3438 Ἰὼϐ
979 3385 1304 3452 ἠκούσατε,
1333 3383 1432 3438 καί
1486 3383 1552 3438 τὸ
1583 3382 1762 3450 τέλος
1793 3387 1908 3438 Κυ-

324 3473 465 3543 ρίου
500 3473 678 3528 ἴδετε.
707 3476 782 3528 Ub
817 3473 924 3546 γάρ
954 3475 1178 3530 ἄλλοθέν
1203 3474 1392 3540 ποθεν,
1423 3475 1546 3529 οὐδὲ
1573 3475 1674 3546 τὴν
1703 3475 1910 3544 ὑπομο-

331 3569 429 3640 νὴν
448 3552 786 3652 ἠκούσαμεν,
818 3569 942 3623 οὐδὲ
973 3569 1036 3623 τὸ
1075 3570 1195 3623 κατ’
1221 3569 1384 3624 αὐτὸν
1416 3569 1574 3633 τέλος
1612 3569 1909 3640 ἱστορήσα-

335 3677 456 3733 μεν,
478 3662 564 3715 ὅτι
595 3661 673 3734 μὴ
705 3664 770 3717 ὲκ
797 3665 896 3733 τῆς
926 3663 1048 3718 κατ’
1077 3663 1241 3717 αὐτὸν
1271 3663 1513 3734 Γραφῆς.

401 3757 500 3810 IA'.
529 3756 606 3808 Δι’
628 3756 696 3826 ἢν
743 3755 922 3808 αἰτίαν
982 3755 1154 3826 αὑτήν
1186 3772 1268 3816 τε,
1318 3749 1494 3824 οἶμαι,
1527 3754 1624 3808 τοῦ
1671 3755 1906 3826 μεγάλου

343 3843 607 3898 Ἰακώϐου
643 3846 743 3916 τὴν
777 3844 1093 3916 ἐπιστολὴν,
1126 3845 1220 3898 καὶ
1262 3843 1362 3908 τὰς
1406 3844 1534 3916 ἑξῆς
1583 3845 1694 3898 τῶν
1737 3845 1911 3900 ἄλλων

331 3937 707 4008 ἀποκηρύττει
757 3936 1072 3999 καθολικάς.
1106 3937 1180 3989 Οὐ
1229 3935 1339 4007 γὰρ
1381 3937 1542 4008 ἡρκει
1579 3937 1730 4008 αὐτῷ
1772 3938 1913 3992 κατὰ

331 4030 426 4091 τῆς
455 4027 700 4090 Πα)αιᾶς
725 4028 993 4098 ἐγχειρεῖν
1023 4025 1064 4078 Γ
1067 4025 1270 4098 ραφῆς,
1307 4025 1406 4096 τὴν
1436 4025 1762 4098 Μαρκίωνος
1785 4025 1912 4098 ἐζη-

330 4119 529 4173 λωκότι
552 4118 830 4182 ἀσέϐειαν,
857 4115 968 4170 ἀλλ’
1003 4114 1112 4168 ἔδει
1140 4115 1234 4168 καὶ
1273 4117 1414 4169 κατά
1444 4116 1543 4187 τῆς
1581 4115 1708 4178 νέας
1752 4113 1913 4170 αὐτὸν

331 4210 727 4278 ἀγωνίσασθαι,
765 4209 855 4264 ἵνα
940 4207 1380 4280 περιφανεστέρα
1409 4207 1557 4280 αὐτῷ
1585 4209 1618 4280 ἡ
1647 4207 1788 4262 κατὰ
1815 4206 1912 4262 τοῦ

334 4303 490 4374 ἁγίου
511 4295 836 4374 Πνεύματος
863 4301 1092 4371 ἀγωνία.

1999 1847 2148 1917 gite;
2188 1861 2220 1900 a
2260 1844 2552 1916 praeruptis
2597 1852 2653 1898 et
2691 1841 2968 1897 barathris
3043 1841 3203 1909 longe
3251 1829 3457 1908 fugite:
3509 1834 3579 1886 li-

1999 1937 2149 2003 bros,
2197 1935 2346 1992 omni
2377 1935 2574 1990 haeresi
2615 1933 2911 2004 impiarum
2961 1929 3336 1987 doctrinarum
3385 1926 3582 1997 plenos

2000 2025 2200 2096 fugite.

2071 2116 2188 2170 XII.
2225 2115 2326 2170 Hic
2367 2115 2612 2184 sapiens,
2647 2119 2708 2168 ut
2753 2111 3111 2182 appellabunt
3143 2107 3238 2180 qui
3287 2121 3412 2162 eum
3457 2112 3578 2159 stu-

2002 2209 2156 2264 diose
2191 2215 2524 2278 sequuntur,
2575 2213 2632 2260 et
2669 2219 2904 2275 magnus
2941 2201 3289 2266 Theodorus,
3320 2197 3447 2268 quia
3483 2212 3581 2266 pu-

2002 2313 2124 2352 rum
2157 2305 2276 2352 erat
2305 2297 2356 2351 ei
2395 2311 2522 2351 cum
2573 2293 2894 2349 hominibus
2937 2305 3148 2348 certare
3174 2332 3188 2356 ,
3243 2287 3578 2360 aggreditur.

2001 2399 2056 2445 et
2075 2391 2241 2445 audet
2264 2397 2458 2445 contra
2481 2388 2713 2458 gloriam
2744 2385 2986 2456 Spiritus
3009 2383 3209 2448 sancti,
3237 2397 3361 2436 cum
3389 2389 3582 2435 omnes

2001 2481 2225 2550 quidem
2255 2479 2567 2550 Scripturas
2597 2480 2734 2534 altas
2756 2494 2893 2549 quas
2922 2478 3099 2533 sancti
3126 2476 3307 2531 aﬂlatu
3327 2475 3448 2544 ejus
3474 2482 3585 2526 ιγπ-

1999 2570 2281 2636 diderunt,
2329 2569 2614 2624 humiliter
2642 2578 2700 2624 et
2735 2569 2972 2624 demisse
3003 2567 3376 2635 interpretans
3401 2603 3415 2623 ,
3465 2570 3583 2614 tum

2001 2676 2136 2716 vero
2159 2676 2191 2715 a
2222 2675 2454 2715 nurnero
2485 2675 2762 2715 sacrarum
2789 2659 3205 2729 Scripturarum
3230 2653 3417 2708 divine
3443 2665 3584 2721 pree-

2005 2753 2212 2821 scripto
2237 2761 2296 2807 et
2320 2750 2560 2806 indicato
2589 2765 2684 2806 eas
2717 2763 3001 2818 scparans.
3561 2735 3576 2745 ’

2075 2841 2214 2898 XIII.
2258 2843 2508 2912 Magnum
2545 2842 2642 2897 Dei
2681 2855 2902 2896 servum
2939 2838 3062 2904 Job,
3081 2839 3390 2894 columnam
3427 2834 3585 2889 forti-

2007 2933 2216 2988 tudinis
2240 2933 2558 2998 animatam,
2599 2939 2655 2987 et
2696 2931 2994 3002 spirantem
3037 2929 3256 2985 duobus
3280 2927 3394 2983 fere
3419 2925 3588 2982 milli-

2008 3027 2114 3082 bus
2152 3040 2411 3080 versuum
2443 3024 2804 3094 perscriptam
2838 3023 3152 3080 conviciose
3199 3020 3484 3091 arguebat,
3531 3025 3590 3072 et

2007 3117 2350 3186 Scripturam
2377 3115 2618 3184 Spiritus
2649 3115 2824 3170 sancti
2845 3115 2914 3170 de
2943 3129 3010 3170 eo
3044 3113 3368 3184 abrogabat,
3421 3127 3590 3180 quam

2005 3208 2244 3263 Jacobus
2295 3205 2465 3260 frater
2508 3205 2727 3260 Domini
2780 3206 2840 3260 in
2896 3205 3142 3274 Epistola
3197 3219 3295 3258 sua
3320 3201 3590 3257 catholica

2007 3297 2336 3352 conﬁrmans
2360 3296 2574 3351 aiebat:
2602 3295 2927 3350 Patientiam
2945 3293 3044 3349 Job
3071 3295 3314 3357 audistis,
3348 3303 3397 3347 et
3428 3291 3591 3361 ﬁnem

2013 3388 2222 3442 Domini
2253 3387 2532 3442 vidistis”.
2568 3387 2687 3442 Non
2711 3387 2856 3441 enim
2897 3386 3122 3441 aliunde
3157 3401 3338 3456 neque
3377 3385 3592 3455 patien-

2011 3481 2140 3535 tiam
2161 3480 2494 3546 audivimus,
2525 3497 2701 3552 neque
2723 3480 2889 3537 tinem
2911 3482 3032 3552 ejus
3060 3480 3450 3551 spectavimus,
3481 3480 3590 3536 nisi

2011 3587 2079 3626 cx
2106 3572 2390 3644 Scriptura
2413 3573 2480 3629 de
2510 3589 2597 3628 eo.

2083 3767 2221 3823 XIV.
2257 3765 2340 3823 Ob
2377 3783 2542 3837 quam
2578 3781 2820 3830 causam,
2859 3773 2921 3820 ut
2944 3765 3213 3828 arbitror,
3261 3764 3435 3834 ipsam
3469 3763 3591 3833 epi—

2013 3859 2207 3913 stolam
2237 3857 2424 3914 Jacobi
2455 3866 2509 3913 et
2537 3857 2672 3913 alias
2711 3857 2971 3926 deinceps
3017 3855 3248 3910 aliorum
3296 3854 3594 3910 catholicas

2014 3949 2242 4020 abrogat
2270 3957 2326 4004 et
2362 3949 2630 4018 antiquat.
2684 3948 2805 4004 Non
2847 3947 2996 4002 enim
3047 3945 3180 4001 satis
3217 3945 3322 4000 fuit
3367 3943 3446 3999 illi
3478 3943 3595 3998 bol-

2020 4041 2134 4095 Ium
2161 4049 2354 4096 contra
2383 4039 2638 4095 Veterem
2665 4038 3006 4110 Scripturam
3039 4037 3319 4108 suscipere
3355 4035 3424 4090 ad
3464 4035 3592 4090 imi-

2014 4131 2278 4187 tationem
2326 4129 2615 4185 Marcionis
2637 4169 2652 4195 ,

2016 4225 2357 4294 Scripturam
2379 4209 2588 4276 novam
2630 4236 2900 4291 pugnare,
2953 4228 3014 4274 ut
3047 4233 3226 4290 pugna
3251 4219 3372 4289 ejus
3406 4226 3596 4272 eorum
3662 4220 3673 4266 ε,

2017 4317 2286 4390 Spiritum
2315 4321 2566 4370 sanctum
2597 4312 2801 4367 clarior
2833 4318 2889 4366 et
2917 4311 3184 4365 illustrior
3215 4319 3382 4365 esset.

404 4398 508 4450 κζ’.
549 4397 679 4458 Τάς,
708 4412 768 4448 τε
819 4393 1132 4463 ἐπιγραφὰς
1180 4391 1290 4446 τῶν
1332 4391 1640 4464 ίερωτάτων
1680 4392 1903 4463 ’Υμνων

2080 4407 2196 4464 XV.
2238 4404 2632 4475 Inscriptiones
2665 4402 3026 4474 Hymnorum,
3057 4411 3113 4458 et
3149 4402 3597 4464 Psalmorum,.ot

336 4487 432 4539 καὶ
453 4483 702 4554 Ψαλμῶν
731 4485 826 4538 καὶ
859 4483 1023 4554 ᾩδῶν
1051 4483 1228 4553 πάντη
1248 4481 1518 4544 ἐκϐαλὼν.
1542 4483 1668 4544 τοὺς
1700 4482 1912 4546 πάντας

335 4577 602 4645 Ψαλμοὺς
643 4575 951 4638 Ἰουδαϊκῶς
1005 4577 1118 4637 τοῖς
1175 4575 1304 4646 περὶ
1343 4573 1436 4627 τὸν
1475 4573 1782 4644 Ζοροϐάϐελ
1821 4574 1916 4627 καὶ

349 4668 600 4732 Ἐζεκίαν
647 4667 900 4738 ἀνέθηκε,
931 4669 1079 4738 τρεῖς
1145 4667 1342 4738 μόνους
1397 4665 1476 4738 τῷ
1517 4666 1707 4737 Κυρίῳ
1752 4683 1915 4736 προσο

343 4759 524 4828 piri/ag.

411 4849 531 4916 ια’.
585 4848 746 4901 Ἀλλὰ
767 4848 876 4918 γὰρ
899 4849 993 4902 καὶ
1023 4849 1086 4902 τὸ
1111 4851 1219 4903 τῶν
1259 4849 1434 4919 ἀγίων
1466 4850 1772 4917 ἁγιώτατον
1803 4849 1912 4903 τῶν

340 4943 600 5013 ᾲτμάτων
624 4936 814 5010 τᾼσμα
848 4939 997 5009 παρὰ
1027 4941 1242 4995 πάντων
1273 4943 1370 5012 μὲν
1419 4942 1692 5010 θεοσόφων
1714 4981 1728 5005 ,
1763 4942 1916 5012 παρά

343 5034 562 5087 πάντων
617 5030 674 5083 δὲ
725 5027 1062 5098 ὑμνούμενον
1118 5033 1496 5100 Χριστιανῶν,
1531 5035 1650 5095 ταῖς
1699 5032 1754 5084 δὲ
1813 5033 1917 5086 ἀνὰ

345 5127 524 5179 πᾶσαν
565 5122 664 5194 τὴν
707 5122 1034 5192 οἰκουμένην
1091 5122 1442 5192 Ἐκκλησίαις
1486 5123 1913 5196 γνωριζόμενον,

345 5213 762 5285 θαυμαζόμενον
790 5212 848 5264 δὲ
876 5211 968 5264 καὶ
997 5211 1132 5279 πρὸς
1168 5211 1278 5264 τῶν
1309 5212 1519 5283 ἐχθρῶν
1551 5213 1646 5268 τοῦ
1674 5214 1913 5282 σταυροῦ

343 5307 439 5362 τοῦ
483 5302 725 5372 Χριστοῦ
771 5302 1060 5369 Ἰουδαίων,
1097 5302 1236 5356 κατὰ
1289 5303 1386 5372 τὴν
1425 5305 1691 5376 πορνικὴν
1745 5303 1912 5360 αὐτοῦ

343 5399 442 5454 καὶ
488 5398 718 5468 γνώμην
765 5396 860 5449 καὶ
911 5391 1187 5463 γλῶσσαν,
1233 5393 1477 5448 ἐκλαϐὼν
1507 5398 1536 5450 ὁ
1575 5397 1779 5467 θρασὺς
1823 5397 1918 5450 καὶ

345 5489 586 5558 ἄμετρος
630 5487 730 5556 τὴν
767 5486 998 5557 τόλμαν,
1029 5487 1092 5538 ὲκ
1142 5484 1252 5540 τῶν
1307 5484 1477 5554 ἁγίων
1533 5486 1741 5542 Βίϐλων

347 5579 436 5632 έτε
444 5595 562 5647 μεν.

423 5691 466 5725 ³³
499 5691 614 5750 Jac.
667 5706 694 5743 v
719 5731 733 5758 ,
767 5691 852 5746 11.

2013 4498 2367 4556 Canticorum
2407 4495 2630 4566 penitus
2659 4495 2842 4565 ejecit,
2892 4503 2949 4549 et
3003 4509 3196 4548 omnes
3227 4492 3470 4548 Psalmos
3495 4491 3595 4546 .Iu-

2017 4589 2172 4644 daice
2215 4588 2282 4643 ad
2327 4585 2723 4642 Zorobabelem
2749 4595 2806 4640 et
2835 4585 3127 4642 Ezechiam
3156 4584 3366 4650 retulit,
3416 4584 3597 4639 tribus

2017 4688 2228 4736 tantum
2263 4679 2331 4733 ad
2360 4677 2650 4760 Dominum
2679 4677 2913 4747 rejectis.

2091 4858 2230 4912 XVI.
2277 4857 2392 4911 Imo
2431 4865 2488 4912 et
2521 4864 2834 4912 sanctorum
2863 4854 3269 4910 sanctissimum
3308 4853 3597 4909 Canticum

2021 4949 2356 5006 canticorum
2396 4949 2465 5004 ab
2513 4947 2772 5003 omnibus
2816 4947 3126 5003 divinarum
3160 4961 3344 5002 rerum
3379 4947 3594 5016 peritis.

2021 5052 2077 5099 et
2105 5043 2174 5098 ab
2201 5041 2462 5098 omnibus
2491 5039 2823 5096 Christianis
2869 5038 3174 5104 laudatum,
3209 5037 3467 5092 omnibus
3496 5037 3601 5090 Ec-

2022 5135 2206 5192 clesiis
2242 5133 2428 5190 cuncti
2482 5132 2635 5188 orbis
2669 5139 2888 5198 notum,
2939 5139 2996 5186 et
3041 5145 3072 5184 a
3120 5128 3326 5186 Judmis
3361 5127 3600 5182 inimicis

2019 5229 2203 5285 crucis
2226 5227 2430 5284 Christi
2468 5227 2524 5280 in
2575 5224 2939 5280 admiratione
2980 5221 3249 5288 habitum,
3305 5217 3598 5274 libidinose

2015 5336 2122 5390 pro
2148 5335 2246 5374 sua
2279 5326 2335 5373 et
2381 5325 2564 5374 mente
2613 5327 2672 5372 et
2705 5317 2890 5388 lingua
2937 5311 3274 5376 meretricia,
3328 5309 3601 5390 interpre-

2017 5387 2160 5475 tans,
2189 5425 2288 5466 sua
2309 5423 2475 5478 supra
2496 5407 2721 5464 modum
2743 5387 3052 5464 incredibili
3079 5401 3307 5460 audacia
3329 5413 3396 5452 ex
3418 5387 3608 5449 Libri:

2025 5503 2196 5558 sacris
2219 5499 2470 5556 abscidit.

2728 4129 2824 4184 sed
2887 4128 3131 4198 oportuit
3180 4126 3349 4182 etiam
3405 4133 3593 4180 contra
3663 4169 3684 4195 ,ι
