3954 6148
495 264 624 327 1367
658 256 668 272 ’

1633 261 1657 282 ³
1754 271 2064 332 LEONTII
2107 272 2508 332 BYZANTINI

3610 271 3720 346 1363

560 379 719 434 XVII.
776 379 842 434 Et
865 380 997 450 quid
1025 395 1134 434 non
1166 387 1282 434 erat
1311 387 1556 446 acturus,
1587 380 1680 450 qui
1732 383 1786 436 in
1833 399 1900 436 eo
1930 399 2044 453 age-

2231 387 2331 439 lZ'.
2361 386 2473 439 Καὶ
2503 385 2554 438 τί
2610 384 2720 457 γὰρ
2762 386 2860 439 οὐκ
2911 384 3100 455 ἔμελλε
3162 384 3416 454 δράσειν,
3442 387 3470 440 ό
3508 388 3563 439 ὲν
3597 391 3718 460 αὐτῷ

485 469 601 536 bat,
653 471 951 540 impietatis
995 472 1247 525 inventor
1274 478 1330 525 et
1368 472 1566 541 pater?
1603 473 1748 529 Duos
1797 473 1964 544 igitur
1995 475 2060 528 li-

407 607 410 610 .
484 563 617 617 bros
645 563 1114 632 Paralipomenon,
1145 563 1381 631 primum
1419 571 1476 618 et
1517 565 1819 620 secundum
1861 567 2060 622 simili-

402 647 413 679 ⁷
487 665 592 721 ter,
643 656 846 710 malum
881 655 1024 709 malo
1055 654 1282 722 addens,
1319 663 1375 710 et
1419 657 1644 729 insuper
1692 658 1920 714 Esdram
1973 677 2060 716 re-

483 747 754 815 pudiavit.

555 837 740 892 XVIII.
761 839 984 894 Divinas
1009 838 1175 910 igitur
1197 839 1515 910 Scripturas
1541 843 1876 912 aggreditur,
1911 853 1966 898 et
1991 861 2057 898 ex

481 926 698 982 duobus
726 929 1022 999 generibus
1045 929 1511 998 splendidioribus
1551 939 1742 985 contra
1793 932 2056 1002 Spiritum

481 1029 730 1074 sanctum
767 1022 1012 1076 certandi
1047 1021 1326 1076 laudatum
1360 1023 1465 1077 sibi
1497 1023 1677 1078 aufert
1705 1042 1719 1089 ;
1757 1041 1786 1078 a
1815 1027 2056 1082 secundo

480 1113 740 1180 abstinet,
785 1124 840 1172 et
883 1116 1008 1171 aliis
1060 1117 1242 1182 cedit;
1282 1133 1349 1171 an
1386 1126 1447 1172 ut
1479 1118 1532 1172 in
1564 1119 1645 1174 eis
1669 1119 1968 1182 luctentur,
2001 1129 2058 1175 et

478 1206 746 1260 vincant?
792 1207 1169 1276 Nequaquam.
1229 1208 1332 1262 Sed
1367 1209 1516 1278 quia,
1571 1217 1632 1263 ut
1687 1210 2052 1275 existimabat,

387 1374 390 1380 Ι
478 1305 756 1352 certamen
807 1306 1000 1352 contra
1043 1299 1360 1369 Scripturas
1384 1309 1598 1370 sanctas
1627 1299 1842 1355 finitum
1869 1302 1970 1356 sibi
2001 1312 2056 1358 et

387 1443 392 1452 ,
477 1399 760 1458 peractum
788 1401 929 1452 erat,
965 1391 1266 1446 secundum
1298 1407 1522 1447 cursum
1572 1392 1753 1462 primo
1789 1393 2054 1464 aequalem

383 1475 389 1520 ῖ
479 1477 736 1543 conficit;
771 1487 827 1534 et
855 1495 922 1533 ne
954 1481 1007 1533 in
1040 1479 1269 1550 singulis
1299 1480 1682 1550 aggrediendis
1724 1481 2056 1552 defatigare-

480 1576 590 1634 tur,
621 1577 810 1622 contra
845 1568 1078 1638 primam
1119 1567 1402 1640 religionis
1436 1569 1766 1640 Christiana:
1795 1570 2055 1624 informa-

481 1660 684 1713 tionem
713 1667 839 1724 stat,
895 1668 949 1714 et
995 1659 1249 1715 deificum
1287 1659 1592 1731 symbolum
1623 1675 1813 1715 eorum
1849 1661 1943 1730 qui
1970 1677 2056 1714 re-

477 1758 832 1815 generantur,
870 1750 1028 1817 tollit,
1054 1750 1237 1816 fidem,
1275 1752 1518 1822 inquam,
1573 1752 1764 1824 synodi
1798 1753 2052 1819 Nicaanaa,

477 1854 585 1892 non
636 1840 811 1893 solum
859 1841 1120 1896 mutilans
1174 1841 1382 1910 ipsum,
1438 1840 1535 1896 sed
1571 1857 1789 1896 onmem
1836 1841 2054 1911 penitus

477 1930 638 1984 tidem
671 1930 983 1997 destruens,
1032 1941 1089 1987 et
1141 1933 1304 1987 aliam
1355 1943 1554 2002 praiter
1610 1933 1756 1988 illam
1809 1933 2050 1999 tradens,

474 2037 574 2089 pro
633 2023 808 2078 nihilo
859 2023 1064 2078 docens
1106 2025 1197 2079 illa
1243 2033 1395 2079 tanta
1441 2025 1670 2090 lumina,
1711 2041 1890 2096 neque
1943 2034 2052 2080 tam

474 2115 649 2172 audax
679 2116 892 2172 facinus
917 2117 1342 2186 perhorrescens
1374 2134 1387 2170 :
1420 2115 1570 2170 aliud
1600 2115 1770 2182 enim,
1825 2125 1886 2171 ut
1913 2117 2047 2182 dixi,

473 2209 779 2278 symbolum
839 2208 985 2274 fidei,
1046 2210 1129 2263 vel
1180 2208 1362 2279 potius
1413 2209 1592 2264 dicam
1633 2209 1874 2279 perfidize
1911 2209 2047 2274 edit,

473 2299 565 2368 qui
596 2309 719 2372 post
744 2299 904 2354 fidem
933 2301 989 2354 in
1012 2300 1180 2354 Deum
1219 2299 1455 2361 Patrem,
1495 2308 1552 2353 et
1581 2298 1925 2368 unigenitum
1956 2299 2048 2352 Fi-

471 2389 626 2452 lium,
659 2399 715 2444 et
760 2389 1024 2460 Spiritum
1060 2397 1330 2454 sanctum,
1369 2389 1592 2458 scripsit
1629 2389 1851 2444 credere
1899 2397 1954 2443 et
1991 2388 2045 2443 in

471 2481 762 2534 Dominum
806 2483 990 2536 Jesum
1039 2482 1340 2545 Christum,
1400 2481 1758 2537 introducens
1795 2490 2044 2552 quartam

471 2584 763 2644 personam
817 2570 871 2624 in
903 2579 1146 2624 sanctam
1177 2571 1523 2635 Trinitatem,
1563 2562 1619 2626 et
1648 2572 1703 2624 in
1751 2571 1888 2627 duas
1917 2588 2044 2642 per-

471 2674 637 2713 sonas
663 2658 942 2716 Christum
973 2672 1030 2716 et
1062 2662 1234 2716 Deum
1266 2671 1512 2716 nostrum
1542 2661 1823 2728 dividens;
1857 2679 1921 2719 ac
1953 2679 2046 2717 ve-

471 2764 534 2801 ro
573 2747 794 2818 quidem
847 2747 1145 2820 Filio,qu:e
1191 2751 1375 2805 divina
1404 2761 1553 2817 sunt,
1595 2751 1883 2820 tribuens;
1922 2769 2049 2822 pro-

469 2837 593 2915 prio
625 2847 807 2893 autem
847 2839 1086 2903 Christo,
1140 2856 1261 2910 qua:
1299 2841 1575 2897 hominem
1607 2842 1802 2897 decent
1848 2853 1903 2898 et
1937 2843 2042 2897 hu-

471 2941 633 2980 mana
667 2937 815 2988 sunt,
843 2938 900 2983 et
927 2929 980 2982 in
1008 2929 1200 2998 primis
1234 2937 1415 2984 ortum
1447 2946 1511 2984 ex
1539 2931 1784 3000 Virgine.

2162 477 2464 547 ἐνεργήσας
2517 477 2618 547 τῆς
2671 477 2924 541 ἀσεϐείας
2974 478 3213 547 εὑρετής
3250 479 3320 530 ’τε
3373 480 3470 532 καὶ
3521 481 3714 551 πατήρς

2160 567 2272 632 Τάς
2309 567 2441 636 γοῦν
2501 567 2988 638 Παραλειπομένας
3037 567 3350 631 ὡσαύτως,
3383 569 3536 636 κακῷ
3576 571 3716 626 κακίων

2161 657 2496 728 προστιθεὶς,
2547 655 2774 727 πρώτην
2819 673 2878 710 τε
2927 656 3023 709 καλ
3068 655 3372 726 δευτέραν,
3408 658 3632 731 Ἔσδραν
3666 675 3713 711 τι

2159 751 2297 822 πρὸς
2324 751 2446 812 ταῖς
2469 749 2792 820 εἰρημέναις
2823 746 3100 813 ἐξέϐαλεν.

2229 841 2338 894 lH'.
2370 837 2494 911 Ἆρ’
2526 835 2620 893 οὖν
2665 841 2782 903 ταῖς
2815 839 2912 910 μὲν
2963 837 3141 902 θείαις
3177 839 3435 910 Γραφαϊς
3484 841 3709 911 ἐγχειρεί,

2159 932 2252 986 καὶ
2279 931 2385 984 τῶν
2429 931 2826 1002 λαμπροτέρων
2857 929 2998 984 κατά
3027 929 3124 984 τοῦ
3173 929 3503 1000 Πνεύματος
3539 933 3710 999 ἀγωνι-

2160 1022 2382 1092 σμάτων
2409 1021 2470 1074 τὸ
2496 1021 2780 1092 εὐδόκιμον
2818 1021 3190 1092 ἀποφέρεται,
3220 1022 3334 1076 τῶν
3377 1022 3436 1075 δὲ
3475 1023 3708 1094 δευτέρων

2156 1117 2443 1188 ἀπέχεται,
2472 1115 2566 1168 καὶ
2597 1117 2920 1186 παραχωρεῖ
2943 1115 3130 1180 ἄλλοις
3166 1115 3274 1185 τῆς
3303 1115 3437 1183 γοῦν
3460 1117 3516 1168 ἐν
3529 1117 3708 1179 τούτοις

2159 1209 2335 1278 πάλης
2382 1209 2475 1261 καὶ
2537 1208 2728 1280 νίκηςς
2761 1206 3061 1277 Οὐμενοῦν.
3149 1209 3376 1281 Ἐπειδὴ
3444 1209 3582 1279 γὰρ,
3645 1209 3706 1270 ὼς

2155 1299 2313 1371 ᾤετο,
2339 1302 2365 1354 ό
2390 1301 2532 1354 κατά
2557 1300 2665 1352 τῶν
2694 1297 3068 1353 θεοπνεύστων
3101 1298 3262 1368 αὐτῷ
3282 1299 3514 1368 Γραφῶν
3547 1297 3707 1358 ἀεθλος

2155 1390 2500 1444 ὲκτετέλεστο
2527 1389 2623 1443 καὶ
2649 1389 2922 1458 διήνυστο,
2959 1387 3227 1459 δεύτερον
3254 1388 3470 1456 ὲξανύει
3495 1387 3701 1449 δίαυλον,

2155 1481 2233 1550 τῷ
2265 1480 2464 1551 πρώτῳ
2503 1477 2908 1551 παρισούμενον
2927 1493 2940 1508 °
2974 1481 3069 1533 καὶ
3097 1480 3195 1532 ἵνα
3234 1483 3348 1544 τοῖς
3397 1481 3534 1534 κατά
3565 1481 3700 1551 μέρος

2155 1573 2420 1644 ἐγχειρῶν
2459 1573 2534 1642 μὴ
2575 1572 2784 1644 κάμνῃ,
2813 1572 2948 1644 πρὸς
2975 1571 3076 1642 τὴν
3117 1572 3350 1643 πρώτην
3396 1575 3698 1645 στοιχείωσιν

2154 1665 2249 1716 τοῦ
2277 1662 2705 1734 Χριστιανισμοῦ
2752 1663 2985 1723 ἵσταται,
3011 1662 3109 1716 καὶ
3146 1663 3207 1716 τὸ
3235 1663 3480 1759 Bagrada!
3523 1660 3696 1731 σύμϐο-

2155 1754 2244 1808 λον
2272 1754 2380 1807 τῶν
2413 1753 2876 1822 ἀναγεννωμένων
2899 1753 3290 1824 διαγράφεται,
3320 1753 3419 1824 τὴν
3443 1755 3500 1807 ὲν
3521 1753 3696 1823 Νικαίᾳ

2155 1843 2300 1912 φημὶ
2336 1843 2542 1908 πίστιν,
2569 1843 2670 1896 οὐκ
2697 1842 3150 1914 ἀκρωτηριάζων
3191 1842 3325 1897 αὐτὸ
3373 1843 3544 1912 μόνον,
3581 1841 3693 1894 ἀλλὰ

2157 1936 2334 1988 πᾶσαν
2363 1934 2460 1986 καὶ
2488 1933 2672 1986 τέλεον
2701 1932 3244 2004 ἀποσκευαζόμενος,
3275 1935 3368 1988 καὶ
3401 1934 3692 2006 παραδιδοὺς

2153 2023 2284 2090 παρ’
2315 2024 2528 2094 ἐκείνην
2551 2021 2765 2093 ἑτέραν,
2799 2022 2968 2093 μηδὲν
2997 2023 3367 2094 λογισάμενος
3399 2026 3522 2086 τοὺς
3560 2023 3690 2092 τηλι-

2151 2114 2377 2178 κούτους
2421 2115 2738 2186 φωστῆρας,
2778 2114 2900 2168 οὐδὲ
2947 2115 3151 2186 φρίξας
3192 2115 3328 2186 πρὸς
3353 2115 3410 2170 τὸ
3447 2115 3687 2186 τολμηρὸν

2150 2209 2248 2278 τῆς
2277 2208 2644 2278 ἐγχειρήσεως
2671 2222 2684 2236 ·
2721 2207 2908 2277 ἕτερον
2951 2207 3079 2277 γὰρ,
3101 2207 3181 2271 ὡς
3237 2207 3392 2278 ἔφην,
3441 2206 3684 2260 ἐκτίθεται

2153 2296 2409 2362 πίστεως,
2441 2295 2643 2367 μᾶλλον
2666 2297 2723 2350 δὲ
2743 2297 3022 2362 ἀπιστίας,
3051 2295 3321 2367 σύμϐολον
3351 2296 3484 2365 μετά
3503 2297 3594 2366 τὴν
3616 2295 3682 2358 εἰς

2149 2387 2282 2439 Θεὸν
2311 2385 2533 2456 Πατέρα
2575 2385 2672 2439 καὶ
2714 2385 2807 2438 τὸν
2851 2386 3119 2456 μονογενῆ
3168 2385 3292 2438 Υἰδν
3334 2385 3423 2438 καὶ
3457 2383 3514 2436 τὸ
3548 2385 3680 2450 ἅγιον

2149 2477 2373 2546 Πνεῦμα
2402 2478 2606 2542 πίστιν,
2637 2477 2916 2530 πιστεύειν
2939 2476 3158 2548 γράψας
3187 2477 3279 2529 καί
3297 2477 3374 2540 εἰς
3397 2475 3483 2528 τὸν
3504 2473 3680 2544 Κύριον

2160 2566 2368 2638 Ἰησοῦν
2399 2568 2654 2639 Χριστὸν,
2685 2568 2950 2640 τέταρτον
2985 2569 3272 2640 πρόσωπον
3301 2568 3589 2634 ἐπεισάγων
3617 2566 3674 2634 τῇ

2147 2659 2275 2730 ἁγία
2306 2660 2496 2732 Τριάδι
2534 2660 2626 2713 καὶ
2671 2658 3038 2730 καταδιαιρῶν
3091 2661 3170 2723 εἰς
3199 2658 3288 2712 δύο
3323 2659 3571 2725 πρόσωπα
3615 2653 3672 2708 τά

2144 2751 2238 2804 τοῦ
2276 2751 2394 2814 ἑνὸς
2425 2751 2666 2821 Χριστοῦ
2707 2750 2805 2804 καὶ
2834 2750 2972 2804 Θεοῦ
3013 2749 3195 2822 ἡμῶνο
3223 2750 3312 2803 καὶ
3339 2747 3409 2818 τῷ
3424 2749 3517 2817 μὲν
3555 2747 3672 2814 ἀλη-

2145 2842 2277 2912 θινῷ
2324 2841 2440 2912 mp
2467 2842 2536 2896 τὰ
2558 2841 2676 2895 θεῖα
2704 2841 3030 2914 προσνέμων
3051 2841 3136 2894 καὶ
3163 2841 3258 2908 τὴν
3276 2839 3382 2892 ἄνω
3411 2838 3666 2905 γέννησιν,

2141 2932 2219 3004 τῷ
2234 2933 2290 2987 δὲ
2317 2933 2433 3004 ἰδίῳ
2455 2933 2678 3004 Χριστῷ
2700 2934 2768 2987 τὰ
2789 2930 3218 3004 ἀνθρωποπρεπῆ
3236 2928 3324 2981 καὶ
3349 2927 3666 2996 ἀνθρώπινα,

543 3014 685 3068 ΧΙΧ.
737 3016 915 3071 Audet
965 3007 1024 3072 et
1063 3017 1208 3072 aliud
1243 3019 1443 3072 malum
1475 3035 1584 3074 non
1621 3019 1923 3075 secundum
1971 3020 2037 3074 ad

2149 3025 2236 3077 καὶ
2279 3024 2382 3094 πρό
2407 3040 2471 3092 γε
2501 3024 2690 3076 τούτου
2717 3023 2818 3096 τὴν
2845 3023 2903 3078 ἐκ
2923 3017 3472 3108 ΠαρθένουψγέννησινἸ

471 3108 754 3178 superiora
795 3110 1008 3164 :aliam
1076 3110 1224 3164 enim
1275 3111 1489 3166 Missam
1552 3112 1792 3167 effutivit
1841 3121 2040 3182 praeter

471 3201 620 3254 illam
664 3215 785 3270 quas
833 3216 862 3255 a
896 3201 1155 3256 Patribus
1187 3202 1385 3256 tradita
1419 3212 1502 3258 est
1529 3203 1812 3268 Ecclesiis,
1865 3221 2044 3274 neque

469 3293 742 3348 reveritus
777 3293 922 3348 illam
951 3294 1320 3364 apostolorum
1347 3337 1361 3360 ,
1394 3311 1496 3350 nec
1535 3296 1682 3350 illam
1732 3297 1908 3368 magni
1944 3297 2043 3352 Ba-

469 3380 579 3435 silii
622 3382 676 3436 in
719 3383 910 3437 eodem
947 3380 1154 3452 Spiritu
1191 3385 1554 3455 conscriptam
1593 3402 1606 3438 :
1655 3385 1708 3438 in
1738 3401 1844 3454 qua
1885 3385 2044 3442 Missa

473 3471 846 3542 blasphemiis,
880 3490 988 3528 non
1013 3475 1422 3544 precationibus
1444 3475 1541 3546 τὴν
1561 3476 1814 3546 Τελετὴν,
1851 3477 1903 3530 id
1935 3485 2040 3541 est,

470 3563 787 3634 mysterium
813 3565 1194 3632 Eueltaristiae,
1221 3566 1463 3636 cpplevit
1491 3584 1504 3620 :
1535 3583 1604 3622 an
1640 3576 1700 3621 ut
1727 3567 1868 3622 alius
1893 3566 2044 3621 Anti-

471 3657 537 3710 ch
547 3655 710 3711 ristus
727 3656 906 3710 adhuc
920 3667 1284 3728 exspectetur,
1303 3674 1399 3728 par
1420 3668 1524 3723 est,
1544 3660 1636 3729 qui
1663 3659 2040 3714 sietihristum

471 3747 670 3808 oderit,
721 3757 776 3803 et
801 3764 922 3819 quae
945 3748 1148 3804 Christi
1180 3759 1329 3812 sunt,
1385 3759 1596 3806 mutare
1627 3751 1874 3806 nitatur?
1922 3753 2040 3808 Non

469 3843 723 3912 equidem
756 3851 906 3911 puto.
945 3842 1108 3904 Satis,
1150 3842 1392 3911 inquam,
1429 3853 1512 3898 est
1542 3844 1653 3911 hic,
1687 3853 1744 3898 ut
1770 3845 1823 3899 in
1859 3845 2040 3900 omni-

471 3937 574 3989 bus
601 3934 721 3990 loco
754 3942 809 3987 et
845 3935 964 3988 vice
993 3935 1138 3990 illius
1163 3935 1251 3995 sit,

539 4215 657 4270 XX.
720 4214 861 4270 Audi
907 4221 1167 4285 prteterea
1219 4221 1276 4268 et
1321 4212 1426 4268 alia
1456 4215 1596 4284 ejus,
1653 4229 1774 4284 quae
1834 4214 2038 4269 bonum

467 4315 586 4361 erat
641 4315 698 4360 et
729 4307 962 4360 maxime
993 4306 1296 4376 optandum
1322 4306 1488 4361 etiam
1531 4321 1640 4360 non
1692 4305 1906 4360 audire.
1942 4306 2038 4361 Ju-

2225 3113 2328 3168 18'.
2357 3114 2543 3184 Τολμᾷ
2574 3115 2668 3168 καὶ
2711 3113 2888 3186 ἕτερον
2938 3110 3104 3164 κακὸν
3152 3107 3257 3162 τῶν
3297 3102 3577 3176 εἰρημένων
3597 3101 3654 3154 οὐ

2151 3205 2423 3276 δεύτερον.
2476 3203 2786 3276 Ἀναφοράν
2839 3203 2944 3276 γὰρ
2988 3199 3251 3272 metata
3301 3197 3476 3265 ἑτέραν
3521 3191 3662 3266 παρά

2150 3298 2250 3368 τὴν
2269 3297 2542 3366 πατρόθεν
2561 3300 2681 3362 ταῖς
2697 3295 3043 3366 Ἐκκλησίαις
3072 3288 3508 3361 παραδεδομένην,
3540 3286 3667 3356 μήτε

2149 3388 2250 3458 τὴν
2279 3387 2386 3440 τῶν
2426 3387 2744 3442 ἀποστόλων
2780 3385 3068 3451 αἰδεσθεὶς,
3099 3385 3232 3454 μήτε
3266 3381 3318 3434 δὲ
3349 3379 3438 3450 τὴν
3466 3376 3552 3430 τοῦ
3581 3391 3668 3446 με·

2150 3477 2316 3546 γάλου
2346 3476 2631 3530 Βασιλείου
2670 3477 2729 3530 ὲν
2761 3475 2838 3546 τῷ
2861 3473 3014 3544 αὐτῷ
3057 3471 3319 3540 Πνεύματι
3363 3462 3666 3535 συγγραφεῖ·

2152 3587 2278 3640 σαν,
2322 3571 2481 3640 λόγου
2541 3569 2686 3634 τινὸς
2740 3568 2942 3640 κρίνων
2999 3565 3189 3630 ἀξίαν·
3241 3561 3294 3613 ἐν
3423 3553 3668 3624 Ἀναφορᾷ

2151 3661 2508 3732 βλασφημιῶν
2543 3662 2622 3732 (οὐ
2646 3662 2755 3730 γὰρ
2781 3659 2980 3728 εὐχῶν)
3014 3655 3242 3724 Τελετὴν
3271 3649 3664 3719 ἀπεπλήρωσεν

2149 3749 2238 3824 ἄρ’
2262 3749 2354 3807 οὖν
2406 3753 2490 3816 τίς
2542 3753 2730 3824 ἕτερος
2765 3751 3154 3822 ’Ᾱντίχριστος,
3185 3742 3561 3818 προσδοκᾶσθαι
3600 3737 3666 3790 ἔτι

2147 3845 2298 3913 ἄξιος
2321 3846 2428 3918 εἴη,
2458 3845 2600 3899 οὕτω
2627 3845 2698 3899 τὰ
2719 3843 2812 3898 τοῦ
2845 3841 3084 3912 Χριστοῦ
3118 3839 3284 3911 μισῶν
3316 3853 3373 3890 τε
3401 3835 3488 3888 καὶ
3518 3848 3669 3901 παρα-

2149 3940 2317 3992 κινεῖν
2363 3937 2735 4008 πειρώμενος;
2784 3932 2926 4002 Ἐγὼ
2968 3933 3070 4003 μὲν
3120 3933 3220 3986 οὐκ
3257 3925 3422 4000 οἴμαι.
3463 3923 3666 3993 ’Δπόχρη

2149 4028 2280 4100 γὰρ,
2311 4027 2472 4099 φημὶ,
2507 4026 2602 4080 καὶ
2636 4019 2813 4090 οὗτος,
2832 4027 2889 4078 έν
2923 4024 3096 4079 ἅπασι
3116 4023 3208 4078 τδν
3235 4021 3436 4076 ἐκείνου
3457 4018 3670 4082 ἀποπλη-

2150 4120 2322 4192 ρῶσαι
2350 4119 2512 4172 τόπον
2539 4118 2634 4170 καὶ
2673 4117 2876 4188 τρόπον

2215 4207 2302 4264 K‘.
2329 4210 2527 4262 Ἀκουε
2549 4207 2606 4262 δὲ
2639 4207 2806 4262 αὐτοῦ
2836 4208 2931 4261 καὶ
2959 4206 3029 4261 τά
3053 4206 3244 4280 ἕτερα,
3277 4199 3351 4261 ὧν
3378 4204 3508 4276 μήτε
3530 4195 3670 4254 ἀκοῦ-

2150 4317 2240 4353 σαι
2271 4299 2436 4354 καλόν
2465 4315 2526 4352 τε
2563 4299 2656 4352 καὶ
2685 4298 3074 4352 εὐκταιότατον
3115 4293 3209 4371 ἦν.
3253 4296 3362 4367 Τὴν
3393 4293 3562 4365 κρίσιν
3592 4283 3669 4340 τοῦ

467 4396 671 4450 dicium
693 4397 788 4452 Dci
823 4396 878 4450 in
903 4396 1160 4452 omnibus
1195 4397 1398 4451 sanctis
1431 4395 1732 4466 Scripturis
1759 4396 1905 4451 clara
1937 4411 2034 4450 vo-

2149 4391 2297 4456 Βεοῦ,
2333 4389 2432 4462 τὴν
2487 4391 2545 4443 ὲν
2603 4391 2807 4452 πάσαις
2858 4391 2977 4452 ταῖς
3044 4390 3236 4458 ἁγίαις
3285 4381 3672 4452 διαϐεϐοημένην

467 4503 530 4543 ce
559 4488 964 4553 denuntiatum,
1004 4487 1149 4558 quod
1179 4503 1280 4542 nec
1315 4488 1382 4542 iis
1413 4488 1507 4558 qui
1536 4503 1566 4542 a
1597 4487 2036 4544 Christianorum

468 4579 952 4651 religione-procul
997 4579 1220 4644 absunt,
1269 4580 1472 4634 mansit
1517 4579 1848 4645 inauditum,
1888 4579 2036 4649 quod

464 4670 979 4725 esttirmamentum
1027 4669 1310 4732 stantium,
1359 4678 1416 4724 et
1468 4671 1745 4739 lapsorum
1801 4669 2032 4734 erectio,

463 4770 519 4816 et
556 4761 899 4831 peccantium
947 4759 1240 4824 medicina,
1284 4767 1338 4814 et
1386 4759 1590 4815 diaboli
1643 4759 1842 4830 dignus
1866 4758 2029 4826 ﬁnis;

464 4851 612 4920 quod
641 4867 818 4921 neque
845 4851 1096 4906 diabolus
1117 4859 1174 4905 et
1199 4850 1473 4906 darmones
1502 4865 1700 4922 negare
1731 4853 1848 4910 ausi
1881 4859 2028 4914 sunt,

465 4959 590 4996 cum
616 4944 883 4998 Salvatori
908 4943 1211 5000 dixerunt:
1244 4943 1382 5008 Quid
1405 4946 1551 5000 nobis
1583 4954 1633 4998 et
1667 4946 1916 5012 libi,Jesu
1938 4947 2040 5002 Fili

465 5033 602 5086 Dei?
620 5033 803 5087 venisti
829 5044 952 5086 ante
985 5041 1186 5105 (corpus
1220 5043 1465 5106 torquere
1499 5052 1592 5089 nos
1612 5037 1690 5101 1"5;
1756 5036 1862 5090 hoc
1887 5037 2039 5107 judi-

466 5124 634 5187 cium,
670 5134 725 5180 et
751 5125 1076 5196 gehennam,
1105 5135 1162 5181 et
1197 5128 1470 5190 tenebras,
1503 5136 1558 5181 et
1581 5127 1871 5182 stridorem
1898 5129 2033 5183 den-

467 5216 624 5279 tium,
685 5225 742 5272 ct
790 5217 895 5270 alia
935 5231 1274 5288 quaecunque
1314 5217 1498 5288 impiis
1547 5225 1602 5272 et
1652 5219 2034 5286 peccatoribus

341 5314 380 5382 gf.
467 5304 750 5376 Scriptura
775 5314 960 5360 sancta
993 5306 1252 5370 minatur,
1285 5307 1426 5362 ridet
1451 5306 1637 5369 miser,
1680 5321 1780 5360 nec
1809 5306 1922 5376 ipse
1946 5309 2036 5377 ju-

465 5389 671 5447 dicium
695 5401 1037 5462 exspectans,
1059 5404 1115 5450 et
1138 5395 1277 5462 aliis,
1299 5411 1366 5451 ne
1383 5401 1649 5461 metuant,
1670 5393 1868 5466 jubens
1894 5411 2034 5467 qum,

537 5524 582 5560 ⁸⁵
605 5525 798 5587 Matth.
827 5543 939 5596 vm,
967 5527 1056 5585 29.

2142 4484 2405 4553 Γραφαίς,
2435 4475 2504 4554 ἧς
2535 4479 2647 4534 οὐδ’
2674 4481 2724 4533 οἰ
2753 4480 2975 4552 μακρὰν
3008 4481 3108 4551 τῆς
3145 4477 3482 4551 Χριστιανῶν
3518 4474 3672 4528 θεοσο·

2143 4575 2268 4641 φίας
2312 4573 2672 4644 ἀπεριήχητοι
2709 4573 3111 4642 μεμενήκασιν,
3146 4571 3244 4643 τὴν
3279 4571 3442 4642 μόνην
3475 4559 3675 4622 καὶτῶν

2141 4663 2395 4718 ἑστώτων
2440 4665 2671 4736 ἵδρυσιν,
2703 4663 2800 4716 καὶ
2841 4663 2952 4716 τῶν
2975 4665 3354 4718 πεπτωκότων
3388 4657 3672 4729 ἀνόρθωσιν,

2138 4756 2247 4810 τῶν
2298 4774 2360 4810 τε
2390 4755 2799 4827 ἡμαρτηκότων
2847 4754 3168 4825 φάρμακον,
3205 4751 3421 4808 καὶτοῦ
3461 4744 3674 4804 διαϐόλου

2138 4849 2287 4914 ἀξιον
2339 4849 2513 4914 τέλος,
2548 4849 2618 4920 ἣν
2677 4847 2802 4903 οὐδὲ
2853 4850 2882 4902 ό
2938 4848 3191 4913 διάϐολος
3233 4848 3330 4902 καὶ
3364 4847 3413 4900 oi
3457 4841 3676 4910 δαίμονες

2134 4940 2478 5011 ἀρνήσασθαι
2535 4939 2858 5010 ὑπέμειναν,
2916 4940 3179 5008 λέγοντες
3234 4938 3314 5009 τῷ
3373 4927 3676 5005 Σωτῆρι·τί

2137 5032 2282 5100 ἡμῖν
2331 5033 2428 5086 καὶ
2476 5032 2596 5097 σο),
2616 5033 2824 5101 Ἰησοῦ
2859 5031 2956 5087 ΥΙέ
3004 5031 3111 5087 τοῦ
3166 5031 3360 5094 Θεοῦ;
3389 5026 3561 5100 ἦλθες
3583 5019 3676 5090 «πρὸ

2136 5125 2343 5193 καιροῦ
2361 5124 2701 5188 βασανίσαι
2723 5123 2883 5194 ἡμᾶς
2900 5144 2914 5156 ’
2945 5127 3046 5195 τήν
3061 5141 3120 5178 τε
3139 5128 3366 5194 γέενναν
3387 5117 3552 5176 καὶτὸ
3574 5111 3674 5166 σκό-

2138 5233 2248 5278 τος.
2282 5217 2374 5269 καὶ
2401 5215 2490 5270 τὸν
2524 5215 2770 5288 βρυγμὸν
2795 5217 2903 5270 τῶν
2937 5217 3192 5280 ὀδόντων,
3235 5215 3330 5269 καὶ
3353 5213 3417 5267 τά
3448 5209 3573 5266 ἄλλα
3597 5205 3676 5257 ὅσα

2134 5305 2424 5378 ὴπείληται
2452 5311 2564 5372 τοῖς
2594 5307 2818 5363 ἀσεϐέσι
2852 5307 2950 5362 καὶ
2979 5307 3361 5379 ἁμαρτωλοῖς,
3395 5301 3521 5374 γελᾷ
3544 5293 3676 5352 66s!-

2136 5397 2318 5462 λαιος·
2357 5396 2468 5452 οὐτ’
2498 5400 2660 5467 αὐτὸς
2687 5400 2860 5473 αὐτὴν
2884 5399 3227 5472 προσδοκῶν,
3264 5399 3359 5454 καὶ
3384 5398 3493 5459 τοῖς
3522 5388 3673 5448 ἄλλοις
