3954 6148
335 251 471 318 1369

1291 259 1456 318 ADV.
1499 257 2204 319 INCORRUPTICOLAS
2243 257 2336 319 ET
2375 257 2692 331 NESTOR.

3450 257 3588 326 1370

330 368 758 444 Βγκελευόμενος
812 369 886 441 μὴ
941 368 1168 423 δεδιέναι
1217 369 1403 439 φόϐον,
1463 369 1542 433 ὡς
1589 369 1750 434 αὐτὸς
1801 369 1897 440 μὲν

2008 378 2062 427 ut
2095 373 2212 442 ipse
2242 381 2416 443 putat,
2457 371 2836 428 tantummodo
2888 371 3064 428 minas
3093 371 3316 428 habent.
3339 372 3432 428 Va:
3469 379 3582 430 vae!

329 465 502 520 οἴεται
554 461 786 532 ἀπειλὴν
831 460 993 532 μόνον
1047 461 1264 532 ἔχοντα.
1316 461 1403 526 Δΐ,
1443 463 1539 518 atii
1579 464 1614 534 ἡ
1664 465 1830 534 πεῖρα
1862 459 1914 516 δ’

331 556 494 608 αὐτὸν
519 554 724 617 πείσει,
753 552 945 623 ἐπειδὴ
966 552 1163 624 ἀπειλὴ
1191 553 1265 624 μὴ
1289 553 1593 623 πεφόϐηκε,
1617 556 1712 608 καὶ
1735 555 1912 608 ταῦτα

330 651 516 720 γραφῇ
549 645 886 717 παραδοῦναι
918 646 948 698 ό
979 645 1183 716 ἀσεϐὴς
1215 646 1308 698 καὶ
1339 645 1512 708 ὅντως
1543 647 1746 715 ἄφοϐος
1768 686 1783 711 ,
1814 648 1912 700 καὶ

330 739 499 802 ὅντως
529 737 848 806 καταγελῶν
873 735 1102 808 σεισμοῦ
1126 737 1424 809 πυρφόρον,
1449 731 1521 806 οἷ’)⁸
1541 738 1912 810 ἀντανῄρηται

331 830 473 884 κατὰ
491 830 584 884 τὸν
599 829 843 885 διάϐολον
855 827 1028 901 τὰκρί
1034 847 1177 902 ματα
1189 831 1282 884 τοῦ
1298 831 1434 885 Θεοῦ
1452 832 1560 886 ἀπὸ
1583 831 1904 903 προσώπου.

399 946 533 998 KA'.
569 943 672 999 Διὰ
715 943 888 1000 ταῦτά
935 963 994 1000 σε
1034 947 1346 1014 ἀγαπῶσιν,
1377 942 1421 1002 ὧ
1447 947 1669 1015 δείλαιε,
1705 952 1754 1004 oi
1805 949 1908 1019 τῆς

330 1037 501 1108 αὐτῆς
539 1038 624 1091 σοὶ
666 1038 920 1110 μερίδος·
955 1038 1114 1094 τοῦτο
1166 1041 1353 1106 αὐτοῖς
1401 1042 1494 1095 τοῦ
1539 1042 1688 1096 θείου
1737 1043 1905 1112 φόϐου

328 1131 775 1202 ἀνταναιρετικὺν
797 1131 1114 1202 φάρμακον,
1133 1135 1334 1204 πικρὸν
1353 1135 1522 1200 ὅντως
1545 1138 1638 1190 καὶ
1654 1137 1907 1208 δακρύων

326 1223 476 1288 ἄξιον
527 1225 963 1296 συγκεκέρακας.
998 1225 1151 1297 Αὕτη
1205 1229 1236 1295 ἡ
1290 1229 1560 1298 Εὖνομίου
1613 1231 1902 1284 δυσσέϐεια

325 1316 394 1388 ἢν
427 1315 730 1386 ὲζήλωσας,
769 1317 897 1388 περὶ
925 1311 986 1372 οὗ
1021 1319 1087 1372 τὰ
1132 1319 1408 1389 λεγόμενα
1440 1315 1508 1392 ἦν
1535 1322 1768 1384 ἄπιστα,
1797 1321 1901 1384 ἓως

330 1411 430 1479 (ὡς
459 1411 535 1482 μὴ
589 1410 813 1466 πώποτε
841 1411 1040 1483 ὢφελε)
1067 1417 1190 1479 ταῖς
1225 1417 1346 1479 σαῖς
1377 1415 1576 1485 βίϐλοις
1605 1415 1778 1468 ταῦτα
1814 1417 1900 1468 ὲν-

325 1502 496 1572 ετάγη
521 1520 535 1534 ⁸
555 1504 648 1558 καὶ
677 1504 768 1558 τὸν
799 1505 1026 1559 εἰπόντα
1059 1501 1557 1575 Εὐνόμιονδιδόναι
1583 1508 1750 1560 τόπον
1783 1507 1900 1568 τοῖς

323 1588 550 1655 πάθεσι,
612 1591 841 1662 καὶμὴ
899 1593 1160 1665 παρέχειν
1203 1594 1282 1666 τῷ
1348 1595 1426 1667 νῷ
1497 1596 1895 1667 πράγματα,ὴ

325 1681 393 1752 σὴ
417 1681 737 1738 διδασκαλία
769 1685 1224 1757 ὑπερηκόντισεν.

391 1799 522 1852 ΚΒ’.
559 1799 661 1863 Σδς
715 1801 968 1872 μαθητὴς
1023 1803 1356 1874 Βαρσουμᾶς
1412 1807 1472 1870 ὃς
1523 1809 1621 1880 τὴν
1673 1811 1898 1880 Περσῶν

321 1892 696 1963 ἑκδεδεῄτηκε,
727 1897 842 1958 τοῖς
875 1913 933 1948 τε
964 1896 1198 1966 δόγμασι
1229 1898 1328 1968 τῆς
1359 1899 1676 1972 ἀθεότητος,
1711 1903 1807 1955 καὶ
1829 1905 1894 1974 τῇ

319 1983 413 2037 τοῦ
460 1983 576 2054 βίου
604 1985 916 2056 ἀδιαφορία,
949 1986 1340 2057 νομοθετήσας,
1393 1990 1528 2058 μηδὲ
1561 1991 1669 2045 τῶν
1694 1996 1898 2064 ἱεραρ-

319 2075 606 2147 χουμένων
652 2075 798 2140 τινὰ,
831 2077 906 2148 μὴ
953 2077 1035 2130 ὅτι
1093 2077 1318 2143 λαῖκδν,
1354 2080 1654 2150 ἀπέχεσθαι
1707 2083 1898 2152 κοίτης

317 2166 560 2240 ἀθέσμου
593 2167 686 2219 καὶ
717 2165 1079 2236 πολυγαμιῶν
1107 2185 1120 2197 ·
1153 2170 1252 2234 τὰς
1294 2171 1403 2242 γὰρ
1434 2172 1603 2242 μέθας
1635 2173 1732 2226 καὶ
1768 2175 1896 2239 τοὺς

248 2274 250 2277 ·
319 2258 562 2330 κώμους.
598 2258 746 2330 δῶρα
774 2258 916 2316 εἶναι
946 2261 1301 2332 ὑπελάμϐανε
1331 2264 1488 2320 Θεοῦ.

382 2465 510 2520 Kl".
541 2464 655 2530 Τὰς
704 2467 805 2530 σὰς
862 2467 1266 2535 μεταϐαλόντες
1321 2469 1626 2535 συντάξεις,
1655 2469 1736 2532 εἰς
1787 2469 1888 2540 τὴν

313 2558 599 2613 Χαλδαίων
625 2575 686 2612 τε
717 2559 812 2612 καὶ
853 2560 909 2614 ’Δ
921 2559 1160 2629 ρμενίων
1186 2557 1264 2630 (p)
1292 2559 1478 2630 φωνὴν
1499 2562 1592 2612 καὶ
1611 2560 1887 2628 γλῶσσαν,

311 2649 363 2708 οἱ
405 2649 504 2717 τῆς
558 2649 726 2720 αὐτῆς
783 2650 866 2704 σοὶ
915 2649 1152 2721 φατρίας
1211 2651 1310 2720 τῆς
1349 2651 1560 2721 Ἀρείου
1611 2651 1887 2716 ἀσεϐείας,

311 2739 623 2812 ἀθεωτέραν
652 2743 766 2804 τοῖς
794 2741 972 2796 ἔθνεσι
1016 2741 1254 2812 παραδεδ
1276 2743 1286 2784 Γ
1304 2760 1468 2797 κασιν
1506 2743 1721 2814 αἵρεσιν
1747 2760 1760 2774 ο
1793 2743 1890 2796 καὶ

310 2833 421 2904 γὰρ
476 2831 636 2887 τοῦτο
685 2832 926 2904 ζηλῶσαι
975 2833 1378 2888 ἐσπουδάκασιν
1425 2835 1476 2888 οἱ
1517 2833 1628 2886 τῶν
1674 2834 1888 2904 Ἀρείου

309 2925 536 2982 θιάσων·
563 2925 706 2998 πλὴν
724 2927 846 2981 ὅσον
875 2927 924 2979 οἱ
955 2925 1054 2996 μὲν
1077 2927 1205 2989 τοὺς
1227 2925 1515 2995 ἑσπερίους
1543 2925 1885 2996 βαρϐάρους,

308 3020 360 3076 oi
405 3021 462 3077 δὲ
519 3021 648 3084 τοὺς
694 3017 885 3090 ἐῴους,
928 3019 1011 3083 είς
1057 3017 1157 3090 τὴν
1193 3017 1330 3070 ἰδίαν
1355 3017 1590 3080 ἕκαστος
1627 3017 1887 3072 ἀσέϐειαν

309 3101 720 3184 προσηγάγετο.

377 3225 506 3279 KA'.
543 3222 735 3295 Μικρά
774 3239 857 3275 σοι
887 3222 1100 3276 ταῦτα’
1135 3220 1199 3274 σὺ
1235 3219 1292 3273 δέ
1338 3237 1429 3291 μοι
1461 3218 1746 3290 προστίθει
1790 3218 1886 3272 καὶ

305 3317 408 3387 τὴν
457 3314 850 3387 πεπλασμένην
881 3313 1054 3384 ’Δόὰμ
1101 3315 1438 3385 παράϐασιν,
1466 3316 1532 3387 ἢν
1588 3313 1694 3368 ὑπὸ
1747 3312 1884 3367 Θεοῦ

306 3405 488 3461 λαϐὼν
517 3406 740 3474 ἔπαθεν,
766 3408 852 3462 ἵνα
879 3407 1106 3479 γένηται
1142 3407 1346 3479 κόσμος
1377 3407 1524 3478 αὐτῷ
1547 3407 1885 3478 εὐπροφάσι-

2024 463 2120 521 sed
2145 465 2398 519 suadebit
2423 463 2473 520 ei
2504 462 2865 533 experientia,
2887 463 3015 534 quia
3039 464 3216 520 minas
3244 480 3352 519 non
3383 465 3584 531 timuit,

2013 564 2068 610 et
2105 555 2222 610 haec
2247 555 2447 610 litteris
2485 555 2746 610 mandare
2785 570 2892 609 non
2923 563 3008 610 est
3037 557 3248 612 veritus
3275 556 3496 626 impius,
3531 563 3588 612 et

2011 661 2140 701 vere
2181 663 2209 700 a
2249 654 2399 700 metu
2429 660 2657 708 vacuus,
2703 652 2761 700 et
2791 660 2922 700 vere
2962 653 3123 700 terra:
3153 655 3360 700 motum
3393 645 3588 716 ignife—

2009 755 2132 795 rum
2165 739 2426 803 irridens,
2454 753 2485 792 a
2511 739 2670 810 cujus
2696 738 2837 795 facie
2866 738 3003 795 sicut
3032 739 3090 794 in
3117 739 3338 795 diabolo
3369 740 3584 795 sublata

2007 836 2138 884 sunt
2160 829 2369 900 judicia
2393 828 2510 884 Dei.

2076 943 2218 998 XXI.
2249 945 2484 1014 Propter
2525 943 2643 998 base
2685 952 2738 1000 te
2789 943 3020 1015 diligunt
3051 944 3276 1010 ,miser,
3315 945 3410 1015 qui
3453 951 3583 1000 sunt

2006 1043 2116 1090 tua:
2145 1043 2343 1091 sectae:
2371 1034 2477 1088 hoc
2505 1043 2560 1089 tu
2600 1034 2711 1088 illis
2753 1033 3107 1103 pharmacum
3137 1034 3205 1088 ad
3229 1034 3580 1089 eximendum

2009 1128 2260 1182 timorem
2285 1127 2384 1181 Dei
2409 1124 2712 1190 confecisti,
2741 1141 2872 1180 rere
2901 1141 3145 1180 amarum
3175 1137 3231 1180 et
3281 1127 3581 1197 lugendum

2005 1219 2384 1290 pharmacum.
2445 1219 2570 1274 Haec
2617 1218 2721 1274 fuit
2763 1219 3019 1273 Eunomii
3079 1219 3353 1288 impietas,
3416 1235 3580 1290 quam

2005 1311 2250 1368 imitatus
2287 1327 2365 1375 es,
2399 1311 2468 1366 de
2515 1327 2626 1382 quo
2662 1327 2783 1382 quae
2824 1311 3174 1374 dicebantur,
3231 1311 3580 1366 incredibilia

2002 1415 2181 1468 erant.
2208 1408 2383 1462 donec
2418 1405 2646 1476 (utinam
2689 1406 2991 1475 nunquam)
3059 1405 3176 1460 haec
3207 1405 3262 1460 in
3287 1403 3443 1458 libris
3471 1404 3582 1459 tuis

2001 1501 2180 1572 posita
2215 1508 2363 1555 sunt.
2401 1500 2469 1554 Et
2508 1497 2860 1562 Eunomium,
2919 1495 3012 1565 qui
3041 1495 3395 1566 prmcipiebat
3448 1493 3580 1550 dare

2001 1595 2180 1650 locum
2208 1592 2572 1664 passionibus,
2596 1598 2652 1646 et
2670 1607 2781 1645 non
2801 1589 3064 1645 exhibere
3082 1589 3362 1644 molestias
3383 1576 3576 1654 menti,

1925 1711 1970 1766 Β
2001 1686 2250 1743 doctrina
2283 1694 2374 1740 tua
2406 1683 2704 1754 superavit.

2070 1800 2236 1855 XXII.
2275 1799 2426 1852 Tuus
2457 1797 2760 1868 discipulus
2784 1796 2888 1851 fuit
2916 1796 3226 1858 Barsumas,
3265 1795 3359 1866 qui
3389 1795 3576 1851 Persi-

1998 1895 2122 1949 dem
2166 1907 2329 1962 prave
2353 1889 2679 1963 gubernavit
2727 1889 3074 1958 dogmatibus
3129 1887 3238 1942 tuis
3283 1886 3482 1957 impiis,
3517 1893 3575 1942 et

1971 1986 2210 2040 .snblata
2235 1982 2544 2038 diﬂereutia
2566 1982 2618 2036 in
2641 1982 2752 2036 vita
2783 1979 3065 2051 degenda;
3097 1981 3190 2050 qui
3221 1981 3394 2051 legem
3425 1979 3571 2045 tulit,

1995 2083 2056 2129 ut
2080 2075 2264 2128 nullus
2290 2089 2356 2128 ex
2396 2073 2565 2136 clem,
2599 2085 2780 2140 neque
2816 2071 3008 2134 laicus,
3035 2070 3338 2125 abstineret
3369 2085 3398 2122 a
3429 2070 3572 2124 lecto

1993 2181 2104 2220 non
2153 2164 2415 2236 legitimo,
2475 2177 2656 2232 neque
2703 2177 2734 2216 a
2786 2159 3129 2231 polygamiis,
3160 2159 3212 2214 id
3255 2167 3360 2225 est,
3383 2160 3574 2215 multis

1993 2257 2298 2328 conjugiis;
2328 2255 2626 2311 ebrietates
2669 2253 2816 2308 enim
2870 2261 2928 2308 et
2968 2251 3395 2307 comessationes
3426 2251 3570 2307 dona

1993 2350 2091 2405 Dei
2116 2364 2236 2404 esse
2261 2347 2627 2403 existimabat.

2061 2461 2253 2517 XXIII.
2291 2461 2489 2516 Libros
2511 2469 2636 2516 tuos
2667 2459 2702 2514 ii
2733 2459 2826 2530 qui
2857 2467 2961 2514 tum
2986 2471 3148 2514 secta:
3177 2468 3325 2523 sunt,
3372 2458 3425 2512 in
3451 2473 3569 2513 ser-

1993 2570 2212 2610 monem
2246 2553 2602 2610 Chaldaicum
2652 2561 2708 2608 et
2735 2551 3088 2606 Armeuieum
3118 2557 3434 2614 verterunt;
3471 2547 3570 2619 qui

1993 2645 2243 2701 haeresim
2277 2642 2472 2700 haaresi
2497 2643 2697 2698 Ariana
2727 2643 2966 2712 pejorem
3018 2657 3080 2696 ac
3123 2639 3297 2711 magis
3345 2639 3569 2710 impiam

1991 2735 2248 2807 gentibus
2275 2732 2633 2788 tradiderunt.
2674 2730 2958 2800 Siquidem
2981 2730 3086 2784 hoc
3109 2729 3310 2784 imitari
3343 2729 3570 2784 studue-

1990 2837 2120 2881 runt
2153 2824 2364 2890 Ariani,
2413 2823 2521 2878 nisi
2551 2821 2698 2893 quod
2729 2821 2786 2875 hi
2819 2821 3087 2875 barbaros
3109 2817 3444 2880 Occidentis,
3484 2817 3564 2870 illi

1989 2925 2181 2987 gentes
2208 2915 2469 2980 Orientis,
2517 2913 2736 2983 utrique
2769 2911 2838 2966 ad
2887 2927 3042 2967 suam
3092 2909 3428 2981 impietatem
3472 2907 3570 2962 ad-

1990 3008 2288 3062 duxerunt.

2057 3227 2246 3284 XXIV.
2297 3227 2470 3281 Parva
2509 3224 2646 3278 hmo.
2693 3222 2777 3277 Tu
2821 3235 2954 3276 vero
2993 3218 3134 3274 adde
3179 3217 3336 3278 mihi,
3377 3214 3563 3269 fictum

1987 3335 2107 3376 esse
2136 3325 2421 3387 peccatum
2446 3313 2594 3377 Adm,
2621 3311 2787 3382 idque
2809 3312 2922 3366 Deo
2943 3319 3188 3372 auctore,
3217 3304 3562 3376 utjudicinm

1985 3408 2392 3479 iniquissimum
2422 3407 2478 3460 in
2501 3403 2670 3460 Adam
2703 3405 2795 3474 qui
2843 3417 2954 3456 non
3002 3406 3304 3471 peccasset,
3338 3395 3433 3450 sed
3468 3411 3566 3466 per

310 3516 435 3552 στον
460 3497 637 3570 ἀρχὴν
665 3498 828 3570 ἔχων,
867 3501 968 3571 τὴν
995 3499 1090 3553 τοῦ
1121 3500 1196 3571 μὴ
1218 3499 1604 3572 ἡμαρτηκότος
1633 3499 1752 3570 μὲν,
1793 3517 1884 3552 σε-

2008 3502 2315 3558 :alumuiam
2360 3499 2650 3555 damnatus
2675 3495 2888 3559 fuisset,
2922 3491 3259 3548 etexsilium
3284 3489 3333 3544 ei
3372 3487 3564 3542 decre-

307 3592 792 3664 συκοφαντημένου
835 3592 914 3659 δὲ,
973 3593 1318 3664 άδικωτάτην
1351 3595 1444 3646 καὶ
1477 3593 1633 3663 δίκην
1667 3593 1758 3646 καὶ
1794 3591 1882 3658 ἐξ·

2009 3611 2124 3658 um,
2174 3595 2323 3666 justa
2366 3600 2422 3648 et
2459 3587 2760 3661 probabilis
2807 3600 2972 3641 eausa
3027 3579 3338 3637 redimendi
3395 3595 3561 3632 mun-

301 3688 482 3759 ορίαν.
507 3688 582 3742 Οὐ
598 3687 706 3760 γὰρ
719 3687 925 3757 ταύτης
941 3705 1024 3740 σοι
1043 3687 1230 3741 ἕνεκεν
1250 3687 1350 3758 τῆς
1369 3686 1478 3740 τῶν
1497 3685 1684 3740 κακῶν
1703 3685 1877 3756 ῥίζης,

2008 3689 2111 3744 lum
2146 3686 2358 3742 fierent.
2391 3687 2469 3738 An
2492 3698 2600 3738 non
2621 3689 2845 3752 propter
2865 3678 3007 3732 hanc
3027 3674 3264 3729 radicem
3289 3671 3558 3726 malorum

303 3781 516 3851 καὶτῆς
536 3759 735 3848 λοιπῆς
756 3779 899 3836 κατὰ
924 3779 985 3833 τὸ
1013 3779 1143 3850 ἑξῆς
1164 3779 1274 3833 τῶν
1301 3778 1608 3850 ἀνθρώπων
1623 3778 1880 3842 ἀσεϐείας

2008 3795 2037 3839 :t
2066 3783 2291 3852 reliqum
2327 3778 2586 3846 deinceps
2630 3768 2926 3844 impietatis
2971 3764 3256 3821 hominum
3303 3759 3560 3852 Christus

299 3873 396 3928 καὶ
446 3847 714 3945 πονηρίας
761 3875 789 3928 ό
844 3847 1108 3944 Χριστὸς-
1135 3867 1293 3944 ἦλθε,
1344 3847 1418 3926 ’τδ-
1461 3871 1877 3944 πεπλανημένον

2008 3873 2150 3934 'enit,
2188 3847 2249 3925 ut
2305 3867 2478 3923 Adam
2533 3879 2714 3928 ovem,
2765 3877 2796 3916 a
2843 3857 3169 3926 compascuo
3204 3859 3424 3908 centum
3455 3847 3559 3902 ab-

298 3967 570 4038 πρόϐατον
605 3965 698 4020 τὸν
746 3966 940 4038 Ἀδὰμ,
969 3966 1070 4034 τῆς
1115 3965 1224 4018 τῶν
1285 3965 1476 4019 ἑκατὸν
1528 3963 1876 4020 ἀποσπασθὲν

2019 3972 2236 4026 uetam,
2303 3969 2360 4015 et
2407 3959 2752 4014 aberrantem
2809 3961 3068 4022 tanquam
3130 3947 3310 4002 bonus
3370 3950 3559 4012 pastor

298 4059 589 4131 συννομῆς,
608 4059 685 4122 ὡς
709 4058 874 4122 καλὸς
897 4057 1071 4111 σῶσαι
1100 4057 1196 4111 καὶ¹
1225 4057 1552 4128 ἐπιστρέψαι
1577 4057 1779 4127 ποιμήν
1801 4069 1818 4118 ;

2008 4057 2210 4112 alraret
2229 4054 2254 4108 ?

363 4175 495 4228 κε’.
529 4171 796 4242 Πρόσθες,
831 4173 882 4225 εί
921 4170 1124 4242 βούλει,
1149 4169 1246 4225 καὶ
1293 4171 1417 4234 τοὺς
1455 4170 1534 4240 τῷ
1572 4170 1750 4240 σκότῳ
1793 4171 1872 4242 τῷ

2044 4171 2212 4238 XXY.
2249 4167 2436 4228 Adde,
2457 4165 2500 4220 si
2536 4166 2637 4228 vis,
2687 4161 2908 4231 angelos
2953 4173 3062 4212 una
3105 4169 3229 4210 eum
3261 4151 3370 4206 tuis
3400 4157 3554 4204 tene-

297 4263 374 4337 σῷ
435 4262 1046 4336 συνδημιουργηθέντας
1093 4263 1400 4331 ἀγγέλους·
1437 4264 1497 4316 οὐ
1557 4261 1668 4334 γὰρ
1719 4262 1873 4328 ἀξιό-

2014 4265 2091 4320 ris
2127 4272 2378 4319 creatos:
2429 4274 2540 4312 non
2592 4255 2736 4310 enim
2787 4249 3064 4320 fuitame
3115 4255 3168 4302 te
3219 4245 3452 4300 idoneus
3497 4251 3554 4295 et

293 4358 471 4430 χρεὼς
517 4374 598 4411 σοι
639 4357 740 4426 τῆς
779 4355 961 4412 αὐτῶν
989 4356 1210 4426 φύσεως
1241 4354 1515 4426 ἐξηγητὴς
1545 4358 1573 4410 ό
1614 4355 1870 4426 ίεροψάλυ

2009 4355 2302 4412 uctoritate
2339 4350 2540 4420 dignus
2584 4359 2740 4400 sacer
2771 4347 3056 4398 enarrator
3101 4345 3311 4390 natur-.e
3354 4345 3550 4387 eorum

291 4469 393 4524 της
423 4451 558 4523 πρὸς
581 4451 674 4505 τὸν
703 4450 836 4503 Θεὸν
867 4452 926 4504 έν
947 4451 1220 4520 πνεύματι
1252 4451 1348 4520 τὴν
1373 4449 1541 4520 λύραν
1573 4449 1871 4522 ἀνακρουό-

2008 4446 2164 4511 David,
2193 4443 2288 4515 qui
2322 4443 2376 4496 in
2404 4439 2498 4494 Dei
2531 4437 2747 4492 laudem
2781 4433 2980 4488 fidibus
3009 4431 3063 4485 in
3085 4428 3282 4500 spiritu
3307 4427 3363 4480 in
3403 4423 3552 4479 Psal-

295 4561 476 4615 μενος,
519 4545 580 4597 '0
609 4541 796 4598 ποιῶν
817 4537 963 4609 τοὺς
989 4543 1283 4613 ἀγγέλους
1309 4543 1496 4597 αὐτοῦ
1536 4543 1863 4610 πιιοεύματα,

2008 4539 2078 4592 ιίε
2099 4549 2303 4590 canens
2335 4548 2350 4585 :
2383 4529 2484 4596 Qui
2511 4529 2658 4600 facit,
2690 4525 2889 4596 inquit,
2918 4521 3131 4594 angelos
3160 4534 3281 4574 suos
3309 4517 3549 4589 spiritus,

291 4609 391 4688 καὶ
443 4633 586 4700 τοὺς
637 4609 1046 4704 λειτουργοὺς-
1074 4609 1266 4688 αὐτοῦ
1299 4633 1492 4702 πυρός
1541 4609 1760 4702 φλόγα.
1793 4634 1866 4687 Τὸ

2008 4641 2023 4686 t
2061 4629 2328 4684 ministros
2361 4641 2482 4679 suos
2511 4627 2788 4695 ﬂammam
2818 4621 2954 4690 ignis
2973 4617 3038 4672 ³⁷.
3085 4613 3241 4682 Quod
3266 4612 3412 4667 enim
3447 4609 3548 4676 ait,

290 4725 400 4800 γὰρ
429 4724 618 4779 ποιῶν
653 4723 750 4778 τοῦ
779 4700 1076 4788 ἐνεστῶτος
1132 4724 1326 4795 χρόνον
1377 4700 1438 4777 δν
1499 4700 1744 4795 σημεῖον,
1774 4723 1864 4778 τον

2008 4728 2138 4786 rm't,
2184 4717 2470 4791 praesentis
2501 4713 2763 4784 temporis
2785 4720 2890 4775 est,
2923 4708 3068 4780 quod
3109 4703 3330 4778 propria
3368 4700 3576 4772 Seripr

291 4794 710 4886 παρεληλυθότα
749 4813 1014 4884 Γραφικῷ
1065 4794 1314 4884 ἰδιώματι
1343 4814 1515 4885 δηλοῖ,
1545 4794 1620 4878 ὡς
1650 4813 1856 4877 εὐθέως

2008 4831 2108 4870 irae
2156 4819 2358 4869 sancta:
2393 4807 2792 4866 consuetudine
2827 4802 3162 4876 prmteritnm
3214 4806 3432 4868 tempus
3475 4794 3550 4850 si-

289 4924 354 4976 γε
367 4909 592 4977 ἐπάγων
617 4906 884 4970 διδάσκει,
912 4909 946 4960 ό
965 4905 1255 4977 θεμελιῶν
1282 4905 1400 4976 τὴν
1423 4905 1562 4976 γῆν,
1584 4906 1862 4959 τουτέστιν

2008 4905 2210 4966 niﬁcat,
2267 4912 2327 4958 ut
2366 4901 2628 4958 continuo
2663 4899 2846 4962 docet,
2895 4910 3019 4952 cum
3075 4888 3398 4963 subiungit:
3444 4887 3549 4954 Qui

288 5002 318 5054 ό
345 4997 714 5070 θεμελιώσας’
745 4998 871 5054 οὔτε
930 4998 1036 5070 μὴν
1067 5003 1121 5054 αἱ
1171 5000 1329 5053 ἄλλαι
1367 5017 1426 5053 σε
1475 5000 1586 5052 τῶν
1626 4997 1860 5068 Γραφῶν

2008 5000 2159 5054 mdat
2207 4995 2489 5058 terram”,
2526 4994 2579 5048 id
2628 5001 2732 5057 est,
2769 4993 2865 5062 qui
2901 4987 3150 5045 fundavit
3195 5005 3207 5040 :
3257 5000 3434 5056 neque
3492 4993 3546 5039 te

285 5092 715 5162 ἀγγελοφάνειαι
743 5091 1056 5146 καταιδοῢσι
1077 5133 1091 5159 ,
1126 5092 1242 5161 φῶς
1275 5110 1334 5146 τε
1379 5093 1705 5164 φαινόμεναι
1730 5133 1744 5158 ,
1767 5089 1862 5144 καὶ

2008 5095 2230 5152 iuvent,
2275 5101 2400 5140 cum
2449 5083 2585 5140 alias
2633 5083 2689 5138 in
2719 5079 3020 5151 Scripturis
3062 5077 3239 5150 angeli
3282 5085 3541 5146 tanquam

288 5185 388 5239 άστ
398 5185 577 5256 ραπὰς
613 5183 1060 5240 ἁποστίλϐουσαι.

2008 5181 2174 5238 nmina
2203 5187 2596 5252 apparuerunt,
2625 5183 2681 5232 et
2712 5183 2772 5231 ut
2794 5173 3006 5246 fulgura
3039 5171 3328 5242 fulgentes.

361 5359 406 5394 ³⁷
435 5358 578 5416 Psal.
610 5374 722 5428 CIII,
759 5362 810 5419 4.
888 5360 933 5394 ⁸³
965 5361 1100 5417 ibid.
1129 5361 1182 5417 5.

367 5518 544 5588 (p)En
579 5516 1293 5586 antiquum'testimonium,
1318 5516 1595 5586 quomodo
1655 5516 1894 5574 Chaldaei
1935 5525 1988 5572 et
2048 5515 2293 5572 Armenii
2324 5513 2452 5573 facti
2486 5515 2694 5574 fuerint
2745 5516 3008 5583 lueretici,
3054 5509 3316 5570 nimirum
3357 5512 3427 5569 ob
3457 5515 3530 5574 li-

288 5587 415 5646 bros
449 5588 723 5646 Theodori
751 5597 806 5646 et
826 5588 1270 5662 praedicationem
1300 5589 1594 5646 Barsumze.
