3954 6148
383 217 514 284 1371

1654 203 1967 266 LEONTII
2001 197 2372 262 BYZANTIN
2379 196 2409 256 Ι

3526 185 3664 252 1372

453 329 644 388 XXVI.
689 327 845 384 Adde
872 324 1298 382 Manichaeorum
1343 319 1602 376 tenebras
1633 317 1970 374 substantia-

2141 310 2286 378 KCI'.
2325 305 2565 380 Πρόσθες
2588 303 2682 360 καὶ
2708 302 2768 358 τὸ
2791 300 3118 373 Μανιχαίων
3147 299 3414 365 οὐσιῶδες
3438 303 3666 370 σκότος,

383 424 468 480 les
526 422 734 494 primas
790 429 916 474 ante
978 416 1251 472 visibilem
1299 421 1656 479 creaturam,
1702 418 1798 465 aut
1857 423 1969 462 non

2099 405 2288 477 ιρῶτόν
2325 419 2406 455 σοι
2437 399 2535 470 τῆς
2561 396 2764 468 ὁρατῆς
2798 394 3054 458 κτίσεως,
3083 391 3118 463 ἢ
3159 393 3449 464 ἀγενήτως
3514 413 3667 466 περ.

351 486 602 569 -ercatas
651 515 920 566 minutam
975 505 1388 562 subsistentiam
1434 502 1731 566 habuisse,
1791 505 1888 554 aut
1939 513 1971 552 a

2099 497 2334 567 ιποστᾷν,
2365 495 2398 566 ἢ
2434 491 2589 565 παρά
2610 487 2746 543 Θεοῦ
2785 486 3106 558 γενόμενον.

387 604 504 658 Deo
531 604 702 658 factas
731 615 874 654 esse.

465 714 676 769 XXVII.
737 712 796 766 In
847 711 942 766 illo
970 717 1242 778 praeterea
1275 705 1602 775 insipienter
1645 701 1971 787 sapientiam

392 809 611 866 simula.
642 804 788 875 quod
815 804 896 858 ais
919 801 1321 857 Antichristum
1352 798 1560 852 diaboli
1585 811 1696 851 non
1719 811 1842 851 esse
1868 811 1972 865 pu-

391 897 682 960 niendum,
724 895 820 950 sed
851 891 1342 964 corrumpendum.
1393 899 1451 944 et
1480 890 1534 943 in
1564 888 1798 942 nihilum
1830 887 1976 941 redi-

393 1001 580 1044 turum
606 1005 621 1053 ;
655 997 715 1041 ut
736 993 920 1041 manet
943 985 1012 1039 ad
1037 985 1246 1038 animas
1276 983 1480 1036 bonum
1505 995 1572 1034 ex
1599 981 1766 1042 bono,
1798 987 1978 1034 metus

393 1078 606 1132 scilicet
653 1077 772 1140 Dei,
820 1089 984 1144 quem
1041 1071 1264 1127 aliunde
1311 1087 1422 1125 non
1460 1077 1622 1124 erant
1663 1068 1974 1123 habiturae:

395 1184 507 1223 non
537 1185 605 1223 ex
632 1167 862 1238 judicio,
891 1167 996 1220 hoc
1019 1165 1166 1220 enim
1189 1163 1458 1218 sustulisti
1483 1179 1498 1228 ;
1551 1177 1659 1215 non
1712 1177 1780 1215 ex
1809 1159 1981 1215 felici-

398 1269 510 1315 tate
544 1259 808 1325 fruenda;
848 1274 956 1312 non
982 1273 1050 1312 ex
1086 1255 1323 1310 naturali
1356 1263 1410 1308 et
1443 1253 1728 1308 recondito
1756 1251 1978 1306 deside-

399 1353 484 1406 rio
513 1367 642 1423 erga
669 1353 875 1417 Deum;
913 1350 1010 1405 sed
1047 1365 1115 1404 ex
1158 1347 1274 1404 solo
1302 1345 1626 1402 Antichristi
1661 1345 1714 1399 in
1745 1345 1979 1399 nihilum

402 1442 656 1496 interitu.

471 1577 710 1632 XXVIII.
771 1578 849 1632 Da
878 1575 1097 1641 deinde,
1152 1589 1262 1628 non
1297 1571 1568 1643 quidquid
1613 1581 1718 1634 est,
1766 1586 1888 1627 esse
1915 1587 1984 1625 ex

2143 695 2275 753 KZ'.
2312 695 2548 748 Κάκεῐνο
2566 693 2623 746 δὲ
2655 691 2876 762 ἀσόφως
2907 690 3156 761 σοφίζου,
3203 689 3298 742 τὸν
3341 687 3437 742 τοῦ
3480 687 3670 744 διαϐό-

2075 791 2168 844 λου
2205 788 2574 857 ’Λντίχριστον
2603 785 2682 856 μὴ
2712 783 3150 855 κολασθήσεσθαι
3191 783 3392 850 λέγων,
3447 782 3670 852 φθαρή-

2079 879 2266 932 σεσθαι
2297 877 2352 930 δὲ
2383 877 2477 930 καὶ
2501 877 2581 938 είς
2609 873 2670 926 τὸ
2701 873 2776 944 μὴ
2805 871 2867 924 δν
2885 870 3322 942 ἀναλυθήσεσθαι
3357 888 3371 902 ο
3411 871 3500 924 ἵνα
3534 870 3669 942 ἔλθῃ

2079 970 2242 1024 καλὸν
2275 972 2338 1022 ἐκ
2390 965 2558 1022 καλοῦ
2597 967 2719 1030 ταῖς
2757 965 2978 1035 ψυχαῖς,
3032 965 3062 1017 ό
3122 963 3289 1033 φόϐος
3347 963 3442 1016 τοῦ
3501 962 3668 1028 Θεοῦ,

2079 1063 2136 1116 ὃν
2166 1061 2268 1116 οὐκ
2307 1059 2532 1114 ἄλλοθεν
2564 1057 2790 1128 ἔμελλον
2841 1055 2988 1125 ἔχειν
3016 1071 3030 1083 ·
3087 1056 3122 1124 ἡ
3176 1053 3286 1124 γὰρ
3347 1053 3532 1124 κρίσις
3583 1069 3672 1105 σοι

2079 1151 2370 1224 ἀνῄρηται,
2399 1150 2498 1202 οὐκ
2526 1149 2590 1200 ὲκ
2615 1147 2714 1217 τῆς
2737 1145 2846 1198 τῶν
2873 1142 3098 1214 ἀγαθῶν
3136 1141 3517 1204 ἀπολαύσεως,
3551 1140 3672 1194 οὐδ’

2082 1245 2147 1298 ὲκ
2198 1243 2294 1296 τοῦ
2343 1241 2575 1313 φυσικοῦ
2625 1240 2718 1294 καὶ
2760 1237 3003 1310 ἀρρήτου
3055 1237 3191 1308 πρὸς
3215 1235 3348 1289 Θεὸν
3379 1235 3568 1300 πόθου,
3604 1235 3674 1287 ἐκ

2082 1335 2140 1388 δὲ
2171 1335 2342 1405 μόνης
2400 1333 2503 1404 τῆς
2533 1331 2631 1386 τοῦ
2683 1329 3065 1402 ’Δντιχρίστου
3097 1326 3402 1392 παντελοῦς
3434 1327 3670 1398 φθορὲς.

2084 1429 2182 1482 καὶ
2209 1429 2290 1492 εἰς
2322 1427 2384 1482 τὺ
2416 1428 2490 1498 μὴ
2512 1427 2574 1480 ὃν
2591 1423 2930 1488 ἀναλύσεως.

2157 1566 2296 1619 κη’.
2358 1563 2513 1618 Δίδου
2570 1563 2630 1616 δὲ
2699 1561 2796 1616 καὶ
2851 1563 2952 1632 τῆς
3007 1548 3371 1632 δημιουργίας
3422 1559 3516 1613 καὶ
3565 1559 3674 1628 τῆς

401 1671 500 1724 Dei
555 1670 832 1724 creatione
870 1677 926 1723 et
960 1665 1326 1737 providentia,
1385 1667 1481 1722 sed
1533 1665 1704 1718 multa
1765 1663 1982 1718 inutilia

2099 1658 2364 1729 προνοίας,
2392 1657 2491 1728 οὐχ
2519 1656 2645 1710 ὅσον
2676 1655 2827 1708 ἐστὶν
2872 1651 3012 1707 εἶναι
3055 1653 3122 1706 lx
3174 1651 3336 1718 Θεοῦ,
3397 1649 3570 1704 πολλά
3611 1649 3671 1703 δὲ

405 1763 631 1817 suborta
664 1777 785 1816 esse
834 1777 900 1815 ex
931 1759 1203 1815 accidenti
1253 1767 1308 1814 et
1350 1757 1742 1814 consecutione
1774 1771 1980 1820 rerum,

401 1865 512 1904 non
545 1850 688 1905 facta
737 1852 848 1904 Deo
885 1850 1126 1913 volente,
1169 1849 1266 1904 sed
1296 1864 1364 1902 ex
1388 1856 1585 1902 natura
1610 1861 1816 1912 rerum,
1871 1846 1984 1900 Deo

404 1956 514 1994 non
543 1941 872 2010 prohibente
901 1957 916 1994 ι
951 1941 1149 1994 lateret
1182 1954 1285 1994 nos
1310 1939 1494 2008 lapsus
1518 1937 1802 2007 temporis,
1830 1936 1874 1992 si
1901 1943 1986 1990 to-

403 2043 517 2089 tam
549 2031 969 2089 vindemiamin
1025 2042 1119 2087 tua
1165 2030 1328 2086 vinea
1386 2031 1750 2086 Sodomorum
1806 2029 1987 2084 facere

404 2127 748 2195 prepositurn
787 2134 952 2180 esset.
1008 2123 1090 2178 Tu
1142 2139 1276 2178 vero
1327 2138 1439 2178 non
1469 2121 1790 2192 defatigaris
1834 2122 1987 2176 volu-

403 2226 612 2286 ptatem
658 2233 724 2271 ex
756 2217 866 2271 tuis
919 2215 1296 2285 impietatibus
1348 2215 1592 2284 capiens.
1625 2213 1671 2269 Ο
1709 2211 1988 2284 ingenium

406 2308 676 2362 malorum
717 2307 1116 2362 feracissimum
1167 2307 1638 2362 et'uberrimuml
1680 2305 1852 2360 Deum
1888 2320 1990 2374 pu-

407 2407 492 2452 tas
525 2415 634 2452 non
685 2415 807 2454 esse
852 2400 1058 2454 bonum
1107 2399 1384 2463 οὐσιῶδες,
1434 2397 1490 2452 id
1549 2405 1633 2453 est
1683 2395 1989 2452 secundum

408 2489 806 2554 substantiam;
841 2505 944 2544 nec
967 2505 1089 2545 esse
1121 2491 1298 2559 ipsum
1329 2488 1532 2544 fontem
1569 2496 1624 2542 et
1659 2487 1989 2558 principium

409 2578 593 2633 omnis
633 2579 762 2633 boni
807 2581 1094 2650 omnisque
1142 2581 1384 2640 virtutis,
1420 2580 1716 2649 omniaque
1751 2577 1892 2633 bona
1925 2595 1992 2632 ex

411 2669 533 2738 ipso
571 2669 1010 2726 substantialiter
1042 2686 1286 2726 manare.
1317 2671 1415 2725 Dic
1437 2670 1618 2734 nobis,
1662 2669 1808 2724 unde
1839 2685 1994 2724 acce—

412 2752 491 2815 pit
527 2749 770 2803 bonum?
803 2752 922 2820 Ipse
947 2750 1091 2804 enim
1121 2767 1233 2806 non
1256 2762 1360 2821 est,
1391 2755 1646 2823 opinione
1671 2766 1781 2822 tua,
1807 2772 1903 2826 per
1937 2776 1998 2818 se

411 2843 614 2894 bonum
641 2859 652 2893 :
682 2851 736 2895 et
776 2857 896 2910 quia:
944 2843 1106 2913 hujus
1150 2844 1274 2898 boni
1325 2846 1498 2915 origo,
1547 2858 1596 2902 et
1627 2849 1996 2922 principium?

411 2939 582 3003 Nihil,
620 2949 712 2994 aut
743 2957 937 3012 parum
977 2943 1108 2998 abes
1136 2959 1165 2998 a
1196 2944 1669 3014 magniloquentia
1703 2945 1995 2998 Marcionis

411 3038 469 3084 ct
493 3031 892 3103 principiorum
925 3035 1066 3106 ejus.

483 3249 677 3305 XXIX.
707 3251 934 3307 Accedit
957 3253 1070 3322 jam
1095 3261 1282 3306 nostra
1304 3251 1484 3308 oratio
1524 3251 1590 3308 ad
1637 3253 1816 3322 ipsum
1841 3267 1993 3307 sum-

413 3360 563 3399 mum
592 3345 870 3415 fastigium
903 3353 1120 3399 tuarum
1157 3345 1519 3415 impietatum.
1575 3346 1731 3401 Unde
1765 3346 1863 3400 tibi
1910 3345 1994 3400 ef-

413 3437 592 3494 fectus
620 3447 706 3492 est
727 3437 894 3492 homo
935 3438 1004 3492 ad
1049 3437 1335 3493 Trinitatis
1383 3439 1766 3508 mquationem,
1817 3447 1878 3493 ut
1925 3438 1997 3492 sit

414 3527 582 3598 hujus
601 3528 904 3582 animatum
930 3529 1160 3589 idolum,
1192 3529 1320 3583 vitae
1349 3527 1576 3584 inﬁnitae
1599 3530 1844 3584 omnium
1875 3545 1997 3600 qua:

415 3620 952 3690 sunt,adaequatum.
973 3622 1118 3692 quod
1153 3621 1484 3688 exhibes,ut
1509 3638 1611 3692 pro
1631 3622 1896 3677 Trinitate
1927 3623 1996 3678 ab

414 3711 566 3766 omni
619 3723 873 3769 creatura
924 3714 1129 3768 visibili
1183 3723 1238 3769 et
1263 3729 1375 3769 non
1403 3715 1610 3769 visibili
1659 3731 1810 3769 nunc
1839 3726 1897 3770 et
1939 3717 1994 3770 in

413 3813 700 3876 posterum
743 3805 1002 3860 colatur?
1059 3806 1251 3874 Neque
1308 3807 1397 3860 lex
1447 3805 1648 3877 Moysis
1677 3807 1773 3861 tibi
1825 3807 1998 3863 suasit

415 3911 542 3950 eum
578 3897 742 3965 jussit
791 3897 1086 3950 Dominum
1134 3897 1308 3950 Deum
1351 3898 1533 3952 colere
1579 3897 1715 3951 etei
1749 3897 1848 3952 soli
1885 3914 2000 3952 ser-

415 3987 581 4041 vire?
607 3986 795 4056 Neque
827 3987 1095 4052 Salvator,
1123 3987 1218 4057 qui
1251 3987 1356 4042 hoc
1383 3988 1616 4042 tentanti
1649 3989 1893 4058 objecit?

488 4207 659 4262 XXX.
711 4207 790 4262 Tu
829 4223 980 4270 vero,
1035 4216 1096 4263 ut
1123 4208 1257 4274 dixi,
1291 4208 1453 4280 ﬁngis
1485 4217 1730 4264 creatum
1780 4225 1901 4266 esse
1931 4211 2000 4266 ab

419 4299 538 4370 ipsa
568 4299 838 4354 Trinitale
868 4301 1102 4354 alterum
1133 4301 1437 4355 animatum
1481 4301 1686 4355 idolum
1717 4301 1998 4357 Christum

419 4400 576 4446 tuum
604 4409 618 4446 :
656 4391 832 4462 ipsam
857 4393 1181 4448 Trinitatem
1205 4393 1581 4458 calumniaris,
1615 4395 1772 4464 quasi
1805 4395 2000 4450 doreat
2035 4372 2074 4426 θ

419 4485 605 4540 colere
631 4495 964 4540 creaturam.
999 4485 1154 4551 Quod
1206 4485 1346 4540 nihil
1391 4486 1580 4542 dili'ert
1609 4502 1640 4540 a
1672 4495 1858 4543 vetere
1905 4502 1996 4541 er-

421 4591 570 4642 rore,
617 4592 729 4647 quo
785 4577 948 4632 homo
995 4593 1028 4631 a
1055 4579 1168 4632 Deo
1215 4578 1442 4641 excidit,
1493 4587 1550 4633 et
1595 4588 1862 4634 creatura:
1897 4595 2000 4650 pro

419 4667 684 4725 Creatore
717 4669 964 4724 servivit.
996 4669 1110 4724 Nisi
1133 4669 1440 4740 graviorem
1473 4669 1623 4725 hunc
1653 4685 1899 4726 errorem
1933 4671 2000 4724 il-

421 4760 476 4815 lo
502 4770 688 4816 vetere
732 4763 968 4816 moliris.
1002 4762 1120 4816 Non
1149 4761 1298 4815 enim
1345 4759 1531 4825 doces,
1581 4769 1639 4816 ut
1685 4761 2004 4818 hominibus

423 4852 603 4905 solum
631 4852 736 4907 hoc
759 4851 996 4917 eveniat,
1029 4853 1126 4908 sed
1163 4860 1286 4922 post
1309 4852 1632 4909 Trinitatem
1666 4854 1814 4907 omni
1850 4871 2004 4909 crea-

425 4953 566 4998 turae
612 4957 644 4996 a
693 4943 962 4998 Trinitate
1001 4953 1218 4998 creata}.
1271 4944 1390 4998 Non
1437 4944 1586 4998 enim
1636 4944 1748 4996 Deo
1791 4943 2003 4998 homini

427 5031 572 5088 facto
602 5033 787 5099 doces,
821 5037 916 5090 sed
959 5034 1172 5088 homini
1199 5035 1566 5104 appellatione
1602 5035 1698 5088 Dei
1737 5033 2005 5090 honorato

428 5125 638 5178 cultum
674 5125 730 5178 in
761 5135 1030 5182 aeternum
1071 5127 1360 5182 adhibere.
1413 5125 1457 5180 Ο
1489 5133 1540 5180 te
1567 5141 1872 5195 praeconem
1908 5127 2008 5181 ho-

429 5231 551 5271 rum
572 5217 840 5294 malorum
865 5217 1270 5287 evangeliorum
1294 5218 1309 5270 ι
1343 5217 1612 5274 Praedicas
1657 5216 2006 5272 referendum

428 5323 551 5364 esse
575 5307 782 5362 cultum
807 5308 876 5363 ad
903 5307 1184 5364 Christum
1243 5317 1418 5373 tuum,
1453 5308 1600 5378 quod
1651 5309 1880 5378 perinde
1925 5318 2008 5366 est

432 5408 494 5456 ut
521 5401 565 5456 si
591 5401 854 5472 praedices
891 5401 1097 5456 cultum
1128 5401 1221 5471 qni
1255 5399 1528 5454 referetur
1559 5400 1627 5454 ad
1657 5401 2005 5470 Trinitatem,

432 5491 786 5547 referendum
807 5508 928 5549 esse
946 5492 1181 5562 exelnpli
1213 5506 1378 5546 causa
1407 5491 1476 5546 ad
1508 5507 1712 5563 regem.
1745 5492 2010 5548 Libenter

430 5591 615 5641 autem
657 5583 1026 5655 percontabor
1078 5591 1162 5646 te,
1214 5581 1513 5651 quomodo,
1549 5590 1643 5636 aut
1681 5597 1842 5653 quem
1891 5582 2007 5652 ipse

2084 1746 2318 1801 καὶτῶν
2375 1746 2436 1799 οὐ
2483 1745 2777 1816 χρησίμων
2829 1741 3200 1812 παρεισῆχθαι
3250 1739 3674 1812 παρακολουθή-

2089 1855 2260 1908 ματα,
2301 1837 2394 1890 καὶ
2449 1833 2942 1906 παρασυμϐἀματα
2993 1829 3124 1884 ὄντα
3174 1829 3283 1884 τῶν
3345 1830 3668 1898 γεγονότων,

2087 1929 2188 1984 οὐκ
2230 1931 2294 1982 ὲκ
2337 1927 2474 1982 Θεοῦ
2521 1925 2578 1979 δὲ
2639 1924 2969 1996 βουλομένου
3011 1923 3295 1992 γινόμενα,
3328 1924 3395 1992 τῇ
3421 1921 3480 1974 δὲ
3509 1921 3671 1990 φύσει

2086 2021 2196 2080 τῶν
2226 2019 2572 2091 πραγμάτων
2600 2017 2848 2086 ἑπόμενα
2878 2016 2972 2068 καλ⁸
3001 2015 3076 2084 μὴ
3103 2012 3426 2084 κωλυόμενα
3452 2028 3466 2042 ·
3515 2011 3672 2065 λάθοι

2087 2112 2132 2166 δ’
2183 2112 2250 2166 ἂν
2299 2111 2447 2180 ἡμᾶς
2506 2108 2800 2180 παραρέων
2847 2109 2876 2160 6
2913 2105 3124 2177 χρόνος,
3157 2105 3250 2158 τὸν
3286 2104 3410 2159 καθ’
3436 2104 3532 2158 ἕνα
3561 2103 3674 2157 τῶν

2092 2205 2214 2259 σῶν
2261 2205 2363 2274 τῆς
2411 2202 2724 2274 Σοδομηνῆς
2777 2201 3022 2272 ἀμπέλου
3085 2199 3330 2270 βοτρύων
3381 2199 3670 2270 ἁπειρολο-

2089 2297 2408 2366 γουμένους.
2439 2295 2511 2348 Σὺ
2548 2294 2592 2346 δ’
2627 2293 2689 2346 οὐ
2743 2293 2974 2363 κάμνεις
3028 2294 3314 2363 ἐντρυφῶν
3365 2293 3486 2355 ταῖς
3540 2293 3670 2345 ἀσε-

2091 2387 2290 2450 ϐείαις,
2317 2379 2362 2438 ῶ
2394 2385 2503 2438 τῶν
2529 2383 2718 2438 κακῶν
2743 2384 3104 2456 ποριμωτάτη
3141 2387 3326 2452 φύσις,
3357 2384 3440 2436 ὅτι
3481 2383 3555 2453 μὴ
3579 2382 3672 2435 τὸν

2091 2477 2223 2530 Θεὸν
2276 2476 2538 2539 οὐσιῶδες
2589 2471 2731 2528 εἶναι
2797 2473 3002 2542 ἀγαθὸν
3055 2475 3505 2547 ὑπολαμϐάνεις,
3561 2474 3670 2528 οὐδ’

2092 2566 2232 2624 εἶναι
2257 2570 2419 2624 αὐτὸν
2442 2568 2628 2639 πηγὴν
2661 2567 2758 2621 καὶ
2786 2569 2964 2639 ἀρχὴν
2996 2569 3201 2632 παντὸς
3248 2569 3414 2623 καλοῦ
3464 2585 3523 2622 τε
3579 2569 3672 2621 καὶ

2092 2664 2321 2734 ἀγαθοῦ,
2376 2663 2650 2726 οὖσιωδῶς
2711 2663 2852 2716 αύτά
2878 2663 3244 2734 προνάουσαν.
3279 2663 3414 2718 Εἰπὲ
3435 2665 3492 2718 δὲ
3515 2663 3668 2733 ἡμῖν,

2093 2757 2258 2810 πόθεν
2289 2755 2438 2826 αὺτῷ
2497 2755 2830 2825 πεπόρισται
2885 2753 2946 2807 τδ
3006 2754 3216 2821 καλόν;
3273 2755 3335 2808 οὐ
3395 2755 3504 2824 γάρ
3555 2754 3670 2808 ἐστι

2095 2850 2238 2904 κατά
2276 2851 2336 2903 σὲ
2367 2848 2500 2903 αὐτὸ
2527 2848 2692 2901 καλόν
2723 2863 2738 2878 ο
2772 2848 2866 2900 καὶ
2893 2847 2976 2910 τίς
3007 2849 3036 2915 ἡ
3080 2845 3272 2900 τούτου
3325 2849 3466 2918 ἀρχή
3502 2865 3517 2912 ;
3563 2848 3672 2900 Αύ-

2095 2941 2183 3003 16;
2213 2939 2260 2994 δ’
2288 2939 2400 3009 ἀρα
2435 2939 2498 2992 σὺ
2553 2935 2662 2990 τῶν
2719 2935 2970 2990 τοιούτων
3021 2934 3208 2987 κακῶν
3257 2935 3444 2996 πέλεις
3494 2936 3663 3005 ἀρχὴ,

2018 3039 2062 3098 c
2098 3031 2194 3100 τῆς
2229 3028 2754 3100 μεγαλορημοσύνης
2787 3025 3121 3100 Μαρκίωνος,
3165 3026 3258 3078 καὶ
3299 3026 3406 3079 τῶν
3463 3027 3656 3106 τούτου

2095 3125 2280 3194 ἀρχῶν
2305 3123 2461 3176 οὐδέν
2491 3140 2543 3176 τι
2573 3121 2606 3194 ἢ
2641 3119 2834 3192 μικρδν
2865 3117 3129 3172 ἀποδέων.

2165 3254 2296 3310 KG'.
2335 3253 2501 3307 Ἦκει
2525 3251 2570 3305 δ’
2599 3251 2733 3323 ἡμῖν
2761 3251 2791 3303 6
2829 3247 2986 3318 λόγος
3042 3248 3127 3302 ἐπ’
3178 3247 3338 3302 αὐτὸν
3391 3249 3481 3301 τδν
3518 3249 3672 3302 κολο-

2097 3345 2248 3416 φῶνα
2285 3344 2398 3398 τῶν
2441 3345 2551 3398 σῶν
2595 3341 2985 3412 ἀσεϐημάτων.
3033 3339 3208 3394 Πόθεν
3255 3357 3339 3393 σοι
3366 3339 3673 3394 πέπλασται

2095 3441 2123 3492 6
2160 3441 2241 3502 είς
2275 3437 2563 3504 ἀντίδειξιν
2594 3437 2694 3506 τῆς
2729 3435 2962 3508 Τριάδος
3015 3433 3310 3504 γενόμενος
3369 3431 3674 3502 ἄνθρωπος,

2098 3529 2164 3582 ἵν’
2257 3531 2466 3599 ταύτης
2499 3527 2746 3598 ἔμψυχον
2775 3525 3020 3589 εῐδωλον,
3047 3525 3114 3595 τῇ
3139 3525 3354 3595 ἀπείρῳ
3376 3523 3483 3577 τῶν
3508 3523 3677 3577 όντων

2099 3620 2211 3690 ζωῇ
2241 3619 2788 3692 παραμετρούμενον,
2821 3617 2880 3670 ὃν
2927 3617 3052 3670 ἀντὶ
3081 3615 3182 3684 τῆς
3229 3615 3460 3686 Τριάδος
3507 3633 3677 3686 προτί

2101 3713 2379 3768 κυνεῖσθαι
2431 3712 2612 3780 δίδως,
2662 3709 2768 3765 ὑπὸ
2791 3711 2978 3781 πάσης
3009 3709 3214 3779 ὁρατῆς
3243 3725 3304 3762 τε
3333 3708 3428 3762 καὶ
3448 3709 3677 3778 ἀοράτου

2099 3806 2330 3870 κτίσεως
2362 3805 2457 3859 νῦν
2482 3822 2542 3858 τε
2591 3805 2689 3858 καὶ
2738 3801 3013 3875 ὕστερον;
3059 3801 3184 3857 Οὐδ’
3241 3803 3274 3872 ἡ
3332 3799 3572 3862 Μωσέως
3621 3815 3678 3852 σε

2101 3899 2368 3951 πέπεικεν
2419 3895 2732 3966 νομοθεσία,
2784 3897 2993 3966 Κύριον
3025 3895 3118 3948 τὸν
3161 3893 3297 3948 Θεὸν
3325 3895 3677 3964 προσκυνεῖν,

2100 3990 2193 4044 καὶ
2245 3988 2394 4060 αύτῷ
2450 3990 2596 4060 μόνῳ
2633 3987 2942 4059 λατρεύειν,
3003 3973 3513 4056 νομοθετήσαντοςς
3572 3984 3682 4038 οὐδ’

2100 4081 2260 4144 αὐτὸς
2286 4083 2314 4134 6
2344 4081 2535 4152 Σωτὴρ
2564 4078 2720 4134 τοῦτο
2749 4077 2826 4150 τῷ
2867 4077 3184 4149 πειράζοντι
3219 4077 3682 4150 προϐαλλόμενος

2169 4214 2248 4266 A'.
2279 4215 2350 4266 Σὺ
2372 4213 2434 4275 δ’,
2466 4212 2541 4275 ὡς
2571 4211 2730 4282 ἔφην,
2774 4213 2866 4266 ὑπ’
2899 4211 3070 4282 αὐτῆς
3112 4216 3212 4282 τῆς
3240 4211 3471 4278 Τριέιξος
3497 4210 3686 4280 ἕτερόν

2101 4321 2155 4357 τι
2207 4305 2452 4375 ἔμψυχον
2505 4305 2723 4358 εἴδωλον
2768 4306 2860 4357 τὸν
2907 4304 3148 4376 Χριστὸν
3185 4303 3687 4374 δεδημιουργῆσθαι

2104 4395 2336 4467 πλάττῃ,
2373 4396 2903 4468 κτισματολατρείαν
2965 4397 3137 4466 αὐτὴν
3189 4395 3466 4449 διδάσκειν
3529 4412 3691 4447 συκο-

2105 4487 2322 4556 φαντῶν
2359 4503 2370 4516 ·
2405 4487 2560 4542 οὐδὲν
2590 4488 2688 4540 ὅτι
2719 4490 2792 4559 μὴ
2817 4487 2919 4558 τῆς
2949 4489 3186 4550 παλαιᾶς
3222 4488 3449 4558 πλάνης.
3471 4487 3594 4539 καθ’
3625 4488 3689 4558 ἦν

2107 4578 2454 4649 ὲξολισθῆσαι
2505 4580 2598 4632 τοῦ
2651 4579 2789 4633 Θεοῦ
2850 4580 3055 4650 συνέῖη
3099 4580 3192 4632 τὸν
3248 4579 3556 4648 ἄνθρωπον,
3597 4579 3690 4630 καὶ

2106 4667 2389 4722 δουλεῦσαι
2420 4671 2485 4740 τῇ
2513 4668 2690 4722 κτίσει
2713 4669 2866 4738 παρά
2895 4668 2985 4722 τὴν
3013 4668 3316 4722 κτίσαντα,
3363 4669 3425 4720 Ετί
3462 4670 3540 4738 μὴ
3597 4667 3692 4719 καὶ

2112 4760 2346 4831 μάλιστα
2396 4761 2784 4834 χαλεπωτέραν
2817 4761 3035 4830 ἐκείνης
3089 4760 3295 4830 ταύτην
3346 4759 3693 4814 κατασκευὲ-

2109 4853 2262 4918 ζεις·
2299 4854 2360 4907 οὑ
2416 4855 2525 4922 γὰρ
2579 4852 2904 4924 ἀνθρώπους
2987 4853 3120 4906 αὐτὸ
3183 4853 3346 4920 μόνον
3403 4851 3690 4905 πείσεσθαι

2108 4945 2405 5008 διδάσκεις,
2451 4943 2586 4998 ἀλλά
2640 4947 2822 4998 πᾶσαν
2866 4943 2966 5012 τὴν
3025 4943 3162 5012 μετὰ
3195 4945 3294 5012 τὴν
3345 4931 3552 5010 Τριάδα
3587 4942 3692 4995 ολδ

2109 5037 2208 5106 τῆς
2236 5035 2466 5107 Τριάδος
2487 5037 2862 5108 γεγενημένην
2883 5034 3082 5088 κτίσιν.
3131 5035 3208 5087 Οὐ
3265 5035 3374 5104 γὰρ
3433 5033 3550 5103 Gaz?)
3594 5034 3691 5086 ἀν-

2112 5126 2318 5197 θρώπῳ
2361 5127 2663 5198 γενομένῳ,
2701 5125 2840 5180 ἀλλὰ
2873 5125 3152 5196 ἀνθρώπῳ
3181 5125 3316 5177 Θεοῦ
3349 5124 3692 5194 προσηγοςῗᾳ

2111 5217 2462 5286 τετιμημένῳ
2496 5217 2577 5278 εἰς
2601 5215 2805 5279 αἰῶνας
2841 5214 3151 5286 λατρεύειν,
3183 5208 3226 5267 ὦ
3263 5213 3372 5267 τῶν
3407 5213 3593 5266 κακῶν
3625 5215 3690 5265 σὺ

2111 5307 2317 5362 τούτων
2340 5307 2688 5376 Εύαγγελίων
2713 5307 2909 5379 κῆρυξ.
2950 5306 3294 5376 διαγγέλλεις
3327 5306 3574 5376 ἀναφορᾷ
3594 5304 3692 5365 τῆς

2113 5401 2192 5461 εἰς
2213 5399 2305 5452 τὸν
2329 5398 2566 5468 Χριστόν
2612 5415 2707 5451 σου
2741 5397 2852 5450 τῶν
2901 5397 3072 5449 όντων
3123 5395 3402 5466 λατρείας,
3453 5394 3526 5456 ὡς
3585 5392 3694 5445 ἀτὺ

2113 5491 2322 5553 εἰκόνος
2343 5492 2426 5554 εις
2460 5490 2814 5561 βασιλέα,τῆς
2834 5490 2999 5544 αὐτοῦ
3022 5491 3189 5559 τιμῆς
3239 5491 3331 5542 ἐπὶ
3361 5489 3460 5556 τὴν
3489 5485 3694 5554 Τριᾶιία

2114 5581 2478 5654 ἀναγομένης.
2516 5581 2718 5645 Ἡδέως
2751 5582 2795 5634 δ’
2841 5582 2904 5636 ἄν
2943 5597 3036 5634 σου
3085 5579 3360 5652 mile-2'qu
3419 5579 3580 5632 αὐτον
3629 5575 3699 5646 δὴ
