3954 6148
351 281 487 349 I373

1294 289 1462 350 ADV.
1501 285 2214 351 INCORRUPTICOLAS
2248 291 2344 352 ET
2383 291 2703 352 NESTOR.

3474 283 3607 348 1374

340 400 436 452 τὸν
485 393 744 468 Χριστδν,
805 395 925 462 πῶς
973 397 1068 452 καὶ
1105 397 1214 450 τίνι
1240 397 1421 468 λέγεις
1444 400 1778 470 προσκυνεῖν
1811 415 1826 465 ;
1863 399 1904 452 Ε

2027 398 2284 457 Christus
2327 412 2455 458 tuus
2502 401 2799 458 adorabit?
2841 399 2898 455 Si
2933 398 3082 456 enim
3118 413 3176 454 se
3215 398 3416 469 ipsum,
3449 400 3610 455 valda

347 489 449 558 μὲν
473 489 634 542 αὐτὸν
658 488 856 560 ἐαυτῷ,
888 490 1229 559 γελοιότατον
1259 507 1272 524 ·
1311 494 1358 546 ει
1387 492 1446 546 δὲ
1479 495 1547 564 τῇ
1590 493 1804 564 Τριάδι,
1833 492 1924 546 διὰ

347 580 512 649 μέσου
541 580 718 644 τινός·
747 581 808 634 οὐ
840 581 950 652 γὰρ
981 581 1048 634 δι’
1105 583 1299 638 ἑαυτοῦ
1354 589 1382 640 ό
1439 587 1622 650 αὐτὸς,
1654 590 1704 642 εί
1764 587 1924 658 μόνος

341 670 452 723 τῶν
479 670 736 724 ἁπάντων
751 713 766 736 ,
787 671 944 726 τοῦτο
962 673 1134 745 γέρας
1160 675 1298 746 ἔχων
1313 678 1631 748 εὑρίσκεται
1651 681 1712 732 τὸ
1733 679 1924 749 μηδενὶ

342 759 626 828 λατρεύειν
654 779 666 792 ·
707 763 832 815 ἐπεὶ
869 763 946 834 μὴ
977 765 1066 818 τὸν
1099 767 1192 819 σὺν
1254 770 1484 842 μεσίτην
1533 772 1696 842 μόνος
1761 771 1924 833 αὐτὸς

344 850 566 920 ἔσχηκε,
602 852 700 905 καὶ
734 853 818 916 τίς
858 855 984 908 ἀντὶ
1023 857 1158 911 Θεοῦ
1198 860 1344 930 ὄρος,
1376 862 1408 930 ἢ
1439 862 1498 914 δν
1520 865 1582 916 σὺ
1604 861 1680 934 τῷ
1705 859 1924 932 Χριστῷ

340 942 501 1004 δίδως
565 945 730 1012 μόνον
786 946 948 997 αὐτὸν
1005 947 1339 1019 τιμώμενον,
1391 953 1507 1005 ἀλλ’
1561 953 1624 1006 οὐ
1673 950 1924 1025 τιμῶντα

340 1032 578 1100 είσάγων
597 1034 687 1086 τὸν
713 1034 858 1089 οὕτω
885 1039 1199 1109 τιμήσαντα
1227 1060 1242 1112 ;

408 1214 534 1268 ΛΔ’.
583 1214 671 1276 Ὧς
717 1214 849 1284 ἡδύς
905 1234 991 1281 τις
1020 1215 1109 1272 si!
1148 1220 1354 1291 σεμνὴν
1409 1222 1519 1293 γὰρ
1563 1223 1656 1277 καὶ
1698 1225 1924 1278 ἀστείαν

313 1304 592 1373 ⁸,γέννησίν
651 1322 712 1358 τε
765 1308 859 1360 καὶ
890 1309 1206 1380 ἀνατροφὴν
1237 1312 1417 1383 τούτῳ
1445 1315 1818 1384 προσπλέκεις
1847 1317 1924 1387 τῷ

339 1394 631 1467 ἀνθρώπῳ,
667 1399 762 1450 καὶ
795 1399 919 1452 ὅσον
949 1405 1324 1475 προφητικὴν,
1361 1407 1454 1459 καὶ
1493 1410 1690 1480 μικρὸν
1719 1411 1923 1481 ταύτην

340 1487 769 1557 ὑπεραίρουσαν.
838 1492 962 1544 Ὀτι
1020 1493 1076 1546 δὲ
1135 1496 1274 1549 κατά
1337 1499 1652 1568 πρόγνωσιν
1710 1503 1738 1554 ό
1789 1501 1923 1566 Θεὸς

335 1579 530 1645 Λόγος,
555 1578 748 1652 γνώμῃ
779 1582 835 1632 ὲν
878 1582 1016 1653 αὐτῇ
1047 1584 1147 1652 τῆς
1209 1587 1424 1658 μήτρας
1462 1588 1775 1652 διαπλάσει,
1823 1591 1924 1659 τὴν

336 1666 717 1738 ἒνωσιναύτῷ
771 1671 1211 1742 προσκέχρηκεν,
1266 1676 1551 1742 γινώσκων
1602 1677 1768 1732 αὐτοῦ
1821 1678 1922 1748 τὴν

337 1761 467 1828 περὶ
489 1759 560 1811 τὰ
587 1759 727 1814 καλά
757 1763 1016 1831 πρόθεσιν
1043 1765 1381 1820 ἀδιάπτωτον
1405 1768 1646 1826 ἔσεσθαι.
1875 1820 1878 1822 ν

407 1849 530 1903 AB'.
581 1851 828 1918 Ἀγνοίας
879 1869 939 1905 τε
975 1854 1138 1908 αὐτὸν
1188 1856 1336 1927 ζόφῳ
1387 1859 1688 1924 καλύπτεις
1749 1861 1917 1932 μηδὲν

335 1941 727 2009 ἐπιστάμενον,
777 1944 860 1996 ὅτι
913 1943 988 2014 μὴ
1039 1945 1176 2016 ὅπερ
1233 1948 1407 2004 ἐδόκει
1449 1951 1529 2022 τῷ
1580 1953 1704 2006 κατ’
1761 1953 1916 2018 ἀξίαν

333 2031 484 2102 αὐτῷ
513 2031 776 2102 ὴνωμένῳ
796 2033 974 2103 Λόγῳ.
1013 2035 1134 2098 Πῶς
1164 2036 1240 2103 δ’;
1273 2038 1496 2106 ἀγνοίας
1524 2041 1688 2096 αὑτὸν
1717 2043 1915 2096 ἀναπε-

334 2122 646 2192 πλησμένον
669 2125 926 2190 εἰσάγων,
959 2125 1078 2196 οὐχ).
1107 2129 1200 2179 καὶ
1225 2129 1540 2200 ἀμαρτίαςς
1581 2133 1671 2197 Ἐξ
1701 2136 1914 2202 ἐκείνης

332 2214 443 2284 γὰρ
478 2214 640 2283 αὕτη,
677 2214 750 2278 ὡς
801 2215 910 2268 ἀπὸ
969 2217 1153 2285 πηγῆς
1200 2220 1443 2289 ποταμὸς
1498 2223 1834 2292 προχέεταιο
1879 2223 1911 2293 ἢ

330 2305 474 2373 τάχα
499 2305 598 2374 τὴν
642 2305 866 2372 ἄγνοιαν
901 2305 1050 2375 αὐτῷ
1107 2305 1324 2377 βοηθεῖν
1365 2309 1738 2379 δογματίσεις,
1791 2313 1913 2364 ἐπεὶ

330 2396 406 2460 th;
462 2396 533 2449 τὰ
574 2396 740 2451 πολλά
801 2398 1136 2468 συγγνώμης
1187 2398 1434 2464 ἀξιοῦται
1474 2402 1536 2454 τὸ
1577 2401 1636 2468 ἐξ
1693 2404 1913 2471 ἀγνοίας

331 2485 485 2557 παρὰ
519 2486 678 2554 λόγον
705 2487 1108 2557 πραττόμενον,
1141 2488 1316 2560 ἄνπερ
1385 2491 1460 2562 μὴ
1491 2492 1609 2546 λίαν
1728 2510 1912 2563 φορτι-

331 2578 445 2632 κόν.
515 2579 756 2645 ’Δγνοείν
803 2579 848 2630 δ’
901 2579 1062 2632 αὐτὸν
1121 2579 1300 2648 λέγεις
1347 2581 1624 2646 τοσοῦτον,
1681 2583 1762 2637 ὃτι
1817 2584 1912 2638 καὶ

332 2667 730 2737 πειραζόμενος
758 2669 858 2722 οὐκ
887 2669 1187 2735 ἐγίνωσκεν
1217 2671 1366 2734 ὅστις
1422 2673 1507 2742 εἴη
1547 2671 1576 2724 ό
1633 2671 1910 2744 πειράζων

331 2760 491 2814 αὐτόν
523 2776 536 2789 ·
577 2762 668 2813 καὶ
697 2760 795 2828 τῆς
820 2764 964 2814 κατὰ
982 2762 1220 2818 διάνοιαν
1252 2763 1526 2834 ἁμαρτίας
1581 2765 1691 2818 οὐδ’
1747 2767 1910 2820 αὑτὸν

330 2852 556 2922 Κύριον,
592 2853 667 2922 μὴ
695 2854 776 2905 ὄτι
807 2854 934 2933 τους
961 2853 1149 2920 ἁγίους
1177 2855 1506 2928 καθαρεύειν
1533 2861 1906 2931 παραχωρεῖς,

329 2941 437 2994 οὐδ’
471 2943 748 3014 ἁμαρτίαν
775 2943 946 3014 αὐτὴν
975 2945 1224 3014 οἰόμενος
1254 2941 1416 3003 εἶναι.

398 3123 521 3176 AI".
561 3121 868 3192 Ὀχλεῖσθαί
900 3139 962 3174 τε
990 3123 1152 3177 αὑτὸν
1184 3121 1346 3176 πλέον
1389 3125 1453 3176 ἐκ
1505 3123 1612 3177 τῶν
1659 3124 1908 3195 ψυχικῶν

328 3215 516 3268 παθῶν
553 3215 588 3284 ἦ
621 3214 729 3266 τῶν
761 3213 1089 3281 σωματικῶν
1135 3213 1484 3281 δογματίζειν
1541 3215 1602 3268 οὐ
1643 3217 1906 3284 φρίττεις,

332 3305 521 3374 σαφῶς
555 3305 758 3358 οὑτωσὶ
784 3303 1085 3371 λέγων’καὶ
1113 3302 1192 3373 τῷ
1225 3303 1498 3374 κρείττονι
1526 3305 1774 3376 λογισμῷ
1811 3307 1910 3371 τὰς

332 3400 396 3468 ἠδ
411 3399 525 3462 ,νὰς
563 3397 866 3467 ἐχειροῦτο.

401 3491 520 3544 ΛΔ’.
551 3491 715 3552 Δίδως
763 3490 808 3542 δ’
857 3490 1020 3544 αὑτὸν
1059 3491 1124 3543 ὲκ
1162 3489 1450 3561 προκοπῆς
1500 3489 1712 3561 ἀρετῶν
1767 3491 1910 3546 κατά

335 3582 530 3652 μικρὸν
586 3579 968 3650 καθαίρεσθαι,
1028 3580 1124 3634 καὶ
1163 3580 1599 3650 ἐπιτηδειότερον
1638 3582 1910 3651 ὁσημέραι

330 3673 578 3740 γίνεσθαι
635 3671 772 3742 πρὸς
829 3672 1099 3742 ὑποδοχὴν
1154 3672 1262 3726 τῶν
1309 3671 1496 3726 θεόθεν
1520 3671 1671 3744 αὐτῷ
1705 3673 1780 3736 ὡς
1814 3675 1910 3727 ἀν-

332 3763 536 3833 θρώπῳ
566 3763 959 3832 παρεσομένων
993 3762 1234 3831 ἀγαθῶν.
1884 3761 1891 3769 ’

400 3857 522 3910 ΛΕ’.
569 3856 864 3919 Βαπτίζεις
919 3856 964 3908 δ’
1017 3855 1202 3920 αὑτὸν,
1248 3857 1314 3911 ἶν’
1358 3855 1546 3910 ἔκτοτε
1606 3855 1762 3910 οὖπω
1802 3857 1910 3928 γὰρ

332 3949 618 4018 πρότερον,
645 3947 954 4010 τελειωθεὶς
981 3947 1125 4000 κατὰ
1149 3948 1379 4019 νομικὴν
1407 3947 1629 4020 ἀρετὴν,
1676 3949 1910 4019 Χριστὸς

332 4036 646 4108 χρηματίση
668 4035 873 4098 τέλειος
917 4037 1011 4089 καὶ
1060 4036 1162 4105 τῆς
1219 4036 1584 4106 εὐαγγελικῆς
1631 4037 1908 4106 ἐφάψηται

332 4128 628 4192 πολιτείας,
663 4129 758 4180 καὶ
795 4126 1002 4196 ταύτην
1037 4127 1392 4200 ἐκπληρώσῃ.
1421 4128 1543 4190 Πῶς
1572 4128 1617 4180 δ’
1657 4129 1777 4198 οὐχὶ
1815 4129 1909 4180 καὶ

329 4221 419 4274 τὸν
451 4219 642 4290 χρόνον
667 4217 816 4288 αὺτῷ
872 4218 962 4271 διὰ
1019 4217 1180 4271 τοῦτο
1227 4219 1629 4289 συντετμῆσθαι
1683 4219 1905 4287 ).έγεις;

341 4311 644 4378 Ἀποκάμοι
689 4309 798 4380 γὰρ
847 4309 912 4363 ἂν
969 4308 1106 4379 πρὸς
1158 4309 1219 4362 τὸ
1269 4308 1458 4363 τούτου
1481 4309 1779 4380 διάστημα,
1812 4309 1907 4364 καὶ

2023 491 2314 548 ridiculum
2340 503 2466 560 est;
2503 495 2586 549 sin
2632 502 2816 548 autem
2849 492 3197 552 Trinitatem.
3235 506 3336 560 per
3367 491 3608 544 medium

2022 581 2302 652 aliquem;
2357 599 2465 638 non
2506 584 2656 640 enim
2703 585 2848 638 idem
2882 598 2978 653 per
3006 598 3065 638 se
3095 583 3312 653 ipsum;
3369 581 3416 636 si
3459 581 3611 637 solus

2023 685 2090 724 ex
2121 671 2378 726 omnibus
2421 673 2570 730 hunc
2597 674 2862 730 honorem
2909 673 3096 736 habet,
3133 671 3407 741 reperitur
3434 669 3610 724 nemi-

2022 775 2148 814 nem
2179 761 2399 828 colere;
2431 763 2689 831 quoniam
2734 763 2850 832 ipse
2897 763 3049 817 solus
3077 776 3188 816 non
3217 761 3412 814 habuit
3451 768 3605 812 tuum

2023 852 2382 907 tnediatorem
2419 871 2432 906 :
2472 861 2530 908 et
2562 853 2844 924 reperitur
2885 855 3068 924 aliqua
3101 851 3442 922 praescriptio
3468 865 3604 905 con-

2025 950 2109 996 tra
2158 943 2369 1008 Deum,
2410 960 2575 1013 quam
2627 953 2682 998 tu
2739 944 2962 1000 Christo
3009 944 3230 1008 tribuis,
3287 956 3412 995 cum
3474 955 3602 994 eum

2023 1034 2162 1090 facis
2195 1036 2374 1090 solum
2427 1037 2723 1102 honorari,
2776 1046 2833 1091 et
2879 1053 2992 1092 non
3027 1037 3324 1099 honorare,
3377 1033 3472 1104 qui
3524 1032 3604 1086 sic

2023 1127 2334 1182 honoravit.
3389 1141 3394 1146 '

2093 1217 2286 1273 XXXI.
2317 1218 2490 1285 Quam
2528 1217 2716 1272 suavis
2752 1226 2808 1272 et
2841 1217 3023 1271 dulcis
3046 1219 3138 1271 es!
3185 1219 3513 1272 honoratum
3546 1223 3602 1270 et

2022 1310 2336 1379 speciosum
2365 1317 2572 1374 ortum,
2601 1317 2657 1364 et
2689 1309 3075 1364 educationem
3107 1309 3239 1363 huic
3269 1307 3480 1362 homini
3505 1323 3602 1377 ap-

2022 1401 2228 1470 plicas.
2267 1416 2323 1456 et
2371 1403 2537 1472 paulo
2569 1401 2685 1456 fere
2719 1399 3171 1456 excellentiorem
3201 1411 3327 1452 ortu
3359 1399 3601 1468 prophe‘

2026 1491 2156 1546 tico.
2204 1491 2359 1559 Quod
2404 1493 2617 1548 scilicet
2665 1493 2906 1548 Verbum
2940 1492 3036 1547 Dei
3063 1490 3366 1546 secundum
3397 1505 3604 1560 praeco-

2021 1583 2324 1654 gnitionem
2357 1585 2412 1638 in
2452 1585 2567 1654 ipsa
2600 1583 2931 1638 formatione
2960 1598 3081 1653 quae
3121 1583 3176 1636 in
3217 1591 3376 1636 utero
3412 1581 3599 1644 ﬁebat,

2027 1679 2286 1734 unionem
2333 1678 2382 1732 ei
2424 1677 2774 1732 commodare
2825 1677 3020 1740 voluit,
3071 1689 3408 1746 cognoscens
3455 1688 3599 1726 nun-

2027 1787 2188 1842 quam
2227 1787 2256 1825 a
2287 1769 2573 1841 pr0posito
2600 1769 2746 1824 circa
2779 1768 3019 1822 virtutes
3050 1768 3423 1822 discessurum
3454 1777 3598 1820 esse.

2093 1862 2310 1917 XXXII.
2342 1860 2670 1931 Ignorantia:
2690 1860 2855 1914 etiam
2887 1859 3120 1930 caligine
3142 1875 3266 1912 eum
3301 1859 3436 1928 tegis
3459 1855 3599 1912 nihil

2024 1957 2290 2011 scientem
2341 1961 2706 2024 praeterquam
2752 1951 2899 2021 quod
2951 1951 3133 2006 Verbo
3186 1953 3236 2006 ei
3292 1950 3598 2005 secundum

2022 2049 2344 2118 dignitatem
2391 2046 2550 2100 unito
2599 2045 2906 2098 videbatur.
2963 2043 3254 2110 Quomodo
3291 2041 3598 2114 ignorantia

2021 2141 2302 2209 oppletum
2359 2134 2666 2192 introducis
2702 2149 2852 2198 eum,
2914 2141 2972 2188 et
3027 2147 3136 2186 non
3186 2132 3462 2202 peccato?
3518 2132 3599 2186 Ex

2021 2228 2328 2300 ignorantia
2371 2225 2521 2280 enim
2562 2235 2884 2294 peccatum,
2909 2223 3052 2278 sicut
3077 2239 3145 2278 ex
3169 2222 3318 2276 fonte
3371 2221 3594 2286 ﬂuvius,

2021 2329 2243 2376 manat:
2275 2324 2372 2373 aut
2414 2317 2650 2372 fortasse
2691 2315 2916 2370 docebis
2961 2314 3322 2385 ignorantiam
3347 2313 3396 2366 ei
3435 2327 3596 2382 opem

2022 2414 2234 2475 tulisse,
2262 2411 2393 2481 quia
2437 2417 2500 2463 ut
2528 2407 2855 2478 plurimum,
2897 2407 3114 2460 veniam
3141 2405 3268 2468 fert,
3325 2403 3469 2473 quod
3495 2417 3596 2472 per

2019 2504 2394 2576 ignorantiam
2416 2502 2476 2556 Iit
2509 2509 2708 2572 prmter
2736 2499 3026 2561 rationem,
3057 2499 3101 2552 si
3139 2513 3247 2551 non
3267 2496 3340 2551 sit
3371 2495 3594 2564 quidem

2018 2597 2176 2652 valde
2196 2610 2377 2666 grave.
2404 2593 2588 2662 Usque
2613 2592 2752 2646 adeo
2772 2603 2954 2646 autem
2986 2591 3264 2660 ignorasse
3286 2603 3412 2642 eum
3434 2586 3592 2653 dicis,

2019 2697 2100 2751 ut,
2133 2703 2258 2743 cum
2294 2695 2624 2749 tentaretur,
2677 2685 2922 2739 nesciret
2972 2685 3098 2754 quis
3131 2691 3280 2738 esset
3327 2681 3421 2752 qui
3465 2697 3594 2736 eum

2019 2780 2264 2836 tentahat
2292 2797 2306 2832 :
2343 2787 2398 2833 et
2421 2794 2451 2833 a
2487 2785 2714 2847 peccato
2739 2776 2881 2830 κατὰ
2907 2776 3167 2837 διάνοιαν,
3200 2774 3251 2827 id
3278 2782 3442 2856 est,.a
3475 2787 3596 2842 pec-

2017 2883 2143 2926 can
2203 2869 2556 2940 cogitationis
2611 2868 2872 2922 concedis
2927 2879 3029 2920 nec
3084 2865 3260 2934 ipsum
3327 2864 3593 2918 mundum

2016 2963 2208 3022 fuisse.
2237 2962 2441 3016 nedum
2475 2968 2714 3020 sanctos,
2747 2971 2927 3026 neque
2983 2957 3160 3026 ipsum
3190 2961 3473 3024 peccatum
3503 2967 3598 3007 co-

2016 3051 2300 3124 gitationis
2312 3059 2619 3135 .peceatum
2655 3062 2775 3115 esse
2802 3053 2980 3115 putas.

2077 3133 2332 3197 XXXIII:
2358 3141 2476 3195 Non
2502 3140 2696 3194 horres
2725 3138 2930 3194 docens
2953 3135 3296 3190 molestiores
3318 3133 3483 3188 fuisse
3515 3133 3594 3190 illl

2007 3233 2293 3304 passiones
2335 3230 2530 3284 animae
2577 3245 2740 3299 quam
2792 3228 3092 3296 corporis:
3144 3227 3225 3280 sic
3271 3226 3418 3278 enim
3469 3240 3594 3294 pcr-

2008 3325 2195 3394 spicue
2237 3322 2358 3388 ais;
2412 3329 2469 3376 et
2517 3320 2731 3375 ratione
2783 3317 3014 3374 fortiore
3074 3316 3386 3386 voluptates
3441 3315 3594 3370 subi-

2007 3415 2189 3487 gebat.

2078 3505 2317 3576 XXXIV.
2357 3503 2629 3560 Concedis
2677 3517 2970 3573 progressu
3007 3501 3278 3555 virtutum
3329 3501 3590 3572 paulatim

2007 3606 2299 3668 purgatura
2345 3607 2488 3659 esse,
2539 3603 2596 3650 et
2635 3595 2919 3664 aptiorem
2977 3592 3185 3647 factum
3227 3593 3474 3662 quotidie
3522 3593 3591 3646 ad
3659 3639 3669 3654 ,

2007 3687 2356 3758 suscipienda
2401 3685 2670 3742 divinitus
2713 3685 2878 3751 bona,
2927 3699 3048 3754 qua:
3073 3683 3126 3738 ei
3158 3691 3220 3737 ut
3245 3682 3456 3737 homini
3487 3682 3590 3739 ad-

2007 3780 2189 3834 futura
2217 3787 2398 3834 erant.

2077 3868 2292 3924 XXXV.
2326 3868 2577 3939 Baptizas
2617 3884 2766 3930 eum.
2793 3877 2854 3924 ut
2883 3883 2946 3922 ex
2980 3883 3048 3922 eo
3089 3876 3354 3938 tempore,
3383 3883 3447 3921 ne.
3479 3881 3590 3922 non

2008 3960 2184 4030 prius,
2217 3957 2494 4028 perfectus
2522 3942 2825 4030 secundum
2861 3955 3126 4010 virtutem
3148 3958 3304 4027 legis,
3338 3954 3592 4011 Christus

2006 4060 2304 4107 vocaretur
2341 4049 2657 4120 perieetus;
2703 4058 2758 4102 ct
2801 4047 2868 4102 ad
2899 4049 3266 4118 evangelicam
3297 4049 3463 4102 vitam
3493 4061 3588 4116 ag-

2007 4142 2352 4212 grederetur,
2402 4149 2456 4194 et
2490 4140 2631 4194 hanc
2683 4141 3005 4210 compleret.
3057 4141 3246 4195 Nonne
3281 4140 3420 4194 dicis
3451 4147 3588 4194 tem-

2007 4249 2111 4303 pus
2142 4235 2306 4288 etiam
2340 4231 2509 4285 fuisse
2542 4231 2620 4285 illi
2649 4231 2719 4284 oh
2755 4231 2896 4285 hanc
2917 4247 3134 4284 causam
3167 4242 3504 4285 contractum
3535 4232 3589 4286 in

2007 4325 2230 4380 brevius
2280 4322 2571 4395 (potuisset
2604 4323 2748 4376 cnim
2776 4323 3061 4392 defatigari
3085 4324 3258 4392 spatio
3290 4323 3587 4417 temporis).

328 4402 418 4455 διὰ
442 4402 600 4456 τοῦτο
630 4400 896 4471 σύντομον
922 4400 1040 4455 ὁδδν
1070 4400 1343 4472 σωτηρίας
1367 4399 1456 4454 τὸν
1487 4401 1722 4473 σταυρὸν
1745 4403 1907 4457 ἀνευ-

2023 4425 2066 4470 ιῐ
2098 4415 2302 4469 idcirco
2335 4414 2558 4468 hrevcm
2592 4413 2784 4470 salutis
2831 4414 2996 4479 viam,
3025 4414 3077 4467 id
3113 4423 3196 4468 est
3223 4399 3462 4480 crucem,
3495 4417 3588 4470 ad—

329 4495 553 4567 ρίσκων.

401 4589 541 4653 AG".
576 4587 668 4648 Εἰς
697 4585 756 4638 ὃν
789 4586 886 4638 καὶ
916 4585 1120 4640 ἄκοντα
1169 4585 1330 4639 αὐτὸν
1382 4587 1701 4658 ἀναφέρεις,
1763 4587 1903 4657 ὑπὲρ

330 4677 525 4731 ἑαυτοῦ
563 4676 682 4746 μὲν,
710 4677 808 4745 οὐχ
844 4677 1044 4746 ἥκιστα
1072 4676 1128 4729 δὲ
1177 4676 1271 4729 καὶ
1325 4677 1463 4748 ὑπὲρ
1517 4677 1641 4729 ὅλου
1693 4675 1900 4744 κόσμου

327 4767 723 4838 τεθνηξόμενον
758 4772 773 4786 ⁹
811 4767 888 4828 ώς
932 4769 1030 4821 οὐκ
1081 4767 1254 4830 ἄλλως
1294 4767 1443 4837 αὐτῷ
1506 4769 1902 4840 περιεσομένης

327 4862 426 4930 τῆς
463 4860 600 4913 κατά
625 4859 724 4927 τὴν
754 4857 1041 4929 ἀνάληψιν,
1071 4861 1164 4913 καὶ
1197 4862 1295 4930 τῆς
1323 4861 1386 4912 ὲκ
1415 4857 1604 4923 δεξιῶν
1633 4860 1901 4930 καθέδρας

327 4951 508 5024 δόξης.
547 4953 619 5022 μὴ
666 4950 754 5003 διὰ
795 4951 1098 5021 μαρτυρίου
1129 4951 1489 5005 τελειωθέντι.
1529 4952 1642 5005 Οὐκ
1674 4948 1788 5006 οἶδα
1817 4953 1900 5011 τίς

327 5043 493 5096 πόθεν
517 5041 676 5096 πέλεν
704 5041 934 5111 ἀνδρῶν,
957 5041 1015 5104 δς
1036 5041 1322 5110 τηλικοῦτο
1351 5042 1506 5112 παρὰ
1539 5042 1629 5096 σοῦ
1662 5042 1900 5113 ἐγχειρί-

331 5133 482 5196 ζεται
534 5134 789 5203 πρᾶγμα,
839 5133 935 5184 καὶ
980 5132 1293 5201 οἰκονομίαν
1331 5134 1574 5203 μεγάλην
1607 5135 1703 5188 καὶ
1731 5132 1902 5196 οὕτως

329 5223 628 5294 ἐξαίρετον,
677 5223 774 5276 καὶ
813 5223 888 5294 μὴ
926 5223 1125 5292 ὃτιτὴν
1164 5224 1476 5296 ἀνθρώπου,
1512 5226 1648 5279 ἀλλά
1677 5233 1768 5280 καὶ
1797 5227 1904 5278 πᾶ-

329 5332 427 5368 σαν
449 5313 684 5383 γενητὴν
707 5313 1112 5384 ὑπεραίρουσαν
1141 5314 1318 5383 φύσιν.

397 5407 521 5461 AZ'.
555 5405 774 5460 Δέδοικε
795 5406 852 5459 δὲ
891 5406 979 5460 τὸν
1005 5406 1254 5467 θάνατον.
1295 5407 1393 5478 οὐχ
1427 5407 1502 5470 ὡς
1533 5409 1680 5479 ἡμᾶς
1712 5408 1902 5462 τυπῶν

328 5501 386 5552 ιν
413 5497 614 5569 ἑαυτῷ,
669 5499 762 5552 καὶ
819 5499 962 5554 λύων
1015 5499 1171 5572 ήμῶν
1221 5501 1279 5552 ἐν
1342 5500 1521 5570 ἑαυτῷ
1543 5501 1641 5572 τὴν
1676 5501 1898 5568 δειλίαν,

329 5589 440 5640 ἀλλ’
467 5589 538 5649 rh;
575 5589 738 5652 αὖτδς
768 5590 957 5644 τοῦτον
992 5591 1380 5662 προτροπάδην
1413 5591 1628 5661 φεύγων
1659 5607 1674 5622 ·
1725 5593 1784 5646 ὃν
1837 5591 1898 5646 οὖ

333 5676 454 5734 ποτ’
495 5678 558 5736 ἂν
592 5679 842 5736 ὑπελθεῖν
876 5681 1135 5746 ἑκουσίως
1170 5682 1514 5754 κατεδέξατο,
1557 5685 1605 5736 εί
1671 5685 1743 5755 μὴ
1799 5685 1899 5754 τῆς

2005 4505 2283 4559 invenisse
2303 4505 2326 4558 ?

2075 4593 2312 4649 XXXVI.
2345 4594 2404 4648 In
2433 4609 2650 4648 crucem
2681 4593 2911 4649 invitum
2936 4609 3060 4649 eum
3093 4593 3228 4665 agis,
3253 4612 3352 4666 pro
3375 4613 3432 4650 se
3461 4597 3586 4667 qui-

2004 4685 2128 4738 dem
2181 4701 2290 4738 non
2323 4685 2506 4738 minus
2528 4701 2690 4754 quam
2719 4701 2816 4754 pro
2843 4694 2953 4739 toto
2980 4687 3189 4740 mundo
3221 4689 3585 4751 moriturum;

2005 4781 2263 4842 tanquam
2293 4788 2402 4826 non
2442 4780 2629 4842 posset
2661 4773 2822 4828 aliter
2844 4774 3070 4844 gloriam
3095 4791 3356 4832 ascensus
3385 4779 3438 4832 in
3477 4794 3587 4833 ('0:-

1999 4867 2133 4928 lum,
2162 4874 2219 4920 et
2247 4881 2540 4919 consessus
2572 4865 2636 4918 ad
2671 4865 2950 4920 dexteram
2971 4867 3066 4920 Dei
3097 4869 3334 4938 assequi,
3357 4871 3461 4925 nisi
3489 4887 3586 4941 per

2004 4956 2328 5029 martyrium
2367 4965 2800 5011 consununatus.
2848 4957 3044 5012 Nescio
3075 4959 3202 5027 quis
3245 4961 3330 5014 \ir
3377 4972 3480 5025 est,
3529 4974 3586 5020 ct

2001 5047 2178 5110 unde,
2228 5046 2322 5116 qui
2369 5055 2480 5102 tam
2527 5045 2718 5116 ingens
2763 5063 2794 5100 a
2834 5054 2884 5100 te
2930 5049 3208 5119 negotium
3247 5051 3491 5120 suscipit.
3529 5063 3584 5110 et

2001 5135 2371 5193 meonomiam
2411 5137 2484 5191 ita
2519 5151 2766 5206 magnam
2799 5145 2855 5190 et
2893 5138 3172 5205 eximiam,
3210 5149 3398 5196 utnon
3426 5155 3584 5196 natu...

2001 5247 2114 5285 ram
2144 5231 2412 5296 hominis,
2447 5229 2540 5285 sed
2575 5245 2797 5284 omnem
2827 5239 3082 5286 naturam
3131 5241 3367 5288 creatam
3425 5234 3580 5302 longe

1999 5329 2241 5391 superet.

2073 5413 2338 5470 XXXVII.
2375 5413 2582 5469 Timuit
2631 5424 2884 5482 mortem,
2939 5433 3048 5471 non
3105 5427 3359 5488 tanquam
3391 5414 3578 5483 expri-

2000 5517 2160 5556 mens
2187 5517 2290 5556 nos
2325 5502 2381 5555 in
2415 5503 2618 5572 seipso,
2665 5513 2722 5557 et
2753 5505 2974 5559 solvens
3025 5505 3278 5560 timorem
3324 5511 3574 5557 nostrum

2001 5593 2055 5646 in
2080 5606 2156 5656 se,
2191 5591 2288 5646 sed
2319 5601 2572 5662 tanquam
2605 5593 2746 5648 hanc
2772 5593 2930 5648 enixe
2962 5595 3207 5664 rugiens;
3242 5607 3402 5661 quam
3430 5607 3569 5646 ιιιιιι·

2003 5701 2163 5755 quam
2197 5691 2389 5754 sponte
2421 5685 2691 5742 sustinere
2723 5685 3006 5752 voluisset,
3049 5685 3152 5738 nisi
3181 5694 3326 5739 tuam
3357 5682 3566 5754 largam
